4054 6456
519 440 618 494 167

1219 437 1491 494 EUSEBll
1530 436 2006 516 CESARlENSlS
2046 436 2196 492 OPP.
2239 437 2440 493 PARS.
2482 436 2521 490 Ι.
2562 466 2629 479 -
2673 437 3067 497 HISTORICA.

3661 436 3765 492 108

515 559 786 615 consentit
812 558 973 614 etiam
1002 559 1348 629 supradictus
1379 562 1617 615 historiae
1649 561 1907 625 scriptor,
1955 576 2080 612 uar-

2187 558 2316 614 λάου
2349 559 2681 615 καταστάσει
2706 562 2921 633 συνᾴδει
2956 560 3051 616 καὶ
3083 563 3111 615 ό
3141 561 3533 633 προειρημένος
3560 560 3767 631 ἱστορι-

517 667 646 706 rans
665 667 771 720 qua
796 651 1027 715 ratione,
1060 659 1172 723 tum,
1201 665 1266 704 ex
1291 651 1519 705 Herodis
1542 652 1713 721 patris
1744 660 2087 716 testamento,

517 753 630 798 tum
655 743 867 812 judicio
889 742 1122 798 Caesaris
1156 743 1380 811 Augusti
1411 743 1611 799 Iudaeae
1647 759 1869 812 regnum
1904 759 2091 798 susce-

515 837 658 905 perit
684 857 698 892 :
728 845 910 906 utque,
946 851 1064 890 cum
1100 835 1216 905 ipse
1239 847 1359 905 post
1385 853 1558 891 annos
1589 838 1771 890 decem
1802 851 1968 904 regno
1998 851 2094 890 ex—

517 926 758 989 vidisset,
785 925 983 979 fratres
1011 924 1129 994 ejus
1161 925 1439 995 Philippus
1471 937 1527 979 et
1560 925 2006 992 llerodesjunior
2031 940 2091 979 ac

517 1018 784 1091 Lysanias
811 1021 1139 1074 tetrarchias
1169 1035 1292 1074 suas
1335 1019 1596 1072 rcxerint.
1643 1019 1787 1072 Idem
1819 1017 1871 1070 in
1904 1025 2095 1071 octavo

517 1111 731 1165 decimo
762 1109 1151 1180 Antiquitatum
1184 1111 1344 1172 libro,
1371 1127 1512 1165 anno
1536 1109 1858 1164 duodecimo
1889 1108 2094 1178 princi-

515 1211 679 1272 patus
711 1199 910 1257 Tiberii
944 1200 1056 1273 (hic
1079 1201 1222 1255 enim
1270 1202 1418 1256 orbis
1471 1201 1756 1270 imperium
1785 1209 2094 1268 acceperat,

518 1309 641 1346 cum
674 1293 949 1363 Augustus
978 1304 1181 1363 septem
1214 1303 1266 1347 et
1295 1294 1692 1363 quinquaginta
1731 1291 1890 1346 annis
1925 1293 2096 1360 impe-

520 1385 739 1455 rasset),
767 1384 1013 1438 Pontium
1045 1385 1275 1439 Pilatum
1298 1384 1733 1454 procurationem
1769 1382 1968 1436 Judazze
2000 1397 2094 1435 ac-

518 1476 728 1544 cepisse
775 1489 966 1530 auctor
1011 1487 1113 1542 cst,
1156 1477 1337 1546 ibique
1371 1478 1555 1532 decem
1607 1478 1765 1530 annis
1808 1491 1977 1543 usque
2028 1475 2094 1526 ad

519 1567 723 1622 Tiberii
760 1567 872 1623 fere
901 1569 1110 1624 exitum
1154 1571 1545 1640 permansisse.
1578 1569 1652 1623 Ex
1685 1568 1884 1640 quibus
1918 1568 2092 1620 mani-

499 1659 654 1714 feste
690 1663 1034 1716 convincitur
1065 1671 1430 1716 commentum
1473 1676 1659 1716 eorum
1691 1662 1783 1731 qui
1825 1663 1956 1714 Acta
1993 1660 2093 1712 ad-

507 1765 711 1805 uersus
751 1751 1097 1808 Servatorem
1136 1765 1382 1808 nostrum
1437 1754 1749 1822 nuperrime
1783 1753 2092 1807 ediderunt.

501 1841 582 1896 ‘lu-
606 1845 801 1913 quibus
831 1845 1064 1915 primum
1090 1847 1202 1918 ipsa
1240 1847 1502 1915 temporis
1538 1846 1678 1900 ratio
1709 1846 1853 1898 Actis
1889 1860 2096 1914 praenoo

2194 649 2308 713 κὸς,
2355 649 2447 703 τὸν
2472 651 2672 722 τρόπον
2697 669 2754 704 τε
2793 651 3122 720 ἀναγράφων
3165 650 3287 705 καθ’
3322 651 3379 704 ὃν
3407 653 3469 703 ὲκ
3499 649 3774 720 διαθηκῶν

2207 738 2441 811 Ἡρώδου
2465 740 2556 793 τοῦ
2577 741 2800 812 πατρὸς,
2828 739 3153 812 ὲπικρίσεώς
3180 758 3238 794 τε
3271 741 3546 812 Καίσαρος
3569 740 3782 808 Αὐγούο

2198 849 2343 895 στου,
2399 834 2494 904 τὴν
2540 832 2681 886 κατὰ
2728 834 2996 886 Ἰουδαίων
3049 833 3328 903 βασιλείαν
3364 832 3654 898 διεδέξατο,
3685 832 3783 886 καὶ

2195 923 2270 985 ὡς
2299 923 2396 993 τῆς
2438 925 2611 994 ἀρχῆς
2651 925 2787 994 μετὰ
2814 924 3040 994 δεκαέτη
3082 925 3268 996 χρόνον
3291 925 3681 988 ἁποπεσόντος,
3727 925 3781 978 οἱ

2194 1014 2412 1083 ἀδελφοὶ
2445 1015 2708 1078 Φίλιππός
2736 1033 2793 1067 τε
2831 1017 2924 1068 καὶ
2948 1017 2975 1068 ό
3006 1017 3122 1080 νέος
3161 1015 3404 1087 Ἡρώδης
3440 1017 3555 1088 ἅμα
3596 1018 3780 1070 Λυσα-

2195 1104 2283 1173 νίᾳ.
2313 1105 2446 1175 (27),
2479 1106 2576 1169 τὰς
2621 1107 2830 1160 ἑαυτῶν
2872 1107 3078 1159 διεῖπον
3109 1107 3437 1179 τετραρχίας
3468 1109 3602 1177 (‘28).
3641 1110 3698 1162 '0
3728 1109 3780 1162 δ’

2195 1197 2356 1259 αὐτὸς
2380 1201 2435 1249 ἐν
2467 1198 2911 1268 ὀκτωκαιδεκάτῳ
2932 1199 3029 1268 τῆς
3061 1200 3523 1270 Ἀρχαιολογίας,
3547 1199 3688 1253 κατὰ
3721 1202 3786 1252 τὸ

2195 1287 2492 1341 δωδέκατον
2517 1289 2636 1354 ἔτος
2661 1290 2757 1360 τῆς
2801 1289 3050 1361 Τιϐερίου
3101 1291 3374 1361 βασιλείας
3421 1292 3625 1364 (τοῦτον
3669 1293 3786 1364 γὰρ

2194 1383 2294 1454 τὴν
2319 1382 2443 1434 καθ’
2486 1382 2621 1436 ὅλων
2652 1383 2823 1454 ἀρχὴν
2854 1384 3225 1448 διαδέξασθαι,
3274 1385 3411 1438 ἑπτὰ
3455 1366 3546 1438 ἐ.πῖ
3580 1388 3783 1456 πεντή-

2194 1493 2359 1533 κοντα
2403 1476 2544 1527 ἔτεσι
2588 1475 2685 1546 τὴν
2719 1477 3013 1546 ἡγεμονίαν
3065 1478 3532 1548 ἐπικρατήσαντος
3568 1477 3785 1546 Αὐγού-

2198 1569 2368 1636 στου),
2407 1568 2628 1620 Πόντιον
2676 1569 2905 1621 Πιλὰτον
2957 1568 3325 1640 ἐπιτραπῆναι
3381 1570 3476 1640 τὴν
3521 1571 3783 1626 Ἰουδαίαν

2193 1661 2362 1730 δηλοῖ,
2398 1661 2629 1714 ἐνταῦθα
2681 1680 2741 1714 τε
2801 1663 2884 1730 ἐφ’
2911 1662 3050 1723 ὅλοις
3083 1661 3225 1714 ἔτεσι
3254 1661 3385 1713 δέκα
3407 1702 3422 1725 ,
3457 1662 3638 1731 σχεδὸν
3697 1663 3782 1725 εἰς

2195 1753 2367 1824 αὐτὴν
2420 1759 2753 1825 παραμεῖναι
2807 1753 2904 1824 τὴν
2948 1752 3200 1824 Τιϐερίου
3241 1754 3516 1825 τελευτήν.
3569 1752 3781 1806 Οὐκοῦν

2198 1847 2383 1915 σαφῶς
2407 1845 2808 1917 ἀπελήλεγκται
2835 1843 2895 1898 τὺ
2926 1846 3149 1916 πλάσμα
3175 1845 3282 1898 τῶν
3310 1845 3448 1898 κατὰ
3468 1845 3561 1898 τοῦ
3593 1845 3780 1915 Σωτῆ-

518 1945 654 1998 tata,
688 1948 938 1993 auctores
969 1939 1229 2005 mendacii
1259 1939 1523 2008 coarguit.
1557 1937 1771 2007 Quippe
1801 1938 2080 1992 consulatr

2200 1955 2288 2006 ρος
2323 1938 2479 2008 ἡμῶν
2526 1939 2894 2009 ὑπομνήματα
2923 1937 3034 2008 (“39)
3075 1937 3200 2008 χθὲς
3238 1939 3330 1992 καὶ
3373 1937 3562 2009 πρώην
3598 1938 3778 1991 διαδε-

516 2029 720 2084 Tiberii
749 2032 974 2097 Augusti
1003 2045 1220 2102 quarto,
1246 2032 1337 2100 qui
1365 2031 1551 2086 incidit
1578 2031 1628 2084 in
1653 2030 1942 2100 septinmm
1973 2029 2091 2098 ejus

518 2121 727 2190 imperii
757 2139 980 2189 annum,
1013 2139 1074 2179 ea
1113 2140 1232 2192 qua:
1277 2124 1364 2177 isti
1395 2125 1445 2177 in
1480 2121 1703 2176 salutari
1747 2122 1956 2176 Domini
1991 2137 2091 2174 no-

519 2216 620 2269 stri
651 2217 901 2284 passione
945 2218 1060 2270 ausi
1105 2227 1230 2271 sunt
1265 2217 1577 2284 confingere
1629 2227 1778 2283 gesta
1813 2216 2089 2270 dicuntur.

517 2306 634 2374 Quo
665 2308 881 2376 quidem
914 2318 1152 2377 tempore
1188 2309 1424 2361 nondum
1456 2309 1506 2360 in
1535 2306 1774 2360 indm-am
1803 2305 2093 2358 advenisse

516 2399 749 2454 Pilatum
811 2400 946 2452 satis
1000 2408 1237 2460 constat.
1279 2400 1322 2451 si
1357 2398 1671 2452 testimonio
1710 2395 1926 2464 .losephi
1961 2394 2094 2448 ﬁdes

516 2490 816 2546 adhibenda
849 2500 956 2546 est.
983 2491 1083 2557 Qui
1126 2491 1177 2545 in
1216 2489 1475 2558 librojam
1504 2503 1668 2557 supra
1715 2488 1927 2541 laudato
1955 2485 2093 2557 (26')

515 2584 973 2646 diserte-iudicat,
1009 2599 1152 2637 anno
1178 2585 1514 2653 principatus
1539 2579 1747 2634 Tiberii
1771 2579 2091 2633 duodecimo

515 2675 748 2730 Pilatum
787 2675 996 2746 Judtea:
1063 2684 1469 2746 procuratorem
1523 2689 1553 2727 ιι
1621 2672 1839 2728 Tiberio
1889 2671 2089 2726 factum

513 2766 706 2822 fuisse.

2197 2028 2472 2081 δωκότων·
2519 2030 2577 2082 ἐν
2625 2025 2704 2092 οἷς
2746 2028 2960 2100 πρῶτος
2991 2030 3153 2086 αὐτὸς
3184 2031 3211 2081 ό
3251 2029 3352 2100 τῆς
3378 2028 3778 2100 παρασημειώ-

2201 2140 2336 2186 σεως
2388 2123 2575 2194 χρόνος
2629 2122 2740 2193 (50)
2807 2121 2912 2175 τῶν
2965 2123 3316 2176 πεπλακότων
3366 2121 3653 2190 ἁπελέγχει
3714 2119 3778 2174 τὺ

2197 2215 2410 2285 ψεῦδος.
2459 2215 2582 2268 Ἐπὶ
2640 2215 2739 2286 τῆς
2775 2215 3042 2286 τετάρτης
3111 2215 3240 2284 γοῦν
3302 2215 3566 2278 ὑπατείας
3609 2213 3778 2267 Τιϐε-

2201 2306 2340 2378 ρίου,
2377 2308 2410 2377 ἣ
2454 2307 2674 2376 γέγονεν
2708 2306 2858 2371 ἔτους
2888 2307 3113 2376 ἑϐδόμου
3151 2309 3245 2378 τῆς
3271 2306 3543 2376 βασιλείας
3579 2303 3772 2368 αὐτοῦ,

2199 2399 2266 2452 τὰ
2301 2399 2426 2471 περὶ
2469 2400 2527 2453 τὸ
2557 2402 2820 2470 σωτήριον
2854 2401 3036 2464 αὐτοῖς
3080 2399 3247 2461 πάθος
3296 2399 3626 2469 τολμηθέντα
3661 2398 3772 2467 (51)

2202 2492 2464 2562 περιέχει.
2521 2492 2660 2544 Καθ’
2689 2492 2748 2545 ὃν
2799 2493 3070 2546 δείκνυται
3115 2492 3325 2562 χρόνον,
3377 2491 3497 2562 μήδ’
3543 2491 3774 2552 ἐπιστάς

2194 2601 2281 2636 πω
2305 2586 2369 2654 τῇ
2413 2583 2641 2654 Ἰουδαίᾳ
2687 2584 2936 2648 Πιλᾶτος,
2981 2584 3094 2653 εἴγε
3126 2584 3202 2655 τῷ
3237 2584 3483 2654 Ἰωσήπῳ
3535 2583 3773 2654 μάρτυρι

2193 2675 2500 2747 χρήσασθαι
2527 2675 2664 2739 δέον,
2697 2675 2882 2744 σαφῶς
2926 2675 3068 2730 οὕτω
3119 2677 3433 2748 σημαίνοντι
3481 2674 3621 2727 κατὰ
3669 2674 3770 2744 τὴν

2194 2767 2524 2837 δηλωθεῖσαν
2554 2767 2725 2820 αὐτοῦ
2758 2768 2997 2841 γραφὴν,
3027 2770 3109 2823 ὅτι
3135 2770 3199 2841 δὴ
3224 2769 3510 2840 δωδεκάτῳ
3536 2769 3770 2840 ἐνιαυτῷ

518 2862 617 2932 τῆς
647 2860 894 2931 Τιϐερίου
921 2861 1232 2931 βασιλείας,
1273 2862 1568 2934 ἐπίτροπος
1600 2859 1697 2932 τῆς
1731 2857 1989 2923 Ἰουδαίας
2013 2859 2118 2913 ὑπὸ
2150 2861 2400 2934 Τιϐερίου
2427 2861 2747 2915 καθίσταται
2772 2863 3021 2927 Πιλάτος.

1133 2954 1361 3011 CAPUT
1402 2954 1471 3008 Χ.

590 3049 665 3104 De
698 3047 1033 3115 pontiﬁcibus
1057 3048 1379 3100 Judtrorum
1427 3047 1522 3100 sub
1553 3045 1739 3116 quibus
1777 3043 2017 3099 Christus
2101 3077 2105 3080 -

954 3116 1296 3188 Erangelium
1321 3117 1648 3186 prwdicavit.

587 3275 787 3331 llornm
820 3276 1149 3345 temporibus
1177 3292 1295 3329 cum
1324 3274 1572 3330 Tiberius
1593 3273 1806 3347 quidem
1837 3275 2075 3345 quintum

583 3458 720 3529 (26°)
756 3459 873 3512 Lib.
904 3475 1054 3524 mn,
1084 3460 1138 3513 5.

585 3552 697 3621 (Ἦ)
729 3553 873 3620 ’Ἅμα
900 3553 1192 3619 Λυσανίᾳ.
1234 3551 1286 3604 Id
1311 3551 1386 3606 de
1413 3566 1512 3606 suo
1546 3552 1743 3620 adjecit
1798 3552 2085 3613 Eusebius,

515 3637 675 3689 quem
705 3626 899 3674 merito
930 3622 1551 3690 reprehendit‘Scaliger
1578 3623 1628 3675 iu
1657 3623 2085 3679 animadversio-

517 3695 676 3744 uilius
699 3694 762 3742 ad
794 3693 1089 3746 (.‘Itronicon
1114 3692 1493 3762 liuseliiamun.
1525 3692 1708 3762 Neque
1755 3695 1898 3745 enim
1934 3691 2088 3747 Jose-

515 3763 656 3830 phus
684 3763 927 3831 Lysanize
955 3763 1199 3816 meminit
1226 3763 1280 3816 in
1304 3761 1462 3827 hujus
1489 3765 1566 3816 rei
1586 3761 1926 3827 narratione;
1962 3779 2088 3817 eon-

515 3843 733 3900 statque
781 3832 1008 3886 llerodis
1049 3848 1270 3898 regnum
1325 3833 1378 3884 in
1439 3844 1547 3887 trcs
1594 3835 1853 3886 duntaxat
1907 3842 2086 3901 partes

516 3913 638 3969 post
670 3904 785 3969 ejus
817 3915 1046 3956 mortem
1092 3905 1320 3957 divisum
1354 3902 1544 3956 fuisse.
1581 3903 1804 3958 Tacitus
1837 3905 1888 3956 in
1930 3905 2024 3956 lih.
2056 3921 2084 3955 v

520 3973 904 4033 Historiarum.
938 3974 1004 4026 de
1030 3973 1227 4028 Judwis
1251 3975 1477 4039 loquens
1514 3972 1773 4026 rGeutem
1804 3976 2082 4027 coercitam

515 4043 665 4095 liberi
700 4043 930 4096 Herodis
961 4045 1219 4110 tripertito
1244 4059 1446 4097 rexere.
1491 4043 1634 4097 idem
1668 4053 1898 4097 testatur
1931 4044 2086 4098 Philo

517 4116 567 4164 in
599 4116 845 4168 Oratione
884 4115 1131 4168 adversus
1187 4113 1463 4176 Flaccum,
1522 4130 1620 4180 pag
1657 4115 1779 4178 968,
1810 4114 1897 4167 ubi
1955 4116 2086 4168 dicit

512 4183 700 4236 Caium
729 4183 944 4236 dedisse
975 4186 1241 4252 Agrippas,
1279 4183 1453 4246 Magni
1484 4185 1709 4237 llerodis
1735 4186 1934 4252 nepoti,
1973 4194 2086 4236 ter-

517 4257 646 4304 tiam
684 4262 890 4320 partem
926 4255 1082 4306 avitae
1109 4254 1536 4318 ditionis,quam
1573 4253 1848 4322 Philippus
1889 4259 2085 4306 tetrar-

511 4323 610 4395 cha
629 4323 980 4395 obtinuerat}
1009 4324 1165 4395 Γόιῐος
1191 4325 1403 4395 Καίσαρ
1420 4323 1713 4395 Ἀγρίππᾳ,
1738 4323 1816 4393 τῷ
1844 4324 2081 4395 Ἡρώδου

513 4391 774 4466 βασιλέως
798 4392 997 4463 υἱωνῷ,
1023 4393 1203 4466 δίδωσι
1233 4391 1960 4466 ἱξμιιισιλείοινζτῆςπαππῴας
1985 4395 2081 4466 λή-

511 4463 644 4546 ξεως
678 4465 864 4546 τρίτην
892 4468 1103 4535 μοῖραν.
1140 4465 1206 4534 ἣν
1229 4465 1490 4542 Φίλιππος
1531 4465 1559 4515 ό
1602 4463 2082 4534 τετράρχτ,ς,θεῖος

508 4532 584 4586 ὢν
605 4532 753 4605 αὐτῷ
778 4532 912 4606 πρὸς
936 4532 1170 4604 πατρὸς,
1189 4533 1509 4604 ἐκαρποῦτο.

579 4623 692 4698 (28)
724 4625 833 4692 Τὰς
850 4625 1077 4698 ἑαυτῶν
1093 4625 1322 4698 διεῖπον
1339 4625 1699 4694 τετραρχίας.
1725 4623 2079 4698 Scribendum

510 4706 594 4751 est
612 4696 798 4763 procul
823 4696 1220 4757 ιςιιΙιὶοδιεῖπον,
1242 4707 1294 4749 ιιι
1313 4697 1510 4765 legitur
1528 4698 1577 4748 in
1599 4697 1851 4749 omnibus
1880 4701 2082 4752 nostris

507 4768 808 4831 codicibus,
829 4767 1072 4836 adeoque
1089 4769 1139 4822 in
1158 4766 1326 4834 Regio
1352 4767 1666 4836 exemplari.
1694 4767 1878 4834 Itaque
1894 4771 2077 4822 nescio

505 4837 646 4890 unde
689 4836 826 4890 Rob.
857 4837 1165 4905 St~~phanus
1207 4837 1477 4903 vulgatam
1506 4837 1812 4898 lectionem,
1847 4837 2069 4902 διεῖλον,

516 4908 776 4959 hauserit.
813 4907 1032 4959 Accedit
1081 4909 1242 4961 etiam
1287 4907 1506 4976 Juscphi
1544 4907 1862 4969 auctoritas,
1891 4909 1983 4976 qui
2021 4911 2072 4962 in

505 4977 599 5030 lib.
656 4992 692 5030 ιι
741 4977 812 5029 De
840 4978 1066 5040 excidia,
1105 4993 1224 5046 cap.
1254 4978 1308 5043 8,
1343 4977 1783 5030 emendationem
1830 4989 2071 5031 nostram

501 5047 811 5100 «'Oltﬁt‘nxal.
864 5047 974 5100 lloc
1015 5063 1135 5099 cum
1170 5064 1276 5100 non
1309 5048 1531 5100 vidisset
1578 5047 1840 5115 Scaliger,
1876 5049 2072 5102 frustra

504 5117 791 5171 Eusebium
847 5129 1090 5171 nostrum
1152 5117 1504 5185 reprehendit
1540 5119 1590 5169 in
1641 5119 2073 5172 animadversio-

501 5187 660 5241 uibus
684 5189 748 5240 ad
787 5185 1480 5250 ChroniconEusebiauum,
1513 5201 1565 5254 p.
1600 5186 1718 5241 164.
1746 5185 1844 5252 Qui
1880 5189 1922 5240 si
1957 5203 2072 5241 ma-

502 5259 809 5326 nuscriptos
845 5257 1061 5313 Eusebii
1114 5259 1332 5313 codices
1379 5258 1768 5322 consuluisset,
1818 5267 1874 5308 ut
1919 5269 2069 5312 certe

503 5328 682 5381 facere
716 5329 992 5384 debuerat.
1021 5328 1491 5382 :mimadvertisset
1514 5327 1758 5396 profecto
1783 5327 2067 5382 Eusebium

500 5408 745 5452 nostrum
779 5399 866 5452 hic
895 5401 1110 5465 quidem
1145 5399 1292 5452 omni
1334 5398 1488 5467 culpa
1527 5412 1752 5450 vacuum
1784 5412 1924 5453 esse.

571 5487 683 5555 (29)
718 5489 792 5542 Τὰ
842 5489 1256 5559 ὑπομνήματα.
1312 5489 1733 5559 Conllctasunt
1779 5486 1892 5539 haec
1933 5489 2064 5542 Acta

499 5557 668 5612 Pilati
705 5576 732 5610 a
757 5557 1090 5630 Christianas
1118 5561 1394 5630 religionis
1431 5558 1685 5630 inimicis.
1723 5557 1775 5630 in
1807 5572 2062 5630 persecu-

499 5631 646 5683 tione
676 5630 762 5684 illa
798 5629 1094 5695 Maximini,
1126 5643 1187 5686 ut
1219 5627 1449 5685 lestatur
1475 5627 1737 5681 Eusebius
1769 5629 1818 5677 in
1865 5628 1956 5681 lih.
1978 5645 2054 5693 Ix,

495 5700 695 5769 cap.
722 5702 1035 5769 Quanquam
1067 5717 1129 5756 ex
1147 5705 1294 5756 Actis
1325 5698 1721 5770 prtesidialihus
1743 5709 2051 5770 sanctorum

467 5767 793 5840 pinartyrnm
826 5767 1077 5836 Taraehi,
1117 5772 1274 5825 Probl
1314 5767 1369 5824 et
1410 5770 1705 5840 Andronici
1737 5767 1913 5836 colligi
1950 5785 2049 5836 po-

499 5839 776 5903 ψωμίσω
819 5844 910 5895 illa
957 5843 1067 5908 jam
1113 5853 1268 5898 antea
1308 5843 1428 5895 licta
1458 5854 1519 5892 ac
1552 5839 1821 5905 divulgata
1857 5840 2043 5893 fuisse.

416 5923 431 5932 "
494 5913 586 5966 Sic
613 5914 754 5968 cuitu
789 5912 984 5980 legitur
1015 5915 1064 5965 in
1095 5916 1232 5967 Actis
1265 5913 1473 5967 illorum
1503 5912 2042 5979 martyrum.cap.9:

494 5981 700 6035 I’ra'scs
743 5979 879 6036 dixit
902 6002 922 6040 :
950 5979 1158 6050 Inique,
1187 6000 1288 6038 non
1316 5984 1438 6046 scis,
1475 5995 1624 6049 quem
1650 5993 1859 6031 inuocas
1886 5981 2043 6031 Clui-

2726 2954 3120 3008 ΚΕΦΑΛΛΙΟΝ
3155 2957 3211 3010 I'.

2197 3046 2335 3116 Περὶ
2373 3045 2490 3098 τῶν
2538 3045 2696 3113 παρὰ
2756 3047 3064 3112 Ἰουδαίοις
3104 3043 3440 3116 ἀρχιερέων,
3478 3047 3604 3101 καθ’
3657 3047 3768 3113 οὓς

2267 3116 2714 3257 ῗἿΧριῖἔὸέθτξρ-ιη
2738 3116 3138 3171 διδασκαλίαν
3151 3117 3495 3185 ἐποιήσατο.
3517 3117 3654 3188 (Nic.
3689 3118 3761 3174 11.

2287 3225 2335 3240 λ.
2365 3204 2401 3250 ι,
2501 3231 2513 3246 ,
2612 3225 2624 3237 .

2277 3280 2402 3334 Ἐπὶ
2449 3279 2653 3332 τούτων
2683 3281 2744 3352 δὴ
2793 3277 2883 3336 οὖν
2911 3281 3050 3334 κατὰ
3085 3281 3176 3334 τὸν
3201 3280 3603 3353 Εὑαγγελιστὴν
3644 3281 3766 3346 ἔτος

2116 3464 2158 3522 C
2191 3469 2349 3530 slum,
2376 3460 2633 3530 hominem
2673 3462 2877 3530 quidem
2917 3461 3098 3528 fuisse,
3139 3461 3333 3529 factum
3363 3465 3457 3515 sub
3505 3464 3749 3516 custodia

2192 3529 2372 3583 Pontii
2410 3529 2578 3583 Pilati
2617 3542 2663 3584 et
2684 3529 2963 3598 punitum;
2989 3532 3137 3600 cujus
3165 3545 3366 3586 exstant
3401 3535 3530 3586 Acta
3555 3537 3765 3597 passio-

2191 3601 2293 3653 nis.
2348 3600 2554 3672 Inducti
2614 3612 2741 3672 sunt
2793 3612 2970 3656 autem
3025 3603 3078 3655 in
3152 3602 3407 3670 indicium
3459 3602 3760 3672 supradicti

2191 3680 2466 3739 martyres
2505 3670 2834 3724 Diocletiano
2863 3687 2914 3725 tv
2953 3682 3006 3726 et
3047 3672 3370 3726 Maximiano
3398 3690 3454 3728 ιιι
3489 3670 3655 3734 cess.
3696 3687 3758 3728 ut

2191 3741 2353 3811 docet
2394 3740 2581 3794 titulus
2610 3740 2883 3794 Actorum.
2917 3743 2993 3796 Ex
3041 3759 3150 3811 quo
3179 3744 3443 3807 sequitur,
3490 3746 3619 3797 Acta
3663 3744 3759 3797 Pi-

2189 3811 2285 3862 luti
2338 3810 2450 3879 jam
2488 3821 2622 3864 ante
2672 3810 3099 3875 persecutionem
3129 3813 3402 3868 Maximini
3428 3818 3753 3869 concinnata

2191 3877 2375 3934 fuisse.
2408 3877 2609 3934 Verum
2646 3881 2989 3945 Maximianus,
3019 3899 3142 3936 cum
3179 3887 3365 3950 paucis
3397 3886 3578 3938 adhuc
3619 3896 3752 3938 nota

2188 3959 2389 4024 essent,
2421 3967 2480 4002 ea
2532 3951 3066 4024 latinspuhlicmit.
3111 3963 3164 4008 et
3209 3955 3258 4006 in
3302 3955 3504 4008 scholis
3548 3955 3648 4024 legi
3698 3965 3758 4009 et

2189 4021 2389 4092 ubique
2418 4022 2624 4092 cantari
2668 4022 2733 4074 ad
2776 4022 3207 4076 Christianorum
3243 4021 3616 4092 opprobrium
3637 4025 3755 4090 jus-

2187 4091 2279 4165 sit.
2344 4091 2480 4165 Male
2538 4103 2717 4165 autem
2788 4092 3064 4165 Mnsculus
3121 4104 3174 4146 et
3224 4091 3753 4165 Cl'trislophorsonus

2197 4160 2594 4231 Ὑπομνήματα
2628 4160 3040 4214 Commentarios
3084 4173 3381 4225 verterunt,
3431 4160 3554 4218 cum
3615 4167 3752 4219 Arta

2187 4242 2400 4284 vertere
2429 4235 2763 4292 debuissent,
2801 4245 2856 4283 ut
2911 4243 3053 4286 recte
3099 4233 3483 4300 interpretatus
3521 4245 3604 4288 est
3637 4235 3751 4289 Ru-

2187 4301 2346 4355 ﬁnus.
2382 4301 2558 4354 Cra-ci
2603 4303 2748 4353 enim
2775 4302 3146 4373 ὑπομνήματα
3188 4314 3382 4357 vorant
3411 4320 3529 4373 qua:
3568 4306 3750 4359 Latini

2185 4385 2326 4431 acta,
2370 4380 2475 4423 tam
2513 4381 2747 4443 senatus
2778 4387 2941 4440 quam
2992 4377 3425 4443 magistratuum.
3489 4376 3746 4443 Exempla

2185 4444 2382 4516 passim
2411 4451 2718 4516 occurrunt
2738 4441 2787 4493 in
2814 4444 2996 4516 Dionis
3017 4442 3188 4516 Cassii
3225 4443 3484 4510 Historia,
3519 4459 3572 4499 et
3601 4441 3743 4516 apud

2185 4511 2347 4576 alios,
2373 4511 2460 4563 ubi
2489 4522 2666 4582 tamen
2696 4511 2806 4565 fere
2841 4513 3093 4566 labuntur
3120 4515 3463 4582 interpretes.

2255 4583 2368 4652 (30)
2409 4582 2472 4634 '0
2493 4579 2605 4653 τῆς
2626 4582 3162 4651 παρασημειώσεως
3194 4579 3432 4653 χρόνος.
3465 4584 3577 4640 Hoc
3622 4585 3746 4642 loco

2183 4651 2636 4723 παρασημείωσις
2687 4664 2770 4705 est
2819 4655 3004 4707 titulus
3061 4669 3151 4707 seu
3195 4651 3409 4708 ructatio
3459 4659 3740 4721 temporis.

2183 4737 2303 4788 qua:
2333 4723 2483 4776 Actis
2509 4723 2711 4790 przeligi
2745 4723 2971 4777 solebat.
3003 4723 3096 4776 Sic
3124 4726 3268 4778 enim
3293 4735 3410 4778 acta
3445 4724 3742 4792 judiciaria

2107 4809 2155 4868 D
2183 4793 2630 4870 concipiebautur
2657 4808 2670 4870 ς
2711 4793 3001 4870 (Σοη-ςιιιαιιι
3032 4793 3224 4870 Tiberii
3247 4796 3470 4870 Augusti
3497 4798 3742 4870 septimo.

2182 4863 2399 4932 inducto
2425 4865 2476 4914 in
2495 4862 2759 4930 judicium
2800 4862 2951 4928 Jcsu,
2983 4876 3092 4918 etc.
3119 4865 3192 4918 lta
3221 4867 3358 4932 apud
3391 4867 3739 4920 Ammiauum

2182 4930 2548 4985 Marcellinum
2585 4934 2634 4985 in
2666 4934 2763 5004 rlih.
2797 4949 2907 4988 xm
2946 4951 2958 4986 :
3001 4937 3070 4988 Et
3117 4930 3428 5001 actasuper
3471 4952 3530 4989 eo
3571 4947 3739 5004 gesta,

2181 5017 2282 5054 non
2306 5005 2417 5054 sine
2445 5019 2630 5070 magno
2655 5003 2959 5072 legebantur
2983 5007 3219 5070 horrore,
3246 5021 3360 5058 cum
3387 5007 3439 5057 id
3462 5003 3740 5060 voluminis

2179 5071 2376 5140 [obiici
2419 5071 2716 5125 contineret
2745 5077 3056 5127 exordium:
3091 5092 3109 5124 ι
3155 5074 3446 5129 Consulatu
3496 5075 3659 5128 Tauri
3683 5085 3738 5130 σε

2181 5138 2463 5206 Florentii,
2493 5143 2708 5196 inducto
2754 5147 2846 5195 sub
2885 5146 3208 5210 prwcouibus
3253 5145 3448 5199 Tauro.
3485 5164 3504 5197 ι
3537 5147 3737 5202 Eodem

2181 5213 2341 5264 niodo
2397 5214 2448 5266 in
2493 5215 2660 5273 uestis
2693 5216 3030 5282 purgationis
3075 5215 3367 5269 C:eciliani.
3431 5217 3537 5270 Sed
3581 5227 3635 5270 et
3681 5219 3736 5270 iu

2177 5283 2315 5334 actis
2346 5284 2701 5336 conciliormu
2735 5283 2873 5338 idem
2900 5287 3175 5338 observari
3201 5295 3578 5340 consueverat.
3623 5284 3735 5342 Nec

2176 5351 2488 5424 consulatus
2520 5354 2697 5424 modo,
2722 5369 2909 5408 verum
2937 5356 3097 5407 etiam
3128 5356 3242 5409 dies
3273 5372 3335 5407 ac
3371 5357 3570 5410 Iliensis
3599 5373 3737 5424 pra:-

2178 5421 2578 5475 scribehantur.
2612 5420 2838 5476 Videtur
2878 5435 3054 5478 autem
3089 5425 3136 5476 iu
3183 5427 3264 5479 his
3295 5425 3508 5480 Eusebii
3553 5420 3734 5480 verbis

2175 5492 2574 5569 esseenallage,
2599 5493 2739 5561 ὁτῆς
2767 5494 3271 5569 παρασημειιῦσεως
3295 5496 3504 5569 χρόνος,
3536 5512 3631 5569 pro
3665 5513 3733 5550 eo

2169 5562 2310 5639 quod
2361 5562 2448 5615 alii
2502 5567 2738 5639 dicerent
2775 5567 2807 5634 ἡ
2851 5562 3726 5639 ’τοῦ”χρόνου,παρασημεῑωσις.

2170 5628 2352 5702 Utitur
2380 5647 2543 5699 porro
2569 5628 2818 5688 Socrates
2845 5628 3191 5690 eadeiii'voce
3217 5636 3266 5690 in
3291 5628 3384 5691 lib.
3416 5628 3598 5702 uncap.
3636 5628 3728 5696 15.

2164 5701 2250 5751 tthi
2281 5704 2473 5777 scribit
2503 5705 2570 5757 de
2601 5715 2838 5777 tempore
2868 5705 3078 5777 concilii
3109 5705 3312 5760 Niczeni
3351 5725 3367 5777 ι
3399 5708 3509 5761 Καὶ
3541 5701 3568 5760 ό
3601 5709 3730 5777 χρό-

2159 5786 2248 5833 νος
2289 5770 2344 5824 δὲ
2367 5773 2464 5842 τῆς
2515 5773 2751 5839 συνόδου,
2789 5775 2866 5838 ὡς
2906 5776 2962 5826 ἐν
3007 5776 3522 5848 παρασημειὼσεσιν
3571 5770 3721 5848 εὗρο-

2160 5856 2279 5909 μεν,
2309 5853 2414 5895 etc.

2227 5913 2339 5981 (31)
2374 5915 2450 5988 Tu
2474 5914 2606 5988 περὶ
2637 5915 2702 5969 τὸ
2730 5914 3022 5988 σωτήριον
3048 5917 3252 5984 αὐτοῖς
3286 5917 3474 5986 πάθος
3505 5922 3721 5988 τολμη-

2154 5979 2350 6037 θέντα.
2409 5985 2480 6039 De
2513 5979 2713 6041 Judwis
2761 5987 2813 6040 id
2865 5979 2968 6041 dici
3013 5979 3242 6044 nutavit-
3271 5979 3516 6045 ltulinus.
3555 5979 3736 6056 omni
