4054 6456
372 361 482 413 H3

1405 357 1754 416 iiISTOBl/E
1791 356 2354 415 ECCLESIASTICJE
2393 353 2522 410 LIB.
2565 355 2604 408 Ι.

3527 355 3635 411 ii-F

365 475 562 546 χιερέα
595 475 818 538 εξκότως
843 474 934 528 τοῦ
957 476 1200 529 ἐνιαυτοῦ
1238 475 1356 529 καθ’
1379 477 1436 529 ὃν
1469 477 1580 547 (45)
1610 477 1678 530 τά
1707 477 1802 530 τοῦ
1840 495 1945 530 σω-

2054 475 2230 546 passio
2274 475 2528 546 contigit,
2574 471 2816 527 divinum
2869 471 3143 541 Evangelii
3194 471 3443 528 volumen
3480 485 3627 526 recte

366 570 564 640 τηριου
600 568 803 632 πάθους
843 570 1168 634 ὲπετελεῖτο,
1203 571 1236 640 ἡ
1277 568 1371 623 τοῦ
1397 570 1729 639 Εὑαγγελίου
1779 586 1948 641 παρε-

370 662 656 731 σημήνατο
679 662 894 734 Γραφή.
941 661 1030 730 Ἐξ
1053 658 1122 734 ἧς
1153 664 1247 715 καὶ
1284 663 1454 733 αὐτῆς
1477 663 1576 716 οὐκ
1603 661 1822 732 ἀπᾴδων
1850 662 1947 732 τῆς

369 754 739 826 προκειμένης
778 756 1156 828 ὲπιτηρήσεως
1193 755 1222 808 ό
1259 754 1357 825 τῆς
1398 752 1492 807 τοῦ
1530 752 1768 825 Χριστοῦ
1802 753 1947 806 διδα-

369 845 598 910 σκαλίας
623 846 1003 900 ἀποδείκνυται
1024 846 1235 918 χρόνος.
1275 845 1434 899 Ἀλλὰ
1456 845 1566 917 γὰρ
1591 847 1620 898 ὁ
1643 843 1830 915 Σωτὴρ
1850 843 1947 896 καὶ

367 937 578 1008 Κύριος
610 937 764 1009 ἡμῶν
810 936 1016 1008 Ἰησοῦς
1046 939 1075 990 ὁ
1115 936 1374 1008 Χριστὸς,
1420 937 1481 990 οὐ
1527 935 1664 1007 μετὰ
1696 936 1944 990 πλεῖστον

366 1030 470 1100 τῆς
495 1031 774 1102 καταρχῆς
800 1030 894 1083 τοῦ
929 1028 1304 1100 κηρύγματος,
1332 1030 1459 1093 τοὺς
1480 1028 1686 1082 δώδεκα
1703 1021 1946 1082 ⁴ἀποστό-

367 1123 496 1186 λους
533 1122 916 1176 ἀνακαλεῖται·
966 1122 1059 1187 οὓς
1105 1124 1200 1178 καὶ
1239 1122 1434 1193 μόνους
1459 1120 1566 1175 τῶν
1609 1120 1807 1174 λοιπῶν
1850 1121 1948 1174 αὺ-

364 1213 462 1267 τοῦ
508 1213 762 1284 μαθητῶν
812 1214 952 1268 κατά
991 1232 1044 1268 τι
1076 1214 1244 1285 γέρας
1293 1213 1568 1284 ἐξαίρετον
1617 1213 1947 1276 ἀποστόλους

365 1303 674 1375 ὠνόμασεν.
747 1305 856 1358 Καὶ
895 1301 1050 1369 αὖθις
1102 1305 1476 1359 ἀναδείκνυσιν
1523 1305 1743 1376 ἑτέρους
1795 1305 1945 1358 ἐϐδο-

372 1398 638 1468 μήκοντα,
658 1396 752 1462 οὓς
784 1398 876 1451 καὶ
896 1398 1092 1462 αὐτοὺς
1108 1397 1426 1451 ἀπέστειλεν
1457 1399 1562 1452 ἀνὰ
1580 1396 1672 1450 δύο
1690 1395 1782 1450 δύο
1806 1396 1943 1467 (Μ),

366 1489 478 1562 πρὸ
517 1489 807 1562 προσώπου
837 1489 1000 1544 αὐτοῦ
1037 1492 1118 1554 εἰς
1155 1490 1335 1544 πάντα
1371 1489 1538 1543 τόπον
1579 1491 1674 1542 καὶ
1701 1489 1856 1542 πόλιν
1882 1481 1944 1543 οὗ

367 1583 597 1654 ἔμελλεν
627 1584 790 1647 αὐτὸς
819 1582 1076 1655 ἔρχεσθαι
1117 1582 1270 1654 (45).

904 1695 1307 1749 ΚΕΦΑΛΔΙΟΝ
1336 1697 1436 1749 IA’.

372 1787 450 1840 Τὰ
472 1788 602 1856 περὶ
639 1787 918 1842 Ἰωάννου
941 1787 1048 1843 τοῦ
1074 1788 1417 1844 Βαπτιστοῦ
1439 1788 1533 1842 καὶ
1559 1785 1664 1841 τοῦ
1687 1784 1947 1855 Χριστοῦ

541 1859 1059 1930 μεμαρτυρημένα.
1102 1858 1240 1931 (Nic.
1273 1859 1344 1913 Η.
1376 1858 1441 1912 Ε.
1480 1876 1518 1921 ι,
1545 1859 1632 1922 19,
1661 1857 1730 1912 ‘20
1759 1862 1776 1928 )

437 1972 552 2026 ὓὺκ
594 1975 673 2037 εἰς
711 1973 920 2044 μακρὸν
962 1972 1018 2025 δὲ
1053 1971 1163 2043 (46)
1199 1972 1294 2025 τοῦ
1338 1971 1643 2026 Βαπτιστοῦ
1699 1970 1943 2024 Ἰωάννου

365 2065 473 2119 ὑπὸ
504 2065 598 2118 τοῦ
634 2066 753 2119 νέου
812 2065 1052 2139 Ἡρώδου
1090 2068 1188 2139 τὴν
1227 2067 1469 2136 κεφαλὴν
1511 2064 1943 2137 άποτμηθέντος,

367 2157 702 2228 μνημονεύει
741 2159 838 2229 μὲν
871 2161 964 2212 καὶ
995 2159 1026 2230 ἡ
1063 2159 1181 2212 θεία
1210 2159 1318 2213 τῶν
1348 2158 1706 2227 Εὐαγγελίων,
1729 2159 1940 2230 Γραφή·

367 2253 673 2322 συνιστορεί
708 2267 771 2319 γε
824 2251 929 2322 μὴν
973 2252 1066 2304 καὶ
1101 2253 1130 2304 ὁ
1171 2250 1432 2319 Ἰώσηπος
1465 2249 1724 2321 ὀνομαστὶ
1752 2250 1851 2320 τῆς
1885 2267 1945 2303 τε

377 2343 707 2414 Ἡρωδιάδος
756 2345 978 2415 μνήμην
1018 2344 1407 2414 πεποιημένος,
1464 2343 1558 2396 καὶ
1596 2341 1671 2407 ὡς
1714 2341 1942 2410 ἀδελφοῦ

377 2435 600 2502 γυναῖκα
631 2429 794 2486 οὖσαν
825 2433 990 2506 αὐτὴν
1023 2435 1260 2505 ἠγάγετο
1286 2435 1419 2505 πρὸς
1453 2434 1627 2505 γάμον
1675 2431 1938 2505 Ἡρώδης,

367 2525 640 2596 ἀθετήσας
676 2526 775 2597 μὲν
807 2525 906 2597 τὴν
940 2527 1210 2598 προτέραν
1242 2525 1391 2597 αὐτῷ
1437 2526 1579 2580 κατὰ
1616 2526 1814 2596 νόμους
1845 2543 1941 2594 γε·

275 2649 284 2655 -
375 2621 698 2691 ταμημὲνην
716 2624 965 2689 γυναῖκα·
1007 2623 1201 2694 Ἀρέτα
1225 2622 1268 2674 δ’
1289 2618 1356 2692 ἦν
1383 2621 1520 2693 αὕτη
1542 2621 1633 2676 τοῦ
1664 2622 1946 2694 Πετραίων

369 2711 634 2783 βασιλέως
667 2712 943 2786 θυγάτηρ·
979 2714 1075 2785 τὴν
1129 2711 1189 2766 δὲ
1235 2713 1539 2784 Ἡρωδιάδα
1586 2712 1794 2778 ζῶντος
1829 2714 1945 2768 δια-

370 2808 576 2878 στήσας
610 2807 705 2861 τοῦ
735 2807 952 2880 ἀνδρός·
989 2808 1054 2861 δι’
1088 2808 1153 2881 ἢν
1181 2809 1275 2864 καὶ
1304 2808 1396 2864 τὸν
1442 2809 1693 2878 Ἰωάννην
1717 2806 1941 2872 ἀνελὼν,

371 3020 534 3064 tatem
565 3009 816 3068 gesserit.
848 3007 1091 3076 Cumque
1118 3007 1315 3063 Gratus
1337 3006 1585 3062 undecim
1617 3007 1774 3060 annis
1802 3021 1942 3074 prte-

373 3080 536 3135 t'uerit
558 3077 774 3145 Judzeze,
799 3077 1066 3147 Josephtts
1095 3079 1297 3132 diserte
1325 3094 1430 3132 non
1459 3078 1592 3132 dicit
1628 3086 1793 3144 quem
1817 3093 1942 3143 pro-

373 3132 874 3206 curationisa’nuo
929 3132 1184 3202 Ἀιιοηιιιιι
1243 3132 1710 3202 exauctoraverit.
1778 3132 2010 3202 C'erteC

373 3221 638 3288 Josephtts
661 3221 712 3274 in
744 3221 880 3272 libro
911 3235 1008 3277 xx.
1035 3234 1156 3288 cap.
1193 3219 1246 3282 8,
1287 3221 1537 3273 Ananum
1572 3220 1715 3274 hunc
1769 3229 1929 3274 testa-

376 3305 465 3349 tur
490 3291 794 3345 diutissime
841 3291 1070 3356 potitum
1101 3305 1221 3342 esse
1260 3289 1587 3355 sacerdotio,
1621 3296 1675 3344 et
1707 3290 1945 3358 quinque

376 3365 494 3425 eius
549 3362 693 3415 tilios
728 3359 1013 3430 pontiﬁces
1063 3359 1248 3414 fuisse.
1306 3360 1381 3413 Ex
1435 3360 1518 3412 his
1551 3369 1812 3430 apparet;
1835 3358 1944 3412 l'alli

377 3427 838 3501 Scaligerum'qni
874 3431 924 3483 itt
953 3429 1360 3501 Prolegomenis
1412 3432 1478 3482 ad
1523 3430 1740 3484 Eusebii
1772 3427 1944 3501 Citra-

375 3500 552 3564 nicon,
579 3503 790 3556 Annam
816 3501 880 3552 ad
916 3500 1256 3568 paucosdies
1290 3501 1595 3570 pontiﬁcem
1627 3501 1796 3555 fuisse
1819 3500 1948 3554 scri-

378 3575 474 3628 hit.
505 3575 705 3628 Contra
737 3583 819 3625 est
849 3570 1115 3642 Josephus
1145 3573 1195 3624 in
1233 3570 1384 3642 libris
1407 3586 1542 3639 quos
1567 3587 1730 3640 supra
1755 3570 1942 3642 citavi.

376 3643 587 3710 Quippe
647 3645 696 3697 itt
748 3643 841 3697 lih.
905 3641 988 3695 η
1026 3643 1228 3696 diserte
1266 3641 1496 3694 alIirmat
1554 3643 1799 3695 Ananum
1855 3641 1947 3694 ἐπὶ

377 3714 628 3767 πλεῖστον
652 3714 877 3783 potitum
895 3727 1014 3766 esse
1031 3712 1360 3768 sacerdotio.
1389 3713 1516 3766 Scio
1541 3710 1760 3779 Josephi
1785 3713 1946 3765 verba

381 3786 576 3853 exponi
596 3800 753 3852 posse
783 3799 887 3836 non
918 3783 1089 3837 solum
1120 3783 1186 3836 de
1217 3793 1462 3851 tempore
1488 3785 1759 3850 qqunna
1783 3783 1950 3851 gessit

379 3855 766 3916 sacerdotium,
803 3854 896 3908 sed
927 3862 982 3906 et
1031 3855 1099 3907 de
1141 3862 1255 3907 toto
1317 3855 1576 3922 temporis
1631 3853 1949 3922 Spatioiquo

377 3927 517 3980 vixit
558 3936 674 3994 post
710 3925 1094 3978 sacerdotium.
1151 3922 1287 3978 Nam
1319 3921 1626 3991 quicunque
1663 3921 1950 3994 pontiﬁca-

382 4006 494 4049 tum
535 3992 835 4064 gesserant,
874 3995 908 4046 ii
943 3994 1155 4063 reliquo
1201 3998 1324 4047 vitae
1383 4005 1624 4063 tempore
1671 3992 1952 4064 pontiﬁces

381 4062 722 4129 dicebantur,
755 4076 810 4120 et
835 4062 1075 4119 decimas
1121 4065 1481 4134 accipiebant.
1503 4062 1506 4063 ⁷
1528 4075 1586 4117 ιιι
1613 4064 1770 4117 docet
1797 4062 1952 4117 .lose-

380 4138 520 4202 phus
547 4139 598 4190 in
632 4136 727 4191 lib.
755 4152 846 4196 xx.
883 4135 974 4189 tibi
1005 4137 1070 4190 de
1099 4138 1323 4188 Anania.
1362 4135 1425 4189 Et
1457 4134 1526 4188 ob
1564 4136 1703 4188 hanc
1732 4147 1949 4188 causam

382 4207 447 4260 Β.
501 4207 677 4261 Lucas
742 4207 792 4259 itt
841 4207 1157 4273 supradicto
1196 4205 1316 4260 loco
1368 4209 1575 4258 Annam
1636 4205 1950 4274 pontiﬁcem

382 4274 653 4346 appellat;
687 4279 778 4347 qtti
817 4287 998 4330 tamen
1041 4287 1167 4330 tunc
1193 4277 1454 4344 temporis
1492 4291 1596 4330 non
1631 4285 1747 4330 erat
1774 4275 1954 4347 ponti,-

387 4347 492 4412 ivx,
544 4349 638 4402 sed
693 4346 812 4400 eam
848 4347 1168 4414 dignitatem
1201 4357 1466 4413 gesserat,
1503 4357 1561 4399 ut
1607 4361 1768 4411 supra
1816 4346 1949 4398 dixi.

387 4417 464 4472 Ex
489 4419 572 4472 his
601 4429 768 4487 patet,
797 4416 999 4470 frustra
1029 4418 1095 4470 ab
1120 4418 1355 4471 Eusebio
1399 4427 1506 4469 tatu
1536 4415 1948 4487 Josephiquam

2053 569 2307 636 Caiphant
2341 566 2648 637 pontificem
2667 565 2964 624 adnotavit.
2992 563 3068 618 Ex
3089 563 3246 633 cujus
3268 565 3429 618 etiam
3452 563 3629 618 Evan-

2053 659 2176 732 gelii
2203 659 2524 714 auctoritate
2549 658 2804 727 temporis
2827 659 3066 727 spatium
3094 672 3202 726 quo
3214 657 3466 713 Christus
3489 673 3628 726 prae-

2053 752 2274 814 dicavit,
2323 767 2444 806 cum
2476 751 2861 806 observatione
2902 761 3086 805 nostra
3121 747 3419 804 convenire
3445 759 3628 803 osten-

2054 843 2216 898 ditur.
2253 843 2521 898 Caeterum
2560 843 2820 897 Servatur
2858 858 2922 896 ac
2959 842 3218 896 Dominus
3262 851 3448 896 noster
3467 841 3628 895 Jesus

2053 935 2300 992 Christus
2325 936 2465 990 haud
2496 935 2666 989 multo
2699 944 2821 1004 post
2865 933 3192 1003 evangelica:
3221 933 3626 1003 prtedicationis

2056 1027 2268 1081 initium
2296 1028 2580 1082 duodecim
2620 1027 2721 1081 sibi
2756 1027 2902 1080 viros
2934 1026 3204 1094 adjunxit,
3240 1041 3377 1094 quos
3405 1040 3518 1094 prie
3544 1039 3628 1078 re-

2055 1120 2216 1189 liquis
2235 1119 2518 1189 discipulis
2544 1119 2659 1174 suis
2676 1118 2822 1174 solos
2837 1118 3206 1188 apostolorum
3229 1118 3446 1170 nomine
3469 1119 3626 1184 quasi

2053 1213 2326 1284 praecipuo
2375 1213 2605 1280 quodam
2661 1212 2883 1267 honoris
2917 1211 3071 1265 titulo
3103 1210 3400 1282 insignivit.
3447 1211 3630 1278 Elegit

2053 1317 2311 1376 prieterea
2346 1306 2689 1377 septuaginta
2726 1306 2899 1369 viros,
2938 1319 3076 1374 quos
3119 1304 3170 1358 in
3205 1319 3268 1359 ea
3304 1304 3419 1359 loca
3453 1314 3507 1359 et
3533 1321 3628 1372 op-

2055 1399 2199 1468 pida,
2228 1399 2278 1452 in
2309 1414 2429 1467 quae
2471 1399 2586 1467 ipse
2632 1405 2890 1452 venturus
2925 1405 3069 1463 erat,
3106 1397 3263 1452 binos
3296 1395 3628 1466 prmmittere

2051 1493 2277 1547 solebat.

2577 1703 2686 1774 29
2724 1702 2949 1758 CAPUT
3004 1701 3092 1756 Xt.

2151 1795 2472 1852 Testimonia
2505 1795 2569 1850 de
2599 1795 2808 1851 Joanne
2836 1795 3081 1865 Baptista
3113 1803 3162 1849 et
3194 1796 3258 1849 de
3289 1793 3523 1849 Christo.

2125 1976 2283 2032 Brevi
2316 1975 2606 2040 interiecto
2631 1987 2870 2046 tempore
2905 1974 3170 2030 Joannem
3217 1973 3518 2043 Baptistam
3559 1971 3626 2028 ah

2051 2067 2496 2135 Herodejuniore
2527 2070 2703 2138 capite
2730 2079 3038 2123 truncatum
3071 2067 3237 2122 fuisse
3273 2083 3426 2122 sacra
3452 2067 3626 2121 Evan-

2049 2163 2173 2233 gelii
2203 2162 2484 2232 Scriptura
2520 2173 2933 2217 commemorat.
2967 2162 3064 2216 Cui
3101 2161 3425 2230 astipulatttr
3457 2162 3625 2214 etiam
3679 2230 3681 2232 _

2047 2255 2335 2325 Iosephus,
2373 2256 2465 2325 qui
2498 2262 2553 2310 et
2587 2255 2914 2309 Herodiadis
2958 2254 3126 2325 ipsius
3158 2253 3480 2307 nominatim
3515 2265 3629 2306 me-

2050 2349 2231 2413 minit,
2262 2357 2315 2402 et
2368 2348 2570 2402 diserte
2601 2356 2789 2401 narrat
2832 2349 3102 2413 quomodo
3153 2345 3416 2408 Herodes,
3442 2346 3627 2413 priore

2050 2451 2104 2493 et
2145 2439 2379 2508 legitima
2413 2437 2639 2508 conjuge
2663 2437 2966 2508 repudiata,
2991 2437 3300 2506 quteAretze
3324 2437 3469 2508 regis
3487 2439 3626 2491 Ara-

2050 2533 2176 2587 bum
2206 2533 2315 2586 tilia
2364 2541 2502 2598 erat,
2533 2531 2675 2586 hanc
2709 2529 2892 2586 fratris
2927 2531 3006 2584 sui
3042 2544 3264 2583 uxorem
3305 2544 3333 2582 a
3363 2530 3490 2584 vivo
3514 2530 3631 2584 viro

2049 2637 2148 2676 suo
2176 2638 2271 2691 per
2295 2622 2400 2676 vim
2433 2621 2720 2676 abductam
2753 2621 2855 2675 sibi
2884 2619 3169 2689 coniugem
3195 2620 3389 2675 ascivit
3416 2639 3432 2675 :
3465 2619 3630 2690 inque

2048 2716 2164 2786 ejus
2212 2715 2446 2785 gratiam
2499 2725 2694 2770 necato
2722 2712 2932 2768 Joanne
2976 2714 3238 2783 Baptista,
3269 2727 3394 2770 cum
3461 2712 3628 2767 Areta

2047 2811 2115 2865 ob
2164 2809 2289 2865 tiliae
2343 2809 2730 2865 contumeliam
2783 2809 2982 2864 infesto
3039 2808 3240 2863 bellum
3295 2808 3482 2878 gessit.
3512 2807 3630 2874 Quo

2051 3007 2383 3063 inchoamus.
2431 3009 2537 3064 Sed
2586 3010 2769 3064 tertios
2798 3009 2863 3062 ab
2913 3010 2988 3064 eis
3038 3009 3277 3062 consules
3339 3007 3628 3064 Dominicis

2051 3080 2287 3146 [iussioni
2345 3080 2672 3134 ascribimns.
2729 3081 2835 3134 Alii
2898 3096 3025 3133 vero
3071 3089 3306 3148 quatuor
3363 3078 3626 3134 l’aschata

2046 3159 2337 3202 numerant
2401 3151 2468 3203 ah
2525 3150 2682 3220 initio
2747 3151 3157 3220 praedicationis
3201 3149 3428 3220 Christi,
3490 3153 3631 3204 inter

2045 3235 2182 3282 quos
2218 3231 2302 3272 est
2327 3235 2518 3274 auctor
2544 3217 2787 3275 Chronici
2807 3218 3176 3273 Alexandrini.
3199 3217 3254 3269 ln
3273 3237 3380 3288 qua
3412 3233 3631 3274 senten-

2047 3290 2119 3343 tia
2179 3290 2342 3344 etiam
2382 3290 2551 3345 fuisse
2591 3293 2808 3344 videtur
2837 3291 3130 3350 Eusebius.
3186 3290 3278 3358 qui
3329 3291 3626 3354 quadrien-

2046 3361 2219 3433 nium,
2251 3360 2378 3417 licet
2401 3375 2509 3416 non
2537 3361 2828 3433 integrum,
2862 3361 3106 3431 assignat
3129 3360 3329 3415 Christi
3366 3361 3628 3430 prazdica-

2048 3431 2202 3484 tioui.

2117 3501 2229 3569 (45)
2273 3499 2384 3556 Τοῦ
2407 3502 2686 3558 ἐνιαυτοῦ
2716 3505 2843 3558 καθ’
2872 3502 2962 3557 ὅν.
2983 3501 3238 3572 intelligit
3271 3502 3446 3556 locum
3470 3500 3632 3555 Joan-

2049 3574 2132 3626 nis
2156 3588 2274 3644 cap.
2316 3589 2368 3626 χι
2400 3586 2455 3626 et
2486 3585 2636 3644 xvttt.
2674 3575 2760 3628 ubi
2792 3574 2989 3644 dicitur
3017 3575 3251 3644 Caiphas
3284 3572 3449 3628 fuisse
3497 3588 3632 3644 pun-

2050 3644 2184 3696 tifex-
2217 3642 2344 3697 anni
2386 3644 2554 3700 illius.
2589 3643 2664 3698 Ex
2694 3645 2794 3700 hoc
2826 3643 3052 3698 Joannis
3109 3643 3228 3697 loco
3266 3644 3490 3712 conjicit
3522 3642 3628 3712 Eu-

2049 3715 2235 3767 sebius
2265 3713 2524 3780 Caipltam
2571 3727 2818 3768 creatum
2852 3729 2976 3768 esse
3018 3715 3324 3782 pontiﬁcem
3364 3711 3506 3767 anno
3540 3711 3631 3765 illo

2049 3799 2155 3852 quo
2184 3782 2440 3838 Christus
2471 3784 2696 3838 suﬁixus
2743 3793 2826 3839 est
2873 3787 3041 3837 cruci.
3084 3784 3374 3838 Eusebium
3407 3792 3628 3838 secutus

2049 3863 2132 3907 est
2164 3862 2356 3906 auctor
2383 3853 2629 3907 Chronici
2662 3854 3034 3917 Alexandrini,
3089 3854 3178 3921 qtti
3214 3854 3500 3922 pontiﬁces
3531 3853 3631 3906 sub

2049 3925 2249 3992 quibus
2307 3926 2622 3990 praedicavit
2682 3924 2933 3978 Christus
2988 3936 3286 3986 numerat,
3368 3927 3628 3981 Annam,

2051 3993 2355 4056 lsmaclem,
2397 3994 2714 4048 Eleazarum
2767 4012 2830 4048 ac
2873 3994 3177 4047 Simonem.
3233 3995 3341 4047 Sed
3395 3993 3632 4048 JOannes

2051 4064 2310 4131 Caiphatn
2335 4079 2401 4118 eo
2438 4081 2580 4117 anno
2609 4067 2806 4118 tactum
2840 4080 2960 4118 esse
2991 4065 3303 4132 pontiﬁcem
3337 4080 3442 4118 non
3478 4064 3630 4117 dicit.

2051 4133 2188 4189 Cum
2221 4150 2354 4205 ergo
2379 4133 2868 4202 Josepltus,auctor
2897 4135 3238 4189 ουτιίδείιιιιιε
3260 4176 3273 4198 ,
3313 4135 3404 4203 qui
3442 4133 3630 4187 Judaio

2053 4220 2240 4260 corum
2281 4206 2596 4275 pontiticum
2652 4208 3056 4260 successionem
3087 4205 3500 4272 diligentissime
3550 4218 3634 4256 rc-

2055 4274 2290 4333 censuit.
2317 4275 2549 4329 aliirmct
2588 4276 2851 4343 Caiphant
2883 4293 2911 4329 a
2951 4274 3166 4345 Valerio
3194 4275 3365 4331 Grato
3408 4274 3634 4345 poutiti-

2054 4362 2171 4401 cctn
2195 4347 2397 4400 factum
2427 4361 2568 4409 esse,
2599 4362 2698 4400 nec
2731 4349 2831 4400 nisi
2860 4344 3157 4413 postPilati
3191 4344 3634 4415 procurationem

2055 4427 2277 4472 exutum
2301 4432 2419 4497 esse
2447 4419 2771 4497 sacerdotio,
2798 4417 3050 4497 equidem
3083 4416 3304 4497 {oseplti
3335 4415 3634 4497 aucto-rita-

385 4487 550 4542 Lucaa
578 4484 742 4542 verba
769 4489 1000 4540 adducta
1031 4502 1173 4554 esse,
1203 4497 1261 4540 ut
1290 4484 1710 4555 quadriennium
1745 4485 1950 4540 Christi
1989 4501 2031 4555 ι)
2063 4499 2167 4540 tem
2201 4488 2349 4555 sequi
2385 4487 2546 4547 malo,
2585 4484 2891 4557 praesertim
2929 4502 3050 4539 cum
3099 4484 3260 4541 Luca:
3285 4484 3637 4557 evangelista:

388 4559 791 4627 przedicationis
813 4569 1082 4613 astrueret
1111 4574 1125 4612 :
1160 4559 1360 4626 quippe
1390 4573 1512 4612 cum
1557 4557 1808 4612 Christus
1848 4571 1953 4609 non

385 4629 488 4682 sub
511 4638 748 4698 quatuor
777 4628 1146 4698 pontiﬁcibus,
1181 4635 1272 4682 sed
1304 4646 1409 4681 uno
1457 4628 1660 4696 Caipha
1691 4627 1959 4698 prajdica-

384 4697 544 4761 verit,
603 4709 661 4752 ut
701 4715 766 4754 ex
809 4697 1044 4767 .loscpho
1076 4700 1323 4767 superius
1381 4700 1740 4754 oStendimus.
1776 4697 1958 4765 Longe

387 4771 584 4825 melius
637 4769 714 4838 Ep
742 4770 1008 4838 phanius,
1056 4771 1150 4838 qui
1209 4771 1502 4822 triennium
1555 4768 1958 4838 praedicationis

383 4839 586 4894 Christi
614 4837 814 4894 astruit
846 4854 915 4893 ex
945 4837 1172 4894 numero
1195 4839 1544 4900 Past'hatutn,
1563 4837 1698 4906 quae
1726 4839 1777 4890 in
1799 4837 1960 4892 Joan-

384 4912 472 4966 nis
501 4911 793 4980 Evangelio
829 4921 1244 4980 recensentura
1274 4910 1658 4980 praedicatione
1699 4908 1843 4962 illius
1891 4908 1958 4960 ad

387 4992 614 5035 mortem
653 4979 849 5047 usque.
881 4981 956 5032 Ita
985 4983 1148 5034 etiam
1200 4979 1434 5048 Prosper
1462 4981 1512 5033 itt
1545 4979 1828 5036 Chronico.
1863 4994 1960 5031 cu-

381 5066 470 5119 ]us
500 5053 683 5120 verba
708 5052 798 5104 hic
842 5065 1107 5120 apponant
1135 5068 1148 5102 :
1182 5049 1415 5116 Quidam
1460 5059 1660 5120 putant
1679 5048 1960 5120 Dominum

389 5117 618 5176 nostrum
649 5119 835 5175 Iesum
867 5119 1134 5174 Christum
1172 5135 1240 5174 'sv
1270 5137 1411 5173 anno
1449 5121 1594 5189 regni
1625 5117 1820 5171 Tiberii
1853 5119 1964 5172 Cte-

385 5194 548 5257 saris,
582 5195 634 5245 id
671 5204 745 5247 est
769 5193 972 5244 duobus
1025 5189 1256 5244 Geminis
1287 5209 1420 5243 coss.
1458 5190 1773 5250 crucifixum
1808 5205 1825 5244 :
1859 5205 1962 5258 quo

387 5280 523 5317 anno
546 5265 836 5316 secundum
865 5263 1220 5314 indubitatam
1252 5261 1410 5314 Luca'
1427 5259 1759 5331 evangelista-2
1781 5272 1964 5331 aucto-

388 5334 594 5387 ritatem
617 5335 938 5400 baptizatum
962 5348 1078 5385 eum
1107 5349 1218 5385 esse
1235 5329 1570 5398 manifestum
1585 5341 1696 5400 est,
1707 5341 1755 5383 et
1779 5329 1963 5382 Eran-

387 5405 581 5471 gelittm
604 5398 753 5472 regni
775 5403 1025 5456 castorum
1058 5403 1353 5469 prwdicare
1385 5404 1615 5469 coepisse.
1644 5398 1964 5472 Secundum

387 5470 505 5527 vero
537 5470 764 5528 Joannis
793 5472 1160 5540 Evangelium,
1189 5472 1455 5536 festivitati
1495 5470 1714 5525 Paschw
1745 5471 1964 5524 Jndwo-

389 5560 505 5597 rum
539 5554 618 5596 ter
643 5545 922 5596 Dominum
965 5543 1265 5610 interfuisse
1291 5545 1646 5611 cognoscimus
1671 5561 1689 5598 :
1712 5555 1765 5594 nt
1797 5559 1963 5608 nmio--

390 5627 498 5666 rent
530 5616 740 5668 tertium
791 5615 956 5682 fuisse
983 5616 1114 5666 illud
1172 5613 1400 5674 Pascha.
1435 5617 1572 5682 quod
1603 5630 1754 5666 verus
1789 5612 1964 5679 Agnus

388 5702 485 5736 suo
518 5688 773 5753 sanguine
815 5686 1160 5738 consecravit.
1194 5682 1427 5736 Proinde
1473 5685 1712 5737 consules
1757 5685 1966 5753 quidem

389 5774 421 5807 α
453 5752 887 5823 manij'ertatione
917 5753 1152 5820 Domini,
1199 5756 1252 5807 id
1306 5766 1380 5808 est
1433 5773 1463 5807 α
1495 5755 1697 5808 duobus
1732 5752 1965 5808 Geminis

2063 4554 2374 4611 testimonio
2415 4554 2791 4610 conﬁrmetur.
2842 4554 3018 4612 Lucas
3061 4561 3205 4610 cnim
3239 4554 3454 4611 diserte
3487 4555 3636 4607 allir-

2061 4637 2172 4681 mat
2216 4644 2360 4681 anno
2409 4644 2476 4680 xv
2513 4627 2714 4682 Tiberii
2747 4628 2980 4681 Caesaris
3027 4625 3290 4698 Caiphant
3326 4629 3635 4697 pontiﬁcem

2055 4699 2178 4770 jam
2199 4708 2312 4770 tum
2343 4699 2533 4770 fuisse.

2135 4769 2248 4839 (44)
2303 4768 2689 4823 Ἀπέστειλεν
2709 4768 2826 4821 ἀνὰ
2849 4767 2959 4822 δύο
2983 4768 3112 4822 δύο.
3161 4769 3236 4822 Ita
3269 4768 3534 4820 edidimus
3569 4782 3635 4820 ex

2065 4841 2168 4892 ﬁde
2223 4851 2535 4894 nostroruttt
2579 4839 2968 4906 exemplarium
3002 4839 3177 4909 Regii,
3228 4840 3362 4894 Maz.
3401 4839 3538 4892 Med.
3575 4855 3638 4890 ac

2068 4909 2206 4964 lt‘uk.
2261 4909 2652 4981 llodie_tamen
2709 4910 2759 4961 in
2795 4925 2915 4977 cap.
2955 4927 2984 4962 χ
3026 4911 3296 4981 Evangelii
3343 4911 3400 4960 B.
3452 4910 3632 4981 Luem.

2063 4997 2127 5050 ex
2161 4996 2269 5048 quo
2300 4981 2400 5033 hoc
2433 4979 2730 5050 desumpsit
2757 4981 3040 5045 Eusebius,
3074 4978 3270 5048 legiiur
3297 4991 3502 5033 tantum
3537 4978 3638 5033 ἀνὰ

2062 5049 2175 5114 δύο,
2210 5051 2327 5104 sine
2355 5049 2676 5118 repetitione
2707 5051 2908 5104 ultima:
2938 5051 3273 5118 vocis,quant
3305 5051 3440 5105 Rob.
3472 5053 3640 5104 etiam

2067 5122 2374 5188 Stephanus
2403 5122 2635 5174 otiosam
2655 5135 2774 5174 esse
2804 5122 3160 5174 existimavit.
3203 5122 3314 5189 Ego
3352 5136 3479 5173 vero
3503 5137 3641 5173 non-

2067 5193 2201 5244 tttltil
2259 5191 2544 5259 elegantiae
2589 5194 2735 5244 hunc
2786 5190 3124 5260 πλεονασμόν
3158 5194 3360 5245 habere
3409 5208 3637 5251 censeo.

2065 5276 2226 5330 quem
2261 5261 2427 5330 etiam
2466 5263 2516 5314 iu
2543 5261 2719 5330 lingua
2741 5261 2942 5316 Gallica
2971 5264 3284 5315 retinemus.

2139 5331 2254 5397 (45)
2294 5327 2376 5386 Οὗ
2418 5327 2676 5400 ἔμελλέν
2698 5332 2883 5397 αὐτὸς
2927 5331 3228 5400 ἔρχεσθαι.
3279 5331 3454 5400 Nostri
3494 5331 3642 5382 cndi-

2068 5415 2159 5482 res
2204 5396 2364 5465 Maz.,
2409 5396 2548 5455 Med.
2582 5419 2644 5456 ac
2677 5401 2810 5456 Fttk.
2843 5396 3108 5471 accipiunt
3149 5405 3345 5457 habent
3375 5396 3434 5460 οὗ
3477 5400 3643 5472 ἧμελε

2068 5487 2176 5525 Ιιεν.

2143 5541 2254 5614 (46)
2299 5545 2420 5598 Οὐκ
2451 5545 2538 5608 εὶς
2562 5543 2798 5612 μακρὸν
2815 5541 2900 5596 δέ.
2932 5543 3012 5598 Ab
3046 5544 3130 5597 his
3165 5542 3346 5597 verbis
3367 5554 3526 5612 Caput
3551 5560 3647 5596 nn-

2070 5611 2342 5667 decintum
2401 5611 2687 5674 inchoavi,
2743 5625 2962 5668 secutus
3016 5615 3400 5667 auctoritatem
3440 5611 3648 5666 codicis-

2073 5682 2251 5750 Regii,
2306 5684 2445 5739 Max.
2485 5699 2544 5738 ac
2581 5682 2736 5748 Fuk.,
2777 5686 2973 5754 quibus
3026 5684 3297 5738 consentit
3334 5685 3496 5736 etiam
3537 5683 3648 5737 Ri-

2075 5755 2232 5808 tinus.
