4054 6456
457 375 562 429 H5

1167 364 1440 431 EUSEBH
1478 376 1959 433 CESARIENSIS
1996 377 2146 432 OPP.
2187 373 2370 431 PARS
2408 371 2453 433 l.
2489 407 2557 415 -—
2595 373 2984 431 HlS'l'ORlCA.

3601 371 3706 427 116

454 487 672 555 quidem
699 487 750 540 in
775 487 915 540 bello
943 486 1142 541 victum
1176 489 1294 544 acie
1323 489 1615 556 Herodem,
1635 499 1690 544 et
1719 490 2028 546 universum

2155 491 2265 544 πολε
2276 507 2374 559 μον
2405 489 2619 561 αἴρεται
2647 488 2782 559 πρὸς
2807 487 2898 540 τὸν
2943 484 3188 557 Ἀρέταν,
3215 483 3290 547 ὡς
3308 483 3374 538 ἂν
3404 483 3710 554 ⁴Ιζτιμασμέη

455 579 571 647 ejus
615 581 916 634 exercitum
961 581 1199 636 deletum
1240 583 1443 648 refert,
1477 584 1700 652 haecque
1738 584 1920 638 omnia
1953 585 2024 638 ob

457 671 634 725 scelus
686 671 950 726 adversus
992 671 1254 727 Joannem
1305 674 1602 742 Baptistam
1655 686 2026 744 perpetratum

457 765 506 815 ei
535 763 849 832 contigisse.
877 763 1018 818 Idem
1065 764 1332 835 Josephus
1360 765 1624 820 Joannem
1670 765 2027 834 iustissimum

459 855 636 908 virum
669 855 856 916 fuisse,
877 855 1147 910 etIaVacri
1174 856 1453 923 cujusdam
1482 858 1851 912 institutorem
1885 858 2026 912 allir-

461 962 636 1010 tnans,
669 961 790 1000 eum
825 949 892 1001 iis
921 964 1039 1016 qua:
1061 949 1115 1000 itt
1147 948 1319 1001 sacris
1355 947 1768 1018 Evangeliorum
1802 949 2032 1002 volumi-

464 1036 621 1092 nibus
647 1041 713 1093 de
739 1041 928 1093 eodem
955 1040 1166 1094 Joanne
1195 1041 1406 1109 prodita
1436 1052 1564 1096 sunt
1583 1081 1598 1106 ,
1638 1041 1864 1096 mirifice
1898 1057 2030 1095 con-

462 1134 650 1186 sentit.
713 1131 902 1186 Refert
957 1134 1123 1187 etiam
1189 1132 1456 1190 Herodem
1508 1134 1828 1189 Herodiadis
1880 1135 2034 1204 culpa

465 1225 768 1292 principatu
810 1225 1099 1286 excidisse,
1129 1235 1184 1279 et
1229 1225 1281 1279 in
1328 1228 1518 1280 urbem
1551 1225 1737 1280 Gallite
1769 1226 2034 1281 Viennam

464 1316 626 1370 simul
673 1332 794 1370 cum
831 1332 894 1370 ea
945 1334 1065 1373 esse
1113 1321 1430 1387 relegatum.
1467 1319 1531 1372 Et
1567 1320 1682 1373 htcc
1717 1321 1935 1388 quidem
1981 1321 2035 1374 in

465 1420 660 1462 octavo
681 1409 892 1464 decimo
916 1412 1303 1480 Autiquitatum
1338 1412 1478 1466 libro
1509 1415 1577 1466 ab
1611 1428 1676 1466 eo
1705 1428 2036 1468 commemo-

467 1511 678 1566 rantur,
711 1501 764 1555 in
797 1518 907 1570 quo
935 1505 1101 1557 etiam
1144 1505 1208 1558 de
1236 1504 1442 1559 Joanne
1476 1507 1664 1560 scribit
1700 1505 1782 1560 his
1816 1505 2035 1560 verbis:

475 1612 494 1646 ι
523 1594 946 1650 Arbitrabantur
998 1598 1216 1665 quidam
1250 1596 1556 1652 Judteorutn
1605 1600 1785 1652 divina
1838 1599 2040 1652 ultione

469 1688 698 1754 periisse
748 1687 977 1742 Herodis
1023 1691 1350 1756 exercitum,
1403 1689 1514 1746 Deo
1559 1692 1758 1745 caedem
1792 1689 2037 1754 Joannis,

469 1777 558 1841 qui
598 1775 839 1843 Baptista
887 1779 1303 1847 cognominatus
1331 1793 1436 1844 est,
1464 1782 1786 1836 vindicante.
1833 1781 2040 1848 Quippe

2130 600 2225 652 νης
2266 581 2429 635 αὐτοῦ
2457 581 2556 650 τῆς
2591 578 2858 652 Θυγατρός
2897 577 3029 650 (47).
3074 577 3162 630 Ἐν
3199 571 3243 646 ᾧ
3273 577 3492 646 πολέμῳ
3528 577 3709 646 μάχης

2130 674 2446 744 γενομένης,
2478 673 2655 725 πάντα
2681 671 2814 742 φησὶ
2840 670 2931 723 τὸν
2965 666 3202 740 Ἡρώδου
3229 665 3460 740 στρατὸν
3482 667 3713 736 διαφθα-

2135 766 2317 838 ρῆναι,
2362 767 2454 819 καὶ
2499 765 2671 818 ταῦτα
2706 763 3032 818 πεπονθέναι
3062 763 3162 833 τῆς
3204 760 3493 831 ἐπιϐουλῆς
3525 760 3714 813 ἕνεκεν

2133 857 2233 928 τῆς
2268 857 2409 910 κατά
2463 859 2706 912 Ἰωάννου
2736 855 3133 927 γεγενημένης.
3188 854 3247 908 '0
3291 853 3336 906 δ’
3386 853 3548 916 αὐτὸς
3602 851 3718 905 Ίώ-

2138 967 2308 1020 σηπος
2349 952 2404 1002 ὲν
2443 953 2554 1013 τοῖς
2597 950 2827 1020 μάλιστα
2867 948 3204 1001 δικαιότατον
3254 946 3348 1000 καὶ
3402 944 3716 1014 Βαπτιστὴν

2135 1043 2410 1114 ὁμολογῶν
2449 1043 2732 1112 γεγονέναι
2775 1043 2866 1094 τὸν
2916 1041 3190 1110 Ἰωάννην,
3229 1042 3342 1103 τοῖς
3379 1040 3507 1110 περὶ
3549 1037 3715 1094 αὑτοῦ

2137 1136 2278 1189 κατὰ
2305 1136 2404 1206 τὴν
2433 1135 2538 1188 τῶν
2568 1134 2916 1202 Εὑαγγελίων
2944 1134 3166 1204 Γραφὴν
3205 1129 3721 1200 ἀναγεγραμμένοις

2142 1228 2546 1297 συμμαρτυρεῖ.
2591 1227 2817 1296 Ἱστορεῖ
2853 1223 2909 1277 δὲ
2940 1225 3035 1277 καὶ
3064 1223 3156 1275 τὸν
3197 1219 3442 1290 Ἡρώδην
3477 1220 3575 1288 τῆς
3620 1215 3724 1287 βας

2141 1317 2344 1380 σιλείας
2390 1316 2848 1371 ἀπο-πεπτωκέναι
2893 1316 2980 1368 διὰ
3023 1314 3122 1385 τὴν
3161 1313 3332 1383 αὐτὴν
3388 1309 3720 1382 Ἡρωδιάδα,

2144 1410 2262 1480 μεθ’
2302 1405 2370 1481 ἧς
2411 1410 2572 1464 αὑτὸν
2605 1409 2700 1462 καὶ
2741 1411 2822 1473 εἰς
2857 1408 2956 1479 τὴν
2993 1405 3288 1478 ὑπερορίαν
3320 1402 3719 1473 ἀπεληλάσθαι,

2141 1502 2362 1555 Βίενναν
2412 1502 2510 1572 τῆς
2555 1502 2785 1566 Γαλλίας
2836 1501 2987 1554 πόλιν
3049 1499 3157 1570 (48)
3199 1500 3368 1551 οίκεῖν
3421 1496 3721 1550 καταδικα·

2145 1593 2358 1648 σθέντα.
2393 1596 2503 1655 Καὶ
2533 1593 2712 1649 ταῦτά
2751 1610 2814 1662 γε
2848 1591 2996 1662 αὑτῷ
3043 1594 3101 1645 ὲν
3143 1588 3592 1658 ὀκτωκαιδεκάτῳ
3620 1587 3727 1658 τῆς

2156 1689 2603 1762 Ἀρχαιολογίιις
2623 1684 3065 1758 δεὸή).ωται,ἓνθα
3083 1681 3369 1744 συλλαὸαῖς
3382 1682 3572 1742 αὑταῖς
3593 1677 3727 1750 περὶ⁵

2143 1778 2236 1832 τοῦ
2275 1780 2518 1834 Ἰωάννου
2550 1779 2722 1832 ταῦτα
2745 1778 2975 1850 γράφειν
3015 1797 3032 1828 ι
3068 1776 3193 1829 Τισὶ
3218 1775 3274 1828 δὲ
3304 1774 3414 1826 τῶν
3452 1772 3724 1828 Ἰουδαίων

473 1867 621 1920 hunc
652 1867 892 1922 Herodes
923 1871 1370 1935 obtruncaverat,
1404 1887 1524 1926 cum
1557 1882 1700 1926 esset
1733 1872 1814 1926 vir
1851 1872 2043 1937 bonus,

2155 1870 2321 1923 ἐδόκει
2346 1871 2600 1925 ὀλωλέναι
2629 1871 2717 1924 τὸν
2765 1870 2998 1942 Ἡρώδου
3032 1868 3257 1940 στρατὸν
3295 1867 3399 1920 ὑπὸ
3427 1864 3520 1918 τοῦ
3560 1862 3722 1928 Θεοῦ,

470 1958 796 2030 Judmosque
815 1960 880 2014 ad
908 1960 1126 2015 virtutis
1151 1962 1386 2015 studium
1414 1965 1703 2027 excitaret,
1727 1964 2048 2033 prtecipiens

474 2062 533 2101 ut
574 2048 722 2116 jusle
769 2051 987 2125 quidem
1043 2052 1185 2106 inter
1233 2052 1478 2121 se,'erga
1534 2053 1698 2107 Deum
1743 2064 1924 2106 autem
1963 2053 2050 2124 pie

474 2148 718 2203 agentes,
768 2141 833 2192 ad
866 2141 1143 2201 lavacrum
1196 2143 1537 2197 accederent.
1573 2143 1722 2198 'l'uuc
1764 2145 1908 2196 enim
1955 2146 2049 2200 de-

475 2247 621 2282 mum
665 2244 945 2300 acceptum
979 2235 1088 2289 Deo
1119 2234 1237 2289 fore
1269 2236 1544 2290 lavacrum
1594 2238 1794 2304 aiebat,
1823 2254 1944 2292 cum
1983 2253 2048 2293 eo

473 2337 579 2375 non
621 2325 688 2378 ad
731 2326 1101 2393 expiationem
1156 2329 1444 2382 criminum
1498 2341 1803 2398 uterentur,
1837 2332 1930 2387 sed
1980 2332 2048 2386 ad

472 2416 718 2482 corporis
749 2419 1090 2486 munditiem,
1112 2430 1172 2473 ut
1197 2422 1468 2476 mentibus
1487 2421 1597 2488 jam
1625 2432 1750 2477 ante
1778 2423 2046 2493 perjusti-

475 2507 604 2560 tiatn
642 2512 979 2580 expurgatis,
1010 2514 1259 2582 corporis
1296 2530 1512 2584 quoque
1546 2517 1808 2570 adderent
1839 2519 2048 2585 purita-

475 2609 606 2661 tem.
654 2598 903 2669 Cumque
952 2603 1104 2657 ntulti
1145 2607 1211 2659 ad
1257 2621 1378 2660 eum
1431 2607 1672 2676 undique
1713 2609 2049 2662 conﬂuerent

478 2693 810 2774 (hujnsmodi
863 2697 1005 2749 enim
1040 2698 1380 2752 sermonibus
1433 2701 1659 2754 tnirilice
1698 2701 2044 2755 delectaban-

477 2787 610 2855 tur),
653 2786 890 2849 Herodes
925 2791 1145 2857 veritus,
1178 2807 1245 2852 ne
1276 2801 1422 2845 tanta
1468 2793 1708 2848 hominis
1743 2795 2045 2847 auctoritas

474 2878 724 2933 subditos
750 2883 814 2934 ad
833 2882 1194 2937 defectionem
1222 2885 1543 2952 impelleret,
1566 2887 1763 2956 quippe
1793 2887 1883 2954 qui
1913 2884 2045 2938 nihil

475 2986 584 3025 non
625 2977 797 3036 acturi
829 2990 894 3029 ex
932 2975 1046 3042 ejus
1079 2978 1308 3030 consilio
1341 2977 1678 3038 viderentur,
1719 2979 1889 3031 satius
1925 2993 2046 3031 esse

476 3063 632 3124 duxit
661 3067 975 3135 priusquam
1011 3068 1132 3136 novi
1162 3069 1363 3138 aliquid
1397 3071 1655 3133 oriretur,
1689 3069 1836 3129 illum
1866 3084 1899 3124 e
1930 3087 2045 3123 me-

478 3153 805 3217 diotollere,
843 3171 1004 3224 quam
1054 3160 1350 3213 mutatione
1399 3175 1577 3214 ternm
1629 3160 1791 3226 facta,
1827 3160 1942 3229 ipse
1992 3161 2041 3213 in

479 3247 774 3300 maximum
798 3248 1088 3302 discrimen
1115 3252 1404 3317 adductus,
1441 3253 1548 3322 30
1570 3267 1743 3307 seram
1773 3255 2044 3322 poeniten-

482 3339 608 3394 tiam
640 3355 821 3408 agerc.
858 3341 1084 3395 Vinctus
1117 3342 1279 3410 igitur
1317 3346 1387 3397 ob
1429 3346 1567 3400 hanc
1601 3343 1828 3402 Herodis
1865 3345 2046 3412 susipi-

479 3430 715 3498 cionetn,
746 3443 803 3486 et
831 3434 896 3486 ad
928 3435 1208 3490 castellum
1231 3435 1674 3501 .‘lachazruntem,
1697 3436 1850 3504 cujus
1882 3452 2044 3503 supra

480 3523 829 3577 meminimus
873 3527 1183 3592 perductus,
1243 3527 1440 3580 ibidem
1493 3543 1667 3582 caesus
1716 3537 1863 3582 est.»
1922 3528 2046 3582 Haec

475 3613 744 3685 Josephus
767 3620 831 3672 de
859 3618 1084 3676 Joanne.
1121 3619 1220 3684 Qui
1253 3623 1414 3674 etiam
1452 3622 1504 3676 in
1531 3623 1720 3676 eodem
1748 3622 1884 3676 libro
1916 3622 2046 3676 Ser-

475 3710 689 3770 Vatoris,
719 3709 884 3763 nostri
910 3710 1239 3762 mentionem
1277 3710 1404 3765 facit
1452 3712 1539 3767 his
1559 3713 1774 3767 verbis:
1814 3733 1830 3764 ι
1855 3711 2049 3767 Iisdem

549 3862 682 3938 (47)
714 3864 814 3938 Ὡς
841 3864 919 3918 ἂν
938 3867 1347 3938 ὴτῗιμασμένης
1379 3869 1563 3922 αὐτοῦ
1596 3868 1704 3937 τῆς
1735 3871 2046 3938 θυγατρός.

481 3935 539 3989 ln
567 3935 972 4010 codiceliegio,
1004 3935 1236 3992 Medfac
1263 3939 1400 3992 Maz.
1423 3941 1615 4008 legitur
1643 3935 1792 4009 αὑτῴ
1820 3935 1930 4010 ’τῆς
1957 3939 2052 3992 θυ-

479 4004 701 4079 γατρός.
730 4004 1063 4079 Nicephorus
1090 4025 1302 4076 quoque
1339 4004 1500 4063 habet
1547 4010 1740 4079 τούτῳ.
1764 4004 1895 4062 ’Νειί
1917 4012 2044 4063 illud

481 4077 840 4128 omittendum
870 4089 975 4141 est,
1003 4078 1054 4129 in
1085 4081 1274 4133 codice
1308 4079 1444 4133 Maz.
1475 4096 1538 4134 ac
1563 4077 1703 4134 Fnk.
1730 4080 1876 4133 ὡσάν
1898 4081 2058 4134 scribi

482 4161 586 4220 una
638 4161 789 4220 voce,
840 4146 966 4199 licet
1021 4163 1142 4201 cmn
1199 4150 1393 4216 spiritu
1435 4167 1485 4205 In
1527 4152 1762 4204 secutnla
1825 4152 2054 4220 syllaba.

481 4218 662 4278 Atque
693 4216 762 4268 ita
806 4226 1066 4283 perpetuo
1094 4220 1233 4272 hanc
1267 4234 1450 4273 vocem
1497 4222 1659 4277 scribi
1685 4216 1971 4274 observavi
2006 4220 2056 4272 in

483 4287 689 4351 Optimo
733 4285 828 4338 illo
873 4287 1060 4342 codice
1114 4288 1252 4341 Maz.
1291 4291 1505 4357 quoties
1555 4291 1772 4359 ponitur
1817 4306 1913 4358 pro
1943 4301 2059 4343 tan-

483 4371 664 4424 quant.

558 4425 671 4493 (48)
727 4428 984 4481 Βίενναν
1036 4427 1147 4496 τῆς
1195 4429 1469 4495 Γαλλίας
1516 4433 1717 4484 πόλιν.
1799 4429 2057 4484 Memoria

421 4544 428 4546 _
487 4493 673 4570 lapsus
732 4498 993 4570 [Eusebius
1049 4493 1145 4566 pro
1197 4493 1456 4568 Lugdune
1529 4500 1786 4554 Viennam
1855 4501 2053 4570 posuit.

2149 1962 2244 2014 καὶ
2279 1960 2420 2032 μάλα
2456 1961 2680 2024 δικαίως
2715 1961 3032 2031 τιννυμὲνου
3079 1959 3218 2014 κατά
3244 1957 3432 2028 ποινὴν
3474 1957 3725 2010 Ἰωάννου

2146 2052 2243 2107 τοῦ
2309 2053 2647 2122 καλουμένου
2707 2052 3034 2107 Βαπτιστοῦ.
3093 2053 3309 2105 Κτείνει
3371 2052 3481 2123 γὰρ
3534 2050 3725 2107 τοῦτον

2159 2144 2424 2217 Ἡρώδης,
2452 2143 2653 2212 ἀγαθὸν
2674 2143 2844 2215 ἄνδρα
2873 2143 2966 2198 καὶ
2989 2146 3100 2206 τοῖς
3143 2142 3414 2204 Ἰουδαίοις
3436 2141 3727 2197 κελεύοντα

2147 2237 2346 2310 ἀρετὴν
2387 2237 2696 2306 ἐπασκῆσαι
2730 2236 2860 2307 (49),
2900 2237 2994 2289 καὶ
3052 2237 3116 2306 τῇ
3168 2235 3302 2306 πρὸς
3340 2234 3600 2306 ἀλλήλους
3645 2233 3728 2288 δι-

2146 2327 2404 2398 καιοσύνῃ
2461 2328 2554 2380 καὶ
2604 2328 2738 2400 πρὸς
2783 2328 2872 2380 τὸν
2916 2327 3048 2380 Θεὸν
3093 2327 3343 2397 εὐσεϐείᾳ
3384 2325 3722 2396 χρωμένους,

2151 2420 2439 2492 βαπτισμῷ
2476 2420 2734 2473 συνιέναι.
2772 2419 2928 2474 Οὕτω
2966 2419 3074 2490 γὰρ
3101 2419 3163 2490 δὴ
3210 2421 3304 2473 καὶ
3340 2419 3438 2490 τὴν
3472 2418 3726 2488 βάπτισιν

2148 2511 2448 2580 ἀποδεκτὴν
2488 2510 2634 2580 αὐτῷ
2673 2511 2978 2580 φανεῖσθαι,
3028 2509 3104 2580 μὴ
3157 2511 3249 2562 ἐπὶ
3277 2510 3438 2564 τινῶν
3473 2509 3726 2578 ἁμαρτά-

3015 2600 3059 2623 L‘.
3071 2601 3089 2623 ⁸.
3103 2603 3116 2623 Ί

2151 2713 2338 2767 ματος,
2370 2697 2463 2748 ἆτε
2489 2695 2551 2766 δη
2585 2695 2678 2748 καὶ
2712 2694 2814 2763 τῆς
2837 2693 3014 2764 ψυχῆς
3041 2692 3359 2764 δικαιοσύνῃ
3387 2706 3726 2764 προεκκεκα-

2150 2791 2444 2862 θαρμένης.
2481 2791 2588 2843 Καὶ
2630 2787 2743 2841 τῶν.
2775 2787 2947 2847 ἄλλων
2983 2785 3460 2858 συστρεφομένων,
3490 2783 3584 2837 καὶ
3607 2783 3722 2855 γὰρ

2145 2884 2390 2954 ἥσθησαν
2415 2884 2760 2936 ὲπιττλεῖστον
2781 2883 2845 2951 τῇ
2876 2879 3135 2950 ἀκροάσει
3162 2877 3270 2931 τῶν
3305 2876 3500 2945 λόγων,
3533 2875 3722 2938 δείσας

2160 2974 2403 3049 Ἡρώδης
2435 2976 2494 3028 τὸ
2526 2977 2615 3028 ἐπὶ
2646 2973 2858 3027 τοσόνδε
2888 2971 3140 3026 πειῦανὸν
3175 2969 3341 3024 αὑτοῦ
3373 2971 3482 3032 τοῖς
3512 2965 3723 3040 ἀνθρώ-

2149 3086 2288 3133 ποις,
2337 3072 2410 3140 μὴ
2454 3069 2545 3121 ἐπὶ
2581 3067 2876 3120 ἀποστάσει
2925 3065 3030 3118 τινί
3075 3063 3290 3135 φέροιτο
3339 3061 3555 3131 (πάντα
3611 3060 3724 3130 γὰρ

2149 3161 2387 3232 ἐῴκεσαν
2413 3177 2476 3214 συ
2485 3160 2685 3231 μϐουλῇ
2712 3163 2776 3231 τῇ
2809 3159 3014 3212 ἐκείνου
3037 3158 3372 3229 πράξοντες),
3395 3155 3531 3208 πολὺ
3550 3157 3710 3226 κρείτ

2151 3270 2242 3306 τον
2270 3255 2482 3324 ἡγεῖται
2502 3252 2630 3324 πρίν
2650 3269 2702 3303 τι
2724 3249 2985 3320 νεώτερον
3011 3251 3102 3302 ἀπ’
3127 3247 3288 3302 αὑτοῦ
3313 3247 3563 3317 γενέσθαι
3589 3246 3722 3317 (50),

2154 3343 2437 3416 προλαϐὼν
2461 3344 2721 3414 ἀναιρεῖν,
2752 3343 2783 3413 ἢ
2817 3340 3118 3412 μεταϐολῆς
3147 3340 3439 3411 γενομένης
3457 3341 3534 3402 είς
3550 3340 3730 3410 πράγ-

2156 3453 2300 3506 ματα
2349 3433 2601 3506 ἐμπεσὼν
2641 3437 2935 3505 μετανοεῖν.
2980 3434 3088 3486 Καὶ
3120 3435 3148 3486 ὁ
3173 3433 3271 3502 μὲν
3305 3431 3509 3502 ὑποψίᾳ
3531 3433 3596 3502 τῇ
3627 3428 3724 3483 τοῦ

2165 3526 2422 3600 Ἡρώδου,
2450 3527 2666 3598 δέσμιος
2705 3528 2786 3590 είς
2813 3526 2904 3578 τὸν
2944 3523 3328 3594 Μαχαιροῦντα
3359 3523 3627 3594 πμφοεὶς
3663 3521 3728 3573 τὸ

2157 3620 2554 3692 προειρημένον
2600 3618 2876 3690 φρούριον,
2923 3618 3094 3688 ταύτῃ
3135 3617 3431 3671 κτίννυται.
3469 3637 3488 3670 ι
3542 3616 3727 3669 Ταῦτα

2160 3729 2227 3779 πε
2236 3713 2286 3785 pi
2305 3712 2398 3776 τοῦ
2431 3712 2674 3765 Ἰωάννου
2692 3711 2930 3778 διελθὼν,
2951 3711 3153 3765 καὶτοῦ
3172 3711 3324 3780 Σωτῆ
3334 3727 3422 3781 ρος
3436 3708 3593 3780 ἡμῶν
3615 3707 3729 3780 (51)

2229 3869 2340 3936 (5|)
2377 3868 2482 3922 Kal
2511 3867 2617 3921 τοῦ
2638 3867 2909 3935 Σωτῆρος
2935 3865 3122 3936 ἡμῶν.
3155 3865 3272 3921 Jam
3305 3867 3550 3934 superius
3580 3879 3718 3918 men»

2161 3941 2360 3993 tionem
2393 3940 2492 3992 feci
2534 3939 2697 3992 libelli
2731 3940 3014 4004 cujusdam
3048 3939 3138 4004 qui
3179 3953 3351 4004 nuper
3391 3947 3476 3990 est
3503 3937 3724 3990 editus:

2161 4010 2211 4063 in
2247 4025 2355 4078 quo
2404 4011 2489 4063 hic
2522 4009 2668 4064 locus
2698 4007 2918 4076 Jusephi
2953 4016 3018 4060 de
3045 4007 3171 4062 Jesu
3219 4009 3437 4062 Christo
3464 4007 3728 4075 expendi.

2171 4092 2276 4133 tur.
2318 4081 2521 4132 Auctor
2542 4079 2699 4146 hujus
2734 4080 2852 4131 libri
2885 4081 2991 4131 duo
3019 4079 3173 4131 nobis
3198 4079 3521 4144 persuadere
3549 4085 3727 4130 tenta.

2167 4151 2262 4202 vit.
2312 4149 2548 4202 Primum
2583 4158 2686 4212 cst,
2744 4150 2918 4201 locum
2973 4147 3122 4201 illum
3168 4148 3388 4213 Josephi
3429 4146 3622 4199 falsum
3661 4160 3725 4201 ac

2166 4219 2506 4272 subdititium
2538 4233 2676 4272 esse.
2709 4218 2955 4272 Alterum
3006 4227 3110 4280 est,
3155 4219 3441 4271 Eusebium
3475 4228 3723 4270 nostrum

2167 4291 2283 4358 ejus
2311 4287 2517 4342 fraudis
2562 4299 2836 4342 ain-torem
2883 4291 3181 4358 exstitisse.
3217 4288 3368 4354 Quod
3422 4290 3616 4340 attinet
3656 4288 3728 4358 ad

2165 4357 2398 4428 primum
2423 4369 2586 4426 caput
2617 4358 3019 4428 disputationis,
3045 4357 3156 4424 jam
3203 4360 3410 4426 pridem
3446 4359 3543 4428 viri
3580 4357 3730 4410 doeti

2163 4426 2286 4483 eum
2310 4428 2526 4496 Josephi
2552 4426 2727 4482 locum
2764 4430 2814 4482 in
2839 4429 3058 4481 dubium
3090 4438 3430 4482 revocarunt.
3461 4426 3564 4481 Sed
3599 4442 3726 4481 cum

2166 4502 2325 4553 nudis
2357 4500 2570 4554 indiciis
2612 4511 2666 4551 et
2700 4499 3098 4567 suspicionibus
3141 4500 3209 4554 ad
3265 4499 3316 4551 id
3373 4499 3725 4567 judicandntn

487 4561 697 4637 Quippe
732 4567 1022 4634 Josephus,
1049 4561 1209 4634 quem
1242 4561 1329 4624 hic
1359 4581 1633 4624 auctorem
1664 4561 1865 4623 lattdal'
1891 4573 2056 4625 Ense-
2089 4561 2134 4620 Ι)
2164 4570 2590 4637 itnj'iellercntur,
2643 4561 3012 4635 conjecturam
3041 4584 3191 4622 suam
3223 4561 3437 4623 silentio
3478 4583 3724 4635 premere

487 4634 633 4698 llius,
660 4636 924 4691 Herodem
949 4653 976 4689 a
1008 4637 1141 4692 Caio
1173 4643 1390 4694 (luisare
1419 4639 1736 4708 Lugdunum
1769 4659 1888 4694 esse
1928 4643 2057 4695 rele-

489 4715 694 4780 gatum
719 4709 910 4760 scribit
939 4710 990 4760 in
1027 4712 1119 4763 ιιι».
1154 4726 1285 4780 κγιιι
1320 4709 1624 4777 Originum.
1656 4728 1775 4780 rap.
1806 4713 1856 4764 7.
1884 4715 2056 4764 l'urro

490 4779 541 4832 in
595 4778 878 4831 codicibus
935 4780 1134 4834 nostris
1172 4779 1333 4845 Μυκη
1378 4781 1541 4846 Med.,
1593 4778 1736 4835 Fuk.
1785 4801 1850 4835 ac
1886 4783 2056 4836 Savil.

485 4846 640 4903 deest
672 4863 770 4900 vox
795 4847 965 4900 πόλιν.

558 4915 671 4988 (49)
727 4917 963 4986 Ἀρετὴν
986 4919 1350 4988 ἐπασκῆσαι.
1388 4921 1588 4978 Omnes
1619 4923 1787 4975 nostri
1824 4923 2055 4986 cmlices,

487 4987 635 5064 pullo
661 5002 920 5064 εχεεριο,
948 4987 1218 5057 scriptum
1255 4994 1456 5045 habent
1501 4994 1702 5064 ἀρετὴν
1738 4992 2058 5046 ἐπασκοῦσι.

486 5057 750 5133 _Sedcum
804 5061 960 5133 paulo
989 5072 1107 5133 post
1140 5075 1401 5129 sequatur
1431 5057 1767 5133 χρωμένους,
1807 5066 1951 5117 hunc
1975 5079 2063 5116 so-

485 5125 817 5201 ltecismutn'
831 5125 1271 5186 animadvertetis
1303 5125 1780 5201 [initi-Stephanus
1801 5136 2060 5186 emenda—

486 5198 587 5260 vit,
632 5207 690 5250 nt
721 5198 938 5273 editum
972 5210 1076 5264 est,
1111 5203 1443 5273 ἐπασκῆσαι.
1493 5198 1604 5271 Ego
1658 5220 1785 5256 vero
1819 5205 1869 5255 in
1909 5216 2058 5256 tanto

485 5283 761 5321 consensu
797 5271 1036 5323 omnium
1076 5271 1358 5332 librorum,
1391 5273 1693 5328 ἐπασκοῦσι
1723 5276 2060 5327 retinendum

484 5355 685 5414 censeo
717 5354 732 5400 ;
769 5347 979 5414 tantum
1037 5359 1133 5409 pro
1165 5344 1482 5414 χρωμένους
1531 5346 1924 5414 emendandum
1977 5353 2064 5396 est

480 5408 816 5482 χρωμένοις,
855 5421 912 5465 ut
942 5404 1145 5467 habent
1166 5404 1398 5482 'Josephi
1448 5404 1511 5468 ac
1539 5413 1827 5484 Nicephori
1869 5415 2064 5468 editio-

481 5496 598 5533 ητις.

552 5549 607 5620 (5
619 5550 674 5617 0)
697 5552 859 5623 ίΠρίν
887 5568 937 5623 τι
966 5552 1254 5622 νεώτερον
1271 5556 1373 5608 ἀπ’
1405 5555 1591 5609 αὑτοῦ
1620 5553 1916 5623 γενέσθαι.
1945 5555 2067 5609 ll:cc

484 5634 578 5692 est
599 5622 878 5688 scriptura
915 5621 1065 5692 Regii
1114 5621 1342 5679 cndicis.
1376 5629 1481 5678 Sed
1513 5621 1652 5680 ιιπ.
1689 5644 1752 5679 ac
1778 5625 1918 5678 llled.
1945 5642 2066 5680 cum

484 5688 620 5752 Fuk.
666 5706 737 5761 a_e_
782 5693 949 5745 Savil.
1001 5688 1264 5759 scriptum
1315 5699 1576 5750 exhibent
1625 5695 1934 5761 ὑπἀὐτοῦ.
1992 5696 2066 5750 lta

483 5762 646 5838 etiam
695 5759 1058 5838 l‘lifepltnrtts.
1112 5763 1168 5819 ltt
1225 5765 1448 5838 Joseplti
1508 5759 1699 5821 autent
1740 5767 2069 5832 editionihus

483 5831 684 5914 tegitur
722 5831 782 5901 ἐξ
813 5833 999 5894 αὑτοῦ.

2162 4640 2465 4693 maluerunt
2499 4655 2661 4710 quam
2700 4641 2990 4708 quidquam
3023 4648 3223 4694 temere
3251 4639 3540 4692 aflirmare.
3573 4638 3727 4704 Quod

2159 4713 2373 4776 quidem
2409 4711 2658 4779 prudenti
2692 4711 2917 4764 consilio
2947 4711 3013 4760 ab
3063 4710 3130 4764 iis
3175 4712 3372 4764 factum
3413 4725 3533 4763 esse
3564 4722 3727 4761 nemo

2161 4785 2461 4848 negaverit.
2498 4781 2862 4846 Quamobrem
2887 4781 3118 4846 scriptor
3147 4781 3288 4834 illius
3317 4779 3504 4841 libelli,
3564 4781 3614 4831 in
3660 4793 3728 4831 eo

2162 4853 2294 4904 mihi
2332 4851 2808 4921 reprehendendus
2860 4850 3090 4914 videtur,
3126 4851 3268 4920 quod
3295 4867 3414 4903 cum
3447 4849 3608 4921 nullis
3637 4848 3724 4902 ni-

2163 4931 2308 4974 tatur
2354 4920 2928 4984 detnonstrationibus,
2964 4929 3141 4974 tamen
3195 4921 3266 4973 ita
3297 4920 3631 4986 pronuntiat,
3666 4927 3726 4970 ut

2164 5007 2263 5044 nos
2291 4993 2513 5058 posthac
2537 4992 2603 5043 de
2627 4992 2744 5059 ejus
2775 4989 2874 5044 loci
2925 4990 3160 5044 falsitate
3196 4991 3446 5043 dubitare
3499 4990 3725 5042 minime

2165 5063 2419 5126 patiatur.
2437 5060 2690 5132 Qntenam
2712 5075 2873 5132 porro
2905 5069 3030 5132 sunt
3063 5071 3376 5132 argumenta
3405 5060 3496 5132 illa
3527 5059 3724 5132 quibus

2164 5132 2265 5185 boc
2288 5133 2510 5185 astruit?
2536 5129 2802 5190 Justinus,
2834 5130 3028 5197 inquit,
3067 5133 3116 5184 in
3148 5129 3511 5199 Disputatiou'e
3539 5131 3724 5182 adver-

2165 5218 2254 5254 sus
2293 5201 2615 5270 Tryphonem
2659 5201 2858 5270 nullam
2892 5201 3051 5270 hujus
3083 5204 3156 5254 rei
3213 5201 3536 5270 mentienem
3569 5200 3718 5254 fecit.

2167 5271 2330 5337 Quasi
2364 5268 2488 5325 vero
2529 5285 2753 5325 necesse
2783 5269 2946 5324 fuerit
2991 5268 3203 5326 Justino
3230 5269 3444 5339 Josephi
3478 5272 3721 5322 testimo-

2169 5345 2315 5397 nium
2367 5343 2668 5407 adducere;
2721 5350 2814 5396 aut
2866 5343 3019 5409 quasi
3083 5343 3445 5396 testimonimn
3499 5339 3724 5408 Josephi

2170 5413 2515 5467 historiarmn
2545 5413 2847 5481 scriptoris,
2885 5426 3138 5479 maguum
3171 5414 3380 5481 pondus
3417 5412 3724 5464 habiturum

2170 5482 2366 5538 luisset
2417 5483 2555 5553 apud
2583 5477 2949 5553 Tryphonem.
2981 5477 3146 5548 Atqui
3171 5477 3300 5534 _non
3331 5483 3431 5534 hoc
3455 5491 3572 5534 erat
3595 5496 3724 5553 prof

2174 5556 2407 5620 positum
2456 5550 2772 5607 Justino’ut
2821 5567 2886 5604 ex
2937 5555 3178 5618 profanis
3223 5553 3598 5619 scriptoribus.
3629 5550 3725 5604 sed

2173 5626 2349 5692 potius
2379 5632 2436 5676 ut
2457 5639 2521 5677 ex
2558 5625 2727 5676 sacris
2754 5623 3134 5688 prophetarum
3168 5621 3320 5675 libris
3341 5622 3541 5675 Christi
3567 5622 3726 5674 [idem

2173 5710 2237 5747 ac
2281 5695 2615 5747 divinitatem
2662 5696 2934 5763 probaret.
2981 5692 3157 5756 Quare
3188 5692 3319 5744 nihil
3361 5708 3498 5759 opus
3526 5700 3728 5763 erat_ut

2172 5763 2392 5833 Josepbi
2429 5760 2794 5817 testimonium
2833 5761 3066 5825 aﬂ'erret,
3106 5764 3407 5831 prtescrtim
3465 5777 3588 5815 cum
3639 5760 3732 5816 Jo-

2176 5836 2374 5906 scphus
2423 5835 2655 5918 scriptor
2706 5841 2848 5896 esset
2895 5833 3059 5888 etiam
3119 5844 3229 5888 tum
3282 5833 3730 5896 recentissimus.

3149 2602 3232 2671 ἐφ’
3262 2601 3454 2671 ἁγνείᾳ
3497 2599 3590 2652 τοῦ
3625 2597 3730 2650 σώ-
3807 2657 3812 2662 ,
