4054 6456
352 279 489 339 117

1425 282 1773 342 msroam
1815 279 2384 341 ECCLESIASTICE.
2418 280 2546 337 us.
2587 262 2648 338 ις

3553 276 3660 332 118

349 397 531 454 κατὰ
588 399 699 473 τὴν
735 399 906 473 αὐτὴν
954 397 1050 454 τοῦ
1095 415 1227 469 cur,
1240 398 1527 473 ράμματος
1580 401 1818 472 ἱστορίαν
1871 394 1955 452 (Ba

2086 399 2422 469 temporibus
2450 396 2607 453 .lesus
2641 394 2862 464 quidam
2901 393 3002 450 fuit
3029 394 3112 450 vir
3144 395 3383 466 sapiens,
3406 397 3448 449 si
3474 404 3652 450 tamen

353 509 500 556 πως
538 495 827 565 μέμνηται
846 509 861 524 ο
911 511 930 544 ι
957 491 1168 546 Γίνεται
1197 491 1252 544 δὲ
1285 490 1426 545 κατὰ
1457 492 1645 545 τοῦτον
1673 493 1762 545 τὸν
1789 491 1979 562 χρόνον

366 584 629 654 Ἰησοῦς
666 602 749 647 τις
797 584 959 654 σοφὸς
1001 585 1160 656 ἀνὴρ,
1202 583 1317 652 εἴγε
1369 583 1542 656 ἄνδρα
1591 584 1752 638 αὑτὸν
1800 583 1980 652 λέγειν

350 677 504 746 χρή.
539 673 666 732 Ἠν
695 677 802 747 γὰρ
832 675 1146 748 παραδόξων
1175 675 1350 748 ἔργων
1380 678 1629 748 ποιητὴς,
1664 676 1978 740 διδάσκαλος

347 767 702 837 ἀνθρώπων
740 769 848 821 τῶν
900 769 996 822 σὺν
1041 769 1198 840 ἡδονῇ
1243 768 1449 841 τάληθῆ
1499 769 1820 840 δεχομένων.
1867 769 1976 822 Καὶ

349 859 628 925 πολλοὺς
661 862 760 931 μὲν
788 861 894 914 τῶν
941 862 1229 926 Ἰουδαίων,
1265 862 1489 926 πολλοὺς
1517 863 1572 916 δὲ
1616 863 1708 915 καὶ
1749 862 1856 916 ἀπὸ
1880 862 1974 916 τοῦ

362 949 722 1021 Ἑλληνικοῦ
774 954 1104 1023 ἐπηγάγετο.
1166 955 1223 1007 Ὀ
1264 955 1496 1026 Χριστὸς
1534 950 1686 1019 οὗτος
1732 951 1819 1026 ἦν.
1865 955 1975 1009 Καὶ

346 1042 549 1096 αὑτὸν
580 1046 806 1110 ἐνδείξει
826 1045 935 1098 τῶν
966 1047 1197 1118 πρώτων
1219 1048 1426 1120 ἀνδρῶν
1448 1051 1572 1117 παρ’
1598 1051 1730 1119 ἡμῖν
1757 1049 1974 1121 σταυρῷ

345 1134 847 1207 ἐπιτετιμηκότος
911 1138 1165 1203 Πιλάτου,
1225 1141 1323 1194 οὐκ
1387 1140 1754 1208 ὲξεπαύσαντο
1813 1143 1862 1194 οἱ
1911 1142 1972 1196 τὸ

346 1227 612 1297 πρῶτον
638 1229 799 1282 αὑτὸν
833 1231 1233 1302 ἀγαπήσαντες.
1277 1233 1480 1303 Ἐφάνη
1508 1233 1615 1304 γὰρ
1644 1235 1828 1296 αὐτοῖς
1856 1233 1972 1304 τρί-

348 1333 469 1388 την
512 1320 666 1390 ἔχων
701 1322 912 1392 ἡμέραν
957 1323 1115 1378 πάλιν
1149 1325 1277 1390 ζῶν,
1320 1325 1428 1378 τῶν
1475 1326 1634 1380 θείων
1677 1327 1971 1400 προφητῶν

345 1410 562 1464 ταῦτά
597 1429 656 1464 τε
683 1414 775 1466 καὶ
797 1413 931 1467 ἄλλα
967 1415 1137 1487 μυρία
1165 1417 1294 1488 περὶ
1319 1417 1480 1470 αὐτοῦ
1509 1418 1784 1490 θαυμάσια
1821 1423 1971 1491 εἰρη-

348 1502 584 1557 κότων.
637 1505 816 1557 Είσέτι
873 1524 930 1558 τε
977 1506 1070 1560 νῦν
1130 1508 1239 1562 τῶν
1279 1510 1618 1581 Χριστιανῶν
1666 1513 1775 1565 ἀπὸ
1814 1512 1967 1566 τοῦδε

344 1593 793 1667 ὠνομασμένων
832 1599 930 1653 οὑκ
967 1600 1188 1653 ἐπέλιπε
1225 1601 1286 1654 τὸ
1326 1601 1508 1670 φῦλον.
1566 1624 1584 1655 ι
1642 1603 1826 1659 Ταῦτα
1870 1605 1964 1659 τοῦ

348 1685 418 1751 ἐξ
445 1689 648 1743 αὐτῶν
687 1691 951 1761 Ἐϐραίων
985 1695 1346 1764 συγγραφέως
1376 1695 1639 1749 ἀνέκαθεν
1671 1699 1736 1768 τῇ
1772 1697 1962 1751 ἑαυτοῦ

2081 493 2258 546 virum
2288 506 2410 545 eum
2439 488 2718 560 appellare
2756 487 2842 542 fas
2875 498 2978 544 est.
3005 487 3138 542 Erat
3181 488 3380 558 quippe
3414 488 3652 541 admira-

2081 585 2266 639 bilium
2295 598 2518 653 operum
2552 581 2795 645 effector,
2821 581 3121 650 doctorque
3137 596 3324 635 eorum
3367 581 3460 652 qui
3503 582 3650 634 veri-

2081 687 2244 730 tatem
2304 676 2490 730 libenti
2539 674 2723 729 animo
2753 656 3276 744 complectebantur.
3330 673 3532 728 Multos
3562 673 3654 728 ille

2077 772 2279 840 partim
2320 784 2385 824 ex
2415 768 2632 827 Judacis.
2673 766 2868 837 partim
2901 781 2966 821 ex
3010 764 3308 834 gentilibus
3353 774 3653 820 sectatores

2077 866 2180 920 sibi
2225 863 2494 931 adjunxit.
2551 863 2646 918 Hic
2693 871 2812 916 erat
2859 861 3128 915 Christus.
3171 860 3340 926 Quem
3385 875 3414 914 a
3472 860 3652 930 gentis

2079 966 2278 1013 nostra:
2302 958 2635 1027 primoribus
2658 955 2916 1020 delatum,
2941 970 3062 1008 cum
3087 953 3296 1008 Pilatus
3318 957 3498 1008 crucis
3520 969 3650 1024 sup-

2075 1051 2239 1120 plicio
2291 1051 2611 1114 addixisset,
2649 1049 2704 1104 hi
2747 1061 2923 1103 tamen
2972 1048 3061 1117 qui
3113 1047 3261 1100 illum
3319 1046 3646 1112 dilexerant,

2074 1162 2209 1200 eum
2232 1146 2485 1214 deinceps
2521 1145 2700 1199 colere
2737 1160 2840 1198 non
2895 1142 3240 1199 destiterunt.
3286 1140 3470 1197 Tertio
3502 1141 3646 1195 enim

2073 1240 2162 1293 die
2189 1239 2346 1292 vivus
2369 1254 2432 1293 ac
2461 1239 2674 1307 spirans
2701 1239 2780 1292 eis
2812 1237 3085 1305 apparuit,
3121 1246 3284 1303 prout
3321 1234 3486 1288 divini
3523 1248 3650 1303 pro-

2073 1332 2248 1402 phetae
2270 1332 2383 1386 haec
2413 1341 2467 1386 et
2490 1331 2592 1384 alia
2626 1329 3022 1401 quamplurima
3053 1327 3230 1382 deillo
3257 1325 3482 1381 miritica
3510 1341 3650 1396 prae-

2071 1423 2340 1477 dixerant.
2399 1421 2611 1476 Abhinc
2659 1428 2822 1490 porr‘o
2857 1417 3290 1474 Christianorum
3333 1431 3502 1485 genus
3553 1417 3646 1486 qui

2069 1517 2139 1571 ab
2166 1530 2230 1571 eo
2273 1529 2468 1570 nomen
2515 1528 2816 1582 sumpsere,
2854 1513 2920 1567 ad
2949 1520 3187 1566 nostram
3228 1525 3400 1580 usque
3426 1518 3646 1564 (etatem

2069 1606 2844 1663 continuatum‘manctallaec
2872 1605 3034 1682 igitur
3061 1621 3183 1659 cum
3205 1604 3438 1673 scriptor
3465 1602 3553 1656 ille
3576 1617 3645 1657 ex

2069 1701 2311 1757 llrbrmis
2345 1701 2614 1756 oriundus
2639 1701 2703 1754 de
2731 1697 2944 1754 Joanne
2975 1698 3213 1768 Baptista
3247 1705 3301 1749 et
3343 1695 3410 1750 de
3441 1693 3641 1750 Serva-

346 1782 595 1852 γραφῇ,
646 1784 774 1853 περί
815 1800 870 1835 τε
915 1783 1006 1836 τοῦ
1056 1784 1360 1838 Βαπτιστοῦ
1430 1786 1675 1839 Ἰωάννου
1725 1787 1819 1842 καὶ
1869 1787 1955 1841 τοῦ

2073 1801 2188 1846 tore
2222 1782 2409 1846 uostro
2460 1791 2513 1846 in
2547 1791 2710 1847 libris
2763 1791 2876 1844 suis
2931 1787 3468 1852 commemoraverit,
3501 1787 3644 1855 quod

348 1871 638 1943 Σωτῆρος
679 1875 835 1946 ήμῶν
879 1877 1344 1948 παραδεδωκότος,
1385 1878 1467 1943 τίς
1506 1878 1570 1932 ἂν
1610 1878 1690 1933 ἐτι
1727 1877 1955 1934 λείποιτι

2059 1883 2172 1949 jam
2195 1880 2453 1949 effugium
2490 1881 2815 1952 relinquitur
2841 1881 2932 1935 his
2959 1880 3052 1950 qui
3079 1879 3345 1934 adversus
3375 1893 3469 1932 eos
3507 1877 3641 1931 Acta

345 1961 664 2034 ἀποφυγὴ,
711 1965 804 2018 τοῦ
851 1966 924 2037 μὴ
969 1967 1355 2038 ἀναισχύντους
1399 1968 1796 2040 ἀπελέγχεσθαι
1840 1971 1966 2034 τοὺς

348 2058 488 2108 κατ’
538 2057 723 2110 αὐτῶν
757 2057 1134 2130 πλασαμένους
1176 2060 1576 2132 ὑπομνήματα;
1609 2060 1765 2115 Ἀλλά
1789 2060 1963 2114 ταῦτα

352 2149 467 2219 μὲν
507 2151 689 2220 ἐχέτω
713 2149 903 2223 ταύτῃ.

900 2245 1302 2316 ΚΕΦΑΛΑΙΟΝ
1349 2245 1445 2298 ῙΒ’.

348 2335 507 2401 Περὶ
539 2332 664 2388 τῶν
684 2336 964 2405 μαθητῶν
992 2337 1096 2390 τοῦ
1130 2336 1401 2404 Σωτῆρος
1462 2335 1646 2405 ἡμῶν.
1709 2335 1847 2391 (Nic.
1881 2335 1956 2393 Η.

761 2404 822 2458 Ε.
860 2423 896 2470 l,
919 2407 1010 2471 2-1,
1034 2407 1123 2470 2‘2,
1159 2423 1328 2477 usque
1368 2409 1432 2460 ad
1469 2404 1586 2477 lin.)

430 2499 569 2553 Τῶν
602 2517 668 2568 γε
707 2501 812 2571 μὴν
857 2501 951 2554 τοῦ
1003 2500 1256 2572 Σωτῆρος
1289 2499 1622 2563 ἀποστόλων,
1676 2501 1839 2555 παντί
1882 2519 1960 2573 τῳ

305 2613 318 2622 ·
354 2593 555 2665 σαφὴς
613 2597 681 2647 ἐκ
750 2593 860 2648 τῶν
901 2593 1248 2662 Εὑαγγελίων
1301 2594 1334 2663 ἡ
1376 2593 1696 2664 πρόσρησις.
1745 2591 1866 2645 Τῶν
1913 2593 1957 2646 δ’

353 2685 745 2756 ἐϐδομήκοντα
779 2683 1056 2756 μαθητῶν,
1093 2683 1389 2751 κατάλογος
1418 2684 1516 2755 μὲν
1553 2684 1727 2747 οὐδεὶς
1750 2684 1956 2756 οὐδαμῆ

351 2777 602 2849 φέρεται
623 2795 636 2808 ·
681 2778 898 2845 λέγεταί
932 2795 994 2847 γε
1040 2778 1137 2849 μὲν
1166 2771 1244 2841 εἷς
1278 2776 1456 2830 αὐτῶν
1493 2777 1777 2849 Βαρνάϐας
1801 2794 1958 2846 γεγο-

353 2872 543 2933 νέναι,
573 2866 636 2926 οὗ
667 2872 939 2944 διαφόρως
971 2871 1065 2941 μὲν
1104 2873 1198 2924 καὶ
1233 2872 1288 2925 αἱ
1313 2869 1548 2942 Πράξεις
1581 2870 1689 2924 τῶν
1727 2870 1959 2925 ἀποστό-

353 2963 470 3017 λων
500 2964 942 3035 ἐμνημόνευσαν,
966 2965 1062 3033 οὐχ
1091 2964 1291 3034 ἥκιστα
1321 2963 1376 3015 δὲ
1403 2961 1497 3015 καὶ
1519 2964 1549 3016 ό
1574 2963 1786 3026 Παῦλος
1815 2962 1954 3035 γρά-

357 3076 482 3125 φων
519 3057 808 3120 Γαλάταις.
851 3055 1066 3109 Τούτων
1099 3055 1144 3109 δ’
1184 3051 1320 3108 εἷναί
1361 3072 1492 3126 φασι
1535 3055 1630 3108 καὶ
1669 3055 1954 3127 Σωσθένην

2065 1973 2152 2027 illa
2206 1973 2608 2037 confinxerunt,
2661 1973 2958 2042 quominus
3009 1967 3462 2042 impudentissimi
3521 1983 3645 2024 esse

2064 2065 2495 2122 convincantur?
2523 2064 2628 2121 Sed
2658 2065 2830 2120 dehis
2856 2063 3008 2119 satis.

2659 2248 2887 2306 CAPUT
2931 2248 3045 2304 ΧΠ.

2377 2343 2457 2398 De
2488 2341 2787 2399 Servatoris
2815 2345 2983 2398 nostri
3021 2342 3320 2412 discipulis.

2131 2497 2198 2552 Et
2219 2497 2586 2568 apostolorum
2612 2497 2830 2568 quidem
2875 2497 3183 2552 Servatoris
3217 2496 3399 2551 nostri
3415 2496 3635 2554 nomine

2059 2605 2126 2645 ex
2165 2589 2584 2662 Evangeliorum
2642 2589 2794 2645 libris
2847 2591 3128 2644 notissima
3182 2595 3308 2643 sunt
3358 2589 3634 2644 omnibus.

2059 2679 2213 2754 Quod
2240 2695 2367 2736 vero
2399 2681 2464 2735 ad
2497 2679 3166 2751 septuaginta'discipulos
3198 2679 3416 2744 attinet,
3442 2694 3632 2734 eorum

2059 2772 2232 2827 series
2257 2772 2445 2827 nullibi
2471 2773 2777 2843 perscripta
2809 2771 3100 2840 reperitur.
3134 2770 3335 2826 Fertur
3365 2781 3544 2826 tamen
3567 2785 3633 2824 ex

2057 2865 2269 2921 illorum
2309 2881 2538 2921 numero
2574 2879 2714 2919 unus
2768 2865 2933 2920 fuisse
2979 2863 3273 2930 Barnabas,
3329 2863 3482 2934 cujus
3511 2879 3632 2918 cum

2057 2957 2111 3011 in
2142 2957 2373 3012 Actibus
2420 2957 2788 3029 apostolorum
2830 2957 3023 3012 crebra
3077 2956 3135 3010 tit
3169 2957 3393 3024 mentio,
3437 2957 3632 3012 tumin

2055 3051 2207 3108 Pauli
2236 3055 2302 3108 ad
2323 3050 2543 3108 Galatas
2569 3051 2832 3122 Epistola.
2861 3050 2937 3104 Ex
2974 3051 3163 3104 iisdem
3209 3051 3372 3104 etiam
3406 3049 3634 3106 Sostlte—

354 3153 451 3204 τὸν
492 3151 617 3221 ἃμα
647 3149 844 3220 Παύλῳ
885 3148 1191 3221 Κορινθίοις
1211 3149 1611 3204 ἐπιστείλαντα.
1651 3149 1714 3201 Ἦ
1741 3148 1786 3201 δ’
1812 3150 1955 3202 ἱστο-

2059 3159 2176 3199 ncm
2214 3143 2381 3199 fuisse
2408 3145 2719 3215 perhibent,
2748 3159 2870 3197 eum
2903 3147 2993 3212 qui
3029 3158 3132 3195 una
3163 3158 3287 3197 cum
3338 3142 3505 3197 Paulo
3545 3143 3633 3197 lit-

359 3241 456 3312 ρία
505 3241 663 3312 παρὰ
709 3239 982 3310 Κλήμεντι
1012 3236 1154 3291 κατὰ
1191 3239 1289 3309 τὴν
1327 3237 1581 3310 πέμπτην
1621 3237 1730 3290 τῶν
1783 3239 1958 3292 ’Υπο-

357 3332 716 3392 τιπώσεων,
751 3332 808 3382 ἐν
891 3329 984 3382 καὶ
1007 3330 1222 3398 Κηφᾶν,
1250 3330 1375 3400 περὶ
1403 3322 1464 3382 οὗ
1483 3345 1646 3400 φησιν
1666 3330 1694 3382 ό
1714 3328 1951 3394 Παῦλοςο

366 3442 385 3474 1
423 3425 563 3478 Ὅτε
589 3424 645 3476 δὲ
669 3419 798 3495 ἦλθε
830 3424 1024 3494 Κηφᾶς
1062 3423 1138 3485 είς
1186 3421 1534 3493 Ἀντιόχειαν,
1565 3421 1706 3475 κατὰ
1737 3422 1953 3494 πρόσω-

361 3533 468 3569 πον
497 3515 652 3588 αὐτῷ
681 3514 940 3586 ἀντέστην
981 3514 1118 3583 (59.),
1161 3533 1179 3564 ι
1224 3513 1320 3566 ἐνα
1355 3513 1489 3585 φησὶ
1524 3513 1806 3583 γεγονέναι
1845 3514 1954 3569 τῶν

363 3608 744 3678 ἐϐδομήκοντα
779 3606 1056 3677 μαθητῶν,
1082 3606 1368 3678 ὁμώνυμον
1399 3610 1589 3681 Πέτρῳ
1618 3610 1952 3681 τυγχάνοντα

361 3697 445 3768 τῷ
479 3698 787 3768 ἀποστόλῳ.
829 3699 939 3751 Καὶ
971 3697 1217 3752 Ματθίαν
1264 3699 1320 3751 δὲ
1354 3701 1445 3752 τὸν
1478 3700 1600 3753 ἀντὶ
1641 3700 1814 3753 ,Ἰούδα
1855 3699 1950 3753 τοῦ

364 3791 634 3862 προδότου
661 3795 773 3853 τοῖς
799 3791 1115 3856 ἀποστόλοις
1153 3791 1608 3861 ἐγκαταλεγέντα,
1647 3792 1739 3847 τόν
1771 3810 1830 3847 τε
1857 3793 1952 3851 σὺν

365 3883 524 3954 αὐτῷ
556 3887 620 3954 τῇ
647 3883 810 3955 ὁμοίᾳ
841 3884 1004 3955 ψήφῳ
1038 3884 1356 3956 τιμηθέντα,
1382 3886 1481 3956 τῆς
1515 3885 1686 3954 αὐτῆς
1724 3885 1832 3938 τῶν
1863 3884 1954 3938 ἐᾶ-

364 3974 674 4046 δομήκοντα
731 3976 974 4048 κλήσεως
1021 3976 1286 4047 ἠξιῶσθαι
1339 3977 1558 4046 κατέχει
1614 3978 1790 4046 λόγος.
1842 3977 1953 4030 Καὶ.

366 4063 629 4118 Θαδδαῖον
664 4064 720 4117 δὲ
749 4065 845 4118 ἕνα
879 4065 987 4119 τῶν
1025 4066 1206 4119 αὐτῶν
1232 4063 1378 4124 εἷναί
1422 4085 1572 4136 φασι·
1603 4069 1731 4139 περὶ
1762 4060 1822 4121 οὗ
1857 4067 1952 4121 καὶ

371 4156 618 4228 ἱστορίαν
643 4156 902 4210 ἐλθοῦσαν
931 4160 1008 4222 εἰς
1032 4160 1202 4229 ἡμᾶς,
1226 4160 1423 4213 αὐτίκα
1454 4161 1596 4230 μάλα
1623 4161 1948 4231 ἐκθήσομαι.

368 4251 482 4304 Καὶ
510 4253 621 4304 τῶν
651 4252 1012 4324 ἑϐδομήκοντα
1039 4255 1096 4307 δὲ
1121 4254 1337 4318 πλείους
1365 4255 1457 4307 τοῦ
1491 4255 1745 4326 Σωτῆρος
1775 4272 1952 4327 πεφη-

370 4344 520 4398 νέναι
568 4343 811 4415 μαθητὰς
840 4343 1019 4418 εὕροις
1052 4345 1117 4400 ἂν
1161 4348 1515 4418 ἐπιτηρήσας,
1548 4348 1783 4419 μάρτυρι
1810 4347 1954 4420 χρὼ-

375 4454 536 4506 μενος
556 4437 633 4509 τῷ
669 4437 885 4509 Παύλῳ,
915 4439 1050 4510 μετὰ
1078 4438 1176 4510 τὴν
1202 4442 1265 4493 ἐκ
1295 4441 1504 4511 νεκρῶν
1527 4439 1744 4512 ἔγερσιν
1771 4435 1948 4508 ῶφθαι

382 4531 545 4586 αὐτὸν
585 4532 838 4602 φήσαντι,
866 4531 1081 4602 πρῶτον
1111 4533 1210 4602 μὲν
1251 4533 1416 4602 Κηφᾷ
1447 4530 1581 4602 (55),
1611 4531 1798 4585 ἔπειτα
1837 4534 1950 4596 τοῖς

2058 3246 2205 3292 teras
2237 3238 2302 3290 ad
2359 3237 2670 3291 Corinthios
2719 3236 2959 3305 scripsit.
2988 3235 3079 3290 Sic
3127 3235 3271 3288 cnim
3307 3233 3476 3290 refert
3506 3234 3632 3290 Cle-

2057 3347 2210 3386 mens
2232 3331 2286 3384 in
2316 3330 2660 3399 libroquinto
2687 3329 3114 3400 Hypotyposeon.
3138 3328 3192 3382 In
3223 3344 3330 3397 quo
3351 3329 3512 3383 etiam
3530 3329 3634 3385 Ce-
3703 3395 3708 3400 Α

2056 3425 2218 3496 pham
2252 3424 2401 3479 illum
2433 3429 2522 3479 cui
2559 3423 2904 3480 Antiochiam
2937 3424 3180 3494 ingresso
3210 3422 3408 3477 Paulus
3435 3438 3495 3478 se
3534 3438 3631 3492 pa-

2057 3516 2163 3570 lam
2203 3516 2468 3572 restitisse
2505 3517 2656 3581 dicit,
2684 3517 2940 3586 quouiam
2967 3517 3391 3586 reprehensione
3435 3516 3631 3586 dignus

2055 3617 2195 3673 erat,
2234 3623 2397 3662 unum
2423 3608 2499 3662 ait
2522 3607 2692 3663 fuisse
2709 3621 2773 3662 ex
2797 3608 3140 3678 septuaginta
3165 3608 3447 3678 discipulis
3470 3606 3632 3662 Petro

2056 3698 2301 3769 apostolo
2333 3699 2736 3770 cognominem.
2769 3697 3052 3752 Matthiam
3092 3713 3336 3769 quoque,
3369 3713 3491 3752 eum
3536 3699 3628 3768 qui

2055 3791 2206 3852 Iuda:
2258 3791 2561 3862 proditoris
2620 3791 2739 3845 loco
2790 3791 2844 3845 in
2912 3787 3198 3845 numerum
3261 3791 3630 3861 apostolorum

2055 3885 2157 3956 31
2195 3885 2469 3950 ascriptus
2497 3893 2672 3948 est,ct
2699 3885 2927 3938 alterum
2960 3884 3108 3937 illum
3139 3883 3230 3954 qui
3253 3899 3374 3938 cum
3402 3883 3626 3937 Mattbia

2054 3977 2173 4047 pari
2209 3975 2469 4046 suﬂ'ragio
2504 3977 2601 4030 fuit
2633 3978 2950 4042 honoratus,
2983 3975 3122 4030 fama
3153 3987 3237 4030 est
3268 3991 3334 4030 ex
3371 3977 3461 4031 illo
3480 3987 3628 4031 coetu

2053 4069 2399 4140 septuaginta
2430 4067 2823 4138 discipulorum
2881 4067 3074 4122 fuisse.
3123 4068 3456 4124 'l‘haddmum
3491 4085 3632 4139 pra:-

2057 4171 2202 4218 terea
2242 4177 2408 4215 unum
2443 4177 2510 4215 ex
2543 4159 2840 4214 illisfuisse
2864 4161 3063 4214 ferunt.
3097 4161 3172 4216 De
3200 4175 3308 4232 quo
3338 4162 3629 4217 historiam

2053 4269 2173 4322 qua:
2207 4253 2273 4307 ad
2303 4267 2401 4307 nos
2426 4269 2596 4319 usque
2628 4253 2898 4321 pervenit,
2945 4268 3066 4306 mox
3117 4262 3441 4306 narraturus
3481 4268 3627 4309 sum.

2051 4345 2206 4412 Quod
2262 4344 2306 4399 si
2364 4345 2488 4414 quis
2542 4343 3389 4414 observare'velitattentius,
3446 4345 3630 4415 plures

2053 4454 2218 4510 quam
2291 4439 2633 4508 septuaginta
2677 4441 2915 4508 reperiet
2975 4439 3282 4495 Servatoris
3328 4441 3498 4494 nostri
3541 4439 3628 4495 di-

2054 4530 2320 4601 scipulos,
2354 4530 2436 4584 vel
2457 4547 2521 4584 ex
2552 4530 2712 4584 unius
2758 4529 2912 4585 Pauli
2950 4533 3296 4586 testimonio:
3328 4533 3418 4603 qui
3469 4532 3630 4587 Citri-

376 4649 574 4714 quippe
626 4644 722 4714 uiri
764 4644 863 4696 sub
913 4652 1156 4697 extrema
1198 4644 1484 4696 Domitiani
1525 4653 1769 4713 tempora
1801 4643 1951 4697 Anti-
1983 4646 2026 4699 D
2057 4642 2292 4714 bantur;
2326 4641 2523 4710 quibus
2546 4641 2793 4710 prolatis,
2828 4641 3143 4698 facillimum
3172 4643 3364 4700 fuisset
3407 4642 3625 4701 Eusebii

376 4713 874 4786 quitatesJudaicas
905 4714 1254 4786 pitltlicasset.
1284 4716 1360 4786 Ad
1396 4715 1732 4786 illudqautem
1782 4730 1944 4779 argu-

380 4781 619 4842 iuentum
653 4785 794 4852 quod
823 4800 887 4836 ex
923 4781 1153 4848 Origene
1180 4785 1416 4845 ducitur,
1443 4783 1620 4837 facilis
1647 4794 1730 4838 est
1757 4794 1810 4837 et
1844 4800 1943 4837 ex-

381 4859 558 4924 pedita
593 4853 892 4924 responsio.
926 4853 1101 4920 Negat
1153 4854 1370 4921 quidem
1403 4853 1664 4924 origenes
1699 4855 1750 4906 in
1792 4853 1946 4908 libris

381 4921 562 4980 contra
582 4924 808 4986 Celsum,
831 4921 1121 4991 Josephum
1144 4926 1428 4990 agnovisse
1449 4921 1633 4977 Jcﬁsum
1647 4924 1943 4989 Christum,

382 4999 434 5050 id
481 5006 566 5050 est
594 4995 894 5047 credidisse
923 4995 1162 5057 Christo,
1213 5010 1309 5046 seu
1340 4994 1707 5047 Christianum
1751 4994 1940 5048 fuisse.

384 5067 488 5121 Sed
519 5079 690 5132 neque
712 5078 775 5116 ex
809 5065 910 5118 hoc
936 5064 1154 5130 Josephi
1207 5065 1324 5118 loco
1367 5080 1524 5131 quem
1556 5066 1642 5118 hic
1670 5065 1802 5118 citat
1841 5065 1948 5119 Eu-

385 5137 586 5195 sebius,
614 5135 864 5202 sequitur
893 5133 1183 5202 Jnsephum
1205 5135 1411 5202 Christi
1443 5137 1599 5188 iidem
1633 5136 1939 5200 amplexum

387 5205 567 5261 fuisse.
596 5199 850 5269 Quau‘tvis
875 5199 1355 5277 enimdicatobto;
1383 5201 1450 5276 ἦν
1473 5206 1500 5256 ὁ
1533 5199 1787 5277 Χριστός,
1817 5207 1944 5259 sub-

385 5278 704 5346 audiendum
751 5287 834 5328 est
862 5275 1186 5346 λεγόμενος.
1224 5277 1275 5329 id
1315 5275 1417 5337 est,
1447 5277 1529 5328 hic
1561 5275 1636 5329 est
1676 5279 1763 5344 qui
1795 5277 1941 5328 dice-

389 5347 540 5400 batur
563 5345 825 5401 Christus.
855 5345 971 5398 Jam
1001 5345 1128 5398 Vero
1178 5349 1321 5414 quod
1353 5346 1541 5399 scribit
1570 5359 1760 5401 auctor
1793 5348 1939 5402 illius

391 5415 569 5478 libelli,
607 5417 896 5469 Eusebium
939 5427 1180 5470 nostrum
1213 5418 1382 5484 hujus'
1412 5416 1663 5471 falsitatis
1703 5419 1940 5470 archite-

391 5498 527 5540 ctum
563 5487 752 5549 luisse,
778 5502 1050 5554 nunquam
1088 5487 1329 5553 profecto
1360 5489 1592 5540 cordatis
1629 5486 1937 5542 hominibus

393 5557 440 5611 id
466 5560 790 5626 persuadere
817 5558 1034 5624 poterit.
1077 5557 1211 5610 Nam
1248 5557 1333 5611 cui
1383 5559 1524 5611 bono
1574 5558 1622 5609 id
1674 5557 1937 5616 Eusebius

390 5631 690 5698 contingere
713 5627 1009 5698 voluisset?
1028 5628 1108 5681 An
1135 5644 1200 5682 ex
1227 5629 1535 5698 testimonio
1560 5627 1778 5696 Iosephi
1809 5644 1939 5696 peu-

392 5696 546 5760 debat
571 5696 843 5751 'divinitas
890 5697 1128 5753 Christi?
1158 5700 1349 5757 Aunou
1383 5697 1596 5756 Eusebii
1623 5707 1782 5752 mtate
1816 5699 1935 5752 ltbri

389 5765 770 5840 Antiquitatum
807 5764 1026 5838 Iosephi
1059 5768 1111 5824 in
1146 5769 1397 5826 omnibus
1433 5768 1770 5828 bibliothecis
1807 5763 1936 5826 visev

2056 4713 2300 4766 fraudem
2330 4714 2678 4766 convincere.

2125 4781 2238 4853 (52)
2266 4783 2429 4836 Κατὰ
2478 4784 2804 4853 πρόσωπον
2835 4782 2994 4848 αὐτῷ
3019 4782 3340 4852 ἀντέστην.
3369 4784 3497 4838 Post
3532 4787 3627 4840 has

2050 4852 2212 4908 voCes
2241 4855 2292 4906 in
2318 4855 2554 4907 editione
2581 4852 2873 4906 Parisiensi
2910 4871 2973 4908 ac
3003 4855 3302 4923 Genevensi
3325 4868 3627 4923 sequuntur

2054 4925 2168 4997 Itafc
2214 4924 2400 4997 verba,
2436 4922 3150 4997 r'o'rtua'reygmapévoq‘ﬁv,
3202 4940 3321 4997 qua:
3375 4922 3628 4996 leguntur

2053 4995 2217 5049 etiam
2254 4995 2304 5046 in
2349 4993 2587 5060 Epistula
2621 4996 2686 5047 ad
2715 4993 2955 5048 Galatas.
3009 4993 3114 5049 Sed
3151 4993 3406 5063 quoniam
3431 4993 3540 5050 itcc
3571 4999 3623 5052 in

2054 5064 2339 5118 codicibus
2371 5065 2574 5118 nostris
2595 5063 2760 5127 Maz.,
2795 5065 2958 5130 Mcd.,
3000 5065 3135 5120 Fuk.
3171 5082 3270 5120 uec
3295 5068 3436 5134 apud
3468 5066 3628 5120 Βυοη

2049 5151 2176 5189 nutu
2211 5135 2500 5198 habentur,
2557 5147 2612 5188 et
2661 5135 2860 5204 aiioqui
2903 5152 3097 5205 parum
3149 5139 3461 5191 necessaria
3495 5148 3625 5192 suut

2045 5205 2150 5259 hoc
2180 5205 2317 5268 loco,
2347 5207 2543 5258 merito
2565 5221 2626 5257 ea
2665 5206 2983 5261 delevimus.
3005 5205 3148 5260 Idem
3187 5225 3214 5260 a
3245 5210 3406 5261 nobis
3422 5208 3622 5262 factum

2048 5285 2132 5346 est
2164 5275 2320 5343 paulo
2355 5285 2538 5338 postea
2561 5277 2612 5346 in
2644 5275 2744 5330 hoc
2778 5277 2893 5344 ipso
2920 5279 3118 5345 capite.
3155 5278 3285 5331 Nam
3309 5289 3429 5346 post
3461 5277 3624 5332 verba

2045 5345 2271 5408 illa,xai.
2295 5346 2557 5399 Θαδδαῖον
2585 5345 2663 5406 δέ,
2703 5348 2897 5399 lineam
2929 5348 3191 5415 integram
3216 5345 3576 5415 expuuximus
3602 5364 3621 5408 ;

2041 5415 2154 5489 lucc
2181 5417 2584 5489 scilicetverha,
2609 5415 2700 5470 τὸν
2726 5417 2829 5470 ὑπὸ
2856 5416 3028 5489 emas
3048 5417 3187 5472 κατὰ
3219 5417 3508 5489 πρόσταξιν
3528 5416 3623 5473 τοῦ

2059 5486 2233 5557 Ἰησιοῦ
2267 5486 2344 5557 τῷ
2383 5487 2636 5560 Ἀγὸἀρῳ
2667 5489 2804 5560 πρὸς
2854 5486 2996 5560 ἴασιν
3047 5486 3422 5560 ἀποσταλέντα
3447 5505 3460 5518 ·
3505 5504 3624 5553 (ltuit

2045 5555 2568 5630 leguntnequidem
2608 5555 2665 5612 in
2713 5555 2917 5614 'codice
2959 5559 3146 5630 Regio,
3203 5561 3295 5612 sed
3349 5559 3552 5630 absunt
3591 5577 3621 5612 a

2044 5629 2222 5754 gibus
2245 5627 2496 5697 reliquis,
2522 5644 2622 5690 nec
2655 5630 2926 5695 habentur:
2950 5632 3006 5690 iu
3036 5627 3482 5698 iitterprctatioue
3511 5629 3622 5684 Bu-

2087 5714 2163 5752 tit.

2087 5714 2163 5752 Ill.

2119 5767 2229 5840 (53)
2268 5769 2509 5839 Πρῶτον
2543 5772 2661 5842 μὲν
2680 5770 2876 5841 Κηφᾷ.
2905 5769 3124 5828 Rectius
3157 5776 3208 5829 iu
3245 5773 3450 5830 nostris
3474 5773 3623 5830 codi-
