  <div class='ocr_page' id='page_1' title='image "/cluster/home/n/w/nwhite01/storage/ocr_20150623/20/hvd.32044073501181/073.png"; bbox 0 0 4054 6456; ppageno 0'>
   <div class='ocr_carea' id='block_1_1' title="bbox 399 290 502 345">
    <p class='ocr_par' dir='ltr' id='par_1_1' title="bbox 399 290 502 345">
     <span class='ocr_line' id='line_1_1' title="bbox 399 290 502 345; baseline -0.029 -1"><span class='ocrx_word' id='word_1_1' title='bbox 399 290 502 345; x_wconf 75' lang='lat' dir='ltr'><strong>H9</strong></span> 
     </span>
    </p>
   </div>
   <div class='ocr_carea' id='block_1_2' title="bbox 1103 270 2906 348">
    <p class='ocr_par' dir='ltr' id='par_1_2' title="bbox 1103 270 2906 348">
     <span class='ocr_line' id='line_1_2' title="bbox 1103 270 2906 348; baseline 0.004 -8"><span class='ocrx_word' id='word_1_2' title='bbox 1103 286 1372 342; x_wconf 82' lang='lat' dir='ltr'><strong>EUSEBll</strong></span> <span class='ocrx_word' id='word_1_3' title='bbox 1409 287 1883 347; x_wconf 69' lang='lat' dir='ltr'><strong>CESARIENSIS</strong></span> <span class='ocrx_word' id='word_1_4' title='bbox 1920 289 2066 346; x_wconf 77' lang='lat' dir='ltr'><strong>OPR.</strong></span> <span class='ocrx_word' id='word_1_5' title='bbox 2107 287 2286 344; x_wconf 74' lang='lat' dir='ltr'><strong>PARS</strong></span> <span class='ocrx_word' id='word_1_6' title='bbox 2332 270 2373 335; x_wconf 77' lang='lat' dir='ltr'><strong>l-</strong></span> <span class='ocrx_word' id='word_1_7' title='bbox 2415 320 2484 330; x_wconf 73' lang='grc'><strong>-</strong></span> <span class='ocrx_word' id='word_1_8' title='bbox 2521 291 2906 348; x_wconf 74' lang='lat' dir='ltr'><strong>lilSTORlCA.</strong></span> 
     </span>
    </p>
   </div>
   <div class='ocr_carea' id='block_1_3' title="bbox 3534 303 3632 360">
    <p class='ocr_par' dir='ltr' id='par_1_3' title="bbox 3534 303 3632 360">
     <span class='ocr_line' id='line_1_3' title="bbox 3534 303 3632 360; baseline 0.041 -5"><span class='ocrx_word' id='word_1_9' title='bbox 3534 303 3632 360; x_wconf 73' lang='grc'><strong>120</strong></span> 
     </span>
    </p>
   </div>
   <div class='ocr_carea' id='block_1_4' title="bbox 396 402 1961 480">
    <p class='ocr_par' dir='ltr' id='par_1_4' title="bbox 396 405 1960 473">
     <span class='ocr_line' id='line_1_4' title="bbox 396 405 1960 473; baseline -0.001 -15"><span class='ocrx_word' id='word_1_10' title='bbox 396 419 540 458; x_wconf 82' lang='lat' dir='ltr'><strong>stum</strong></span> <span class='ocrx_word' id='word_1_11' title='bbox 589 414 874 472; x_wconf 86' lang='lat' dir='ltr'><strong>postquam</strong></span> <span class='ocrx_word' id='word_1_12' title='bbox 921 419 952 458; x_wconf 87' lang='lat' dir='ltr'><strong>a</strong></span> <span class='ocrx_word' id='word_1_13' title='bbox 1005 405 1234 458; x_wconf 76' lang='lat' dir='ltr'><strong>mortuis</strong></span> <span class='ocrx_word' id='word_1_14' title='bbox 1280 405 1577 458; x_wconf 76' lang='lat' dir='ltr'><strong>suscitatus</strong></span> <span class='ocrx_word' id='word_1_15' title='bbox 1623 416 1728 469; x_wconf 88' lang='lat' dir='ltr'><strong>est,</strong></span> <span class='ocrx_word' id='word_1_16' title='bbox 1783 407 1960 473; x_wconf 90' lang='lat' dir='ltr'><strong>primo</strong></span> 
     </span>
    </p>
   </div>
   <div class='ocr_carea' id='block_1_5' title="bbox 2066 402 3630 480">
    <p class='ocr_par' dir='ltr' id='par_1_5' title="bbox 2066 402 3630 480">
     <span class='ocr_line' id='line_1_5' title="bbox 2066 402 3630 480; baseline 0.013 -25"><span class='ocrx_word' id='word_1_17' title='bbox 2066 402 2287 470; x_wconf 82' lang='grc' dir='ltr'>δώδεκα,</span> <span class='ocrx_word' id='word_1_18' title='bbox 2319 402 2416 456; x_wconf 74' lang='grc' dir='ltr'><strong>καὶ</strong></span> <span class='ocrx_word' id='word_1_19' title='bbox 2444 406 2582 474; x_wconf 75' lang='grc' dir='ltr'>μετὰ</span> <span class='ocrx_word' id='word_1_20' title='bbox 2612 406 2853 471; x_wconf 77' lang='grc' dir='ltr'><strong>τούτους,</strong></span> <span class='ocrx_word' id='word_1_21' title='bbox 2884 406 3067 462; x_wconf 83' lang='grc' dir='ltr'><strong>ὲπάνω</strong></span> <span class='ocrx_word' id='word_1_22' title='bbox 3091 414 3463 480; x_wconf 78' lang='grc' dir='ltr'>πεντακοσίοις</span> <span class='ocrx_word' id='word_1_23' title='bbox 3481 419 3630 474; x_wconf 84' lang='grc' dir='ltr'>ἁδελ-</span> 
     </span>
    </p>
   </div>
   <div class='ocr_carea' id='block_1_6' title="bbox 395 494 1954 564">
    <p class='ocr_par' dir='ltr' id='par_1_6' title="bbox 395 494 1954 564">
     <span class='ocr_line' id='line_1_6' title="bbox 395 494 1954 564; baseline 0.001 -16"><span class='ocrx_word' id='word_1_24' title='bbox 395 495 634 548; x_wconf 87' lang='lat' dir='ltr'><strong>omniuiu</strong></span> <span class='ocrx_word' id='word_1_25' title='bbox 665 494 862 564; x_wconf 81' lang='lat' dir='ltr'><strong>Cepha:</strong></span> <span class='ocrx_word' id='word_1_26' title='bbox 894 495 1212 562; x_wconf 79' lang='lat' dir='ltr'><strong>apparuisse</strong></span> <span class='ocrx_word' id='word_1_27' title='bbox 1240 494 1395 555; x_wconf 88' lang='lat' dir='ltr'><strong>dicit,</strong></span> <span class='ocrx_word' id='word_1_28' title='bbox 1422 496 1620 550; x_wconf 87' lang='lat' dir='ltr'><strong>deinde</strong></span> <span class='ocrx_word' id='word_1_29' title='bbox 1645 497 1954 559; x_wconf 82' lang='lat' dir='ltr'><strong>duodecim,</strong></span> 
     </span>
    </p>
   </div>
   <div class='ocr_carea' id='block_1_7' title="bbox 394 586 1956 657">
    <p class='ocr_par' dir='ltr' id='par_1_7' title="bbox 394 586 1956 657">
     <span class='ocr_line' id='line_1_7' title="bbox 394 586 1956 657; baseline 0.001 -16"><span class='ocrx_word' id='word_1_30' title='bbox 394 599 450 642; x_wconf 88' lang='lat' dir='ltr'><strong>et</strong></span> <span class='ocrx_word' id='word_1_31' title='bbox 487 595 607 657; x_wconf 89' lang='lat' dir='ltr'><strong>post</strong></span> <span class='ocrx_word' id='word_1_32' title='bbox 636 587 734 640; x_wconf 91' lang='lat' dir='ltr'><strong>hos</strong></span> <span class='ocrx_word' id='word_1_33' title='bbox 769 587 885 655; x_wconf 83' lang='lat' dir='ltr'><strong>plus</strong></span> <span class='ocrx_word' id='word_1_34' title='bbox 913 601 1076 656; x_wconf 89' lang='lat' dir='ltr'><strong>quam</strong></span> <span class='ocrx_word' id='word_1_35' title='bbox 1107 586 1422 656; x_wconf 87' lang='lat' dir='ltr'><strong>quingentis</strong></span> <span class='ocrx_word' id='word_1_36' title='bbox 1478 586 1739 642; x_wconf 72' lang='lat' dir='ltr'><strong>fratribus</strong></span> <span class='ocrx_word' id='word_1_37' title='bbox 1774 589 1956 643; x_wconf 87' lang='lat' dir='ltr'><strong>simul.</strong></span> 
     </span>
    </p>
   </div>
   <div class='ocr_carea' id='block_1_8' title="bbox 397 679 1961 750">
    <p class='ocr_par' dir='ltr' id='par_1_8' title="bbox 397 679 1961 750">
     <span class='ocr_line' id='line_1_8' title="bbox 397 679 1961 750; baseline 0.001 -18"><span class='ocrx_word' id='word_1_38' title='bbox 397 680 472 733; x_wconf 65' lang='lat' dir='ltr'><strong>lix</strong></span> <span class='ocrx_word' id='word_1_39' title='bbox 500 679 696 748; x_wconf 83' lang='lat' dir='ltr'><strong>quibus</strong></span> <span class='ocrx_word' id='word_1_40' title='bbox 725 679 1012 734; x_wconf 89' lang='lat' dir='ltr'><strong>nonnullos</strong></span> <span class='ocrx_word' id='word_1_41' title='bbox 1055 679 1277 748; x_wconf 87' lang='lat' dir='ltr'><strong>quidem</strong></span> <span class='ocrx_word' id='word_1_42' title='bbox 1321 687 1550 734; x_wconf 89' lang='lat' dir='ltr'><strong>mortem</strong></span> <span class='ocrx_word' id='word_1_43' title='bbox 1583 680 1807 744; x_wconf 88' lang='lat' dir='ltr'><strong>obiisse,</strong></span> <span class='ocrx_word' id='word_1_44' title='bbox 1842 681 1961 750; x_wconf 89' lang='lat' dir='ltr'><strong>ple-</strong></span> 
     </span>
    </p>
   </div>
   <div class='ocr_carea' id='block_1_9' title="bbox 398 769 1956 840">
    <p class='ocr_par' dir='ltr' id='par_1_9' title="bbox 398 769 1956 840">
     <span class='ocr_line' id='line_1_9' title="bbox 398 769 1956 840; baseline 0.001 -16"><span class='ocrx_word' id='word_1_45' title='bbox 398 787 594 840; x_wconf 84' lang='lat' dir='ltr'><strong>rosque</strong></span> <span class='ocrx_word' id='word_1_46' title='bbox 654 786 782 825; x_wconf 77' lang='lat' dir='ltr'><strong>vero</strong></span> <span class='ocrx_word' id='word_1_47' title='bbox 835 773 1014 825; x_wconf 91' lang='lat' dir='ltr'><strong>adhuc</strong></span> <span class='ocrx_word' id='word_1_48' title='bbox 1064 770 1386 838; x_wconf 76' lang='lat' dir='ltr'><strong>superstites</strong></span> <span class='ocrx_word' id='word_1_49' title='bbox 1437 769 1604 825; x_wconf 79' lang='lat' dir='ltr'><strong>fuisse</strong></span> <span class='ocrx_word' id='word_1_50' title='bbox 1642 772 1802 824; x_wconf 84' lang='lat' dir='ltr'><strong>tradit</strong></span> <span class='ocrx_word' id='word_1_51' title='bbox 1832 787 1956 826; x_wconf 93' lang='lat' dir='ltr'><strong>cum</strong></span> 
     </span>
    </p>
   </div>
   <div class='ocr_carea' id='block_1_10' title="bbox 397 860 1956 930">
    <p class='ocr_par' dir='ltr' id='par_1_10' title="bbox 397 860 1956 930">
     <span class='ocr_line' id='line_1_10' title="bbox 397 860 1956 930; baseline 0.001 -16"><span class='ocrx_word' id='word_1_52' title='bbox 397 862 510 914; x_wconf 60' lang='lat' dir='ltr'><strong>huic</strong></span> <span class='ocrx_word' id='word_1_53' title='bbox 545 862 829 916; x_wconf 83' lang='lat' dir='ltr'><strong>scriberet.</strong></span> <span class='ocrx_word' id='word_1_54' title='bbox 862 860 990 915; x_wconf 85' lang='lat' dir='ltr'><strong>lude</strong></span> <span class='ocrx_word' id='word_1_55' title='bbox 1020 860 1224 916; x_wconf 82' lang='lat' dir='ltr'><strong>Jacobo</strong></span> <span class='ocrx_word' id='word_1_56' title='bbox 1255 861 1408 916; x_wconf 91' lang='lat' dir='ltr'><strong>illum</strong></span> <span class='ocrx_word' id='word_1_57' title='bbox 1437 865 1755 930; x_wconf 78' lang='lat' dir='ltr'><strong>apparuisse</strong></span> <span class='ocrx_word' id='word_1_58' title='bbox 1786 872 1956 918; x_wconf 87' lang='lat' dir='ltr'><strong>testa-</strong></span> 
     </span>
    </p>
   </div>
   <div class='ocr_carea' id='block_1_11' title="bbox 398 950 1956 1021">
    <p class='ocr_par' dir='ltr' id='par_1_11' title="bbox 398 950 1956 1021">
     <span class='ocr_line' id='line_1_11' title="bbox 398 950 1956 1021; baseline 0.003 -17"><span class='ocrx_word' id='word_1_59' title='bbox 398 962 506 1009; x_wconf 90' lang='lat' dir='ltr'><strong>tur.</strong></span> <span class='ocrx_word' id='word_1_60' title='bbox 544 950 697 1006; x_wconf 88' lang='lat' dir='ltr'><strong>Unus</strong></span> <span class='ocrx_word' id='word_1_61' title='bbox 717 952 802 1006; x_wconf 91' lang='lat' dir='ltr'><strong>hic</strong></span> <span class='ocrx_word' id='word_1_62' title='bbox 831 968 896 1006; x_wconf 79' lang='lat' dir='ltr'><strong>ex</strong></span> <span class='ocrx_word' id='word_1_63' title='bbox 928 952 1268 1021; x_wconf 78' lang='lat' dir='ltr'><strong>septuaginta</strong></span> <span class='ocrx_word' id='word_1_64' title='bbox 1296 952 1682 1020; x_wconf 88' lang='lat' dir='ltr'><strong>discipulorum</strong></span> <span class='ocrx_word' id='word_1_65' title='bbox 1709 969 1956 1019; x_wconf 78' lang='lat' dir='ltr'><strong>numero,</strong></span> 
     </span>
    </p>
   </div>
   <div class='ocr_carea' id='block_1_12' title="bbox 395 1043 1956 1114">
    <p class='ocr_par' dir='ltr' id='par_1_12' title="bbox 395 1043 1956 1114">
     <span class='ocr_line' id='line_1_12' title="bbox 395 1043 1956 1114; baseline 0.004 -19"><span class='ocrx_word' id='word_1_66' title='bbox 395 1054 460 1095; x_wconf 80' lang='lat' dir='ltr'><strong>ac</strong></span> <span class='ocrx_word' id='word_1_67' title='bbox 487 1052 745 1111; x_wconf 52' lang='lat' dir='ltr'><strong>praeterea</strong></span> <span class='ocrx_word' id='word_1_68' title='bbox 785 1059 850 1096; x_wconf 80' lang='lat' dir='ltr'><strong>ex</strong></span> <span class='ocrx_word' id='word_1_69' title='bbox 885 1043 1143 1098; x_wconf 80' lang='lat' dir='ltr'><strong>fratribus</strong></span> <span class='ocrx_word' id='word_1_70' title='bbox 1173 1044 1379 1098; x_wconf 89' lang='lat' dir='ltr'><strong>Domini</strong></span> <span class='ocrx_word' id='word_1_71' title='bbox 1418 1043 1585 1098; x_wconf 75' lang='lat' dir='ltr'><strong>fuisse</strong></span> <span class='ocrx_word' id='word_1_72' title='bbox 1619 1045 1956 1114; x_wconf 86' lang='lat' dir='ltr'><strong>perhibetur.</strong></span> 
     </span>
    </p>
   </div>
   <div class='ocr_carea' id='block_1_13' title="bbox 395 1135 1961 1201">
    <p class='ocr_par' dir='ltr' id='par_1_13' title="bbox 395 1135 1961 1201">
     <span class='ocr_line' id='line_1_13' title="bbox 395 1135 1961 1201; baseline 0.002 -13"><span class='ocrx_word' id='word_1_73' title='bbox 395 1135 676 1188; x_wconf 74' lang='lat' dir='ltr'><strong>Postremo</strong></span> <span class='ocrx_word' id='word_1_74' title='bbox 723 1150 844 1187; x_wconf 90' lang='lat' dir='ltr'><strong>cum</strong></span> <span class='ocrx_word' id='word_1_75' title='bbox 901 1143 1100 1201; x_wconf 77' lang='lat' dir='ltr'><strong>praeter</strong></span> <span class='ocrx_word' id='word_1_76' title='bbox 1150 1135 1435 1189; x_wconf 90' lang='lat' dir='ltr'><strong>duodecim</strong></span> <span class='ocrx_word' id='word_1_77' title='bbox 1465 1145 1647 1189; x_wconf 85' lang='lat' dir='ltr'><strong>essent</strong></span> <span class='ocrx_word' id='word_1_78' title='bbox 1689 1137 1776 1190; x_wconf 84' lang='lat' dir='ltr'><strong>alii</strong></span> <span class='ocrx_word' id='word_1_79' title='bbox 1800 1152 1961 1200; x_wconf 67' lang='grc' dir='ltr'>,τοίη-</span> 
     </span>
    </p>
   </div>
   <div class='ocr_carea' id='block_1_14' title="bbox 394 1223 1961 1295">
    <p class='ocr_par' dir='ltr' id='par_1_14' title="bbox 394 1223 1961 1295">
     <span class='ocr_line' id='line_1_14' title="bbox 394 1223 1961 1295; baseline 0.006 -23"><span class='ocrx_word' id='word_1_80' title='bbox 394 1224 577 1288; x_wconf 84' lang='lat' dir='ltr'><strong>plures</strong></span> <span class='ocrx_word' id='word_1_81' title='bbox 601 1223 692 1293; x_wconf 89' lang='lat' dir='ltr'><strong>qui</strong></span> <span class='ocrx_word' id='word_1_82' title='bbox 726 1224 894 1278; x_wconf 87' lang='lat' dir='ltr'><strong>instar</strong></span> <span class='ocrx_word' id='word_1_83' title='bbox 930 1225 1142 1278; x_wconf 89' lang='lat' dir='ltr'><strong>illorum</strong></span> <span class='ocrx_word' id='word_1_84' title='bbox 1188 1226 1418 1295; x_wconf 83' lang='lat' dir='ltr'><strong>apostoli</strong></span> <span class='ocrx_word' id='word_1_85' title='bbox 1470 1227 1816 1293; x_wconf 87' lang='lat' dir='ltr'><strong>dicebantur,</strong></span> <span class='ocrx_word' id='word_1_86' title='bbox 1866 1244 1961 1282; x_wconf 88' lang='lat' dir='ltr'><strong>cu-</strong></span> 
     </span>
    </p>
   </div>
   <div class='ocr_carea' id='block_1_15' title="bbox 389 1314 1960 1389">
    <p class='ocr_par' dir='ltr' id='par_1_15' title="bbox 389 1314 1960 1389">
     <span class='ocr_line' id='line_1_15' title="bbox 389 1314 1960 1389; baseline 0.008 -26"><span class='ocrx_word' id='word_1_87' title='bbox 389 1314 623 1381; x_wconf 85' lang='lat' dir='ltr'><strong>jusmndi</strong></span> <span class='ocrx_word' id='word_1_88' title='bbox 652 1315 814 1368; x_wconf 88' lang='lat' dir='ltr'><strong>etiam</strong></span> <span class='ocrx_word' id='word_1_89' title='bbox 848 1315 1208 1383; x_wconf 87' lang='lat' dir='ltr'><strong>eratPaulus,</strong></span> <span class='ocrx_word' id='word_1_90' title='bbox 1230 1319 1346 1373; x_wconf 64' lang='lat' dir='ltr'><strong>haec</strong></span> <span class='ocrx_word' id='word_1_91' title='bbox 1379 1319 1624 1389; x_wconf 86' lang='lat' dir='ltr'><strong>adjungit</strong></span> <span class='ocrx_word' id='word_1_92' title='bbox 1654 1338 1667 1376; x_wconf 89' lang='lat'><strong>:</strong></span> <span class='ocrx_word' id='word_1_93' title='bbox 1703 1339 1722 1371; x_wconf 76' lang='grc' dir='ltr'><strong>ι</strong></span> <span class='ocrx_word' id='word_1_94' title='bbox 1757 1321 1960 1376; x_wconf 85' lang='lat' dir='ltr'><strong>Deinde</strong></span> 
     </span>
    </p>
   </div>
   <div class='ocr_carea' id='block_1_16' title="bbox 395 1405 1958 1479">
    <p class='ocr_par' dir='ltr' id='par_1_16' title="bbox 395 1405 1958 1479">
     <span class='ocr_line' id='line_1_16' title="bbox 395 1405 1958 1479; baseline 0.009 -26"><span class='ocrx_word' id='word_1_95' title='bbox 395 1405 544 1458; x_wconf 83' lang='lat' dir='ltr'><strong>visus</strong></span> <span class='ocrx_word' id='word_1_96' title='bbox 584 1415 671 1460; x_wconf 89' lang='lat' dir='ltr'><strong>est</strong></span> <span class='ocrx_word' id='word_1_97' title='bbox 719 1407 970 1462; x_wconf 91' lang='lat' dir='ltr'><strong>omnibus</strong></span> <span class='ocrx_word' id='word_1_98' title='bbox 1013 1409 1295 1479; x_wconf 84' lang='lat' dir='ltr'><strong>apostolis.</strong></span> <span class='ocrx_word' id='word_1_99' title='bbox 1328 1429 1346 1462; x_wconf 70' lang='grc' dir='ltr'><strong>ι</strong></span> <span class='ocrx_word' id='word_1_100' title='bbox 1397 1410 1504 1465; x_wconf 88' lang='lat' dir='ltr'><strong>Sed</strong></span> <span class='ocrx_word' id='word_1_101' title='bbox 1551 1411 1618 1468; x_wconf 87' lang='lat' dir='ltr'><strong>de</strong></span> <span class='ocrx_word' id='word_1_102' title='bbox 1668 1411 1754 1466; x_wconf 91' lang='lat' dir='ltr'><strong>his</strong></span> <span class='ocrx_word' id='word_1_103' title='bbox 1799 1411 1958 1467; x_wconf 88' lang='lat' dir='ltr'><strong>satis.</strong></span> 
     </span>
    </p>
   </div>
   <div class='ocr_carea' id='block_1_17' title="bbox 397 1497 1958 1574">
    <p class='ocr_par' dir='ltr' id='par_1_17' title="bbox 397 1497 1958 1574">
     <span class='ocr_line' id='line_1_17' title="bbox 397 1497 1958 1574; baseline 0.006 -24"><span class='ocrx_word' id='word_1_104' title='bbox 397 1497 636 1553; x_wconf 79' lang='lat' dir='ltr'><strong>llistoria</strong></span> <span class='ocrx_word' id='word_1_105' title='bbox 672 1515 799 1554; x_wconf 90' lang='lat' dir='ltr'><strong>vero</strong></span> <span class='ocrx_word' id='word_1_106' title='bbox 831 1501 899 1554; x_wconf 91' lang='lat' dir='ltr'><strong>de</strong></span> <span class='ocrx_word' id='word_1_107' title='bbox 927 1500 1199 1558; x_wconf 69' lang='lat' dir='ltr'><strong>Thaddaeo</strong></span> <span class='ocrx_word' id='word_1_108' title='bbox 1230 1504 1386 1574; x_wconf 87' lang='lat' dir='ltr'><strong>cujus</strong></span> <span class='ocrx_word' id='word_1_109' title='bbox 1419 1520 1580 1574; x_wconf 83' lang='lat' dir='ltr'><strong>supra</strong></span> <span class='ocrx_word' id='word_1_110' title='bbox 1632 1506 1958 1562; x_wconf 88' lang='lat' dir='ltr'><strong>mentionem</strong></span> 
     </span>
    </p>
   </div>
   <div class='ocr_carea' id='block_1_18' title="bbox 396 1591 1630 1663">
    <p class='ocr_par' dir='ltr' id='par_1_18' title="bbox 396 1591 1630 1663">
     <span class='ocr_line' id='line_1_18' title="bbox 396 1591 1630 1663; baseline 0.004 -18"><span class='ocrx_word' id='word_1_111' title='bbox 396 1591 643 1656; x_wconf 77' lang='lat' dir='ltr'><strong>iecimus,</strong></span> <span class='ocrx_word' id='word_1_112' title='bbox 678 1591 985 1663; x_wconf 88' lang='lat' dir='ltr'><strong>hujusmodi</strong></span> <span class='ocrx_word' id='word_1_113' title='bbox 1022 1603 1127 1647; x_wconf 90' lang='lat' dir='ltr'><strong>est.</strong></span> <span class='ocrx_word' id='word_1_114' title='bbox 1623 1591 1630 1598; x_wconf 86' lang='grc'><em>’</em></span> 
     </span>
    </p>
   </div>
   <div class='ocr_carea' id='block_1_19' title="bbox 973 1685 1374 1744">
    <p class='ocr_par' dir='ltr' id='par_1_19' title="bbox 973 1685 1374 1744">
     <span class='ocr_line' id='line_1_19' title="bbox 973 1685 1374 1744; baseline 0.007 -3"><span class='ocrx_word' id='word_1_115' title='bbox 973 1685 1201 1742; x_wconf 86' lang='lat' dir='ltr'><strong>CAPUT</strong></span> <span class='ocrx_word' id='word_1_116' title='bbox 1239 1687 1374 1744; x_wconf 82' lang='lat' dir='ltr'><strong>Xlll.</strong></span> 
     </span>
    </p>
   </div>
   <div class='ocr_carea' id='block_1_20' title="bbox 645 1775 1690 1850">
    <p class='ocr_par' dir='ltr' id='par_1_20' title="bbox 645 1775 1690 1850">
     <span class='ocr_line' id='line_1_20' title="bbox 645 1775 1690 1850; baseline 0.007 -21"><span class='ocrx_word' id='word_1_117' title='bbox 645 1775 901 1832; x_wconf 76' lang='lat' dir='ltr'><strong>Narratio</strong></span> <span class='ocrx_word' id='word_1_118' title='bbox 945 1781 1008 1830; x_wconf 77' lang='lat' dir='ltr'><strong>de</strong></span> <span class='ocrx_word' id='word_1_119' title='bbox 1059 1781 1236 1850; x_wconf 82' lang='lat' dir='ltr'><strong>regulo</strong></span> <span class='ocrx_word' id='word_1_120' title='bbox 1282 1782 1690 1837; x_wconf 77' lang='lat' dir='ltr'><strong>Edessenorum.</strong></span> 
     </span>
    </p>
   </div>
   <div class='ocr_carea' id='block_1_21' title="bbox 473 1929 1960 1994">
    <p class='ocr_par' dir='ltr' id='par_1_21' title="bbox 473 1929 1960 1994">
     <span class='ocr_line' id='line_1_21' title="bbox 473 1929 1960 1994; baseline 0.006 -10"><span class='ocrx_word' id='word_1_121' title='bbox 473 1929 684 1987; x_wconf 90' lang='lat' dir='ltr'><strong>Domini</strong></span> <span class='ocrx_word' id='word_1_122' title='bbox 721 1947 785 1985; x_wconf 91' lang='lat' dir='ltr'><strong>ac</strong></span> <span class='ocrx_word' id='word_1_123' title='bbox 814 1931 1124 1987; x_wconf 86' lang='lat' dir='ltr'><strong>Servatoris</strong></span> <span class='ocrx_word' id='word_1_124' title='bbox 1157 1935 1327 1989; x_wconf 90' lang='lat' dir='ltr'><strong>nostri</strong></span> <span class='ocrx_word' id='word_1_125' title='bbox 1361 1934 1488 1989; x_wconf 79' lang='lat' dir='ltr'><strong>Jesu</strong></span> <span class='ocrx_word' id='word_1_126' title='bbox 1530 1937 1732 1994; x_wconf 87' lang='lat' dir='ltr'><strong>Christi</strong></span> <span class='ocrx_word' id='word_1_127' title='bbox 1763 1939 1960 1993; x_wconf 88' lang='lat' dir='ltr'><strong>divini-</strong></span> 
     </span>
    </p>
   </div>
   <div class='ocr_carea' id='block_1_22' title="bbox 401 2025 1959 2099">
    <p class='ocr_par' dir='ltr' id='par_1_22' title="bbox 401 2025 1959 2099">
     <span class='ocr_line' id='line_1_22' title="bbox 401 2025 1959 2099; baseline 0.006 -24"><span class='ocrx_word' id='word_1_128' title='bbox 401 2035 482 2079; x_wconf 84' lang='lat' dir='ltr'><strong>tas</strong></span> <span class='ocrx_word' id='word_1_129' title='bbox 533 2039 653 2080; x_wconf 92' lang='lat' dir='ltr'><strong>cum</strong></span> <span class='ocrx_word' id='word_1_130' title='bbox 704 2035 925 2093; x_wconf 87' lang='lat' dir='ltr'><strong>propter</strong></span> <span class='ocrx_word' id='word_1_131' title='bbox 970 2025 1287 2079; x_wconf 88' lang='lat' dir='ltr'><strong>admiranda</strong></span> <span class='ocrx_word' id='word_1_132' title='bbox 1344 2027 1486 2082; x_wconf 88' lang='lat' dir='ltr'><strong>illius</strong></span> <span class='ocrx_word' id='word_1_133' title='bbox 1541 2044 1702 2098; x_wconf 86' lang='lat' dir='ltr'><strong>opera</strong></span> <span class='ocrx_word' id='word_1_134' title='bbox 1763 2031 1959 2099; x_wconf 86' lang='lat' dir='ltr'><strong>ubique</strong></span> 
     </span>
    </p>
   </div>
   <div class='ocr_carea' id='block_1_23' title="bbox 393 2115 1958 2186">
    <p class='ocr_par' dir='ltr' id='par_1_23' title="bbox 393 2115 1958 2186">
     <span class='ocr_line' id='line_1_23' title="bbox 393 2115 1958 2186; baseline 0.008 -19"><span class='ocrx_word' id='word_1_135' title='bbox 393 2117 503 2186; x_wconf 82' lang='lat' dir='ltr'><strong>jam</strong></span> <span class='ocrx_word' id='word_1_136' title='bbox 536 2115 764 2170; x_wconf 76' lang='lat' dir='ltr'><strong>celebris</strong></span> <span class='ocrx_word' id='word_1_137' title='bbox 803 2126 970 2178; x_wconf 77' lang='lat' dir='ltr'><strong>esset,</strong></span> <span class='ocrx_word' id='word_1_138' title='bbox 1003 2116 1428 2184; x_wconf 74' lang='lat' dir='ltr'><strong>innumerabiles</strong></span> <span class='ocrx_word' id='word_1_139' title='bbox 1461 2119 1529 2180; x_wconf 83' lang='lat' dir='ltr'><strong>ab</strong></span> <span class='ocrx_word' id='word_1_140' title='bbox 1570 2125 1814 2181; x_wconf 73' lang='lat' dir='ltr'><strong>externis</strong></span> <span class='ocrx_word' id='word_1_141' title='bbox 1843 2135 1896 2178; x_wconf 92' lang='lat' dir='ltr'><strong>et</strong></span> <span class='ocrx_word' id='word_1_142' title='bbox 1927 2140 1958 2180; x_wconf 90' lang='lat' dir='ltr'><strong>a</strong></span> 
     </span>
    </p>
   </div>
   <div class='ocr_carea' id='block_1_24' title="bbox 397 2209 1958 2291">
    <p class='ocr_par' dir='ltr' id='par_1_24' title="bbox 397 2209 1958 2291">
     <span class='ocr_line' id='line_1_24' title="bbox 397 2209 1958 2291; baseline 0.006 -25"><span class='ocrx_word' id='word_1_143' title='bbox 397 2209 578 2266; x_wconf 75' lang='lat' dir='ltr'><strong>Judiea</strong></span> <span class='ocrx_word' id='word_1_144' title='bbox 619 2211 1003 2269; x_wconf 80' lang='lat' dir='ltr'><strong>remetissiiuis</strong></span> <span class='ocrx_word' id='word_1_145' title='bbox 1039 2210 1370 2284; x_wconf 70' lang='lat' dir='ltr'><strong>re’gitﬂiibus,</strong></span> <span class='ocrx_word' id='word_1_146' title='bbox 1418 2221 1619 2274; x_wconf 83' lang='lat' dir='ltr'><strong>morbis</strong></span> <span class='ocrx_word' id='word_1_147' title='bbox 1669 2229 1722 2274; x_wconf 89' lang='lat' dir='ltr'><strong>et</strong></span> <span class='ocrx_word' id='word_1_148' title='bbox 1773 2221 1958 2291; x_wconf 85' lang='lat' dir='ltr'><strong>cujus-</strong></span> 
     </span>
    </p>
   </div>
   <div class='ocr_carea' id='block_1_25' title="bbox 399 2305 1956 2378">
    <p class='ocr_par' dir='ltr' id='par_1_25' title="bbox 399 2305 1956 2378">
     <span class='ocr_line' id='line_1_25' title="bbox 399 2305 1956 2378; baseline 0.006 -23"><span class='ocrx_word' id='word_1_149' title='bbox 399 2305 653 2370; x_wconf 86' lang='lat' dir='ltr'><strong>quemodi</strong></span> <span class='ocrx_word' id='word_1_150' title='bbox 686 2305 964 2360; x_wconf 88' lang='lat' dir='ltr'><strong>doloribus</strong></span> <span class='ocrx_word' id='word_1_151' title='bbox 1009 2307 1236 2361; x_wconf 83' lang='lat' dir='ltr'><strong>allliclos</strong></span> <span class='ocrx_word' id='word_1_152' title='bbox 1267 2322 1363 2378; x_wconf 87' lang='lat' dir='ltr'><strong>spe</strong></span> <span class='ocrx_word' id='word_1_153' title='bbox 1395 2311 1780 2378; x_wconf 67' lang='lat' dir='ltr'><strong>recuperandae</strong></span> <span class='ocrx_word' id='word_1_154' title='bbox 1807 2312 1956 2366; x_wconf 89' lang='lat' dir='ltr'><strong>salu-</strong></span> 
     </span>
    </p>
   </div>
   <div class='ocr_carea' id='block_1_26' title="bbox 402 2393 1960 2472">
    <p class='ocr_par' dir='ltr' id='par_1_26' title="bbox 402 2393 1960 2472">
     <span class='ocr_line' id='line_1_26' title="bbox 402 2393 1960 2472; baseline 0.009 -28"><span class='ocrx_word' id='word_1_155' title='bbox 402 2393 495 2458; x_wconf 71' lang='lat' dir='ltr'><strong>iis,‘</strong></span> <span class='ocrx_word' id='word_1_156' title='bbox 529 2403 848 2449; x_wconf 83' lang='lat' dir='ltr'><strong>attraxerat.</strong></span> <span class='ocrx_word' id='word_1_157' title='bbox 910 2398 1092 2467; x_wconf 89' lang='lat' dir='ltr'><strong>Itaque</strong></span> <span class='ocrx_word' id='word_1_158' title='bbox 1133 2414 1225 2452; x_wconf 81' lang='lat' dir='ltr'><strong>rex</strong></span> <span class='ocrx_word' id='word_1_159' title='bbox 1254 2401 1525 2468; x_wconf 85' lang='lat' dir='ltr'><strong>Agbarus,</strong></span> <span class='ocrx_word' id='word_1_160' title='bbox 1567 2401 1659 2470; x_wconf 91' lang='lat' dir='ltr'><strong>qui</strong></span> <span class='ocrx_word' id='word_1_161' title='bbox 1709 2403 1960 2472; x_wconf 78' lang='lat' dir='ltr'><strong>gentibus</strong></span> 
     </span>
    </p>
   </div>
   <div class='ocr_carea' id='block_1_27' title="bbox 401 2487 1956 2564">
    <p class='ocr_par' dir='ltr' id='par_1_27' title="bbox 401 2487 1956 2564">
     <span class='ocr_line' id='line_1_27' title="bbox 401 2487 1956 2564; baseline 0.007 -25"><span class='ocrx_word' id='word_1_162' title='bbox 401 2497 552 2541; x_wconf 89' lang='lat' dir='ltr'><strong>trans</strong></span> <span class='ocrx_word' id='word_1_163' title='bbox 584 2487 918 2558; x_wconf 83' lang='lat' dir='ltr'><strong>Euphratem</strong></span> <span class='ocrx_word' id='word_1_164' title='bbox 963 2492 1154 2560; x_wconf 86' lang='lat' dir='ltr'><strong>positis</strong></span> <span class='ocrx_word' id='word_1_165' title='bbox 1206 2507 1311 2546; x_wconf 91' lang='lat' dir='ltr'><strong>non</strong></span> <span class='ocrx_word' id='word_1_166' title='bbox 1346 2493 1462 2548; x_wconf 89' lang='lat' dir='ltr'><strong>sine</strong></span> <span class='ocrx_word' id='word_1_167' title='bbox 1507 2493 1662 2548; x_wconf 88' lang='lat' dir='ltr'><strong>laude</strong></span> <span class='ocrx_word' id='word_1_168' title='bbox 1709 2507 1956 2564; x_wconf 62' lang='lat' dir='ltr'><strong>prmerat,</strong></span> 
     </span>
    </p>
   </div>
   <div class='ocr_carea' id='block_1_28' title="bbox 401 2582 1957 2654">
    <p class='ocr_par' dir='ltr' id='par_1_28' title="bbox 401 2582 1957 2654">
     <span class='ocr_line' id='line_1_28' title="bbox 401 2582 1957 2654; baseline 0.006 -22"><span class='ocrx_word' id='word_1_169' title='bbox 401 2595 523 2634; x_wconf 92' lang='lat' dir='ltr'><strong>cum</strong></span> <span class='ocrx_word' id='word_1_170' title='bbox 553 2582 703 2649; x_wconf 80' lang='lat' dir='ltr'><strong>gravi</strong></span> <span class='ocrx_word' id='word_1_171' title='bbox 741 2583 952 2647; x_wconf 85' lang='lat' dir='ltr'><strong>morbo,</strong></span> <span class='ocrx_word' id='word_1_172' title='bbox 982 2595 1036 2638; x_wconf 90' lang='lat' dir='ltr'><strong>et</strong></span> <span class='ocrx_word' id='word_1_173' title='bbox 1073 2584 1164 2653; x_wconf 93' lang='lat' dir='ltr'><strong>qui</strong></span> <span class='ocrx_word' id='word_1_174' title='bbox 1199 2586 1429 2640; x_wconf 92' lang='lat' dir='ltr'><strong>humana</strong></span> <span class='ocrx_word' id='word_1_175' title='bbox 1472 2601 1574 2654; x_wconf 93' lang='lat' dir='ltr'><strong>ope</strong></span> <span class='ocrx_word' id='word_1_176' title='bbox 1619 2589 1799 2640; x_wconf 90' lang='lat' dir='ltr'><strong>curari</strong></span> <span class='ocrx_word' id='word_1_177' title='bbox 1850 2604 1957 2643; x_wconf 89' lang='lat' dir='ltr'><strong>non</strong></span> 
     </span>
    </p>
   </div>
   <div class='ocr_carea' id='block_1_29' title="bbox 398 2677 1958 2746">
    <p class='ocr_par' dir='ltr' id='par_1_29' title="bbox 398 2677 1958 2746">
     <span class='ocr_line' id='line_1_29' title="bbox 398 2677 1958 2746; baseline 0.007 -21"><span class='ocrx_word' id='word_1_178' title='bbox 398 2681 634 2742; x_wconf 88' lang='lat' dir='ltr'><strong>poterat,</strong></span> <span class='ocrx_word' id='word_1_179' title='bbox 665 2685 1094 2735; x_wconf 90' lang='lat' dir='ltr'><strong>consumeretur.</strong></span> <span class='ocrx_word' id='word_1_180' title='bbox 1127 2677 1284 2732; x_wconf 86' lang='lat' dir='ltr'><strong>simul</strong></span> <span class='ocrx_word' id='word_1_181' title='bbox 1314 2687 1476 2746; x_wconf 87' lang='lat' dir='ltr'><strong>atque</strong></span> <span class='ocrx_word' id='word_1_182' title='bbox 1500 2679 1565 2732; x_wconf 90' lang='lat' dir='ltr'><strong>de</strong></span> <span class='ocrx_word' id='word_1_183' title='bbox 1589 2678 1714 2733; x_wconf 82' lang='lat' dir='ltr'><strong>Jesu</strong></span> <span class='ocrx_word' id='word_1_184' title='bbox 1741 2682 1958 2736; x_wconf 88' lang='lat' dir='ltr'><strong>nomine</strong></span> 
     </span>
    </p>
   </div>
   <div class='ocr_carea' id='block_1_30' title="bbox 398 2765 1959 2842">
    <p class='ocr_par' dir='ltr' id='par_1_30' title="bbox 398 2765 1959 2842">
     <span class='ocr_line' id='line_1_30' title="bbox 398 2765 1959 2842; baseline 0.005 -24"><span class='ocrx_word' id='word_1_185' title='bbox 398 2766 598 2834; x_wconf 88' lang='lat' dir='ltr'><strong>ubique</strong></span> <span class='ocrx_word' id='word_1_186' title='bbox 631 2765 824 2822; x_wconf 74' lang='lat' dir='ltr'><strong>dilluso</strong></span> <span class='ocrx_word' id='word_1_187' title='bbox 859 2783 924 2821; x_wconf 89' lang='lat' dir='ltr'><strong>ac</strong></span> <span class='ocrx_word' id='word_1_188' title='bbox 954 2770 1020 2824; x_wconf 90' lang='lat' dir='ltr'><strong>de</strong></span> <span class='ocrx_word' id='word_1_189' title='bbox 1049 2770 1328 2838; x_wconf 89' lang='lat' dir='ltr'><strong>stupendis</strong></span> <span class='ocrx_word' id='word_1_190' title='bbox 1360 2771 1481 2839; x_wconf 86' lang='lat' dir='ltr'><strong>ejus</strong></span> <span class='ocrx_word' id='word_1_191' title='bbox 1509 2772 1792 2826; x_wconf 85' lang='lat' dir='ltr'><strong>miraculis</strong></span> <span class='ocrx_word' id='word_1_192' title='bbox 1836 2788 1959 2842; x_wconf 81' lang='lat' dir='ltr'><strong>qua:</strong></span> 
     </span>
    </p>
   </div>
   <div class='ocr_carea' id='block_1_31' title="bbox 397 2858 1958 2934">
    <p class='ocr_par' dir='ltr' id='par_1_31' title="bbox 397 2858 1958 2934">
     <span class='ocr_line' id='line_1_31' title="bbox 397 2858 1958 2934; baseline 0.006 -24"><span class='ocrx_word' id='word_1_193' title='bbox 397 2858 639 2911; x_wconf 89' lang='lat' dir='ltr'><strong>omnium</strong></span> <span class='ocrx_word' id='word_1_194' title='bbox 693 2859 1000 2915; x_wconf 91' lang='lat' dir='ltr'><strong>testimonio</strong></span> <span class='ocrx_word' id='word_1_195' title='bbox 1061 2861 1434 2926; x_wconf 82' lang='lat' dir='ltr'><strong>ﬁrmabantur,</strong></span> <span class='ocrx_word' id='word_1_196' title='bbox 1490 2865 1725 2934; x_wconf 88' lang='lat' dir='ltr'><strong>accepit,</strong></span> <span class='ocrx_word' id='word_1_197' title='bbox 1777 2865 1958 2920; x_wconf 85' lang='lat' dir='ltr'><strong>missis</strong></span> 
     </span>
    </p>
   </div>
   <div class='ocr_carea' id='block_1_32' title="bbox 397 2949 1958 3026">
    <p class='ocr_par' dir='ltr' id='par_1_32' title="bbox 397 2949 1958 3026">
     <span class='ocr_line' id='line_1_32' title="bbox 397 2949 1958 3026; baseline 0.007 -26"><span class='ocrx_word' id='word_1_198' title='bbox 397 2964 495 3011; x_wconf 85' lang='lat' dir='ltr'><strong>per</strong></span> <span class='ocrx_word' id='word_1_199' title='bbox 529 2949 871 3004; x_wconf 86' lang='lat' dir='ltr'><strong>tabellarium</strong></span> <span class='ocrx_word' id='word_1_200' title='bbox 905 2950 1127 3017; x_wconf 88' lang='lat' dir='ltr'><strong>litteris,</strong></span> <span class='ocrx_word' id='word_1_201' title='bbox 1164 2954 1387 3024; x_wconf 80' lang='lat' dir='ltr'><strong>supplex</strong></span> <span class='ocrx_word' id='word_1_202' title='bbox 1423 2971 1544 3009; x_wconf 91' lang='lat' dir='ltr'><strong>eum</strong></span> <span class='ocrx_word' id='word_1_203' title='bbox 1574 2957 1786 3026; x_wconf 81' lang='lat' dir='ltr'><strong>rogavit</strong></span> <span class='ocrx_word' id='word_1_204' title='bbox 1817 2967 1874 3010; x_wconf 93' lang='lat' dir='ltr'><strong>ut</strong></span> <span class='ocrx_word' id='word_1_205' title='bbox 1899 2973 1958 3011; x_wconf 80' lang='lat' dir='ltr'><strong>se</strong></span> 
     </span>
    </p>
   </div>
   <div class='ocr_carea' id='block_1_33' title="bbox 397 3041 1962 3115">
    <p class='ocr_par' dir='ltr' id='par_1_33' title="bbox 397 3041 1962 3115">
     <span class='ocr_line' id='line_1_33' title="bbox 397 3041 1962 3115; baseline 0.006 -22"><span class='ocrx_word' id='word_1_206' title='bbox 397 3041 587 3095; x_wconf 87' lang='lat' dir='ltr'><strong>morbo</strong></span> <span class='ocrx_word' id='word_1_207' title='bbox 630 3042 902 3098; x_wconf 88' lang='lat' dir='ltr'><strong>liberaret.</strong></span> <span class='ocrx_word' id='word_1_208' title='bbox 934 3045 1003 3101; x_wconf 82' lang='lat' dir='ltr'><strong>At</strong></span> <span class='ocrx_word' id='word_1_209' title='bbox 1055 3046 1145 3098; x_wconf 91' lang='lat' dir='ltr'><strong>ille</strong></span> <span class='ocrx_word' id='word_1_210' title='bbox 1191 3054 1302 3100; x_wconf 91' lang='lat' dir='ltr'><strong>tum</strong></span> <span class='ocrx_word' id='word_1_211' title='bbox 1344 3048 1562 3115; x_wconf 85' lang='lat' dir='ltr'><strong>quidem</strong></span> <span class='ocrx_word' id='word_1_212' title='bbox 1613 3049 1824 3103; x_wconf 80' lang='lat' dir='ltr'><strong>vocanti</strong></span> <span class='ocrx_word' id='word_1_213' title='bbox 1860 3049 1962 3103; x_wconf 78' lang='lat' dir='ltr'><strong>iui-</strong></span> 
     </span>
    </p>
   </div>
   <div class='ocr_carea' id='block_1_34' title="bbox 399 3135 1957 3196">
    <p class='ocr_par' dir='ltr' id='par_1_34' title="bbox 399 3135 1957 3196">
     <span class='ocr_line' id='line_1_34' title="bbox 399 3135 1957 3196; baseline 0.003 -7"><span class='ocrx_word' id='word_1_214' title='bbox 399 3135 546 3189; x_wconf 89' lang='lat' dir='ltr'><strong>tiime</strong></span> <span class='ocrx_word' id='word_1_215' title='bbox 580 3143 659 3188; x_wconf 90' lang='lat' dir='ltr'><strong>est</strong></span> <span class='ocrx_word' id='word_1_216' title='bbox 694 3135 1005 3192; x_wconf 85' lang='lat' dir='ltr'><strong>obsecutus.</strong></span> <span class='ocrx_word' id='word_1_217' title='bbox 1062 3139 1294 3192; x_wconf 90' lang='lat' dir='ltr'><strong>Litteras</strong></span> <span class='ocrx_word' id='word_1_218' title='bbox 1343 3148 1526 3193; x_wconf 86' lang='lat' dir='ltr'><strong>tamen</strong></span> <span class='ocrx_word' id='word_1_219' title='bbox 1555 3141 1621 3194; x_wconf 87' lang='lat' dir='ltr'><strong>ad</strong></span> <span class='ocrx_word' id='word_1_220' title='bbox 1651 3156 1776 3196; x_wconf 89' lang='lat' dir='ltr'><strong>eum</strong></span> <span class='ocrx_word' id='word_1_221' title='bbox 1823 3141 1957 3196; x_wconf 83' lang='lat' dir='ltr'><strong>scri-</strong></span> 
     </span>
    </p>
   </div>
   <div class='ocr_carea' id='block_1_35' title="bbox 399 3225 1959 3300">
    <p class='ocr_par' dir='ltr' id='par_1_35' title="bbox 399 3225 1959 3300">
     <span class='ocr_line' id='line_1_35' title="bbox 399 3225 1959 3300; baseline 0.008 -23"><span class='ocrx_word' id='word_1_222' title='bbox 399 3225 526 3280; x_wconf 85' lang='lat' dir='ltr'><strong>bere</strong></span> <span class='ocrx_word' id='word_1_223' title='bbox 556 3242 661 3281; x_wconf 93' lang='lat' dir='ltr'><strong>non</strong></span> <span class='ocrx_word' id='word_1_224' title='bbox 702 3231 999 3295; x_wconf 85' lang='lat' dir='ltr'><strong>recusavit,</strong></span> <span class='ocrx_word' id='word_1_225' title='bbox 1025 3233 1223 3298; x_wconf 88' lang='lat' dir='ltr'><strong>quibus</strong></span> <span class='ocrx_word' id='word_1_226' title='bbox 1255 3247 1419 3284; x_wconf 89' lang='lat' dir='ltr'><strong>unum</strong></span> <span class='ocrx_word' id='word_1_227' title='bbox 1452 3249 1482 3285; x_wconf 89' lang='lat' dir='ltr'><strong>e</strong></span> <span class='ocrx_word' id='word_1_228' title='bbox 1521 3233 1803 3300; x_wconf 86' lang='lat' dir='ltr'><strong>discipulis</strong></span> <span class='ocrx_word' id='word_1_229' title='bbox 1845 3234 1959 3290; x_wconf 87' lang='lat' dir='ltr'><strong>suis</strong></span> 
     </span>
    </p>
   </div>
   <div class='ocr_carea' id='block_1_36' title="bbox 397 3319 1955 3395">
    <p class='ocr_par' dir='ltr' id='par_1_36' title="bbox 397 3319 1955 3395">
     <span class='ocr_line' id='line_1_36' title="bbox 397 3319 1955 3395; baseline 0.007 -27"><span class='ocrx_word' id='word_1_230' title='bbox 397 3319 487 3386; x_wconf 81' lang='lat' dir='ltr'><strong>qui</strong></span> <span class='ocrx_word' id='word_1_231' title='bbox 529 3319 703 3388; x_wconf 89' lang='lat' dir='ltr'><strong>ipsum</strong></span> <span class='ocrx_word' id='word_1_232' title='bbox 733 3331 972 3387; x_wconf 88' lang='lat' dir='ltr'><strong>sanaret,</strong></span> <span class='ocrx_word' id='word_1_233' title='bbox 1011 3324 1300 3378; x_wconf 89' lang='lat' dir='ltr'><strong>missurum</strong></span> <span class='ocrx_word' id='word_1_234' title='bbox 1338 3339 1396 3378; x_wconf 91' lang='lat' dir='ltr'><strong>se</strong></span> <span class='ocrx_word' id='word_1_235' title='bbox 1429 3339 1548 3379; x_wconf 85' lang='lat' dir='ltr'><strong>esse</strong></span> <span class='ocrx_word' id='word_1_236' title='bbox 1577 3325 1955 3395; x_wconf 86' lang='lat' dir='ltr'><strong>pollicebatur,</strong></span> 
     </span>
    </p>
   </div>
   <div class='ocr_carea' id='block_1_37' title="bbox 399 3413 1960 3487">
    <p class='ocr_par' dir='ltr' id='par_1_37' title="bbox 399 3413 1960 3487">
     <span class='ocr_line' id='line_1_37' title="bbox 399 3413 1960 3487; baseline 0.006 -25"><span class='ocrx_word' id='word_1_237' title='bbox 399 3427 576 3480; x_wconf 82' lang='lat' dir='ltr'><strong>neque</strong></span> <span class='ocrx_word' id='word_1_238' title='bbox 610 3413 708 3482; x_wconf 89' lang='lat' dir='ltr'><strong>ipsi</strong></span> <span class='ocrx_word' id='word_1_239' title='bbox 736 3414 932 3480; x_wconf 87' lang='lat' dir='ltr'><strong>solum,</strong></span> <span class='ocrx_word' id='word_1_240' title='bbox 961 3417 1053 3470; x_wconf 90' lang='lat' dir='ltr'><strong>sed</strong></span> <span class='ocrx_word' id='word_1_241' title='bbox 1081 3416 1333 3470; x_wconf 89' lang='lat' dir='ltr'><strong>onmibus</strong></span> <span class='ocrx_word' id='word_1_242' title='bbox 1365 3417 1683 3487; x_wconf 89' lang='lat' dir='ltr'><strong>propinquis</strong></span> <span class='ocrx_word' id='word_1_243' title='bbox 1713 3428 1766 3471; x_wconf 91' lang='lat' dir='ltr'><strong>et</strong></span> <span class='ocrx_word' id='word_1_244' title='bbox 1801 3417 1960 3471; x_wconf 81' lang='lat' dir='ltr'><strong>fami-</strong></span> 
     </span>
    </p>
   </div>
   <div class='ocr_carea' id='block_1_38' title="bbox 398 3609 1968 3688">
    <p class='ocr_par' dir='ltr' id='par_1_38' title="bbox 398 3609 1968 3688">
     <span class='ocr_line' id='line_1_38' title="bbox 398 3609 1968 3688; baseline 0.002 -21"><span class='ocrx_word' id='word_1_245' title='bbox 398 3609 892 3688; x_wconf 59' lang='lat' dir='ltr'><strong>i-ibusMaa.,Meq-</strong></span> <span class='ocrx_word' id='word_1_246' title='bbox 941 3627 1005 3668; x_wconf 85' lang='lat' dir='ltr'><strong>ac</strong></span> <span class='ocrx_word' id='word_1_247' title='bbox 1065 3613 1202 3668; x_wconf 76' lang='lat' dir='ltr'><strong>Fuit.</strong></span> <span class='ocrx_word' id='word_1_248' title='bbox 1265 3617 1522 3671; x_wconf 86' lang='lat' dir='ltr'><strong>scribitur</strong></span> <span class='ocrx_word' id='word_1_249' title='bbox 1563 3615 1782 3688; x_wconf 59' lang='lat' dir='ltr'><strong>ﬂptiﬁtp.</strong></span> <span class='ocrx_word' id='word_1_250' title='bbox 1847 3617 1968 3670; x_wconf 80' lang='lat' dir='ltr'><strong>Mox</strong></span> 
     </span>
    </p>
   </div>
   <div class='ocr_carea' id='block_1_39' title="bbox 397 3681 1967 3753">
    <p class='ocr_par' dir='ltr' id='par_1_39' title="bbox 397 3681 1967 3753">
     <span class='ocr_line' id='line_1_39' title="bbox 397 3681 1967 3753; baseline 0.004 -19"><span class='ocrx_word' id='word_1_251' title='bbox 397 3698 494 3751; x_wconf 84' lang='lat' dir='ltr'><strong>pro</strong></span> <span class='ocrx_word' id='word_1_252' title='bbox 529 3681 798 3752; x_wconf 84' lang='grc' dir='ltr'>περιέναι,</span> <span class='ocrx_word' id='word_1_253' title='bbox 851 3682 994 3751; x_wconf 84' lang='lat' dir='ltr'><strong>leges</strong></span> <span class='ocrx_word' id='word_1_254' title='bbox 1047 3689 1409 3753; x_wconf 67' lang='lat' dir='ltr'><strong>grammaticae</strong></span> <span class='ocrx_word' id='word_1_255' title='bbox 1481 3681 1677 3747; x_wconf 65' lang='lat' dir='ltr'><strong>seeii&#39;ti,</strong></span> <span class='ocrx_word' id='word_1_256' title='bbox 1733 3681 1967 3742; x_wconf 71' lang='lat' dir='ltr'><strong>restitui-</strong></span> 
     </span>
    </p>
   </div>
   <div class='ocr_carea' id='block_1_40' title="bbox 399 3755 2004 3826">
    <p class='ocr_par' dir='ltr' id='par_1_40' title="bbox 399 3755 2004 3826">
     <span class='ocr_line' id='line_1_40' title="bbox 399 3755 2004 3826; baseline 0.004 -20"><span class='ocrx_word' id='word_1_257' title='bbox 399 3769 515 3826; x_wconf 77' lang='lat' dir='ltr'><strong>miis</strong></span> <span class='ocrx_word' id='word_1_258' title='bbox 543 3755 846 3825; x_wconf 78' lang='grc' dir='ltr'>περιεῖναι,</span> <span class='ocrx_word' id='word_1_259' title='bbox 887 3756 1026 3808; x_wconf 88' lang='lat' dir='ltr'><strong>sicut</strong></span> <span class='ocrx_word' id='word_1_260' title='bbox 1057 3755 1253 3826; x_wconf 85' lang='lat' dir='ltr'><strong>legitur</strong></span> <span class='ocrx_word' id='word_1_261' title='bbox 1280 3757 1335 3812; x_wconf 91' lang='lat' dir='ltr'><strong>in</strong></span> <span class='ocrx_word' id='word_1_262' title='bbox 1381 3758 1566 3813; x_wconf 87' lang='lat' dir='ltr'><strong>codice</strong></span> <span class='ocrx_word' id='word_1_263' title='bbox 1595 3757 1734 3812; x_wconf 82' lang='lat' dir='ltr'><strong>Fuk.</strong></span> <span class='ocrx_word' id='word_1_264' title='bbox 1766 3775 1830 3815; x_wconf 91' lang='lat' dir='ltr'><strong>ac</strong></span> <span class='ocrx_word' id='word_1_265' title='bbox 1862 3759 1965 3813; x_wconf 86' lang='lat' dir='ltr'><strong>Sa-</strong></span> <span class='ocrx_word' id='word_1_266' title='bbox 1997 3756 2004 3762; x_wconf 88' lang='grc'><em>’</em></span> 
     </span>
    </p>
   </div>
   <div class='ocr_carea' id='block_1_41' title="bbox 397 3821 530 3876">
    <p class='ocr_par' dir='ltr' id='par_1_41' title="bbox 397 3821 530 3876">
     <span class='ocr_line' id='line_1_41' title="bbox 397 3821 530 3876; baseline -0.023 -1"><span class='ocrx_word' id='word_1_267' title='bbox 397 3821 530 3876; x_wconf 82' lang='lat' dir='ltr'><strong>viiii.</strong></span> 
     </span>
    </p>
   </div>
   <div class='ocr_carea' id='block_1_42' title="bbox 465 3886 1968 3965">
    <p class='ocr_par' dir='ltr' id='par_1_42' title="bbox 465 3886 1968 3965">
     <span class='ocr_line' id='line_1_42' title="bbox 465 3886 1968 3965; baseline 0.005 -22"><span class='ocrx_word' id='word_1_268' title='bbox 465 3891 578 3965; x_wconf 76' lang='grc'>(54)</span> <span class='ocrx_word' id='word_1_269' title='bbox 612 3886 715 3958; x_wconf 79' lang='grc' dir='ltr'><strong>Εἷς</strong></span> <span class='ocrx_word' id='word_1_270' title='bbox 739 3891 937 3965; x_wconf 35' lang='grc' dir='ltr'><strong>δὲ-καὶ</strong></span> <span class='ocrx_word' id='word_1_271' title='bbox 985 3887 1163 3962; x_wconf 83' lang='grc' dir='ltr'>οὗτος</span> <span class='ocrx_word' id='word_1_272' title='bbox 1202 3893 1320 3948; x_wconf 79' lang='grc' dir='ltr'><strong>τῶν</strong></span> <span class='ocrx_word' id='word_1_273' title='bbox 1347 3895 1685 3965; x_wconf 69' lang='grc' dir='ltr'>φερομένων</span> <span class='ocrx_word' id='word_1_274' title='bbox 1709 3897 1815 3952; x_wconf 83' lang='grc' dir='ltr'>τοῦ</span> <span class='ocrx_word' id='word_1_275' title='bbox 1857 3901 1968 3952; x_wconf 87' lang='grc' dir='ltr'><strong>Σω-</strong></span> 
     </span>
    </p>
   </div>
   <div class='ocr_carea' id='block_1_43' title="bbox 394 3961 1968 4036">
    <p class='ocr_par' dir='ltr' id='par_1_43' title="bbox 394 3961 1968 4036">
     <span class='ocr_line' id='line_1_43' title="bbox 394 3961 1968 4036; baseline 0.004 -21"><span class='ocrx_word' id='word_1_276' title='bbox 394 3961 574 4031; x_wconf 78' lang='grc' dir='ltr'>τῆρος</span> <span class='ocrx_word' id='word_1_277' title='bbox 615 3962 914 4035; x_wconf 78' lang='grc' dir='ltr'><strong>μαθητῶν,</strong></span> <span class='ocrx_word' id='word_1_278' title='bbox 942 3961 1241 4034; x_wconf 73' lang='grc' dir='ltr'><strong>ἀλλὰμὴν</strong></span> <span class='ocrx_word' id='word_1_279' title='bbox 1263 3961 1360 4019; x_wconf 73' lang='grc' dir='ltr'>καί</span> <span class='ocrx_word' id='word_1_280' title='bbox 1405 3961 1801 4036; x_wconf 55' lang='grc' dir='ltr'>ἀδελφῶν-ἧν.</span> <span class='ocrx_word' id='word_1_281' title='bbox 1843 3967 1968 4022; x_wconf 73' lang='lat' dir='ltr'><strong>llaec</strong></span> 
     </span>
    </p>
   </div>
   <div class='ocr_carea' id='block_1_44' title="bbox 394 4036 1965 4106">
    <p class='ocr_par' dir='ltr' id='par_1_44' title="bbox 394 4036 1965 4106">
     <span class='ocr_line' id='line_1_44' title="bbox 394 4036 1965 4106; baseline 0.004 -22"><span class='ocrx_word' id='word_1_282' title='bbox 394 4047 480 4087; x_wconf 86' lang='lat' dir='ltr'><strong>est</strong></span> <span class='ocrx_word' id='word_1_283' title='bbox 524 4037 792 4106; x_wconf 75' lang='lat' dir='ltr'><strong>scriptura</strong></span> <span class='ocrx_word' id='word_1_284' title='bbox 825 4036 1032 4106; x_wconf 82' lang='lat' dir='ltr'><strong>codicis</strong></span> <span class='ocrx_word' id='word_1_285' title='bbox 1060 4036 1212 4104; x_wconf 75' lang='lat' dir='ltr'><strong>Regii</strong></span> <span class='ocrx_word' id='word_1_286' title='bbox 1246 4054 1407 4105; x_wconf 89' lang='lat' dir='ltr'><strong>quam</strong></span> <span class='ocrx_word' id='word_1_287' title='bbox 1463 4037 1600 4095; x_wconf 76' lang='lat' dir='ltr'><strong>Rob.</strong></span> <span class='ocrx_word' id='word_1_288' title='bbox 1656 4039 1965 4106; x_wconf 89' lang='lat' dir='ltr'><strong>Stephanus</strong></span> 
     </span>
    </p>
   </div>
   <div class='ocr_carea' id='block_1_45' title="bbox 393 4102 1963 4175">
    <p class='ocr_par' dir='ltr' id='par_1_45' title="bbox 393 4102 1963 4175">
     <span class='ocr_line' id='line_1_45' title="bbox 393 4102 1963 4175; baseline 0.003 -20"><span class='ocrx_word' id='word_1_289' title='bbox 393 4105 683 4175; x_wconf 71' lang='lat' dir='ltr'><strong>expressit.</strong></span> <span class='ocrx_word' id='word_1_290' title='bbox 718 4102 916 4175; x_wconf 49' lang='lat' dir='ltr'><strong>ierunt</strong></span> <span class='ocrx_word' id='word_1_291' title='bbox 969 4105 1018 4175; x_wconf 88' lang='lat' dir='ltr'><strong>in</strong></span> <span class='ocrx_word' id='word_1_292' title='bbox 1054 4102 1277 4175; x_wconf 72' lang='lat' dir='ltr'><strong>reliquis</strong></span> <span class='ocrx_word' id='word_1_293' title='bbox 1312 4109 1614 4169; x_wconf 81' lang='lat' dir='ltr'><strong>codicibus,</strong></span> <span class='ocrx_word' id='word_1_294' title='bbox 1651 4102 1787 4161; x_wconf 78' lang='lat' dir='ltr'><strong>Mai.</strong></span> <span class='ocrx_word' id='word_1_295' title='bbox 1814 4109 1963 4162; x_wconf 91' lang='lat' dir='ltr'><strong>scili-</strong></span> 
     </span>
    </p>
   </div>
   <div class='ocr_carea' id='block_1_46' title="bbox 391 4172 1967 4253">
    <p class='ocr_par' dir='ltr' id='par_1_46' title="bbox 391 4172 1967 4253">
     <span class='ocr_line' id='line_1_46' title="bbox 391 4172 1967 4253; baseline 0.003 -29"><span class='ocrx_word' id='word_1_296' title='bbox 391 4185 500 4253; x_wconf 68' lang='lat' dir='ltr'><strong>cet,</strong></span> <span class='ocrx_word' id='word_1_297' title='bbox 531 4173 691 4253; x_wconf 34' lang='lat' dir='ltr'><strong>Meus,</strong></span> <span class='ocrx_word' id='word_1_298' title='bbox 721 4172 858 4253; x_wconf 52' lang='lat' dir='ltr'><strong>F-llk.</strong></span> <span class='ocrx_word' id='word_1_299' title='bbox 884 4187 940 4253; x_wconf 66' lang='lat' dir='ltr'><strong>et</strong></span> <span class='ocrx_word' id='word_1_300' title='bbox 979 4172 1384 4253; x_wconf 44' lang='lat' dir='ltr'><strong>Shavilii&#39;desuiit</strong></span> <span class='ocrx_word' id='word_1_301' title='bbox 1418 4179 1529 4253; x_wconf 71' lang='lat' dir='ltr'><strong>iure</strong></span> <span class='ocrx_word' id='word_1_302' title='bbox 1569 4180 1753 4253; x_wconf 72' lang='lat' dir='ltr'><strong>verba,</strong></span> <span class='ocrx_word' id='word_1_303' title='bbox 1789 4177 1967 4253; x_wconf 79' lang='grc' dir='ltr'>μαθη-</span> 
     </span>
    </p>
   </div>
   <div class='ocr_carea' id='block_1_47' title="bbox 392 4242 1962 4315">
    <p class='ocr_par' dir='ltr' id='par_1_47' title="bbox 392 4242 1962 4315">
     <span class='ocr_line' id='line_1_47' title="bbox 392 4242 1962 4315; baseline 0.005 -21"><span class='ocrx_word' id='word_1_304' title='bbox 392 4242 670 4315; x_wconf 74' lang='grc' dir='ltr'>τῶν,ἀλλὰ</span> <span class='ocrx_word' id='word_1_305' title='bbox 709 4243 814 4314; x_wconf 78' lang='grc' dir='ltr'>μὴν</span> <span class='ocrx_word' id='word_1_306' title='bbox 847 4244 962 4298; x_wconf 83' lang='grc' dir='ltr'>καί.</span> <span class='ocrx_word' id='word_1_307' title='bbox 999 4246 1103 4298; x_wconf 86' lang='lat' dir='ltr'><strong>Sed</strong></span> <span class='ocrx_word' id='word_1_308' title='bbox 1130 4262 1299 4312; x_wconf 87' lang='lat' dir='ltr'><strong>neque</strong></span> <span class='ocrx_word' id='word_1_309' title='bbox 1326 4247 1550 4299; x_wconf 82' lang='lat' dir='ltr'><strong>llnlinus</strong></span> <span class='ocrx_word' id='word_1_310' title='bbox 1585 4249 1669 4300; x_wconf 91' lang='lat' dir='ltr'><strong>illa</strong></span> <span class='ocrx_word' id='word_1_311' title='bbox 1701 4242 1962 4315; x_wconf 70' lang='lat' dir='ltr'><strong>agnoscit.</strong></span> 
     </span>
    </p>
   </div>
   <div class='ocr_carea' id='block_1_48' title="bbox 395 4314 1965 4370">
    <p class='ocr_par' dir='ltr' id='par_1_48' title="bbox 395 4314 1965 4370">
     <span class='ocr_line' id='line_1_48' title="bbox 395 4314 1965 4370; baseline 0.003 -6"><span class='ocrx_word' id='word_1_312' title='bbox 395 4314 485 4364; x_wconf 75' lang='lat' dir='ltr'><strong>Sic</strong></span> <span class='ocrx_word' id='word_1_313' title='bbox 515 4314 658 4366; x_wconf 84' lang='lat' dir='ltr'><strong>enim</strong></span> <span class='ocrx_word' id='word_1_314' title='bbox 695 4317 854 4366; x_wconf 76' lang='lat' dir='ltr'><strong>vertit</strong></span> <span class='ocrx_word' id='word_1_315' title='bbox 905 4329 919 4364; x_wconf 87' lang='lat'><strong>:</strong></span> <span class='ocrx_word' id='word_1_316' title='bbox 976 4315 1098 4367; x_wconf 76' lang='lat' dir='ltr'><strong>Post</strong></span> <span class='ocrx_word' id='word_1_317' title='bbox 1145 4319 1303 4368; x_wconf 87' lang='lat' dir='ltr'><strong>etiam</strong></span> <span class='ocrx_word' id='word_1_318' title='bbox 1349 4317 1474 4367; x_wconf 81' lang='lat' dir='ltr'><strong>dicit</strong></span> <span class='ocrx_word' id='word_1_319' title='bbox 1509 4334 1626 4369; x_wconf 84' lang='lat' dir='ltr'><strong>eum</strong></span> <span class='ocrx_word' id='word_1_320' title='bbox 1658 4314 1824 4370; x_wconf 77' lang='lat' dir='ltr'><strong>visum</strong></span> <span class='ocrx_word' id='word_1_321' title='bbox 1855 4333 1965 4370; x_wconf 76' lang='lat' dir='ltr'><strong>esse</strong></span> 
     </span>
    </p>
   </div>
   <div class='ocr_carea' id='block_1_49' title="bbox 392 4381 1964 4453">
    <p class='ocr_par' dir='ltr' id='par_1_49' title="bbox 392 4381 1964 4453">
     <span class='ocr_line' id='line_1_49' title="bbox 392 4381 1964 4453; baseline 0.002 -17"><span class='ocrx_word' id='word_1_322' title='bbox 392 4381 618 4453; x_wconf 71' lang='lat' dir='ltr'><strong>Iacobo.</strong></span> <span class='ocrx_word' id='word_1_323' title='bbox 676 4383 763 4448; x_wconf 89' lang='lat' dir='ltr'><strong>qui</strong></span> <span class='ocrx_word' id='word_1_324' title='bbox 794 4392 909 4453; x_wconf 77' lang='lat' dir='ltr'><strong>erat</strong></span> <span class='ocrx_word' id='word_1_325' title='bbox 947 4399 1083 4436; x_wconf 75' lang='lat' dir='ltr'><strong>unus</strong></span> <span class='ocrx_word' id='word_1_326' title='bbox 1134 4401 1197 4437; x_wconf 74' lang='lat' dir='ltr'><strong>rx</strong></span> <span class='ocrx_word' id='word_1_327' title='bbox 1224 4387 1304 4438; x_wconf 80' lang='lat' dir='ltr'><strong>liis</strong></span> <span class='ocrx_word' id='word_1_328' title='bbox 1334 4386 1422 4451; x_wconf 82' lang='lat' dir='ltr'><strong>qui</strong></span> <span class='ocrx_word' id='word_1_329' title='bbox 1452 4384 1639 4453; x_wconf 77' lang='lat' dir='ltr'><strong>fratrcs</strong></span> <span class='ocrx_word' id='word_1_330' title='bbox 1675 4388 1964 4440; x_wconf 79' lang='lat' dir='ltr'><strong>Salvatoris</strong></span> 
     </span>
    </p>
   </div>
   <div class='ocr_carea' id='block_1_50' title="bbox 2062 491 3631 581">
    <p class='ocr_par' dir='ltr' id='par_1_50' title="bbox 2062 491 3631 581">
     <span class='ocr_line' id='line_1_50' title="bbox 2062 491 3631 581; baseline 0.011 -34"><span class='ocrx_word' id='word_1_331' title='bbox 2062 499 2180 564; x_wconf 79' lang='grc' dir='ltr'>φοῖς</span> <span class='ocrx_word' id='word_1_332' title='bbox 2229 496 2466 565; x_wconf 75' lang='grc' dir='ltr'>ἐφάπαξ.</span> <span class='ocrx_word' id='word_1_333' title='bbox 2521 491 2618 550; x_wconf 79' lang='grc' dir='ltr'><strong>Ὧν</strong></span> <span class='ocrx_word' id='word_1_334' title='bbox 2657 500 2808 564; x_wconf 81' lang='grc' dir='ltr'>τινὰς</span> <span class='ocrx_word' id='word_1_335' title='bbox 2860 500 2956 570; x_wconf 80' lang='grc' dir='ltr'>μὲν</span> <span class='ocrx_word' id='word_1_336' title='bbox 3004 500 3209 571; x_wconf 81' lang='grc' dir='ltr'>ἔφασκε</span> <span class='ocrx_word' id='word_1_337' title='bbox 3249 510 3631 581; x_wconf 86' lang='grc' dir='ltr'>κεκοιμῆσθαι,</span> 
     </span>
    </p>
   </div>
   <div class='ocr_carea' id='block_1_51' title="bbox 2063 588 3634 671">
    <p class='ocr_par' dir='ltr' id='par_1_51' title="bbox 2063 588 3634 671">
     <span class='ocr_line' id='line_1_51' title="bbox 2063 588 3634 671; baseline 0.011 -32"><span class='ocrx_word' id='word_1_338' title='bbox 2063 589 2186 651; x_wconf 79' lang='grc' dir='ltr'>τοὺς</span> <span class='ocrx_word' id='word_1_339' title='bbox 2211 588 2426 653; x_wconf 86' lang='grc' dir='ltr'>πλείους</span> <span class='ocrx_word' id='word_1_340' title='bbox 2447 590 2491 642; x_wconf 83' lang='grc' dir='ltr'>δ’</span> <span class='ocrx_word' id='word_1_341' title='bbox 2515 589 2594 643; x_wconf 79' lang='grc' dir='ltr'>ἔτι</span> <span class='ocrx_word' id='word_1_342' title='bbox 2617 591 2694 662; x_wconf 78' lang='grc' dir='ltr'>τῷ</span> <span class='ocrx_word' id='word_1_343' title='bbox 2726 591 2824 662; x_wconf 82' lang='grc' dir='ltr'><strong>βίῳ</strong></span> <span class='ocrx_word' id='word_1_344' title='bbox 2851 590 2970 645; x_wconf 84' lang='grc' dir='ltr'>καθ’</span> <span class='ocrx_word' id='word_1_345' title='bbox 2995 593 3053 646; x_wconf 80' lang='grc' dir='ltr'><strong>ὃν</strong></span> <span class='ocrx_word' id='word_1_346' title='bbox 3085 597 3273 667; x_wconf 75' lang='grc' dir='ltr'>γαιρὸν</span> <span class='ocrx_word' id='word_1_347' title='bbox 3293 599 3442 671; x_wconf 75' lang='grc' dir='ltr'>αὐτῷ</span> <span class='ocrx_word' id='word_1_348' title='bbox 3461 602 3634 656; x_wconf 78' lang='grc' dir='ltr'>ταῦτα</span> 
     </span>
    </p>
   </div>
   <div class='ocr_carea' id='block_1_52' title="bbox 2067 680 3635 757">
    <p class='ocr_par' dir='ltr' id='par_1_52' title="bbox 2067 680 3635 757">
     <span class='ocr_line' id='line_1_52' title="bbox 2067 680 3635 757; baseline 0.011 -27"><span class='ocrx_word' id='word_1_349' title='bbox 2067 680 2434 745; x_wconf 80' lang='grc' dir='ltr'><strong>συνετάττετο,</strong></span> <span class='ocrx_word' id='word_1_350' title='bbox 2465 684 2748 754; x_wconf 74' lang='grc' dir='ltr'>περιεῖναι.</span> <span class='ocrx_word' id='word_1_351' title='bbox 2789 686 3018 738; x_wconf 81' lang='grc' dir='ltr'><strong>Ἔπειτα</strong></span> <span class='ocrx_word' id='word_1_352' title='bbox 3041 685 3086 740; x_wconf 82' lang='grc' dir='ltr'>δ’</span> <span class='ocrx_word' id='word_1_353' title='bbox 3115 681 3293 757; x_wconf 80' lang='grc' dir='ltr'>ὦφθαι</span> <span class='ocrx_word' id='word_1_354' title='bbox 3333 692 3493 746; x_wconf 70' lang='grc' dir='ltr'>αὐτὸν</span> <span class='ocrx_word' id='word_1_355' title='bbox 3529 695 3635 748; x_wconf 77' lang='grc' dir='ltr'><strong>ἰα-</strong></span> 
     </span>
    </p>
   </div>
   <div class='ocr_carea' id='block_1_53' title="bbox 2065 765 3634 849">
    <p class='ocr_par' dir='ltr' id='par_1_53' title="bbox 2065 765 3634 849">
     <span class='ocr_line' id='line_1_53' title="bbox 2065 765 3634 849; baseline 0.008 -27"><span class='ocrx_word' id='word_1_356' title='bbox 2065 767 2226 840; x_wconf 80' lang='grc' dir='ltr'><strong>κώϐῳ</strong></span> <span class='ocrx_word' id='word_1_357' title='bbox 2267 769 2461 840; x_wconf 75' lang='grc' dir='ltr'>φηστνο</span> <span class='ocrx_word' id='word_1_358' title='bbox 2498 765 2578 835; x_wconf 76' lang='grc' dir='ltr'><strong>εἷς</strong></span> <span class='ocrx_word' id='word_1_359' title='bbox 2616 772 2672 826; x_wconf 83' lang='grc' dir='ltr'><strong>δὲ</strong></span> <span class='ocrx_word' id='word_1_360' title='bbox 2710 773 2806 826; x_wconf 70' lang='grc' dir='ltr'><strong>καὶ</strong></span> <span class='ocrx_word' id='word_1_361' title='bbox 2846 769 3000 838; x_wconf 75' lang='grc' dir='ltr'>οὗτος</span> <span class='ocrx_word' id='word_1_362' title='bbox 3037 775 3146 828; x_wconf 86' lang='grc' dir='ltr'><strong>τῶν</strong></span> <span class='ocrx_word' id='word_1_363' title='bbox 3189 779 3501 849; x_wconf 80' lang='grc' dir='ltr'><strong>φερομένων</strong></span> <span class='ocrx_word' id='word_1_364' title='bbox 3535 781 3634 835; x_wconf 79' lang='grc' dir='ltr'>τοῦ</span> 
     </span>
    </p>
   </div>
   <div class='ocr_carea' id='block_1_54' title="bbox 2065 862 3630 942">
    <p class='ocr_par' dir='ltr' id='par_1_54' title="bbox 2065 862 3630 942">
     <span class='ocr_line' id='line_1_54' title="bbox 2065 862 3630 942; baseline 0.008 -28"><span class='ocrx_word' id='word_1_365' title='bbox 2065 862 2314 933; x_wconf 75' lang='grc' dir='ltr'><strong>Σωτῆρος</strong></span> <span class='ocrx_word' id='word_1_366' title='bbox 2362 863 2638 935; x_wconf 79' lang='grc' dir='ltr'><strong>μαθητῶν,</strong></span> <span class='ocrx_word' id='word_1_367' title='bbox 2677 863 2813 918; x_wconf 80' lang='grc' dir='ltr'>ἀλλὰ</span> <span class='ocrx_word' id='word_1_368' title='bbox 2859 867 2964 937; x_wconf 85' lang='grc' dir='ltr'>μὴν</span> <span class='ocrx_word' id='word_1_369' title='bbox 3011 866 3106 918; x_wconf 74' lang='grc' dir='ltr'><strong>καὶ</strong></span> <span class='ocrx_word' id='word_1_370' title='bbox 3138 867 3378 937; x_wconf 69' lang='grc' dir='ltr'>ἀδελφῶν</span> <span class='ocrx_word' id='word_1_371' title='bbox 3404 865 3630 942; x_wconf 72' lang='grc' dir='ltr'><strong>ἦν(54).</strong></span> 
     </span>
    </p>
   </div>
   <div class='ocr_carea' id='block_1_55' title="bbox 2065 951 3636 1030">
    <p class='ocr_par' dir='ltr' id='par_1_55' title="bbox 2065 951 3636 1030">
     <span class='ocr_line' id='line_1_55' title="bbox 2065 951 3636 1030; baseline 0.007 -24"><span class='ocrx_word' id='word_1_372' title='bbox 2065 951 2177 1007; x_wconf 77' lang='grc' dir='ltr'><strong>Εἶθ’</strong></span> <span class='ocrx_word' id='word_1_373' title='bbox 2223 955 2297 1018; x_wconf 84' lang='grc' dir='ltr'>ὡς</span> <span class='ocrx_word' id='word_1_374' title='bbox 2340 955 2490 1026; x_wconf 83' lang='grc' dir='ltr'>παρὰ</span> <span class='ocrx_word' id='word_1_375' title='bbox 2544 955 2765 1022; x_wconf 82' lang='grc' dir='ltr'>τούτους</span> <span class='ocrx_word' id='word_1_376' title='bbox 2809 957 2949 1012; x_wconf 76' lang='grc' dir='ltr'>κατὰ</span> <span class='ocrx_word' id='word_1_377' title='bbox 3001 959 3226 1030; x_wconf 78' lang='grc' dir='ltr'><strong>μίμησιν</strong></span> <span class='ocrx_word' id='word_1_378' title='bbox 3275 960 3382 1014; x_wconf 86' lang='grc' dir='ltr'><strong>τῶν</strong></span> <span class='ocrx_word' id='word_1_379' title='bbox 3425 962 3636 1018; x_wconf 83' lang='grc' dir='ltr'>δώδεκα</span> 
     </span>
    </p>
   </div>
   <div class='ocr_carea' id='block_1_56' title="bbox 2066 1046 3634 1121">
    <p class='ocr_par' dir='ltr' id='par_1_56' title="bbox 2066 1046 3634 1121">
     <span class='ocr_line' id='line_1_56' title="bbox 2066 1046 3634 1121; baseline 0.007 -23"><span class='ocrx_word' id='word_1_380' title='bbox 2066 1046 2332 1100; x_wconf 82' lang='grc' dir='ltr'>πλείστων</span> <span class='ocrx_word' id='word_1_381' title='bbox 2387 1047 2528 1100; x_wconf 83' lang='grc' dir='ltr'><strong>ὅσων</strong></span> <span class='ocrx_word' id='word_1_382' title='bbox 2574 1049 2928 1121; x_wconf 76' lang='grc' dir='ltr'><strong>ὑπαρξάντων</strong></span> <span class='ocrx_word' id='word_1_383' title='bbox 2981 1051 3311 1118; x_wconf 80' lang='grc' dir='ltr'>ἀποστόλων,</span> <span class='ocrx_word' id='word_1_384' title='bbox 3383 1049 3493 1117; x_wconf 76' lang='grc' dir='ltr'>οἷος</span> <span class='ocrx_word' id='word_1_385' title='bbox 3537 1057 3634 1108; x_wconf 78' lang='grc' dir='ltr'>καὶ</span> 
     </span>
    </p>
   </div>
   <div class='ocr_carea' id='block_1_57' title="bbox 2065 1138 3634 1214">
    <p class='ocr_par' dir='ltr' id='par_1_57' title="bbox 2065 1138 3634 1214">
     <span class='ocr_line' id='line_1_57' title="bbox 2065 1138 3634 1214; baseline 0.004 -21"><span class='ocrx_word' id='word_1_386' title='bbox 2065 1140 2227 1204; x_wconf 68' lang='grc' dir='ltr'>αὐτὸς</span> <span class='ocrx_word' id='word_1_387' title='bbox 2274 1142 2302 1193; x_wconf 88' lang='grc' dir='ltr'>ὁ</span> <span class='ocrx_word' id='word_1_388' title='bbox 2354 1140 2566 1204; x_wconf 81' lang='grc' dir='ltr'><strong>Παῦλος</strong></span> <span class='ocrx_word' id='word_1_389' title='bbox 2606 1138 2694 1212; x_wconf 80' lang='grc' dir='ltr'><strong>ἦν,</strong></span> <span class='ocrx_word' id='word_1_390' title='bbox 2730 1142 3051 1214; x_wconf 82' lang='grc' dir='ltr'>προστίθησι</span> <span class='ocrx_word' id='word_1_391' title='bbox 3087 1143 3288 1212; x_wconf 78' lang='grc' dir='ltr'>λέγων’</span> <span class='ocrx_word' id='word_1_392' title='bbox 3332 1163 3350 1195; x_wconf 76' lang='grc' dir='ltr'><strong>ι</strong></span> <span class='ocrx_word' id='word_1_393' title='bbox 3396 1147 3634 1200; x_wconf 76' lang='grc' dir='ltr'>Ἔπειτα</span> 
     </span>
    </p>
   </div>
   <div class='ocr_carea' id='block_1_58' title="bbox 2066 1231 3634 1309">
    <p class='ocr_par' dir='ltr' id='par_1_58' title="bbox 2066 1231 3634 1309">
     <span class='ocr_line' id='line_1_58' title="bbox 2066 1231 3634 1309; baseline 0.005 -26"><span class='ocrx_word' id='word_1_394' title='bbox 2066 1231 2224 1302; x_wconf 75' lang='grc' dir='ltr'>ὤφθη</span> <span class='ocrx_word' id='word_1_395' title='bbox 2265 1235 2378 1295; x_wconf 84' lang='grc' dir='ltr'>τοῖς</span> <span class='ocrx_word' id='word_1_396' title='bbox 2418 1233 2734 1296; x_wconf 81' lang='grc' dir='ltr'>ἀποστόλοις</span> <span class='ocrx_word' id='word_1_397' title='bbox 2767 1233 2920 1288; x_wconf 78' lang='grc' dir='ltr'>πᾶσι.</span> <span class='ocrx_word' id='word_1_398' title='bbox 2963 1254 2980 1286; x_wconf 72' lang='grc' dir='ltr'><strong>ι</strong></span> <span class='ocrx_word' id='word_1_399' title='bbox 3018 1233 3204 1288; x_wconf 77' lang='grc' dir='ltr'>Ταῦτα</span> <span class='ocrx_word' id='word_1_400' title='bbox 3240 1234 3337 1305; x_wconf 78' lang='grc' dir='ltr'>μὲν</span> <span class='ocrx_word' id='word_1_401' title='bbox 3377 1233 3470 1289; x_wconf 71' lang='grc' dir='ltr'><strong>οὖν</strong></span> <span class='ocrx_word' id='word_1_402' title='bbox 3504 1237 3634 1309; x_wconf 74' lang='grc' dir='ltr'>περὶ</span> 
     </span>
    </p>
   </div>
   <div class='ocr_carea' id='block_1_59' title="bbox 2063 1325 3632 1401">
    <p class='ocr_par' dir='ltr' id='par_1_59' title="bbox 2063 1325 3632 1401">
     <span class='ocr_line' id='line_1_59' title="bbox 2063 1325 3632 1401; baseline 0.003 -24"><span class='ocrx_word' id='word_1_403' title='bbox 2063 1325 2250 1378; x_wconf 83' lang='grc' dir='ltr'>τῶνδε.</span> <span class='ocrx_word' id='word_1_404' title='bbox 2286 1327 2396 1396; x_wconf 90' lang='grc' dir='ltr'><strong>Τῆς</strong></span> <span class='ocrx_word' id='word_1_405' title='bbox 2425 1326 2482 1379; x_wconf 84' lang='grc' dir='ltr'><strong>δὲ</strong></span> <span class='ocrx_word' id='word_1_406' title='bbox 2515 1327 2643 1398; x_wconf 74' lang='grc' dir='ltr'>περὶ</span> <span class='ocrx_word' id='word_1_407' title='bbox 2681 1326 2774 1380; x_wconf 74' lang='grc' dir='ltr'>τὸν</span> <span class='ocrx_word' id='word_1_408' title='bbox 2813 1327 3069 1382; x_wconf 80' lang='grc' dir='ltr'>Θαδδαῖον</span> <span class='ocrx_word' id='word_1_409' title='bbox 3103 1328 3342 1399; x_wconf 77' lang='grc' dir='ltr'>ἱστορίας</span> <span class='ocrx_word' id='word_1_410' title='bbox 3377 1332 3509 1401; x_wconf 77' lang='grc' dir='ltr'>ἡμῖν</span> <span class='ocrx_word' id='word_1_411' title='bbox 3543 1330 3632 1382; x_wconf 86' lang='grc' dir='ltr'>λε-</span> 
     </span>
    </p>
   </div>
   <div class='ocr_carea' id='block_1_60' title="bbox 2066 1416 3094 1490">
    <p class='ocr_par' dir='ltr' id='par_1_60' title="bbox 2066 1416 3094 1490">
     <span class='ocr_line' id='line_1_60' title="bbox 2066 1416 3094 1490; baseline 0.004 -20"><span class='ocrx_word' id='word_1_412' title='bbox 2066 1416 2285 1489; x_wconf 84' lang='grc' dir='ltr'>χθείσης</span> <span class='ocrx_word' id='word_1_413' title='bbox 2314 1417 2549 1482; x_wconf 73' lang='grc' dir='ltr'>τοιοῦτος</span> <span class='ocrx_word' id='word_1_414' title='bbox 2577 1419 2796 1488; x_wconf 78' lang='grc' dir='ltr'>γέγονεν</span> <span class='ocrx_word' id='word_1_415' title='bbox 2823 1421 2850 1471; x_wconf 86' lang='grc' dir='ltr'>ὁ</span> <span class='ocrx_word' id='word_1_416' title='bbox 2875 1419 3094 1490; x_wconf 75' lang='grc' dir='ltr'>τρόπος.</span> 
     </span>
    </p>
   </div>
   <div class='ocr_carea' id='block_1_61' title="bbox 2579 1689 3110 1742">
    <p class='ocr_par' dir='ltr' id='par_1_61' title="bbox 2579 1689 3110 1742">
     <span class='ocr_line' id='line_1_61' title="bbox 2579 1689 3110 1742; baseline -0.002 -1"><span class='ocrx_word' id='word_1_417' title='bbox 2579 1689 2973 1742; x_wconf 73' lang='grc' dir='ltr'><strong>ΚΕΦΑΑΑῙΟΝ</strong></span> <span class='ocrx_word' id='word_1_418' title='bbox 3011 1689 3110 1741; x_wconf 76' lang='lat' dir='ltr'><strong>ll&quot;.</strong></span> 
     </span>
    </p>
   </div>
   <div class='ocr_carea' id='block_1_62' title="bbox 2077 1776 3630 1848">
    <p class='ocr_par' dir='ltr' id='par_1_62' title="bbox 2077 1776 3630 1848">
     <span class='ocr_line' id='line_1_62' title="bbox 2077 1776 3630 1848; baseline -0.001 -14"><span class='ocrx_word' id='word_1_419' title='bbox 2077 1779 2336 1848; x_wconf 81' lang='grc' dir='ltr'>Ἰστορία</span> <span class='ocrx_word' id='word_1_420' title='bbox 2388 1780 2516 1848; x_wconf 76' lang='grc' dir='ltr'>περὶ</span> <span class='ocrx_word' id='word_1_421' title='bbox 2551 1779 2655 1832; x_wconf 85' lang='grc' dir='ltr'>τοῦ</span> <span class='ocrx_word' id='word_1_422' title='bbox 2684 1779 2802 1833; x_wconf 80' lang='grc' dir='ltr'>τῶν</span> <span class='ocrx_word' id='word_1_423' title='bbox 2868 1776 3249 1845; x_wconf 72' lang='grc' dir='ltr'>Ἐδεοεσηνῶν</span> <span class='ocrx_word' id='word_1_424' title='bbox 3294 1776 3630 1848; x_wconf 74' lang='grc' dir='ltr'>δυνάστου.</span> 
     </span>
    </p>
   </div>
   <div class='ocr_carea' id='block_1_63' title="bbox 2306 1847 3394 1920">
    <p class='ocr_par' dir='ltr' id='par_1_63' title="bbox 2306 1847 3394 1920">
     <span class='ocr_line' id='line_1_63' title="bbox 2306 1847 3394 1920; baseline -0.002 -18"><span class='ocrx_word' id='word_1_425' title='bbox 2306 1847 2559 1920; x_wconf 61' lang='lat' dir='ltr'><strong>(Nic-.1].</strong></span> <span class='ocrx_word' id='word_1_426' title='bbox 2588 1849 2653 1903; x_wconf 86' lang='lat' dir='ltr'><strong>E.</strong></span> <span class='ocrx_word' id='word_1_427' title='bbox 2689 1866 2750 1914; x_wconf 87' lang='lat' dir='ltr'><strong>ll,</strong></span> <span class='ocrx_word' id='word_1_428' title='bbox 2783 1851 2834 1912; x_wconf 87' lang='lat'><strong>7,</strong></span> <span class='ocrx_word' id='word_1_429' title='bbox 2867 1862 2922 1905; x_wconf 88' lang='lat' dir='ltr'><strong>et</strong></span> <span class='ocrx_word' id='word_1_430' title='bbox 2957 1851 3146 1918; x_wconf 76' lang='lat' dir='ltr'><strong>Evagr.</strong></span> <span class='ocrx_word' id='word_1_431' title='bbox 3184 1864 3254 1911; x_wconf 88' lang='lat' dir='ltr'><strong>iv,</strong></span> <span class='ocrx_word' id='word_1_432' title='bbox 3281 1847 3394 1917; x_wconf 69' lang='lat'><strong>29.)</strong></span> 
     </span>
    </p>
   </div>
   <div class='ocr_carea' id='block_1_64' title="bbox 2146 1939 3631 2022">
    <p class='ocr_par' dir='ltr' id='par_1_64' title="bbox 2146 1939 3631 2022">
     <span class='ocr_line' id='line_1_64' title="bbox 2146 1939 3631 2022; baseline -0.001 -26"><span class='ocrx_word' id='word_1_433' title='bbox 2146 1944 2209 1996; x_wconf 81' lang='grc' dir='ltr'><strong>Ἠ</strong></span> <span class='ocrx_word' id='word_1_434' title='bbox 2243 1942 2334 1996; x_wconf 77' lang='grc' dir='ltr'>τοῦ</span> <span class='ocrx_word' id='word_1_435' title='bbox 2367 1944 2570 2014; x_wconf 84' lang='grc' dir='ltr'>Κυρίου</span> <span class='ocrx_word' id='word_1_436' title='bbox 2605 1945 2697 1997; x_wconf 73' lang='grc' dir='ltr'>καὶ</span> <span class='ocrx_word' id='word_1_437' title='bbox 2731 1943 2980 2014; x_wconf 80' lang='grc' dir='ltr'>Σωτῆρος</span> <span class='ocrx_word' id='word_1_438' title='bbox 3022 1941 3177 2022; x_wconf 73' lang='grc' dir='ltr'>ἡμῶν</span> <span class='ocrx_word' id='word_1_439' title='bbox 3192 1941 3367 2012; x_wconf 84' lang='grc' dir='ltr'><strong>Ἰησοῦ</strong></span> <span class='ocrx_word' id='word_1_440' title='bbox 3393 1939 3631 2012; x_wconf 76' lang='grc' dir='ltr'>Χριστοῦ</span> 
     </span>
    </p>
   </div>
   <div class='ocr_carea' id='block_1_65' title="bbox 2065 2031 3631 2106">
    <p class='ocr_par' dir='ltr' id='par_1_65' title="bbox 2065 2031 3631 2106">
     <span class='ocr_line' id='line_1_65' title="bbox 2065 2031 3631 2106; baseline -0.001 -20"><span class='ocrx_word' id='word_1_441' title='bbox 2065 2033 2252 2103; x_wconf 76' lang='grc' dir='ltr'>θεότης</span> <span class='ocrx_word' id='word_1_442' title='bbox 2297 2034 2426 2105; x_wconf 77' lang='grc'>(55),</span> <span class='ocrx_word' id='word_1_443' title='bbox 2464 2037 2542 2099; x_wconf 84' lang='grc' dir='ltr'><strong>είς</strong></span> <span class='ocrx_word' id='word_1_444' title='bbox 2590 2035 2796 2098; x_wconf 79' lang='grc' dir='ltr'>πάντας</span> <span class='ocrx_word' id='word_1_445' title='bbox 2839 2033 3154 2106; x_wconf 79' lang='grc' dir='ltr'>ἀνθρώπους</span> <span class='ocrx_word' id='word_1_446' title='bbox 3199 2034 3296 2104; x_wconf 85' lang='grc' dir='ltr'><strong>τῆς</strong></span> <span class='ocrx_word' id='word_1_447' title='bbox 3331 2031 3631 2104; x_wconf 75' lang='grc' dir='ltr'>παραδοξο-</span> 
     </span>
    </p>
   </div>
   <div class='ocr_carea' id='block_1_66' title="bbox 2064 2122 3631 2198">
    <p class='ocr_par' dir='ltr' id='par_1_66' title="bbox 2064 2122 3631 2198">
     <span class='ocr_line' id='line_1_66' title="bbox 2064 2122 3631 2198; baseline -0.002 -21"><span class='ocrx_word' id='word_1_448' title='bbox 2064 2125 2218 2178; x_wconf 79' lang='grc' dir='ltr'><strong>ποιοῦ</strong></span> <span class='ocrx_word' id='word_1_449' title='bbox 2248 2125 2525 2198; x_wconf 81' lang='grc' dir='ltr'>δυνάμεως</span> <span class='ocrx_word' id='word_1_450' title='bbox 2560 2126 2742 2180; x_wconf 73' lang='grc' dir='ltr'>ἕνεκεν</span> <span class='ocrx_word' id='word_1_451' title='bbox 2776 2124 3020 2196; x_wconf 84' lang='grc' dir='ltr'>βοωμένη</span> <span class='ocrx_word' id='word_1_452' title='bbox 3043 2166 3057 2190; x_wconf 89' lang='grc'><strong>,</strong></span> <span class='ocrx_word' id='word_1_453' title='bbox 3093 2123 3314 2196; x_wconf 87' lang='grc' dir='ltr'>μυρίους</span> <span class='ocrx_word' id='word_1_454' title='bbox 3349 2125 3506 2186; x_wconf 83' lang='grc' dir='ltr'>ὅσους</span> <span class='ocrx_word' id='word_1_455' title='bbox 3534 2122 3631 2175; x_wconf 65' lang='grc' dir='ltr'>καὶ</span> 
     </span>
    </p>
   </div>
   <div class='ocr_carea' id='block_1_67' title="bbox 2064 2213 3630 2290">
    <p class='ocr_par' dir='ltr' id='par_1_67' title="bbox 2064 2213 3630 2290">
     <span class='ocr_line' id='line_1_67' title="bbox 2064 2213 3630 2290; baseline -0.006 -15"><span class='ocrx_word' id='word_1_456' title='bbox 2064 2221 2171 2274; x_wconf 87' lang='grc' dir='ltr'><strong>τῶν</strong></span> <span class='ocrx_word' id='word_1_457' title='bbox 2203 2223 2286 2274; x_wconf 80' lang='grc' dir='ltr'>ἐπ’</span> <span class='ocrx_word' id='word_1_458' title='bbox 2321 2220 2623 2290; x_wconf 83' lang='grc' dir='ltr'>ἀλλοδαπῆς</span> <span class='ocrx_word' id='word_1_459' title='bbox 2651 2217 2983 2290; x_wconf 72' lang='grc' dir='ltr'>πορρωτάτω</span> <span class='ocrx_word' id='word_1_460' title='bbox 3012 2235 3071 2269; x_wconf 89' lang='grc' dir='ltr'><strong>τε</strong></span> <span class='ocrx_word' id='word_1_461' title='bbox 3099 2216 3199 2286; x_wconf 89' lang='grc' dir='ltr'><strong>τῆς</strong></span> <span class='ocrx_word' id='word_1_462' title='bbox 3239 2215 3514 2278; x_wconf 81' lang='grc' dir='ltr'>Ἰουδαίας,</span> <span class='ocrx_word' id='word_1_463' title='bbox 3545 2213 3630 2267; x_wconf 78' lang='grc' dir='ltr'>νό-</span> 
     </span>
    </p>
   </div>
   <div class='ocr_carea' id='block_1_68' title="bbox 2066 2306 3633 2378">
    <p class='ocr_par' dir='ltr' id='par_1_68' title="bbox 2066 2306 3633 2378">
     <span class='ocr_line' id='line_1_68' title="bbox 2066 2306 3633 2378; baseline -0.006 -12"><span class='ocrx_word' id='word_1_464' title='bbox 2066 2331 2174 2366; x_wconf 89' lang='grc' dir='ltr'><strong>σων</strong></span> <span class='ocrx_word' id='word_1_465' title='bbox 2201 2330 2260 2365; x_wconf 90' lang='grc' dir='ltr'><strong>τε</strong></span> <span class='ocrx_word' id='word_1_466' title='bbox 2292 2313 2384 2372; x_wconf 75' lang='grc' dir='ltr'>καὶ</span> <span class='ocrx_word' id='word_1_467' title='bbox 2421 2310 2687 2364; x_wconf 83' lang='grc' dir='ltr'>παντοίων</span> <span class='ocrx_word' id='word_1_468' title='bbox 2729 2308 2916 2363; x_wconf 85' lang='grc' dir='ltr'>παθῶν</span> <span class='ocrx_word' id='word_1_469' title='bbox 2959 2307 3129 2362; x_wconf 79' lang='grc' dir='ltr'>ἐλπίδι</span> <span class='ocrx_word' id='word_1_470' title='bbox 3158 2306 3451 2378; x_wconf 77' lang='grc' dir='ltr'>θεραπείας</span> <span class='ocrx_word' id='word_1_471' title='bbox 3493 2307 3633 2378; x_wconf 78' lang='grc' dir='ltr'><strong>ἐπή-</strong></span> 
     </span>
    </p>
   </div>
   <div class='ocr_carea' id='block_1_69' title="bbox 2064 2397 3628 2474">
    <p class='ocr_par' dir='ltr' id='par_1_69' title="bbox 2064 2397 3628 2474">
     <span class='ocr_line' id='line_1_69' title="bbox 2064 2397 3628 2474; baseline -0.006 -16"><span class='ocrx_word' id='word_1_472' title='bbox 2064 2422 2208 2474; x_wconf 84' lang='grc' dir='ltr'>γετο.</span> <span class='ocrx_word' id='word_1_473' title='bbox 2254 2404 2434 2473; x_wconf 77' lang='grc' dir='ltr'>Ταύτῃ</span> <span class='ocrx_word' id='word_1_474' title='bbox 2477 2421 2556 2457; x_wconf 88' lang='grc' dir='ltr'><strong>τοι</strong></span> <span class='ocrx_word' id='word_1_475' title='bbox 2586 2402 2834 2473; x_wconf 77' lang='grc' dir='ltr'>βασιλεὺς</span> <span class='ocrx_word' id='word_1_476' title='bbox 2868 2401 3140 2472; x_wconf 73' lang='grc' dir='ltr'>Ἀγὸαρος</span> <span class='ocrx_word' id='word_1_477' title='bbox 3182 2398 3313 2469; x_wconf 76' lang='grc'><strong>(56),</strong></span> <span class='ocrx_word' id='word_1_478' title='bbox 3348 2397 3453 2451; x_wconf 85' lang='grc' dir='ltr'><strong>τῶν</strong></span> <span class='ocrx_word' id='word_1_479' title='bbox 3487 2397 3628 2466; x_wconf 69' lang='grc' dir='ltr'>ὑπὲρ</span> 
     </span>
    </p>
   </div>
   <div class='ocr_carea' id='block_1_70' title="bbox 2063 2489 3631 2568">
    <p class='ocr_par' dir='ltr' id='par_1_70' title="bbox 2063 2489 3631 2568">
     <span class='ocr_line' id='line_1_70' title="bbox 2063 2489 3631 2568; baseline -0.006 -17"><span class='ocrx_word' id='word_1_480' title='bbox 2063 2497 2353 2568; x_wconf 74' lang='grc' dir='ltr'>Εὐφράτην</span> <span class='ocrx_word' id='word_1_481' title='bbox 2383 2495 2548 2550; x_wconf 71' lang='grc' dir='ltr'>ἐθνῶν</span> <span class='ocrx_word' id='word_1_482' title='bbox 2580 2495 2688 2565; x_wconf 77' lang='grc'><strong>(57)</strong></span> <span class='ocrx_word' id='word_1_483' title='bbox 2733 2493 3102 2563; x_wconf 72' lang='grc' dir='ltr'>ἐπισημότατα</span> <span class='ocrx_word' id='word_1_484' title='bbox 3139 2489 3496 2555; x_wconf 78' lang='grc' dir='ltr'>δυναστεύων,</span> <span class='ocrx_word' id='word_1_485' title='bbox 3533 2489 3631 2542; x_wconf 77' lang='grc' dir='ltr'><strong>πά-</strong></span> 
     </span>
    </p>
   </div>
   <div class='ocr_carea' id='block_1_71' title="bbox 2065 2581 3628 2658">
    <p class='ocr_par' dir='ltr' id='par_1_71' title="bbox 2065 2581 3628 2658">
     <span class='ocr_line' id='line_1_71' title="bbox 2065 2581 3628 2658; baseline -0.006 -16"><span class='ocrx_word' id='word_1_486' title='bbox 2065 2589 2146 2642; x_wconf 88' lang='grc' dir='ltr'><strong>θει</strong></span> <span class='ocrx_word' id='word_1_487' title='bbox 2179 2589 2237 2642; x_wconf 80' lang='grc' dir='ltr'>τὸ</span> <span class='ocrx_word' id='word_1_488' title='bbox 2284 2587 2440 2658; x_wconf 85' lang='grc' dir='ltr'>σῶμα</span> <span class='ocrx_word' id='word_1_489' title='bbox 2485 2585 2639 2656; x_wconf 82' lang='grc' dir='ltr'>δεινῷ</span> <span class='ocrx_word' id='word_1_490' title='bbox 2682 2585 2774 2639; x_wconf 76' lang='grc' dir='ltr'><strong>καὶ</strong></span> <span class='ocrx_word' id='word_1_491' title='bbox 2801 2585 2861 2637; x_wconf 81' lang='grc' dir='ltr'><strong>ού</strong></span> <span class='ocrx_word' id='word_1_492' title='bbox 2892 2581 3239 2655; x_wconf 84' lang='grc' dir='ltr'>θεραπευτῲ.</span> <span class='ocrx_word' id='word_1_493' title='bbox 3269 2583 3392 2634; x_wconf 76' lang='grc' dir='ltr'>ὅσον</span> <span class='ocrx_word' id='word_1_494' title='bbox 3422 2582 3504 2633; x_wconf 78' lang='grc' dir='ltr'><strong>ἐπ’</strong></span> <span class='ocrx_word' id='word_1_495' title='bbox 3531 2581 3628 2633; x_wconf 79' lang='grc' dir='ltr'><strong>ἀνο</strong></span> 
     </span>
    </p>
   </div>
   <div class='ocr_carea' id='block_1_72' title="bbox 2065 2669 3629 2750">
    <p class='ocr_par' dir='ltr' id='par_1_72' title="bbox 2065 2669 3629 2750">
     <span class='ocr_line' id='line_1_72' title="bbox 2065 2669 3629 2750; baseline -0.005 -18"><span class='ocrx_word' id='word_1_496' title='bbox 2065 2677 2306 2750; x_wconf 79' lang='grc' dir='ltr'>θρωπείᾳ</span> <span class='ocrx_word' id='word_1_497' title='bbox 2336 2676 2580 2747; x_wconf 84' lang='grc' dir='ltr'>δυνάμει,</span> <span class='ocrx_word' id='word_1_498' title='bbox 2615 2673 3129 2745; x_wconf 71' lang='grc' dir='ltr'>καταφθειρόμενος,</span> <span class='ocrx_word' id='word_1_499' title='bbox 3158 2672 3234 2735; x_wconf 87' lang='grc' dir='ltr'>ὼς</span> <span class='ocrx_word' id='word_1_500' title='bbox 3271 2672 3365 2724; x_wconf 77' lang='grc' dir='ltr'>καὶ</span> <span class='ocrx_word' id='word_1_501' title='bbox 3390 2669 3629 2739; x_wconf 73' lang='grc' dir='ltr'>τοῦνομα</span> 
     </span>
    </p>
   </div>
   <div class='ocr_carea' id='block_1_73' title="bbox 2061 2761 3629 2840">
    <p class='ocr_par' dir='ltr' id='par_1_73' title="bbox 2061 2761 3629 2840">
     <span class='ocr_line' id='line_1_73' title="bbox 2061 2761 3629 2840; baseline -0.006 -17"><span class='ocrx_word' id='word_1_502' title='bbox 2061 2769 2155 2823; x_wconf 78' lang='grc' dir='ltr'>τοῦ</span> <span class='ocrx_word' id='word_1_503' title='bbox 2203 2767 2377 2840; x_wconf 77' lang='grc' dir='ltr'>Ἰησοῦ</span> <span class='ocrx_word' id='word_1_504' title='bbox 2417 2766 2550 2820; x_wconf 79' lang='grc' dir='ltr'>πολὺ</span> <span class='ocrx_word' id='word_1_505' title='bbox 2598 2767 2691 2820; x_wconf 77' lang='grc' dir='ltr'><strong>καὶ</strong></span> <span class='ocrx_word' id='word_1_506' title='bbox 2729 2766 2826 2830; x_wconf 83' lang='grc' dir='ltr'>τὰς</span> <span class='ocrx_word' id='word_1_507' title='bbox 2862 2765 3115 2834; x_wconf 84' lang='grc' dir='ltr'>δυνάμεις</span> <span class='ocrx_word' id='word_1_508' title='bbox 3161 2761 3463 2834; x_wconf 72' lang='grc' dir='ltr'>συμφώνως</span> <span class='ocrx_word' id='word_1_509' title='bbox 3492 2761 3629 2833; x_wconf 78' lang='grc' dir='ltr'>πρὸς</span> 
     </span>
    </p>
   </div>
   <div class='ocr_carea' id='block_1_74' title="bbox 2064 2852 3632 2932">
    <p class='ocr_par' dir='ltr' id='par_1_74' title="bbox 2064 2852 3632 2932">
     <span class='ocr_line' id='line_1_74' title="bbox 2064 2852 3632 2932; baseline -0.008 -15"><span class='ocrx_word' id='word_1_510' title='bbox 2064 2863 2313 2917; x_wconf 81' lang='grc' dir='ltr'>ἁπάντων</span> <span class='ocrx_word' id='word_1_511' title='bbox 2350 2861 2793 2932; x_wconf 83' lang='grc' dir='ltr'>μαρτυρουμένας</span> <span class='ocrx_word' id='word_1_512' title='bbox 2821 2857 3066 2920; x_wconf 80' lang='grc' dir='ltr'>ἐπύθετο,</span> <span class='ocrx_word' id='word_1_513' title='bbox 3095 2856 3274 2926; x_wconf 74' lang='grc' dir='ltr'>ἱκέτης</span> <span class='ocrx_word' id='word_1_514' title='bbox 3299 2852 3459 2907; x_wconf 75' lang='grc' dir='ltr'>αὐτοῦ</span> <span class='ocrx_word' id='word_1_515' title='bbox 3491 2853 3632 2923; x_wconf 83' lang='grc' dir='ltr'>πέμ-</span> 
     </span>
    </p>
   </div>
   <div class='ocr_carea' id='block_1_75' title="bbox 2061 2947 3627 3025">
    <p class='ocr_par' dir='ltr' id='par_1_75' title="bbox 2061 2947 3627 3025">
     <span class='ocr_line' id='line_1_75' title="bbox 2061 2947 3627 3025; baseline -0.006 -17"><span class='ocrx_word' id='word_1_516' title='bbox 2061 2955 2168 3025; x_wconf 73' lang='grc' dir='ltr'><strong>ψας</strong></span> <span class='ocrx_word' id='word_1_517' title='bbox 2209 2954 2274 3008; x_wconf 76' lang='grc' dir='ltr'>δι’</span> <span class='ocrx_word' id='word_1_518' title='bbox 2323 2952 2746 3023; x_wconf 66' lang='grc' dir='ltr'>ὲπιστοληφόρου</span> <span class='ocrx_word' id='word_1_519' title='bbox 2789 2950 3063 3019; x_wconf 79' lang='grc' dir='ltr'>γίγνεται,</span> <span class='ocrx_word' id='word_1_520' title='bbox 3115 2949 3211 3018; x_wconf 89' lang='grc' dir='ltr'><strong>τῆς</strong></span> <span class='ocrx_word' id='word_1_521' title='bbox 3251 2947 3404 3000; x_wconf 85' lang='grc' dir='ltr'>νόσου</span> <span class='ocrx_word' id='word_1_522' title='bbox 3446 2949 3627 3016; x_wconf 78' lang='grc' dir='ltr'>τυχεῖν</span> 
     </span>
    </p>
   </div>
   <div class='ocr_carea' id='block_1_76' title="bbox 1987 3037 3628 3118">
    <p class='ocr_par' dir='ltr' id='par_1_76' title="bbox 1987 3037 3628 3118">
     <span class='ocr_line' id='line_1_76' title="bbox 1987 3037 3628 3118; baseline -0.007 -17"><span class='ocrx_word' id='word_1_523' title='bbox 1987 3063 2029 3118; x_wconf 79' lang='lat' dir='ltr'><strong><em>C</em></strong></span> <span class='ocrx_word' id='word_1_524' title='bbox 2062 3046 2378 3116; x_wconf 83' lang='grc' dir='ltr'>ἀπαλλαγῆς</span> <span class='ocrx_word' id='word_1_525' title='bbox 2415 3043 2598 3110; x_wconf 82' lang='grc' dir='ltr'>ἀξιῶν.</span> <span class='ocrx_word' id='word_1_526' title='bbox 2644 3044 2700 3097; x_wconf 88' lang='lat'><strong>&#39;0</strong></span> <span class='ocrx_word' id='word_1_527' title='bbox 2747 3043 2803 3097; x_wconf 84' lang='grc' dir='ltr'><strong>δὲ</strong></span> <span class='ocrx_word' id='word_1_528' title='bbox 2839 3042 2912 3113; x_wconf 81' lang='grc' dir='ltr'>μὴ</span> <span class='ocrx_word' id='word_1_529' title='bbox 2954 3043 3075 3094; x_wconf 87' lang='grc' dir='ltr'>τότε</span> <span class='ocrx_word' id='word_1_530' title='bbox 3109 3040 3358 3094; x_wconf 72' lang='grc' dir='ltr'>καλοῦντι</span> <span class='ocrx_word' id='word_1_531' title='bbox 3391 3037 3628 3094; x_wconf 78' lang='grc' dir='ltr'>ὑπακού-</span> 
     </span>
    </p>
   </div>
   <div class='ocr_carea' id='block_1_77' title="bbox 2066 3131 3627 3208">
    <p class='ocr_par' dir='ltr' id='par_1_77' title="bbox 2066 3131 3627 3208">
     <span class='ocr_line' id='line_1_77' title="bbox 2066 3131 3627 3208; baseline -0.005 -16"><span class='ocrx_word' id='word_1_532' title='bbox 2066 3157 2183 3204; x_wconf 88' lang='grc' dir='ltr'>σας,</span> <span class='ocrx_word' id='word_1_533' title='bbox 2219 3139 2500 3208; x_wconf 77' lang='grc' dir='ltr'>ἐπιστολῆς</span> <span class='ocrx_word' id='word_1_534' title='bbox 2543 3136 2673 3207; x_wconf 80' lang='grc' dir='ltr'>γοῦν</span> <span class='ocrx_word' id='word_1_535' title='bbox 2705 3137 2867 3190; x_wconf 76' lang='grc' dir='ltr'>αὐτὸν</span> <span class='ocrx_word' id='word_1_536' title='bbox 2905 3135 3037 3198; x_wconf 77' lang='grc' dir='ltr'>ἰδίας</span> <span class='ocrx_word' id='word_1_537' title='bbox 3077 3133 3341 3199; x_wconf 81' lang='grc' dir='ltr'>καταξιοῖ,</span> <span class='ocrx_word' id='word_1_538' title='bbox 3387 3132 3481 3184; x_wconf 70' lang='grc' dir='ltr'>ἕνα</span> <span class='ocrx_word' id='word_1_539' title='bbox 3518 3131 3627 3186; x_wconf 80' lang='grc' dir='ltr'><strong>τῶν</strong></span> 
     </span>
    </p>
   </div>
   <div class='ocr_carea' id='block_1_78' title="bbox 2061 3221 3628 3300">
    <p class='ocr_par' dir='ltr' id='par_1_78' title="bbox 2061 3221 3628 3300">
     <span class='ocr_line' id='line_1_78' title="bbox 2061 3221 3628 3300; baseline -0.007 -16"><span class='ocrx_word' id='word_1_540' title='bbox 2061 3231 2225 3291; x_wconf 77' lang='grc' dir='ltr'>αὑτοῦ</span> <span class='ocrx_word' id='word_1_541' title='bbox 2256 3228 2510 3300; x_wconf 81' lang='grc' dir='ltr'>μαθητῶν</span> <span class='ocrx_word' id='word_1_542' title='bbox 2540 3227 2882 3283; x_wconf 82' lang='grc' dir='ltr'>ἀποστέλλειν</span> <span class='ocrx_word' id='word_1_543' title='bbox 2912 3226 3002 3287; x_wconf 70' lang='grc' dir='ltr'><strong>ἐπὶ</strong></span> <span class='ocrx_word' id='word_1_544' title='bbox 3033 3223 3297 3294; x_wconf 72' lang='grc' dir='ltr'>θεραπείᾳ.</span> <span class='ocrx_word' id='word_1_545' title='bbox 3325 3223 3421 3292; x_wconf 89' lang='grc' dir='ltr'><strong>τῆς</strong></span> <span class='ocrx_word' id='word_1_546' title='bbox 3447 3221 3628 3287; x_wconf 80' lang='grc' dir='ltr'>νόσου,</span> 
     </span>
    </p>
   </div>
   <div class='ocr_carea' id='block_1_79' title="bbox 2063 3307 3631 3390">
    <p class='ocr_par' dir='ltr' id='par_1_79' title="bbox 2063 3307 3631 3390">
     <span class='ocr_line' id='line_1_79' title="bbox 2063 3307 3631 3390; baseline -0.009 -17"><span class='ocrx_word' id='word_1_547' title='bbox 2063 3319 2196 3390; x_wconf 78' lang='grc' dir='ltr'>ὁμοῦ</span> <span class='ocrx_word' id='word_1_548' title='bbox 2229 3336 2285 3371; x_wconf 83' lang='grc' dir='ltr'><strong>τε</strong></span> <span class='ocrx_word' id='word_1_549' title='bbox 2322 3316 2485 3372; x_wconf 79' lang='grc' dir='ltr'><strong>αὑτοῦ</strong></span> <span class='ocrx_word' id='word_1_550' title='bbox 2522 3315 2790 3387; x_wconf 83' lang='grc' dir='ltr'>σωτηρίαν</span> <span class='ocrx_word' id='word_1_551' title='bbox 2832 3315 2941 3384; x_wconf 74' lang='grc'><strong>(58)</strong></span> <span class='ocrx_word' id='word_1_552' title='bbox 2984 3314 3076 3366; x_wconf 60' lang='grc' dir='ltr'><strong>καὶ⁹</strong></span> <span class='ocrx_word' id='word_1_553' title='bbox 3107 3311 3214 3363; x_wconf 86' lang='grc' dir='ltr'><strong>τῶν</strong></span> <span class='ocrx_word' id='word_1_554' title='bbox 3248 3307 3631 3380; x_wconf 83' lang='grc' dir='ltr'>προσηκόντων</span> 
     </span>
    </p>
   </div>
   <div class='ocr_carea' id='block_1_80' title="bbox 2065 3398 3631 3479">
    <p class='ocr_par' dir='ltr' id='par_1_80' title="bbox 2065 3398 3631 3479">
     <span class='ocr_line' id='line_1_80' title="bbox 2065 3398 3631 3479; baseline -0.01 -13"><span class='ocrx_word' id='word_1_555' title='bbox 2065 3413 2314 3466; x_wconf 77' lang='grc' dir='ltr'>ἁπάντων</span> <span class='ocrx_word' id='word_1_556' title='bbox 2370 3407 2812 3479; x_wconf 80' lang='grc' dir='ltr'>ὑπισχνούμενος.</span> <span class='ocrx_word' id='word_1_557' title='bbox 2871 3404 2984 3458; x_wconf 79' lang='grc' dir='ltr'><strong>Οὐκ</strong></span> <span class='ocrx_word' id='word_1_558' title='bbox 3031 3405 3109 3466; x_wconf 89' lang='grc' dir='ltr'><strong>είς</strong></span> <span class='ocrx_word' id='word_1_559' title='bbox 3160 3399 3367 3473; x_wconf 81' lang='grc' dir='ltr'>μακρὸν</span> <span class='ocrx_word' id='word_1_560' title='bbox 3418 3398 3475 3450; x_wconf 80' lang='grc' dir='ltr'><strong>δὲ</strong></span> <span class='ocrx_word' id='word_1_561' title='bbox 3523 3398 3631 3468; x_wconf 78' lang='grc' dir='ltr'>ἄρα</span> 
     </span>
    </p>
   </div>
   <div class='ocr_carea' id='block_1_81' title="bbox 2074 3608 3624 3680">
    <p class='ocr_par' dir='ltr' id='par_1_81' title="bbox 2074 3608 3624 3680">
     <span class='ocr_line' id='line_1_81' title="bbox 2074 3608 3624 3680; baseline -0.003 -10"><span class='ocrx_word' id='word_1_562' title='bbox 2074 3614 2237 3677; x_wconf 81' lang='lat' dir='ltr'><strong>Med.,</strong></span> <span class='ocrx_word' id='word_1_563' title='bbox 2271 3630 2392 3668; x_wconf 81' lang='lat' dir='ltr'><strong>cum</strong></span> <span class='ocrx_word' id='word_1_564' title='bbox 2411 3612 2546 3668; x_wconf 81' lang='lat' dir='ltr'><strong>Fok.</strong></span> <span class='ocrx_word' id='word_1_565' title='bbox 2565 3626 2628 3666; x_wconf 89' lang='lat' dir='ltr'><strong>ac</strong></span> <span class='ocrx_word' id='word_1_566' title='bbox 2657 3609 2848 3674; x_wconf 87' lang='lat' dir='ltr'><strong>Savil.,</strong></span> <span class='ocrx_word' id='word_1_567' title='bbox 2875 3609 3136 3673; x_wconf 87' lang='lat' dir='ltr'><strong>scriptum</strong></span> <span class='ocrx_word' id='word_1_568' title='bbox 3167 3608 3366 3680; x_wconf 88' lang='lat' dir='ltr'><strong>habent</strong></span> <span class='ocrx_word' id='word_1_569' title='bbox 3390 3608 3624 3680; x_wconf 83' lang='grc' dir='ltr'>θειότης.</span> 
     </span>
    </p>
   </div>
   <div class='ocr_carea' id='block_1_82' title="bbox 2145 3679 3632 3756">
    <p class='ocr_par' dir='ltr' id='par_1_82' title="bbox 2145 3679 3632 3756">
     <span class='ocr_line' id='line_1_82' title="bbox 2145 3679 3632 3756; baseline -0.004 -17"><span class='ocrx_word' id='word_1_570' title='bbox 2145 3685 2253 3756; x_wconf 76' lang='grc'>(56)</span> <span class='ocrx_word' id='word_1_571' title='bbox 2291 3683 2588 3749; x_wconf 77' lang='grc' dir='ltr'>Βασιλεὺς</span> <span class='ocrx_word' id='word_1_572' title='bbox 2630 3681 2928 3750; x_wconf 79' lang='grc' dir='ltr'>Ἀγὸαρος.</span> <span class='ocrx_word' id='word_1_573' title='bbox 2965 3681 3056 3756; x_wconf 40' lang='lat' dir='ltr'><strong>ita.</strong></span> <span class='ocrx_word' id='word_1_574' title='bbox 3082 3694 3294 3747; x_wconf 84' lang='lat' dir='ltr'><strong>semper</strong></span> <span class='ocrx_word' id='word_1_575' title='bbox 3321 3679 3391 3756; x_wconf 64' lang='lat' dir='ltr'><strong>in</strong></span> <span class='ocrx_word' id='word_1_576' title='bbox 3441 3681 3632 3733; x_wconf 82' lang='lat' dir='ltr'><strong>codice</strong></span> 
     </span>
    </p>
   </div>
   <div class='ocr_carea' id='block_1_83' title="bbox 2073 3749 3629 3823">
    <p class='ocr_par' dir='ltr' id='par_1_83' title="bbox 2073 3749 3629 3823">
     <span class='ocr_line' id='line_1_83' title="bbox 2073 3749 3629 3823; baseline -0.003 -15"><span class='ocrx_word' id='word_1_577' title='bbox 2073 3749 2245 3823; x_wconf 62' lang='lat' dir='ltr'><strong>Regio</strong></span> <span class='ocrx_word' id='word_1_578' title='bbox 2284 3758 2543 3823; x_wconf 89' lang='lat' dir='ltr'><strong>scriptum</strong></span> <span class='ocrx_word' id='word_1_579' title='bbox 2586 3762 2668 3806; x_wconf 85' lang='lat' dir='ltr'><strong>est</strong></span> <span class='ocrx_word' id='word_1_580' title='bbox 2702 3749 2909 3823; x_wconf 81' lang='lat' dir='ltr'><strong>nomen</strong></span> <span class='ocrx_word' id='word_1_581' title='bbox 2968 3749 3126 3823; x_wconf 81' lang='lat' dir='ltr'><strong>hujus</strong></span> <span class='ocrx_word' id='word_1_582' title='bbox 3185 3749 3374 3823; x_wconf 77' lang='lat' dir='ltr'><strong>reguli,</strong></span> <span class='ocrx_word' id='word_1_583' title='bbox 3399 3765 3629 3817; x_wconf 84' lang='lat' dir='ltr'><strong>eamque</strong></span> 
     </span>
    </p>
   </div>
   <div class='ocr_carea' id='block_1_84' title="bbox 2075 3819 3628 3892">
    <p class='ocr_par' dir='ltr' id='par_1_84' title="bbox 2075 3819 3628 3892">
     <span class='ocr_line' id='line_1_84' title="bbox 2075 3819 3628 3892; baseline -0.004 -14"><span class='ocrx_word' id='word_1_584' title='bbox 2075 3819 2409 3892; x_wconf 78' lang='lat' dir='ltr'><strong>Scripturam</strong></span> <span class='ocrx_word' id='word_1_585' title='bbox 2431 3823 2678 3890; x_wconf 86' lang='lat' dir='ltr'><strong>pluribus</strong></span> <span class='ocrx_word' id='word_1_586' title='bbox 2711 3821 3031 3892; x_wconf 85' lang='lat' dir='ltr'><strong>testimoniis</strong></span> <span class='ocrx_word' id='word_1_587' title='bbox 3065 3819 3198 3892; x_wconf 80' lang='lat' dir='ltr'><strong>jam</strong></span> <span class='ocrx_word' id='word_1_588' title='bbox 3223 3820 3424 3872; x_wconf 90' lang='lat' dir='ltr'><strong>dudum</strong></span> <span class='ocrx_word' id='word_1_589' title='bbox 3473 3834 3628 3892; x_wconf 77' lang='lat' dir='ltr'><strong>asse-</strong></span> 
     </span>
    </p>
   </div>
   <div class='ocr_carea' id='block_1_85' title="bbox 2075 3889 3630 3959">
    <p class='ocr_par' dir='ltr' id='par_1_85' title="bbox 2075 3889 3630 3959">
     <span class='ocr_line' id='line_1_85' title="bbox 2075 3889 3630 3959; baseline -0.004 -10"><span class='ocrx_word' id='word_1_590' title='bbox 2075 3889 2352 3949; x_wconf 85' lang='lat' dir='ltr'><strong>riiimusin</strong></span> <span class='ocrx_word' id='word_1_591' title='bbox 2387 3889 2819 3946; x_wconf 86' lang='lat' dir='ltr'><strong>adnotationibus</strong></span> <span class='ocrx_word' id='word_1_592' title='bbox 2849 3891 3048 3944; x_wconf 86' lang='lat' dir='ltr'><strong>nostris</strong></span> <span class='ocrx_word' id='word_1_593' title='bbox 3079 3891 3145 3943; x_wconf 85' lang='lat' dir='ltr'><strong>ad</strong></span> <span class='ocrx_word' id='word_1_594' title='bbox 3177 3891 3471 3959; x_wconf 75' lang='lat' dir='ltr'><strong>fragmenta</strong></span> <span class='ocrx_word' id='word_1_595' title='bbox 3508 3889 3630 3943; x_wconf 84' lang='lat' dir='ltr'><strong>Dio-</strong></span> 
     </span>
    </p>
   </div>
   <div class='ocr_carea' id='block_1_86' title="bbox 2072 3961 3634 4024">
    <p class='ocr_par' dir='ltr' id='par_1_86' title="bbox 2072 3961 3634 4024">
     <span class='ocr_line' id='line_1_86' title="bbox 2072 3961 3634 4024; baseline -0.003 -6"><span class='ocrx_word' id='word_1_596' title='bbox 2072 3966 2156 4019; x_wconf 83' lang='lat' dir='ltr'><strong>nis</strong></span> <span class='ocrx_word' id='word_1_597' title='bbox 2185 3965 2490 4024; x_wconf 87' lang='lat' dir='ltr'><strong>Cocceiani,</strong></span> <span class='ocrx_word' id='word_1_598' title='bbox 2524 3965 2610 4016; x_wconf 90' lang='lat' dir='ltr'><strong>ubi</strong></span> <span class='ocrx_word' id='word_1_599' title='bbox 2632 3962 2790 4017; x_wconf 89' lang='lat' dir='ltr'><strong>etiam</strong></span> <span class='ocrx_word' id='word_1_600' title='bbox 2826 3961 3106 4014; x_wconf 87' lang='lat' dir='ltr'><strong>docuimus</strong></span> <span class='ocrx_word' id='word_1_601' title='bbox 3129 3974 3409 4012; x_wconf 80' lang='lat' dir='ltr'><strong>commune</strong></span> <span class='ocrx_word' id='word_1_602' title='bbox 3444 3961 3493 4012; x_wconf 88' lang='lat' dir='ltr'><strong>id</strong></span> <span class='ocrx_word' id='word_1_603' title='bbox 3535 3975 3634 4013; x_wconf 85' lang='lat' dir='ltr'><strong>tio-</strong></span> 
     </span>
    </p>
   </div>
   <div class='ocr_carea' id='block_1_87' title="bbox 2073 4027 3630 4098">
    <p class='ocr_par' dir='ltr' id='par_1_87' title="bbox 2073 4027 3630 4098">
     <span class='ocr_line' id='line_1_87' title="bbox 2073 4027 3630 4098; baseline -0.003 -10"><span class='ocrx_word' id='word_1_604' title='bbox 2073 4051 2191 4088; x_wconf 87' lang='lat' dir='ltr'><strong>men</strong></span> <span class='ocrx_word' id='word_1_605' title='bbox 2227 4035 2392 4088; x_wconf 82' lang='lat' dir='ltr'><strong>fuisse</strong></span> <span class='ocrx_word' id='word_1_606' title='bbox 2434 4033 2634 4097; x_wconf 79' lang='lat' dir='ltr'><strong>regulis</strong></span> <span class='ocrx_word' id='word_1_607' title='bbox 2677 4031 3094 4084; x_wconf 85' lang='lat' dir='ltr'><strong>Edessenorum.</strong></span> <span class='ocrx_word' id='word_1_608' title='bbox 3123 4027 3178 4081; x_wconf 93' lang='lat' dir='ltr'><strong>ln</strong></span> <span class='ocrx_word' id='word_1_609' title='bbox 3211 4030 3417 4098; x_wconf 89' lang='lat' dir='ltr'><strong>optimo</strong></span> <span class='ocrx_word' id='word_1_610' title='bbox 3452 4042 3630 4084; x_wconf 72' lang='lat' dir='ltr'><strong>tamen</strong></span> 
     </span>
    </p>
   </div>
   <div class='ocr_carea' id='block_1_88' title="bbox 2072 4099 3630 4173">
    <p class='ocr_par' dir='ltr' id='par_1_88' title="bbox 2072 4099 3630 4173">
     <span class='ocr_line' id='line_1_88' title="bbox 2072 4099 3630 4173; baseline -0.003 -15"><span class='ocrx_word' id='word_1_611' title='bbox 2072 4105 2263 4158; x_wconf 87' lang='lat' dir='ltr'><strong>codice</strong></span> <span class='ocrx_word' id='word_1_612' title='bbox 2292 4105 2425 4157; x_wconf 85' lang='lat' dir='ltr'><strong>Maz.</strong></span> <span class='ocrx_word' id='word_1_613' title='bbox 2458 4102 2733 4173; x_wconf 78' lang='grc' dir='ltr'>Ἀὅγαρος</span> <span class='ocrx_word' id='word_1_614' title='bbox 2767 4101 2852 4154; x_wconf 93' lang='lat' dir='ltr'><strong>hic</strong></span> <span class='ocrx_word' id='word_1_615' title='bbox 2881 4110 2936 4173; x_wconf 78' lang='lat' dir='ltr'><strong>et</strong></span> <span class='ocrx_word' id='word_1_616' title='bbox 2966 4099 3104 4173; x_wconf 82' lang='lat' dir='ltr'><strong>infra</strong></span> <span class='ocrx_word' id='word_1_617' title='bbox 3142 4110 3401 4166; x_wconf 90' lang='lat' dir='ltr'><strong>perpetuo</strong></span> <span class='ocrx_word' id='word_1_618' title='bbox 3434 4101 3630 4173; x_wconf 82' lang='lat' dir='ltr'><strong>scribi-</strong></span> 
     </span>
    </p>
   </div>
   <div class='ocr_carea' id='block_1_89' title="bbox 2071 4169 3720 4240">
    <p class='ocr_par' dir='ltr' id='par_1_89' title="bbox 2071 4169 3720 4240">
     <span class='ocr_line' id='line_1_89' title="bbox 2071 4169 3720 4240; baseline -0.004 -12"><span class='ocrx_word' id='word_1_619' title='bbox 2071 4184 2182 4228; x_wconf 89' lang='lat' dir='ltr'><strong>tur.</strong></span> <span class='ocrx_word' id='word_1_620' title='bbox 2211 4176 2341 4240; x_wconf 76' lang='lat' dir='ltr'><strong>Qua:</strong></span> <span class='ocrx_word' id='word_1_621' title='bbox 2373 4175 2536 4227; x_wconf 87' lang='lat' dir='ltr'><strong>etiam</strong></span> <span class='ocrx_word' id='word_1_622' title='bbox 2563 4169 2828 4239; x_wconf 71' lang='lat' dir='ltr'><strong>Scriptura</strong></span> <span class='ocrx_word' id='word_1_623' title='bbox 2861 4171 3081 4223; x_wconf 89' lang='lat' dir='ltr'><strong>minime</strong></span> <span class='ocrx_word' id='word_1_624' title='bbox 3104 4169 3494 4240; x_wconf 88' lang='lat' dir='ltr'><strong>contemnenda</strong></span> <span class='ocrx_word' id='word_1_625' title='bbox 3527 4179 3629 4240; x_wconf 87' lang='lat' dir='ltr'><strong>est.</strong></span> <span class='ocrx_word' id='word_1_626' title='bbox 3712 4219 3720 4230; x_wconf 70' lang='grc'><strong>,</strong></span> 
     </span>
    </p>
   </div>
   <div class='ocr_carea' id='block_1_90' title="bbox 2070 4239 3630 4306">
    <p class='ocr_par' dir='ltr' id='par_1_90' title="bbox 2070 4239 3630 4306">
     <span class='ocr_line' id='line_1_90' title="bbox 2070 4239 3630 4306; baseline -0.001 -10"><span class='ocrx_word' id='word_1_627' title='bbox 2070 4244 2204 4296; x_wconf 67' lang='lat' dir='ltr'><strong>Nam</strong></span> <span class='ocrx_word' id='word_1_628' title='bbox 2233 4239 2286 4297; x_wconf 81' lang='lat' dir='ltr'><strong>et</strong></span> <span class='ocrx_word' id='word_1_629' title='bbox 2321 4246 2372 4297; x_wconf 90' lang='lat' dir='ltr'><strong>in</strong></span> <span class='ocrx_word' id='word_1_630' title='bbox 2409 4245 2642 4296; x_wconf 88' lang='lat' dir='ltr'><strong>nummis</strong></span> <span class='ocrx_word' id='word_1_631' title='bbox 2683 4241 2952 4294; x_wconf 82' lang='lat' dir='ltr'><strong>veteribus</strong></span> <span class='ocrx_word' id='word_1_632' title='bbox 3003 4241 3074 4293; x_wconf 90' lang='lat' dir='ltr'><strong>ita</strong></span> <span class='ocrx_word' id='word_1_633' title='bbox 3120 4239 3438 4306; x_wconf 86' lang='lat' dir='ltr'><strong>appellatur.</strong></span> <span class='ocrx_word' id='word_1_634' title='bbox 3485 4249 3537 4292; x_wconf 91' lang='lat' dir='ltr'><strong>et</strong></span> <span class='ocrx_word' id='word_1_635' title='bbox 3574 4239 3630 4294; x_wconf 81' lang='lat' dir='ltr'><strong>in</strong></span> 
     </span>
    </p>
   </div>
   <div class='ocr_carea' id='block_1_91' title="bbox 2071 4308 3631 4382">
    <p class='ocr_par' dir='ltr' id='par_1_91' title="bbox 2071 4308 3631 4382">
     <span class='ocr_line' id='line_1_91' title="bbox 2071 4308 3631 4382; baseline -0.001 -17"><span class='ocrx_word' id='word_1_636' title='bbox 2071 4315 2298 4382; x_wconf 89' lang='lat' dir='ltr'><strong>antiquo</strong></span> <span class='ocrx_word' id='word_1_637' title='bbox 2337 4314 2728 4382; x_wconf 76' lang='lat' dir='ltr'><strong>epigrammate</strong></span> <span class='ocrx_word' id='word_1_638' title='bbox 2765 4312 2906 4382; x_wconf 70' lang='lat' dir='ltr'><strong>(LllOd</strong></span> <span class='ocrx_word' id='word_1_639' title='bbox 2939 4311 3149 4382; x_wconf 74' lang='lat' dir='ltr'><strong>primus</strong></span> <span class='ocrx_word' id='word_1_640' title='bbox 3172 4308 3631 4382; x_wconf 72' lang='lat' dir='ltr'><strong>_eil_idil__Jacobiis</strong></span> 
     </span>
    </p>
   </div>
   <div class='ocr_carea' id='block_1_92' title="bbox 2072 4378 3630 4447">
    <p class='ocr_par' dir='ltr' id='par_1_92' title="bbox 2072 4378 3630 4447">
     <span class='ocr_line' id='line_1_92' title="bbox 2072 4378 3630 4447; baseline -0.002 -13"><span class='ocrx_word' id='word_1_641' title='bbox 2072 4378 2391 4441; x_wconf 61' lang='grc' dir='ltr'>δῖε-ιιιόιιιΙιιέ</span> <span class='ocrx_word' id='word_1_642' title='bbox 2423 4378 2472 4436; x_wconf 79' lang='lat' dir='ltr'><strong>in</strong></span> <span class='ocrx_word' id='word_1_643' title='bbox 2508 4384 2650 4436; x_wconf 86' lang='lat' dir='ltr'><strong>notis</strong></span> <span class='ocrx_word' id='word_1_644' title='bbox 2684 4383 2748 4434; x_wconf 90' lang='lat' dir='ltr'><strong>ad</strong></span> <span class='ocrx_word' id='word_1_645' title='bbox 2784 4381 3051 4446; x_wconf 73' lang='lat' dir='ltr'><strong>EpiSiolas</strong></span> <span class='ocrx_word' id='word_1_646' title='bbox 3091 4380 3318 4433; x_wconf 83' lang='lat' dir='ltr'><strong>Sidonii.</strong></span> <span class='ocrx_word' id='word_1_647' title='bbox 3350 4378 3518 4447; x_wconf 81' lang='lat' dir='ltr'><strong>Magis</strong></span> <span class='ocrx_word' id='word_1_648' title='bbox 3547 4391 3630 4431; x_wconf 85' lang='lat' dir='ltr'><strong>ta-</strong></span> 
     </span>
    </p>
   </div>
   <div class='ocr_carea' id='block_1_93' title="bbox 393 4447 3632 4523">
    <p class='ocr_par' dir='ltr' id='par_1_93' title="bbox 393 4447 3632 4523">
     <span class='ocr_line' id='line_1_93' title="bbox 393 4447 3632 4523; baseline -0.001 -19"><span class='ocrx_word' id='word_1_649' title='bbox 393 4447 817 4521; x_wconf 79' lang='lat' dir='ltr'><strong>appeilabautur.</strong></span> <span class='ocrx_word' id='word_1_650' title='bbox 857 4452 963 4506; x_wconf 85' lang='lat' dir='ltr'><strong>Nos</strong></span> <span class='ocrx_word' id='word_1_651' title='bbox 997 4465 1176 4507; x_wconf 80' lang='lat' dir='ltr'><strong>tamen</strong></span> <span class='ocrx_word' id='word_1_652' title='bbox 1209 4447 1766 4510; x_wconf 34' lang='lat' dir='ltr'><strong>nihil-hic&quot;immutare</strong></span> <span class='ocrx_word' id='word_1_653' title='bbox 1795 4457 1965 4510; x_wconf 83' lang='lat' dir='ltr'><strong>volui-</strong></span> <span class='ocrx_word' id='word_1_654' title='bbox 1998 4459 2043 4513; x_wconf 90' lang='lat' dir='ltr'><strong>D</strong></span> <span class='ocrx_word' id='word_1_655' title='bbox 2073 4469 2192 4509; x_wconf 83' lang='lat' dir='ltr'><strong>uicti</strong></span> <span class='ocrx_word' id='word_1_656' title='bbox 2253 4455 2432 4523; x_wconf 88' lang='lat' dir='ltr'><strong>placet</strong></span> <span class='ocrx_word' id='word_1_657' title='bbox 2487 4456 2634 4521; x_wconf 86' lang='lat' dir='ltr'><strong>prior</strong></span> <span class='ocrx_word' id='word_1_658' title='bbox 2689 4455 2985 4521; x_wconf 83' lang='lat' dir='ltr'><strong>scriptura,</strong></span> <span class='ocrx_word' id='word_1_659' title='bbox 3019 4461 3094 4502; x_wconf 91' lang='lat' dir='ltr'><strong>tot</strong></span> <span class='ocrx_word' id='word_1_660' title='bbox 3143 4447 3632 4523; x_wconf 23' lang='lat' dir='ltr'><strong>scriptorumatain</strong></span> 
     </span>
    </p>
   </div>
   <div class='ocr_carea' id='block_1_94' title="bbox 392 4523 1964 4594">
    <p class='ocr_par' dir='ltr' id='par_1_94' title="bbox 392 4523 1964 4594">
     <span class='ocr_line' id='line_1_94' title="bbox 392 4523 1964 4594; baseline 0.003 -19"><span class='ocrx_word' id='word_1_661' title='bbox 392 4539 533 4586; x_wconf 72' lang='lat' dir='ltr'><strong>mils,</strong></span> <span class='ocrx_word' id='word_1_662' title='bbox 570 4523 662 4576; x_wconf 91' lang='lat' dir='ltr'><strong>sed</strong></span> <span class='ocrx_word' id='word_1_663' title='bbox 700 4524 1032 4594; x_wconf 83' lang='lat' dir='ltr'><strong>scripturam</strong></span> <span class='ocrx_word' id='word_1_664' title='bbox 1056 4526 1258 4578; x_wconf 90' lang='lat' dir='ltr'><strong>codicis</strong></span> <span class='ocrx_word' id='word_1_665' title='bbox 1276 4525 1424 4594; x_wconf 77' lang='lat' dir='ltr'><strong>Regii</strong></span> <span class='ocrx_word' id='word_1_666' title='bbox 1455 4523 1794 4586; x_wconf 78' lang='lat' dir='ltr'><strong>retinuimus,</strong></span> <span class='ocrx_word' id='word_1_667' title='bbox 1818 4527 1964 4581; x_wconf 79' lang='grc' dir='ltr'>Μιιιιί</span> 
     </span>
    </p>
   </div>
   <div class='ocr_carea' id='block_1_95' title="bbox 395 4592 1963 4660">
    <p class='ocr_par' dir='ltr' id='par_1_95' title="bbox 395 4592 1963 4660">
     <span class='ocr_line' id='line_1_95' title="bbox 395 4592 1963 4660; baseline 0.003 -17"><span class='ocrx_word' id='word_1_668' title='bbox 395 4595 594 4660; x_wconf 87' lang='lat' dir='ltr'><strong>quippe</strong></span> <span class='ocrx_word' id='word_1_669' title='bbox 625 4609 689 4648; x_wconf 74' lang='lat' dir='ltr'><strong>ex</strong></span> <span class='ocrx_word' id='word_1_670' title='bbox 714 4595 987 4647; x_wconf 69' lang='lat' dir='ltr'><strong>veteribus</strong></span> <span class='ocrx_word' id='word_1_671' title='bbox 1008 4592 1265 4648; x_wconf 84' lang='lat' dir='ltr'><strong>Jacohum</strong></span> <span class='ocrx_word' id='word_1_672' title='bbox 1303 4592 1526 4648; x_wconf 80' lang='lat' dir='ltr'><strong>fratreu&#39;i</strong></span> <span class='ocrx_word' id='word_1_673' title='bbox 1574 4596 1807 4656; x_wconf 86' lang='lat' dir='ltr'><strong>Domitii,</strong></span> <span class='ocrx_word' id='word_1_674' title='bbox 1842 4613 1963 4651; x_wconf 88' lang='lat' dir='ltr'><strong>eum</strong></span> 
     </span>
    </p>
   </div>
   <div class='ocr_carea' id='block_1_96' title="bbox 393 4663 1965 4734">
    <p class='ocr_par' dir='ltr' id='par_1_96' title="bbox 393 4663 1965 4734">
     <span class='ocr_line' id='line_1_96' title="bbox 393 4663 1965 4734; baseline 0.003 -19"><span class='ocrx_word' id='word_1_675' title='bbox 393 4665 484 4727; x_wconf 82' lang='lat' dir='ltr'><strong>qui</strong></span> <span class='ocrx_word' id='word_1_676' title='bbox 509 4663 718 4731; x_wconf 88' lang='lat' dir='ltr'><strong>primus</strong></span> <span class='ocrx_word' id='word_1_677' title='bbox 749 4663 1538 4734; x_wconf 81' lang='lat' dir='ltr'><strong>Hierosolymorumepiscopus</strong></span> <span class='ocrx_word' id='word_1_678' title='bbox 1555 4676 1637 4720; x_wconf 83' lang='lat' dir='ltr'><strong>est</strong></span> <span class='ocrx_word' id='word_1_679' title='bbox 1667 4668 1965 4730; x_wconf 87' lang='lat' dir='ltr'><strong>ordinatus,</strong></span> 
     </span>
    </p>
   </div>
   <div class='ocr_carea' id='block_1_97' title="bbox 395 4735 1968 4803">
    <p class='ocr_par' dir='ltr' id='par_1_97' title="bbox 395 4735 1968 4803">
     <span class='ocr_line' id='line_1_97' title="bbox 395 4735 1968 4803; baseline 0.002 -17"><span class='ocrx_word' id='word_1_680' title='bbox 395 4749 498 4786; x_wconf 89' lang='lat' dir='ltr'><strong>non</strong></span> <span class='ocrx_word' id='word_1_681' title='bbox 532 4749 596 4785; x_wconf 81' lang='lat' dir='ltr'><strong>ex</strong></span> <span class='ocrx_word' id='word_1_682' title='bbox 621 4749 693 4788; x_wconf 75' lang='lat' dir='ltr'><strong>itit</strong></span> <span class='ocrx_word' id='word_1_683' title='bbox 718 4736 995 4800; x_wconf 79' lang='lat' dir='ltr'><strong>apostolis.</strong></span> <span class='ocrx_word' id='word_1_684' title='bbox 1019 4735 1112 4787; x_wconf 91' lang='lat' dir='ltr'><strong>sed</strong></span> <span class='ocrx_word' id='word_1_685' title='bbox 1149 4752 1178 4786; x_wconf 92' lang='lat' dir='ltr'><strong>e</strong></span> <span class='ocrx_word' id='word_1_686' title='bbox 1205 4751 1428 4788; x_wconf 85' lang='lat' dir='ltr'><strong>numero</strong></span> <span class='ocrx_word' id='word_1_687' title='bbox 1447 4736 1830 4803; x_wconf 87' lang='lat' dir='ltr'><strong>discipulorum</strong></span> <span class='ocrx_word' id='word_1_688' title='bbox 1865 4740 1968 4789; x_wconf 87' lang='lat' dir='ltr'><strong>Do-</strong></span> 
     </span>
    </p>
   </div>
   <div class='ocr_carea' id='block_1_98' title="bbox 395 4803 1966 4876">
    <p class='ocr_par' dir='ltr' id='par_1_98' title="bbox 395 4803 1966 4876">
     <span class='ocr_line' id='line_1_98' title="bbox 395 4803 1966 4876; baseline 0.003 -20"><span class='ocrx_word' id='word_1_689' title='bbox 395 4803 528 4856; x_wconf 87' lang='lat' dir='ltr'><strong>mini</strong></span> <span class='ocrx_word' id='word_1_690' title='bbox 573 4804 743 4876; x_wconf 52' lang='lat' dir='ltr'><strong>luisse</strong></span> <span class='ocrx_word' id='word_1_691' title='bbox 774 4805 1129 4876; x_wconf 66' lang='lat' dir='ltr'><strong>scripserunt.</strong></span> <span class='ocrx_word' id='word_1_692' title='bbox 1180 4806 1253 4856; x_wconf 89' lang='lat' dir='ltr'><strong>lia</strong></span> <span class='ocrx_word' id='word_1_693' title='bbox 1289 4804 1582 4873; x_wconf 80' lang='lat' dir='ltr'><strong>Gregorius</strong></span> <span class='ocrx_word' id='word_1_694' title='bbox 1609 4805 1884 4876; x_wconf 74' lang='lat' dir='ltr'><strong>Nysseiius</strong></span> <span class='ocrx_word' id='word_1_695' title='bbox 1913 4808 1966 4860; x_wconf 92' lang='lat' dir='ltr'><strong>in</strong></span> 
     </span>
    </p>
   </div>
   <div class='ocr_carea' id='block_1_99' title="bbox 393 4874 1962 4933">
    <p class='ocr_par' dir='ltr' id='par_1_99' title="bbox 393 4874 1962 4933">
     <span class='ocr_line' id='line_1_99' title="bbox 393 4874 1962 4933; baseline 0.004 -11"><span class='ocrx_word' id='word_1_696' title='bbox 393 4876 642 4926; x_wconf 85' lang='lat' dir='ltr'><strong>oratione</strong></span> <span class='ocrx_word' id='word_1_697' title='bbox 684 4874 719 4926; x_wconf 78' lang='lat'><strong>‘2</strong></span> <span class='ocrx_word' id='word_1_698' title='bbox 760 4877 822 4926; x_wconf 87' lang='lat' dir='ltr'><strong>de</strong></span> <span class='ocrx_word' id='word_1_699' title='bbox 857 4874 1048 4926; x_wconf 76' lang='lat' dir='ltr'><strong>Christi</strong></span> <span class='ocrx_word' id='word_1_700' title='bbox 1075 4878 1477 4930; x_wconf 73' lang='lat' dir='ltr'><strong>resurrectione.</strong></span> <span class='ocrx_word' id='word_1_701' title='bbox 1511 4874 1760 4928; x_wconf 77' lang='lat' dir='ltr'><strong>Clemens</strong></span> <span class='ocrx_word' id='word_1_702' title='bbox 1784 4878 1833 4928; x_wconf 89' lang='lat' dir='ltr'><strong>iii</strong></span> <span class='ocrx_word' id='word_1_703' title='bbox 1871 4878 1962 4933; x_wconf 90' lang='lat' dir='ltr'><strong>lih.</strong></span> 
     </span>
    </p>
   </div>
   <div class='ocr_carea' id='block_1_100' title="bbox 394 4941 1962 5014">
    <p class='ocr_par' dir='ltr' id='par_1_100' title="bbox 394 4941 1962 5014">
     <span class='ocr_line' id='line_1_100' title="bbox 394 4941 1962 5014; baseline 0.001 -18"><span class='ocrx_word' id='word_1_704' title='bbox 394 4959 430 4996; x_wconf 91' lang='lat' dir='ltr'><strong>ll</strong></span> <span class='ocrx_word' id='word_1_705' title='bbox 451 4941 919 5014; x_wconf 77' lang='lat' dir='ltr'><strong>Constitutiouum.</strong></span> <span class='ocrx_word' id='word_1_706' title='bbox 946 4959 1066 5014; x_wconf 84' lang='lat' dir='ltr'><strong>Cap.</strong></span> <span class='ocrx_word' id='word_1_707' title='bbox 1093 4944 1180 5001; x_wconf 81' lang='lat'><strong>59.</strong></span> <span class='ocrx_word' id='word_1_708' title='bbox 1204 4955 1255 4997; x_wconf 89' lang='lat' dir='ltr'><strong>et</strong></span> <span class='ocrx_word' id='word_1_709' title='bbox 1275 4947 1324 4998; x_wconf 88' lang='lat' dir='ltr'><strong>in</strong></span> <span class='ocrx_word' id='word_1_710' title='bbox 1359 4945 1451 4998; x_wconf 89' lang='lat' dir='ltr'><strong>lib.</strong></span> <span class='ocrx_word' id='word_1_711' title='bbox 1480 4961 1492 4997; x_wconf 97' lang='lat' dir='ltr'><strong>l</strong></span> <span class='ocrx_word' id='word_1_712' title='bbox 1515 4943 1962 5014; x_wconf 68' lang='lat' dir='ltr'><strong>R€C(Iglliii0ﬂuill,</strong></span> 
     </span>
    </p>
   </div>
   <div class='ocr_carea' id='block_1_101' title="bbox 393 5013 1964 5085">
    <p class='ocr_par' dir='ltr' id='par_1_101' title="bbox 393 5013 1964 5085">
     <span class='ocr_line' id='line_1_101' title="bbox 393 5013 1964 5085; baseline 0.003 -19"><span class='ocrx_word' id='word_1_713' title='bbox 393 5013 492 5066; x_wconf 89' lang='lat' dir='ltr'><strong>sub</strong></span> <span class='ocrx_word' id='word_1_714' title='bbox 523 5014 684 5085; x_wconf 83' lang='lat' dir='ltr'><strong>linem</strong></span> <span class='ocrx_word' id='word_1_715' title='bbox 719 5027 840 5085; x_wconf 84' lang='lat' dir='ltr'><strong>pag.</strong></span> <span class='ocrx_word' id='word_1_716' title='bbox 876 5014 982 5080; x_wconf 79' lang='lat'><strong>‘20;</strong></span> <span class='ocrx_word' id='word_1_717' title='bbox 1011 5013 1311 5085; x_wconf 83' lang='lat' dir='ltr'><strong>Dorotheus</strong></span> <span class='ocrx_word' id='word_1_718' title='bbox 1341 5016 1391 5067; x_wconf 88' lang='lat' dir='ltr'><strong>in</strong></span> <span class='ocrx_word' id='word_1_719' title='bbox 1437 5015 1572 5066; x_wconf 88' lang='lat' dir='ltr'><strong>libro</strong></span> <span class='ocrx_word' id='word_1_720' title='bbox 1614 5013 1685 5068; x_wconf 81' lang='lat' dir='ltr'><strong>Ue</strong></span> <span class='ocrx_word' id='word_1_721' title='bbox 1712 5017 1964 5085; x_wconf 72' lang='lat' dir='ltr'><strong>apostolis</strong></span> 
     </span>
    </p>
   </div>
   <div class='ocr_carea' id='block_1_102' title="bbox 392 5083 1962 5154">
    <p class='ocr_par' dir='ltr' id='par_1_102' title="bbox 392 5083 1962 5154">
     <span class='ocr_line' id='line_1_102' title="bbox 392 5083 1962 5154; baseline 0.005 -22"><span class='ocrx_word' id='word_1_722' title='bbox 392 5093 440 5143; x_wconf 65' lang='lat' dir='ltr'><strong>et</strong></span> <span class='ocrx_word' id='word_1_723' title='bbox 476 5084 758 5154; x_wconf 73' lang='lat' dir='ltr'><strong>discipulis</strong></span> <span class='ocrx_word' id='word_1_724' title='bbox 781 5083 1017 5148; x_wconf 77' lang='lat' dir='ltr'><strong>Domini,</strong></span> <span class='ocrx_word' id='word_1_725' title='bbox 1061 5094 1115 5137; x_wconf 91' lang='lat' dir='ltr'><strong>et</strong></span> <span class='ocrx_word' id='word_1_726' title='bbox 1151 5084 1376 5138; x_wconf 80' lang='lat' dir='ltr'><strong>Michael</strong></span> <span class='ocrx_word' id='word_1_727' title='bbox 1407 5085 1602 5154; x_wconf 85' lang='lat' dir='ltr'><strong>Glycas</strong></span> <span class='ocrx_word' id='word_1_728' title='bbox 1630 5087 1683 5138; x_wconf 91' lang='lat' dir='ltr'><strong>in</strong></span> <span class='ocrx_word' id='word_1_729' title='bbox 1722 5083 1876 5154; x_wconf 84' lang='lat' dir='ltr'><strong>parte</strong></span> <span class='ocrx_word' id='word_1_730' title='bbox 1904 5102 1962 5140; x_wconf 87' lang='grc' dir='ltr'><strong>ιιι</strong></span> 
     </span>
    </p>
   </div>
   <div class='ocr_carea' id='block_1_103' title="bbox 394 5152 1964 5222">
    <p class='ocr_par' dir='ltr' id='par_1_103' title="bbox 394 5152 1964 5222">
     <span class='ocr_line' id='line_1_103' title="bbox 394 5152 1964 5222; baseline 0.005 -20"><span class='ocrx_word' id='word_1_731' title='bbox 394 5154 703 5215; x_wconf 67' lang='lat' dir='ltr'><strong>Annalium.</strong></span> <span class='ocrx_word' id='word_1_732' title='bbox 733 5152 891 5216; x_wconf 84' lang='lat' dir='ltr'><strong>Certe</strong></span> <span class='ocrx_word' id='word_1_733' title='bbox 930 5156 1054 5209; x_wconf 91' lang='lat' dir='ltr'><strong>huic</strong></span> <span class='ocrx_word' id='word_1_734' title='bbox 1085 5155 1323 5222; x_wconf 83' lang='lat' dir='ltr'><strong>opinioni</strong></span> <span class='ocrx_word' id='word_1_735' title='bbox 1373 5152 1555 5208; x_wconf 65' lang='lat' dir='ltr'><strong>favore</strong></span> <span class='ocrx_word' id='word_1_736' title='bbox 1584 5152 1795 5210; x_wconf 43' lang='lat' dir='ltr'><strong>videt—ur</strong></span> <span class='ocrx_word' id='word_1_737' title='bbox 1823 5157 1964 5210; x_wconf 81' lang='lat' dir='ltr'><strong>Pau-</strong></span> 
     </span>
    </p>
   </div>
   <div class='ocr_carea' id='block_1_104' title="bbox 394 5224 1966 5294">
    <p class='ocr_par' dir='ltr' id='par_1_104' title="bbox 394 5224 1966 5294">
     <span class='ocr_line' id='line_1_104' title="bbox 394 5224 1966 5294; baseline 0.004 -20"><span class='ocrx_word' id='word_1_738' title='bbox 394 5225 476 5275; x_wconf 85' lang='lat' dir='ltr'><strong>lus</strong></span> <span class='ocrx_word' id='word_1_739' title='bbox 507 5225 556 5275; x_wconf 91' lang='lat' dir='ltr'><strong>iii</strong></span> <span class='ocrx_word' id='word_1_740' title='bbox 584 5224 816 5292; x_wconf 78' lang='lat' dir='ltr'><strong>Epistula</strong></span> <span class='ocrx_word' id='word_1_741' title='bbox 839 5226 904 5280; x_wconf 89' lang='lat' dir='ltr'><strong>ad</strong></span> <span class='ocrx_word' id='word_1_742' title='bbox 929 5226 1259 5289; x_wconf 77' lang='lat' dir='ltr'><strong>Corinthios,</strong></span> <span class='ocrx_word' id='word_1_743' title='bbox 1288 5228 1374 5279; x_wconf 92' lang='lat' dir='ltr'><strong>ubi</strong></span> <span class='ocrx_word' id='word_1_744' title='bbox 1415 5241 1699 5279; x_wconf 86' lang='lat' dir='ltr'><strong>recensens</strong></span> <span class='ocrx_word' id='word_1_745' title='bbox 1722 5242 1814 5280; x_wconf 88' lang='lat' dir='ltr'><strong>eos</strong></span> <span class='ocrx_word' id='word_1_746' title='bbox 1842 5228 1966 5294; x_wconf 83' lang='lat' dir='ltr'><strong>qui-</strong></span> 
     </span>
    </p>
   </div>
   <div class='ocr_carea' id='block_1_105' title="bbox 394 5293 1962 5366">
    <p class='ocr_par' dir='ltr' id='par_1_105' title="bbox 394 5293 1962 5366">
     <span class='ocr_line' id='line_1_105' title="bbox 394 5293 1962 5366; baseline 0.004 -20"><span class='ocrx_word' id='word_1_747' title='bbox 394 5293 492 5347; x_wconf 81' lang='lat' dir='ltr'><strong>bus</strong></span> <span class='ocrx_word' id='word_1_748' title='bbox 515 5295 764 5366; x_wconf 86' lang='lat' dir='ltr'><strong>Christus</strong></span> <span class='ocrx_word' id='word_1_749' title='bbox 789 5307 907 5362; x_wconf 82' lang='lat' dir='ltr'><strong>post</strong></span> <span class='ocrx_word' id='word_1_750' title='bbox 934 5311 1160 5351; x_wconf 88' lang='lat' dir='ltr'><strong>mortem</strong></span> <span class='ocrx_word' id='word_1_751' title='bbox 1194 5305 1540 5364; x_wconf 87' lang='lat' dir='ltr'><strong>apparuerat,</strong></span> <span class='ocrx_word' id='word_1_752' title='bbox 1583 5293 1869 5366; x_wconf 78' lang='lat' dir='ltr'><strong>postquam</strong></span> <span class='ocrx_word' id='word_1_753' title='bbox 1896 5314 1962 5352; x_wconf 75' lang='lat' dir='ltr'><strong>xu</strong></span> 
     </span>
    </p>
   </div>
   <div class='ocr_carea' id='block_1_106' title="bbox 393 5365 1965 5434">
    <p class='ocr_par' dir='ltr' id='par_1_106' title="bbox 393 5365 1965 5434">
     <span class='ocr_line' id='line_1_106' title="bbox 393 5365 1965 5434; baseline 0.003 -20"><span class='ocrx_word' id='word_1_754' title='bbox 393 5365 679 5429; x_wconf 87' lang='lat' dir='ltr'><strong>apostolos</strong></span> <span class='ocrx_word' id='word_1_755' title='bbox 731 5366 1051 5433; x_wconf 82' lang='lat' dir='ltr'><strong>nominavit,</strong></span> <span class='ocrx_word' id='word_1_756' title='bbox 1088 5375 1141 5420; x_wconf 88' lang='lat' dir='ltr'><strong>et</strong></span> <span class='ocrx_word' id='word_1_757' title='bbox 1200 5370 1528 5434; x_wconf 83' lang='lat' dir='ltr'><strong>quingentos</strong></span> <span class='ocrx_word' id='word_1_758' title='bbox 1589 5365 1758 5432; x_wconf 85' lang='lat' dir='ltr'><strong>alios,</strong></span> <span class='ocrx_word' id='word_1_759' title='bbox 1815 5369 1965 5427; x_wconf 79' lang='lat' dir='ltr'><strong>addit</strong></span> 
     </span>
    </p>
   </div>
   <div class='ocr_carea' id='block_1_107' title="bbox 393 5435 1960 5505">
    <p class='ocr_par' dir='ltr' id='par_1_107' title="bbox 393 5435 1960 5505">
     <span class='ocr_line' id='line_1_107' title="bbox 393 5435 1960 5505; baseline 0.008 -23"><span class='ocrx_word' id='word_1_760' title='bbox 393 5437 606 5505; x_wconf 69' lang='lat' dir='ltr'><strong>deinde,</strong></span> <span class='ocrx_word' id='word_1_761' title='bbox 640 5444 822 5502; x_wconf 75' lang='lat' dir='ltr'><strong>postea</strong></span> <span class='ocrx_word' id='word_1_762' title='bbox 850 5436 989 5489; x_wconf 72' lang='lat' dir='ltr'><strong>visus</strong></span> <span class='ocrx_word' id='word_1_763' title='bbox 1019 5449 1095 5490; x_wconf 77' lang='lat' dir='ltr'><strong>est</strong></span> <span class='ocrx_word' id='word_1_764' title='bbox 1123 5435 1328 5488; x_wconf 84' lang='lat' dir='ltr'><strong>Jacobo</strong></span> <span class='ocrx_word' id='word_1_765' title='bbox 1348 5447 1394 5489; x_wconf 82' lang='lat' dir='ltr'><strong>et</strong></span> <span class='ocrx_word' id='word_1_766' title='bbox 1427 5436 1640 5505; x_wconf 69' lang='lat' dir='ltr'><strong>reliquis</strong></span> <span class='ocrx_word' id='word_1_767' title='bbox 1689 5439 1960 5503; x_wconf 74' lang='lat' dir='ltr'><strong>apostolis.</strong></span> 
     </span>
    </p>
   </div>
   <div class='ocr_carea' id='block_1_108' title="bbox 390 5502 1964 5574">
    <p class='ocr_par' dir='ltr' id='par_1_108' title="bbox 390 5502 1964 5574">
     <span class='ocr_line' id='line_1_108' title="bbox 390 5502 1964 5574; baseline 0.005 -22"><span class='ocrx_word' id='word_1_768' title='bbox 390 5502 650 5574; x_wconf 66' lang='lat' dir='ltr'><strong>Jacobum</strong></span> <span class='ocrx_word' id='word_1_769' title='bbox 677 5522 807 5573; x_wconf 85' lang='lat' dir='ltr'><strong>ergo</strong></span> <span class='ocrx_word' id='word_1_770' title='bbox 837 5505 1037 5560; x_wconf 85' lang='lat' dir='ltr'><strong>Paulus</strong></span> <span class='ocrx_word' id='word_1_771' title='bbox 1064 5508 1310 5561; x_wconf 76' lang='lat' dir='ltr'><strong>diSIiuxit</strong></span> <span class='ocrx_word' id='word_1_772' title='bbox 1341 5524 1369 5560; x_wconf 70' lang='grc' dir='ltr'><strong>ιι</strong></span> <span class='ocrx_word' id='word_1_773' title='bbox 1395 5521 1463 5566; x_wconf 77' lang='grc' dir='ltr'>χιι</span> <span class='ocrx_word' id='word_1_774' title='bbox 1486 5502 1764 5573; x_wconf 72' lang='lat' dir='ltr'><strong>apostolis.</strong></span> <span class='ocrx_word' id='word_1_775' title='bbox 1789 5510 1964 5574; x_wconf 78' lang='lat' dir='ltr'><strong>Atque</strong></span> 
     </span>
    </p>
   </div>
   <div class='ocr_carea' id='block_1_109' title="bbox 393 5573 1964 5648">
    <p class='ocr_par' dir='ltr' id='par_1_109' title="bbox 393 5573 1964 5648">
     <span class='ocr_line' id='line_1_109' title="bbox 393 5573 1964 5648; baseline 0.004 -24"><span class='ocrx_word' id='word_1_776' title='bbox 393 5573 466 5648; x_wconf 80' lang='lat' dir='ltr'><strong>ita</strong></span> <span class='ocrx_word' id='word_1_777' title='bbox 503 5575 736 5648; x_wconf 77' lang='lat' dir='ltr'><strong>Cyrilliis</strong></span> <span class='ocrx_word' id='word_1_778' title='bbox 777 5577 1300 5648; x_wconf 80' lang='lat' dir='ltr'><strong>llierosolymitanus</strong></span> <span class='ocrx_word' id='word_1_779' title='bbox 1334 5579 1384 5630; x_wconf 90' lang='lat' dir='ltr'><strong>in</strong></span> <span class='ocrx_word' id='word_1_780' title='bbox 1418 5577 1687 5632; x_wconf 83' lang='lat' dir='ltr'><strong>catecbcsi</strong></span> <span class='ocrx_word' id='word_1_781' title='bbox 1710 5591 1760 5629; x_wconf 79' lang='lat' dir='ltr'><strong>iv</strong></span> <span class='ocrx_word' id='word_1_782' title='bbox 1786 5589 1840 5631; x_wconf 89' lang='lat' dir='ltr'><strong>et</strong></span> <span class='ocrx_word' id='word_1_783' title='bbox 1872 5573 1964 5630; x_wconf 60' lang='lat' dir='ltr'><strong>xw</strong></span> 
     </span>
    </p>
   </div>
   <div class='ocr_carea' id='block_1_110' title="bbox 389 5643 1255 5707">
    <p class='ocr_par' dir='ltr' id='par_1_110' title="bbox 389 5643 1255 5707">
     <span class='ocr_line' id='line_1_110' title="bbox 389 5643 1255 5707; baseline 0.008 -13"><span class='ocrx_word' id='word_1_784' title='bbox 389 5643 568 5704; x_wconf 73' lang='lat' dir='ltr'><strong>locum</strong></span> <span class='ocrx_word' id='word_1_785' title='bbox 601 5647 742 5698; x_wconf 87' lang='lat' dir='ltr'><strong>beati</strong></span> <span class='ocrx_word' id='word_1_786' title='bbox 776 5645 926 5707; x_wconf 85' lang='lat' dir='ltr'><strong>Pauli</strong></span> <span class='ocrx_word' id='word_1_787' title='bbox 969 5643 1255 5701; x_wconf 66' lang='lat' dir='ltr'><strong>iniellexit.</strong></span> 
     </span>
    </p>
   </div>
   <div class='ocr_carea' id='block_1_111' title="bbox 464 5713 1962 5793">
    <p class='ocr_par' dir='ltr' id='par_1_111' title="bbox 464 5713 1962 5793">
     <span class='ocr_line' id='line_1_111' title="bbox 464 5713 1962 5793; baseline 0.009 -30"><span class='ocrx_word' id='word_1_788' title='bbox 464 5713 576 5788; x_wconf 67' lang='grc'><strong>(55)</strong></span> <span class='ocrx_word' id='word_1_789' title='bbox 607 5717 865 5784; x_wconf 74' lang='grc' dir='ltr'>Χριστοῦ</span> <span class='ocrx_word' id='word_1_790' title='bbox 913 5718 1141 5788; x_wconf 81' lang='grc' dir='ltr'>θεότης.</span> <span class='ocrx_word' id='word_1_791' title='bbox 1192 5716 1373 5793; x_wconf 62' lang='lat' dir='ltr'><strong>Nostri</strong></span> <span class='ocrx_word' id='word_1_792' title='bbox 1433 5721 1646 5778; x_wconf 83' lang='lat' dir='ltr'><strong>codices</strong></span> <span class='ocrx_word' id='word_1_793' title='bbox 1703 5719 1837 5776; x_wconf 66' lang='grc' dir='ltr'>Μαι.</span> <span class='ocrx_word' id='word_1_794' title='bbox 1897 5736 1962 5776; x_wconf 85' lang='lat' dir='ltr'><strong>ac</strong></span> 
     </span>
    </p>
   </div>
   <div class='ocr_carea' id='block_1_112' title="bbox 2069 4519 3634 4592">
    <p class='ocr_par' dir='ltr' id='par_1_112' title="bbox 2069 4519 3634 4592">
     <span class='ocr_line' id='line_1_112' title="bbox 2069 4519 3634 4592; baseline -0.003 -14"><span class='ocrx_word' id='word_1_795' title='bbox 2069 4519 2380 4584; x_wconf 64' lang='lat' dir='ltr'><strong>Giazcoruiii</strong></span> <span class='ocrx_word' id='word_1_796' title='bbox 2409 4519 2568 4592; x_wconf 81' lang='lat' dir='ltr'><strong>quam</strong></span> <span class='ocrx_word' id='word_1_797' title='bbox 2593 4519 2900 4576; x_wconf 78' lang='lat' dir='ltr'><strong>Latinorum</strong></span> <span class='ocrx_word' id='word_1_798' title='bbox 2926 4535 3190 4574; x_wconf 87' lang='lat' dir='ltr'><strong>consensu</strong></span> <span class='ocrx_word' id='word_1_799' title='bbox 3210 4519 3250 4592; x_wconf 5' lang='grc' dir='ltr'>,ἢ</span> <span class='ocrx_word' id='word_1_800' title='bbox 3262 4529 3453 4592; x_wconf 86' lang='lat' dir='ltr'><strong>rmata.</strong></span> <span class='ocrx_word' id='word_1_801' title='bbox 3475 4519 3634 4592; x_wconf 74' lang='lat' dir='ltr'><strong>Certe</strong></span> 
     </span>
    </p>
   </div>
   <div class='ocr_carea' id='block_1_113' title="bbox 2073 4588 3632 4666">
    <p class='ocr_par' dir='ltr' id='par_1_113' title="bbox 2073 4588 3632 4666">
     <span class='ocr_line' id='line_1_113' title="bbox 2073 4588 3632 4666; baseline -0.003 -21"><span class='ocrx_word' id='word_1_802' title='bbox 2073 4588 2598 4666; x_wconf 37' lang='grc' dir='ltr'>ᾖΑκϐαροςΑέυ-ὺὶου</span> <span class='ocrx_word' id='word_1_803' title='bbox 2625 4607 2720 4666; x_wconf 58' lang='lat' dir='ltr'><strong>vos</strong></span> <span class='ocrx_word' id='word_1_804' title='bbox 2746 4603 2849 4666; x_wconf 84' lang='lat' dir='ltr'><strong>est,</strong></span> <span class='ocrx_word' id='word_1_805' title='bbox 2878 4605 2996 4659; x_wconf 64' lang='lat' dir='ltr'><strong>quae</strong></span> <span class='ocrx_word' id='word_1_806' title='bbox 3024 4590 3434 4666; x_wconf 61' lang='lat' dir='ltr'><strong>potentissimum</strong></span> <span class='ocrx_word' id='word_1_807' title='bbox 3461 4588 3632 4666; x_wconf 74' lang='lat' dir='ltr'><strong>signi-</strong></span> 
     </span>
    </p>
   </div>
   <div class='ocr_carea' id='block_1_114' title="bbox 2071 4659 3634 4731">
    <p class='ocr_par' dir='ltr' id='par_1_114' title="bbox 2071 4659 3634 4731">
     <span class='ocr_line' id='line_1_114' title="bbox 2071 4659 3634 4731; baseline -0.003 -15"><span class='ocrx_word' id='word_1_808' title='bbox 2071 4665 2212 4725; x_wconf 84' lang='lat' dir='ltr'><strong>ﬁcat,</strong></span> <span class='ocrx_word' id='word_1_809' title='bbox 2249 4659 2305 4717; x_wconf 80' lang='lat' dir='ltr'><strong>iit</strong></span> <span class='ocrx_word' id='word_1_810' title='bbox 2331 4664 2516 4718; x_wconf 89' lang='lat' dir='ltr'><strong>docuit</strong></span> <span class='ocrx_word' id='word_1_811' title='bbox 2541 4679 2626 4718; x_wconf 88' lang='lat' dir='ltr'><strong>uie</strong></span> <span class='ocrx_word' id='word_1_812' title='bbox 2659 4663 2741 4716; x_wconf 80' lang='lat' dir='ltr'><strong>vir</strong></span> <span class='ocrx_word' id='word_1_813' title='bbox 2765 4663 3064 4731; x_wconf 78' lang='lat' dir='ltr'><strong>linguarum</strong></span> <span class='ocrx_word' id='word_1_814' title='bbox 3103 4659 3454 4714; x_wconf 84' lang='lat' dir='ltr'><strong>Orientalium</strong></span> <span class='ocrx_word' id='word_1_815' title='bbox 3487 4659 3634 4728; x_wconf 90' lang='lat' dir='ltr'><strong>peri-</strong></span> 
     </span>
    </p>
   </div>
   <div class='ocr_carea' id='block_1_115' title="bbox 2072 4744 2326 4789">
    <p class='ocr_par' dir='ltr' id='par_1_115' title="bbox 2072 4744 2326 4789">
     <span class='ocr_line' id='line_1_115' title="bbox 2072 4744 2326 4789; baseline -0.02 0"><span class='ocrx_word' id='word_1_816' title='bbox 2072 4744 2326 4789; x_wconf 83' lang='lat' dir='ltr'><strong>ltssunus.</strong></span> 
     </span>
    </p>
   </div>
   <div class='ocr_carea' id='block_1_116' title="bbox 2143 4799 3634 4875">
    <p class='ocr_par' dir='ltr' id='par_1_116' title="bbox 2143 4799 3634 4875">
     <span class='ocr_line' id='line_1_116' title="bbox 2143 4799 3634 4875; baseline -0.003 -19"><span class='ocrx_word' id='word_1_817' title='bbox 2143 4804 2254 4875; x_wconf 79' lang='grc'>(57)</span> <span class='ocrx_word' id='word_1_818' title='bbox 2294 4802 2416 4857; x_wconf 80' lang='grc' dir='ltr'><strong>Τῶν</strong></span> <span class='ocrx_word' id='word_1_819' title='bbox 2453 4803 2605 4872; x_wconf 78' lang='grc' dir='ltr'><strong>ὑπὲρ</strong></span> <span class='ocrx_word' id='word_1_820' title='bbox 2623 4802 2942 4871; x_wconf 61' lang='grc' dir='ltr'>Εὐφράτην</span> <span class='ocrx_word' id='word_1_821' title='bbox 2975 4799 3181 4856; x_wconf 79' lang='grc' dir='ltr'>ἐθνῶν.</span> <span class='ocrx_word' id='word_1_822' title='bbox 3218 4801 3317 4855; x_wconf 87' lang='lat' dir='ltr'><strong>Uni</strong></span> <span class='ocrx_word' id='word_1_823' title='bbox 3371 4801 3634 4875; x_wconf 57' lang='lat' dir='ltr'><strong>duntaxat</strong></span> 
     </span>
    </p>
   </div>
   <div class='ocr_carea' id='block_1_117' title="bbox 2068 4870 3632 4942">
    <p class='ocr_par' dir='ltr' id='par_1_117' title="bbox 2068 4870 3632 4942">
     <span class='ocr_line' id='line_1_117' title="bbox 2068 4870 3632 4942; baseline -0.002 -17"><span class='ocrx_word' id='word_1_824' title='bbox 2068 4870 2244 4942; x_wconf 71' lang='lat' dir='ltr'><strong>genti,</strong></span> <span class='ocrx_word' id='word_1_825' title='bbox 2271 4893 2374 4927; x_wconf 84' lang='lat' dir='ltr'><strong>non</strong></span> <span class='ocrx_word' id='word_1_826' title='bbox 2412 4870 2588 4928; x_wconf 84' lang='lat' dir='ltr'><strong>autem</strong></span> <span class='ocrx_word' id='word_1_827' title='bbox 2627 4870 2871 4941; x_wconf 82' lang='lat' dir='ltr'><strong>pluribus</strong></span> <span class='ocrx_word' id='word_1_828' title='bbox 2895 4875 3178 4942; x_wconf 84' lang='lat' dir='ltr'><strong>imperavit</strong></span> <span class='ocrx_word' id='word_1_829' title='bbox 3211 4870 3632 4942; x_wconf 40' lang='lat' dir='ltr'><strong>Ahgarusal’uit</strong></span> 
     </span>
    </p>
   </div>
   <div class='ocr_carea' id='block_1_118' title="bbox 2067 4941 3630 5013">
    <p class='ocr_par' dir='ltr' id='par_1_118' title="bbox 2067 4941 3630 5013">
     <span class='ocr_line' id='line_1_118' title="bbox 2067 4941 3630 5013; baseline -0.004 -16"><span class='ocrx_word' id='word_1_830' title='bbox 2067 4941 2211 4998; x_wconf 79' lang='lat' dir='ltr'><strong>enim</strong></span> <span class='ocrx_word' id='word_1_831' title='bbox 2265 4946 2504 4998; x_wconf 87' lang='lat' dir='ltr'><strong>Arabum</strong></span> <span class='ocrx_word' id='word_1_832' title='bbox 2566 4944 2818 5013; x_wconf 82' lang='lat' dir='ltr'><strong>regulus;</strong></span> <span class='ocrx_word' id='word_1_833' title='bbox 2872 4959 2970 4996; x_wconf 85' lang='lat' dir='ltr'><strong>uec</strong></span> <span class='ocrx_word' id='word_1_834' title='bbox 3021 4941 3287 4996; x_wconf 82' lang='lat' dir='ltr'><strong>universis</strong></span> <span class='ocrx_word' id='word_1_835' title='bbox 3339 4941 3630 5013; x_wconf 77' lang='lat' dir='ltr'><strong>Arabibus,</strong></span> 
     </span>
    </p>
   </div>
   <div class='ocr_carea' id='block_1_119' title="bbox 2067 5010 3633 5083">
    <p class='ocr_par' dir='ltr' id='par_1_119' title="bbox 2067 5010 3633 5083">
     <span class='ocr_line' id='line_1_119' title="bbox 2067 5010 3633 5083; baseline -0.003 -17"><span class='ocrx_word' id='word_1_836' title='bbox 2067 5017 2160 5068; x_wconf 88' lang='lat' dir='ltr'><strong>sed</strong></span> <span class='ocrx_word' id='word_1_837' title='bbox 2191 5017 2330 5083; x_wconf 85' lang='lat' dir='ltr'><strong>parti</strong></span> <span class='ocrx_word' id='word_1_838' title='bbox 2363 5010 2886 5068; x_wconf 29' lang='lat' dir='ltr'><strong>iiiintaxathrabuni</strong></span> <span class='ocrx_word' id='word_1_839' title='bbox 2911 5013 3146 5083; x_wconf 67' lang='lat' dir='ltr'><strong>praafiiit.</strong></span> <span class='ocrx_word' id='word_1_840' title='bbox 3175 5013 3325 5068; x_wconf 88' lang='lat' dir='ltr'><strong>Unde</strong></span> <span class='ocrx_word' id='word_1_841' title='bbox 3350 5010 3633 5082; x_wconf 78' lang='grc' dir='ltr'>φυλάρχης</span> 
     </span>
    </p>
   </div>
   <div class='ocr_carea' id='block_1_120' title="bbox 2068 5081 3629 5156">
    <p class='ocr_par' dir='ltr' id='par_1_120' title="bbox 2068 5081 3629 5156">
     <span class='ocr_line' id='line_1_120' title="bbox 2068 5081 3629 5156; baseline -0.005 -19"><span class='ocrx_word' id='word_1_842' title='bbox 2068 5100 2161 5156; x_wconf 88' lang='lat' dir='ltr'><strong>seu</strong></span> <span class='ocrx_word' id='word_1_843' title='bbox 2191 5081 2466 5156; x_wconf 54' lang='grc' dir='ltr'>φύλαρχος</span> <span class='ocrx_word' id='word_1_844' title='bbox 2496 5083 2737 5156; x_wconf 66' lang='grc' dir='ltr'>Ἀράϐων</span> <span class='ocrx_word' id='word_1_845' title='bbox 2770 5081 3232 5156; x_wconf 77' lang='lat' dir='ltr'><strong>vocatur.Quippe</strong></span> <span class='ocrx_word' id='word_1_846' title='bbox 3255 5081 3629 5156; x_wconf 70' lang='lat' dir='ltr'><strong>Arabeseraiii</strong></span> 
     </span>
    </p>
   </div>
   <div class='ocr_carea' id='block_1_121' title="bbox 2067 5151 3631 5223">
    <p class='ocr_par' dir='ltr' id='par_1_121' title="bbox 2067 5151 3631 5223">
     <span class='ocr_line' id='line_1_121' title="bbox 2067 5151 3631 5223; baseline -0.003 -18"><span class='ocrx_word' id='word_1_847' title='bbox 2067 5151 2251 5223; x_wconf 80' lang='lat' dir='ltr'><strong>plures</strong></span> <span class='ocrx_word' id='word_1_848' title='bbox 2292 5151 2355 5209; x_wconf 47' lang='lat' dir='ltr'><strong>iii&#39;</strong></span> <span class='ocrx_word' id='word_1_849' title='bbox 2377 5151 2569 5208; x_wconf 67' lang='lat' dir='ltr'><strong>tribus</strong></span> <span class='ocrx_word' id='word_1_850' title='bbox 2595 5154 2832 5208; x_wconf 87' lang='lat' dir='ltr'><strong>distincti</strong></span> <span class='ocrx_word' id='word_1_851' title='bbox 2866 5172 2878 5206; x_wconf 94' lang='lat'>:</span> <span class='ocrx_word' id='word_1_852' title='bbox 2909 5151 3145 5222; x_wconf 72' lang='lat' dir='ltr'><strong>singulis</strong></span> <span class='ocrx_word' id='word_1_853' title='bbox 3172 5151 3351 5206; x_wconf 81' lang='lat' dir='ltr'><strong>autem</strong></span> <span class='ocrx_word' id='word_1_854' title='bbox 3386 5151 3631 5223; x_wconf 83' lang='lat' dir='ltr'><strong>tribubus</strong></span> 
     </span>
    </p>
   </div>
   <div class='ocr_carea' id='block_1_122' title="bbox 2067 5222 3708 5294">
    <p class='ocr_par' dir='ltr' id='par_1_122' title="bbox 2067 5222 3708 5294">
     <span class='ocr_line' id='line_1_122' title="bbox 2067 5222 3708 5294; baseline -0.004 -16"><span class='ocrx_word' id='word_1_855' title='bbox 2067 5222 2198 5278; x_wconf 66' lang='lat' dir='ltr'><strong>Suus</strong></span> <span class='ocrx_word' id='word_1_856' title='bbox 2232 5226 2532 5292; x_wconf 84' lang='lat' dir='ltr'><strong>imperabat</strong></span> <span class='ocrx_word' id='word_1_857' title='bbox 2561 5225 2911 5294; x_wconf 80' lang='lat' dir='ltr'><strong>phylarchus.</strong></span> <span class='ocrx_word' id='word_1_858' title='bbox 2947 5223 3148 5278; x_wconf 82' lang='lat' dir='ltr'><strong>Gentes</strong></span> <span class='ocrx_word' id='word_1_859' title='bbox 3188 5222 3488 5294; x_wconf 84' lang='lat' dir='ltr'><strong>igiturhoc</strong></span> <span class='ocrx_word' id='word_1_860' title='bbox 3515 5222 3630 5294; x_wconf 81' lang='lat' dir='ltr'><strong>loco</strong></span> <span class='ocrx_word' id='word_1_861' title='bbox 3706 5289 3708 5291; x_wconf 3' lang='grc' dir='ltr'><strong>η</strong></span> 
     </span>
    </p>
   </div>
   <div class='ocr_carea' id='block_1_123' title="bbox 2068 5292 3629 5363">
    <p class='ocr_par' dir='ltr' id='par_1_123' title="bbox 2068 5292 3629 5363">
     <span class='ocr_line' id='line_1_123' title="bbox 2068 5292 3629 5363; baseline -0.002 -17"><span class='ocrx_word' id='word_1_862' title='bbox 2068 5295 2204 5350; x_wconf 79' lang='lat' dir='ltr'><strong>dixit</strong></span> <span class='ocrx_word' id='word_1_863' title='bbox 2236 5295 2496 5348; x_wconf 80' lang='lat' dir='ltr'><strong>Eusebius</strong></span> <span class='ocrx_word' id='word_1_864' title='bbox 2545 5292 2648 5363; x_wconf 82' lang='lat' dir='ltr'><strong>pro</strong></span> <span class='ocrx_word' id='word_1_865' title='bbox 2690 5295 2845 5345; x_wconf 82' lang='lat' dir='ltr'><strong>unica</strong></span> <span class='ocrx_word' id='word_1_866' title='bbox 2878 5305 3058 5363; x_wconf 89' lang='lat' dir='ltr'><strong>genie.</strong></span> <span class='ocrx_word' id='word_1_867' title='bbox 3101 5292 3429 5363; x_wconf 32' lang='lat' dir='ltr'><strong>quuehvidit</strong></span> <span class='ocrx_word' id='word_1_868' title='bbox 3467 5292 3629 5345; x_wconf 86' lang='lat' dir='ltr'><strong>etiam</strong></span> 
     </span>
    </p>
   </div>
   <div class='ocr_carea' id='block_1_124' title="bbox 2093 5361 3631 5432">
    <p class='ocr_par' dir='ltr' id='par_1_124' title="bbox 2093 5361 3631 5432">
     <span class='ocr_line' id='line_1_124' title="bbox 2093 5361 3631 5432; baseline -0.004 -15"><span class='ocrx_word' id='word_1_869' title='bbox 2093 5367 2315 5428; x_wconf 67' lang='lat' dir='ltr'><strong>inlimis,</strong></span> <span class='ocrx_word' id='word_1_870' title='bbox 2347 5367 2436 5432; x_wconf 89' lang='lat' dir='ltr'><strong>qui</strong></span> <span class='ocrx_word' id='word_1_871' title='bbox 2493 5361 2633 5418; x_wconf 83' lang='lat' dir='ltr'><strong>hunc</strong></span> <span class='ocrx_word' id='word_1_872' title='bbox 2688 5363 2861 5417; x_wconf 88' lang='lat' dir='ltr'><strong>locum</strong></span> <span class='ocrx_word' id='word_1_873' title='bbox 2883 5361 2980 5417; x_wconf 37' lang='lat' dir='ltr'><strong>“ita</strong></span> <span class='ocrx_word' id='word_1_874' title='bbox 3035 5361 3193 5421; x_wconf 82' lang='lat' dir='ltr'><strong>vertit</strong></span> <span class='ocrx_word' id='word_1_875' title='bbox 3227 5361 3412 5426; x_wconf 79' lang='lat' dir='ltr'><strong>:Unde</strong></span> <span class='ocrx_word' id='word_1_876' title='bbox 3441 5371 3507 5432; x_wconf 10' lang='lat' dir='ltr'><strong>ret</strong></span> <span class='ocrx_word' id='word_1_877' title='bbox 3542 5375 3631 5412; x_wconf 67' lang='lat' dir='ltr'><strong>rex</strong></span> 
     </span>
    </p>
   </div>
   <div class='ocr_carea' id='block_1_125' title="bbox 2066 5431 3629 5505">
    <p class='ocr_par' dir='ltr' id='par_1_125' title="bbox 2066 5431 3629 5505">
     <span class='ocr_line' id='line_1_125' title="bbox 2066 5431 3629 5505; baseline -0.002 -20"><span class='ocrx_word' id='word_1_878' title='bbox 2066 5436 2282 5504; x_wconf 82' lang='lat' dir='ltr'><strong>quidam</strong></span> <span class='ocrx_word' id='word_1_879' title='bbox 2333 5431 2571 5505; x_wconf 68' lang='lat' dir='ltr'><strong>Abgarus</strong></span> <span class='ocrx_word' id='word_1_880' title='bbox 2629 5435 2854 5494; x_wconf 84' lang='lat' dir='ltr'><strong>nomine,</strong></span> <span class='ocrx_word' id='word_1_881' title='bbox 2911 5434 3079 5503; x_wconf 80' lang='lat' dir='ltr'><strong>gentis</strong></span> <span class='ocrx_word' id='word_1_882' title='bbox 3114 5437 3256 5496; x_wconf 73' lang='lat' dir='ltr'><strong>ultra</strong></span> <span class='ocrx_word' id='word_1_883' title='bbox 3307 5431 3629 5501; x_wconf 73' lang='lat' dir='ltr'><strong>Euphratem</strong></span> 
     </span>
    </p>
   </div>
   <div class='ocr_carea' id='block_1_126' title="bbox 2073 5505 3138 5576">
    <p class='ocr_par' dir='ltr' id='par_1_126' title="bbox 2073 5505 3138 5576">
     <span class='ocr_line' id='line_1_126' title="bbox 2073 5505 3138 5576; baseline -0.002 -18"><span class='ocrx_word' id='word_1_884' title='bbox 2073 5508 2259 5576; x_wconf 64' lang='lat' dir='ltr'><strong>posita</strong></span> <span class='ocrx_word' id='word_1_885' title='bbox 2281 5505 2632 5576; x_wconf 73' lang='lat' dir='ltr'><strong>principatum</strong></span> <span class='ocrx_word' id='word_1_886' title='bbox 2665 5506 2909 5576; x_wconf 66' lang='lat' dir='ltr'><strong>nobiliter</strong></span> <span class='ocrx_word' id='word_1_887' title='bbox 2939 5514 3138 5560; x_wconf 77' lang='lat' dir='ltr'><strong>tenens.</strong></span> 
     </span>
    </p>
   </div>
   <div class='ocr_carea' id='block_1_127' title="bbox 2139 5570 3614 5648">
    <p class='ocr_par' dir='ltr' id='par_1_127' title="bbox 2139 5570 3614 5648">
     <span class='ocr_line' id='line_1_127' title="bbox 2139 5570 3614 5648; baseline -0.003 -18"><span class='ocrx_word' id='word_1_888' title='bbox 2139 5577 2248 5648; x_wconf 82' lang='lat'><strong>(58)</strong></span> <span class='ocrx_word' id='word_1_889' title='bbox 2281 5570 2465 5648; x_wconf 60' lang='grc' dir='ltr'><strong>⁷Ὸμοῤ</strong></span> <span class='ocrx_word' id='word_1_890' title='bbox 2488 5593 2552 5628; x_wconf 80' lang='grc' dir='ltr'><strong>τε</strong></span> <span class='ocrx_word' id='word_1_891' title='bbox 2573 5574 2771 5648; x_wconf 66' lang='lat' dir='ltr'><strong>ai;th</strong></span> <span class='ocrx_word' id='word_1_892' title='bbox 2785 5578 3104 5642; x_wconf 78' lang='grc' dir='ltr'>σωτηρίαν.</span> <span class='ocrx_word' id='word_1_893' title='bbox 3156 5572 3209 5626; x_wconf 84' lang='grc' dir='ltr'>1η</span> <span class='ocrx_word' id='word_1_894' title='bbox 3235 5570 3508 5648; x_wconf 66' lang='lat' dir='ltr'><strong>codicibus</strong></span> <span class='ocrx_word' id='word_1_895' title='bbox 3535 5587 3614 5626; x_wconf 88' lang='lat' dir='ltr'><strong>uo-</strong></span> 
     </span>
    </p>
   </div>
   <div class='ocr_carea' id='block_1_128' title="bbox 2067 5641 3421 5715">
    <p class='ocr_par' dir='ltr' id='par_1_128' title="bbox 2067 5641 3421 5715">
     <span class='ocr_line' id='line_1_128' title="bbox 2067 5641 3421 5715; baseline -0.005 -13"><span class='ocrx_word' id='word_1_896' title='bbox 2067 5641 2196 5702; x_wconf 85' lang='lat' dir='ltr'><strong>stris</strong></span> <span class='ocrx_word' id='word_1_897' title='bbox 2222 5641 2383 5714; x_wconf 48' lang='lat' dir='ltr'><strong>lilazl,</strong></span> <span class='ocrx_word' id='word_1_898' title='bbox 2417 5645 2552 5702; x_wconf 75' lang='lat' dir='ltr'><strong>Med.</strong></span> <span class='ocrx_word' id='word_1_899' title='bbox 2582 5663 2644 5702; x_wconf 83' lang='lat' dir='ltr'><strong>ac</strong></span> <span class='ocrx_word' id='word_1_900' title='bbox 2678 5645 2814 5702; x_wconf 72' lang='lat' dir='ltr'><strong>Fuls.</strong></span> <span class='ocrx_word' id='word_1_901' title='bbox 2845 5641 3106 5715; x_wconf 84' lang='lat' dir='ltr'><strong>scriptum</strong></span> <span class='ocrx_word' id='word_1_902' title='bbox 3145 5655 3229 5700; x_wconf 88' lang='lat' dir='ltr'><strong>est</strong></span> <span class='ocrx_word' id='word_1_903' title='bbox 3253 5641 3421 5715; x_wconf 74' lang='grc' dir='ltr'>αὐτῷ.</span> 
     </span>
    </p>
   </div>
  </div>
