  <div class='ocr_page' id='page_1' title='image "/cluster/home/n/w/nwhite01/storage/ocr_20150623/20/hvd.32044073501181/075.png"; bbox 0 0 4054 6456; ppageno 0'>
   <div class='ocr_carea' id='block_1_1' title="bbox 515 386 618 439">
    <p class='ocr_par' dir='ltr' id='par_1_1' title="bbox 515 386 618 439">
     <span class='ocr_line' id='line_1_1' title="bbox 515 386 618 439; baseline 0 -1"><span class='ocrx_word' id='word_1_1' title='bbox 515 386 618 439; x_wconf 68' lang='grc'><strong>1⁵25</strong></span> 
     </span>
    </p>
   </div>
   <div class='ocr_carea' id='block_1_2' title="bbox 1198 357 3016 435">
    <p class='ocr_par' dir='ltr' id='par_1_2' title="bbox 1198 357 3016 435">
     <span class='ocr_line' id='line_1_2' title="bbox 1198 357 3016 435; baseline -0.001 -3"><span class='ocrx_word' id='word_1_2' title='bbox 1198 377 1467 434; x_wconf 69' lang='lat' dir='ltr'><strong>EL&#39;SEBH</strong></span> <span class='ocrx_word' id='word_1_3' title='bbox 1506 376 1986 435; x_wconf 63' lang='lat' dir='ltr'><strong>casssmsusm</strong></span> <span class='ocrx_word' id='word_1_4' title='bbox 2022 376 2172 433; x_wconf 72' lang='lat' dir='ltr'><strong>opp.</strong></span> <span class='ocrx_word' id='word_1_5' title='bbox 2213 371 2398 430; x_wconf 60' lang='lat' dir='ltr'><strong>esas</strong></span> <span class='ocrx_word' id='word_1_6' title='bbox 2439 363 2477 425; x_wconf 86' lang='grc' dir='ltr'>ι.</span> <span class='ocrx_word' id='word_1_7' title='bbox 2518 407 2588 416; x_wconf 90' lang='grc'><strong>-</strong></span> <span class='ocrx_word' id='word_1_8' title='bbox 2627 357 3016 432; x_wconf 78' lang='lat' dir='ltr'><strong>HlS&#39;i‘ORlCA.</strong></span> 
     </span>
    </p>
   </div>
   <div class='ocr_carea' id='block_1_3' title="bbox 3653 376 3754 430">
    <p class='ocr_par' dir='ltr' id='par_1_3' title="bbox 3653 376 3754 430">
     <span class='ocr_line' id='line_1_3' title="bbox 3653 376 3754 430; baseline 0 0"><span class='ocrx_word' id='word_1_9' title='bbox 3653 376 3754 430; x_wconf 70' lang='grc'><strong>121</strong></span> 
     </span>
    </p>
   </div>
   <div class='ocr_carea' id='block_1_4' title="bbox 508 473 2075 572">
    <p class='ocr_par' dir='ltr' id='par_1_4' title="bbox 508 495 2075 572">
     <span class='ocr_line' id='line_1_4' title="bbox 508 495 2075 572; baseline -0.003 -20"><span class='ocrx_word' id='word_1_10' title='bbox 508 503 754 572; x_wconf 85' lang='lat' dir='ltr'><strong>quidem,</strong></span> <span class='ocrx_word' id='word_1_11' title='bbox 811 502 907 555; x_wconf 85' lang='lat' dir='ltr'><strong>scil</strong></span> <span class='ocrx_word' id='word_1_12' title='bbox 959 500 1175 554; x_wconf 72' lang='lat' dir='ltr'><strong>virtutis</strong></span> <span class='ocrx_word' id='word_1_13' title='bbox 1229 509 1284 552; x_wconf 88' lang='lat' dir='ltr'><strong>et</strong></span> <span class='ocrx_word' id='word_1_14' title='bbox 1342 497 1599 552; x_wconf 74' lang='lat' dir='ltr'><strong>eiIicacize</strong></span> <span class='ocrx_word' id='word_1_15' title='bbox 1647 495 2016 566; x_wconf 81' lang='lat' dir='ltr'><strong>plenissimam</strong></span> <span class='ocrx_word' id='word_1_16' title='bbox 2063 513 2075 563; x_wconf 91' lang='lat'><strong>;</strong></span> 
     </span>
    </p>
   </div>
   <div class='ocr_carea' id='block_1_5' title="bbox 2177 473 3754 572">
    <p class='ocr_par' dir='ltr' id='par_1_5' title="bbox 2186 473 3754 565">
     <span class='ocr_line' id='line_1_5' title="bbox 2186 473 3754 565; baseline 0.002 -19"><span class='ocrx_word' id='word_1_17' title='bbox 2186 493 2304 564; x_wconf 84' lang='grc' dir='ltr'>μὲν,</span> <span class='ocrx_word' id='word_1_18' title='bbox 2338 473 2712 563; x_wconf 53' lang='grc' dir='ltr'>ὼλυδυνάμου</span> <span class='ocrx_word' id='word_1_19' title='bbox 2743 493 2798 548; x_wconf 82' lang='grc' dir='ltr'>δὲ</span> <span class='ocrx_word' id='word_1_20' title='bbox 2832 492 3139 562; x_wconf 75' lang='grc' dir='ltr'><strong>ἐπιστολῆς,</strong></span> <span class='ocrx_word' id='word_1_21' title='bbox 3171 493 3357 547; x_wconf 73' lang='grc' dir='ltr'>τοῦτον</span> <span class='ocrx_word' id='word_1_22' title='bbox 3391 491 3619 565; x_wconf 80' lang='grc' dir='ltr'>ἐχούσης</span> <span class='ocrx_word' id='word_1_23' title='bbox 3660 497 3754 549; x_wconf 70' lang='grc' dir='ltr'><strong>καὶ</strong></span> 
     </span>
    </p>
   </div>
   <div class='ocr_carea' id='block_1_6' title="bbox 509 593 967 662">
    <p class='ocr_par' dir='ltr' id='par_1_6' title="bbox 509 593 967 662">
     <span class='ocr_line' id='line_1_6' title="bbox 509 593 967 662; baseline 0.002 -14"><span class='ocrx_word' id='word_1_24' title='bbox 509 611 629 662; x_wconf 79' lang='lat' dir='ltr'><strong>qua:</strong></span> <span class='ocrx_word' id='word_1_25' title='bbox 667 597 747 648; x_wconf 89' lang='lat' dir='ltr'><strong>sic</strong></span> <span class='ocrx_word' id='word_1_26' title='bbox 786 593 967 649; x_wconf 81' lang='lat' dir='ltr'><strong>habet.</strong></span> 
     </span>
    </p>
   </div>
   <div class='ocr_carea' id='block_1_7' title="bbox 511 680 2082 758">
    <p class='ocr_par' dir='ltr' id='par_1_7' title="bbox 511 680 2082 758">
     <span class='ocr_line' id='line_1_7' title="bbox 511 680 2082 758; baseline -0.006 -16"><span class='ocrx_word' id='word_1_27' title='bbox 511 687 848 758; x_wconf 82' lang='lat' dir='ltr'><strong>Rescriptum</strong></span> <span class='ocrx_word' id='word_1_28' title='bbox 884 686 1011 739; x_wconf 81' lang='lat' dir='ltr'><strong>Jesu</strong></span> <span class='ocrx_word' id='word_1_29' title='bbox 1055 684 1123 736; x_wconf 87' lang='lat' dir='ltr'><strong>ad</strong></span> <span class='ocrx_word' id='word_1_30' title='bbox 1161 682 1426 748; x_wconf 80' lang='lat' dir='ltr'><strong>Aqbarum</strong></span> <span class='ocrx_word' id='word_1_31' title='bbox 1473 681 1662 752; x_wconf 79' lang='lat' dir='ltr'><strong>Regem</strong></span> <span class='ocrx_word' id='word_1_32' title='bbox 1700 698 1793 751; x_wconf 83' lang='lat' dir='ltr'><strong>per</strong></span> <span class='ocrx_word' id='word_1_33' title='bbox 1819 680 2082 734; x_wconf 79' lang='lat' dir='ltr'><strong>Ananiam</strong></span> 
     </span>
    </p>
   </div>
   <div class='ocr_carea' id='block_1_8' title="bbox 1155 769 1443 806">
    <p class='ocr_par' dir='ltr' id='par_1_8' title="bbox 1155 769 1443 806">
     <span class='ocr_line' id='line_1_8' title="bbox 1155 769 1443 806; baseline 0 0"><span class='ocrx_word' id='word_1_34' title='bbox 1155 769 1443 806; x_wconf 82' lang='lat' dir='ltr'><strong>cursorem.</strong></span> 
     </span>
    </p>
   </div>
   <div class='ocr_carea' id='block_1_9' title="bbox 587 842 2080 916">
    <p class='ocr_par' dir='ltr' id='par_1_9' title="bbox 587 842 2080 916">
     <span class='ocr_line' id='line_1_9' title="bbox 587 842 2080 916; baseline -0.004 -14"><span class='ocrx_word' id='word_1_35' title='bbox 587 869 607 902; x_wconf 74' lang='grc' dir='ltr'><strong>ι</strong></span> <span class='ocrx_word' id='word_1_36' title='bbox 643 850 846 903; x_wconf 80' lang='lat' dir='ltr'><strong>Beatus</strong></span> <span class='ocrx_word' id='word_1_37' title='bbox 872 863 951 910; x_wconf 86' lang='lat' dir='ltr'><strong>es,</strong></span> <span class='ocrx_word' id='word_1_38' title='bbox 983 847 1218 916; x_wconf 79' lang='lat' dir='ltr'><strong>Agbare,</strong></span> <span class='ocrx_word' id='word_1_39' title='bbox 1246 845 1335 912; x_wconf 88' lang='lat' dir='ltr'><strong>qui</strong></span> <span class='ocrx_word' id='word_1_40' title='bbox 1372 844 1424 896; x_wconf 91' lang='lat' dir='ltr'><strong>in</strong></span> <span class='ocrx_word' id='word_1_41' title='bbox 1467 859 1552 898; x_wconf 89' lang='lat' dir='ltr'><strong>me</strong></span> <span class='ocrx_word' id='word_1_42' title='bbox 1591 842 1893 898; x_wconf 83' lang='lat' dir='ltr'><strong>credideris</strong></span> <span class='ocrx_word' id='word_1_43' title='bbox 1922 857 2080 910; x_wconf 90' lang='lat' dir='ltr'><strong>quem</strong></span> 
     </span>
    </p>
   </div>
   <div class='ocr_carea' id='block_1_10' title="bbox 513 935 2083 1002">
    <p class='ocr_par' dir='ltr' id='par_1_10' title="bbox 513 935 2083 1002">
     <span class='ocr_line' id='line_1_10' title="bbox 513 935 2083 1002; baseline -0.006 -6"><span class='ocrx_word' id='word_1_44' title='bbox 513 957 621 996; x_wconf 89' lang='lat' dir='ltr'><strong>non</strong></span> <span class='ocrx_word' id='word_1_45' title='bbox 659 939 876 1001; x_wconf 52' lang='lat' dir='ltr'><strong>vidisti.</strong></span> <span class='ocrx_word' id='word_1_46' title='bbox 903 938 979 991; x_wconf 88' lang='lat' dir='ltr'><strong>De</strong></span> <span class='ocrx_word' id='word_1_47' title='bbox 1007 954 1091 987; x_wconf 81' lang='lat' dir='ltr'><strong>me</strong></span> <span class='ocrx_word' id='word_1_48' title='bbox 1120 935 1266 988; x_wconf 89' lang='lat' dir='ltr'><strong>enim</strong></span> <span class='ocrx_word' id='word_1_49' title='bbox 1309 935 1572 1002; x_wconf 91' lang='lat' dir='ltr'><strong>scriptum</strong></span> <span class='ocrx_word' id='word_1_50' title='bbox 1601 942 1707 999; x_wconf 88' lang='lat' dir='ltr'><strong>est,</strong></span> <span class='ocrx_word' id='word_1_51' title='bbox 1747 949 1841 986; x_wconf 90' lang='lat' dir='ltr'><strong>eos</strong></span> <span class='ocrx_word' id='word_1_52' title='bbox 1874 935 1964 1000; x_wconf 93' lang='lat' dir='ltr'><strong>qui</strong></span> <span class='ocrx_word' id='word_1_53' title='bbox 1998 947 2083 986; x_wconf 83' lang='lat' dir='ltr'><strong>me</strong></span> 
     </span>
    </p>
   </div>
   <div class='ocr_carea' id='block_1_11' title="bbox 511 1021 2084 1094">
    <p class='ocr_par' dir='ltr' id='par_1_11' title="bbox 511 1021 2084 1094">
     <span class='ocr_line' id='line_1_11' title="bbox 511 1021 2084 1094; baseline -0.007 -10"><span class='ocrx_word' id='word_1_54' title='bbox 511 1033 772 1094; x_wconf 73' lang='lat' dir='ltr'><strong>viderint,</strong></span> <span class='ocrx_word' id='word_1_55' title='bbox 804 1045 910 1081; x_wconf 93' lang='lat' dir='ltr'><strong>non</strong></span> <span class='ocrx_word' id='word_1_56' title='bbox 944 1027 1248 1080; x_wconf 82' lang='lat' dir='ltr'><strong>credituros</strong></span> <span class='ocrx_word' id='word_1_57' title='bbox 1286 1024 1338 1076; x_wconf 92' lang='lat' dir='ltr'><strong>in</strong></span> <span class='ocrx_word' id='word_1_58' title='bbox 1373 1037 1477 1087; x_wconf 89' lang='lat' dir='ltr'><strong>me,</strong></span> <span class='ocrx_word' id='word_1_59' title='bbox 1523 1031 1579 1076; x_wconf 85' lang='lat' dir='ltr'><strong>ut</strong></span> <span class='ocrx_word' id='word_1_60' title='bbox 1620 1023 1652 1076; x_wconf 89' lang='lat' dir='ltr'><strong>ii</strong></span> <span class='ocrx_word' id='word_1_61' title='bbox 1679 1023 1768 1091; x_wconf 85' lang='lat' dir='ltr'><strong>qui</strong></span> <span class='ocrx_word' id='word_1_62' title='bbox 1804 1039 1908 1075; x_wconf 93' lang='lat' dir='ltr'><strong>non</strong></span> <span class='ocrx_word' id='word_1_63' title='bbox 1936 1021 2084 1073; x_wconf 69' lang='lat' dir='ltr'><strong>vide~</strong></span> 
     </span>
    </p>
   </div>
   <div class='ocr_carea' id='block_1_12' title="bbox 514 1112 2082 1188">
    <p class='ocr_par' dir='ltr' id='par_1_12' title="bbox 514 1112 2082 1188">
     <span class='ocr_line' id='line_1_12' title="bbox 514 1112 2082 1188; baseline -0.01 -11"><span class='ocrx_word' id='word_1_64' title='bbox 514 1127 644 1187; x_wconf 83' lang='lat' dir='ltr'><strong>rint,</strong></span> <span class='ocrx_word' id='word_1_65' title='bbox 682 1123 973 1176; x_wconf 88' lang='lat' dir='ltr'><strong>credentes</strong></span> <span class='ocrx_word' id='word_1_66' title='bbox 1003 1117 1108 1188; x_wconf 81' lang='lat'><strong>33</strong></span> <span class='ocrx_word' id='word_1_67' title='bbox 1144 1117 1306 1169; x_wconf 85' lang='lat' dir='ltr'><strong>vitam</strong></span> <span class='ocrx_word' id='word_1_68' title='bbox 1341 1116 1634 1183; x_wconf 87' lang='lat' dir='ltr'><strong>accipiant.</strong></span> <span class='ocrx_word' id='word_1_69' title='bbox 1664 1114 1816 1180; x_wconf 85' lang='lat' dir='ltr'><strong>Quod</strong></span> <span class='ocrx_word' id='word_1_70' title='bbox 1852 1129 1979 1166; x_wconf 81' lang='lat' dir='ltr'><strong>Vero</strong></span> <span class='ocrx_word' id='word_1_71' title='bbox 2016 1112 2082 1163; x_wconf 87' lang='lat' dir='ltr'><strong>ad</strong></span> 
     </span>
    </p>
   </div>
   <div class='ocr_carea' id='block_1_13' title="bbox 514 1201 2080 1275">
    <p class='ocr_par' dir='ltr' id='par_1_13' title="bbox 514 1201 2080 1275">
     <span class='ocr_line' id='line_1_13' title="bbox 514 1201 2080 1275; baseline -0.008 -9"><span class='ocrx_word' id='word_1_72' title='bbox 514 1228 603 1266; x_wconf 89' lang='lat' dir='ltr'><strong>me</strong></span> <span class='ocrx_word' id='word_1_73' title='bbox 629 1211 825 1264; x_wconf 90' lang='lat' dir='ltr'><strong>scribis</strong></span> <span class='ocrx_word' id='word_1_74' title='bbox 854 1219 912 1262; x_wconf 90' lang='lat' dir='ltr'><strong>ut</strong></span> <span class='ocrx_word' id='word_1_75' title='bbox 945 1208 1010 1260; x_wconf 92' lang='lat' dir='ltr'><strong>ad</strong></span> <span class='ocrx_word' id='word_1_76' title='bbox 1043 1219 1092 1260; x_wconf 91' lang='lat' dir='ltr'><strong>te</strong></span> <span class='ocrx_word' id='word_1_77' title='bbox 1132 1205 1474 1275; x_wconf 86' lang='lat' dir='ltr'><strong>proﬁciscar,</strong></span> <span class='ocrx_word' id='word_1_78' title='bbox 1505 1205 1591 1257; x_wconf 91' lang='lat' dir='ltr'><strong>hie</strong></span> <span class='ocrx_word' id='word_1_79' title='bbox 1634 1217 1855 1256; x_wconf 86' lang='lat' dir='ltr'><strong>necesse</strong></span> <span class='ocrx_word' id='word_1_80' title='bbox 1904 1201 2080 1255; x_wconf 89' lang='lat' dir='ltr'><strong>habeo</strong></span> 
     </span>
    </p>
   </div>
   <div class='ocr_carea' id='block_1_14' title="bbox 511 1292 2082 1369">
    <p class='ocr_par' dir='ltr' id='par_1_14' title="bbox 511 1292 2082 1369">
     <span class='ocr_line' id='line_1_14' title="bbox 511 1292 2082 1369; baseline -0.006 -13"><span class='ocrx_word' id='word_1_81' title='bbox 511 1305 692 1357; x_wconf 87' lang='lat' dir='ltr'><strong>omnia</strong></span> <span class='ocrx_word' id='word_1_82' title='bbox 731 1300 952 1369; x_wconf 85' lang='lat' dir='ltr'><strong>implere</strong></span> <span class='ocrx_word' id='word_1_83' title='bbox 984 1307 1202 1367; x_wconf 77' lang='lat' dir='ltr'><strong>propter</strong></span> <span class='ocrx_word' id='word_1_84' title='bbox 1231 1312 1350 1367; x_wconf 69' lang='lat' dir='ltr'><strong>quae</strong></span> <span class='ocrx_word' id='word_1_85' title='bbox 1375 1312 1492 1349; x_wconf 89' lang='lat' dir='ltr'><strong>sum</strong></span> <span class='ocrx_word' id='word_1_86' title='bbox 1531 1295 1749 1358; x_wconf 90' lang='lat' dir='ltr'><strong>missus,</strong></span> <span class='ocrx_word' id='word_1_87' title='bbox 1789 1292 1962 1359; x_wconf 91' lang='lat' dir='ltr'><strong>iisque</strong></span> <span class='ocrx_word' id='word_1_88' title='bbox 1987 1292 2082 1346; x_wconf 81' lang='lat' dir='ltr'><strong>de-</strong></span> 
     </span>
    </p>
   </div>
   <div class='ocr_carea' id='block_1_15' title="bbox 514 1383 2082 1456">
    <p class='ocr_par' dir='ltr' id='par_1_15' title="bbox 514 1383 2082 1456">
     <span class='ocr_line' id='line_1_15' title="bbox 514 1383 2082 1456; baseline -0.008 -8"><span class='ocrx_word' id='word_1_89' title='bbox 514 1409 658 1448; x_wconf 91' lang='lat' dir='ltr'><strong>inuin</strong></span> <span class='ocrx_word' id='word_1_90' title='bbox 690 1391 972 1455; x_wconf 76' lang='lat' dir='ltr'><strong>absolutis,</strong></span> <span class='ocrx_word' id='word_1_91' title='bbox 997 1390 1062 1441; x_wconf 90' lang='lat' dir='ltr'><strong>ad</strong></span> <span class='ocrx_word' id='word_1_92' title='bbox 1097 1390 1242 1441; x_wconf 90' lang='lat' dir='ltr'><strong>illum</strong></span> <span class='ocrx_word' id='word_1_93' title='bbox 1275 1387 1364 1456; x_wconf 90' lang='lat' dir='ltr'><strong>qui</strong></span> <span class='ocrx_word' id='word_1_94' title='bbox 1395 1402 1477 1439; x_wconf 91' lang='lat' dir='ltr'><strong>me</strong></span> <span class='ocrx_word' id='word_1_95' title='bbox 1511 1385 1675 1446; x_wconf 87' lang='lat' dir='ltr'><strong>misit,</strong></span> <span class='ocrx_word' id='word_1_96' title='bbox 1717 1384 1931 1437; x_wconf 83' lang='lat' dir='ltr'><strong>reverti.</strong></span> <span class='ocrx_word' id='word_1_97' title='bbox 1969 1383 2082 1437; x_wconf 58' lang='grc' dir='ltr'><strong>(ἕως</strong></span> 
     </span>
    </p>
   </div>
   <div class='ocr_carea' id='block_1_16' title="bbox 513 1474 2086 1551">
    <p class='ocr_par' dir='ltr' id='par_1_16' title="bbox 513 1474 2086 1551">
     <span class='ocr_line' id='line_1_16' title="bbox 513 1474 2086 1551; baseline -0.01 -10"><span class='ocrx_word' id='word_1_98' title='bbox 513 1497 691 1541; x_wconf 90' lang='lat' dir='ltr'><strong>terum</strong></span> <span class='ocrx_word' id='word_1_99' title='bbox 720 1499 843 1537; x_wconf 83' lang='lat' dir='ltr'><strong>Clllll</strong></span> <span class='ocrx_word' id='word_1_100' title='bbox 870 1482 1099 1551; x_wconf 89' lang='lat' dir='ltr'><strong>primum</strong></span> <span class='ocrx_word' id='word_1_101' title='bbox 1142 1480 1208 1532; x_wconf 93' lang='lat' dir='ltr'><strong>ad</strong></span> <span class='ocrx_word' id='word_1_102' title='bbox 1236 1495 1355 1532; x_wconf 89' lang='lat' dir='ltr'><strong>eum</strong></span> <span class='ocrx_word' id='word_1_103' title='bbox 1387 1493 1470 1530; x_wconf 91' lang='lat' dir='ltr'><strong>nie</strong></span> <span class='ocrx_word' id='word_1_104' title='bbox 1505 1490 1784 1543; x_wconf 75' lang='lat' dir='ltr'><strong>recepero,</strong></span> <span class='ocrx_word' id='word_1_105' title='bbox 1814 1490 1878 1529; x_wconf 88' lang='lat' dir='ltr'><strong>ex</strong></span> <span class='ocrx_word' id='word_1_106' title='bbox 1916 1474 2086 1528; x_wconf 78' lang='lat' dir='ltr'><strong>disci--</strong></span> 
     </span>
    </p>
   </div>
   <div class='ocr_carea' id='block_1_17' title="bbox 511 1568 2081 1644">
    <p class='ocr_par' dir='ltr' id='par_1_17' title="bbox 511 1568 2081 1644">
     <span class='ocr_line' id='line_1_17' title="bbox 511 1568 2081 1644; baseline -0.005 -16"><span class='ocrx_word' id='word_1_107' title='bbox 511 1576 657 1644; x_wconf 90' lang='lat' dir='ltr'><strong>pulis</strong></span> <span class='ocrx_word' id='word_1_108' title='bbox 703 1573 836 1626; x_wconf 88' lang='lat' dir='ltr'><strong>meis</strong></span> <span class='ocrx_word' id='word_1_109' title='bbox 873 1573 1105 1638; x_wconf 83' lang='lat' dir='ltr'><strong>aliquem</strong></span> <span class='ocrx_word' id='word_1_110' title='bbox 1141 1571 1208 1623; x_wconf 92' lang='lat' dir='ltr'><strong>ad</strong></span> <span class='ocrx_word' id='word_1_111' title='bbox 1240 1578 1293 1622; x_wconf 85' lang='lat' dir='ltr'><strong>te</strong></span> <span class='ocrx_word' id='word_1_112' title='bbox 1326 1570 1559 1628; x_wconf 86' lang='lat' dir='ltr'><strong>mittam,</strong></span> <span class='ocrx_word' id='word_1_113' title='bbox 1603 1569 1695 1637; x_wconf 83' lang='lat' dir='ltr'><strong>qui</strong></span> <span class='ocrx_word' id='word_1_114' title='bbox 1746 1577 1798 1620; x_wconf 91' lang='lat' dir='ltr'><strong>et</strong></span> <span class='ocrx_word' id='word_1_115' title='bbox 1833 1568 2081 1622; x_wconf 86' lang='lat' dir='ltr'><strong>morbum</strong></span> 
     </span>
    </p>
   </div>
   <div class='ocr_carea' id='block_1_18' title="bbox 515 1658 2083 1728">
    <p class='ocr_par' dir='ltr' id='par_1_18' title="bbox 515 1658 2083 1728">
     <span class='ocr_line' id='line_1_18' title="bbox 515 1658 2083 1728; baseline -0.003 -11"><span class='ocrx_word' id='word_1_116' title='bbox 515 1678 664 1718; x_wconf 92' lang='lat' dir='ltr'><strong>tuum</strong></span> <span class='ocrx_word' id='word_1_117' title='bbox 712 1673 886 1726; x_wconf 89' lang='lat' dir='ltr'><strong>curet,</strong></span> <span class='ocrx_word' id='word_1_118' title='bbox 940 1673 994 1715; x_wconf 88' lang='lat' dir='ltr'><strong>ct</strong></span> <span class='ocrx_word' id='word_1_119' title='bbox 1046 1662 1211 1713; x_wconf 85' lang='lat' dir='ltr'><strong>vitam</strong></span> <span class='ocrx_word' id='word_1_120' title='bbox 1265 1659 1360 1713; x_wconf 92' lang='lat' dir='ltr'><strong>tibi</strong></span> <span class='ocrx_word' id='word_1_121' title='bbox 1417 1663 1628 1727; x_wconf 86' lang='lat' dir='ltr'><strong>tuisque</strong></span> <span class='ocrx_word' id='word_1_122' title='bbox 1661 1658 1914 1712; x_wconf 91' lang='lat' dir='ltr'><strong>omnibus</strong></span> <span class='ocrx_word' id='word_1_123' title='bbox 1942 1674 2083 1728; x_wconf 71' lang='lat' dir='ltr'><strong>prae-</strong></span> 
     </span>
    </p>
   </div>
   <div class='ocr_carea' id='block_1_19' title="bbox 513 1767 700 1812">
    <p class='ocr_par' dir='ltr' id='par_1_19' title="bbox 513 1767 700 1812">
     <span class='ocr_line' id='line_1_19' title="bbox 513 1767 700 1812; baseline -0.037 0"><span class='ocrx_word' id='word_1_124' title='bbox 513 1767 640 1812; x_wconf 91' lang='lat' dir='ltr'><strong>stet.</strong></span> <span class='ocrx_word' id='word_1_125' title='bbox 683 1776 700 1805; x_wconf 75' lang='grc' dir='ltr'><strong>ο</strong></span> 
     </span>
    </p>
   </div>
   <div class='ocr_carea' id='block_1_20' title="bbox 587 1843 2083 1917">
    <p class='ocr_par' dir='ltr' id='par_1_20' title="bbox 587 1843 2083 1917">
     <span class='ocr_line' id='line_1_20' title="bbox 587 1843 2083 1917; baseline -0.003 -15"><span class='ocrx_word' id='word_1_126' title='bbox 587 1850 683 1902; x_wconf 88' lang='lat' dir='ltr'><strong>His</strong></span> <span class='ocrx_word' id='word_1_127' title='bbox 709 1848 950 1917; x_wconf 80' lang='lat' dir='ltr'><strong>epistolis</strong></span> <span class='ocrx_word' id='word_1_128' title='bbox 1018 1848 1132 1910; x_wconf 76' lang='lat' dir='ltr'><strong>hinc</strong></span> <span class='ocrx_word' id='word_1_129' title='bbox 1191 1845 1353 1899; x_wconf 87' lang='lat' dir='ltr'><strong>etiam</strong></span> <span class='ocrx_word' id='word_1_130' title='bbox 1385 1843 1611 1916; x_wconf 84' lang='lat' dir='ltr'><strong>Syriaco</strong></span> <span class='ocrx_word' id='word_1_131' title='bbox 1637 1858 1889 1898; x_wconf 83' lang='lat' dir='ltr'><strong>sermone</strong></span> <span class='ocrx_word' id='word_1_132' title='bbox 1928 1852 2083 1898; x_wconf 88' lang='lat' dir='ltr'><strong>erant</strong></span> 
     </span>
    </p>
   </div>
   <div class='ocr_carea' id='block_1_21' title="bbox 512 1933 2082 2008">
    <p class='ocr_par' dir='ltr' id='par_1_21' title="bbox 512 1933 2082 2008">
     <span class='ocr_line' id='line_1_21' title="bbox 512 1933 2082 2008; baseline -0.004 -14"><span class='ocrx_word' id='word_1_133' title='bbox 512 1940 880 2008; x_wconf 77' lang='lat' dir='ltr'><strong>adjunctaz—</strong></span> <span class='ocrx_word' id='word_1_134' title='bbox 914 1938 1042 1992; x_wconf 86' lang='lat' dir='ltr'><strong>Post</strong></span> <span class='ocrx_word' id='word_1_135' title='bbox 1084 1953 1366 1991; x_wconf 82' lang='lat' dir='ltr'><strong>ascensum</strong></span> <span class='ocrx_word' id='word_1_136' title='bbox 1395 1935 1518 1989; x_wconf 85' lang='lat' dir='ltr'><strong>Jesu</strong></span> <span class='ocrx_word' id='word_1_137' title='bbox 1550 1934 1771 2001; x_wconf 83' lang='lat' dir='ltr'><strong>Christi,</strong></span> <span class='ocrx_word' id='word_1_138' title='bbox 1798 1933 1964 1990; x_wconf 74' lang='lat' dir='ltr'><strong>ludas</strong></span> <span class='ocrx_word' id='word_1_139' title='bbox 1990 1935 2082 2004; x_wconf 92' lang='lat' dir='ltr'><strong>qui</strong></span> 
     </span>
    </p>
   </div>
   <div class='ocr_carea' id='block_1_22' title="bbox 511 2027 2081 2096">
    <p class='ocr_par' dir='ltr' id='par_1_22' title="bbox 511 2027 2081 2096">
     <span class='ocr_line' id='line_1_22' title="bbox 511 2027 2081 2096; baseline -0.004 -9"><span class='ocrx_word' id='word_1_140' title='bbox 511 2035 676 2088; x_wconf 87' lang='lat' dir='ltr'><strong>etiam</strong></span> <span class='ocrx_word' id='word_1_141' title='bbox 705 2031 946 2086; x_wconf 82' lang='lat' dir='ltr'><strong>Thomas</strong></span> <span class='ocrx_word' id='word_1_142' title='bbox 986 2032 1163 2084; x_wconf 91' lang='lat' dir='ltr'><strong>dictus</strong></span> <span class='ocrx_word' id='word_1_143' title='bbox 1203 2039 1310 2094; x_wconf 79' lang='lat' dir='ltr'><strong>est,</strong></span> <span class='ocrx_word' id='word_1_144' title='bbox 1367 2028 1704 2082; x_wconf 65' lang='lat' dir='ltr'><strong>Thaddaaum</strong></span> <span class='ocrx_word' id='word_1_145' title='bbox 1755 2027 2081 2096; x_wconf 89' lang='lat' dir='ltr'><strong>apostolum,</strong></span> 
     </span>
    </p>
   </div>
   <div class='ocr_carea' id='block_1_23' title="bbox 512 2120 2080 2194">
    <p class='ocr_par' dir='ltr' id='par_1_23' title="bbox 512 2120 2080 2194">
     <span class='ocr_line' id='line_1_23' title="bbox 512 2120 2080 2194; baseline -0.005 -14"><span class='ocrx_word' id='word_1_146' title='bbox 512 2143 677 2180; x_wconf 90' lang='lat' dir='ltr'><strong>unum</strong></span> <span class='ocrx_word' id='word_1_147' title='bbox 723 2141 754 2180; x_wconf 88' lang='lat' dir='ltr'><strong>e</strong></span> <span class='ocrx_word' id='word_1_148' title='bbox 799 2125 1168 2194; x_wconf 80' lang='lat' dir='ltr'><strong>septuaginta,</strong></span> <span class='ocrx_word' id='word_1_149' title='bbox 1196 2123 1261 2175; x_wconf 88' lang='lat' dir='ltr'><strong>ad</strong></span> <span class='ocrx_word' id='word_1_150' title='bbox 1302 2123 1580 2191; x_wconf 79' lang='lat' dir='ltr'><strong>Agbarum</strong></span> <span class='ocrx_word' id='word_1_151' title='bbox 1620 2121 1788 2175; x_wconf 89' lang='lat' dir='ltr'><strong>misit.</strong></span> <span class='ocrx_word' id='word_1_152' title='bbox 1827 2120 1926 2186; x_wconf 80' lang='lat' dir='ltr'><strong>Qui</strong></span> <span class='ocrx_word' id='word_1_153' title='bbox 1958 2136 2080 2174; x_wconf 91' lang='lat' dir='ltr'><strong>cum</strong></span> 
     </span>
    </p>
   </div>
   <div class='ocr_carea' id='block_1_24' title="bbox 511 2211 2082 2282">
    <p class='ocr_par' dir='ltr' id='par_1_24' title="bbox 511 2211 2082 2282">
     <span class='ocr_line' id='line_1_24' title="bbox 511 2211 2082 2282; baseline -0.006 -10"><span class='ocrx_word' id='word_1_154' title='bbox 511 2217 640 2272; x_wconf 88' lang='lat' dir='ltr'><strong>illnc</strong></span> <span class='ocrx_word' id='word_1_155' title='bbox 666 2215 997 2275; x_wconf 79' lang='lat' dir='ltr'><strong>advenisset,</strong></span> <span class='ocrx_word' id='word_1_156' title='bbox 1035 2216 1177 2282; x_wconf 88' lang='lat' dir='ltr'><strong>apud</strong></span> <span class='ocrx_word' id='word_1_157' title='bbox 1208 2212 1435 2267; x_wconf 81' lang='lat' dir='ltr'><strong>Tobiam</strong></span> <span class='ocrx_word' id='word_1_158' title='bbox 1467 2211 1652 2266; x_wconf 71' lang='lat' dir='ltr'><strong>Tobiae</strong></span> <span class='ocrx_word' id='word_1_159' title='bbox 1696 2211 1866 2264; x_wconf 89' lang='lat' dir='ltr'><strong>lilium</strong></span> <span class='ocrx_word' id='word_1_160' title='bbox 1897 2211 2082 2264; x_wconf 84' lang='lat' dir='ltr'><strong>diver—</strong></span> 
     </span>
    </p>
   </div>
   <div class='ocr_carea' id='block_1_25' title="bbox 512 2301 2082 2376">
    <p class='ocr_par' dir='ltr' id='par_1_25' title="bbox 512 2301 2082 2376">
     <span class='ocr_line' id='line_1_25' title="bbox 512 2301 2082 2376; baseline -0.005 -14"><span class='ocrx_word' id='word_1_161' title='bbox 512 2309 602 2362; x_wconf 92' lang='lat' dir='ltr'><strong>tit.</strong></span> <span class='ocrx_word' id='word_1_162' title='bbox 636 2307 926 2376; x_wconf 83' lang='lat' dir='ltr'><strong>Postquam</strong></span> <span class='ocrx_word' id='word_1_163' title='bbox 958 2321 1085 2360; x_wconf 83' lang='lat' dir='ltr'><strong>vero</strong></span> <span class='ocrx_word' id='word_1_164' title='bbox 1117 2304 1258 2358; x_wconf 79' lang='lat' dir='ltr'><strong>fama</strong></span> <span class='ocrx_word' id='word_1_165' title='bbox 1292 2306 1357 2358; x_wconf 91' lang='lat' dir='ltr'><strong>de</strong></span> <span class='ocrx_word' id='word_1_166' title='bbox 1390 2304 1507 2372; x_wconf 82' lang='lat' dir='ltr'><strong>ejus</strong></span> <span class='ocrx_word' id='word_1_167' title='bbox 1537 2305 1768 2356; x_wconf 79' lang='lat' dir='ltr'><strong>adventu</strong></span> <span class='ocrx_word' id='word_1_168' title='bbox 1804 2312 1857 2357; x_wconf 89' lang='lat' dir='ltr'><strong>et</strong></span> <span class='ocrx_word' id='word_1_169' title='bbox 1887 2303 1954 2356; x_wconf 86' lang='lat' dir='ltr'><strong>de</strong></span> <span class='ocrx_word' id='word_1_170' title='bbox 1981 2301 2082 2355; x_wconf 88' lang='lat' dir='ltr'><strong>ini-</strong></span> 
     </span>
    </p>
   </div>
   <div class='ocr_carea' id='block_1_26' title="bbox 512 2396 2074 2469">
    <p class='ocr_par' dir='ltr' id='par_1_26' title="bbox 512 2396 2074 2469">
     <span class='ocr_line' id='line_1_26' title="bbox 512 2396 2074 2469; baseline -0.001 -16"><span class='ocrx_word' id='word_1_171' title='bbox 512 2401 712 2454; x_wconf 88' lang='lat' dir='ltr'><strong>raculis</strong></span> <span class='ocrx_word' id='word_1_172' title='bbox 740 2416 860 2469; x_wconf 65' lang='lat' dir='ltr'><strong>quae</strong></span> <span class='ocrx_word' id='word_1_173' title='bbox 896 2402 963 2454; x_wconf 88' lang='lat' dir='ltr'><strong>ab</strong></span> <span class='ocrx_word' id='word_1_174' title='bbox 1000 2401 1115 2468; x_wconf 91' lang='lat' dir='ltr'><strong>ipso</strong></span> <span class='ocrx_word' id='word_1_175' title='bbox 1147 2399 1450 2454; x_wconf 90' lang='lat' dir='ltr'><strong>edebantur</strong></span> <span class='ocrx_word' id='word_1_176' title='bbox 1504 2396 1909 2451; x_wconf 87' lang='lat' dir='ltr'><strong>increbrescere</strong></span> <span class='ocrx_word' id='word_1_177' title='bbox 1957 2410 2074 2451; x_wconf 81' lang='lat' dir='ltr'><strong>coe-</strong></span> 
     </span>
    </p>
   </div>
   <div class='ocr_carea' id='block_1_27' title="bbox 509 2487 2077 2560">
    <p class='ocr_par' dir='ltr' id='par_1_27' title="bbox 509 2487 2077 2560">
     <span class='ocr_line' id='line_1_27' title="bbox 509 2487 2077 2560; baseline -0.001 -16"><span class='ocrx_word' id='word_1_178' title='bbox 509 2490 608 2559; x_wconf 87' lang='lat' dir='ltr'><strong>pit,</strong></span> <span class='ocrx_word' id='word_1_179' title='bbox 642 2493 945 2544; x_wconf 89' lang='lat' dir='ltr'><strong>nuntiatum</strong></span> <span class='ocrx_word' id='word_1_180' title='bbox 979 2502 1064 2545; x_wconf 87' lang='lat' dir='ltr'><strong>est</strong></span> <span class='ocrx_word' id='word_1_181' title='bbox 1091 2493 1306 2560; x_wconf 77' lang='lat' dir='ltr'><strong>Agbaro</strong></span> <span class='ocrx_word' id='word_1_182' title='bbox 1338 2490 1627 2543; x_wconf 86' lang='lat' dir='ltr'><strong>advenisse</strong></span> <span class='ocrx_word' id='word_1_183' title='bbox 1679 2487 1808 2542; x_wconf 91' lang='lat' dir='ltr'><strong>illuc</strong></span> <span class='ocrx_word' id='word_1_184' title='bbox 1857 2498 2077 2558; x_wconf 84' lang='lat' dir='ltr'><strong>aposto-</strong></span> 
     </span>
    </p>
   </div>
   <div class='ocr_carea' id='block_1_28' title="bbox 509 2579 2076 2650">
    <p class='ocr_par' dir='ltr' id='par_1_28' title="bbox 509 2579 2076 2650">
     <span class='ocr_line' id='line_1_28' title="bbox 509 2579 2076 2650; baseline -0.002 -15"><span class='ocrx_word' id='word_1_185' title='bbox 509 2581 619 2635; x_wconf 90' lang='lat' dir='ltr'><strong>lum</strong></span> <span class='ocrx_word' id='word_1_186' title='bbox 646 2581 798 2646; x_wconf 86' lang='lat' dir='ltr'><strong>Jesu,</strong></span> <span class='ocrx_word' id='word_1_187' title='bbox 829 2583 972 2635; x_wconf 88' lang='lat' dir='ltr'><strong>sicut</strong></span> <span class='ocrx_word' id='word_1_188' title='bbox 1005 2597 1101 2650; x_wconf 87' lang='lat' dir='ltr'><strong>per</strong></span> <span class='ocrx_word' id='word_1_189' title='bbox 1136 2581 1344 2635; x_wconf 87' lang='lat' dir='ltr'><strong>litteras</strong></span> <span class='ocrx_word' id='word_1_190' title='bbox 1371 2581 1716 2649; x_wconf 88' lang='lat' dir='ltr'><strong>promiserat.</strong></span> <span class='ocrx_word' id='word_1_191' title='bbox 1768 2579 1948 2647; x_wconf 65' lang='lat' dir='ltr'><strong>Coepit</strong></span> <span class='ocrx_word' id='word_1_192' title='bbox 1977 2581 2076 2648; x_wconf 78' lang='lat' dir='ltr'><strong>igi-</strong></span> 
     </span>
    </p>
   </div>
   <div class='ocr_carea' id='block_1_29' title="bbox 509 2670 2074 2743">
    <p class='ocr_par' dir='ltr' id='par_1_29' title="bbox 509 2670 2074 2743">
     <span class='ocr_line' id='line_1_29' title="bbox 509 2670 2074 2743; baseline -0.001 -17"><span class='ocrx_word' id='word_1_193' title='bbox 509 2683 601 2726; x_wconf 90' lang='lat' dir='ltr'><strong>tur</strong></span> <span class='ocrx_word' id='word_1_194' title='bbox 635 2670 939 2727; x_wconf 68' lang='lat' dir='ltr'><strong>Thaddieus</strong></span> <span class='ocrx_word' id='word_1_195' title='bbox 993 2673 1211 2726; x_wconf 88' lang='lat' dir='ltr'><strong>morbos</strong></span> <span class='ocrx_word' id='word_1_196' title='bbox 1256 2673 1528 2741; x_wconf 87' lang='lat' dir='ltr'><strong>quoslibet</strong></span> <span class='ocrx_word' id='word_1_197' title='bbox 1570 2683 1635 2743; x_wconf 15' lang='lat' dir='ltr'><strong>et.</strong></span> <span class='ocrx_word' id='word_1_198' title='bbox 1670 2671 1957 2740; x_wconf 72' lang='lat' dir='ltr'><strong>languores</strong></span> <span class='ocrx_word' id='word_1_199' title='bbox 1989 2673 2074 2724; x_wconf 85' lang='lat' dir='ltr'><strong>di-</strong></span> 
     </span>
    </p>
   </div>
   <div class='ocr_carea' id='block_1_30' title="bbox 507 2763 2075 2829">
    <p class='ocr_par' dir='ltr' id='par_1_30' title="bbox 507 2763 2075 2829">
     <span class='ocr_line' id='line_1_30' title="bbox 507 2763 2075 2829; baseline 0.001 -12"><span class='ocrx_word' id='word_1_200' title='bbox 507 2765 632 2818; x_wconf 79' lang='lat' dir='ltr'><strong>vina</strong></span> <span class='ocrx_word' id='word_1_201' title='bbox 661 2765 861 2820; x_wconf 84' lang='lat' dir='ltr'><strong>virtute</strong></span> <span class='ocrx_word' id='word_1_202' title='bbox 881 2780 1096 2829; x_wconf 88' lang='lat' dir='ltr'><strong>sanare,</strong></span> <span class='ocrx_word' id='word_1_203' title='bbox 1128 2765 1260 2819; x_wconf 86' lang='lat' dir='ltr'><strong>adeo</strong></span> <span class='ocrx_word' id='word_1_204' title='bbox 1294 2773 1352 2818; x_wconf 92' lang='lat' dir='ltr'><strong>ut</strong></span> <span class='ocrx_word' id='word_1_205' title='bbox 1381 2764 1562 2819; x_wconf 93' lang='lat' dir='ltr'><strong>cuncti</strong></span> <span class='ocrx_word' id='word_1_206' title='bbox 1595 2763 1957 2819; x_wconf 87' lang='lat' dir='ltr'><strong>admiratione</strong></span> <span class='ocrx_word' id='word_1_207' title='bbox 1981 2780 2075 2818; x_wconf 85' lang='lat' dir='ltr'><strong>ca-</strong></span> 
     </span>
    </p>
   </div>
   <div class='ocr_carea' id='block_1_31' title="bbox 581 2942 2087 3015">
    <p class='ocr_par' dir='ltr' id='par_1_31' title="bbox 581 2942 2087 3015">
     <span class='ocr_line' id='line_1_31' title="bbox 581 2942 2087 3015; baseline -0.001 -17"><span class='ocrx_word' id='word_1_208' title='bbox 581 2942 692 3015; x_wconf 76' lang='grc'>(64)</span> <span class='ocrx_word' id='word_1_209' title='bbox 721 2944 1054 3013; x_wconf 61' lang='grc' dir='ltr'>Γέγραπται</span> <span class='ocrx_word' id='word_1_210' title='bbox 1076 2943 1186 3013; x_wconf 83' lang='grc' dir='ltr'><strong>γὰρ</strong></span> <span class='ocrx_word' id='word_1_211' title='bbox 1210 2944 1343 3011; x_wconf 76' lang='grc' dir='ltr'>περὶ</span> <span class='ocrx_word' id='word_1_212' title='bbox 1364 2944 1529 3013; x_wconf 84' lang='grc' dir='ltr'><strong>ἐμοῦ.</strong></span> <span class='ocrx_word' id='word_1_213' title='bbox 1553 2943 1782 3000; x_wconf 88' lang='lat' dir='ltr'><strong>Ubinam</strong></span> <span class='ocrx_word' id='word_1_214' title='bbox 1818 2946 1930 3000; x_wconf 71' lang='lat' dir='ltr'><strong>hinc</strong></span> <span class='ocrx_word' id='word_1_215' title='bbox 1954 2946 2087 2998; x_wconf 85' lang='lat' dir='ltr'><strong>scri-</strong></span> 
     </span>
    </p>
   </div>
   <div class='ocr_carea' id='block_1_32' title="bbox 511 3015 2087 3084">
    <p class='ocr_par' dir='ltr' id='par_1_32' title="bbox 511 3015 2087 3084">
     <span class='ocr_line' id='line_1_32' title="bbox 511 3015 2087 3084; baseline 0 -14"><span class='ocrx_word' id='word_1_216' title='bbox 511 3026 600 3084; x_wconf 80' lang='lat' dir='ltr'><strong>pta</strong></span> <span class='ocrx_word' id='word_1_217' title='bbox 636 3017 768 3074; x_wconf 87' lang='lat' dir='ltr'><strong>sint.</strong></span> <span class='ocrx_word' id='word_1_218' title='bbox 803 3019 851 3067; x_wconf 91' lang='lat' dir='ltr'><strong>in</strong></span> <span class='ocrx_word' id='word_1_219' title='bbox 890 3030 998 3082; x_wconf 92' lang='lat' dir='ltr'><strong>quo</strong></span> <span class='ocrx_word' id='word_1_220' title='bbox 1035 3015 1246 3069; x_wconf 81' lang='lat' dir='ltr'><strong>Veteris</strong></span> <span class='ocrx_word' id='word_1_221' title='bbox 1302 3015 1648 3068; x_wconf 86' lang='lat' dir='ltr'><strong>liistriiiuenti</strong></span> <span class='ocrx_word' id='word_1_222' title='bbox 1707 3015 1845 3077; x_wconf 85' lang='lat' dir='ltr'><strong>loco,</strong></span> <span class='ocrx_word' id='word_1_223' title='bbox 1909 3017 2087 3070; x_wconf 86' lang='lat' dir='ltr'><strong>adhuc</strong></span> 
     </span>
    </p>
   </div>
   <div class='ocr_carea' id='block_1_33' title="bbox 512 3084 2086 3154">
    <p class='ocr_par' dir='ltr' id='par_1_33' title="bbox 512 3084 2086 3154">
     <span class='ocr_line' id='line_1_33' title="bbox 512 3084 2086 3154; baseline -0.001 -16"><span class='ocrx_word' id='word_1_224' title='bbox 512 3101 714 3153; x_wconf 69' lang='lat' dir='ltr'><strong>qumro.</strong></span> <span class='ocrx_word' id='word_1_225' title='bbox 765 3086 817 3138; x_wconf 87' lang='lat' dir='ltr'><strong>In</strong></span> <span class='ocrx_word' id='word_1_226' title='bbox 869 3084 1096 3138; x_wconf 76' lang='lat' dir='ltr'><strong>Joannis</strong></span> <span class='ocrx_word' id='word_1_227' title='bbox 1125 3087 1338 3151; x_wconf 86' lang='lat' dir='ltr'><strong>quidem</strong></span> <span class='ocrx_word' id='word_1_228' title='bbox 1374 3085 1664 3154; x_wconf 81' lang='lat' dir='ltr'><strong>EVangelio</strong></span> <span class='ocrx_word' id='word_1_229' title='bbox 1698 3088 1956 3153; x_wconf 87' lang='lat' dir='ltr'><strong>scriptum</strong></span> <span class='ocrx_word' id='word_1_230' title='bbox 1990 3087 2086 3138; x_wconf 89' lang='lat' dir='ltr'><strong>ha-</strong></span> 
     </span>
    </p>
   </div>
   <div class='ocr_carea' id='block_1_34' title="bbox 510 3155 2086 3222">
    <p class='ocr_par' dir='ltr' id='par_1_34' title="bbox 510 3155 2086 3222">
     <span class='ocr_line' id='line_1_34' title="bbox 510 3155 2086 3222; baseline -0.001 -14"><span class='ocrx_word' id='word_1_231' title='bbox 510 3155 688 3215; x_wconf 84' lang='lat' dir='ltr'><strong>betur,</strong></span> <span class='ocrx_word' id='word_1_232' title='bbox 728 3156 1007 3207; x_wconf 86' lang='lat' dir='ltr'><strong>Dominum</strong></span> <span class='ocrx_word' id='word_1_233' title='bbox 1061 3166 1302 3207; x_wconf 87' lang='lat' dir='ltr'><strong>nostrum</strong></span> <span class='ocrx_word' id='word_1_234' title='bbox 1358 3167 1472 3222; x_wconf 89' lang='lat' dir='ltr'><strong>post</strong></span> <span class='ocrx_word' id='word_1_235' title='bbox 1523 3157 1971 3209; x_wconf 76' lang='lat' dir='ltr'><strong>resurrectionem</strong></span> <span class='ocrx_word' id='word_1_236' title='bbox 2005 3157 2086 3206; x_wconf 88' lang='lat' dir='ltr'><strong>di-</strong></span> 
     </span>
    </p>
   </div>
   <div class='ocr_carea' id='block_1_35' title="bbox 509 3225 2086 3294">
    <p class='ocr_par' dir='ltr' id='par_1_35' title="bbox 509 3225 2086 3294">
     <span class='ocr_line' id='line_1_35' title="bbox 509 3225 2086 3294; baseline -0.002 -15"><span class='ocrx_word' id='word_1_237' title='bbox 509 3227 660 3279; x_wconf 77' lang='lat' dir='ltr'><strong>xisse</strong></span> <span class='ocrx_word' id='word_1_238' title='bbox 689 3225 909 3278; x_wconf 73' lang='lat' dir='ltr'><strong>&#39;l‘hoinie</strong></span> <span class='ocrx_word' id='word_1_239' title='bbox 942 3242 954 3277; x_wconf 90' lang='lat'><strong>:</strong></span> <span class='ocrx_word' id='word_1_240' title='bbox 985 3227 1138 3278; x_wconf 85' lang='lat' dir='ltr'><strong>Beati</strong></span> <span class='ocrx_word' id='word_1_241' title='bbox 1175 3226 1265 3294; x_wconf 81' lang='lat' dir='ltr'><strong>qui</strong></span> <span class='ocrx_word' id='word_1_242' title='bbox 1316 3242 1417 3278; x_wconf 83' lang='lat' dir='ltr'><strong>non</strong></span> <span class='ocrx_word' id='word_1_243' title='bbox 1468 3227 1711 3294; x_wconf 79' lang='lat' dir='ltr'><strong>viderunt</strong></span> <span class='ocrx_word' id='word_1_244' title='bbox 1756 3232 1807 3278; x_wconf 82' lang='lat' dir='ltr'><strong>et</strong></span> <span class='ocrx_word' id='word_1_245' title='bbox 1850 3226 2086 3278; x_wconf 61' lang='lat' dir='ltr'><strong>credide.</strong></span> 
     </span>
    </p>
   </div>
   <div class='ocr_carea' id='block_1_36' title="bbox 510 3293 2083 3363">
    <p class='ocr_par' dir='ltr' id='par_1_36' title="bbox 510 3293 2083 3363">
     <span class='ocr_line' id='line_1_36' title="bbox 510 3293 2083 3363; baseline -0.002 -15"><span class='ocrx_word' id='word_1_246' title='bbox 510 3306 657 3348; x_wconf 81' lang='lat' dir='ltr'><strong>ruat.</strong></span> <span class='ocrx_word' id='word_1_247' title='bbox 691 3295 798 3348; x_wconf 85' lang='lat' dir='ltr'><strong>Sed</strong></span> <span class='ocrx_word' id='word_1_248' title='bbox 840 3298 952 3349; x_wconf 70' lang='lat' dir='ltr'><strong>hinc</strong></span> <span class='ocrx_word' id='word_1_249' title='bbox 985 3297 1209 3363; x_wconf 83' lang='lat' dir='ltr'><strong>epistola</strong></span> <span class='ocrx_word' id='word_1_250' title='bbox 1243 3296 1440 3350; x_wconf 75' lang='lat' dir='ltr'><strong>Christi</strong></span> <span class='ocrx_word' id='word_1_251' title='bbox 1477 3298 1542 3348; x_wconf 87' lang='lat' dir='ltr'><strong>ad</strong></span> <span class='ocrx_word' id='word_1_252' title='bbox 1574 3293 1848 3361; x_wconf 79' lang='lat' dir='ltr'><strong>Agbarum</strong></span> <span class='ocrx_word' id='word_1_253' title='bbox 1880 3311 2083 3363; x_wconf 73' lang='lat' dir='ltr'><strong>regem,</strong></span> 
     </span>
    </p>
   </div>
   <div class='ocr_carea' id='block_1_37' title="bbox 510 3365 2085 3435">
    <p class='ocr_par' dir='ltr' id='par_1_37' title="bbox 510 3365 2085 3435">
     <span class='ocr_line' id='line_1_37' title="bbox 510 3365 2085 3435; baseline 0.003 -21"><span class='ocrx_word' id='word_1_254' title='bbox 583 3367 815 3435; x_wconf 71' lang='lat' dir='ltr'><strong>quidem</strong></span> <span class='ocrx_word' id='word_1_255' title='bbox 847 3380 973 3417; x_wconf 69' lang='lat' dir='ltr'><strong>vera</strong></span> <span class='ocrx_word' id='word_1_256' title='bbox 1029 3375 1132 3429; x_wconf 76' lang='lat' dir='ltr'><strong>est,</strong></span> <span class='ocrx_word' id='word_1_257' title='bbox 1178 3367 1613 3435; x_wconf 79' lang='lat' dir='ltr'><strong>ohjiirgationem</strong></span> <span class='ocrx_word' id='word_1_258' title='bbox 1661 3365 1804 3417; x_wconf 82' lang='lat' dir='ltr'><strong>illam</strong></span> <span class='ocrx_word' id='word_1_259' title='bbox 1855 3366 2085 3432; x_wconf 82' lang='lat' dir='ltr'><strong>apostoli</strong></span> 
     </span>
    </p>
   </div>
   <div class='ocr_carea' id='block_1_38' title="bbox 509 3433 2084 3502">
    <p class='ocr_par' dir='ltr' id='par_1_38' title="bbox 509 3433 2084 3502">
     <span class='ocr_line' id='line_1_38' title="bbox 509 3433 2084 3502; baseline 0.001 -13"><span class='ocrx_word' id='word_1_260' title='bbox 509 3434 732 3489; x_wconf 60' lang='lat' dir='ltr'><strong>Thomas</strong></span> <span class='ocrx_word' id='word_1_261' title='bbox 771 3433 975 3502; x_wconf 86' lang='lat' dir='ltr'><strong>aliquot</strong></span> <span class='ocrx_word' id='word_1_262' title='bbox 1005 3437 1162 3490; x_wconf 89' lang='lat' dir='ltr'><strong>annis</strong></span> <span class='ocrx_word' id='word_1_263' title='bbox 1200 3433 1515 3490; x_wconf 70' lang='lat' dir='ltr'><strong>antecessit.</strong></span> <span class='ocrx_word' id='word_1_264' title='bbox 1575 3434 1628 3488; x_wconf 90' lang='lat' dir='ltr'><strong>In</strong></span> <span class='ocrx_word' id='word_1_265' title='bbox 1689 3450 1809 3501; x_wconf 87' lang='lat' dir='ltr'><strong>cap.</strong></span> <span class='ocrx_word' id='word_1_266' title='bbox 1845 3450 1898 3488; x_wconf 79' lang='grc' dir='ltr'><strong>νι</strong></span> <span class='ocrx_word' id='word_1_267' title='bbox 1935 3437 2084 3490; x_wconf 80' lang='lat' dir='ltr'><strong>Isaia:</strong></span> 
     </span>
    </p>
   </div>
   <div class='ocr_carea' id='block_1_39' title="bbox 511 3505 2083 3575">
    <p class='ocr_par' dir='ltr' id='par_1_39' title="bbox 511 3505 2083 3575">
     <span class='ocr_line' id='line_1_39' title="bbox 511 3505 2083 3575; baseline 0.001 -16"><span class='ocrx_word' id='word_1_268' title='bbox 511 3506 664 3559; x_wconf 79' lang='lat' dir='ltr'><strong>locus</strong></span> <span class='ocrx_word' id='word_1_269' title='bbox 698 3517 778 3558; x_wconf 86' lang='lat' dir='ltr'><strong>est</strong></span> <span class='ocrx_word' id='word_1_270' title='bbox 816 3508 938 3558; x_wconf 91' lang='lat' dir='ltr'><strong>huic</strong></span> <span class='ocrx_word' id='word_1_271' title='bbox 969 3505 1127 3572; x_wconf 86' lang='lat' dir='ltr'><strong>plane</strong></span> <span class='ocrx_word' id='word_1_272' title='bbox 1167 3507 1386 3568; x_wconf 83' lang='lat' dir='ltr'><strong>similis,</strong></span> <span class='ocrx_word' id='word_1_273' title='bbox 1416 3507 1481 3559; x_wconf 90' lang='lat' dir='ltr'><strong>ad</strong></span> <span class='ocrx_word' id='word_1_274' title='bbox 1515 3520 1674 3575; x_wconf 89' lang='lat' dir='ltr'><strong>quem</strong></span> <span class='ocrx_word' id='word_1_275' title='bbox 1717 3505 1970 3560; x_wconf 90' lang='lat' dir='ltr'><strong>allusisse</strong></span> <span class='ocrx_word' id='word_1_276' title='bbox 2000 3508 2083 3560; x_wconf 87' lang='lat' dir='ltr'><strong>vi-</strong></span> 
     </span>
    </p>
   </div>
   <div class='ocr_carea' id='block_1_40' title="bbox 513 3576 1381 3643">
    <p class='ocr_par' dir='ltr' id='par_1_40' title="bbox 513 3576 1381 3643">
     <span class='ocr_line' id='line_1_40' title="bbox 513 3576 1381 3643; baseline -0.002 -13"><span class='ocrx_word' id='word_1_277' title='bbox 513 3577 672 3630; x_wconf 80' lang='lat' dir='ltr'><strong>detur</strong></span> <span class='ocrx_word' id='word_1_278' title='bbox 706 3587 897 3626; x_wconf 69' lang='lat' dir='ltr'><strong>auctor</strong></span> <span class='ocrx_word' id='word_1_279' title='bbox 933 3576 1092 3642; x_wconf 85' lang='lat' dir='ltr'><strong>hujus</strong></span> <span class='ocrx_word' id='word_1_280' title='bbox 1119 3576 1381 3643; x_wconf 58' lang='lat' dir='ltr'><strong>epistolaa.</strong></span> 
     </span>
    </p>
   </div>
   <div class='ocr_carea' id='block_1_41' title="bbox 583 3643 2080 3715">
    <p class='ocr_par' dir='ltr' id='par_1_41' title="bbox 583 3643 2080 3715">
     <span class='ocr_line' id='line_1_41' title="bbox 583 3643 2080 3715; baseline 0.001 -17"><span class='ocrx_word' id='word_1_281' title='bbox 583 3644 692 3714; x_wconf 79' lang='grc'>(65)</span> <span class='ocrx_word' id='word_1_282' title='bbox 711 3644 928 3712; x_wconf 82' lang='grc' dir='ltr'>Ἰούδας</span> <span class='ocrx_word' id='word_1_283' title='bbox 961 3648 992 3698; x_wconf 89' lang='lat' dir='ltr'><strong>o&#39;</strong></span> <span class='ocrx_word' id='word_1_284' title='bbox 1025 3645 1124 3698; x_wconf 74' lang='grc' dir='ltr'>καὶ</span> <span class='ocrx_word' id='word_1_285' title='bbox 1172 3643 1396 3715; x_wconf 79' lang='grc' dir='ltr'><strong>Θωμᾶς.</strong></span> <span class='ocrx_word' id='word_1_286' title='bbox 1427 3645 1664 3700; x_wconf 87' lang='lat' dir='ltr'><strong>Thomas</strong></span> <span class='ocrx_word' id='word_1_287' title='bbox 1717 3645 1958 3712; x_wconf 83' lang='lat' dir='ltr'><strong>quidem,</strong></span> <span class='ocrx_word' id='word_1_288' title='bbox 1991 3647 2080 3715; x_wconf 93' lang='lat' dir='ltr'><strong>qni</strong></span> 
     </span>
    </p>
   </div>
   <div class='ocr_carea' id='block_1_42' title="bbox 511 3714 2078 3785">
    <p class='ocr_par' dir='ltr' id='par_1_42' title="bbox 511 3714 2078 3785">
     <span class='ocr_line' id='line_1_42' title="bbox 511 3714 2078 3785; baseline 0 -17"><span class='ocrx_word' id='word_1_289' title='bbox 511 3714 625 3769; x_wconf 77' lang='lat' dir='ltr'><strong>fuit.</strong></span> <span class='ocrx_word' id='word_1_290' title='bbox 657 3733 793 3768; x_wconf 88' lang='lat' dir='ltr'><strong>unus</strong></span> <span class='ocrx_word' id='word_1_291' title='bbox 837 3733 900 3769; x_wconf 73' lang='lat' dir='ltr'><strong>ex</strong></span> <span class='ocrx_word' id='word_1_292' title='bbox 954 3714 1574 3779; x_wconf 83' lang='lat' dir='ltr'><strong>duodecim,dicebatur</strong></span> <span class='ocrx_word' id='word_1_293' title='bbox 1636 3716 1890 3785; x_wconf 79' lang='lat' dir='ltr'><strong>Didymus</strong></span> <span class='ocrx_word' id='word_1_294' title='bbox 1941 3714 2078 3770; x_wconf 80' lang='lat' dir='ltr'><strong>teste</strong></span> 
     </span>
    </p>
   </div>
   <div class='ocr_carea' id='block_1_43' title="bbox 509 3785 2083 3855">
    <p class='ocr_par' dir='ltr' id='par_1_43' title="bbox 509 3785 2083 3855">
     <span class='ocr_line' id='line_1_43' title="bbox 509 3785 2083 3855; baseline -0.001 -15"><span class='ocrx_word' id='word_1_295' title='bbox 509 3785 1092 3852; x_wconf 74' lang='lat' dir='ltr'><strong>Joanneevangelista.</strong></span> <span class='ocrx_word' id='word_1_296' title='bbox 1126 3788 1217 3839; x_wconf 89' lang='lat' dir='ltr'><strong>sed</strong></span> <span class='ocrx_word' id='word_1_297' title='bbox 1246 3788 1490 3838; x_wconf 78' lang='lat' dir='ltr'><strong>eiiiudem</strong></span> <span class='ocrx_word' id='word_1_298' title='bbox 1513 3785 1706 3839; x_wconf 78' lang='lat' dir='ltr'><strong>Judani</strong></span> <span class='ocrx_word' id='word_1_299' title='bbox 1736 3801 1855 3838; x_wconf 87' lang='lat' dir='ltr'><strong>esse</strong></span> <span class='ocrx_word' id='word_1_300' title='bbox 1884 3802 2083 3855; x_wconf 76' lang='lat' dir='ltr'><strong>cogno-</strong></span> 
     </span>
    </p>
   </div>
   <div class='ocr_carea' id='block_1_44' title="bbox 513 3856 2083 3925">
    <p class='ocr_par' dir='ltr' id='par_1_44' title="bbox 513 3856 2083 3925">
     <span class='ocr_line' id='line_1_44' title="bbox 513 3856 2083 3925; baseline 0.001 -17"><span class='ocrx_word' id='word_1_301' title='bbox 513 3857 795 3915; x_wconf 86' lang='lat' dir='ltr'><strong>minatum,</strong></span> <span class='ocrx_word' id='word_1_302' title='bbox 834 3857 960 3908; x_wconf 88' lang='lat' dir='ltr'><strong>alihl</strong></span> <span class='ocrx_word' id='word_1_303' title='bbox 999 3857 1140 3923; x_wconf 88' lang='lat' dir='ltr'><strong>quod</strong></span> <span class='ocrx_word' id='word_1_304' title='bbox 1196 3858 1364 3909; x_wconf 89' lang='lat' dir='ltr'><strong>sciam</strong></span> <span class='ocrx_word' id='word_1_305' title='bbox 1413 3871 1517 3908; x_wconf 91' lang='lat' dir='ltr'><strong>non</strong></span> <span class='ocrx_word' id='word_1_306' title='bbox 1580 3856 1863 3922; x_wconf 87' lang='lat' dir='ltr'><strong>reperitur.</strong></span> <span class='ocrx_word' id='word_1_307' title='bbox 1900 3856 2083 3925; x_wconf 86' lang='lat' dir='ltr'><strong>Itaque</strong></span> 
     </span>
    </p>
   </div>
   <div class='ocr_carea' id='block_1_45' title="bbox 510 3926 2078 3993">
    <p class='ocr_par' dir='ltr' id='par_1_45' title="bbox 510 3926 2078 3993">
     <span class='ocr_line' id='line_1_45' title="bbox 510 3926 2078 3993; baseline 0.001 -15"><span class='ocrx_word' id='word_1_308' title='bbox 510 3937 566 3979; x_wconf 85' lang='lat' dir='ltr'><strong>et</strong></span> <span class='ocrx_word' id='word_1_309' title='bbox 596 3928 699 3980; x_wconf 92' lang='lat' dir='ltr'><strong>hoc</strong></span> <span class='ocrx_word' id='word_1_310' title='bbox 734 3926 949 3979; x_wconf 89' lang='lat' dir='ltr'><strong>nomine</strong></span> <span class='ocrx_word' id='word_1_311' title='bbox 980 3927 1224 3980; x_wconf 81' lang='lat' dir='ltr'><strong>narratio</strong></span> <span class='ocrx_word' id='word_1_312' title='bbox 1257 3928 1354 3978; x_wconf 89' lang='lat' dir='ltr'><strong>ista</strong></span> <span class='ocrx_word' id='word_1_313' title='bbox 1395 3927 1586 3993; x_wconf 80' lang='lat' dir='ltr'><strong>merito</strong></span> <span class='ocrx_word' id='word_1_314' title='bbox 1629 3928 1680 3978; x_wconf 90' lang='lat' dir='ltr'><strong>in</strong></span> <span class='ocrx_word' id='word_1_315' title='bbox 1719 3927 2078 3993; x_wconf 87' lang='lat' dir='ltr'><strong>suspicionem</strong></span> 
     </span>
    </p>
   </div>
   <div class='ocr_carea' id='block_1_46' title="bbox 510 3992 2078 4050">
    <p class='ocr_par' dir='ltr' id='par_1_46' title="bbox 510 3992 2078 4050">
     <span class='ocr_line' id='line_1_46' title="bbox 510 3992 2078 4050; baseline 0 -2"><span class='ocrx_word' id='word_1_316' title='bbox 510 3999 680 4049; x_wconf 79' lang='lat' dir='ltr'><strong>venit.</strong></span> <span class='ocrx_word' id='word_1_317' title='bbox 712 3996 820 4050; x_wconf 78' lang='lat' dir='ltr'><strong>Nisi</strong></span> <span class='ocrx_word' id='word_1_318' title='bbox 859 3995 992 4048; x_wconf 80' lang='lat' dir='ltr'><strong>forte</strong></span> <span class='ocrx_word' id='word_1_319' title='bbox 1035 3996 1177 4050; x_wconf 91' lang='lat' dir='ltr'><strong>hunc</strong></span> <span class='ocrx_word' id='word_1_320' title='bbox 1208 4011 1448 4050; x_wconf 86' lang='lat' dir='ltr'><strong>errorem</strong></span> <span class='ocrx_word' id='word_1_321' title='bbox 1501 3992 1715 4048; x_wconf 83' lang='lat' dir='ltr'><strong>Eusebii</strong></span> <span class='ocrx_word' id='word_1_322' title='bbox 1769 4011 1890 4048; x_wconf 82' lang='lat' dir='ltr'><strong>esse</strong></span> <span class='ocrx_word' id='word_1_323' title='bbox 1925 3998 2078 4049; x_wconf 85' lang='lat' dir='ltr'><strong>dica-</strong></span> 
     </span>
    </p>
   </div>
   <div class='ocr_carea' id='block_1_47' title="bbox 509 4067 2078 4136">
    <p class='ocr_par' dir='ltr' id='par_1_47' title="bbox 509 4067 2078 4136">
     <span class='ocr_line' id='line_1_47' title="bbox 509 4067 2078 4136; baseline -0.001 -15"><span class='ocrx_word' id='word_1_324' title='bbox 509 4082 652 4128; x_wconf 85' lang='lat' dir='ltr'><strong>mus,</strong></span> <span class='ocrx_word' id='word_1_325' title='bbox 684 4068 772 4133; x_wconf 92' lang='lat' dir='ltr'><strong>qni</strong></span> <span class='ocrx_word' id='word_1_326' title='bbox 828 4067 1504 4136; x_wconf 47' lang='lat' dir='ltr'><strong>Thmui!)fitglimllenlillll</strong></span> <span class='ocrx_word' id='word_1_327' title='bbox 1564 4067 1887 4136; x_wconf 84' lang='lat' dir='ltr'><strong>attribuerit,</strong></span> <span class='ocrx_word' id='word_1_328' title='bbox 1937 4068 2078 4132; x_wconf 90' lang='lat' dir='ltr'><strong>quod</strong></span> 
     </span>
    </p>
   </div>
   <div class='ocr_carea' id='block_1_48' title="bbox 511 4135 2080 4204">
    <p class='ocr_par' dir='ltr' id='par_1_48' title="bbox 511 4135 2080 4204">
     <span class='ocr_line' id='line_1_48' title="bbox 511 4135 2080 4204; baseline -0.003 -14"><span class='ocrx_word' id='word_1_329' title='bbox 511 4138 853 4190; x_wconf 87' lang='lat' dir='ltr'><strong>tribuendum</strong></span> <span class='ocrx_word' id='word_1_330' title='bbox 904 4147 1024 4189; x_wconf 84' lang='lat' dir='ltr'><strong>erat</strong></span> <span class='ocrx_word' id='word_1_331' title='bbox 1073 4135 1363 4189; x_wconf 69' lang='lat' dir='ltr'><strong>Tbaddaeo.</strong></span> <span class='ocrx_word' id='word_1_332' title='bbox 1401 4137 1559 4191; x_wconf 74' lang='lat' dir='ltr'><strong>Certe</strong></span> <span class='ocrx_word' id='word_1_333' title='bbox 1613 4135 1917 4189; x_wconf 69' lang='lat' dir='ltr'><strong>Thaddieus</strong></span> <span class='ocrx_word' id='word_1_334' title='bbox 1951 4152 2080 4204; x_wconf 66' lang='lat' dir='ltr'><strong>apo-</strong></span> 
     </span>
    </p>
   </div>
   <div class='ocr_carea' id='block_1_49' title="bbox 510 4204 2076 4272">
    <p class='ocr_par' dir='ltr' id='par_1_49' title="bbox 510 4204 2076 4272">
     <span class='ocr_line' id='line_1_49' title="bbox 510 4204 2076 4272; baseline -0.001 -13"><span class='ocrx_word' id='word_1_335' title='bbox 510 4208 686 4261; x_wconf 85' lang='lat' dir='ltr'><strong>stolus</strong></span> <span class='ocrx_word' id='word_1_336' title='bbox 710 4207 818 4259; x_wconf 90' lang='lat' dir='ltr'><strong>alio</strong></span> <span class='ocrx_word' id='word_1_337' title='bbox 847 4207 1067 4258; x_wconf 82' lang='lat' dir='ltr'><strong>nomine</strong></span> <span class='ocrx_word' id='word_1_338' title='bbox 1096 4207 1268 4258; x_wconf 86' lang='lat' dir='ltr'><strong>dictus</strong></span> <span class='ocrx_word' id='word_1_339' title='bbox 1301 4217 1383 4257; x_wconf 84' lang='lat' dir='ltr'><strong>est</strong></span> <span class='ocrx_word' id='word_1_340' title='bbox 1411 4204 1601 4259; x_wconf 74' lang='lat' dir='ltr'><strong>ludas.</strong></span> <span class='ocrx_word' id='word_1_341' title='bbox 1636 4204 1996 4272; x_wconf 67' lang='lat' dir='ltr'><strong>Hieronymus</strong></span> <span class='ocrx_word' id='word_1_342' title='bbox 2023 4209 2076 4262; x_wconf 81' lang='lat' dir='ltr'><strong>iu</strong></span> 
     </span>
    </p>
   </div>
   <div class='ocr_carea' id='block_1_50' title="bbox 510 4274 2077 4340">
    <p class='ocr_par' dir='ltr' id='par_1_50' title="bbox 510 4274 2077 4340">
     <span class='ocr_line' id='line_1_50' title="bbox 510 4274 2077 4340; baseline -0.001 -10"><span class='ocrx_word' id='word_1_343' title='bbox 510 4294 623 4340; x_wconf 85' lang='lat' dir='ltr'><strong>cap.</strong></span> <span class='ocrx_word' id='word_1_344' title='bbox 665 4293 694 4330; x_wconf 74' lang='grc' dir='ltr'><strong>Χ</strong></span> <span class='ocrx_word' id='word_1_345' title='bbox 733 4275 965 4329; x_wconf 75' lang='lat' dir='ltr'><strong>Mattlitci</strong></span> <span class='ocrx_word' id='word_1_346' title='bbox 986 4291 1003 4326; x_wconf 88' lang='lat'><strong><em>:</em></strong></span> <span class='ocrx_word' id='word_1_347' title='bbox 1035 4274 1357 4328; x_wconf 42' lang='lat' dir='ltr'><strong>Tliadda&#39;um</strong></span> <span class='ocrx_word' id='word_1_348' title='bbox 1385 4277 1696 4340; x_wconf 84' lang='lat' dir='ltr'><strong>apostolum.</strong></span> <span class='ocrx_word' id='word_1_349' title='bbox 1728 4276 2077 4329; x_wconf 69' lang='lat' dir='ltr'><strong>ecclesiastica</strong></span> 
     </span>
    </p>
   </div>
   <div class='ocr_carea' id='block_1_51' title="bbox 510 4345 2076 4412">
    <p class='ocr_par' dir='ltr' id='par_1_51' title="bbox 510 4345 2076 4412">
     <span class='ocr_line' id='line_1_51' title="bbox 510 4345 2076 4412; baseline -0.001 -13"><span class='ocrx_word' id='word_1_350' title='bbox 510 4348 673 4400; x_wconf 83' lang='lat' dir='ltr'><strong>tradit</strong></span> <span class='ocrx_word' id='word_1_351' title='bbox 712 4347 934 4398; x_wconf 80' lang='lat' dir='ltr'><strong>historia</strong></span> <span class='ocrx_word' id='word_1_352' title='bbox 971 4346 1186 4397; x_wconf 84' lang='lat' dir='ltr'><strong>missum</strong></span> <span class='ocrx_word' id='word_1_353' title='bbox 1234 4345 1488 4397; x_wconf 82' lang='lat' dir='ltr'><strong>Edessam</strong></span> <span class='ocrx_word' id='word_1_354' title='bbox 1536 4347 1604 4397; x_wconf 86' lang='lat' dir='ltr'><strong>ad</strong></span> <span class='ocrx_word' id='word_1_355' title='bbox 1661 4345 1961 4412; x_wconf 81' lang='lat' dir='ltr'><strong>Abagarum</strong></span> <span class='ocrx_word' id='word_1_356' title='bbox 1995 4363 2076 4398; x_wconf 87' lang='lat' dir='ltr'><strong>re-</strong></span> 
     </span>
    </p>
   </div>
   <div class='ocr_carea' id='block_1_52' title="bbox 510 4415 2073 4487">
    <p class='ocr_par' dir='ltr' id='par_1_52' title="bbox 510 4415 2073 4487">
     <span class='ocr_line' id='line_1_52' title="bbox 510 4415 2073 4487; baseline 0 -18"><span class='ocrx_word' id='word_1_357' title='bbox 510 4435 622 4487; x_wconf 84' lang='lat' dir='ltr'><strong>gem</strong></span> <span class='ocrx_word' id='word_1_358' title='bbox 650 4417 960 4487; x_wconf 70' lang='lat' dir='ltr'><strong>(Iliositleuae</strong></span> <span class='ocrx_word' id='word_1_359' title='bbox 994 4416 1190 4484; x_wconf 82' lang='lat' dir='ltr'><strong>(scribe</strong></span> <span class='ocrx_word' id='word_1_360' title='bbox 1220 4415 1705 4487; x_wconf 38' lang='lat' dir='ltr'><strong>~(Ilioailr_oeiia:_vel</strong></span> <span class='ocrx_word' id='word_1_361' title='bbox 1741 4418 1881 4487; x_wconf 81' lang='lat' dir='ltr'><strong>quod</strong></span> <span class='ocrx_word' id='word_1_362' title='bbox 1933 4418 2073 4487; x_wconf 72' lang='lat' dir='ltr'><strong>idem</strong></span> 
     </span>
    </p>
   </div>
   <div class='ocr_carea' id='block_1_53' title="bbox 509 4483 2071 4557">
    <p class='ocr_par' dir='ltr' id='par_1_53' title="bbox 509 4483 2071 4557">
     <span class='ocr_line' id='line_1_53' title="bbox 509 4483 2071 4557; baseline -0.002 -16"><span class='ocrx_word' id='word_1_363' title='bbox 509 4483 594 4541; x_wconf 72' lang='lat' dir='ltr'><strong>est</strong></span> <span class='ocrx_word' id='word_1_364' title='bbox 631 4485 959 4557; x_wconf 61' lang='lat' dir='ltr'><strong>Osdroeua’),</strong></span> <span class='ocrx_word' id='word_1_365' title='bbox 989 4483 1076 4551; x_wconf 75' lang='lat' dir='ltr'><strong>qui</strong></span> <span class='ocrx_word' id='word_1_366' title='bbox 1106 4487 1169 4536; x_wconf 87' lang='lat' dir='ltr'><strong>ab</strong></span> <span class='ocrx_word' id='word_1_367' title='bbox 1208 4485 1547 4557; x_wconf 60' lang='lat' dir='ltr'><strong>Evaiigelista</strong></span> <span class='ocrx_word' id='word_1_368' title='bbox 1591 4484 1734 4539; x_wconf 86' lang='lat' dir='ltr'><strong>Luca</strong></span> <span class='ocrx_word' id='word_1_369' title='bbox 1766 4483 1938 4557; x_wconf 87' lang='lat' dir='ltr'><strong>_Judas</strong></span> <span class='ocrx_word' id='word_1_370' title='bbox 1968 4483 2071 4538; x_wconf 83' lang='lat' dir='ltr'><strong>Ja-</strong></span> 
     </span>
    </p>
   </div>
   <div class='ocr_carea' id='block_1_54' title="bbox 2185 583 2723 656">
    <p class='ocr_par' dir='ltr' id='par_1_54' title="bbox 2185 583 2723 656">
     <span class='ocr_line' id='line_1_54' title="bbox 2185 583 2723 656; baseline 0.006 -20"><span class='ocrx_word' id='word_1_371' title='bbox 2185 584 2356 655; x_wconf 69' lang='grc' dir='ltr'>αύτῆς</span> <span class='ocrx_word' id='word_1_372' title='bbox 2383 583 2474 637; x_wconf 75' lang='grc' dir='ltr'><strong>τὸν</strong></span> <span class='ocrx_word' id='word_1_373' title='bbox 2501 584 2723 656; x_wconf 77' lang='grc' dir='ltr'>τρόπον.</span> 
     </span>
    </p>
   </div>
   <div class='ocr_carea' id='block_1_55' title="bbox 2190 676 3756 750">
    <p class='ocr_par' dir='ltr' id='par_1_55' title="bbox 2190 676 3756 750">
     <span class='ocr_line' id='line_1_55' title="bbox 2190 676 3756 750; baseline 0.001 -20"><span class='ocrx_word' id='word_1_374' title='bbox 2190 677 2264 731; x_wconf 84' lang='grc' dir='ltr'><em>Τὰ</em></span> <span class='ocrx_word' id='word_1_375' title='bbox 2304 677 2740 750; x_wconf 56' lang='grc' dir='ltr'>ἁντιῃοαξέντα</span> <span class='ocrx_word' id='word_1_376' title='bbox 2782 679 2883 732; x_wconf 80' lang='grc' dir='ltr'><strong>ὑπ’</strong></span> <span class='ocrx_word' id='word_1_377' title='bbox 2928 677 3128 750; x_wconf 68' lang='grc' dir='ltr'>Ἰησοῦ</span> <span class='ocrx_word' id='word_1_378' title='bbox 3166 676 3272 750; x_wconf 66' lang='grc' dir='ltr'><strong>διὰΔ</strong></span> <span class='ocrx_word' id='word_1_379' title='bbox 3310 678 3544 732; x_wconf 79' lang='grc' dir='ltr'><strong>Ἀνανία</strong></span> <span class='ocrx_word' id='word_1_380' title='bbox 3572 695 3756 750; x_wconf 82' lang='grc' dir='ltr'>ταχυ-</span> 
     </span>
    </p>
   </div>
   <div class='ocr_carea' id='block_1_56' title="bbox 2554 746 3378 817">
    <p class='ocr_par' dir='ltr' id='par_1_56' title="bbox 2554 746 3378 817">
     <span class='ocr_line' id='line_1_56' title="bbox 2554 746 3378 817; baseline 0 -17"><span class='ocrx_word' id='word_1_381' title='bbox 2554 747 2776 817; x_wconf 79' lang='grc' dir='ltr'><strong>δρόμου</strong></span> <span class='ocrx_word' id='word_1_382' title='bbox 2808 746 3073 816; x_wconf 79' lang='grc' dir='ltr'>τοπάρχῃ</span> <span class='ocrx_word' id='word_1_383' title='bbox 3115 747 3378 816; x_wconf 70' lang='grc' dir='ltr'><strong>Ἀγϐάρῳ.</strong></span> 
     </span>
    </p>
   </div>
   <div class='ocr_carea' id='block_1_57' title="bbox 2260 832 3755 916">
    <p class='ocr_par' dir='ltr' id='par_1_57' title="bbox 2260 832 3755 916">
     <span class='ocr_line' id='line_1_57' title="bbox 2260 832 3755 916; baseline 0.001 -23"><span class='ocrx_word' id='word_1_384' title='bbox 2260 860 2279 893; x_wconf 79' lang='grc' dir='ltr'><strong>ι</strong></span> <span class='ocrx_word' id='word_1_385' title='bbox 2333 841 2595 912; x_wconf 71' lang='grc' dir='ltr'><strong>’Λ-(ὅαρε,</strong></span> <span class='ocrx_word' id='word_1_386' title='bbox 2646 841 2910 911; x_wconf 81' lang='grc' dir='ltr'>μακάριος</span> <span class='ocrx_word' id='word_1_387' title='bbox 2955 835 3005 892; x_wconf 85' lang='grc' dir='ltr'>εἷ</span> <span class='ocrx_word' id='word_1_388' title='bbox 3048 832 3341 905; x_wconf 75' lang='grc' dir='ltr'>πιστεύσας</span> <span class='ocrx_word' id='word_1_389' title='bbox 3385 843 3441 894; x_wconf 82' lang='grc' dir='ltr'>ὲν</span> <span class='ocrx_word' id='word_1_390' title='bbox 3493 845 3635 914; x_wconf 77' lang='grc' dir='ltr'>ἐμοὶ,</span> <span class='ocrx_word' id='word_1_391' title='bbox 3677 845 3755 916; x_wconf 74' lang='grc' dir='ltr'><strong>μὴ</strong></span> 
     </span>
    </p>
   </div>
   <div class='ocr_carea' id='block_1_58' title="bbox 2185 930 3755 1004">
    <p class='ocr_par' dir='ltr' id='par_1_58' title="bbox 2185 930 3755 1004">
     <span class='ocr_line' id='line_1_58' title="bbox 2185 930 3755 1004; baseline 0.001 -18"><span class='ocrx_word' id='word_1_392' title='bbox 2185 931 2442 1003; x_wconf 79' lang='grc' dir='ltr'>ἑωρακώς</span> <span class='ocrx_word' id='word_1_393' title='bbox 2478 948 2565 1000; x_wconf 85' lang='grc' dir='ltr'><strong>με.</strong></span> <span class='ocrx_word' id='word_1_394' title='bbox 2606 932 2918 1004; x_wconf 73' lang='grc' dir='ltr'><strong>Γέγραπται</strong></span> <span class='ocrx_word' id='word_1_395' title='bbox 2967 930 3076 1002; x_wconf 82' lang='grc' dir='ltr'><strong>γὰρ</strong></span> <span class='ocrx_word' id='word_1_396' title='bbox 3119 933 3246 1002; x_wconf 78' lang='grc' dir='ltr'>περὶ</span> <span class='ocrx_word' id='word_1_397' title='bbox 3284 932 3418 1001; x_wconf 77' lang='grc' dir='ltr'><strong>ἐμοῦ</strong></span> <span class='ocrx_word' id='word_1_398' title='bbox 3451 933 3586 1004; x_wconf 70' lang='grc'>(64),</span> <span class='ocrx_word' id='word_1_399' title='bbox 3623 937 3755 1000; x_wconf 66' lang='grc' dir='ltr'>τοὺς</span> 
     </span>
    </p>
   </div>
   <div class='ocr_carea' id='block_1_59' title="bbox 2183 1024 3756 1097">
    <p class='ocr_par' dir='ltr' id='par_1_59' title="bbox 2183 1024 3756 1097">
     <span class='ocr_line' id='line_1_59' title="bbox 2183 1024 3756 1097; baseline 0.001 -19"><span class='ocrx_word' id='word_1_400' title='bbox 2183 1025 2494 1096; x_wconf 83' lang='grc' dir='ltr'><strong>ἑωρακότας</strong></span> <span class='ocrx_word' id='word_1_401' title='bbox 2522 1042 2587 1095; x_wconf 89' lang='grc' dir='ltr'>με</span> <span class='ocrx_word' id='word_1_402' title='bbox 2624 1025 2697 1095; x_wconf 80' lang='grc' dir='ltr'><strong>μὴ</strong></span> <span class='ocrx_word' id='word_1_403' title='bbox 2733 1024 3038 1076; x_wconf 73' lang='grc' dir='ltr'><strong>πιστεύσειν</strong></span> <span class='ocrx_word' id='word_1_404' title='bbox 3066 1041 3176 1092; x_wconf 84' lang='grc' dir='ltr'>μοι,</span> <span class='ocrx_word' id='word_1_405' title='bbox 3210 1025 3294 1077; x_wconf 86' lang='grc' dir='ltr'><strong>ἴνα</strong></span> <span class='ocrx_word' id='word_1_406' title='bbox 3322 1028 3368 1077; x_wconf 82' lang='grc' dir='ltr'>οἱ</span> <span class='ocrx_word' id='word_1_407' title='bbox 3407 1026 3479 1096; x_wconf 84' lang='grc' dir='ltr'><strong>μὴ</strong></span> <span class='ocrx_word' id='word_1_408' title='bbox 3511 1027 3756 1097; x_wconf 81' lang='grc' dir='ltr'>ἑωρακό-</span> 
     </span>
    </p>
   </div>
   <div class='ocr_carea' id='block_1_60' title="bbox 2182 1113 3756 1188">
    <p class='ocr_par' dir='ltr' id='par_1_60' title="bbox 2182 1113 3756 1188">
     <span class='ocr_line' id='line_1_60' title="bbox 2182 1113 3756 1188; baseline 0.001 -17"><span class='ocrx_word' id='word_1_409' title='bbox 2182 1135 2290 1180; x_wconf 84' lang='grc' dir='ltr'>τες,</span> <span class='ocrx_word' id='word_1_410' title='bbox 2317 1117 2468 1170; x_wconf 66' lang='grc' dir='ltr'>αὐτοὶ</span> <span class='ocrx_word' id='word_1_411' title='bbox 2498 1115 2825 1169; x_wconf 84' lang='grc' dir='ltr'>πιστεύσωσι</span> <span class='ocrx_word' id='word_1_412' title='bbox 2849 1117 2942 1168; x_wconf 75' lang='grc' dir='ltr'><strong>καὶ</strong></span> <span class='ocrx_word' id='word_1_413' title='bbox 2961 1114 3246 1186; x_wconf 79' lang='grc' dir='ltr'>ζὴσωνται.</span> <span class='ocrx_word' id='word_1_414' title='bbox 3271 1117 3404 1187; x_wconf 74' lang='grc' dir='ltr'>Περὶ</span> <span class='ocrx_word' id='word_1_415' title='bbox 3426 1117 3480 1170; x_wconf 85' lang='grc' dir='ltr'>δὲ</span> <span class='ocrx_word' id='word_1_416' title='bbox 3502 1113 3561 1172; x_wconf 70' lang='grc' dir='ltr'><strong>οὗ</strong></span> <span class='ocrx_word' id='word_1_417' title='bbox 3589 1120 3756 1188; x_wconf 75' lang='grc' dir='ltr'>ἔγρα-</span> 
     </span>
    </p>
   </div>
   <div class='ocr_carea' id='block_1_61' title="bbox 2181 1207 3755 1290">
    <p class='ocr_par' dir='ltr' id='par_1_61' title="bbox 2181 1207 3755 1290">
     <span class='ocr_line' id='line_1_61' title="bbox 2181 1207 3755 1290; baseline -0.024 9"><span class='ocrx_word' id='word_1_418' title='bbox 2181 1209 2291 1279; x_wconf 60' lang='grc' dir='ltr'><strong>ψάς</strong></span> <span class='ocrx_word' id='word_1_419' title='bbox 2331 1227 2421 1279; x_wconf 67' lang='grc' dir='ltr'><strong>μοι</strong></span> <span class='ocrx_word' id='word_1_420' title='bbox 2450 1208 2625 1260; x_wconf 65' lang='grc' dir='ltr'>ἐλθεῖν</span> <span class='ocrx_word' id='word_1_421' title='bbox 2663 1207 2796 1280; x_wconf 66' lang='grc' dir='ltr'><strong>πρὸς</strong></span> <span class='ocrx_word' id='word_1_422' title='bbox 2832 1209 2910 1290; x_wconf 50' lang='grc' dir='ltr'><strong>σὲ,</strong></span> <span class='ocrx_word' id='word_1_423' title='bbox 2940 1208 3055 1260; x_wconf 77' lang='grc' dir='ltr'>δέον</span> <span class='ocrx_word' id='word_1_424' title='bbox 3089 1210 3205 1261; x_wconf 71' lang='grc' dir='ltr'>ἐστὶ</span> <span class='ocrx_word' id='word_1_425' title='bbox 3245 1209 3422 1264; x_wconf 85' lang='grc' dir='ltr'>πάντα</span> <span class='ocrx_word' id='word_1_426' title='bbox 3475 1210 3541 1263; x_wconf 87' lang='grc' dir='ltr'><strong>δι’</strong></span> <span class='ocrx_word' id='word_1_427' title='bbox 3584 1210 3619 1264; x_wconf 80' lang='grc' dir='ltr'><strong>ἆ</strong></span> <span class='ocrx_word' id='word_1_428' title='bbox 3646 1214 3755 1264; x_wconf 86' lang='grc' dir='ltr'>ἀπ-</span> 
     </span>
    </p>
   </div>
   <div class='ocr_carea' id='block_1_62' title="bbox 2185 1297 3754 1374">
    <p class='ocr_par' dir='ltr' id='par_1_62' title="bbox 2185 1297 3754 1374">
     <span class='ocr_line' id='line_1_62' title="bbox 2185 1297 3754 1374; baseline -0.001 -18"><span class='ocrx_word' id='word_1_429' title='bbox 2185 1302 2435 1372; x_wconf 79' lang='grc' dir='ltr'>εστάλην,</span> <span class='ocrx_word' id='word_1_430' title='bbox 2471 1300 2698 1354; x_wconf 76' lang='grc' dir='ltr'>ἐνταῦθα</span> <span class='ocrx_word' id='word_1_431' title='bbox 2727 1297 3006 1370; x_wconf 77' lang='grc' dir='ltr'>πληρῶσαὶ</span> <span class='ocrx_word' id='word_1_432' title='bbox 3043 1318 3129 1372; x_wconf 85' lang='grc' dir='ltr'><strong>με,</strong></span> <span class='ocrx_word' id='word_1_433' title='bbox 3164 1303 3257 1354; x_wconf 68' lang='grc' dir='ltr'><strong>καὶ</strong></span> <span class='ocrx_word' id='word_1_434' title='bbox 3293 1303 3426 1373; x_wconf 79' lang='grc' dir='ltr'>μετὰ</span> <span class='ocrx_word' id='word_1_435' title='bbox 3443 1302 3502 1355; x_wconf 79' lang='grc' dir='ltr'><strong>τὸ</strong></span> <span class='ocrx_word' id='word_1_436' title='bbox 3531 1301 3754 1374; x_wconf 78' lang='grc' dir='ltr'><strong>πληρῶ-</strong></span> 
     </span>
    </p>
   </div>
   <div class='ocr_carea' id='block_1_63' title="bbox 2186 1390 3748 1465">
    <p class='ocr_par' dir='ltr' id='par_1_63' title="bbox 2186 1390 3748 1465">
     <span class='ocr_line' id='line_1_63' title="bbox 2186 1390 3748 1465; baseline 0.003 -20"><span class='ocrx_word' id='word_1_437' title='bbox 2186 1410 2295 1456; x_wconf 79' lang='grc' dir='ltr'>σαι,</span> <span class='ocrx_word' id='word_1_438' title='bbox 2327 1392 2498 1454; x_wconf 74' lang='grc' dir='ltr'>οὕτως</span> <span class='ocrx_word' id='word_1_439' title='bbox 2538 1390 2908 1461; x_wconf 70' lang='grc' dir='ltr'>ἀναληφθῆναι</span> <span class='ocrx_word' id='word_1_440' title='bbox 2937 1394 3070 1462; x_wconf 70' lang='grc' dir='ltr'>προς</span> <span class='ocrx_word' id='word_1_441' title='bbox 3103 1393 3191 1447; x_wconf 74' lang='grc' dir='ltr'>τὸν</span> <span class='ocrx_word' id='word_1_442' title='bbox 3239 1393 3627 1447; x_wconf 80' lang='grc' dir='ltr'>ἀποστείλαντά</span> <span class='ocrx_word' id='word_1_443' title='bbox 3659 1411 3748 1465; x_wconf 83' lang='grc' dir='ltr'><strong>με.</strong></span> 
     </span>
    </p>
   </div>
   <div class='ocr_carea' id='block_1_64' title="bbox 2184 1481 3752 1555">
    <p class='ocr_par' dir='ltr' id='par_1_64' title="bbox 2184 1481 3752 1555">
     <span class='ocr_line' id='line_1_64' title="bbox 2184 1481 3752 1555; baseline 0.001 -19"><span class='ocrx_word' id='word_1_444' title='bbox 2184 1485 2294 1536; x_wconf 73' lang='grc' dir='ltr'>Καὶ</span> <span class='ocrx_word' id='word_1_445' title='bbox 2327 1483 2540 1536; x_wconf 72' lang='grc' dir='ltr'>ἐπειδὰν</span> <span class='ocrx_word' id='word_1_446' title='bbox 2567 1481 2891 1552; x_wconf 77' lang='grc' dir='ltr'>ἀναληφθῶ,</span> <span class='ocrx_word' id='word_1_447' title='bbox 2927 1482 3208 1536; x_wconf 75' lang='grc' dir='ltr'><strong>ἀποστελῶ</strong></span> <span class='ocrx_word' id='word_1_448' title='bbox 3234 1501 3316 1537; x_wconf 87' lang='grc' dir='ltr'><strong>σοι</strong></span> <span class='ocrx_word' id='word_1_449' title='bbox 3346 1484 3466 1537; x_wconf 85' lang='grc' dir='ltr'>τινὰ</span> <span class='ocrx_word' id='word_1_450' title='bbox 3507 1485 3613 1538; x_wconf 79' lang='grc' dir='ltr'><strong>τῶν</strong></span> <span class='ocrx_word' id='word_1_451' title='bbox 3647 1503 3752 1555; x_wconf 83' lang='grc' dir='ltr'><strong>μα-</strong></span> 
     </span>
    </p>
   </div>
   <div class='ocr_carea' id='block_1_65' title="bbox 2184 1573 3750 1648">
    <p class='ocr_par' dir='ltr' id='par_1_65' title="bbox 2184 1573 3750 1648">
     <span class='ocr_line' id='line_1_65' title="bbox 2184 1573 3750 1648; baseline 0.001 -21"><span class='ocrx_word' id='word_1_452' title='bbox 2184 1573 2362 1644; x_wconf 83' lang='grc' dir='ltr'><strong>θητῶν</strong></span> <span class='ocrx_word' id='word_1_453' title='bbox 2415 1592 2544 1644; x_wconf 85' lang='grc' dir='ltr'>μου,</span> <span class='ocrx_word' id='word_1_454' title='bbox 2587 1574 2671 1626; x_wconf 84' lang='grc' dir='ltr'><strong>ἵνα</strong></span> <span class='ocrx_word' id='word_1_455' title='bbox 2713 1575 2929 1644; x_wconf 73' lang='grc' dir='ltr'>Ξάσηταί</span> <span class='ocrx_word' id='word_1_456' title='bbox 2977 1591 3068 1626; x_wconf 89' lang='grc' dir='ltr'><strong>σου</strong></span> <span class='ocrx_word' id='word_1_457' title='bbox 3120 1573 3180 1626; x_wconf 83' lang='grc' dir='ltr'>τὸ</span> <span class='ocrx_word' id='word_1_458' title='bbox 3233 1574 3434 1641; x_wconf 81' lang='grc' dir='ltr'><strong>πάθος,</strong></span> <span class='ocrx_word' id='word_1_459' title='bbox 3477 1574 3570 1629; x_wconf 82' lang='grc' dir='ltr'>καὶ</span> <span class='ocrx_word' id='word_1_460' title='bbox 3603 1574 3750 1648; x_wconf 77' lang='grc' dir='ltr'>ζωὴν</span> 
     </span>
    </p>
   </div>
   <div class='ocr_carea' id='block_1_66' title="bbox 2185 1665 3232 1736">
    <p class='ocr_par' dir='ltr' id='par_1_66' title="bbox 2185 1665 3232 1736">
     <span class='ocr_line' id='line_1_66' title="bbox 2185 1665 3232 1736; baseline -0.002 -18"><span class='ocrx_word' id='word_1_461' title='bbox 2185 1665 2267 1719; x_wconf 74' lang='grc' dir='ltr'>σο).</span> <span class='ocrx_word' id='word_1_462' title='bbox 2300 1666 2393 1718; x_wconf 72' lang='grc' dir='ltr'><strong>καὶ</strong></span> <span class='ocrx_word' id='word_1_463' title='bbox 2424 1668 2533 1729; x_wconf 82' lang='grc' dir='ltr'>τοῖς</span> <span class='ocrx_word' id='word_1_464' title='bbox 2567 1666 2661 1719; x_wconf 76' lang='grc' dir='ltr'><strong>σὺν</strong></span> <span class='ocrx_word' id='word_1_465' title='bbox 2696 1666 2777 1718; x_wconf 74' lang='grc' dir='ltr'><strong>σοὶ</strong></span> <span class='ocrx_word' id='word_1_466' title='bbox 2810 1665 3171 1736; x_wconf 79' lang='grc' dir='ltr'><strong>παράσχηται.</strong></span> <span class='ocrx_word' id='word_1_467' title='bbox 3213 1684 3232 1716; x_wconf 75' lang='grc' dir='ltr'><strong>ι</strong></span> 
     </span>
    </p>
   </div>
   <div class='ocr_carea' id='block_1_67' title="bbox 2252 1839 3753 1911">
    <p class='ocr_par' dir='ltr' id='par_1_67' title="bbox 2252 1839 3753 1911">
     <span class='ocr_line' id='line_1_67' title="bbox 2252 1839 3753 1911; baseline -0.004 -13"><span class='ocrx_word' id='word_1_468' title='bbox 2252 1845 2488 1908; x_wconf 77' lang='grc' dir='ltr'>Ταύταις</span> <span class='ocrx_word' id='word_1_469' title='bbox 2515 1843 2570 1896; x_wconf 84' lang='grc' dir='ltr'><strong>δὲ</strong></span> <span class='ocrx_word' id='word_1_470' title='bbox 2605 1846 2723 1907; x_wconf 88' lang='grc' dir='ltr'>ταῖς</span> <span class='ocrx_word' id='word_1_471' title='bbox 2756 1843 3060 1905; x_wconf 54' lang='lat' dir='ltr'><strong>eruamini;</strong></span> <span class='ocrx_word' id='word_1_472' title='bbox 3089 1842 3165 1894; x_wconf 76' lang='grc' dir='ltr'><strong>ἔτι</strong></span> <span class='ocrx_word' id='word_1_473' title='bbox 3191 1841 3284 1894; x_wconf 72' lang='grc' dir='ltr'><strong>καὶ</strong></span> <span class='ocrx_word' id='word_1_474' title='bbox 3313 1839 3482 1895; x_wconf 82' lang='grc' dir='ltr'>ταῦτα</span> <span class='ocrx_word' id='word_1_475' title='bbox 3514 1841 3753 1911; x_wconf 81' lang='grc' dir='ltr'><strong>συνῆπτο</strong></span> 
     </span>
    </p>
   </div>
   <div class='ocr_carea' id='block_1_68' title="bbox 2185 1930 3756 2006">
    <p class='ocr_par' dir='ltr' id='par_1_68' title="bbox 2185 1930 3756 2006">
     <span class='ocr_line' id='line_1_68' title="bbox 2185 1930 3756 2006; baseline -0.003 -18"><span class='ocrx_word' id='word_1_476' title='bbox 2185 1937 2248 2005; x_wconf 83' lang='grc' dir='ltr'>τῇ</span> <span class='ocrx_word' id='word_1_477' title='bbox 2279 1935 2465 2006; x_wconf 84' lang='grc' dir='ltr'>Σύρων</span> <span class='ocrx_word' id='word_1_478' title='bbox 2498 1937 2649 2005; x_wconf 76' lang='grc' dir='ltr'>φωνῇ</span> <span class='ocrx_word' id='word_1_479' title='bbox 2669 1951 2682 1987; x_wconf 86' lang='lat'><strong>:</strong></span> <span class='ocrx_word' id='word_1_480' title='bbox 2703 1963 2770 1972; x_wconf 89' lang='lat'><strong>-—</strong></span> <span class='ocrx_word' id='word_1_481' title='bbox 2789 1934 2941 1985; x_wconf 85' lang='grc' dir='ltr'>Μετά</span> <span class='ocrx_word' id='word_1_482' title='bbox 2964 1934 3019 1986; x_wconf 79' lang='grc' dir='ltr'><strong>δὲ</strong></span> <span class='ocrx_word' id='word_1_483' title='bbox 3042 1933 3101 1985; x_wconf 86' lang='grc' dir='ltr'><strong>τὸ</strong></span> <span class='ocrx_word' id='word_1_484' title='bbox 3133 1930 3503 2000; x_wconf 67' lang='grc' dir='ltr'>ἀναληφθῆναι</span> <span class='ocrx_word' id='word_1_485' title='bbox 3534 1932 3625 1985; x_wconf 82' lang='grc' dir='ltr'><strong>τὸν</strong></span> <span class='ocrx_word' id='word_1_486' title='bbox 3650 1933 3756 2002; x_wconf 79' lang='grc' dir='ltr'><strong>Ἰη-</strong></span> 
     </span>
    </p>
   </div>
   <div class='ocr_carea' id='block_1_69' title="bbox 2185 2023 3750 2096">
    <p class='ocr_par' dir='ltr' id='par_1_69' title="bbox 2185 2023 3750 2096">
     <span class='ocr_line' id='line_1_69' title="bbox 2185 2023 3750 2096; baseline 0 -17"><span class='ocrx_word' id='word_1_487' title='bbox 2185 2026 2331 2090; x_wconf 80' lang='grc' dir='ltr'>σοῦν,</span> <span class='ocrx_word' id='word_1_488' title='bbox 2374 2026 2692 2079; x_wconf 78' lang='grc' dir='ltr'>ἀπέστειλεν</span> <span class='ocrx_word' id='word_1_489' title='bbox 2736 2025 2884 2096; x_wconf 80' lang='grc' dir='ltr'>αὐτῷ</span> <span class='ocrx_word' id='word_1_490' title='bbox 2951 2026 3148 2089; x_wconf 77' lang='grc' dir='ltr'>Ἰούδας</span> <span class='ocrx_word' id='word_1_491' title='bbox 3196 2026 3224 2076; x_wconf 87' lang='grc' dir='ltr'>ὁ</span> <span class='ocrx_word' id='word_1_492' title='bbox 3254 2025 3346 2077; x_wconf 70' lang='grc' dir='ltr'>καὶ</span> <span class='ocrx_word' id='word_1_493' title='bbox 3379 2025 3576 2094; x_wconf 77' lang='grc' dir='ltr'>Θωμᾶς</span> <span class='ocrx_word' id='word_1_494' title='bbox 3615 2023 3750 2090; x_wconf 76' lang='lat'><strong>(65),</strong></span> 
     </span>
    </p>
   </div>
   <div class='ocr_carea' id='block_1_70' title="bbox 2185 2116 3752 2186">
    <p class='ocr_par' dir='ltr' id='par_1_70' title="bbox 2185 2116 3752 2186">
     <span class='ocr_line' id='line_1_70' title="bbox 2185 2116 3752 2186; baseline -0.004 -12"><span class='ocrx_word' id='word_1_495' title='bbox 2185 2121 2439 2174; x_wconf 83' lang='grc' dir='ltr'>Θαδδαῖον</span> <span class='ocrx_word' id='word_1_496' title='bbox 2477 2121 2568 2174; x_wconf 86' lang='grc' dir='ltr'><strong>τὸν</strong></span> <span class='ocrx_word' id='word_1_497' title='bbox 2598 2118 2891 2174; x_wconf 80' lang='grc' dir='ltr'>ἀπόστολον</span> <span class='ocrx_word' id='word_1_498' title='bbox 2924 2117 3029 2186; x_wconf 76' lang='grc'>(66)</span> <span class='ocrx_word' id='word_1_499' title='bbox 3075 2117 3170 2170; x_wconf 73' lang='grc' dir='ltr'><strong>ἕνα</strong></span> <span class='ocrx_word' id='word_1_500' title='bbox 3215 2116 3321 2169; x_wconf 77' lang='grc' dir='ltr'><strong>τῶν</strong></span> <span class='ocrx_word' id='word_1_501' title='bbox 3365 2117 3752 2168; x_wconf 49' lang='lat' dir='ltr'><strong>team-Howe.</strong></span> 
     </span>
    </p>
   </div>
   <div class='ocr_carea' id='block_1_71' title="bbox 2189 2205 3752 2283">
    <p class='ocr_par' dir='ltr' id='par_1_71' title="bbox 2189 2205 3752 2283">
     <span class='ocr_line' id='line_1_71' title="bbox 2189 2205 3752 2283; baseline -0.003 -17"><span class='ocrx_word' id='word_1_502' title='bbox 2189 2215 2286 2277; x_wconf 83' lang='grc' dir='ltr'><em>Ὃς</em></span> <span class='ocrx_word' id='word_1_503' title='bbox 2327 2212 2497 2266; x_wconf 81' lang='grc' dir='ltr'>ἐλθὼν</span> <span class='ocrx_word' id='word_1_504' title='bbox 2531 2213 2794 2283; x_wconf 75' lang='grc' dir='ltr'>κατέμενε</span> <span class='ocrx_word' id='word_1_505' title='bbox 2830 2211 2962 2281; x_wconf 75' lang='grc' dir='ltr'>πρὸς</span> <span class='ocrx_word' id='word_1_506' title='bbox 3011 2209 3222 2262; x_wconf 76' lang='grc' dir='ltr'>Τωϐίαν</span> <span class='ocrx_word' id='word_1_507' title='bbox 3265 2208 3356 2260; x_wconf 77' lang='grc' dir='ltr'><strong>τὸν</strong></span> <span class='ocrx_word' id='word_1_508' title='bbox 3403 2207 3497 2260; x_wconf 79' lang='grc' dir='ltr'>τοῦ</span> <span class='ocrx_word' id='word_1_509' title='bbox 3543 2205 3752 2262; x_wconf 72' lang='grc' dir='ltr'>Τωϐία.</span> 
     </span>
    </p>
   </div>
   <div class='ocr_carea' id='block_1_72' title="bbox 2193 2300 3753 2376">
    <p class='ocr_par' dir='ltr' id='par_1_72' title="bbox 2193 2300 3753 2376">
     <span class='ocr_line' id='line_1_72' title="bbox 2193 2300 3753 2376; baseline -0.004 -17"><span class='ocrx_word' id='word_1_510' title='bbox 2193 2307 2282 2369; x_wconf 81' lang='grc' dir='ltr'><em>Ὠς</em></span> <span class='ocrx_word' id='word_1_511' title='bbox 2309 2305 2364 2358; x_wconf 75' lang='grc' dir='ltr'><strong>δὲ</strong></span> <span class='ocrx_word' id='word_1_512' title='bbox 2387 2304 2627 2376; x_wconf 74' lang='grc' dir='ltr'>ἠκούσθη</span> <span class='ocrx_word' id='word_1_513' title='bbox 2655 2305 2780 2374; x_wconf 71' lang='grc' dir='ltr'>περὶ</span> <span class='ocrx_word' id='word_1_514' title='bbox 2806 2302 2988 2366; x_wconf 76' lang='grc' dir='ltr'>αὐτοῦ,</span> <span class='ocrx_word' id='word_1_515' title='bbox 3019 2301 3115 2355; x_wconf 73' lang='grc' dir='ltr'>καὶ</span> <span class='ocrx_word' id='word_1_516' title='bbox 3142 2302 3297 2372; x_wconf 80' lang='grc' dir='ltr'>δῆλος</span> <span class='ocrx_word' id='word_1_517' title='bbox 3324 2301 3514 2370; x_wconf 79' lang='grc' dir='ltr'>γέγονε</span> <span class='ocrx_word' id='word_1_518' title='bbox 3535 2300 3620 2354; x_wconf 72' lang='grc' dir='ltr'>διὰ</span> <span class='ocrx_word' id='word_1_519' title='bbox 3643 2301 3753 2354; x_wconf 84' lang='grc' dir='ltr'>τῶν</span> 
     </span>
    </p>
   </div>
   <div class='ocr_carea' id='block_1_73' title="bbox 2186 2393 3753 2468">
    <p class='ocr_par' dir='ltr' id='par_1_73' title="bbox 2186 2393 3753 2468">
     <span class='ocr_line' id='line_1_73' title="bbox 2186 2393 3753 2468; baseline -0.003 -18"><span class='ocrx_word' id='word_1_520' title='bbox 2186 2397 2618 2468; x_wconf 77' lang='grc' dir='ltr'>ἐπιτελουμένων</span> <span class='ocrx_word' id='word_1_521' title='bbox 2663 2395 2807 2466; x_wconf 80' lang='grc' dir='ltr'>αύτῷ</span> <span class='ocrx_word' id='word_1_522' title='bbox 2849 2394 3164 2462; x_wconf 82' lang='grc' dir='ltr'>θαυμασίων</span> <span class='ocrx_word' id='word_1_523' title='bbox 3219 2393 3349 2463; x_wconf 77' lang='lat'><strong>(6&#39;7),</strong></span> <span class='ocrx_word' id='word_1_524' title='bbox 3384 2393 3624 2464; x_wconf 80' lang='grc' dir='ltr'>ἐμηνύθη</span> <span class='ocrx_word' id='word_1_525' title='bbox 3675 2393 3753 2462; x_wconf 79' lang='grc' dir='ltr'>τῷ</span> 
     </span>
    </p>
   </div>
   <div class='ocr_carea' id='block_1_74' title="bbox 2189 2485 3754 2560">
    <p class='ocr_par' dir='ltr' id='par_1_74' title="bbox 2189 2485 3754 2560">
     <span class='ocr_line' id='line_1_74' title="bbox 2189 2485 3754 2560; baseline 0.001 -20"><span class='ocrx_word' id='word_1_526' title='bbox 2189 2487 2438 2560; x_wconf 79' lang='grc' dir='ltr'><strong>Ἀγϐἀρῳ</strong></span> <span class='ocrx_word' id='word_1_527' title='bbox 2449 2490 2529 2541; x_wconf 87' lang='grc' dir='ltr'><strong>ὃτι</strong></span> <span class='ocrx_word' id='word_1_528' title='bbox 2547 2491 2656 2543; x_wconf 80' lang='grc' dir='ltr'><strong>’Ἑλ</strong></span> <span class='ocrx_word' id='word_1_529' title='bbox 2665 2489 2888 2558; x_wconf 73' lang='grc' dir='ltr'>ήλυθεν</span> <span class='ocrx_word' id='word_1_530' title='bbox 2898 2489 3240 2552; x_wconf 72' lang='grc' dir='ltr'>ἀπόστολος</span> <span class='ocrx_word' id='word_1_531' title='bbox 3253 2485 3506 2540; x_wconf 77' lang='grc' dir='ltr'>ἐνταῦθα</span> <span class='ocrx_word' id='word_1_532' title='bbox 3522 2485 3621 2540; x_wconf 86' lang='grc' dir='ltr'>τοῦ</span> <span class='ocrx_word' id='word_1_533' title='bbox 3639 2488 3754 2554; x_wconf 86' lang='grc' dir='ltr'><strong>Ἰη-</strong></span> 
     </span>
    </p>
   </div>
   <div class='ocr_carea' id='block_1_75' title="bbox 2175 2575 3754 2651">
    <p class='ocr_par' dir='ltr' id='par_1_75' title="bbox 2175 2575 3754 2651">
     <span class='ocr_line' id='line_1_75' title="bbox 2175 2575 3754 2651; baseline -0.001 -16"><span class='ocrx_word' id='word_1_534' title='bbox 2175 2580 2290 2635; x_wconf 85' lang='grc' dir='ltr'>σοῦ</span> <span class='ocrx_word' id='word_1_535' title='bbox 2305 2581 2496 2647; x_wconf 83' lang='grc' dir='ltr'>καθὼς</span> <span class='ocrx_word' id='word_1_536' title='bbox 2511 2580 2813 2637; x_wconf 74' lang='grc' dir='ltr'>ἐπέστει.2ἐ</span> <span class='ocrx_word' id='word_1_537' title='bbox 2832 2598 2928 2635; x_wconf 84' lang='grc' dir='ltr'><strong>σοι</strong></span> <span class='ocrx_word' id='word_1_538' title='bbox 2950 2579 3078 2649; x_wconf 88' lang='grc'>(68).</span> <span class='ocrx_word' id='word_1_539' title='bbox 3102 2580 3340 2651; x_wconf 81' lang='grc' dir='ltr'>Ἤρξατο</span> <span class='ocrx_word' id='word_1_540' title='bbox 3356 2575 3446 2632; x_wconf 81' lang='grc' dir='ltr'><strong>οὖν</strong></span> <span class='ocrx_word' id='word_1_541' title='bbox 3457 2583 3484 2633; x_wconf 83' lang='grc' dir='ltr'><strong>ό</strong></span> <span class='ocrx_word' id='word_1_542' title='bbox 3499 2579 3754 2642; x_wconf 44' lang='grc' dir='ltr'>Θαδδαπ</span> 
     </span>
    </p>
   </div>
   <div class='ocr_carea' id='block_1_76' title="bbox 2176 2671 3754 2746">
    <p class='ocr_par' dir='ltr' id='par_1_76' title="bbox 2176 2671 3754 2746">
     <span class='ocr_line' id='line_1_76' title="bbox 2176 2671 3754 2746; baseline -0.001 -19"><span class='ocrx_word' id='word_1_543' title='bbox 2176 2676 2234 2728; x_wconf 82' lang='grc' dir='ltr'>ὲν</span> <span class='ocrx_word' id='word_1_544' title='bbox 2280 2673 2505 2745; x_wconf 78' lang='grc' dir='ltr'>δυνάμει</span> <span class='ocrx_word' id='word_1_545' title='bbox 2545 2674 2680 2727; x_wconf 78' lang='grc' dir='ltr'>Θεοῦ</span> <span class='ocrx_word' id='word_1_546' title='bbox 2743 2673 3063 2746; x_wconf 84' lang='grc' dir='ltr'>θεραπεύειν</span> <span class='ocrx_word' id='word_1_547' title='bbox 3109 2675 3286 2726; x_wconf 80' lang='grc' dir='ltr'>πᾶσαν</span> <span class='ocrx_word' id='word_1_548' title='bbox 3318 2673 3472 2726; x_wconf 83' lang='grc' dir='ltr'>νόσον</span> <span class='ocrx_word' id='word_1_549' title='bbox 3510 2671 3601 2725; x_wconf 77' lang='grc' dir='ltr'>καὶ</span> <span class='ocrx_word' id='word_1_550' title='bbox 3647 2689 3754 2742; x_wconf 83' lang='grc' dir='ltr'><strong>μα-</strong></span> 
     </span>
    </p>
   </div>
   <div class='ocr_carea' id='block_1_77' title="bbox 2175 2763 3751 2835">
    <p class='ocr_par' dir='ltr' id='par_1_77' title="bbox 2175 2763 3751 2835">
     <span class='ocr_line' id='line_1_77' title="bbox 2175 2763 3751 2835; baseline -0.001 -17"><span class='ocrx_word' id='word_1_551' title='bbox 2175 2765 2551 2825; x_wconf 57' lang='lat' dir='ltr'><strong>Mummi-36:5</strong></span> <span class='ocrx_word' id='word_1_552' title='bbox 2591 2764 2797 2828; x_wconf 78' lang='grc' dir='ltr'>πάντας</span> <span class='ocrx_word' id='word_1_553' title='bbox 2847 2763 3164 2835; x_wconf 81' lang='grc' dir='ltr'>θαυμάζειν.</span> <span class='ocrx_word' id='word_1_554' title='bbox 3217 2764 3303 2827; x_wconf 84' lang='grc' dir='ltr'><em>Ὠς</em></span> <span class='ocrx_word' id='word_1_555' title='bbox 3343 2763 3398 2817; x_wconf 80' lang='grc' dir='ltr'>δὲ</span> <span class='ocrx_word' id='word_1_556' title='bbox 3446 2763 3676 2834; x_wconf 69' lang='grc' dir='ltr'>ἤκουσεν</span> <span class='ocrx_word' id='word_1_557' title='bbox 3721 2765 3751 2817; x_wconf 82' lang='grc' dir='ltr'>ὁ</span> 
     </span>
    </p>
   </div>
   <div class='ocr_carea' id='block_1_78' title="bbox 2194 2945 3753 3015">
    <p class='ocr_par' dir='ltr' id='par_1_78' title="bbox 2194 2945 3753 3015">
     <span class='ocr_line' id='line_1_78' title="bbox 2194 2945 3753 3015; baseline -0.001 -17"><span class='ocrx_word' id='word_1_558' title='bbox 2194 2947 2322 3007; x_wconf 90' lang='lat' dir='ltr'><strong>lum,</strong></span> <span class='ocrx_word' id='word_1_559' title='bbox 2355 2948 2449 3001; x_wconf 90' lang='lat' dir='ltr'><strong>sed</strong></span> <span class='ocrx_word' id='word_1_560' title='bbox 2496 2963 2683 3001; x_wconf 86' lang='lat' dir='ltr'><strong>omnes</strong></span> <span class='ocrx_word' id='word_1_561' title='bbox 2711 2962 2896 3000; x_wconf 88' lang='lat' dir='ltr'><strong>eorum</strong></span> <span class='ocrx_word' id='word_1_562' title='bbox 2934 2946 3202 3015; x_wconf 85' lang='lat' dir='ltr'><strong>discipuli,</strong></span> <span class='ocrx_word' id='word_1_563' title='bbox 3233 2955 3287 3000; x_wconf 88' lang='lat' dir='ltr'><strong>et</strong></span> <span class='ocrx_word' id='word_1_564' title='bbox 3315 2945 3546 3015; x_wconf 81' lang='lat' dir='ltr'><strong>comites</strong></span> <span class='ocrx_word' id='word_1_565' title='bbox 3587 2952 3753 3015; x_wconf 86' lang='lat' dir='ltr'><strong>atque</strong></span> 
     </span>
    </p>
   </div>
   <div class='ocr_carea' id='block_1_79' title="bbox 2191 3014 3751 3086">
    <p class='ocr_par' dir='ltr' id='par_1_79' title="bbox 2191 3014 3751 3086">
     <span class='ocr_line' id='line_1_79' title="bbox 2191 3014 3751 3086; baseline -0.002 -16"><span class='ocrx_word' id='word_1_566' title='bbox 2191 3016 2489 3083; x_wconf 78' lang='lat' dir='ltr'><strong>adjutores,</strong></span> <span class='ocrx_word' id='word_1_567' title='bbox 2534 3018 2860 3086; x_wconf 75' lang='lat' dir='ltr'><strong>generaliter</strong></span> <span class='ocrx_word' id='word_1_568' title='bbox 2912 3014 3139 3085; x_wconf 67' lang='lat' dir='ltr'><strong>aposuili</strong></span> <span class='ocrx_word' id='word_1_569' title='bbox 3193 3027 3318 3070; x_wconf 92' lang='lat' dir='ltr'><strong>sunt</strong></span> <span class='ocrx_word' id='word_1_570' title='bbox 3365 3014 3632 3086; x_wconf 81' lang='lat' dir='ltr'><strong>appellati.</strong></span> <span class='ocrx_word' id='word_1_571' title='bbox 3684 3014 3751 3067; x_wconf 84' lang='lat' dir='ltr'><strong>Et</strong></span> 
     </span>
    </p>
   </div>
   <div class='ocr_carea' id='block_1_80' title="bbox 2192 3085 3750 3155">
    <p class='ocr_par' dir='ltr' id='par_1_80' title="bbox 2192 3085 3750 3155">
     <span class='ocr_line' id='line_1_80' title="bbox 2192 3085 3750 3155; baseline -0.001 -19"><span class='ocrx_word' id='word_1_572' title='bbox 2192 3085 2792 3153; x_wconf 88' lang='lat' dir='ltr'><strong>quemadmodum,licet</strong></span> <span class='ocrx_word' id='word_1_573' title='bbox 2833 3087 3085 3141; x_wconf 84' lang='lat' dir='ltr'><strong>Dominus</strong></span> <span class='ocrx_word' id='word_1_574' title='bbox 3115 3087 3453 3155; x_wconf 77' lang='lat' dir='ltr'><strong>septuaginta</strong></span> <span class='ocrx_word' id='word_1_575' title='bbox 3486 3085 3750 3136; x_wconf 72' lang='lat' dir='ltr'><strong>duntaxat</strong></span> 
     </span>
    </p>
   </div>
   <div class='ocr_carea' id='block_1_81' title="bbox 2113 3157 3750 3248">
    <p class='ocr_par' dir='ltr' id='par_1_81' title="bbox 2113 3157 3750 3248">
     <span class='ocr_line' id='line_1_81' title="bbox 2113 3157 3750 3248; baseline -0.001 -39"><span class='ocrx_word' id='word_1_576' title='bbox 2113 3191 2155 3248; x_wconf 64' lang='grc' dir='ltr'>ο</span> <span class='ocrx_word' id='word_1_577' title='bbox 2192 3157 2482 3224; x_wconf 83' lang='lat' dir='ltr'><strong>discipulos</strong></span> <span class='ocrx_word' id='word_1_578' title='bbox 2514 3157 2953 3238; x_wconf 26' lang='lat' dir='ltr'><strong>elegerittl&#39;onge</strong></span> <span class='ocrx_word' id='word_1_579' title='bbox 2985 3158 3163 3225; x_wconf 85' lang='lat' dir='ltr'><strong>plures</strong></span> <span class='ocrx_word' id='word_1_580' title='bbox 3215 3167 3390 3237; x_wconf 78' lang='lat' dir='ltr'><strong>tamen</strong></span> <span class='ocrx_word' id='word_1_581' title='bbox 3426 3171 3489 3206; x_wconf 80' lang='lat' dir='ltr'><strong>eo</strong></span> <span class='ocrx_word' id='word_1_582' title='bbox 3535 3158 3750 3248; x_wconf 63' lang='lat' dir='ltr'><strong>iliiliiillie</strong></span> 
     </span>
    </p>
   </div>
   <div class='ocr_carea' id='block_1_82' title="bbox 2188 3226 3749 3294">
    <p class='ocr_par' dir='ltr' id='par_1_82' title="bbox 2188 3226 3749 3294">
     <span class='ocr_line' id='line_1_82' title="bbox 2188 3226 3749 3294; baseline -0.002 -15"><span class='ocrx_word' id='word_1_583' title='bbox 2188 3239 2371 3294; x_wconf 86' lang='lat' dir='ltr'><strong>postea</strong></span> <span class='ocrx_word' id='word_1_584' title='bbox 2401 3238 2527 3281; x_wconf 84' lang='lat' dir='ltr'><strong>sunt</strong></span> <span class='ocrx_word' id='word_1_585' title='bbox 2558 3228 2823 3289; x_wconf 78' lang='lat' dir='ltr'><strong>exornati,</strong></span> <span class='ocrx_word' id='word_1_586' title='bbox 2857 3230 2997 3281; x_wconf 89' lang='lat' dir='ltr'><strong>sicut</strong></span> <span class='ocrx_word' id='word_1_587' title='bbox 3044 3231 3093 3280; x_wconf 93' lang='lat' dir='ltr'><strong>in</strong></span> <span class='ocrx_word' id='word_1_588' title='bbox 3131 3227 3406 3293; x_wconf 82' lang='lat' dir='ltr'><strong>superiore</strong></span> <span class='ocrx_word' id='word_1_589' title='bbox 3433 3227 3610 3289; x_wconf 80' lang='lat' dir='ltr'><strong>capite</strong></span> <span class='ocrx_word' id='word_1_590' title='bbox 3647 3226 3749 3276; x_wconf 82' lang='lat' dir='ltr'><strong>ob-</strong></span> 
     </span>
    </p>
   </div>
   <div class='ocr_carea' id='block_1_83' title="bbox 2185 3294 3746 3362">
    <p class='ocr_par' dir='ltr' id='par_1_83' title="bbox 2185 3294 3746 3362">
     <span class='ocr_line' id='line_1_83' title="bbox 2185 3294 3746 3362; baseline -0.003 -12"><span class='ocrx_word' id='word_1_591' title='bbox 2185 3299 2425 3352; x_wconf 84' lang='lat' dir='ltr'><strong>servavit</strong></span> <span class='ocrx_word' id='word_1_592' title='bbox 2476 3298 2782 3351; x_wconf 80' lang='lat' dir='ltr'><strong>Eusebius:</strong></span> <span class='ocrx_word' id='word_1_593' title='bbox 2828 3299 2896 3349; x_wconf 86' lang='lat' dir='ltr'><strong>ita</strong></span> <span class='ocrx_word' id='word_1_594' title='bbox 2939 3299 3126 3362; x_wconf 89' lang='lat' dir='ltr'><strong>etiam,</strong></span> <span class='ocrx_word' id='word_1_595' title='bbox 3159 3299 3281 3352; x_wconf 88' lang='lat' dir='ltr'><strong>licet</strong></span> <span class='ocrx_word' id='word_1_596' title='bbox 3312 3297 3568 3348; x_wconf 86' lang='lat' dir='ltr'><strong>Dominus</strong></span> <span class='ocrx_word' id='word_1_597' title='bbox 3607 3294 3746 3345; x_wconf 88' lang='lat' dir='ltr'><strong>duo-</strong></span> 
     </span>
    </p>
   </div>
   <div class='ocr_carea' id='block_1_84' title="bbox 2132 3367 3744 3435">
    <p class='ocr_par' dir='ltr' id='par_1_84' title="bbox 2132 3367 3744 3435">
     <span class='ocr_line' id='line_1_84' title="bbox 2132 3367 3744 3435; baseline -0.001 -18"><span class='ocrx_word' id='word_1_598' title='bbox 2132 3367 2149 3382; x_wconf 82' lang='lat'><strong>&#39;</strong></span> <span class='ocrx_word' id='word_1_599' title='bbox 2186 3368 2360 3421; x_wconf 87' lang='lat' dir='ltr'><strong>decim</strong></span> <span class='ocrx_word' id='word_1_600' title='bbox 2391 3379 2600 3421; x_wconf 87' lang='lat' dir='ltr'><strong>tantum</strong></span> <span class='ocrx_word' id='word_1_601' title='bbox 2634 3368 2906 3435; x_wconf 82' lang='lat' dir='ltr'><strong>apostolos</strong></span> <span class='ocrx_word' id='word_1_602' title='bbox 2936 3367 3314 3433; x_wconf 71' lang='lat' dir='ltr'><strong>tlesignaverit,</strong></span> <span class='ocrx_word' id='word_1_603' title='bbox 3348 3377 3530 3433; x_wconf 84' lang='lat' dir='ltr'><strong>postea</strong></span> <span class='ocrx_word' id='word_1_604' title='bbox 3562 3374 3744 3416; x_wconf 86' lang='lat' dir='ltr'><strong>tamen</strong></span> 
     </span>
    </p>
   </div>
   <div class='ocr_carea' id='block_1_85' title="bbox 2185 3436 3749 3506">
    <p class='ocr_par' dir='ltr' id='par_1_85' title="bbox 2185 3436 3749 3506">
     <span class='ocr_line' id='line_1_85' title="bbox 2185 3436 3749 3506; baseline -0.003 -16"><span class='ocrx_word' id='word_1_605' title='bbox 2185 3436 2299 3490; x_wconf 64' lang='lat' dir='ltr'><strong>liaac</strong></span> <span class='ocrx_word' id='word_1_606' title='bbox 2331 3438 2623 3504; x_wconf 85' lang='lat' dir='ltr'><strong>appellatio</strong></span> <span class='ocrx_word' id='word_1_607' title='bbox 2658 3438 2902 3506; x_wconf 86' lang='lat' dir='ltr'><strong>pluribus</strong></span> <span class='ocrx_word' id='word_1_608' title='bbox 2942 3439 3338 3506; x_wconf 70' lang='lat' dir='ltr'><strong>cuiuiiiiiiiirata</strong></span> <span class='ocrx_word' id='word_1_609' title='bbox 3377 3445 3479 3500; x_wconf 89' lang='lat' dir='ltr'><strong>est,</strong></span> <span class='ocrx_word' id='word_1_610' title='bbox 3508 3445 3563 3506; x_wconf 74' lang='lat' dir='ltr'><strong>ut</strong></span> <span class='ocrx_word' id='word_1_611' title='bbox 3593 3447 3749 3485; x_wconf 81' lang='lat' dir='ltr'><strong>nuta-</strong></span> 
     </span>
    </p>
   </div>
   <div class='ocr_carea' id='block_1_86' title="bbox 2183 3503 3748 3577">
    <p class='ocr_par' dir='ltr' id='par_1_86' title="bbox 2183 3503 3748 3577">
     <span class='ocr_line' id='line_1_86' title="bbox 2183 3503 3748 3577; baseline -0.001 -19"><span class='ocrx_word' id='word_1_612' title='bbox 2183 3508 2260 3559; x_wconf 80' lang='lat' dir='ltr'><strong>vit</strong></span> <span class='ocrx_word' id='word_1_613' title='bbox 2301 3503 2669 3577; x_wconf 77' lang='lat' dir='ltr'><strong>Hieronymus</strong></span> <span class='ocrx_word' id='word_1_614' title='bbox 2703 3511 2756 3560; x_wconf 84' lang='lat' dir='ltr'><strong>iu</strong></span> <span class='ocrx_word' id='word_1_615' title='bbox 2805 3505 3091 3571; x_wconf 81' lang='lat' dir='ltr'><strong>Epistolam</strong></span> <span class='ocrx_word' id='word_1_616' title='bbox 3128 3510 3195 3559; x_wconf 84' lang='lat' dir='ltr'><strong>ad</strong></span> <span class='ocrx_word' id='word_1_617' title='bbox 3227 3505 3469 3577; x_wconf 65' lang='lat' dir='ltr'><strong>Galatas.</strong></span> <span class='ocrx_word' id='word_1_618' title='bbox 3506 3503 3748 3577; x_wconf 75' lang='lat' dir='ltr'><strong>“incest</strong></span> 
     </span>
    </p>
   </div>
   <div class='ocr_carea' id='block_1_87' title="bbox 2183 3573 3749 3644">
    <p class='ocr_par' dir='ltr' id='par_1_87' title="bbox 2183 3573 3749 3644">
     <span class='ocr_line' id='line_1_87' title="bbox 2183 3573 3749 3644; baseline 0 -17"><span class='ocrx_word' id='word_1_619' title='bbox 2183 3579 2324 3644; x_wconf 88' lang='lat' dir='ltr'><strong>quod</strong></span> <span class='ocrx_word' id='word_1_620' title='bbox 2360 3579 2409 3630; x_wconf 93' lang='lat' dir='ltr'><strong>in</strong></span> <span class='ocrx_word' id='word_1_621' title='bbox 2445 3573 2661 3631; x_wconf 62' lang='lat' dir='ltr'><strong>Menaeis</strong></span> <span class='ocrx_word' id='word_1_622' title='bbox 2688 3579 3025 3640; x_wconf 71' lang='lat' dir='ltr'><strong>Griecormu,</strong></span> <span class='ocrx_word' id='word_1_623' title='bbox 3053 3586 3108 3630; x_wconf 89' lang='lat' dir='ltr'><strong>et</strong></span> <span class='ocrx_word' id='word_1_624' title='bbox 3133 3578 3273 3644; x_wconf 87' lang='lat' dir='ltr'><strong>apud</strong></span> <span class='ocrx_word' id='word_1_625' title='bbox 3306 3575 3612 3644; x_wconf 72' lang='lat' dir='ltr'><strong>Simeonem</strong></span> <span class='ocrx_word' id='word_1_626' title='bbox 3641 3573 3749 3627; x_wconf 74' lang='grc' dir='ltr'><strong>Μο-</strong></span> 
     </span>
    </p>
   </div>
   <div class='ocr_carea' id='block_1_88' title="bbox 2184 3642 3746 3711">
    <p class='ocr_par' dir='ltr' id='par_1_88' title="bbox 2184 3642 3746 3711">
     <span class='ocr_line' id='line_1_88' title="bbox 2184 3642 3746 3711; baseline -0.002 -14"><span class='ocrx_word' id='word_1_627' title='bbox 2184 3642 2542 3711; x_wconf 76' lang='lat' dir='ltr'><strong>taphrasteni,</strong></span> <span class='ocrx_word' id='word_1_628' title='bbox 2598 3647 2809 3699; x_wconf 79' lang='lat' dir='ltr'><strong>Marcus</strong></span> <span class='ocrx_word' id='word_1_629' title='bbox 2843 3657 2897 3700; x_wconf 88' lang='lat' dir='ltr'><strong>et</strong></span> <span class='ocrx_word' id='word_1_630' title='bbox 2941 3647 3115 3700; x_wconf 80' lang='lat' dir='ltr'><strong>Lucas</strong></span> <span class='ocrx_word' id='word_1_631' title='bbox 3164 3642 3531 3708; x_wconf 50' lang='lat' dir='ltr'><strong>evangelista‘.</strong></span> <span class='ocrx_word' id='word_1_632' title='bbox 3568 3642 3746 3706; x_wconf 86' lang='lat' dir='ltr'><strong>Titus,</strong></span> 
     </span>
    </p>
   </div>
   <div class='ocr_carea' id='block_1_89' title="bbox 2183 3713 3742 3783">
    <p class='ocr_par' dir='ltr' id='par_1_89' title="bbox 2183 3713 3742 3783">
     <span class='ocr_line' id='line_1_89' title="bbox 2183 3713 3742 3783; baseline -0.004 -13"><span class='ocrx_word' id='word_1_633' title='bbox 2183 3716 2500 3772; x_wconf 84' lang='lat' dir='ltr'><strong>Timotheus</strong></span> <span class='ocrx_word' id='word_1_634' title='bbox 2536 3728 2589 3772; x_wconf 89' lang='lat' dir='ltr'><strong>et</strong></span> <span class='ocrx_word' id='word_1_635' title='bbox 2623 3717 2897 3770; x_wconf 80' lang='lat' dir='ltr'><strong>Philemon</strong></span> <span class='ocrx_word' id='word_1_636' title='bbox 2945 3729 3000 3769; x_wconf 91' lang='lat' dir='ltr'><strong>et</strong></span> <span class='ocrx_word' id='word_1_637' title='bbox 3034 3719 3221 3783; x_wconf 80' lang='lat' dir='ltr'><strong>reliqui</strong></span> <span class='ocrx_word' id='word_1_638' title='bbox 3275 3715 3426 3767; x_wconf 83' lang='lat' dir='ltr'><strong>Pauli</strong></span> <span class='ocrx_word' id='word_1_639' title='bbox 3465 3713 3742 3781; x_wconf 84' lang='lat' dir='ltr'><strong>discipuli,</strong></span> 
     </span>
    </p>
   </div>
   <div class='ocr_carea' id='block_1_90' title="bbox 2181 3787 3746 3851">
    <p class='ocr_par' dir='ltr' id='par_1_90' title="bbox 2181 3787 3746 3851">
     <span class='ocr_line' id='line_1_90' title="bbox 2181 3787 3746 3851; baseline -0.002 -14"><span class='ocrx_word' id='word_1_640' title='bbox 2181 3790 2546 3851; x_wconf 82' lang='lat' dir='ltr'><strong>apostolorum</strong></span> <span class='ocrx_word' id='word_1_641' title='bbox 2583 3788 2737 3841; x_wconf 85' lang='lat' dir='ltr'><strong>titulo</strong></span> <span class='ocrx_word' id='word_1_642' title='bbox 2774 3789 3119 3840; x_wconf 83' lang='lat' dir='ltr'><strong>ilccoraiitur.</strong></span> <span class='ocrx_word' id='word_1_643' title='bbox 3163 3787 3478 3839; x_wconf 78' lang='lat' dir='ltr'><strong>Attibrosiiis</strong></span> <span class='ocrx_word' id='word_1_644' title='bbox 3518 3800 3611 3835; x_wconf 84' lang='lat' dir='ltr'><strong>seti</strong></span> <span class='ocrx_word' id='word_1_645' title='bbox 3647 3799 3746 3849; x_wconf 82' lang='lat' dir='ltr'><strong>po-</strong></span> 
     </span>
    </p>
   </div>
   <div class='ocr_carea' id='block_1_91' title="bbox 2183 3853 3749 3922">
    <p class='ocr_par' dir='ltr' id='par_1_91' title="bbox 2183 3853 3749 3922">
     <span class='ocr_line' id='line_1_91' title="bbox 2183 3853 3749 3922; baseline -0.001 -14"><span class='ocrx_word' id='word_1_646' title='bbox 2183 3865 2288 3910; x_wconf 86' lang='lat' dir='ltr'><strong>tius</strong></span> <span class='ocrx_word' id='word_1_647' title='bbox 2336 3857 2565 3911; x_wconf 86' lang='lat' dir='ltr'><strong>H.|arins</strong></span> <span class='ocrx_word' id='word_1_648' title='bbox 2598 3859 2650 3909; x_wconf 84' lang='lat' dir='ltr'><strong>ia</strong></span> <span class='ocrx_word' id='word_1_649' title='bbox 2681 3875 2796 3922; x_wconf 83' lang='lat' dir='ltr'><strong>cap.</strong></span> <span class='ocrx_word' id='word_1_650' title='bbox 2829 3873 2844 3910; x_wconf 93' lang='lat'><strong>1</strong></span> <span class='ocrx_word' id='word_1_651' title='bbox 2880 3857 3130 3922; x_wconf 65' lang='lat' dir='ltr'><strong>Epistolis</strong></span> <span class='ocrx_word' id='word_1_652' title='bbox 3163 3859 3230 3907; x_wconf 82' lang='lat' dir='ltr'><strong>ad</strong></span> <span class='ocrx_word' id='word_1_653' title='bbox 3264 3853 3504 3911; x_wconf 61' lang='lat' dir='ltr'><strong>(inlatus.</strong></span> <span class='ocrx_word' id='word_1_654' title='bbox 3529 3855 3749 3917; x_wconf 62' lang='lat' dir='ltr'><strong>Apono-</strong></span> 
     </span>
    </p>
   </div>
   <div class='ocr_carea' id='block_1_92' title="bbox 2181 3925 3747 3997">
    <p class='ocr_par' dir='ltr' id='par_1_92' title="bbox 2181 3925 3747 3997">
     <span class='ocr_line' id='line_1_92' title="bbox 2181 3925 3747 3997; baseline -0.001 -21"><span class='ocrx_word' id='word_1_655' title='bbox 2181 3928 2289 3978; x_wconf 88' lang='lat' dir='ltr'><strong>Ium</strong></span> <span class='ocrx_word' id='word_1_656' title='bbox 2321 3945 2395 3992; x_wconf 81' lang='lat' dir='ltr'><strong>se,</strong></span> <span class='ocrx_word' id='word_1_657' title='bbox 2422 3929 2613 3997; x_wconf 84' lang='lat' dir='ltr'><strong>inquit,</strong></span> <span class='ocrx_word' id='word_1_658' title='bbox 2648 3943 2750 3978; x_wconf 85' lang='lat' dir='ltr'><strong>nou</strong></span> <span class='ocrx_word' id='word_1_659' title='bbox 2779 3931 2842 3978; x_wconf 88' lang='lat' dir='ltr'><strong>ab</strong></span> <span class='ocrx_word' id='word_1_660' title='bbox 2876 3929 3168 3979; x_wconf 84' lang='lat' dir='ltr'><strong>hominibus</strong></span> <span class='ocrx_word' id='word_1_661' title='bbox 3195 3929 3429 3978; x_wconf 79' lang='lat' dir='ltr'><strong>electum.</strong></span> <span class='ocrx_word' id='word_1_662' title='bbox 3453 3933 3500 3976; x_wconf 74' lang='lat' dir='ltr'><strong>et</strong></span> <span class='ocrx_word' id='word_1_663' title='bbox 3532 3925 3747 3997; x_wconf 79' lang='lat' dir='ltr'><strong>missam</strong></span> 
     </span>
    </p>
   </div>
   <div class='ocr_carea' id='block_1_93' title="bbox 2181 3994 3744 4062">
    <p class='ocr_par' dir='ltr' id='par_1_93' title="bbox 2181 3994 3744 4062">
     <span class='ocr_line' id='line_1_93' title="bbox 2181 3994 3744 4062; baseline -0.001 -16"><span class='ocrx_word' id='word_1_664' title='bbox 2181 4000 2249 4047; x_wconf 83' lang='lat' dir='ltr'><strong>ad</strong></span> <span class='ocrx_word' id='word_1_665' title='bbox 2293 3994 2687 4062; x_wconf 66' lang='lat' dir='ltr'><strong>pra&#39;tli&#39;camlum</strong></span> <span class='ocrx_word' id='word_1_666' title='bbox 2739 4008 2976 4056; x_wconf 77' lang='lat' dir='ltr'><strong>testatur,</strong></span> <span class='ocrx_word' id='word_1_667' title='bbox 3011 3999 3144 4048; x_wconf 81' lang='lat' dir='ltr'><strong>sicut</strong></span> <span class='ocrx_word' id='word_1_668' title='bbox 3201 4006 3348 4048; x_wconf 82' lang='lat' dir='ltr'><strong>erant</strong></span> <span class='ocrx_word' id='word_1_669' title='bbox 3385 3997 3625 4062; x_wconf 82' lang='lat' dir='ltr'><strong>quidam,</strong></span> <span class='ocrx_word' id='word_1_670' title='bbox 3653 3994 3744 4062; x_wconf 75' lang='lat' dir='ltr'><strong>qui</strong></span> 
     </span>
    </p>
   </div>
   <div class='ocr_carea' id='block_1_94' title="bbox 2181 4064 3741 4127">
    <p class='ocr_par' dir='ltr' id='par_1_94' title="bbox 2181 4064 3741 4127">
     <span class='ocr_line' id='line_1_94' title="bbox 2181 4064 3741 4127; baseline -0.003 -9"><span class='ocrx_word' id='word_1_671' title='bbox 2181 4067 2327 4118; x_wconf 83' lang='lat' dir='ltr'><strong>electi</strong></span> <span class='ocrx_word' id='word_1_672' title='bbox 2363 4069 2425 4119; x_wconf 90' lang='lat' dir='ltr'><strong>ab</strong></span> <span class='ocrx_word' id='word_1_673' title='bbox 2483 4067 2732 4127; x_wconf 75' lang='lat' dir='ltr'><strong>apostolis</strong></span> <span class='ocrx_word' id='word_1_674' title='bbox 2786 4068 3124 4120; x_wconf 80' lang='lat' dir='ltr'><strong>mittebantur</strong></span> <span class='ocrx_word' id='word_1_675' title='bbox 3177 4069 3244 4118; x_wconf 80' lang='lat' dir='ltr'><strong>ait</strong></span> <span class='ocrx_word' id='word_1_676' title='bbox 3279 4065 3540 4118; x_wconf 66' lang='grc' dir='ltr'><strong>[ζει-[εοεαε</strong></span> <span class='ocrx_word' id='word_1_677' title='bbox 3583 4064 3741 4116; x_wconf 86' lang='lat' dir='ltr'><strong>robo-</strong></span> 
     </span>
    </p>
   </div>
   <div class='ocr_carea' id='block_1_95' title="bbox 2179 4133 3747 4206">
    <p class='ocr_par' dir='ltr' id='par_1_95' title="bbox 2179 4133 3747 4206">
     <span class='ocr_line' id='line_1_95' title="bbox 2179 4133 3747 4206; baseline -0.001 -21"><span class='ocrx_word' id='word_1_678' title='bbox 2179 4137 2376 4188; x_wconf 80' lang='lat' dir='ltr'><strong>raiidas</strong></span> <span class='ocrx_word' id='word_1_679' title='bbox 2405 4153 2423 4190; x_wconf 89' lang='lat'><strong><em>:</em></strong></span> <span class='ocrx_word' id='word_1_680' title='bbox 2455 4154 2613 4204; x_wconf 81' lang='lat' dir='ltr'><strong>neque</strong></span> <span class='ocrx_word' id='word_1_681' title='bbox 2662 4138 2795 4206; x_wconf 70' lang='lat' dir='ltr'><strong>sicut</strong></span> <span class='ocrx_word' id='word_1_682' title='bbox 2839 4139 2932 4189; x_wconf 84' lang='lat' dir='ltr'><strong>alii</strong></span> <span class='ocrx_word' id='word_1_683' title='bbox 2975 4139 3122 4206; x_wconf 83' lang='lat' dir='ltr'><strong>quia</strong></span> <span class='ocrx_word' id='word_1_684' title='bbox 3153 4137 3357 4192; x_wconf 74' lang='lat' dir='ltr'><strong>.liula&#39;is</strong></span> <span class='ocrx_word' id='word_1_685' title='bbox 3406 4133 3747 4187; x_wconf 78' lang='lat' dir='ltr'><strong>mittebantur</strong></span> 
     </span>
    </p>
   </div>
   <div class='ocr_carea' id='block_1_96' title="bbox 2178 4205 3745 4272">
    <p class='ocr_par' dir='ltr' id='par_1_96' title="bbox 2178 4205 3745 4272">
     <span class='ocr_line' id='line_1_96' title="bbox 2178 4205 3745 4272; baseline 0.001 -16"><span class='ocrx_word' id='word_1_686' title='bbox 2178 4206 2246 4256; x_wconf 84' lang='lat' dir='ltr'><strong>ad</strong></span> <span class='ocrx_word' id='word_1_687' title='bbox 2280 4208 2653 4260; x_wconf 79' lang='lat' dir='ltr'><strong>disturbandas</strong></span> <span class='ocrx_word' id='word_1_688' title='bbox 2684 4205 2968 4262; x_wconf 77' lang='lat' dir='ltr'><strong>Ecclesias.</strong></span> <span class='ocrx_word' id='word_1_689' title='bbox 2990 4205 3218 4272; x_wconf 68' lang='lat' dir='ltr'><strong>Quibus</strong></span> <span class='ocrx_word' id='word_1_690' title='bbox 3251 4208 3301 4257; x_wconf 91' lang='lat' dir='ltr'><strong>in</strong></span> <span class='ocrx_word' id='word_1_691' title='bbox 3341 4205 3519 4258; x_wconf 63' lang='lat' dir='ltr'><strong>verbis</strong></span> <span class='ocrx_word' id='word_1_692' title='bbox 3551 4207 3745 4270; x_wconf 74' lang='lat' dir='ltr'><strong>triplex</strong></span> 
     </span>
    </p>
   </div>
   <div class='ocr_carea' id='block_1_97' title="bbox 2179 4276 3740 4342">
    <p class='ocr_par' dir='ltr' id='par_1_97' title="bbox 2179 4276 3740 4342">
     <span class='ocr_line' id='line_1_97' title="bbox 2179 4276 3740 4342; baseline -0.001 -16"><span class='ocrx_word' id='word_1_693' title='bbox 2179 4291 2346 4342; x_wconf 83' lang='lat' dir='ltr'><strong>genus</strong></span> <span class='ocrx_word' id='word_1_694' title='bbox 2375 4291 2688 4330; x_wconf 85' lang='lat' dir='ltr'><strong>rccensetnr</strong></span> <span class='ocrx_word' id='word_1_695' title='bbox 2717 4277 3108 4342; x_wconf 84' lang='lat' dir='ltr'><strong>apostolorum.</strong></span> <span class='ocrx_word' id='word_1_696' title='bbox 3145 4277 3307 4330; x_wconf 81' lang='lat' dir='ltr'><strong>Primi</strong></span> <span class='ocrx_word' id='word_1_697' title='bbox 3363 4285 3486 4328; x_wconf 84' lang='lat' dir='ltr'><strong>sunt</strong></span> <span class='ocrx_word' id='word_1_698' title='bbox 3534 4276 3740 4324; x_wconf 80' lang='lat' dir='ltr'><strong>duode-</strong></span> 
     </span>
    </p>
   </div>
   <div class='ocr_carea' id='block_1_98' title="bbox 2177 4343 3738 4413">
    <p class='ocr_par' dir='ltr' id='par_1_98' title="bbox 2177 4343 3738 4413">
     <span class='ocr_line' id='line_1_98' title="bbox 2177 4343 3738 4413; baseline -0.002 -15"><span class='ocrx_word' id='word_1_699' title='bbox 2177 4346 2280 4398; x_wconf 91' lang='lat' dir='ltr'><strong>cim</strong></span> <span class='ocrx_word' id='word_1_700' title='bbox 2309 4348 2378 4399; x_wconf 90' lang='lat' dir='ltr'><strong>illi</strong></span> <span class='ocrx_word' id='word_1_701' title='bbox 2412 4364 2440 4400; x_wconf 86' lang='lat' dir='ltr'><strong>a</strong></span> <span class='ocrx_word' id='word_1_702' title='bbox 2477 4347 2692 4400; x_wconf 82' lang='lat' dir='ltr'><strong>Christo</strong></span> <span class='ocrx_word' id='word_1_703' title='bbox 2717 4348 2900 4400; x_wconf 86' lang='lat' dir='ltr'><strong>electi.</strong></span> <span class='ocrx_word' id='word_1_704' title='bbox 2939 4349 3172 4400; x_wconf 82' lang='lat' dir='ltr'><strong>Secundi</strong></span> <span class='ocrx_word' id='word_1_705' title='bbox 3211 4358 3337 4400; x_wconf 88' lang='lat' dir='ltr'><strong>sunt</strong></span> <span class='ocrx_word' id='word_1_706' title='bbox 3363 4343 3738 4413; x_wconf 79' lang='lat' dir='ltr'><strong>apusmlorum</strong></span> 
     </span>
    </p>
   </div>
   <div class='ocr_carea' id='block_1_99' title="bbox 2178 4413 3745 4486">
    <p class='ocr_par' dir='ltr' id='par_1_99' title="bbox 2178 4413 3745 4486">
     <span class='ocr_line' id='line_1_99' title="bbox 2178 4413 3745 4486; baseline -0.001 -19"><span class='ocrx_word' id='word_1_707' title='bbox 2178 4415 2448 4484; x_wconf 89' lang='lat' dir='ltr'><strong>discipuli.</strong></span> <span class='ocrx_word' id='word_1_708' title='bbox 2494 4417 2689 4479; x_wconf 85' lang='lat' dir='ltr'><strong>Tertii,</strong></span> <span class='ocrx_word' id='word_1_709' title='bbox 2754 4415 3062 4469; x_wconf 68' lang='lat' dir='ltr'><strong>ludat-orum</strong></span> <span class='ocrx_word' id='word_1_710' title='bbox 3120 4419 3368 4486; x_wconf 78' lang='lat' dir='ltr'><strong>apostoli.</strong></span> <span class='ocrx_word' id='word_1_711' title='bbox 3431 4413 3745 4486; x_wconf 83' lang='lat' dir='ltr'><strong>llabiieritiit</strong></span> 
     </span>
    </p>
   </div>
   <div class='ocr_carea' id='block_1_100' title="bbox 2177 4485 3742 4554">
    <p class='ocr_par' dir='ltr' id='par_1_100' title="bbox 2177 4485 3742 4554">
     <span class='ocr_line' id='line_1_100' title="bbox 2177 4485 3742 4554; baseline -0.001 -18"><span class='ocrx_word' id='word_1_712' title='bbox 2177 4487 2319 4538; x_wconf 91' lang='lat' dir='ltr'><strong>enim</strong></span> <span class='ocrx_word' id='word_1_713' title='bbox 2351 4487 2516 4540; x_wconf 69' lang='lat' dir='ltr'><strong>Judaei</strong></span> <span class='ocrx_word' id='word_1_714' title='bbox 2546 4487 2812 4554; x_wconf 84' lang='lat' dir='ltr'><strong>apostolos</strong></span> <span class='ocrx_word' id='word_1_715' title='bbox 2841 4504 2989 4547; x_wconf 88' lang='lat' dir='ltr'><strong>suos.</strong></span> <span class='ocrx_word' id='word_1_716' title='bbox 3027 4489 3115 4554; x_wconf 88' lang='lat' dir='ltr'><strong>qui</strong></span> <span class='ocrx_word' id='word_1_717' title='bbox 3149 4485 3175 4539; x_wconf 86' lang='lat' dir='ltr'><strong>a</strong></span> <span class='ocrx_word' id='word_1_718' title='bbox 3206 4486 3528 4554; x_wconf 77' lang='lat' dir='ltr'><strong>patriarcliis</strong></span> <span class='ocrx_word' id='word_1_719' title='bbox 3557 4485 3742 4554; x_wconf 81' lang='lat' dir='ltr'><strong>adva-</strong></span> 
     </span>
    </p>
   </div>
   <div class='ocr_carea' id='block_1_101' title="bbox 507 4542 3738 4625">
    <p class='ocr_par' dir='ltr' id='par_1_101' title="bbox 507 4542 3738 4625">
     <span class='ocr_line' id='line_1_101' title="bbox 507 4542 3738 4625; baseline -0.002 -14"><span class='ocrx_word' id='word_1_720' title='bbox 507 4558 624 4611; x_wconf 70' lang='lat' dir='ltr'><strong>colii&#39;</strong></span> <span class='ocrx_word' id='word_1_721' title='bbox 649 4571 669 4610; x_wconf 91' lang='lat'><strong><em>:</em></strong></span> <span class='ocrx_word' id='word_1_722' title='bbox 701 4566 751 4610; x_wconf 87' lang='lat' dir='ltr'><strong>ct</strong></span> <span class='ocrx_word' id='word_1_723' title='bbox 780 4542 1244 4625; x_wconf 59' lang='lat' dir='ltr'><strong>alibi&#39;aiipellatar</strong></span> <span class='ocrx_word' id='word_1_724' title='bbox 1299 4542 1533 4619; x_wconf 49' lang='lat' dir='ltr'><strong>Le&#39;tia&#39;us,</strong></span> <span class='ocrx_word' id='word_1_725' title='bbox 1568 4557 1731 4625; x_wconf 8' lang='lat' dir='ltr'><strong>quod,</strong></span> <span class='ocrx_word' id='word_1_726' title='bbox 1758 4555 2071 4621; x_wconf 77' lang='lat' dir='ltr'><strong>interpreta-</strong></span> <span class='ocrx_word' id='word_1_727' title='bbox 2103 4542 2148 4596; x_wconf 79' lang='grc' dir='ltr'>Ι)</span> <span class='ocrx_word' id='word_1_728' title='bbox 2181 4556 2256 4607; x_wconf 83' lang='lat' dir='ltr'><strong>ria</strong></span> <span class='ocrx_word' id='word_1_729' title='bbox 2291 4557 2506 4625; x_wconf 82' lang='lat' dir='ltr'><strong>negotia</strong></span> <span class='ocrx_word' id='word_1_730' title='bbox 2539 4542 2910 4610; x_wconf 78' lang='lat' dir='ltr'><strong>mittebantur.</strong></span> <span class='ocrx_word' id='word_1_731' title='bbox 2948 4542 3147 4610; x_wconf 63' lang='lat' dir='ltr'><strong>Eorum</strong></span> <span class='ocrx_word' id='word_1_732' title='bbox 3175 4542 3378 4610; x_wconf 80' lang='lat' dir='ltr'><strong>uientio</strong></span> <span class='ocrx_word' id='word_1_733' title='bbox 3407 4558 3465 4606; x_wconf 90' lang='lat' dir='ltr'><strong>lit</strong></span> <span class='ocrx_word' id='word_1_734' title='bbox 3504 4553 3738 4625; x_wconf 80' lang='lat' dir='ltr'><strong>ab_Epi-</strong></span> 
     </span>
    </p>
   </div>
   <div class='ocr_carea' id='block_1_102' title="bbox 507 4624 2073 4695">
    <p class='ocr_par' dir='ltr' id='par_1_102' title="bbox 507 4624 2073 4695">
     <span class='ocr_line' id='line_1_102' title="bbox 507 4624 2073 4695; baseline -0.001 -15"><span class='ocrx_word' id='word_1_735' title='bbox 507 4639 597 4680; x_wconf 83' lang='lat' dir='ltr'><strong>tur</strong></span> <span class='ocrx_word' id='word_1_736' title='bbox 626 4627 932 4682; x_wconf 90' lang='lat' dir='ltr'><strong>Corculum.</strong></span> <span class='ocrx_word' id='word_1_737' title='bbox 952 4624 1378 4684; x_wconf 76' lang='lat' dir='ltr'><strong>Cretleadumaue</strong></span> <span class='ocrx_word' id='word_1_738' title='bbox 1405 4637 1479 4678; x_wconf 84' lang='lat' dir='ltr'><strong>est</strong></span> <span class='ocrx_word' id='word_1_739' title='bbox 1510 4624 1628 4677; x_wconf 85' lang='lat' dir='ltr'><strong>eum</strong></span> <span class='ocrx_word' id='word_1_740' title='bbox 1655 4624 1816 4693; x_wconf 79' lang='lat' dir='ltr'><strong>fuisse</strong></span> <span class='ocrx_word' id='word_1_741' title='bbox 1843 4625 2073 4695; x_wconf 85' lang='grc' dir='ltr'>τριώνυ-</span> 
     </span>
    </p>
   </div>
   <div class='ocr_carea' id='block_1_103' title="bbox 513 4695 2066 4770">
    <p class='ocr_par' dir='ltr' id='par_1_103' title="bbox 513 4695 2066 4770">
     <span class='ocr_line' id='line_1_103' title="bbox 513 4695 2066 4770; baseline -0.001 -20"><span class='ocrx_word' id='word_1_742' title='bbox 513 4715 631 4770; x_wconf 58' lang='grc' dir='ltr'>μον,</span> <span class='ocrx_word' id='word_1_743' title='bbox 655 4697 1104 4770; x_wconf 15' lang='grc' dir='ltr'>γιίιιιιιιὲξοινέιιὶιιιε*</span> <span class='ocrx_word' id='word_1_744' title='bbox 1132 4696 1195 4770; x_wconf 82' lang='lat' dir='ltr'><strong>in</strong></span> <span class='ocrx_word' id='word_1_745' title='bbox 1219 4695 1522 4770; x_wconf 76' lang='lat' dir='ltr'><strong>Menologio</strong></span> <span class='ocrx_word' id='word_1_746' title='bbox 1551 4699 1616 4770; x_wconf 69' lang='lat' dir='ltr'><strong>ad</strong></span> <span class='ocrx_word' id='word_1_747' title='bbox 1648 4697 1786 4770; x_wconf 81' lang='lat' dir='ltr'><strong>diem</strong></span> <span class='ocrx_word' id='word_1_748' title='bbox 1818 4697 1881 4750; x_wconf 81' lang='grc'>19</span> <span class='ocrx_word' id='word_1_749' title='bbox 1904 4696 2066 4770; x_wconf 80' lang='lat' dir='ltr'><strong>Junii.</strong></span> 
     </span>
    </p>
   </div>
   <div class='ocr_carea' id='block_1_104' title="bbox 580 4763 2072 4838">
    <p class='ocr_par' dir='ltr' id='par_1_104' title="bbox 580 4763 2072 4838">
     <span class='ocr_line' id='line_1_104' title="bbox 580 4763 2072 4838; baseline -0.003 -16"><span class='ocrx_word' id='word_1_750' title='bbox 580 4768 688 4838; x_wconf 83' lang='lat'><strong>(66)</strong></span> <span class='ocrx_word' id='word_1_751' title='bbox 722 4765 1014 4820; x_wconf 76' lang='grc' dir='ltr'>Θαδδαῖον</span> <span class='ocrx_word' id='word_1_752' title='bbox 1030 4765 1137 4818; x_wconf 75' lang='grc' dir='ltr'><strong>τὸν</strong></span> <span class='ocrx_word' id='word_1_753' title='bbox 1165 4763 1527 4819; x_wconf 72' lang='grc' dir='ltr'>ἀπόστολον.</span> <span class='ocrx_word' id='word_1_754' title='bbox 1550 4763 1748 4838; x_wconf 53' lang='lat' dir='ltr'><strong>Ecscio</strong></span> <span class='ocrx_word' id='word_1_755' title='bbox 1795 4783 1893 4820; x_wconf 88' lang='lat' dir='ltr'><strong>cur</strong></span> <span class='ocrx_word' id='word_1_756' title='bbox 1927 4767 2072 4838; x_wconf 75' lang='lat' dir='ltr'><strong>Hie—</strong></span> 
     </span>
    </p>
   </div>
   <div class='ocr_carea' id='block_1_105' title="bbox 508 4835 2070 4910">
    <p class='ocr_par' dir='ltr' id='par_1_105' title="bbox 508 4835 2070 4910">
     <span class='ocr_line' id='line_1_105' title="bbox 508 4835 2070 4910; baseline -0.001 -16"><span class='ocrx_word' id='word_1_757' title='bbox 508 4835 766 4910; x_wconf 67' lang='lat' dir='ltr'><strong>ronyniiis</strong></span> <span class='ocrx_word' id='word_1_758' title='bbox 800 4841 852 4891; x_wconf 88' lang='lat' dir='ltr'><strong>iu</strong></span> <span class='ocrx_word' id='word_1_759' title='bbox 887 4840 1004 4890; x_wconf 85' lang='lat' dir='ltr'><strong>loco</strong></span> <span class='ocrx_word' id='word_1_760' title='bbox 1043 4842 1290 4910; x_wconf 81' lang='lat' dir='ltr'><strong>superius</strong></span> <span class='ocrx_word' id='word_1_761' title='bbox 1336 4838 1517 4902; x_wconf 85' lang='lat' dir='ltr'><strong>allato,</strong></span> <span class='ocrx_word' id='word_1_762' title='bbox 1549 4835 1876 4910; x_wconf 55' lang='lat' dir='ltr'><strong>Thaddaiuni</strong></span> <span class='ocrx_word' id='word_1_763' title='bbox 1924 4836 2070 4892; x_wconf 87' lang='lat' dir='ltr'><strong>hunc</strong></span> 
     </span>
    </p>
   </div>
   <div class='ocr_carea' id='block_1_106' title="bbox 503 4903 2069 4980">
    <p class='ocr_par' dir='ltr' id='par_1_106' title="bbox 503 4903 2069 4980">
     <span class='ocr_line' id='line_1_106' title="bbox 503 4903 2069 4980; baseline -0.002 -19"><span class='ocrx_word' id='word_1_764' title='bbox 503 4903 663 4980; x_wconf 52' lang='lat' dir='ltr'><strong>gui&#39;a</strong></span> <span class='ocrx_word' id='word_1_765' title='bbox 696 4908 898 4960; x_wconf 74' lang='lat' dir='ltr'><strong>&#39;l‘lioina</strong></span> <span class='ocrx_word' id='word_1_766' title='bbox 939 4909 1183 4974; x_wconf 75' lang='lat' dir='ltr'><strong>apostolo</strong></span> <span class='ocrx_word' id='word_1_767' title='bbox 1217 4909 1434 4980; x_wconf 10' lang='lat' dir='ltr'><strong>missus?</strong></span> <span class='ocrx_word' id='word_1_768' title='bbox 1460 4917 1544 4960; x_wconf 83' lang='lat' dir='ltr'><strong>est</strong></span> <span class='ocrx_word' id='word_1_769' title='bbox 1575 4908 1658 4980; x_wconf 76' lang='lat' dir='ltr'><strong>ad</strong></span> <span class='ocrx_word' id='word_1_770' title='bbox 1683 4903 1952 4980; x_wconf 68' lang='lat' dir='ltr'><strong>Agbaruni</strong></span> <span class='ocrx_word' id='word_1_771' title='bbox 1987 4922 2069 4958; x_wconf 81' lang='lat' dir='ltr'><strong>re-</strong></span> 
     </span>
    </p>
   </div>
   <div class='ocr_carea' id='block_1_107' title="bbox 545 4975 2068 5043">
    <p class='ocr_par' dir='ltr' id='par_1_107' title="bbox 545 4975 2068 5043">
     <span class='ocr_line' id='line_1_107' title="bbox 545 4975 2068 5043; baseline -0.001 -13"><span class='ocrx_word' id='word_1_772' title='bbox 545 4997 652 5043; x_wconf 88' lang='lat' dir='ltr'><strong>ein,</strong></span> <span class='ocrx_word' id='word_1_773' title='bbox 682 4993 844 5029; x_wconf 87' lang='lat' dir='ltr'><strong>iiiitiiii</strong></span> <span class='ocrx_word' id='word_1_774' title='bbox 874 4993 937 5030; x_wconf 85' lang='lat' dir='ltr'><strong>ex</strong></span> <span class='ocrx_word' id='word_1_775' title='bbox 971 4992 1042 5029; x_wconf 79' lang='lat' dir='ltr'><strong>itii</strong></span> <span class='ocrx_word' id='word_1_776' title='bbox 1074 4979 1334 5042; x_wconf 77' lang='lat' dir='ltr'><strong>apostolis</strong></span> <span class='ocrx_word' id='word_1_777' title='bbox 1363 4978 1532 5030; x_wconf 78' lang='lat' dir='ltr'><strong>fuisse</strong></span> <span class='ocrx_word' id='word_1_778' title='bbox 1559 4976 1709 5030; x_wconf 90' lang='lat' dir='ltr'><strong>dicit.</strong></span> <span class='ocrx_word' id='word_1_779' title='bbox 1737 4976 1868 5028; x_wconf 83' lang='lat' dir='ltr'><strong>Nam</strong></span> <span class='ocrx_word' id='word_1_780' title='bbox 1903 4975 2068 5031; x_wconf 84' lang='lat' dir='ltr'><strong>Euse-</strong></span> 
     </span>
    </p>
   </div>
   <div class='ocr_carea' id='block_1_108' title="bbox 505 4997 2068 5117">
    <p class='ocr_par' dir='ltr' id='par_1_108' title="bbox 505 4997 2068 5117">
     <span class='ocr_line' id='line_1_108' title="bbox 545 4997 2068 5043; baseline -0.001 -13"><span class='ocrx_word' id='word_1_781' title='bbox 545 4997 652 5043; x_wconf 87' lang='lat' dir='ltr'><strong>ein,</strong></span> <span class='ocrx_word' id='word_1_782' title='bbox 682 4997 844 5029; x_wconf 91' lang='lat' dir='ltr'><strong>unum</strong></span> <span class='ocrx_word' id='word_1_783' title='bbox 874 4997 937 5030; x_wconf 84' lang='lat' dir='ltr'><strong>ex</strong></span> <span class='ocrx_word' id='word_1_784' title='bbox 971 4997 1042 5029; x_wconf 68' lang='grc' dir='ltr'>χιι</span> <span class='ocrx_word' id='word_1_785' title='bbox 1074 4997 1334 5042; x_wconf 77' lang='lat' dir='ltr'><strong>aposuiiis</strong></span> <span class='ocrx_word' id='word_1_786' title='bbox 1363 4997 1532 5030; x_wconf 83' lang='lat' dir='ltr'><strong>inisse</strong></span> <span class='ocrx_word' id='word_1_787' title='bbox 1559 4997 1709 5030; x_wconf 79' lang='lat' dir='ltr'><strong>uicit.</strong></span> <span class='ocrx_word' id='word_1_788' title='bbox 1737 4997 1868 5028; x_wconf 74' lang='lat' dir='ltr'><strong>uani</strong></span> <span class='ocrx_word' id='word_1_789' title='bbox 1903 4997 2068 5031; x_wconf 73' lang='lat' dir='ltr'><strong>nose-</strong></span> 
     </span>
     <span class='ocr_line' id='line_1_109' title="bbox 505 4997 2068 5117; baseline -0.006 -12"><span class='ocrx_word' id='word_1_790' title='bbox 505 4997 628 5105; x_wconf 60' lang='lat' dir='ltr'><strong>Eius</strong></span> <span class='ocrx_word' id='word_1_791' title='bbox 661 5065 728 5101; x_wconf 82' lang='lat' dir='ltr'><strong>ex</strong></span> <span class='ocrx_word' id='word_1_792' title='bbox 758 5063 865 5115; x_wconf 89' lang='lat' dir='ltr'><strong>quo</strong></span> <span class='ocrx_word' id='word_1_793' title='bbox 896 5049 1257 5117; x_wconf 80' lang='lat' dir='ltr'><strong>Hieronymus</strong></span> <span class='ocrx_word' id='word_1_794' title='bbox 1291 5064 1408 5100; x_wconf 87' lang='lat' dir='ltr'><strong>eam</strong></span> <span class='ocrx_word' id='word_1_795' title='bbox 1454 5048 1818 5100; x_wconf 87' lang='lat' dir='ltr'><strong>narrationem</strong></span> <span class='ocrx_word' id='word_1_796' title='bbox 1854 5057 2068 5099; x_wconf 87' lang='lat' dir='ltr'><strong>mutua-</strong></span> 
     </span>
    </p>
   </div>
   <div class='ocr_carea' id='block_1_109' title="bbox 509 5117 2066 5184">
    <p class='ocr_par' dir='ltr' id='par_1_109' title="bbox 509 5117 2066 5184">
     <span class='ocr_line' id='line_1_110' title="bbox 509 5117 2066 5184; baseline -0.001 -11"><span class='ocrx_word' id='word_1_797' title='bbox 509 5131 595 5174; x_wconf 82' lang='lat' dir='ltr'><strong>lus</strong></span> <span class='ocrx_word' id='word_1_798' title='bbox 641 5129 742 5180; x_wconf 86' lang='lat' dir='ltr'><strong>est,</strong></span> <span class='ocrx_word' id='word_1_799' title='bbox 791 5129 899 5169; x_wconf 91' lang='lat' dir='ltr'><strong>tum</strong></span> <span class='ocrx_word' id='word_1_800' title='bbox 948 5117 1057 5178; x_wconf 88' lang='lat' dir='ltr'><strong>hic,</strong></span> <span class='ocrx_word' id='word_1_801' title='bbox 1107 5129 1216 5169; x_wconf 90' lang='lat' dir='ltr'><strong>tum</strong></span> <span class='ocrx_word' id='word_1_802' title='bbox 1251 5119 1301 5170; x_wconf 89' lang='lat' dir='ltr'><strong>iii</strong></span> <span class='ocrx_word' id='word_1_803' title='bbox 1339 5117 1602 5184; x_wconf 67' lang='lat' dir='ltr'><strong>superiori</strong></span> <span class='ocrx_word' id='word_1_804' title='bbox 1650 5117 1825 5184; x_wconf 88' lang='lat' dir='ltr'><strong>capite</strong></span> <span class='ocrx_word' id='word_1_805' title='bbox 1865 5117 2066 5171; x_wconf 85' lang='lat' dir='ltr'><strong>diserte</strong></span> 
     </span>
    </p>
   </div>
   <div class='ocr_carea' id='block_1_110' title="bbox 505 5187 2066 5245">
    <p class='ocr_par' dir='ltr' id='par_1_110' title="bbox 505 5187 2066 5245">
     <span class='ocr_line' id='line_1_111' title="bbox 505 5187 2066 5245; baseline -0.003 -1"><span class='ocrx_word' id='word_1_806' title='bbox 505 5191 717 5245; x_wconf 84' lang='lat' dir='ltr'><strong>scribit.</strong></span> <span class='ocrx_word' id='word_1_807' title='bbox 748 5187 1072 5241; x_wconf 69' lang='lat' dir='ltr'><strong>Thaddazuui</strong></span> <span class='ocrx_word' id='word_1_808' title='bbox 1105 5204 1270 5238; x_wconf 83' lang='lat' dir='ltr'><strong>Hlilllll</strong></span> <span class='ocrx_word' id='word_1_809' title='bbox 1303 5187 1469 5239; x_wconf 77' lang='lat' dir='ltr'><strong>fuisse</strong></span> <span class='ocrx_word' id='word_1_810' title='bbox 1517 5205 1546 5241; x_wconf 73' lang='grc' dir='ltr'><strong><em>ε</em></strong></span> <span class='ocrx_word' id='word_1_811' title='bbox 1583 5202 1689 5239; x_wconf 65' lang='lat' dir='ltr'><strong><em>th</em></strong></span> <span class='ocrx_word' id='word_1_812' title='bbox 1737 5188 1944 5239; x_wconf 84' lang='lat' dir='ltr'><strong>Domini</strong></span> <span class='ocrx_word' id='word_1_813' title='bbox 1979 5189 2066 5240; x_wconf 88' lang='lat' dir='ltr'><strong>tli-</strong></span> 
     </span>
    </p>
   </div>
   <div class='ocr_carea' id='block_1_111' title="bbox 507 5258 2066 5327">
    <p class='ocr_par' dir='ltr' id='par_1_111' title="bbox 507 5258 2066 5327">
     <span class='ocr_line' id='line_1_112' title="bbox 507 5258 2066 5327; baseline -0.003 -12"><span class='ocrx_word' id='word_1_814' title='bbox 507 5261 752 5327; x_wconf 85' lang='lat' dir='ltr'><strong>scipulis.</strong></span> <span class='ocrx_word' id='word_1_815' title='bbox 805 5259 948 5310; x_wconf 85' lang='lat' dir='ltr'><strong>Idem</strong></span> <span class='ocrx_word' id='word_1_816' title='bbox 1001 5258 1198 5324; x_wconf 80' lang='lat' dir='ltr'><strong>repetit</strong></span> <span class='ocrx_word' id='word_1_817' title='bbox 1242 5258 1507 5312; x_wconf 72' lang='lat' dir='ltr'><strong>Eusebius</strong></span> <span class='ocrx_word' id='word_1_818' title='bbox 1543 5259 1593 5310; x_wconf 90' lang='lat' dir='ltr'><strong>in</strong></span> <span class='ocrx_word' id='word_1_819' title='bbox 1625 5258 1721 5310; x_wconf 89' lang='lat' dir='ltr'><strong>lib.</strong></span> <span class='ocrx_word' id='word_1_820' title='bbox 1765 5273 1798 5310; x_wconf 94' lang='lat' dir='ltr'><strong>ii</strong></span> <span class='ocrx_word' id='word_1_821' title='bbox 1835 5259 1934 5310; x_wconf 87' lang='lat' dir='ltr'><strong>sub</strong></span> <span class='ocrx_word' id='word_1_822' title='bbox 1965 5259 2066 5311; x_wconf 81' lang='lat' dir='ltr'><strong>ini-</strong></span> 
     </span>
    </p>
   </div>
   <div class='ocr_carea' id='block_1_112' title="bbox 507 5327 2066 5398">
    <p class='ocr_par' dir='ltr' id='par_1_112' title="bbox 507 5327 2066 5398">
     <span class='ocr_line' id='line_1_113' title="bbox 507 5327 2066 5398; baseline -0.003 -13"><span class='ocrx_word' id='word_1_823' title='bbox 507 5333 664 5385; x_wconf 89' lang='lat' dir='ltr'><strong>tiuin.</strong></span> <span class='ocrx_word' id='word_1_824' title='bbox 698 5330 848 5381; x_wconf 86' lang='lat' dir='ltr'><strong>Hunc</strong></span> <span class='ocrx_word' id='word_1_825' title='bbox 881 5327 943 5379; x_wconf 80' lang='grc' dir='ltr'><strong>Β.</strong></span> <span class='ocrx_word' id='word_1_826' title='bbox 977 5329 1289 5395; x_wconf 86' lang='lat' dir='ltr'><strong>Hieronymi</strong></span> <span class='ocrx_word' id='word_1_827' title='bbox 1317 5345 1556 5384; x_wconf 88' lang='lat' dir='ltr'><strong>errorem</strong></span> <span class='ocrx_word' id='word_1_828' title='bbox 1580 5330 1691 5398; x_wconf 87' lang='lat' dir='ltr'><strong>jam</strong></span> <span class='ocrx_word' id='word_1_829' title='bbox 1731 5330 1927 5381; x_wconf 89' lang='lat' dir='ltr'><strong>dudum</strong></span> <span class='ocrx_word' id='word_1_830' title='bbox 1969 5345 2066 5381; x_wconf 89' lang='lat' dir='ltr'><strong>no-</strong></span> 
     </span>
    </p>
   </div>
   <div class='ocr_carea' id='block_1_113' title="bbox 507 5399 2064 5468">
    <p class='ocr_par' dir='ltr' id='par_1_113' title="bbox 507 5399 2064 5468">
     <span class='ocr_line' id='line_1_114' title="bbox 507 5399 2064 5468; baseline 0.002 -17"><span class='ocrx_word' id='word_1_831' title='bbox 507 5403 637 5456; x_wconf 76' lang='lat' dir='ltr'><strong>tavit</strong></span> <span class='ocrx_word' id='word_1_832' title='bbox 670 5401 806 5452; x_wconf 74' lang='lat' dir='ltr'><strong>Beda</strong></span> <span class='ocrx_word' id='word_1_833' title='bbox 844 5400 894 5451; x_wconf 90' lang='lat' dir='ltr'><strong>iti</strong></span> <span class='ocrx_word' id='word_1_834' title='bbox 931 5417 1049 5464; x_wconf 82' lang='lat' dir='ltr'><strong>cap.</strong></span> <span class='ocrx_word' id='word_1_835' title='bbox 1081 5401 1104 5452; x_wconf 79' lang='grc'>1</span> <span class='ocrx_word' id='word_1_836' title='bbox 1168 5399 1398 5452; x_wconf 74' lang='lat' dir='ltr'><strong>lletract.</strong></span> <span class='ocrx_word' id='word_1_837' title='bbox 1435 5400 1489 5452; x_wconf 81' lang='lat' dir='ltr'><strong>iit</strong></span> <span class='ocrx_word' id='word_1_838' title='bbox 1545 5403 1660 5452; x_wconf 84' lang='lat' dir='ltr'><strong>Act.</strong></span> <span class='ocrx_word' id='word_1_839' title='bbox 1710 5410 1878 5466; x_wconf 81' lang='lat' dir='ltr'><strong>apost.</strong></span> <span class='ocrx_word' id='word_1_840' title='bbox 1915 5401 2064 5468; x_wconf 83' lang='lat' dir='ltr'><strong>Apo-</strong></span> 
     </span>
    </p>
   </div>
   <div class='ocr_carea' id='block_1_114' title="bbox 502 5469 2066 5536">
    <p class='ocr_par' dir='ltr' id='par_1_114' title="bbox 502 5469 2066 5536">
     <span class='ocr_line' id='line_1_115' title="bbox 502 5469 2066 5536; baseline -0.003 -12"><span class='ocrx_word' id='word_1_841' title='bbox 502 5473 670 5524; x_wconf 85' lang='lat' dir='ltr'><strong>stolus</strong></span> <span class='ocrx_word' id='word_1_842' title='bbox 697 5470 913 5534; x_wconf 86' lang='lat' dir='ltr'><strong>quidem</strong></span> <span class='ocrx_word' id='word_1_843' title='bbox 951 5471 1148 5536; x_wconf 86' lang='lat' dir='ltr'><strong>passim</strong></span> <span class='ocrx_word' id='word_1_844' title='bbox 1191 5473 1502 5522; x_wconf 87' lang='lat' dir='ltr'><strong>nominatur</strong></span> <span class='ocrx_word' id='word_1_845' title='bbox 1536 5471 1599 5522; x_wconf 93' lang='lat' dir='ltr'><strong>iu.</strong></span> <span class='ocrx_word' id='word_1_846' title='bbox 1625 5471 1725 5520; x_wconf 83' lang='lat' dir='ltr'><strong>hoc</strong></span> <span class='ocrx_word' id='word_1_847' title='bbox 1767 5469 2066 5523; x_wconf 81' lang='lat' dir='ltr'><strong>Edessena-</strong></span> 
     </span>
    </p>
   </div>
   <div class='ocr_carea' id='block_1_115' title="bbox 503 5539 2062 5608">
    <p class='ocr_par' dir='ltr' id='par_1_115' title="bbox 503 5539 2062 5608">
     <span class='ocr_line' id='line_1_116' title="bbox 503 5539 2062 5608; baseline 0 -15"><span class='ocrx_word' id='word_1_848' title='bbox 503 5558 620 5593; x_wconf 86' lang='lat' dir='ltr'><strong>ruin</strong></span> <span class='ocrx_word' id='word_1_849' title='bbox 649 5552 998 5592; x_wconf 89' lang='lat' dir='ltr'><strong>monutnento</strong></span> <span class='ocrx_word' id='word_1_850' title='bbox 1027 5541 1169 5606; x_wconf 86' lang='lat' dir='ltr'><strong>quod</strong></span> <span class='ocrx_word' id='word_1_851' title='bbox 1204 5540 1365 5591; x_wconf 79' lang='lat' dir='ltr'><strong>refert</strong></span> <span class='ocrx_word' id='word_1_852' title='bbox 1389 5539 1674 5593; x_wconf 82' lang='lat' dir='ltr'><strong>Eusebius.</strong></span> <span class='ocrx_word' id='word_1_853' title='bbox 1702 5539 1805 5590; x_wconf 84' lang='lat' dir='ltr'><strong>Sed</strong></span> <span class='ocrx_word' id='word_1_854' title='bbox 1835 5541 2062 5608; x_wconf 87' lang='lat' dir='ltr'><strong>apostoli</strong></span> 
     </span>
    </p>
   </div>
   <div class='ocr_carea' id='block_1_116' title="bbox 503 5611 2062 5679">
    <p class='ocr_par' dir='ltr' id='par_1_116' title="bbox 503 5611 2062 5679">
     <span class='ocr_line' id='line_1_117' title="bbox 503 5611 2062 5679; baseline 0.001 -16"><span class='ocrx_word' id='word_1_855' title='bbox 503 5627 698 5663; x_wconf 87' lang='lat' dir='ltr'><strong>nomen</strong></span> <span class='ocrx_word' id='word_1_856' title='bbox 749 5611 834 5663; x_wconf 79' lang='lat' dir='ltr'><strong>hic</strong></span> <span class='ocrx_word' id='word_1_857' title='bbox 889 5612 1049 5662; x_wconf 78' lang='lat' dir='ltr'><strong>latius</strong></span> <span class='ocrx_word' id='word_1_858' title='bbox 1107 5611 1358 5671; x_wconf 88' lang='lat' dir='ltr'><strong>sumitur,</strong></span> <span class='ocrx_word' id='word_1_859' title='bbox 1395 5627 1460 5662; x_wconf 86' lang='lat' dir='ltr'><strong>eo</strong></span> <span class='ocrx_word' id='word_1_860' title='bbox 1505 5625 1656 5662; x_wconf 86' lang='lat' dir='ltr'><strong>more</strong></span> <span class='ocrx_word' id='word_1_861' title='bbox 1687 5625 1793 5674; x_wconf 86' lang='lat' dir='ltr'><strong>quo</strong></span> <span class='ocrx_word' id='word_1_862' title='bbox 1832 5613 2062 5679; x_wconf 77' lang='lat' dir='ltr'><strong>singula:</strong></span> 
     </span>
    </p>
   </div>
   <div class='ocr_carea' id='block_1_117' title="bbox 500 5679 2060 5748">
    <p class='ocr_par' dir='ltr' id='par_1_117' title="bbox 500 5679 2060 5748">
     <span class='ocr_line' id='line_1_118' title="bbox 500 5679 2060 5748; baseline 0.001 -16"><span class='ocrx_word' id='word_1_863' title='bbox 500 5692 690 5748; x_wconf 74' lang='lat' dir='ltr'><strong>gentes</strong></span> <span class='ocrx_word' id='word_1_864' title='bbox 741 5692 797 5734; x_wconf 87' lang='lat' dir='ltr'><strong>et</strong></span> <span class='ocrx_word' id='word_1_865' title='bbox 846 5681 1006 5733; x_wconf 85' lang='lat' dir='ltr'><strong>urbes</strong></span> <span class='ocrx_word' id='word_1_866' title='bbox 1039 5693 1135 5732; x_wconf 87' lang='lat' dir='ltr'><strong>eos</strong></span> <span class='ocrx_word' id='word_1_867' title='bbox 1185 5695 1214 5730; x_wconf 85' lang='lat' dir='ltr'><strong>a</strong></span> <span class='ocrx_word' id='word_1_868' title='bbox 1263 5681 1461 5745; x_wconf 87' lang='lat' dir='ltr'><strong>quibus</strong></span> <span class='ocrx_word' id='word_1_869' title='bbox 1508 5679 1782 5748; x_wconf 79' lang='lat' dir='ltr'><strong>Evangelii</strong></span> <span class='ocrx_word' id='word_1_870' title='bbox 1829 5685 2060 5746; x_wconf 90' lang='lat' dir='ltr'><strong>primum</strong></span> 
     </span>
    </p>
   </div>
   <div class='ocr_carea' id='block_1_118' title="bbox 498 5749 2061 5819">
    <p class='ocr_par' dir='ltr' id='par_1_118' title="bbox 498 5749 2061 5819">
     <span class='ocr_line' id='line_1_119' title="bbox 498 5749 2061 5819; baseline 0.002 -18"><span class='ocrx_word' id='word_1_871' title='bbox 498 5750 784 5804; x_wconf 71' lang='lat' dir='ltr'><strong>veritatem</strong></span> <span class='ocrx_word' id='word_1_872' title='bbox 833 5758 1180 5819; x_wconf 77' lang='lat' dir='ltr'><strong>aet-cperant,</strong></span> <span class='ocrx_word' id='word_1_873' title='bbox 1221 5752 1500 5817; x_wconf 84' lang='lat' dir='ltr'><strong>apostolus</strong></span> <span class='ocrx_word' id='word_1_874' title='bbox 1543 5749 1913 5806; x_wconf 85' lang='lat' dir='ltr'><strong>nominabant.</strong></span> <span class='ocrx_word' id='word_1_875' title='bbox 1952 5751 2061 5804; x_wconf 81' lang='lat' dir='ltr'><strong>Ne-</strong></span> 
     </span>
    </p>
   </div>
   <div class='ocr_carea' id='block_1_119' title="bbox 499 5820 2058 5890">
    <p class='ocr_par' dir='ltr' id='par_1_119' title="bbox 499 5820 2058 5890">
     <span class='ocr_line' id='line_1_120' title="bbox 499 5820 2058 5890; baseline 0.004 -20"><span class='ocrx_word' id='word_1_876' title='bbox 499 5837 604 5890; x_wconf 85' lang='lat' dir='ltr'><strong>que</strong></span> <span class='ocrx_word' id='word_1_877' title='bbox 636 5821 778 5877; x_wconf 86' lang='lat' dir='ltr'><strong>enim</strong></span> <span class='ocrx_word' id='word_1_878' title='bbox 825 5823 954 5880; x_wconf 81' lang='lat' dir='ltr'><strong>solis</strong></span> <span class='ocrx_word' id='word_1_879' title='bbox 999 5820 1282 5874; x_wconf 87' lang='lat' dir='ltr'><strong>duodecim</strong></span> <span class='ocrx_word' id='word_1_880' title='bbox 1315 5822 1416 5876; x_wconf 82' lang='lat' dir='ltr'><strong>hoc</strong></span> <span class='ocrx_word' id='word_1_881' title='bbox 1449 5821 1674 5876; x_wconf 88' lang='lat' dir='ltr'><strong>inditum</strong></span> <span class='ocrx_word' id='word_1_882' title='bbox 1713 5830 1792 5875; x_wconf 87' lang='lat' dir='ltr'><strong>est</strong></span> <span class='ocrx_word' id='word_1_883' title='bbox 1824 5830 2058 5878; x_wconf 75' lang='lat' dir='ltr'><strong>vocaliu-</strong></span> 
     </span>
    </p>
   </div>
   <div class='ocr_carea' id='block_1_120' title="bbox 2175 4621 3738 4696">
    <p class='ocr_par' dir='ltr' id='par_1_120' title="bbox 2175 4621 3738 4696">
     <span class='ocr_line' id='line_1_121' title="bbox 2175 4621 3738 4696; baseline -0.001 -18"><span class='ocrx_word' id='word_1_884' title='bbox 2175 4621 2386 4690; x_wconf 60' lang='lat' dir='ltr'><strong>phauiti</strong></span> <span class='ocrx_word' id='word_1_885' title='bbox 2410 4629 2457 4680; x_wconf 90' lang='lat' dir='ltr'><strong>in</strong></span> <span class='ocrx_word' id='word_1_886' title='bbox 2485 4629 2674 4680; x_wconf 69' lang='lat' dir='ltr'><strong>haeresi</strong></span> <span class='ocrx_word' id='word_1_887' title='bbox 2711 4643 2838 4689; x_wconf 74' lang='lat' dir='ltr'><strong>xxx,</strong></span> <span class='ocrx_word' id='word_1_888' title='bbox 2879 4628 3205 4696; x_wconf 85' lang='lat' dir='ltr'><strong>Hieronymo</strong></span> <span class='ocrx_word' id='word_1_889' title='bbox 3253 4629 3305 4678; x_wconf 83' lang='lat' dir='ltr'><strong>in</strong></span> <span class='ocrx_word' id='word_1_890' title='bbox 3339 4641 3455 4692; x_wconf 84' lang='lat' dir='ltr'><strong>cap.</strong></span> <span class='ocrx_word' id='word_1_891' title='bbox 3521 4641 3535 4677; x_wconf 89' lang='grc' dir='ltr'><strong>ι</strong></span> <span class='ocrx_word' id='word_1_892' title='bbox 3565 4621 3738 4696; x_wconf 71' lang='lat' dir='ltr'><strong>Epist.</strong></span> 
     </span>
    </p>
   </div>
   <div class='ocr_carea' id='block_1_121' title="bbox 2171 4691 3740 4758">
    <p class='ocr_par' dir='ltr' id='par_1_121' title="bbox 2171 4691 3740 4758">
     <span class='ocr_line' id='line_1_122' title="bbox 2171 4691 3740 4758; baseline -0.001 -13"><span class='ocrx_word' id='word_1_893' title='bbox 2171 4699 2240 4747; x_wconf 85' lang='lat' dir='ltr'><strong>ad</strong></span> <span class='ocrx_word' id='word_1_894' title='bbox 2273 4696 2519 4758; x_wconf 81' lang='lat' dir='ltr'><strong>Galatas,</strong></span> <span class='ocrx_word' id='word_1_895' title='bbox 2546 4709 2601 4749; x_wconf 89' lang='lat' dir='ltr'><strong>et</strong></span> <span class='ocrx_word' id='word_1_896' title='bbox 2642 4699 2692 4749; x_wconf 93' lang='lat' dir='ltr'><strong>in</strong></span> <span class='ocrx_word' id='word_1_897' title='bbox 2726 4700 2910 4750; x_wconf 86' lang='lat' dir='ltr'><strong>codice</strong></span> <span class='ocrx_word' id='word_1_898' title='bbox 2939 4691 3313 4751; x_wconf 53' lang='lat' dir='ltr'><strong>&#39;I‘heti&#39;tlosiiiiio</strong></span> <span class='ocrx_word' id='word_1_899' title='bbox 3360 4691 3514 4748; x_wconf 81' lang='lat' dir='ltr'><strong>titulo</strong></span> <span class='ocrx_word' id='word_1_900' title='bbox 3543 4696 3615 4747; x_wconf 88' lang='lat' dir='ltr'><strong>De</strong></span> <span class='ocrx_word' id='word_1_901' title='bbox 3641 4691 3740 4747; x_wconf 80' lang='lat' dir='ltr'><strong>Ju-</strong></span> 
     </span>
    </p>
   </div>
   <div class='ocr_carea' id='block_1_122' title="bbox 2173 4765 3738 4835">
    <p class='ocr_par' dir='ltr' id='par_1_122' title="bbox 2173 4765 3738 4835">
     <span class='ocr_line' id='line_1_123' title="bbox 2173 4765 3738 4835; baseline 0.001 -19"><span class='ocrx_word' id='word_1_902' title='bbox 2173 4767 2325 4825; x_wconf 62' lang='lat' dir='ltr'><strong>daeis.</strong></span> <span class='ocrx_word' id='word_1_903' title='bbox 2359 4779 2411 4821; x_wconf 88' lang='lat' dir='ltr'><strong>et</strong></span> <span class='ocrx_word' id='word_1_904' title='bbox 2457 4769 2507 4820; x_wconf 89' lang='lat' dir='ltr'><strong>in</strong></span> <span class='ocrx_word' id='word_1_905' title='bbox 2555 4767 2973 4820; x_wconf 82' lang='lat' dir='ltr'><strong>Cuiumeuiariis</strong></span> <span class='ocrx_word' id='word_1_906' title='bbox 3024 4768 3314 4835; x_wconf 81' lang='lat' dir='ltr'><strong>supradicti</strong></span> <span class='ocrx_word' id='word_1_907' title='bbox 3358 4766 3641 4831; x_wconf 76' lang='lat' dir='ltr'><strong>scriptoris</strong></span> <span class='ocrx_word' id='word_1_908' title='bbox 3685 4765 3738 4818; x_wconf 91' lang='lat' dir='ltr'><strong>in</strong></span> 
     </span>
    </p>
   </div>
   <div class='ocr_carea' id='block_1_123' title="bbox 2170 4835 3740 4905">
    <p class='ocr_par' dir='ltr' id='par_1_123' title="bbox 2170 4835 3740 4905">
     <span class='ocr_line' id='line_1_124' title="bbox 2170 4835 3740 4905; baseline 0 -17"><span class='ocrx_word' id='word_1_909' title='bbox 2170 4851 2290 4903; x_wconf 84' lang='lat' dir='ltr'><strong>Cap.</strong></span> <span class='ocrx_word' id='word_1_910' title='bbox 2343 4853 2356 4890; x_wconf 89' lang='grc' dir='ltr'><strong>ι</strong></span> <span class='ocrx_word' id='word_1_911' title='bbox 2411 4837 2665 4905; x_wconf 80' lang='lat' dir='ltr'><strong>Epistola:</strong></span> <span class='ocrx_word' id='word_1_912' title='bbox 2688 4839 2756 4888; x_wconf 81' lang='lat' dir='ltr'><strong>ad</strong></span> <span class='ocrx_word' id='word_1_913' title='bbox 2786 4835 3069 4892; x_wconf 76' lang='lat' dir='ltr'><strong>Remmius.</strong></span> <span class='ocrx_word' id='word_1_914' title='bbox 3123 4839 3382 4890; x_wconf 72' lang='lat' dir='ltr'><strong>Czrterum</strong></span> <span class='ocrx_word' id='word_1_915' title='bbox 3439 4838 3740 4888; x_wconf 84' lang='lat' dir='ltr'><strong>mouendus</strong></span> 
     </span>
    </p>
   </div>
   <div class='ocr_carea' id='block_1_124' title="bbox 2170 4906 3734 4973">
    <p class='ocr_par' dir='ltr' id='par_1_124' title="bbox 2170 4906 3734 4973">
     <span class='ocr_line' id='line_1_125' title="bbox 2170 4906 3734 4973; baseline -0.001 -15"><span class='ocrx_word' id='word_1_916' title='bbox 2170 4920 2251 4958; x_wconf 84' lang='lat' dir='ltr'><strong>est</strong></span> <span class='ocrx_word' id='word_1_917' title='bbox 2284 4909 2451 4960; x_wconf 79' lang='lat' dir='ltr'><strong>lcrtor</strong></span> <span class='ocrx_word' id='word_1_918' title='bbox 2495 4913 2544 4959; x_wconf 92' lang='lat' dir='ltr'><strong>in</strong></span> <span class='ocrx_word' id='word_1_919' title='bbox 2581 4909 2837 4961; x_wconf 88' lang='lat' dir='ltr'><strong>omnibus</strong></span> <span class='ocrx_word' id='word_1_920' title='bbox 2891 4909 3091 4961; x_wconf 87' lang='lat' dir='ltr'><strong>nostris</strong></span> <span class='ocrx_word' id='word_1_921' title='bbox 3138 4907 3418 4960; x_wconf 61' lang='lat' dir='ltr'><strong>codicibus</strong></span> <span class='ocrx_word' id='word_1_922' title='bbox 3475 4906 3734 4973; x_wconf 88' lang='lat' dir='ltr'><strong>scriptum</strong></span> 
     </span>
    </p>
   </div>
   <div class='ocr_carea' id='block_1_125' title="bbox 2170 4977 3734 5043">
    <p class='ocr_par' dir='ltr' id='par_1_125' title="bbox 2170 4977 3734 5043">
     <span class='ocr_line' id='line_1_126' title="bbox 2170 4977 3734 5043; baseline -0.003 -14"><span class='ocrx_word' id='word_1_923' title='bbox 2170 4992 2290 5030; x_wconf 90' lang='lat' dir='ltr'><strong>esse</strong></span> <span class='ocrx_word' id='word_1_924' title='bbox 2319 4977 2573 5032; x_wconf 79' lang='grc' dir='ltr'>Θαδδαῖον</span> <span class='ocrx_word' id='word_1_925' title='bbox 2621 4977 2915 5031; x_wconf 78' lang='grc' dir='ltr'>ἀπόστολον</span> <span class='ocrx_word' id='word_1_926' title='bbox 2953 4981 3071 5031; x_wconf 86' lang='lat' dir='ltr'><strong>sine</strong></span> <span class='ocrx_word' id='word_1_927' title='bbox 3112 4977 3340 5030; x_wconf 90' lang='lat' dir='ltr'><strong>articulo</strong></span> <span class='ocrx_word' id='word_1_928' title='bbox 3367 4977 3734 5043; x_wconf 72' lang='lat' dir='ltr'><strong>praepositivo,</strong></span> 
     </span>
    </p>
   </div>
   <div class='ocr_carea' id='block_1_126' title="bbox 2169 5045 3735 5114">
    <p class='ocr_par' dir='ltr' id='par_1_126' title="bbox 2169 5045 3735 5114">
     <span class='ocr_line' id='line_1_127' title="bbox 2169 5045 3735 5114; baseline -0.001 -15"><span class='ocrx_word' id='word_1_929' title='bbox 2169 5062 2328 5114; x_wconf 84' lang='lat' dir='ltr'><strong>quem</strong></span> <span class='ocrx_word' id='word_1_930' title='bbox 2363 5051 2506 5101; x_wconf 88' lang='lat' dir='ltr'><strong>solos</strong></span> <span class='ocrx_word' id='word_1_931' title='bbox 2544 5053 2710 5100; x_wconf 75' lang='lat' dir='ltr'><strong>codex</strong></span> <span class='ocrx_word' id='word_1_932' title='bbox 2769 5049 3050 5101; x_wconf 74' lang='lat' dir='ltr'><strong>Medica-us</strong></span> <span class='ocrx_word' id='word_1_933' title='bbox 3087 5048 3511 5113; x_wconf 85' lang='lat' dir='ltr'><strong>siiperscriptum</strong></span> <span class='ocrx_word' id='word_1_934' title='bbox 3552 5045 3735 5097; x_wconf 87' lang='lat' dir='ltr'><strong>habet.</strong></span> 
     </span>
    </p>
   </div>
   <div class='ocr_carea' id='block_1_127' title="bbox 2241 5115 3738 5188">
    <p class='ocr_par' dir='ltr' id='par_1_127' title="bbox 2241 5115 3738 5188">
     <span class='ocr_line' id='line_1_128' title="bbox 2241 5115 3738 5188; baseline -0.002 -18"><span class='ocrx_word' id='word_1_935' title='bbox 2241 5118 2350 5188; x_wconf 81' lang='lat'><strong>(67)</strong></span> <span class='ocrx_word' id='word_1_936' title='bbox 2383 5117 2493 5172; x_wconf 80' lang='lat' dir='ltr'><strong>Kal</strong></span> <span class='ocrx_word' id='word_1_937' title='bbox 2523 5115 2710 5184; x_wconf 69' lang='grc' dir='ltr'><strong>δῆλος</strong></span> <span class='ocrx_word' id='word_1_938' title='bbox 2739 5118 2942 5187; x_wconf 74' lang='grc' dir='ltr'><strong>γέγονε</strong></span> <span class='ocrx_word' id='word_1_939' title='bbox 2967 5117 3062 5171; x_wconf 81' lang='grc' dir='ltr'><strong>διὰ</strong></span> <span class='ocrx_word' id='word_1_940' title='bbox 3104 5117 3221 5171; x_wconf 75' lang='grc' dir='ltr'><strong>τῶν</strong></span> <span class='ocrx_word' id='word_1_941' title='bbox 3264 5117 3738 5185; x_wconf 76' lang='grc' dir='ltr'><strong>ἐπιτελουμένων</strong></span> 
     </span>
    </p>
   </div>
   <div class='ocr_carea' id='block_1_128' title="bbox 2167 5187 3736 5258">
    <p class='ocr_par' dir='ltr' id='par_1_128' title="bbox 2167 5187 3736 5258">
     <span class='ocr_line' id='line_1_129' title="bbox 2167 5187 3736 5258; baseline -0.003 -18"><span class='ocrx_word' id='word_1_942' title='bbox 2167 5187 2336 5254; x_wconf 81' lang='grc' dir='ltr'>αὐτῷ</span> <span class='ocrx_word' id='word_1_943' title='bbox 2365 5190 2729 5258; x_wconf 79' lang='grc' dir='ltr'>θαυμασίων.</span> <span class='ocrx_word' id='word_1_944' title='bbox 2765 5190 2895 5241; x_wconf 72' lang='lat' dir='ltr'><strong>&#39;l&#39;ota</strong></span> <span class='ocrx_word' id='word_1_945' title='bbox 2934 5196 3045 5242; x_wconf 69' lang='lat' dir='ltr'><strong>huic</strong></span> <span class='ocrx_word' id='word_1_946' title='bbox 3083 5192 3334 5257; x_wconf 71' lang='lat' dir='ltr'><strong>perii-ope</strong></span> <span class='ocrx_word' id='word_1_947' title='bbox 3393 5191 3549 5240; x_wconf 85' lang='lat' dir='ltr'><strong>abest</strong></span> <span class='ocrx_word' id='word_1_948' title='bbox 3579 5206 3605 5237; x_wconf 87' lang='lat' dir='ltr'><strong>a</strong></span> <span class='ocrx_word' id='word_1_949' title='bbox 3641 5203 3736 5237; x_wconf 81' lang='lat' dir='ltr'><strong>co-</strong></span> 
     </span>
    </p>
   </div>
   <div class='ocr_carea' id='block_1_129' title="bbox 2169 5259 3727 5324">
    <p class='ocr_par' dir='ltr' id='par_1_129' title="bbox 2169 5259 3727 5324">
     <span class='ocr_line' id='line_1_130' title="bbox 2169 5259 3727 5324; baseline -0.001 -14"><span class='ocrx_word' id='word_1_950' title='bbox 2169 5262 2378 5312; x_wconf 81' lang='lat' dir='ltr'><strong>dicibus</strong></span> <span class='ocrx_word' id='word_1_951' title='bbox 2417 5273 2616 5312; x_wconf 85' lang='lat' dir='ltr'><strong>nostris</strong></span> <span class='ocrx_word' id='word_1_952' title='bbox 2647 5259 2812 5323; x_wconf 65' lang='grc' dir='ltr'>Μυκη</span> <span class='ocrx_word' id='word_1_953' title='bbox 2845 5259 2981 5312; x_wconf 82' lang='lat' dir='ltr'><strong>Med.</strong></span> <span class='ocrx_word' id='word_1_954' title='bbox 3012 5279 3073 5313; x_wconf 82' lang='lat' dir='ltr'><strong>ac</strong></span> <span class='ocrx_word' id='word_1_955' title='bbox 3104 5259 3235 5313; x_wconf 80' lang='lat' dir='ltr'><strong>Fok.</strong></span> <span class='ocrx_word' id='word_1_956' title='bbox 3267 5273 3320 5313; x_wconf 85' lang='lat' dir='ltr'><strong>et</strong></span> <span class='ocrx_word' id='word_1_957' title='bbox 3355 5260 3419 5311; x_wconf 89' lang='lat' dir='ltr'><strong>ab</strong></span> <span class='ocrx_word' id='word_1_958' title='bbox 3459 5261 3727 5324; x_wconf 79' lang='lat' dir='ltr'><strong>interpre-</strong></span> 
     </span>
    </p>
   </div>
   <div class='ocr_carea' id='block_1_130' title="bbox 2169 5329 3720 5395">
    <p class='ocr_par' dir='ltr' id='par_1_130' title="bbox 2169 5329 3720 5395">
     <span class='ocr_line' id='line_1_131' title="bbox 2169 5329 3720 5395; baseline -0.003 -13"><span class='ocrx_word' id='word_1_959' title='bbox 2169 5332 2371 5383; x_wconf 84' lang='lat' dir='ltr'><strong>tatione</strong></span> <span class='ocrx_word' id='word_1_960' title='bbox 2410 5329 2610 5382; x_wconf 81' lang='lat' dir='ltr'><strong>Hiilini.</strong></span> <span class='ocrx_word' id='word_1_961' title='bbox 2640 5330 2773 5393; x_wconf 82' lang='lat' dir='ltr'><strong>Quia</strong></span> <span class='ocrx_word' id='word_1_962' title='bbox 2810 5342 2986 5383; x_wconf 87' lang='lat' dir='ltr'><strong>tamen</strong></span> <span class='ocrx_word' id='word_1_963' title='bbox 3021 5342 3198 5384; x_wconf 78' lang='lat' dir='ltr'><strong>ettstat</strong></span> <span class='ocrx_word' id='word_1_964' title='bbox 3237 5331 3288 5383; x_wconf 89' lang='lat' dir='ltr'><strong>iii</strong></span> <span class='ocrx_word' id='word_1_965' title='bbox 3319 5329 3505 5385; x_wconf 82' lang='lat' dir='ltr'><strong>codice</strong></span> <span class='ocrx_word' id='word_1_966' title='bbox 3532 5329 3720 5395; x_wconf 73' lang='lat' dir='ltr'><strong>Hegio,</strong></span> 
     </span>
    </p>
   </div>
   <div class='ocr_carea' id='block_1_131' title="bbox 2166 5400 2830 5463">
    <p class='ocr_par' dir='ltr' id='par_1_131' title="bbox 2166 5400 2830 5463">
     <span class='ocr_line' id='line_1_132' title="bbox 2166 5400 2830 5463; baseline 0.002 -12"><span class='ocrx_word' id='word_1_967' title='bbox 2166 5413 2285 5451; x_wconf 84' lang='lat' dir='ltr'><strong>eain</strong></span> <span class='ocrx_word' id='word_1_968' title='bbox 2325 5416 2632 5463; x_wconf 67' lang='lat' dir='ltr'><strong>expungere</strong></span> <span class='ocrx_word' id='word_1_969' title='bbox 2663 5400 2830 5452; x_wconf 87' lang='lat' dir='ltr'><strong>nolui.</strong></span> 
     </span>
    </p>
   </div>
   <div class='ocr_carea' id='block_1_132' title="bbox 2237 5467 3738 5539">
    <p class='ocr_par' dir='ltr' id='par_1_132' title="bbox 2237 5467 3738 5539">
     <span class='ocr_line' id='line_1_133' title="bbox 2237 5467 3738 5539; baseline 0 -19"><span class='ocrx_word' id='word_1_970' title='bbox 2237 5469 2347 5539; x_wconf 81' lang='lat'><strong>(68)</strong></span> <span class='ocrx_word' id='word_1_971' title='bbox 2371 5470 2574 5534; x_wconf 83' lang='grc' dir='ltr'>Καθὼς</span> <span class='ocrx_word' id='word_1_972' title='bbox 2620 5468 2931 5524; x_wconf 57' lang='lat' dir='ltr'><strong>exeamus</strong></span> <span class='ocrx_word' id='word_1_973' title='bbox 2971 5487 3090 5526; x_wconf 83' lang='grc' dir='ltr'>σοι.</span> <span class='ocrx_word' id='word_1_974' title='bbox 3132 5469 3331 5523; x_wconf 90' lang='lat' dir='ltr'><strong>Omnes</strong></span> <span class='ocrx_word' id='word_1_975' title='bbox 3373 5470 3538 5524; x_wconf 88' lang='lat' dir='ltr'><strong>nostri</strong></span> <span class='ocrx_word' id='word_1_976' title='bbox 3585 5467 3738 5539; x_wconf 79' lang='lat' dir='ltr'><strong>codi-</strong></span> 
     </span>
    </p>
   </div>
   <div class='ocr_carea' id='block_1_133' title="bbox 2166 5535 3732 5608">
    <p class='ocr_par' dir='ltr' id='par_1_133' title="bbox 2166 5535 3732 5608">
     <span class='ocr_line' id='line_1_134' title="bbox 2166 5535 3732 5608; baseline -0.001 -17"><span class='ocrx_word' id='word_1_977' title='bbox 2166 5535 2280 5601; x_wconf 75' lang='lat' dir='ltr'><strong>ces,</strong></span> <span class='ocrx_word' id='word_1_978' title='bbox 2309 5535 2506 5608; x_wconf 67' lang='lat' dir='ltr'><strong>Regius</strong></span> <span class='ocrx_word' id='word_1_979' title='bbox 2535 5542 2750 5593; x_wconf 81' lang='lat' dir='ltr'><strong>scilicet</strong></span> <span class='ocrx_word' id='word_1_980' title='bbox 2799 5558 2860 5591; x_wconf 76' lang='lat' dir='ltr'><strong>at:</strong></span> <span class='ocrx_word' id='word_1_981' title='bbox 2908 5539 3072 5601; x_wconf 85' lang='lat' dir='ltr'><strong>Med..</strong></span> <span class='ocrx_word' id='word_1_982' title='bbox 3119 5556 3240 5592; x_wconf 88' lang='lat' dir='ltr'><strong>cum</strong></span> <span class='ocrx_word' id='word_1_983' title='bbox 3291 5541 3454 5602; x_wconf 69' lang='grc' dir='ltr'><strong>Μία..</strong></span> <span class='ocrx_word' id='word_1_984' title='bbox 3489 5556 3553 5593; x_wconf 88' lang='lat' dir='ltr'><strong>ac</strong></span> <span class='ocrx_word' id='word_1_985' title='bbox 3597 5535 3732 5591; x_wconf 63' lang='grc' dir='ltr'><strong>νοις.</strong></span> 
     </span>
    </p>
   </div>
   <div class='ocr_carea' id='block_1_134' title="bbox 2165 5609 3737 5678">
    <p class='ocr_par' dir='ltr' id='par_1_134' title="bbox 2165 5609 3737 5678">
     <span class='ocr_line' id='line_1_135' title="bbox 2165 5609 3737 5678; baseline -0.002 -14"><span class='ocrx_word' id='word_1_986' title='bbox 2165 5612 2423 5678; x_wconf 87' lang='lat' dir='ltr'><strong>scriptum</strong></span> <span class='ocrx_word' id='word_1_987' title='bbox 2465 5610 2662 5663; x_wconf 92' lang='lat' dir='ltr'><strong>habent</strong></span> <span class='ocrx_word' id='word_1_988' title='bbox 2714 5610 2855 5663; x_wconf 83' lang='grc' dir='ltr'><strong>καθὰ</strong></span> <span class='ocrx_word' id='word_1_989' title='bbox 2886 5611 2975 5663; x_wconf 81' lang='grc' dir='ltr'>ἐπ.</span> <span class='ocrx_word' id='word_1_990' title='bbox 3012 5609 3140 5676; x_wconf 73' lang='lat' dir='ltr'><strong>Quae</strong></span> <span class='ocrx_word' id='word_1_991' title='bbox 3191 5611 3353 5666; x_wconf 88' lang='lat' dir='ltr'><strong>lectio</strong></span> <span class='ocrx_word' id='word_1_992' title='bbox 3405 5612 3586 5666; x_wconf 82' lang='lat' dir='ltr'><strong>nescio</strong></span> <span class='ocrx_word' id='word_1_993' title='bbox 3638 5623 3737 5678; x_wconf 77' lang='lat' dir='ltr'><strong>cur</strong></span> 
     </span>
    </p>
   </div>
   <div class='ocr_carea' id='block_1_135' title="bbox 2166 5677 3738 5751">
    <p class='ocr_par' dir='ltr' id='par_1_135' title="bbox 2166 5677 3738 5751">
     <span class='ocr_line' id='line_1_136' title="bbox 2166 5677 3738 5751; baseline 0 -19"><span class='ocrx_word' id='word_1_994' title='bbox 2166 5677 2446 5750; x_wconf 84' lang='lat' dir='ltr'><strong>tantopere</strong></span> <span class='ocrx_word' id='word_1_995' title='bbox 2479 5681 2815 5751; x_wconf 80' lang='lat' dir='ltr'><strong>displicuerit</strong></span> <span class='ocrx_word' id='word_1_996' title='bbox 2867 5679 3004 5736; x_wconf 72' lang='lat' dir='ltr'><strong>Rob.</strong></span> <span class='ocrx_word' id='word_1_997' title='bbox 3067 5680 3363 5751; x_wconf 80' lang='lat' dir='ltr'><strong>Stephano.</strong></span> <span class='ocrx_word' id='word_1_998' title='bbox 3419 5698 3539 5737; x_wconf 88' lang='lat' dir='ltr'><strong>cum</strong></span> <span class='ocrx_word' id='word_1_999' title='bbox 3593 5677 3738 5732; x_wconf 83' lang='grc' dir='ltr'>καθὰ</span> 
     </span>
    </p>
   </div>
   <div class='ocr_carea' id='block_1_136' title="bbox 2165 5748 2834 5813">
    <p class='ocr_par' dir='ltr' id='par_1_136' title="bbox 2165 5748 2834 5813">
     <span class='ocr_line' id='line_1_137' title="bbox 2165 5748 2834 5813; baseline 0 -7"><span class='ocrx_word' id='word_1_1000' title='bbox 2165 5751 2302 5806; x_wconf 87' lang='lat' dir='ltr'><strong>idem</strong></span> <span class='ocrx_word' id='word_1_1001' title='bbox 2321 5748 2511 5806; x_wconf 28' lang='lat' dir='ltr'><strong>‘valeat</strong></span> <span class='ocrx_word' id='word_1_1002' title='bbox 2533 5766 2597 5805; x_wconf 87' lang='lat' dir='ltr'><strong>ac</strong></span> <span class='ocrx_word' id='word_1_1003' title='bbox 2627 5748 2834 5813; x_wconf 84' lang='grc' dir='ltr'>καθώς.</span> 
     </span>
    </p>
   </div>
  </div>
