4054 6456
286 368 311 420 9
323 368 412 422 ες
1389 386 1739 446 HISTORle
1784 393 1883 449 ECl

1987 393 2344 468 ISIASTICE
2384 394 2510 451 LIB.
2551 395 2595 452 Ι.
3507 413 3613 468 ίεδ

289 486 641 592 ’Δγδξιρος
678 493 745 548 τὰ
787 495 1045 566 μεγαλεῖα
1087 502 1182 553 κα)⁵
1211 500 1280 555 τὰ
1320 502 1618 576 θαυμάσια,
1658 507 1695 562 ἃ
1739 509 1883 562 ἑποίε

1987 525 2007 581 ι
2039 525 2316 582 perentur.
2346 512 2582 568 Proinde
2614 529 2735 568 cum
2771 515 3020 586 Agbarus
3055 519 3124 574 ab
3153 520 3244 576 illo
3269 532 3480 592 patrata
3509 529 3610 583 mi-

285 580 395 679 iui.
442 581 542 645 ὡς
599 585 933 658 ἐθεράπευεν
978 591 1036 644 ὲν
1085 591 1310 663 ὀνόματι
1351 598 1445 650 καὶ⁸
1488 597 1713 671 δυνάμει
1755 601 1883 670 Ἰησε

1989 603 1994 608 ’
2035 605 2218 660 racula
2259 607 2578 672 audivisset,
2612 617 2668 661 et
2697 625 2803 676 quo
2840 619 3002 677 pacto
3036 627 3134 679 per
3177 630 3374 670 nomen
3409 634 3471 672 ac
3501 621 3609 674 vir-

285 669 578 770 Χριστοῖῦ
619 677 756 749 (69),
785 681 842 732 ἐν
872 682 1098 754 ὑπονοίᾳ.
1125 685 1368 753 γέγονεν,
1399 689 1474 752 ὡς
1497 690 1578 743 ὅτι
1606 669 1766 755 αὐτός
1790 669 1883 745 ὲστ

2033 704 2199 751 tutem
2225 695 2351 750 Jesu
2381 698 2584 752 Christi
2622 700 2842 753 morbos
2875 669 3108 767 fugaret,
3143 703 3194 756 in
3239 707 3605 770 suspicionem

284 765 437 834 περὶ
479 762 557 822 οὗ
599 771 635 822 6
679 773 882 844 Ἰησοῦς
914 774 1190 828 ἐπέστειλε
1229 777 1402 846 λέγων
1427 797 1439 810 ·
1473 801 1490 833 ι
1528 783 1778 837 Ἐπειδὰν
1795 785 1883 839 dvo

2029 787 2294 840 adductus
2339 797 2423 840 est
2469 789 2615 842 hunc
2656 789 2831 856 ipsum
2860 803 3015 855 esse,
3059 791 3126 844 de
3152 808 3258 861 quo
3291 791 3450 850 Jesus
3473 796 3602 851 olim

281 855 541 932 ληφθῶ,
590 864 878 918 ἀποστελῶ
913 883 992 919 σοι
1025 868 1145 920 τινὰ
1183 870 1288 923 τῶν
1321 871 1579 945 μαθητῶν
1614 893 1713 946 μου
1736 917 1750 938 ,
1781 878 1883 930 δστι

2027 874 2094 927 ad
2129 889 2190 927 se
2225 876 2618 944 perscripserat
2651 878 2735 930 his
2775 880 2996 932 verbis:
3031 898 3048 931 ε
3090 879 3221 935 Cum
3247 885 3481 950 primum
3515 904 3604 944 me

281 951 349 1006 τὸ
417 956 635 1024 πάθος
675 976 769 1012 σου
807 961 1039 1014 ἰάσεται.
1090 984 1109 1016 ι
1147 965 1670 1038 Μετακαλεσάμενος
1710 965 1803 1022 οὖν
1833 971 1883 1023 τί

2027 962 2092 1013 ad
2121 977 2244 1016 eum
2280 978 2559 1034 recepero,
2587 981 2651 1018 ex
2687 968 2968 1036 discipulis
3004 971 3139 1024 meis
3180 974 3415 1043 aliquem
3449 979 3515 1031 ad
3549 988 3602 1033 te

279 1048 572 1116 ἰ’ωϐίαν,
613 1055 741 1125 παρ’
757 1047 799 1122 ᾧ
823 1057 1139 1128 κατέμενεν,
1170 1057 1350 1114 εἶπεν·
1377 1081 1392 1113 ι
1423 1063 1666 1117 ’Ἤκουσα
1693 1066 1883 1138 ὅτιάνή

2026 1053 2256 1119 mittam,
2289 1056 2378 1123 qui
2414 1067 2466 1110 et
2497 1058 2744 1112 morbum
2795 1070 2944 1113 tuum
2992 1076 3164 1129 curet,
3205 1076 3257 1118 et
3301 1067 3462 1121 vitam
3503 1071 3598 1124 tibi

278 1154 377 1202 τις
422 1141 727 1214 δυνάστης
765 1145 932 1198 ἐλθὼν
977 1149 1083 1201 ἀπὸ
1136 1149 1517 1221 Ἰεροσολύμων
1560 1153 1706 1222 (70),
1756 1170 1883 1207 κατα

2025 1143 2244 1214 tuisque
2273 1148 2526 1202 niiinibns
2559 1159 2798 1216 praestet.
2833 1171 2851 1202 ι
2892 1154 3078 1208 Accito
3115 1157 3282 1224 igitur
3311 1158 3478 1212 Tobia
3511 1177 3601 1215 cu-

282 1231 463 1301 μένει
506 1236 580 1287 ἐν
620 1239 683 1307 τῇ
718 1240 782 1308 σῇ
817 1240 961 1310 οἰκία
982 1281 996 1302 ,
1025 1243 1118 1294 καὶ
1145 1242 1342 1306 πολλὰς
1384 1243 1552 1307 ἰάσεις
1581 1246 1666 1297 ἐπ’
1697 1245 1883 1316 όνὸματ

2016 1236 2107 1306 jus
2136 1239 2369 1308 hoSpitio
2405 1243 2682 1302 utebatur,
2739 1263 2756 1293 ι
2792 1246 3016 1314 Accepi,
3071 1247 3268 1315 inquit,
3324 1262 3596 1320 potentem

294 1319 501 1388 Ἰησοῦ
525 1324 852 1394 ἐργάζεται.
887 1347 904 1378 ι
928 1329 982 1381 Ὀ
1004 1329 1060 1382 δὲ
1078 1327 1220 1384 εἷπε·
1249 1349 1266 1380 ι
1288 1333 1416 1395 Ναὶ,
1437 1333 1883 1406 Κύριε(71),ξένο

2019 1332 2311 1397 quemdam
2343 1331 2517 1384 virum
2573 1332 2878 1401 profectum
2925 1319 3333 1408 Hierosolymis
3361 1343 3500 1410 apud
3547 1351 3599 1398 te

275 1426 376 1474 τις
427 1414 654 1480 ἐλθὼν,
697 1417 939 1490 ἐνῴκησε
986 1425 1116 1494 παρ’
1158 1424 1281 1494 ἐμοὶ
1325 1425 1622 1479 καὶπολλὰ
1668 1426 1881 1497 θαύματ

2020 1419 2311 1483 diversari,
2343 1429 2395 1474 et
2426 1419 2690 1489 plurimas
2725 1423 3039 1476 morborum
3069 1428 3381 1483 curationes
3416 1430 3464 1482 in
3500 1447 3596 1483 uo-

279 1504 596 1560 ἐπιτελεῖ.
621 1529 640 1560 ι
663 1508 718 1561 Ὀ
733 1509 810 1562 δέ·
839 1530 858 1561 ι
882 1512 1146 1583 Ἀνάγαγε
1162 1516 1344 1579 αὐτὸν,
1361 1517 1484 1588 ἔφη,
1505 1518 1640 1590 πρὸς
1661 1520 1780 1591 μέ.»
1802 1521 1883 1574 Ἑλ

2019 1512 2164 1566 mine
2188 1510 2316 1566 Jesu
2350 1513 2418 1565 ab
2451 1512 2541 1567 illo
2575 1514 2711 1566 ﬁeri.
2756 1532 2774 1565 ι
2809 1515 2888 1567 Ad
2923 1515 3038 1569 haec
3071 1517 3271 1571 Tobias
3302 1539 3314 1572 :
3355 1539 3372 1570 ι
3409 1519 3592 1585 Certe,

277 1593 404 1648 θὼν
432 1596 501 1650 δὲ
537 1602 574 1652 6
595 1601 812 1666 Τωϐξας
834 1605 984 1676 παρὰ
999 1605 1280 1672 Θαδδαῖον,
1309 1603 1463 1662 εἶπεν
1486 1611 1634 1683 αύτῷ
1654 1630 1667 1644 ο
1691 1633 1708 1664 ι
1751 1615 1807 1668 Ὀ
1829 1631 1883 1668 το

2017 1601 2214 1671 inquit,
2255 1601 2497 1666 domine,
2552 1605 2874 1673 peregrinus
2902 1605 3120 1674 quidam
3158 1611 3297 1677 apud
3356 1627 3441 1664 me
3486 1625 3592 1680 est,

281 1687 541 1761 πάρχης
605 1693 881 1765 Ἀγϐαρος
915 1699 1424 1770 μετακαλεσάμενός
1458 1721 1558 1772 με,
1594 1701 1744 1758 εἶπεν
1786 1707 1883 1760 ἀνα

2016 1693 2107 1762 qui
2142 1693 2376 1762 plurima
2407 1695 2521 1748 edit
2552 1695 2840 1748 miracula.
2877 1713 2896 1746 ι
2952 1694 3087 1750 Τιιιιι
3125 1699 3375 1766 Agbarus
3406 1717 3419 1752 :
3467 1718 3484 1751 ι
3518 1699 3590 1753 11-

276 1786 503 1848 γαγεῖν
541 1799 612 1836 σε
649 1787 777 1857 παρ’
811 1789 974 1841 αὐτὸν
1007 1791 1140 1857 (72),
1171 1793 1258 1846 ἵνα
1285 1793 1632 1870 θεραπεύσῃς
1661 1798 1826 1852 αὑτοῦ
1852 1817 1882 1853 τ

2019 1787 2126 1839 lum
2157 1786 2318 1839 velim
2353 1787 2423 1840 ad
2457 1801 2542 1840 me
2593 1787 2856 1841 adducas.
2893 1807 2912 1839 ι
2951 1789 3119 1858 Igitur
3143 1788 3344 1843 Tobias
3371 1794 3591 1847 domum

283 1873 504 1938 πάθος.
542 1897 564 1928 ι
596 1879 705 1930 Καὶ
731 1879 1048 1945 όΘαδδαῖος,
1078 1903 1094 1934 ι
1120 1885 1436 1950 Ἀναϐαίνω,
1465 1887 1589 1958 ἔφη,
1614 1890 1883 1961 ὲπειδήπει

2020 1893 2298 1941 reversus,
2335 1881 2416 1934 sic
2441 1879 2770 1933 Thaddmum
2813 1880 3083 1937 allocutus
3110 1895 3234 1938 est:
3284 1904 3302 1937 ι
3341 1887 3591 1955 Agbarus

277 1964 540 2035 δυνάμει
604 1972 733 2039 παρ’
769 1971 931 2024 αὑτὸν
969 1974 1333 2046 ἀπέσταλμαι.
1367 1996 1386 2028 ›
1428 1969 1712 2050 ὐρθρισας
1744 1976 1836 2034 οὖν
1881 1982 1910 2034 ὁ

280 2057 530 2122 τωϐεας
579 2063 646 2132 τῇ
684 2059 832 2130 ἑξῆς,
872 2063 965 2116 καὶ
998 2065 1330 2135 παραλαϐὼν
1357 2070 1446 2122 τὸν
1478 2069 1737 2125 Θαδδαῖον
1774 2068 1906 2144 ἦλθε

281 2147 434 2216 πρὸς
481 2149 592 2203 τὸν
642 2151 946 2223 ’Δγϐαρονο
1001 2155 1076 2219 ὼς
1116 2155 1172 2210 δὲ
1225 2159 1416 2231 ἀνέϐη,
1471 2163 1756 2234 παρόντων
1811 2164 1906 2218 καὶ

283 2238 569 2295 ἑστώτων
601 2243 712 2296 τῶν
745 2247 1085 2315 μεγιστάνων
1117 2249 1314 2314 αὑτοῦ,
1353 2254 1692 2325 παραχρῆμα
1731 2255 1788 2308 ἐν
1826 2253 1905 2326 τῷ

281 2332 536 2386 εἰσιέναι
573 2335 772 2398 αὐτὸν,
805 2338 987 2409 ὅραμα
1031 2341 1172 2411 μέγα
1211 2344 1382 2414 ἐφάνη
1425 2344 1506 2416 τῷ
1556 2345 1808 2418 Ἀγϐάρῳ
1845 2349 1902 2400 ἐν

281 2424 365 2495 τῷ
402 2427 707 2500 προσώπῳ
745 2432 840 2485 τοῦ
889 2435 1187 2489 ἀποστόλου
1232 2437 1515 2493 Θαδδαξου.
1563 2440 1740 2511 Ὅπερ
1781 2441 1902 2496 ἰδὼν

287 2519 618 2593 Ἀγϐαρος,
660 2527 1032 2598 προσεκύνησε
1069 2530 1146 2601 τῷ
1171 2529 1436 2601 Θαδδαῖῳ,
1472 2530 1656 2603 Θαῦμά
1687 2549 1745 2585 τε
1777 2532 1900 2603 ἔσχε

281 2613 418 2676 τοὺς
455 2616 849 2685 περιεστῶτας
892 2621 1321 2686 πάντας.·Αύτοὶ
1359 2623 1468 2694 γὰρ
1493 2624 1605 2695 οὐχι
1621 2625 1898 2697 ἑωράκασι

284 2705 352 2757 τὸ
388 2707 616 2777 ὅραμα,
657 2709 685 2762 ὃ
732 2711 878 2783 μόνῳ
919 2713 998 2784 τῷ
1041 2714 1290 2788 Ἀγϐάρῳ
1322 2718 1517 2788 ἐφάνη.
1558 2719 1654 2782 ’⁵ος
1683 2719 1899 2773 καὶτὸν

285 2797 565 2854 Θαδδαῖον
600 2804 782 2873 ἤρετο,
816 2824 832 2855 ι
869 2805 929 2858 El
967 2806 1053 2859 ἐπ’
1087 2807 1342 2876 ἀληθείας
1366 2808 1608 2880 μαθητὴς
1637 2805 1687 2862 εἷ
1727 2810 1898 2880 Ἰησοῦ

287 2891 385 2944 τοῦ
421 2893 563 2947 Υῖοῢ
587 2896 681 2948 τοῦ
711 2896 866 2958 Θεοῦ,
899 2898 957 2960 ὃς
1014 2901 1222 2971 εἰρήκει
1265 2901 1401 2972 πρὸς
1436 2902 1536 2971 μέ·
1594 2903 1899 2956 Ἀποστελῶ

289 2984 377 3037 σοί
414 3001 551 3039 τινα
575 2987 686 3039 τῶν
725 2987 981 3060 μαθητῶν
1011 2990 1306 3058 μου,-ὅστις
1335 2990 1542 3044 ἰάσεταί
1578 3008 1672 3044 σου
1704 2993 1765 3045 τὸ
1795 2995 1900 3047 πά-

290 3075 405 3140 θος,
443 3080 550 3132 καὶ
587 3081 730 3151 ζωὴν
771 3083 854 3134 σοὶ
881 3082 975 3134 καὶ
1008 3085 1118 3146 τοῖς
1152 3084 1246 3136 σὺν
1287 3083 1369 3136 σοι
1404 3083 1628 3155 παρέξει
1664 3086 1796 3138 πᾶσι
1826 3102 1840 3149 ;
1873 3106 1890 3138 ι

289 3165 404 3220 Καὶ
437 3171 468 3222 6
504 3168 768 3233 Θαδδαῖος
800 3171 926 3242 ἔφη’
967 3191 986 3223 ‹
1039 3172 1190 3224 Ἐπεὶ
1238 3172 1486 3242 μεγάλως
1527 3173 1893 3239 πεπίστευκας

292 3262 373 3324 εἰς
417 3261 519 3314 τὸν
567 3262 966 3316 ἀποστεῦαντά
1003 3281 1069 3335 με
1106 3263 1307 3334 Κύριον
1371 3265 1576 3336 Ἰησοῦν
1623 3267 1757 3338 (75),
1802 3267 1889 3322 διὰ

289 3349 454 3412 τοῦτο
489 3353 811 3424 ἀπεστάλην
852 3355 988 3426 πρὸς
1033 3356 1111 3409 σέ.
1155 3357 1264 3410 Καὶ
1309 3357 1470 3410 πάλιν
1509 3358 1604 3412 ὲάν
1631 3361 1887 3416 ἐπιπλὲον

295 3441 606 3513 πιστεύσῃς
631 3445 710 3506 εις
743 3443 923 3508 αὐτὸν,
957 3443 1032 3508 ὡς
1061 3443 1126 3498 ἂν
1166 3447 1480 3520 πιστεύσῃς,
1508 3449 1660 3503 ἔσται
1701 3468 1782 3504 σοι
1815 3451 1883 3504 τὰ

292 3535 586 3606 αἰτήματα
620 3537 716 3607 τῆς
752 3537 977 3608 καρδίας
1016 3556 1128 3592 σου.
1169 3559 1186 3591 ι
1233 3542 1340 3594 Καὶ
1372 3544 1400 3594 6
1433 3544 1706 3615 Ἂγϐαρος
1743 3545 1879 3616 πρὸς

295 3627 483 3690 αὐτὸν,
523 3649 544 3678 ι
585 3629 772 3693 Οὕτως
816 3631 1132 3699 ἐπίστευσα,
1169 3638 1350 3705 φησὶν,
1393 3638 1451 3691 ἐν
1473 3639 1639 3710 αὐτῷ,
1679 3639 1754 3704 ὼς
1782 3642 1876 3694 καὶ

292 3725 421 3787 τοὺς
468 3725 758 3789 Ἰουδαίους
785 3731 912 3791 τοὺς
950 3728 1368 3800 σταυρώσαντας
1407 3733 1588 3796 αὐτὸν,
1621 3733 1884 3806 βουληθῆ-

297 3830 382 3866 ναι
424 3813 662 3886 δύναμιν
718 3816 1048 3888 παραλαϐὼν
1093 3819 1422 3890 κατακόψαι,
1472 3825 1519 3874 el
1551 3822 1626 3894 μὴ
1657 3823 1743 3876 διὰ
1783 3825 1882 3895 τὴν

296 3906 583 3977 βασιλεία)
609 3909 716 3964 τῶν
759 3910 1042 3981 Ῥωμαίων
1075 3912 1344 3982 ἀνεκόπην
1373 3916 1472 3984 τῆς
1495 3915 1822 3986 προθέσεως.
1855 3935 1875 3969 ι

295 3999 406 4053 Καὶ
433 4003 463 4054 6
497 4001 762 4066 Θαδδαῖος
787 3999 939 4056 εἶπεν
963 4021 976 4034 ο
1024 4023 1042 4055 ι
1093 4006 1150 4056 Ὀ
1197 4005 1400 4078 Κύριος
1429 4006 1584 4078 ἡμῶν
1615 4010 1709 4062 καὶ
1748 4008 1880 4073 Θεὸς

309 4091 520 4162 Ἰησοῦς
543 4096 572 4147 6
612 4095 845 4166 Χριστὸς
877 4095 987 4163 (ii)
1019 4096 1078 4150 τὸ
1112 4096 1322 4169 θέλημα
1352 4098 1446 4151 τοῦ
1477 4099 1686 4166 Πατρδς
1707 4099 1876 4152 αὐτοῦ

297 4183 652 4255 πεπλήρωκε,
691 4186 783 4240 καὶ
818 4186 1130 4258 πληρώσας,
1163 4189 1434 4262 ἀνελήφθη
1463 4190 1598 4260 πρὸς
1621 4191 1710 4244 τὸν
1746 4193 1876 4244 ἑαυ-

297 4274 391 4328 τοῦ
419 4278 660 4349 Πατέρα.
697 4299 714 4331 ι
743 4278 902 4348 Λέγει
933 4279 1082 4350 αὐτῷ
1108 4280 1380 4353 Ἀγϐαρος
1401 4299 1414 4317 ο
1464 4303 1482 4334 ι
1516 4283 1682 4352 Κάγὼ
1713 4285 1876 4336 πεπί-

300 4382 500 4424 στευκα
531 4373 615 4435 εἰς
643 4373 803 4424 αὑτὸν
837 4373 931 4426 καὶ
964 4376 1044 4436 εἰς
1083 4374 1174 4428 τὸν
1204 4375 1421 4454 Πατέρα
1466 4376 1652 4432 αὐτοῦ.
1702 4397 1720 4428 ι
1760 4378 1871 4430 Καὶ

298 4458 326 4513 6
351 4459 628 4527 Θαδδαῖος,
664 4483 678 4514 ι
707 4462 806 4527 Διά
833 4463 1011 4527 τοῦτο,
1050 4466 1203 4537 φησι,
1228 4467 1418 4538 τίθημι
1447 4466 1543 4539 τὴν
1580 4467 1737 4539 χεῖρά
1767 4485 1867 4540 μου

368 4662 476 4734 (69)
525 4664 621 4716 Ἐν
650 4665 893 4732 ὀνόματι
935 4664 1033 4718 καὶ
1077 4664 1325 4734 δυνάμει
1359 4665 1553 4731 Ἰησοῦ
1590 4665 1867 4733 Χριστοῦ.
1902 4669 1948 4723 Ι)

304 4729 422 4787 "ait:
449 4729 607 4789 verba
639 4729 1125 4792 nouiliabenluriu
1148 4729 1319 4790 tribus
1351 4729 1554 4789 nostris
1586 4729 1867 4791 codicibus

307 4801 435 4856 Mztz.
464 4805 602 4858 Med.
634 4821 696 4857 ac
729 4804 959 4860 Fuketii.

371 4873 477 4944 (70)
527 4873 744 4928 Ἐλθὼν
787 4875 906 4930 ἀπὸ
944 4878 1394 4946 Ἰεροσολύμων.
1430 4875 1555 4929 Duae
1582 4885 1868 4946 postrema:

303 4956 455 4998 voces
481 4947 675 4999 desunt
704 4947 755 4998 iu
787 4949 958 5000 tribus
989 4949 1188 5000 nostris
1219 4945 1500 5007 codicibus
1533 4946 1691 5010 Maz.,
1725 4945 1864 5003 Med.

306 5010 412 5068 Fuk
441 5053 455 5075 .
477 5032 572 5068 nee
611 5016 944 5069 liabenlurin
979 5018 1424 5081 interpretatione
1459 5017 1656 5068 lluliui.

370 5085 476 5154 (71)
524 5087 575 5138 Ὀ
606 5085 671 5138 δὲ
697 5081 846 5139 εἴπεο
879 5087 988 5139 Ναὶ
1014 5089 1209 5154 Κύριε.
1248 5087 1369 5140 ΙΙίιιρ
1384 5098 1436 5140 et
1461 5087 1739 5154 sequentia
1770 5102 1862 5140 us-

310 5168 404 5228 que
435 5158 498 5210 ad
529 5173 689 5210 voces
726 5158 865 5220 illas,
901 5157 1141 5226 ἀνάγαγε
1178 5158 1336 5211 αὐτὸν
1364 5157 1500 5228 πρὸς
1535 5157 1622 5226 μέ,
1664 5172 1763 5211 nec
1811 5159 1861 5210 iu

313 5226 472 5296 tribus
531 5231 730 5280 nostris
775 5228 1074 5296 codicibus,
1133 5245 1231 5281 nec
1288 5230 1338 5280 iu
1405 5226 1862 5296 interpretatione

313 5294 473 5365 llullni
505 5298 774 5365 leguntur.
806 5293 964 5352 Solus
996 5300 1166 5351 codex
1195 5298 1396 5365 Regius
1419 5293 1860 5351 eaznlectionem

311 5360 476 5438 habet.
512 5360 616 5420 36.!
653 5368 846 5420 mirum
873 5378 958 5421 est
989 5360 1326 5438 (piantopere
1352 5369 1524 5421 codex
1569 5368 1659 5421 ille
1706 5384 1858 5438 are-

313 5431 457 5508 liquis
493 5441 782 5504 discrepet,
831 5448 944 5491 tum
994 5431 1144 5503 alibi,
1177 5431 1288 5493 tom
1335 5440 1603 5508 praecipue
1628 5438 1677 5490 in
1710 5437 1862 5492 clau-

312 5507 414 5556 sula
448 5508 604 5573 hujus
638 5509 781 5561 libri.

374 5573 472 5648 (79.)
512 5576 848 5646 Ἀναγαγεῖν
883 5595 958 5636 σε
1017 5581 1151 5647 παρ’
1184 5579 1387 5632 αὐτόν.
1442 5576 1644 5632 Omnes
1693 5577 1863 5632 nostri

312 5648 524 5718 pollices,
556 5666 622 5702 ne
643 5649 807 5718 Regio
833 5651 1049 5716 quidem
1082 5662 1334 5718 excepto,
1368 5647 1570 5702 diserte
1600 5649 1861 5715 scriptum

313 5712 496 5790 habent
522 5720 650 5790 παρ’
672 5712 969 5790 αύτῷξᾷιο
1013 5719 1167 5787 paulo
1203 5712 1342 5787 post,
1391 5719 1479 5772 ubi
1514 5712 1861 5790 legitttr'rzap’

315 5784 454 5858 αὐτὸν
500 5784 862 5858 ἀπέὶτταλμᾴι,
897 5788 949 5840 in
983 5784 1238 5844 omnibus
1293 5790 1492 5843 nostris
1533 5784 1861 5858 eietuplari-

318 5851 402 5911 bus
428 5851 782 5930 praeterquam
808 5851 862 5917 iu
891 5858 1024 5917 Fuk.
1054 5861 1317 5932 scriptum
1351 5867 1433 5915 est
1455 5857 1582 5930 παρ’
1617 5851 1782 5932 αὐτῷ.

2011 1971 2170 2041 hujus
2201 1973 2440 2027 civitatis
2473 1973 2690 2042 regulus
2720 1975 3016 2028 accersivit
3067 1993 3174 2043 me,
3221 1981 3494 2047 jussitque
3531 1990 3590 2035 ut

2012 2065 2162 2128 lead
2199 2063 2372 2133 ipsum
2426 2065 2804 2132 perducerem,
2841 2082 2948 2135 quo
2997 2069 3164 2136 ipsius
3205 2071 3585 2137 a‘gritudiuem

2007 2170 2188 2209 cures.
2245 2173 2265 2206 ι
2321 2154 2419 2210 Cui
2488 2156 2792 2210 Thaddznus
2846 2175 2859 2210 :
2918 2176 2936 2209 ι
2987 2159 3309 2230 Pergamus,
3371 2163 3586 2232 inquit,

2007 2249 2444 2318 quandoquidem
2491 2250 2608 2316 ejus
2662 2252 3003 2320 potissimum
3046 2256 3217 2321 gratia
3277 2273 3396 2310 smn
3447 2259 3580 2312 mis-

2006 2353 2123 2392 sus.
2153 2355 2175 2391 ι
2210 2338 2476 2394 Postridie
2507 2354 2638 2410 ergo
2666 2342 2868 2396 Tobias
2901 2360 3062 2398 mane
3092 2357 3371 2414 assumpto
3401 2347 3584 2403 Thad-

2005 2430 2145 2494 da‘o,
2174 2431 2240 2483 ad
2281 2432 2552 2502 Agharum
2581 2437 2846 2503 perrexit.
2895 2436 3140 2506 Cumque
3179 2449 3323 2492 esset
3375 2441 3582 2510 ingres-

2004 2537 2121 2586 sus,
2149 2525 2400 2594 Agbarus
2430 2529 2746 2595 proceribus
2776 2532 2889 2583 suis
2919 2531 3320 2598 circumseptus
3360 2533 3411 2585 in
3466 2534 3580 2602 ipso

2003 2614 2263 2670 intrantis
2294 2614 2554 2671 Thaddzei
2588 2619 2741 2674 vultu
2772 2622 3012 2676 divinqu
3037 2623 3370 2691 nescioqnid
3395 2625 3579 2679 videre

2003 2709 2106 2763 sibi
2137 2710 2285 2764 visus
2316 2719 2399 2765 est
2441 2729 2455 2765 :
2513 2726 2621 2781 quo
2673 2723 2966 2782 conspecto
3010 2716 3196 2769 statim
3247 2716 3577 2770 Thaddzeum

2001 2800 2272 2853 adoravit.
2324 2801 2661 2855 Mirabantur
2705 2817 2896 2858 omnes
2943 2805 3036 2873 qui
3084 2806 3333 2870 aderant,
3379 2805 3576 2874 quippe

2000 2893 2092 2964 qui
2128 2894 2268 2948 nihil
2321 2895 2516 2949 horum
2553 2896 2816 2950 vidissent
2863 2911 2986 2965 quae
3034 2899 3248 2967 Agharo
3307 2912 3557 2966 apparue

2001 2996 2144 3041 rant.
2165 2987 2563 3057 TumAgbarus
2582 2989 2910 3043 'l'haddazum
2933 2990 3291 3059 interrogavit
3315 3007 3329 3043 :
3357 3008 3375 3041 ι
3395 2987 3571 3055 Tune,

1999 3081 2195 3150 inquit,
2228 3080 2338 3152 34
2366 3082 2662 3150 discipulus
2688 3097 2748 3137 es
2781 3085 2906 3137 Jesu
2938 3082 3059 3136 Filii
3112 3082 3201 3135 Dei
3246 3082 3337 3152 qui
3365 3083 3478 3136 lucc
3506 3086 3572 3136 ad

1999 3188 2084 3228 me
2127 3174 2388 3242 scripsit:
2444 3193 2463 3226 ι
2500 3173 2578 3227 Ex
2626 3175 2907 3243 discipulis
2962 3175 3096 3229 meis
3145 3174 3380 3243 aliquem
3412 3178 3477 3229 ad
3519 3185 3571 3226 te

2003 3287 2022 3318 ι
2071 3267 2282 3320 mittam
2310 3267 2399 3336 qui
2441 3278 2494 3320 et
2525 3269 2776 3321 morbum
2814 3279 2961 3322 tuum
2991 3267 3250 3333 curet,'et
3277 3268 3441 3321 vitam
3468 3267 3566 3332 tibi

2001 3377 2020 3410 ι
2074 3359 2289 3427 tuisque
2341 3360 2594 3413 omnibus
2651 3370 2894 3430 prmstel.
2940 3378 2960 3412 ι
3039 3358 3138 3413 Cui
3194 3359 3502 3413 'l‘haddaeus
3548 3376 3566 3414 :

1999 3465 2018 3500 ι
2065 3446 2534 3517 Quandoquidem,
2578 3449 2770 3518 inquit,
2819 3449 3110 3502 maximam
3161 3449 3412 3503 fiduciam
3461 3464 3566 3519 po-

1988 3541 2145 3595 suisti
2178 3541 2228 3594 in
2259 3539 2552 3595 Servatore
2575 3540 2699 3595 Jesu
2729 3544 2819 3610 qui
2863 3541 3008 3596 misit
3047 3557 3153 3608 me,
3188 3543 3393 3596 idcirco
3420 3543 3486 3596 ad
3511 3549 3566 3598 te

1986 3649 2106 3689 sum
2165 3635 2385 3688 missus.
2435 3634 2586 3700 Quod
2621 3635 2664 3688 si
2696 3635 2953 3704 deinceps
2982 3635 3155 3704 magis
3195 3650 3258 3688 ac
3303 3635 3474 3702 magis
3507 3634 3562 3688 iu

1984 3739 2112 3777 enm
2141 3723 2458 3786 credideris,
2507 3726 2635 3778 lient
2686 3724 2870 3777 oniuia
2921 3739 3041 3791 qua:
3087 3723 3359 3792 postulas,
3402 3733 3561 3794 prout

1984 3814 2144 3868 ﬁdem
2182 3813 2830 3883 habebisallieAgbarus
2857 3814 3086 3880 :«Adeo,
3119 3815 3320 3884 inquit,
3352 3815 3560 3870 credidi

1982 3908 2054 3973 ei,
2089 3904 2381 3960 utJudzeos
2409 3907 2500 3974 qui
2540 3905 2688 3958 illum
2739 3904 2792 3958 in
2851 3920 3071 3960 crucem
3116 3916 3364 3976 egerunt,
3415 3907 3558 3962 bello

1981 4009 2236 4070 appetere
2267 4009 2321 4052 et
2346 3998 2411 4051 ad
2441 3997 2869 4051 internecionem
2901 3997 3085 4052 delere
3121 4000 3417 4062 voluerim,
3447 4000 3552 4054 nisi

1986 4101 2163 4145 metus
2189 4090 2404 4158 imperii
2434 4089 2668 4143 Romani
2700 4104 2785 4142 me
2817 4089 2884 4142 ab
2916 4090 3016 4143 hoc
3043 4093 3270 4146 consilio
3303 4106 3549 4146 revocas.

1984 4195 2086 4240 set.
2130 4203 2149 4235 ι
2188 4183 2324 4237 Tum
2356 4181 2697 4236 Thaddteus:
2735 4199 2754 4231 ι
2791 4182 3071 4248 Dominus,
3115 4183 3314 4252 inquit,
3371 4193 3556 4236 noster

1977 4292 2033 4335 et
2060 4282 2202 4335 Deus
2231 4278 2388 4334 Jesus
2416 4278 2664 4333 Christus
2691 4275 2953 4345 quidquid
2989 4292 3020 4330 a
3054 4275 3218 4330 Patre
3241 4277 3553 4329 mandatum

1978 4375 2177 4440 fuerat,
2207 4384 2502 4429 exsecutus
2535 4383 2643 4437 est,
2676 4371 3049 4440 perfectisque
3082 4372 3334 4424 omnibus
3359 4369 3426 4421 ad
3460 4383 3541 4436 pa-

1981 4483 2194 4523 rentem
2248 4482 2405 4520 suum
2459 4478 2539 4522 est
2575 4482 2850 4532 reversus.
2889 4484 2907 4516 ι
2958 4463 3055 4516 Cui
3089 4463 3380 4530 Agbarus:
3427 4479 3444 4512 ι
3486 4458 3551 4513 Et

2049 4665 2160 4737 (75)
2187 4667 2290 4732 Εὶς
2313 4663 2419 4717 τὸν
2443 4663 2890 4737 ἀποστείλαντά
2909 4681 2986 4733 με
3029 4664 3254 4737 Κύριοῃ
3293 4657 3548 4737 Ἰησρῦν.

1979 4729 2107 4791 Dure
2141 4729 2344 4789 itltimae
2371 4749 2532 4787 voces
2564 4735 2761 4785 absunt
2793 4749 2821 4785 a
2854 4729 3027 4787 tribus
3063 4729 3342 4785 cudteihus
3386 4729 3546 4793 Mai",

1968 4808 2110 4861 Med.
2147 4822 2210 4860 ac
2246 4804 2409 4867 Fuk.,
2438 4821 2536 4857 nec
2562 4805 2827 4857 habentur
2853 4806 2906 4859 in
2947 4802 3403 4872 interpretatione
3435 4798 3550 4853 Ru-

1967 4877 2083 4934 lini.

2038 4946 2150 5018 (74)
2179 4946 2232 4999 '0
2248 4946 2464 5012 Κύριος
2482 4944 2650 5018 ἡμῶν
2666 4943 2765 4997 καὶ
2788 4945 2932 5018 Θεὸς
2961 4943 3193 5013 Ἰησοῦς
3215 4946 3247 4997 ό
3270 4943 3544 5018 Χρισρός.

1967 5013 2284 5086 Simplicior
2319 5015 2681 5086 ac‘siurerior
2713 5028 2795 5068 est
2829 5017 3010 5086 lectio,
3064 5030 3225 5081 quam
3283 5016 3335 5067 in
3365 5013 3547 5086 tribus

1974 5081 2174 5143 nostris
2221 5084 2498 5139 codicibus
2551 5087 2850 5152 reperimus
2890 5085 3054 5149 Maz.,
3092 5086 3227 5139 Med.
3270 5099 3332 5138 ac
3363 5081 3541 5136 Fuk.:

1982 5159 2039 5237 '_O
2064 5157 2266 5237 Κύριος
2295 5156 2452 5227 ἡμῶν
2497 5154 2702 5237 Ἰησούς
2724 5153 2793 5237 τὸ,
2818 5155 3050 5235 θέλημα,
3085 5168 3190 5237 εις.
3223 5155 3391 5237 Quam
3420 5153 3543 5222 qui-

1971 5231 2090 5280 dem
2138 5225 2812 5301 scripturam“ceulirmat
2862 5228 3026 5278 etiam
3082 5225 3420 5301 Nicephorus
3479 5238 3541 5301 ac

1969 5299 2221 5352 Rutilius.
2273 5297 2384 5351 Nec
2439 5295 2595 5357 ullus,
2643 5306 2701 5348 ut
2727 5296 2941 5363 Opinor,
2974 5296 3212 5365 negabit.
3252 5311 3369 5348 eam
3404 5295 3539 5365 scri-

1968 5381 2181 5438 pturam
2221 5369 2344 5421 huic
2386 5367 2505 5438 loco
2541 5367 2720 5438 aptius
2767 5363 3353 5438 convenire.Pri_mum
3389 5363 3536 5438 enim

1970 5432 2185 5493 veteres
2219 5439 2294 5492 illi
2331 5437 2422 5491 Dei
2452 5432 2772 5490 vocabulum
2823 5436 2922 5490 soli
2957 5437 3099 5489 Patri
3130 5435 3368 5488 tribuere
3397 5432 3539 5486 sole-

1968 5510 2119 5572 bant,
2162 5517 2220 5563 ut
2255 5521 2440 5562 uotum
2473 5517 2581 5561 est.
2619 5505 2829 5560 Deinde
2853 5508 2897 5559 si
2932 5506 3232 5572 Thaddteus
3260 5504 3534 5569 Abgarum

1967 5580 2517 5652 alloquensinoudutu
2541 5576 2695 5652 plena
2738 5577 3003 5652 imbutum
3047 5575 3173 5638 lide,
3205 5571 3391 5628 Jesum
3439 5586 3537 5652 np-

1965 5651 2219 5720 pellasset
2252 5651 2442 5720 Deum,
2468 5648 2520 5700 id
2551 5648 2826 5720 Ahgarum
2864 5649 3082 5720 turbare
3107 5654 3298 5720 uierito
3323 5648 3537 5720 potuis-

1965 5716 2068 5787 set,
2107 5732 2159 5778 et
2194 5721 2334 5773 hanc
2363 5719 2437 5771 illi
2467 5719 2836 5787 suspicionem
2885 5716 3130 5784 injicere,
3154 5717 3294 5770 duos
3347 5718 3478 5768 deos
3500 5727 3533 5766 ι

1964 5790 2235 5853 Τιιειάόιεο
2265 5790 2573 5864 praedicari.
