4054 6456
457 389 560 448 ιυ

1156 381 1426 439 EUSEBII
1463 380 1940 439 CAESABIENSIS
1975 378 2126 436 OPP.
2165 377 2344 432 PARS
2383 370 2425 430 Ι.
2467 404 2536 417 —-
2572 375 2961 432 lllSTORlCA.

3585 372 3688 429 ηε

458 512 512 564 ἰιι
546 508 744 577 ipsum,
795 501 994 572 inquit,
1046 500 1253 556 credidi
1307 513 1362 554 et
1413 500 1466 553 in
1502 498 1721 554 Patrem
1772 497 1962 568 ipsius.
1995 517 2015 550 ι

2130 496 2216 548 ἐπὶ
2249 494 2306 548 σὲ
2345 497 2404 546 ἐν
2431 493 2654 566 ὀνόματι
2693 492 2856 547 αὐτοῦ
2885 491 2978 546 τοῦ
3024 492 3227 564 Κυρίου
3279 490 3474 562 Ἰησοῦ.
3513 512 3532 544 ι
3577 493 3690 546 Καὶ

456 602 607 655 Tuuc
633 595 976 650 Thaddaeus:
1013 611 1030 644 ι
1070 593 1388 662 Propterea,
1425 593 1622 660 inquit,
1667 605 1886 645 manum
1927 590 2023 644 tibi

469 695 684 759 impono
719 690 770 741 in
803 685 1025 741 nomine
1057 685 1270 739 Domini
1299 684 1468 738 nostri
1503 682 1650 737 Jesu.
1690 700 1709 734 ι
1742 681 1858 748 Quo
1884 681 2026 736 facto

458 785 645 840 statim
682 781 930 846 Agbarus
963 779 1158 831 morbo
1186 785 1242 830 et
1289 776 1610 846 aegritudine
1656 789 1763 843 qua
1811 774 2028 829 labora-

461 877 550 931 bat
586 883 670 928 est
697 872 980 932 liberatus,
1006 884 1306 940 magnaque
1337 885 1460 924 eum
1497 867 1794 922 admiratio
1827 867 2024 930 tenuit,

459 967 601 1034 quod
649 965 809 1019 sicuti
855 963 923 1017 de
964 961 1090 1016 Jesu
1140 960 1281 1014 fama
1331 968 1641 1029 acceperat,
1693 959 1873 1029 reipsa
1930 973 2028 1027 per

459 1058 791 1115 Thaddmum
825 1053 1145 1122 discipulum
1186 1053 1356 1122 ipsius
1404 1060 1458 1106 et
1504 1051 1804 1120 apostolum
1837 1050 2027 1120 imple-

462 1160 572 1203 tum
608 1148 850 1210 videbat,
885 1145 976 1213 qui
1031 1145 1236 1211 absque
1287 1141 1412 1196 ullts
1451 1142 1865 1196 medicamentis
1901 1140 2025 1196 her-

458 1239 649 1307 bisque
692 1237 866 1304 ipsum
917 1232 1167 1302 pristina:
1197 1231 1495 1286 valetudini
1530 1232 1858 1288 restituisset
1889 1247 1900 1279 :
1928 1246 2026 1286 nec

456 1346 588 1384 vero
637 1331 811 1399 ipsum
854 1325 1333 1384 solummodo,sed
1383 1333 1437 1377 et
1478 1325 1688 1380 Abdum
1733 1324 2024 1394 quemdam

457 1423 596 1477 Abdi
633 1400 802 1474 tilium
858 1419 1099 1487 podagra
1137 1417 1496 1481 laborantem,
1543 1415 1778 1487 quicum
1803 1415 2027 1484 supplex

457 1519 525 1571 ad
554 1513 811 1570 Thaddaai
845 1511 1072 1578 Vestigia
1111 1508 1429 1578 provolutus
1466 1517 1634 1572 esset,
1687 1507 2026 1560 benedictio-

459 1625 581 1663 nem
609 1608 676 1661 ab
706 1621 770 1658 eo
805 1620 904 1673 per
933 1601 1336 1670 impositiouem
1371 1614 1562 1653 manus
1615 1599 1891 1667 accipiens
1940 1613 2028 1652 sa-

460 1712 620 1753 natus
650 1707 752 1752 est.
785 1696 974 1749 Plures
1001 1708 1219 1762 quoque
1249 1690 1342 1743 alii
1387 1705 1450 1744 ex
1483 1690 1673 1743 eadem
1713 1690 1933 1744 civitate
1959 1689 2028 1745 ab

457 1789 646 1842 eodem
699 1786 946 1856 apostolo
996 1783 1169 1838 curati
1223 1791 1388 1845 sunt,
1438 1779 1713 1848 multaque
1765 1780 2024 1835 miracula

2124 589 2279 642 τοῦτο
2306 585 2639 658 πράξαντος,
2670 585 3004 657 παραχρῆμα
3035 581 3372 654 ἐθεραπεύθη
3405 582 3501 652 τῆς
3531 581 3686 634 νόσου

2125 680 2218 732 καὶ
2247 677 2340 731 τοῦ
2369 677 2570 741 πάθους
2595 673 2656 730 οῦ
2681 671 2849 746 εἶχεν.
2887 674 3192 746 Ἐθαύμασέ
3229 691 3288 727 τε
3319 676 3347 727 ό
3393 672 3686 745 Ἀγϐαρος,

2124 769 2206 821 ὅτι
2239 766 2419 831 καθὼς
2459 769 2718 840 ἦκουσται
2764 764 2912 836 αύτῴ
2956 765 3084 836 περὶ
3127 763 3220 817 τοῦ
3272 761 3470 833 Ἰησοῦ,
3512 761 3690 826 οῦτως

2123 863 2236 923 τοῖς
2274 860 2455 932 ἔργοις
2501 857 2774 931 παρέλαϐε
2818 857 2904 911 διὰ
2948 854 3042 910 τοῦ
3097 855 3336 926 μαθητοῦ
3383 854 3544 908 αὐτοῦ
3593 855 3689 908 καὶ

2123 953 2419 1006 ἀποστόλου
2444 951 2703 1005 Θαδδαίου
2737 950 2870 1021 (75),
2903 951 2960 1014 ὃς
2999 949 3159 1002 αὑτὸν
3187 947 3310 1001 ἄνευ
3343 946 3689 1020 φαρμακείας

2125 1047 2219 1098 καὶ
2266 1045 2499 1116 βοτανῶν
2534 1045 2916 1116 ἐθεράπευσεν.
2960 1042 3068 1096 Καὶ
3111 1042 3170 1094 οὐ
3217 1042 3394 1112 μόνον,
3424 1041 3557 1094 ἀλλά
3593 1041 3690 1093 καὶ

2130 1140 2320 1194 Ἀῦδον
2345 1139 2435 1192 τὸν
2469 1137 2562 1190 τοῦ
2595 1137 2788 1189 Ἀϐδου
2817 1135 3086 1207 ποδάγραν
3126 1134 3315 1205 ἔχοντα
3339 1151 3351 1164 ·
3381 1134 3439 1197 ὃς
3479 1133 3572 1186 καὶ
3600 1132 3692 1186 αύο

2123 1236 2214 1300 τὸς
2247 1231 2554 1305 προσελθὼν
2585 1231 2690 1284 ὑπὸ
2720 1231 2845 1295 τοὺς
2891 1231 3054 1292 πόδας
3082 1228 3244 1282 αὑτοῦ
3277 1229 3490 1292 ἔπεσεν,
3522 1227 3690 1298 εὐχάς

2118 1344 2178 1380 τε
2195 1328 2282 1382 διὰ
2295 1325 2475 1398 χειρὸς
2489 1325 2666 1378 λαϐὼν
2681 1324 3018 1396 ἐθεραπεύθη
3035 1322 3124 1394 (76
3135 1339 3144 1386 )
3156 1340 3171 1354 ⁸
3190 1321 3412 1385 πολλούς
3425 1338 3483 1374 τε
3496 1321 3689 1383 ἄλλους

2131 1420 2459 1492 συμπολίτας
2489 1417 2668 1471 αὐτῶν
2697 1419 2724 1470 ὁ
2766 1416 2924 1479 αὐτὸς
2969 1416 3154 1469 ἰάσατο
3192 1412 3506 1479 ἀπόστολος,
3556 1412 3690 1466 θαυ-

2131 1510 2308 1584 μαστά
2345 1511 2438 1563 καὶ
2483 1508 2692 1580 μεγάλα
2732 1507 2922 1570 ποιῶν,
2953 1507 3048 1560 καὶ
3090 1505 3379 1577 κηρύσσων
3411 1504 3502 1557 τὸν
3532 1504 3692 1572 λόγον

2124 1601 2219 1656 τοῦ
2249 1600 2401 1655 Θεοῦ.
2437 1597 2591 1654 Μετὰ
2614 1599 2672 1652 δὲ
2703 1597 2874 1676 ταῦ-τα
2902 1600 2929 1650 ὁ
2959 1596 3248 1668 Ἀϐγαρος,
3283 1614 3301 1646 ι
3337 1595 3407 1647 Σὺ
3440 1593 3687 1656 Θαδδαῖε,

2127 1695 2251 1767 ἔφη,
2295 1695 2389 1748 σὺν
2430 1693 2657 1763 δυνάμει
2685 1689 2778 1744 τοῦ
2810 1689 2944 1743 Θεοῦ
2973 1687 3146 1741 ταῦτα
3193 1689 3382 1750 ποιεῖς,
3414 1686 3505 1739 καὶ
3530 1687 3692 1757 ἡμεῖς

2129 1804 2188 1840 σε
2220 1786 2371 1839 αὐτοὶ
2399 1785 2806 1855 ἐθαυμάσαμεν.
2845 1781 2983 1834 Ἀλλ’
3007 1779 3099 1832 ἐπὶ
3123 1778 3332 1841 τούτοις
3355 1777 3542 1848 δέομαί
3574 1794 3690 1842 σου,

461 1888 767 1948 perpetrata
795 1893 914 1931 cum
961 1879 1183 1930 verbum
1217 1875 1310 1928 Dei
1355 1874 1464 1928 illic
1507 1874 1844 1941 prmdicaret.
1896 1872 2025 1928 Post

2130 1875 2480 1949 διηγήσασθαί
2526 1893 2614 1946 μοι
2647 1874 2773 1945 περ).
2813 1873 2909 1942 τῆς
2941 1870 3202 1934 ἐλεύσεως
3243 1868 3335 1921 τοῦ
3376 1866 3545 1938 Ἰησοῦ
3575 1865 3692 1930 πῶς

461 1973 575 2024 haec
609 1985 740 2025 vero
785 1970 1032 2038 Agbarus
1080 1970 1158 2023 sic
1200 1967 1531 2022 Thaddzeum
1579 1965 1846 2021 allocutus
1897 1976 2021 2023 est:

464 2081 482 2112 ι
516 2062 865 2129 Quaecunque
898 2059 1056 2123 facis,
1095 2061 1294 2129 inquit,
1335 2059 1624 2121 Thaddme,
1677 2073 1780 2128 ope
1830 2059 2028 2113 divina!

459 2156 678 2208 virtutis
710 2155 806 2207 abs
840 2163 890 2207 te
921 2153 1036 2206 ﬁeri
1067 2155 1360 2216 credimus,
1415 2167 1591 2221 eaque
1638 2153 1707 2205 de
1759 2167 1919 2207 causa
1972 2161 2026 2207 te

461 2259 566 2298 non
601 2244 950 2298 mediocriter
974 2243 1327 2296 admiramur.
1361 2242 1492 2306 Sed,
1515 2256 1697 2306 quzeso
1726 2252 1797 2306 te,
1816 2258 2027 2311 expone

460 2331 714 2402 deinceps
747 2332 905 2385 nobis
957 2332 1022 2383 de
1061 2329 1188 2385 Jesu
1239 2331 1410 2400 ipsius
1456 2333 1710 2395 adventu,
1765 2334 1939 2401 qualis
1974 2343 2029 2388 et

459 2423 756 2488 cujusmodi
792 2424 835 2476 is
868 2423 1077 2476 fuerit:
1127 2430 1179 2476 et
1219 2423 1285 2478 de
1336 2424 1575 2491 petentia
1623 2424 1884 2494 ejusdem,
1921 2441 2026 2495 qua

460 2517 676 2570 demum
709 2518 758 2570 vi
791 2528 955 2586 atque
997 2519 1198 2571 virtute
1247 2525 1326 2570 tot
1374 2524 1429 2568 et
1481 2526 1629 2570 tanta
1675 2533 1794 2586 quae
1840 2520 2026 2572 auditu

459 2609 769 2676 accepimus
819 2609 1176 2678 perpetrarit.
1212 2626 1232 2660 ι
1289 2606 1356 2660 Ει
1394 2606 1697 2662 'l‘haddteus
1738 2625 1752 2663 :
1811 2629 1830 2660 ι
1875 2607 2028 2665 Nunc

459 2696 701 2765 quidem,
733 2698 932 2766 inquit.
970 2712 1192 2766 parcam
1242 2695 1449 2758 dicere,
1479 2698 1916 2767 quandoquidem
1961 2702 2028 2754 ad

459 2786 682 2839 Verbum
711 2786 801 2840 Dei
833 2788 1006 2856 palam
1039 2786 1292 2840 omnibus
1321 2787 1676 2840 nuntiandum
1711 2801 1830 2841 sum
1865 2789 2030 2844 desti-

463 2888 644 2933 natus.
685 2879 936 2933 Crastino
973 2894 1102 2934 vero
1147 2893 1418 2947 congrega
1475 2880 1609 2932 mihi
1647 2894 1836 2934 omnes
1880 2882 2030 2936 cives

464 2981 610 3034 tuos,
640 2983 694 3024 et
725 2973 944 3026 verbum
987 2972 1078 3025 Dei
1117 2986 1304 3026 coram
1333 2974 1436 3028 illis
1471 2972 1776 3039 praedicabo
1800 2974 2030 3041 vitaiqne

459 3079 767 3118 sermonem
798 3066 850 3117 iu
879 3051 1070 3118 eorum
1109 3065 1380 3118 mentibus
1423 3081 1625 3127 seram,
1652 3079 1930 3135 esponeus
1963 3067 2030 3122 de

461 3157 693 3210 adventu
722 3155 848 3209 Jcsu
882 3157 1105 3221 Christi,
1130 3157 1430 3226 cujusmodi
1481 3157 1668 3223 fuerit,
1701 3168 1756 3214 et
1786 3161 1852 3212 de
1883 3159 2028 3226 ejus-

460 3249 578 3301 dem
609 3248 714 3320 35
741 3249 1009 3319 legatione
1033 3291 1049 3313 ,
1085 3250 1236 3318 cujus
1271 3253 1347 3306 rei
1380 3267 1546 3306 causa
1577 3269 1604 3305 a
1637 3250 1798 3306 Patre
1825 3251 2028 3306 missus

459 3343 531 3396 sit
561 3355 576 3393 :
608 3342 672 3396 de
701 3341 938 3410 potentia
983 3341 1126 3394 illius
1157 3351 1209 3395 et
1237 3343 1304 3394 de
1330 3342 1547 3395 arcanis
1578 3356 1697 3410 qua:
1743 3341 1884 3394 inter
1922 3339 2022 3393 ho-

462 3436 636 3488 mines
659 3434 867 3490 locutus
892 3444 996 3497 est,
1024 3443 1078 3488 et
1105 3449 1206 3501 qua
1247 3433 1297 3488 vi
1328 3448 1391 3486 ac
1421 3433 1622 3487 virtute
1659 3441 1734 3485 tot
1767 3431 2024 3485 miracula

384 3519 401 3538 '
462 3525 699 3595 patravit
731 3543 745 3582 :
785 3524 848 3578 de
891 3539 1025 3577 nova
1055 3523 1292 3590 ejusdem
1343 3523 1727 3592 prmdicatioue
1762 3540 1775 3574 :
1809 3524 1872 3577 de
1905 3523 2029 3575 vili-

462 3629 571 3671 tate
609 3626 664 3671 et
689 3615 994 3686 abjectione
1025 3617 1315 3672 exterioris
1344 3617 1458 3684 ejus
1486 3615 1838 3670 humanitatis
1873 3630 1888 3668 :
1921 3629 2028 3684 quo

530 3734 641 3805 (75)
676 3733 780 3787 Καὶ
817 3734 1162 3789 ἀποστόλου
1195 3735 1509 3788 Θαδδαίου.
1545 3734 1671 3788 Duas
1702 3735 1911 3802 priores
1943 3751 2034 3788 vo-

460 3821 552 3859 ces
587 3807 783 3857 desunt
813 3805 869 3858 in
903 3806 1075 3859 tribus
1129 3807 1413 3860 codicibus
1451 3805 1748 3867 Mazariuo,
1777 3805 2031 3860 Medich

461 3885 514 3928 et
549 3872 782 3935 Fuketii,
827 3891 924 3928 nec
953 3875 1212 3940 leguntur
1255 3877 1308 3929 in
1341 3877 1593 3929 versione
1625 3875 1827 3930 Rttlini.
1857 3874 1946 3928 Sic
1976 3883 2031 3928 et

462 3947 620 4014 paulo
652 3943 876 3998 inferius
903 3945 992 3999 tibi
1032 3947 1227 4015 legitur
1259 3948 1285 3999 ό
1311 3945 1469 4010 αὐτὸς
1500 3947 1687 4000 ἰάσατο
1717 3945 2030 4008 ἀπόστολος,

464 4017 625 4068 iidem
662 4023 771 4066 tres
797 4015 921 4068 libri
955 4017 1194 4068 ultimam
1221 4033 1404 4070 vocem
1435 4034 1538 4069 non
1569 4027 1892 4082 agnoscunt.

533 4083 644 4155 (76)
695 4082 894 4154 Εὑχάς
922 4101 986 4137 τε
1028 4085 1124 4139 διὰ
1170 4087 1366 4156 χειρὸς
1395 4087 1594 4140 λαϐὼν
1649 4086 2033 4154 ἐθεραπεύθη.

462 4155 706 4210 Pessime
729 4157 868 4207 hunc
895 4156 1070 4208 locum
1101 4167 1380 4210 verterunt
1411 4157 1684 4212 Mttscu'et’
1711 4167 1764 4209 et
1789 4157 2034 4209 Christo-

467 4229 788 4294 phorsouus.
839 4223 1104 4277 Putarunt
1133 4227 1275 4278 enim
1310 4225 1473 4294 εὐχάς
1520 4227 1703 4279 λαβεῖν
1739 4226 1878 4279 idem
1913 4239 2034 4278 esse

465 4297 605 4359 quod
633 4293 734 4345 voti
761 4303 1042 4361 compotem
1069 4295 1207 4360 ﬁeri.
1249 4293 1472 4348 cumsit
1502 4296 1910 4348 benedictionem
1941 4309 2028 4346 ac-

463 4366 654 4418 cipere.
727 4362 866 4415 Idem
922 4375 1006 4414 est
1068 4365 1229 4431 igitur
1280 4381 1343 4417 ac
1387 4366 1431 4417 si
1491 4366 1721 4419 dixisset
1763 4364 2028 4418 Eusebius

460 4432 705 4503 διέὑχῆς
734 4432 828 4485 καὶ
854 4432 1050 4503 χειρῶν
1083 4433 1396 4498 ἐπιθέσεως,
1423 4445 1478 4488 ιιι
1501 4435 1734 4503 loquitur
1764 4435 1814 4486 in
1845 4435 1938 4487 lib.
1963 4448 2022 4494 ιι,

462 4520 586 4572 cap.
641 4503 691 4555 1.
737 4503 850 4574 Νοιι
885 4516 1028 4556 recte
1060 4504 1221 4572 igitur
1259 4504 1595 4574 Nicephorus
1638 4519 1738 4574 pro
1771 4503 1875 4557 illis
1903 4521 2020 4574 ver-

460 4575 545 4628 bis
569 4574 730 4641 εὐχὰς
755 4573 1041 4644 ἓιάίχειρὸς
1069 4574 1270 4635 λαϐὼν,
1304 4572 1414 4629 haec
1445 4577 1618 4642 posuit
1642 4572 1784 4644 εύχῇ
1813 4591 1874 4626 τε
1911 4572 2026 4643 ἅμα

461 4645 555 4698 καὶ
587 4647 651 4714 τῇ
689 4645 795 4714 ἀφῇ
832 4643 1022 4697 θᾶττον
1055 4645 1160 4698 τῶν
1210 4646 1482 4716 δυσχερῶν
1525 4643 1943 4716 ἀπηλλάττοντο,
1979 4646 2027 4696 id

462 4726 564 4779 est,
597 4718 753 4767 simul
811 4725 965 4786 atque
995 4727 1229 4769 orassent
1262 4727 1308 4768 et
1354 4717 1634 4786 tetigissent
1682 4717 2027 4780 Tliadda'um,

461 4786 640 4856 statim
671 4785 865 4838 morbis
896 4785 1103 4838 liberati
1130 4797 1270 4838 sunt.
1309 4785 1471 4856 Atqui
1512 4801 1612 4839 nou
1643 4787 1744 4840 hoc
1776 4787 1906 4856 dicit
1932 4786 2030 4837 Ett-

461 4855 666 4916 sehius,
699 4859 791 4908 sed
822 4871 1012 4908 manus
1045 4854 1472 4923 impositioneiet
1501 4859 1815 4922 precatione
1845 4854 2022 4908 Thad-

461 4925 560 4998 diei
613 4941 786 4998 argros
813 4934 1038 4998 (curatos
1064 4927 1250 4979 fuisse.
1280 4926 1460 4997 Εὐχὰς
1480 4926 1568 4980 διά
1593 4928 1773 4998 χειρός
1796 4927 1876 4979 vel
1902 4925 2030 4978 sim-

461 4994 867 5066 pliciterebxdt;
887 4995 1066 5066 χειρὸς
1088 4998 1294 5065 antiqui
1326 4994 1514 5051 Patres
1539 4994 1813 5051 vocabant
1841 5011 2030 5048 tuath

463 5065 1044 5134 impositionem’mtm
1110 5068 1442 5135 precatione.
1505 5069 1597 5122 Sic
1653 5071 1702 5121 in
1760 5066 2029 5134 excerptis

465 5136 724 5206 Theodoti
785 5153 877 5189 seu
946 5137 998 5188 in
1056 5138 1204 5190 libris
1257 5135 1658 5206 Hypotyposeon
1711 5138 2025 5197 Clementis,

461 5222 584 5276 pag.
619 5205 744 5270 5M,
774 5209 846 5277 de
879 5207 1163 5274 baptismo,
1191 5208 1290 5259 Διά
1321 5205 1476 5261 τοῦτο
1509 5207 1771 5277 νηστεῖαι,
1794 5207 2026 5277 δεήσεις,

461 5275 618 5346 εὐχαὶ
639 5275 855 5347 χειρῶν,
881 5277 1234 5344 γονυκλισίαι.
1268 5275 1611 5332 Praecedehat
1648 5291 1824 5332 autem
1854 5275 2030 5331 uratto

465 5347 862 5414 ituposttionetn
902 5365 1179 5402 manuum.
1229 5347 1507 5402 Possidius
1535 5349 1586 5400 itt
1627 5347 1745 5401 Vita
1777 5348 2030 5417 Augusti-

463 5419 540 5475 ni.
564 5433 686 5485 cap.
715 5419 782 5470 ‘29
815 5435 827 5469 :
867 5417 1017 5480 Quod
1045 5423 1166 5470 dum
1187 5419 1540 5480 comperisset,
1577 5417 1749 5484 facere
1781 5434 1882 5469 non
1908 5419 2026 5470 dis-

464 5490 624 5552 tulit;
673 5490 761 5540 sed
793 5490 1092 5552 confestim,
1128 5505 1344 5541 manum
1385 5488 1464 5540 illi
1495 5489 1764 5551 imponens
1797 5489 2030 5540 oratione

460 5560 764 5624 praziiiissa;
790 5568 836 5610 et
869 5557 1017 5609 illum
1057 5558 1326 5624 inﬁrmant
1377 5561 1624 5612 continuo
1667 5557 1921 5612 Dominus
1953 5574 2032 5610 sa-

465 5644 587 5680 num
629 5629 691 5680 ab
720 5629 895 5681 eodem
931 5628 1193 5681 discedere
1216 5629 1366 5696 fecit.

533 5696 666 5767 (76‘)
707 5696 938 5765 Ἐπειδὴ
970 5696 1222 5766 κηρύξαι
1245 5697 1350 5750 τὸν
1367 5698 1552 5767 ,λόγον
1565 5697 1934 5764 ἀπεστάλην.
1954 5698 2028 5752 Ex

462 5770 712 5820 versione
735 5767 908 5820 Ruliut
941 5769 1207 5838 Suspicari
1225 5771 1348 5838 quis
1373 5771 1607 5822 l'ortasse
1631 5780 1835 5836 posset,
1868 5771 2029 5838 verba

468 5839 553 5894 hic
581 5853 698 5892 esse
755 5836 1104 5907 trattsposit‘a.
1159 5836 1256 5895 Sic
1287 5839 1430 5894 enim
1460 5841 1621 5895 vertit
1658 5839 1925 5896 lluliuus:
1961 5836 2027 5890 Et

2126 1971 2358 2040 ἐγένετο,
2389 1968 2483 2022 καὶ
2515 1968 2643 2038 περ).
2669 1967 2768 2035 τῆς
2807 1964 3085 2035 δυνάμεως
3116 1961 3300 2023 αὑτοῦ,
3345 1961 3434 2014 καὶ
3478 1963 3535 2013 ἐν
3564 1958 3694 2030 ποίᾳ

2125 2063 2351 2134 δυνάμει
2401 2059 2570 2115 ταῦτα
2616 2059 2808 2122 ἐποίει,
2858 2058 3013 2112 ἆτινα
3059 2054 3389 2125 ἠκούσαμεν.
3441 2073 3460 2106 ι
3511 2053 3619 2106 Καὶ
3663 2054 3694 2106 ό

2125 2157 2399 2220 Θαδδαῖος,
2437 2174 2454 2206 ι
2488 2153 2601 2207 Νῦν
2649 2153 2743 2223 μὲν
2788 2151 3154 2221 σιωπήσομαι,
3194 2148 3329 2218 ἔφη,
3363 2147 3546 2217 ἐπειδὴ
3589 2163 3693 2216 κη-

2128 2249 2284 2322 ρύξαι
2314 2249 2401 2301 τὸν
2426 2249 2580 2313 λόγον
2599 2245 2902 2315 ἀπεστάλην
2931 2243 3079 2313 (76’),
3105 2240 3300 2312 Αὔριον
3324 2241 3380 2292 δέ
3405 2238 3695 2309 ἐκκλησία-

2129 2342 2218 2394 σὸν
2253 2358 2340 2411 μοι
2366 2341 2490 2402 τοὺς
2514 2338 2732 2400 πολίτας
2761 2354 2852 2389 σου
2885 2336 3114 2399 πάντας,
3149 2335 3241 2388 κα).
3276 2335 3361 2386 ἐπ’
3387 2333 3563 2386 αὐτῶν
3595 2350 3694 2404 κη-

2131 2431 2273 2502 ρύξω
2307 2431 2395 2484 τὸν
2432 2429 2584 2497 λόγον
2625 2429 2717 2482 τοῦ
2747 2428 2904 2489 Θεοῦ,
2945 2427 3038 2481 καὶ
3073 2425 3258 2497 σπερῶ
3291 2427 3348 2479 ἐν
3387 2426 3565 2488 αὐτοῖς
3601 2424 3693 2476 τὸν

2127 2522 2284 2590 λόγον
2320 2521 2420 2590 τῆς
2462 2520 2626 2591 ζωῆς,
2659 2519 2783 2589 περί
2827 2536 2886 2570 τε
2934 2518 3030 2589 τῆς
3074 2517 3337 2580 ἐλεύσεως
3375 2515 3469 2569 τοῦ
3520 2513 3692 2587 Ἰησοῦ

2125 2612 2305 2676 καθὼς
2333 2612 2576 2680 ἐγένετο,
2608 2612 2701 2665 καὶ
2735 2613 2860 2682 περὶ
2896 2611 2994 2682 τῆς
3029 2610 3332 2680 ἀποστολῆς
3362 2608 3550 2672 αὐτοῦ,
3598 2609 3692 2664 καὶ

2127 2702 2286 2756 ἕνεκα
2316 2702 2458 2765 τίνος
2486 2701 2762 2771 ἀπεστάλη
2793 2700 2898 2753 ὑπὸ
2919 2699 3012 2753 τοῦ
3045 2700 3275 2770 Πατρδς,
3317 2700 3412 2753 καὶ
3442 2700 3567 2770 περὶ
3595 2699 3695 2770 τῆς

2127 2795 2404 2866 δυνάμεως
2431 2793 2535 2846 τῶν
2569 2793 2744 2865 ἔργων
2775 2793 2959 2856 αὐτοῦ,
2992 2793 3083 2846 καὶ
3124 2792 3433 2864 μυστηρίων
3465 2785 3538 2844 ὧν
3573 2791 3697 2845 ἐλά-

2126 2885 2288 2957 λησεν
2317 2887 2372 2938 ἐν
2412 2885 2488 2956 τῷ
2517 2886 2722 2956 κόσμῳ,
2765 2886 2857 2939 καὶ
2885 2886 3014 2956 ποίᾳ
3043 2885 3267 2956 δυνάμει
3299 2885 3470 2938 ταῦτα
3500 2884 3689 2936 ἐποίει’

2128 2981 2222 3036 καὶ
2255 2980 2382 3051 περὶ
2407 2980 2505 3050 τῆς
2542 2980 2732 3049 καινῆς
2762 2976 2924 3032 αὑτοῦ
2961 2979 3260 3050 κηρύξεως,
3296 2978 3389 3030 καὶ
3436 2978 3562 3047 περ).
3594 2975 3698 3047 τῆς

2132 3071 2493 3143 σμικρότητος
2517 3072 2610 3124 καὶ
2632 3070 2906 3133 εὐτελείας
2928 3069 3023 3124 καὶ
3048 3087 3112 3121 πε
3124 3069 3175 3141 pl.
3201 3069 3297 3138 τῆς
3318 3067 3697 3129 ταπεινώσεως

2128 3163 2222 3216 τοῦ
2280 3161 2600 3233 φαινομένου
2654 3161 2849 3227 ἔξωθεν
2897 3159 3182 3232 ἀνθρώπου
3230 3161 3372 3230 (77)⁶
3435 3162 3529 3213 καὶ
3578 3159 3699 3224 πῶς

2132 3250 2488 3305 ἐταπείνωσεν
2530 3250 2722 3304 ἐαυτὸν
2773 3250 2865 3302 καὶ
2919 3249 3174 3313 ἀπέθανε,
3228 3251 3320 3302 καὶ
3370 3249 3702 3319 ἐσμίκρυνεν

2131 3342 2294 3397 αὐτοῦ
2325 3342 2420 3414 τὴν
2440 3341 2682 3411 θεότηταο
2709 3342 2807 3394 ὅσα
2833 3343 2880 3393 τ’
2910 3341 3013 3394 ὑπὸ
3049 3341 3314 3394 Ἰουδαίων
3338 3341 3534 3394 ἔπαθεν
3563 3340 3695 3411 (78),

2133 3438 2224 3489 καὶ
2269 3435 2384 3499 πῶς
2428 3435 2766 3507 ἐσταυρώθη,
2805 3436 2900 3488 καὶ
2936 3435 3138 3504 κατέϐη
3173 3436 3251 3498 είς
3297 3435 3386 3487 τὸν
3417 3435 3568 3508 ᾅδην,
3606 3438 3700 3493 καὶ

2131 3525 2361 3595 διέσχισε
2406 3525 2657 3596 φραγμὸν
2696 3526 2786 3580 τὸν
2816 3524 2873 3592 ἐξ
2918 3525 3109 3591 αἰῶνος
3147 3526 3220 3599 μὴ
3267 3528 3570 3598 σχισθέντα,
3608 3531 3700 3584 καὶ

2132 3616 2350 3689 ἀνέστη,
2394 3617 2488 3672 κα).
2517 3618 2802 3690 συνήγειρε
2827 3619 3052 3691 νεκροὺς
3078 3619 3186 3689 (79)
3224 3619 3348 3682 τοὺς
3373 3620 3466 3673 ἀπ’
3490 3618 3700 3674 αἰώνων

2134 3735 2432 3790 Thaddwus
2464 3735 2663 3790 :Nunc
2693 3744 2902 3805 quidem
2938 3737 3140 3791 tacebo.
3187 3735 3378 3789 Verum
3433 3739 3558 3804 quia
3586 3755 3702 3790 ver-

2132 3806 2250 3858 bum
2286 3808 2475 3860 missus
2507 3822 2620 3859 sum
2650 3808 2959 3874 prtedicare,
2992 3807 3224 3860 Crastino
3273 3822 3530 3874 congrege
3566 3809 3698 3861 mihi

2128 3887 2304 3948 omnes
2334 3878 2462 3948 cives
2482 3887 2620 3948 (nos,
2640 3888 2743 3948 etc.
2769 3878 2930 3940 Quasi
2968 3877 3020 3929 itt
3041 3877 3230 3948 Caeco
3267 3877 3480 3948 legisset
3511 3876 3700 3948 αῦριον

2128 3944 2399 4028 δὲ,ἐπειδὴ
2416 3944 2648 4028 κηρύξαι
2677 3947 2768 3999 τὸν
2795 3947 2950 4028 λόγρν
2975 3945 3305 4028 ἀπεστάλην,
3344 3944 3700 4028 ἐκκλησίασόν

2177 4033 2225 4068 οι
2256 4017 2380 4079 τοὺς
2403 4015 2645 4079 πολίτας,
2673 4029 2778 4072 etc.
2800 4019 2903 4071 Sed
2931 4033 2989 4071 re
3005 4018 3311 4070 accuratius
3338 4015 3596 4084 perpensa
3617 4019 3703 4071 ni-

2177 4035 2225 4068 οι
2256 4035 2380 4079 τους
2403 4035 2645 4079 πολιτας,
2673 4035 2778 4072 etc.
2800 4035 2903 4071 Seu
2931 4035 2989 4071 re
3005 4035 3311 4070 accuratius
3338 4035 3596 4084 perpensa
3617 4035 3699 4071 nt-

2137 4035 2215 4140 iiil
2264 4087 2351 4139 hic
2393 4088 2710 4140 mutandum
2747 4103 2962 4141 censeo.
3015 4087 3318 4150 Respondet
3346 4089 3488 4139 enim
3515 4085 3699 4141 Thad-

2141 4158 2287 4209 durus
2314 4171 2372 4227 se
2394 4157 2752 4225 inpraesentia
2780 4159 2993 4222 quidem
3018 4156 3155 4227 nihil
3179 4156 3471 4227 dicturum,
3503 4158 3701 4227 quippe

2139 4227 2230 4294 qui
2266 4226 2459 4278 missus
2493 4236 2659 4290 esset,
2697 4236 2754 4279 ut
2798 4226 3142 4293 Evangelium
3175 4240 3282 4278 non
3314 4225 3449 4279 clam
3471 4236 3524 4280 et
3560 4225 3701 4281 inter

2140 4296 2379 4363 privatos
2427 4295 2680 4362 parietes,
2726 4298 2821 4352 sed
2875 4299 2928 4350 in
2971 4297 3142 4350 media
3199 4296 3459 4349 concione
3515 4312 3697 4352 coram

2135 4365 2351 4436 populis
2379 4381 2465 4436 (ac
2515 4367 2771 4435 gentibus
2814 4367 3149 4436 praedicaret.
3182 4363 3238 4418 id
3278 4366 3548 4436 signiﬁcat
3591 4383 3694 4421 vox

2135 4435 2224 4487 illa
2252 4434 2506 4505 κηρύξαι,
2527 4434 2700 4505 quam
2735 4434 2842 4490 non
2869 4437 3249 4490 intellexerunt
3277 4435 3622 4504 interpretes.

2204 4505 2289 4574 (77
2301 4504 2488 4573 )”Περὶ
2523 4504 2628 4572 τῆς
2666 4507 3059 4575 σμικρότητος
3100 4505 3197 4558 καὶ
3237 4506 3384 4566 εὐτ..
3426 4506 3523 4558 καὶ
3565 4508 3697 4575 περὶ

2131 4573 2239 4642 τῆς
2284 4590 2512 4630 ταπειν.
2561 4575 2664 4629 τοῦ
2691 4573 3052 4646 φαινομένου
3090 4575 3313 4640 ἔξωθεν
3364 4573 3696 4643 ἀνθρώπου.

2135 4647 2256 4700 ΙΙωο
2293 4658 2376 4700 est
2403 4647 2563 4700 lectio
2588 4647 2792 4701 codicis
2825 4647 2977 4716 Regii
3011 4663 3175 4715 quam
3202 4657 3418 4699 secutus
3441 4659 3522 4700 est
3557 4646 3697 4700 llub.

2137 4717 2465 4785 Stephanus.
2497 4719 2567 4770 At
2623 4719 2793 4770 nostri
2847 4715 3060 4772 codices
3098 4716 3258 4779 Mar...
3288 4715 3425 4768 Med.
3465 4731 3525 4768 ac
3558 4716 3694 4772 Fuk.

2136 4797 2354 4859 tantum
2375 4788 2573 4840 habent
2615 4789 2742 4859 napi.
2767 4788 2866 4858 τῆς
2897 4787 3275 4858 σμικρότητος.
3321 4785 3415 4838 καὶ
3447 4787 3572 4858 περὶ
3599 4787 3700 4856 τῆς

2129 4854 2510 4918 ταπεινώσεως
2581 4854 2771 4921 αὐτοῦ,
2817 4854 2977 4926 quant
3028 4854 3352 4924 Scripturatn
3417 4854 3701 4910 conlit'mat

2132 4939 2292 4980 etiam
2327 4926 2572 4979 Rufinus.

2201 4997 2311 5067 (78)
2342 4998 2486 5051 Ὅσα
2515 5015 2577 5050 τε
2610 4997 2724 5051 ὑπὸ
2764 4997 3062 5052 Ἰουδαίων
3107 4997 3346 5067 ἔπαθεν.
3383 4995 3503 5050 Hmc
3537 4997 3699 5050 verba

2131 5066 2328 5121 absunt
2351 5071 2418 5120 ab
2437 5071 2685 5122 omnibus
2720 5070 2925 5121 nostris
2943 5069 3245 5128 codicibus,
3267 5066 3433 5134 Regio
3466 5067 3696 5130 scilicet,

2134 5138 2361 5199 Illazar.,
2395 5138 2533 5190 Med.
2563 5154 2625 5191 ac
2658 5137 2819 5202 Fuk.,
2847 5154 2945 5191 nec
2981 5137 3248 5192 habentur
3283 5138 3334 5190 in
3371 5137 3696 5204 interpreta-

2137 5210 2280 5261 tione
2330 5206 2531 5260 Ruﬁni.
2595 5209 2754 5262 Solus
2789 5209 2955 5262 codex
2990 5207 3129 5260 Med.
3165 5222 3226 5258 ea
3259 5209 3488 5272 ascripta
3536 5208 3700 5259 habet

2135 5279 2186 5330 in
2233 5279 2493 5348 margine.
2537 5276 2592 5330 In
2635 5291 2782 5332 textu
2823 5295 2949 5348 vero
2979 5278 3200 5345 perittde
3230 5291 3296 5348 ac
3322 5277 3511 5348 reliqui
3542 5277 3700 5348 codi-

2132 5364 2222 5420 res
2250 5345 2524 5420 scriptum
2542 5349 2759 5402 exhthet
2788 5347 3116 5420 ἐσμίκρυνεν
3137 5345 3301 5399 αὑτοῦ
3335 5348 3432 5417 τὴν
3466 5345 3693 5416 θεότητα

2133 5417 2226 5488 καὶ
2257 5416 2592 5488 ἐσταυρώθη.

2203 5487 2309 5559 (79)
2358 5485 2468 5540 Καὶ
2516 5485 2739 5556 ἀνέστη
2772 5488 2871 5541 καὶ
2918 5485 3257 5559 συνήγειρεΔ
3291 5487 3556 5552 νεκρούς,
3589 5495 3697 5542 etc.

2134 5554 2221 5611 lta'
2244 5554 2459 5625 quidem
2495 5574 2560 5611 ex
2600 5554 2788 5612 codtce
2817 5559 2982 5626 Regio
3024 5558 3193 5609 edidit
3227 5554 3554 5622 Stephanus.
3592 5559 3697 5610 Sed

2136 5630 2186 5678 in
2227 5629 2398 5682 tribus
2452 5629 2656 5682 nostris
2716 5629 2993 5682 codicibus
3045 5626 3207 5686 Maz.,
3242 5626 3380 5678 Med.
3437 5642 3500 5678 ac
3536 5626 3694 5686 Fuit..

2134 5699 2290 5780 longe
2323 5701 2478 5750 aliter
2510 5700 2774 5780 scribitur
2825 5699 2910 5750 hic
2951 5697 3132 5750 lcetts:
3170 5697 3262 5748 καὶ
3299 5698 3572 5780 ἀνῄζαγεν
3615 5713 3701 5780 νεῖ

2110 5768 2296 5849 ’κρούς
2316 5784 2328 5796 °
2354 5767 2602 5849 mitiﬁcis;
2619 5768 2739 5849 ,γὰρ
2769 5769 2953 5849 μόνος,
2987 5763 3534 5849 συνήγειρεωπολλούς
3557 5783 3570 5795 ⁸
3599 5763 3698 5849 εἷθ’

2131 5832 2302 5902 οὕτως
2343 5837 2505 5894 ἀνέϐη
2539 5832 2671 5897 πρὶς
2695 5832 2783 5889 τὸν
2814 5838 3028 5890 Πατέοα
3064 5832 3248 5891 αῦτοῦ.
3270 5838 3582 5890 Ἐκέλευσεν
3608 5832 3699 5890 οῦν
