4034 6450
317 266 429 322 137

313 381 599 450 στήσατο·
639 379 814 434 εἰσέτι
858 396 913 432 τε
974 379 1068 432 νῦν
1115 377 1171 444 ἐξ

323 471 673 541 Ἐδεσο-ηνῶν
719 473 901 537 πόλις,
957 475 1021 542 τῇ
1060 473 1154 525 τοῦ
1202 471 1438 542 Χριστοῦ
1485 471 1904 542 προσανάκειται

308 567 692 635 προσηγορίᾳ,
730 565 793 617 οὐ
843 565 906 617 τὸ
937 566 1094 635 τυχὸν
1143 564 1511 636 ἐπιφερομένη
1556 564 1751 633 δεῖγμα
1811 564 1908 633 τῆς

303 655 408 708 τοῦ
444 655 708 728 Σωτῆρος
740 655 898 726 ἡμῶν
931 657 1028 709 καὶ
1064 658 1143 720 είς
1181 657 1377 720 αὐτοὺς
1408 655 1740 727 εὐεργεσίας.
1797 656 1906 708 Καὶ

303 747 490 799 ταῦτα
531 748 633 817 μὲν
662 747 737 810 ὡς
762 748 822 811 ἐξ
857 747 1097 818 ἀρχαίων
1133 749 1373 818 ἱστορίας
1403 748 1658 819 εἰρήσθω.
1691 747 1902 800 Μετίωο

307 854 416 905 μεν
446 837 497 889 δ’
537 834 699 900 αὖθις
743 837 834 889 ἐπὶ
870 837 966 908 τὴν
995 836 1142 889 θείαν
1171 837 1210 888 Γ
1218 839 1414 908 ραφήν.
1451 837 1747 908 Γενομένου
1769 837 1904 906 δῆτα

303 930 404 983 ἐπὶ
437 932 509 1000 τῇ
554 930 653 982 τοῦ
683 929 955 999 Στεφάνου
993 928 1270 1002 μαρτυρίᾳ
1292 928 1510 1001 πρώτου
1533 929 1625 982 καὶ
1649 930 1903 1000 μεγίστου

302 1019 449 1089 πρὸς
494 1021 679 1074 αὐτῶν
738 1020 1002 1074 Ἰουδαίων
1061 1019 1200 1074 κατὰ
1261 1020 1364 1090 τῆς
1411 1023 1468 1073 ἐν
1515 1019 1904 1091 Ἰεροσολύμοις

317 1113 660 1183 Ἔκκλησίας
691 1113 954 1184 διωγμοῦ,
986 1113 1202 1166 πάντων
1239 1130 1296 1165 τε
1322 1113 1427 1166 τῶν
1464 1111 1742 1183 μαθητῶν,
1766 1113 1906 1184 πλὴν

301 1203 528 1257 ὅτιτῶν
555 1202 768 1256 δώδεκα
806 1203 1001 1272 μόνων,
1033 1203 1135 1256 ἀνὰ
1161 1203 1259 1276 τὴν
1301 1203 1561 1256 Ἰουδαίαν
1578 1221 1636 1256 τε
1671 1204 1766 1256 καὶ
1799 1204 1903 1256 Σα-

308 1295 552 1363 μάρειαν
591 1292 1020 1364 διασπαρέντων
1054 1294 1214 1356 τινες,
1253 1292 1327 1356 ὥς
1365 1295 1581 1364 φησινή
1629 1293 1747 1346 θεία
1773 1294 1811 1346 Γ
1816 1312 1906 1366 ρα-

306 1386 407 1457 iii}.
433 1386 739 1450 διελθόντες
777 1388 881 1450 ἕως
907 1388 1158 1459 φοινίκης
1187 1387 1281 1440 καὶ
1309 1387 1536 1458 Κύπρου
1563 1388 1658 1441 καὶ
1705 1388 1907 1442 ,Αντιοη

303 1477 486 1545 χείας,
514 1474 671 1528 οῦπω
715 1476 809 1546 μὲν
866 1475 1072 1529 ἔθνεσιν
1105 1470 1207 1530 οἶοί
1245 1493 1304 1528 τε
1355 1471 1496 1546 ἦσαν
1542 1474 1637 1527 τοῦ
1679 1475 1778 1544 τῆς
1811 1475 1903 1527 πί-

309 1584 483 1632 στεως
513 1568 857 1638 μεταδιδόναι
903 1569 1062 1638 λόγου
1107 1567 1346 1639 τολμᾷν,
1407 1568 1586 1638 μόνοις
1613 1565 1670 1619 δὲ
1717 1567 1904 1619 τοῦτον

326 1659 610 1722 Ἰουδαίοις
646 1660 1031 1730 κατήγγελλον.
1077 1657 1386 1729 Τηνικαῦτα
1411 1658 1504 1710 καὶ
1549 1657 1759 1722 Παῦλος
1785 1658 1904 1710 έλυ-

1352 264 1696 322 ΙΠΞΤΟΒΙᾸΞ
1738 259 2302 320 ECCLESIASTICE
2341 263 2470 320 LIB.
2515 264 2576 318 ll.

1229 379 1434 433 ἐκείνου
1487 381 1520 449 ἡ
1587 379 1739 432 πᾶσα
1802 377 1890 430 τῶι

2012 391 2118 443 set,
2155 380 2370 434 tandem
2417 377 2672 432 salutaris
2719 378 2974 433 doctrina
3023 381 3299 434 auditores
3318 375 3569 436 reddidit.

3464 269 3564 324 158

2008 470 2221 524 Abhinc
2250 470 2499 524 universa
2543 468 2941 523 Edessenorum
2969 469 3161 524 civitas
3181 510 3196 535 ,
3229 469 3436 542 quippe
3456 485 3578 541 quae

2007 578 2111 617 non
2135 561 2360 639 vulgare
2384 559 2695 616 Servatoris
2730 561 2898 614 nostri
2931 575 3059 630 erga
3105 578 3163 616 se
3188 562 3578 620 benevolentia:

2007 653 2264 708 indicium
2301 653 2610 723 possideat,
2662 653 2779 721 ejus
2825 654 3027 707 nomini
3081 655 3344 712 hactenus
3396 657 3576 713 dicata

2007 743 2317 813 permansit.
2350 743 2418 797 Et
2450 744 2565 798 haec
2589 745 2805 813 quidem
2841 759 2907 799 ex
2939 753 3178 799 veterum
3211 752 3576 806 monumentis

2006 834 2286 904 desumpta
2313 843 2456 891 sunt.
2491 835 2643 890 Nunc
2673 836 2739 890 ad
2756 836 2993 889 divinam
3025 835 3366 905 Seriptnram
3403 850 3577 897 trans-

2006 937 2213 978 eamus.
2268 923 2398 979 Post
2442 925 2762 995 martyrium
2811 925 3092 996 Stephani,
3132 943 3254 983 cum
3286 931 3456 999 prlma
3484 946 3578 986 ea-

2006 1017 2238 1084 demque
2270 1016 2592 1084 gravissima
2629 1014 2935 1071 Iudaeorum
2972 1019 3279 1084 persecutio
3313 1021 3577 1076 adversus

2007 1104 2547 1176 Hierosolymitanam
2594 1105 2893 1160 Ecclesiam
2937 1119 3124 1162 coorta
3151 1117 3296 1164 esset
3328 1150 3340 1174 ,
3370 1111 3575 1165 cunctis

2004 1195 2207 1250 Christi
2258 1197 2540 1266 discipulis
2581 1205 2775 1264 praeter
2821 1196 3102 1251 duodecim
3150 1198 3431 1266 apostolos
3478 1214 3576 1268 per

2005 1287 2241 1344 Iudaeam
2301 1288 2714 1357 Samariamqne
2763 1288 3330 1358 dispersis;nommlli
3383 1305 3572 1346 eorum

2006 1393 2174 1448 usque
2205 1379 2272 1434 ad
2304 1378 2617 1441 thnicem
2643 1387 2696 1433 et
2721 1380 2952 1451 Cyprum
2989 1391 3042 1434 et
3074 1382 3417 1436 Antiochiam
3447 1397 3575 1452 pro-

2005 1470 2178 1538 gressi
2211 1470 2293 1540 (ut
2320 1484 2474 1524 sacra
2500 1478 2730 1526 testatur
2752 1471 3056 1542 Scriptura)
3088 1474 3208 1528 fidei
3247 1473 3574 1528 Christianae

2007 1576 2313 1616 sermonem
2361 1561 2615 1631 gentibus
2645 1562 2863 1630 quidem
2901 1565 3136 1617 nomium
3172 1565 3575 1620 communicare

2009 1652 2298 1716 audebant,
2333 1653 2426 1707 sed
2457 1651 2586 1707 solis
2615 1650 2818 1708 Judazis
2849 1654 3000 1708 illmn
3039 1656 3425 1722 praedicabant.
3456 1656 3572 1722 Qua

312 1749 538 1819 μαίνετο
569 1750 742 1802 εἰσέτι
774 1751 896 1802 τότε
922 1750 1019 1820 τὴν
1060 1749 1404 1820 Ἐκκλησίαν,
1439 1750 1554 1803 κατ’
1571 1743 1761 1813 ὀἴκους
1791 1749 1890 1803 τῶν

2006 1755 2324 1815 tempestate
2349 1745 2546 1802 Paulus
2583 1750 2876 1802 etiamnum
2906 1750 3199 1806 Ecclesium
3229 1750 3523 1807 infestabat
3553 1795 3568 1818 ,

311 1840 519 1893 πιστῶν
557 1843 1034 1912 εἰσπορευόμενος,
1081 1842 1258 1912 σύρων
1295 1857 1355 1894 τε
1402 1839 1597 1913 ἄνδρας
1649 1843 1742 1895 καὶ
1796 1859 1896 1911 γυ-

311 1937 538 1996 ναῖκας,
591 1934 686 1986 καὶ
743 1934 824 1996 εἰς
882 1933 1124 2004 φυλακὴν
1179 1934 1525 2006 παραδιδούς.
1596 1933 1753 1987 Ἀλλὰ
1806 1933 1898 1986 καὶ

311 2026 596 2090 Φίλιππος,
629 2022 710 2090 εἷς
732 2027 841 2080 τῶν
877 2027 991 2097 ἅμα
1017 2028 1271 2097 Στεφάνῳ
1305 2026 1794 2099 προχειρισθέντων
1818 2027 1897 2089 είς

311 2117 403 2189 τὴν
435 2117 741 2181 διακονίαν,
778 2119 835 2170 ὲν
868 2122 980 2181 τοῖς
1011 2119 1681 2190 διασπαρεῐσιγενόμενος,
1717 2118 1897 2171 κάτει-

311 2226 392 2261 σιν
421 2211 504 2272 εἰς
536 2209 638 2281 τὴν
673 2211 1004 2282 Σαμάρειαν,
1041 2209 1188 2274 θείας
1241 2228 1298 2263 τε
1333 2209 1581 2280 ἔμπλεως
1609 2208 1683 2264 ὢν
1736 2208 1894 2263 δυνά-

315 2319 478 2370 μεως,
515 2302 782 2372 κηρύττει
810 2303 1021 2375 πρῶτος
1047 2305 1157 2365 τοῖς
1195 2301 1380 2355 αὐτόθι
1414 2303 1506 2356 τὸν
1562 2301 1736 2370 λόγον.
1791 2301 1894 2354 Το-

313 2391 482 2460 σαύτη
502 2392 547 2444 δ’
572 2393 723 2463 αύτῷ
757 2392 873 2445 θεία
905 2394 1160 2463 συνήργει
1188 2392 1364 2464 χάρις,
1409 2391 1483 2454 ὼς
1539 2391 1632 2445 καὶ
1677 2391 1894 2461 Σίμωνα

310 2483 398 2536 τόν
432 2484 626 2552 Μάγον
666 2484 803 2554 μετὰ
839 2484 1101 2538 πλείστων
1128 2484 1329 2555 ἑτέρων
1363 2483 1569 2553 ἀνδρῶν
1605 2482 1736 2554 (90),
1781 2483 1894 2545 τοῖς

307 2575 470 2630 αὐτοῦ
512 2576 701 2645 λόγοις
726 2577 998 2648 ἑλχθῆναι.
1032 2575 1153 2629 Ἐπὶ
1172 2575 1417 2629 τοσοῦτον
1445 2577 1488 2630 δ’
1520 2579 1547 2630 ό
1581 2576 1762 2647 Σίμων
1801 2575 1892 2646 βε-

310 2667 407 2736 εοη
415 2668 578 2739 μένος
617 2671 738 2721 κατ’
765 2670 940 2722 έκεῖνο
962 2666 1152 2736 καιροῦ
1177 2667 1285 2720 τῶν
1321 2668 1690 2738 ἠπατημένων
1728 2668 1891 2739 ἐκρά-

309 2776 389 2812 τει
415 2761 668 2832 γοητείᾳ,
692 2759 767 2823 ὠς
813 2759 908 2830 τὴν
949 2757 1188 2829 μεγάλην
1242 2758 1403 2812 αὐτὸν
1449 2757 1696 2830 ἡγεῖσθαι
1755 2754 1891 2811 εἶναι

307 2850 538 2921 δύναμιν
571 2850 668 2903 τοῦ
703 2850 859 2902 Θεοῦ.
887 2850 1018 2902 Τότε
1045 2849 1088 2902 δ’
1113 2845 1204 2903 οῦν
1238 2850 1330 2902 καὶ
1359 2844 1512 2913 οὗτος
1536 2848 1632 2912 τὰς
1670 2848 1773 2902 ὑπὸ
1798 2837 1888 2900 τοῦ

307 2942 576 2997 Φιλίππου
600 2942 828 3013 δυνάμει
849 2942 968 3013 θεία
989 2940 1311 3012 τελουμένας
1330 2940 1698 3008 καταπλαγεὶς
1723 2957 1793 2992 πα
1804 2957 1893 3010 ρα-

305 3032 642 3097 δοξοτωιῖας,
676 3033 1030 3106 παραδύεται,
1063 3035 1156 3086 καὶ
1199 3033 1358 3103 μέχρι
1408 3031 1632 3104 λουτροῦ
1679 3032 1776 3102 τὴν
1809 3031 1888 3094 είς
1917 3066 1958 3122 C

306 3127 542 3198 Χριστὸν
569 3127 753 3180 πίστιν
787 3125 1262 3197 καθυποκρίνεται.
1321 3125 1386 3179 ’0
1440 3126 1533 3178 καὶ
1588 3122 1887 3194 θαυμάζειν

308 3217 456 3284 ἀξιον
489 3221 572 3282 είς
604 3218 766 3290 δεῦρο
795 3219 1074 3290 γινόμενον
1105 3217 1241 3289 πρὸς
1261 3217 1368 3271 τῶν
1393 3217 1472 3269 ἔτι
1496 3216 1588 3268 καὶ
1642 3215 1736 3268 νῦν
1790 3214 1888 3285 τὴν

308 3313 398 3364 ἀπ’
427 3311 647 3364 ἐκείνου
711 3313 1058 3382 μιαρωτάτην
1092 3310 1380 3382 μετιόντων
1430 3309 1671 3379 αἵρεσιν·
1726 3307 1774 3360 οἳ
1819 3309 1885 3378 τῇ

305 3402 397 3454 τοῦ
434 3403 590 3472 σφῶν
623 3404 965 3473 προπάτορος
995 3401 1234 3472 μεθόδῳ,
1273 3400 1368 3471 τὴν
1410 3398 1733 3468 Ἐκκλησίαν
1774 3397 1886 3450 λοι-

311 3493 518 3564 μώδους
545 3495 643 3547 καὶ
685 3493 971 3566 ψωραλέας
1015 3494 1169 3547 νόσου
1202 3494 1355 3562 δίκην
1395 3491 1767 3561 ὑποδυόμενοι,
1820 3491 1887 3544 τὰ

310 3584 545 3655 μέγιστα
571 3584 918 3654 λυμαίνονται
946 3586 1091 3648 τοὺς,
1114 3578 1194 3647 οἷς
1221 3582 1664 3652 ὲναπομάξασθαι
1696 3575 1797 3635 οἷοί
1828 3599 1886 3635 τε

308 3676 373 3728 ἂν
399 3673 512 3728 εἷεν
545 3676 637 3727 τὸν
671 3677 728 3726 ἐν
758 3675 939 3738 αὐτοῖς
973 3675 1460 3746 ἀποκεκρυμμένον
1503 3674 1741 3744 δυσαλθῆ
1793 3675 1887 3728 καὶ

307 3767 546 3838 χαλεπὸν
586 3767 682 3820 ἰόν.
717 3768 856 3838 Ἤδη
889 3769 950 3835 γέ
977 3785 1057 3820 τοι
1095 3767 1309 3829 πλείους
1342 3764 1545 3820 τούτων
1598 3766 1886 3839 ἁπεώσθη-

308 3877 429 3925 σαν,
461 3858 639 3912 ὁποῖοί
663 3875 804 3921 τινες
830 3853 936 3911 εἷεν
977 3857 1086 3929 (91)
1117 3858 1214 3929 τὴν
1279 3856 1577 3928 μοχθηρίαν
1635 3856 1880 3921 ἁλόντες·

304 3952 494 4022 ὠσπερ
524 3945 618 4002 οῦν
649 3951 744 4002 καὶ
791 3952 818 4004 ὁ
865 3951 1043 4020 Σίμων
1104 3951 1264 4013 αὐτὸς
1329 3951 1464 4020 πρὸς
1527 3949 1620 4004 τοῦ
1677 3949 1884 4022 Πέτρου

305 4041 729 4111 καταφωραθεὶς
761 4041 818 4104 ὃς
841 4037 928 4112 ἦν,
960 4040 1055 4110 τὴν
1093 4041 1470 4111 προσήκουσαν
1525 4041 1668 4094 ἔτισε
1722 4061 1888 4113 τιμω-

309 4133 448 4204 ρίαν.
498 4130 662 4183 Ἀλλὰ
697 4130 802 4201 γὰρ
837 4132 915 4194 είς
943 4129 1166 4200 αὔξησιν
1192 4130 1460 4201 ὁσημέραι
1487 4131 1764 4202 προϊόντος
1791 4133 1883 4185 τοῦ

304 4224 578 4293 σωτηρίου
608 4221 978 4292 κηρύγματος,
1032 4221 1309 4292 οἰκονομία
1337 4240 1418 4284 τις
1442 4218 1574 4292 ἦγεν
1623 4225 1715 4276 καὶ
1777 4225 1884 4278 ἀπὸ

302 4313 401 4386 τῆς
429 4314 703 4366 Αἰθιόπων
729 4315 830 4384 γῆς
867 4313 966 4381 τῆς
1000 4311 1184 4365 αὐτόοι
1212 4312 1478 4382 βασιλίδος
1517 4315 1744 4385 (κατάτι
1778 4317 1881 4369 πά·-

2002 1837 2055 1892 iu
2087 1838 2228 1892 aedes
2256 1837 2492 1893 fidelium
2521 1839 2911 1910 irrumpens,et
2937 1843 3084 1897 viros
3105 1858 3226 1897 cum
3256 1843 3571 1898 mulieribus

2003 1929 2128 1984 inde
2171 1929 2478 1985 abstractos
2504 1931 2766 1986 custodiae
2820 1934 3160 2002 mancipans.
3202 1933 3354 1989 Tunc
3401 1935 3570 1989 etiam

2002 2017 2281 2088 Philippus
2307 2060 2322 2086 ,
2359 2036 2495 2076 untrs
2518 2036 2585 2075 ex
2614 2021 2680 2076 iis
2715 2018 2801 2089 qui
2830 2037 2954 2077 cum
2986 2023 3262 2092 Stephano
3286 2025 3350 2080 ad
3381 2025 3567 2079 diaco-

2002 2119 2158 2166 natus
2191 2109 2422 2167 olIicium
2451 2112 2668 2169 fuerant
2711 2116 2894 2182 electi,
2931 2115 3143 2185 fugiens
3185 2132 3305 2170 cum
3358 2117 3571 2172 caateris

2001 2202 2304 2259 Samariam
2331 2205 2606 2261 descendit
2626 2248 2641 2272 ,
2670 2217 2726 2262 et
2753 2209 2933 2263 divina
2964 2209 3156 2278 plenus
3180 2211 3376 2265 virtute
3402 2252 3416 2275 ,
3449 2224 3571 2264 ver-

1999 2295 2123 2352 bum
2167 2296 2259 2350 Dci
2289 2297 2494 2366 primus
2527 2298 2718 2356 incolis
2749 2301 3036 2356 nuntiavit.
3082 2302 3254 2358 Tanta
3290 2321 3452 2374 porro
3485 2307 3569 2361 vis

2000 2385 2193 2440 divina:
2242 2389 2428 2458 gratiae
2474 2392 2570 2459 ipsi
2620 2393 2848 2456 aderat,
2901 2401 2957 2445 ut
3005 2392 3283 2448 Simonem
3353 2393 3565 2464 Magum

1998 2476 2239 2547 aliosque
2285 2479 2707 2537 innumerabiles
2749 2483 3226 2552 praedicationibus
3258 2485 3372 2539 suis
3404 2486 3470 2540 ad
3509 2501 3568 2542 se

1997 2571 2345 2640 pertraxerit.
2364 2570 2465 2627 Hic
2495 2572 2680 2629 Simon
2711 2583 2840 2630 tunc
2871 2575 3129 2644 temporis
3158 2575 3566 2642 celeberrimus,

1996 2670 2199 2716 tantam
2247 2665 2620 2720 auctoritatem
2673 2665 2899 2735 adeptus
2951 2678 3071 2722 erat
3105 2668 3245 2737 apud
3293 2684 3386 2723 eos
3431 2684 3568 2738 quos

1992 2760 2286 2829 praestigiis
2313 2759 2428 2814 suis
2463 2760 2769 2828 deceperat,
2814 2771 2872 2814 ut
2899 2776 3149 2832 magnam
3179 2760 3270 2815 Dei
3302 2763 3565 2818 Virtutem

1993 2848 2170 2919 ipsum
2208 2862 2327 2904 esse
2356 2849 2750 2905 existimarent.
2774 2851 2917 2905 ldem
2945 2863 3127 2906 tamen
3157 2852 3567 2921 obstupefactus

1993 2937 2268 2994 miraculis
2314 2954 2432 3009 qua:
2461 2936 2734 3010 Philippus
2759 2941 2938 2995 divina
2982 2942 3177 2997 virtute
3201 2943 3566 3012 perpetrabat,

1995 3030 2186 3086 callide
2231 3030 2467 3100 irrepsit,
2498 3029 2768 3100 fidemque
2791 3033 2844 3086 in
2888 3033 3166 3088 Christum
3197 3035 3461 3090 hactenus
3490 3036 3567 3090 sic

1994 3121 2257 3186 mulavit,
2310 3133 2368 3176 ut
2415 3123 2741 3191 baptismum
2793 3124 3116 3194 susciperet.
3165 3125 3315 3194 Quod
3347 3129 3564 3196 quidem

1989 3212 2286 3266 etiamnum
2318 3212 2435 3268 ﬁeri
2466 3213 2536 3267 ab
2583 3213 2670 3267 his
2699 3214 2786 3280 qui
2823 3217 3161 3271 teterrimam
3200 3219 3315 3287 ejus
3354 3227 3560 3273 sectam

1989 3303 2310 3373 profitentur
2361 3320 2465 3359 non
2523 3305 2641 3361 sine
2689 3307 3057 3362 admiratione
3103 3310 3414 3374 cernimus;
3465 3311 3560 3380 qui

1990 3410 2141 3450 more
2174 3397 2418 3464 parentis
2444 3399 2528 3452 sui
2556 3398 2609 3452 in
2649 3398 2946 3455 Ecclesiam
2981 3410 3237 3470 tanquam
3273 3403 3439 3471 pestis
3464 3413 3563 3458 aut

1989 3487 2135 3557 lepra
2176 3488 2421 3558 qutedam
2474 3491 2774 3561 irrepentes
2798 3533 2814 3558 ,
2846 3493 3224 3562 gravissimum
3259 3491 3369 3565 40
3403 3493 3561 3549 dam-

1992 3596 2117 3634 num
2152 3580 2394 3636 inferunt
2431 3582 2500 3637 iis
2532 3583 2729 3652 quibus
2753 3585 3053 3654 pessimum
3085 3583 3212 3638 illud
3238 3595 3292 3640 et
3315 3587 3560 3642 immedi-

1989 3673 2166 3728 cabile
2199 3689 2465 3729 venenum
2497 3676 2639 3745 quod
2675 3676 2948 3731 mentibus
2994 3677 3271 3732 occultant
3299 3677 3561 3734 instillare

1988 3765 2284 3831 potuerint.
2324 3769 2403 3820 Ac
2455 3767 2694 3836 plerique
2722 3768 2832 3838 jam
2858 3783 3042 3822 eorum
3077 3769 3144 3823 ab
3176 3768 3416 3826 Ecclesia
3448 3770 3554 3841 eje-

1989 3857 2059 3912 cti
2093 3868 2235 3921 sunt,
2266 3872 2387 3911 cum
2423 3857 2575 3913 fraus
2619 3861 2862 3928 ipsorum
2900 3859 3114 3914 detecta
3147 3870 3293 3916 esset
3321 3879 3335 3918 :
3365 3876 3560 3930 quem-

1988 3950 2272 4004 admodum
2325 3949 2512 4004 Simon
2543 3966 2756 4019 quoque
2787 3951 2903 4019 ipse
2953 3966 2984 4005 a
3015 3951 3178 4006 Petro
3211 3953 3425 4007 tandem
3459 3953 3560 4010 de-

1987 4041 2290 4109 prehensus
2316 4040 2526 4096 debitas
2555 4055 2744 4110 pcenas
2766 4042 2932 4096 dedit.
2952 4041 3122 4098 Porro
3156 4058 3279 4096 cum
3302 4043 3560 4100 salutaris

1987 4135 2265 4206 Evangelii
2323 4135 2636 4205 przedicatio
2701 4135 2854 4188 navis
2909 4135 3152 4204 quotidie
3203 4134 3560 4190 incrementis

1987 4236 2334 4299 augesceret,
2361 4227 2541 4281 divina
2575 4227 2911 4297 providentia
2942 4229 3230 4297 quemdam
3264 4243 3331 4282 ex
3365 4241 3557 4296 proce-

1986 4322 2136 4376 ribus
2171 4321 2484 4393 EthiOpum
2520 4322 2718 4392 reginae
2749 4321 2824 4374 in-
2848 4318 3086 4374 Judaaam
3117 4320 3373 4373 adduxit:
3399 4322 3559 4390 quip-

303 4421 453 4477 τριον
486 4404 606 4466 ἔθος
641 4403 744 4456 ὑπὸ
766 4403 1021 4471 γυναικὸς
1040 4403 1132 4455 τοῦ
1163 4403 1344 4466 ἔθνους
1365 4405 1529 4457 εἰσέτι
1566 4405 1660 4459 νῦν
1725 4406 1877 4476 βασι-

1994 4429 2051 4483 pc
2081 4413 2251 4468 moris
2291 4423 2375 4468 est
2401 4413 2702 4467 etiamnum
2736 4411 2843 4465 illis
2885 4411 3135 4479 gentibus
3165 4411 3414 4466 muliebri
3450 4411 3556 4464 im-

305 4493 622 4564 λευομένου)
653 4494 919 4564 δυνάστην
945 4509 958 4522 ο
991 4492 1048 4546 ὃν
1080 4492 1292 4564 πρῶτον
1325 4492 1383 4560 ἐξ
1413 4494 1578 4548 ἐθνῶν
1612 4497 1746 4567 πρὸς
1783 4497 1876 4551 τοῦ

308 4587 574 4640 Φιλίππου
610 4585 679 4638 δι’
709 4584 1032 4654 ἐπιφανείας
1058 4584 1127 4637 τά
1170 4585 1263 4638 τοῦ
1325 4586 1466 4640 θείου
1510 4587 1663 4657 λόγου
1717 4590 1877 4662 ὄργια

311 4681 664 4749 μετασχόντα,
716 4678 825 4730 τῶν
885 4695 944 4730 τε
997 4677 1099 4730 ἀνά
1151 4677 1246 4748 τὴν
1295 4681 1613 4751 οἰκουμένην
1669 4683 1876 4735 πιστῶν

307 4772 554 4846 ἀπαρχὴν
592 4772 901 4842 γενόμενον,
932 4772 1144 4843 πρῶτον
1184 4773 1398 4842 κατέχει
1438 4774 1593 4842 λόγος
1640 4777 1732 4828 ἐπὶ
1783 4775 1880 4848 τὴν

308 4866 532 4935 πάτριον
588 4863 1053 4934 -παλινοστήσαντα
1108 4865 1232 4934 γῆν,
1285 4865 1732 4932 εὐαγγελίσασθαι
1779 4868 1876 4938 τὴν

306 4957 397 5008 τοῦ
423 4958 529 5008 τῶν
559 4955 696 5009 ὅλων
725 4953 858 5006 Θεοῦ
887 4953 1106 5024 γνῶσιν,
1140 4955 1234 5009 καὶ
1262 4955 1360 5025 τὴν
1399 4953 1660 5018 ζωοποιὸν
1683 4960 1762 5020 εἰς
1789 4960 1876 5011 άν-

306 5048 551 5120 θρὼπους
586 5047 679 5100 τοῦ
707 5045 958 5118 Σωτῆρος
981 5048 1013 5116 ἡ
1023 5045 1137 5116 μῶν
1162 5046 1472 5117 ἐπιδημίαν,
1536 5047 1680 5118 ἔργῳ
1732 5049 1870 5120 πλη-

309 5139 570 5212 ρωθείσης
609 5140 673 5192 δι’
702 5137 866 5192 αὑτοῦ
897 5139 1014 5208 τῆς,
1056 5156 1074 5188 ι
1105 5137 1358 5191 Αἰθιοπία
1388 5139 1690 5209 προφθάσει
1713 5143 1870 5211 χεῖρα

305 5233 470 5302 αὐτῆς
493 5231 570 5300 τῷ
593 5230 730 5299 Θεῷ,
771 5250 789 5280 ι
829 5228 1185 5299 περιεχούσης
1214 5231 1570 5300 προφητείας.
1611 5233 1729 5285 Ἐπὶ
1750 5233 1872 5287 τού-

302 5336 412 5384 τοις
439 5319 649 5382 Παῦλος
681 5320 741 5371 «ca
774 5320 869 5389 τῆς
892 5318 1122 5388 ἐκλογῆς
1151 5319 1359 5383 σκεῦος,
1415 5321 1512 5373 οὐκ
1560 5321 1618 5388 ἐξ
1664 5322 1871 5394 ἀνθρώ-

340 5415 383 5445 ⁸ῖ
413 5415 553 5468 Ρειιι.
583 5430 748 5466 ιιινιι.

372 5507 482 5574 (90,
509 5507 671 5560 Μετὰ
698 5508 999 5577 πλείστων
1023 5508 1238 5575 ἑτέρων
1262 5508 1515 5575 ἀνδρῶν.
1549 5508 1719 5577 Magis
1748 5517 1866 5575 pta-

307 5580 575 5630 cetlcctio
632 5576 880 5630 codicum
925 5589 1257 5639 nostrorum,
1318 5579 1575 5634 Mazarini
1631 5576 1866 5642 Scilicet,

307 5647 467 5720 Mqu
489 5645 638 5720 ,Fuk.
664 5661 728 5720 ac
750 5648 1030 5720 Saviliani,
1066 5649 1201 5719 μετὰ
1223 5645 1490 5703 πλείστων
1520 5647 1726 5720 ἀνδρῶν
1756 5651 1869 5710 τοῖς

314 5717 470 5772 αὑτοῦ
487 5718 667 5786 λόγοις
678 5715 948 5784 ἑλχθῆναι.

666 5807 935 5870 Ρηίιοι.
969 5809 1087 5870 Gn.
1135 5809 1266 5871 XX.

1986 4509 2137 4577 peric
2155 4505 2465 4576 gubernari.
2486 4503 2589 4570 Qui
2622 4518 2744 4559 cum
2778 4518 2808 4556 a
2833 4501 3081 4570 Philippo
3106 4501 3319 4557 cmlesti
3349 4502 3557 4557 visione

1987 4599 2263 4653 admonito
2289 4597 2495 4667 primus
2524 4611 2593 4650 ex
2620 4593 2875 4664 gentibus
2912 4593 3075 4647 divini
3105 4591 3267 4647 Verbi
3296 4593 3555 4664 mysteria

1984 4686 2317 4756 percepisset
2345 4724 2362 4752 ,
2394 4684 2558 4739 totius
2586 4683 2737 4737 orbis
2781 4681 3014 4736 fidelium
3050 4682 3303 4752 primitize
3334 4683 3508 4738 factus
3537 4698 3553 4747 ;

1985 4777 2110 4832 inde
2141 4777 2192 4831 in
2220 4775 2450 4846 patriam
2488 4788 2763 4836 reversus,
2797 4773 2894 4830 Dei
2934 4773 3184 4826 notitiam
3215 4781 3270 4827 et
3297 4773 3558 4830 Servato-

1984 4870 2062 4925 ris
2088 4868 2256 4923 nostri
2284 4867 2576 4922 salutarem
2604 4865 2658 4918 in
2687 4875 2864 4920 terras
2885 4864 3170 4918 adventum
3188 4864 3396 4932 primus
3421 4881 3555 4934 pne-

1983 4960 2196 5014 dicasse
2242 4956 2437 5012 fertur.
2473 4957 2650 5026 Atque
2681 4955 2755 5007 ita
2785 4969 2884 5024 per
2930 4954 3106 5023 ipsum
3162 4954 3431 5020 completa
3466 4963 3554 5010 est

1978 5051 2258 5122 propheta:
2289 5046 2568 5118 prmdictio
2616 5062 2738 5115 quae
2788 5046 2868 5099 sic
2914 5045 3076 5100 habet
3125 5060 3140 5099 :
3202 5063 3222 5097 ι
3267 5046 3549 5116 Aitltiopia

1977 5138 2275 5210 praeveniet
2310 5152 2529 5192 manum
2552 5137 2670 5207 ejus
2697 5137 2804 5191 Deo
2830 5135 2900 5189 ³⁷.
2933 5153 2952 5186 ι
2992 5135 3552 5205 IntereaPaulus,vas

1979 5230 2110 5285 illud
2138 5229 2419 5284 electionis
2443 5269 2460 5293 ,
2497 5243 2604 5284 non
2632 5244 2698 5284 ex
2749 5225 3056 5282 hominibus
3103 5241 3204 5281 nec
3247 5241 3345 5296 per
3378 5229 3552 5281 homi-

1980 5335 2076 5376 nes
2103 5362 2120 5390 ,
2151 5322 2246 5376 sed
2277 5336 2374 5390 per
2407 5321 2792 5375 revelationem
2820 5317 2948 5374 Jesu
2980 5317 3204 5383 Christi,
3239 5329 3293 5372 ct
3326 5318 3421 5371 Dei
3453 5316 3551 5370 Pa-

2048 5508 2173 5579 (91),
2202 5505 2778 5579 Ὀποζοιλτιιςςς-ετεν.
2820 5506 3065 5579 Quatuor
3093 5507 3264 5579 nostri
3308 5507 3547 5579 codices,

1977 5571 2303 5643 Ma‘zarinus,
2334 5575 2502 5644 ﬂed"
2530 5571 2664 5629 Fuk.
2718 5591 2781 5629 ac
2815 5575 2984 5630 Savil.
3039 5577 3300 5644 scriptum
3345 5571 3552 5634 habent

1981 5648 2156 5700 ὁποῖοί
2185 5642 2328 5710 τινες
2375 5642 2536 5717 ἦσαν.
2569 5647 2710 5714 quod
2738 5647 2937 5717 rectius
2969 5642 3200 5717 videtur.
3255 5646 3345 5702 Sic
3400 5663 3545 5702 entm

1984 5718 2139 5786 paulo
2158 5729 2276 5788 post
2297 5711 2446 5782 dicit,
2471 5711 2882 5785 καταφωραθεὶς
2909 5715 2979 5793 ὃς,
2997 5711 3084 5778 ἦν.

3141 5807 3179 5869 5
