4034 6450
1365 183 1392 212 ὃ

611 287 709 343 159

1317 290 1585 348 EUSEBH
1623 293 2098 351 CESARIENSIS
2135 293 2286 353 OPP.
2327 298 2509 354 PARS
2547 301 2588 354 Ι.
2627 331 2696 343 --
2736 303 3126 363 IIISTOBICA.

3743 321 3833 378 HO

607 411 708 466 :ris
735 411 824 481 qui
867 411 1015 466 illum
1063 409 1352 467 suscitavit
1384 430 1412 468 a
1455 416 1710 484 mortuis,
1745 419 2016 488 apostolus
2044 435 2126 474 cot

2231 430 2243 479 ι
2280 439 2396 474 πων
2428 421 2546 475 οὐδὲ
2578 423 2646 475 δι’
2689 424 3012 496 ἀνθρώπιον,
3059 428 3124 481 δι’
3157 429 3554 502 ἀποκαλύψεως
3596 433 3638 486 δ’
3687 438 3830 492 αὑτοῦ

603 501 873 566 stituitur,
896 503 1099 558 cmiesti
1129 504 1336 558 visione
1361 520 1424 559 ac
1451 521 1584 560 voce
1611 523 1731 577 quae
1759 519 2002 578 tempore
2029 511 2174 564 illius

603 595 952 651 revelatiouis
983 597 1048 651 ad
1079 597 1253 666 ipsum
1285 597 1458 652 delata
1496 607 1602 664 est,
1629 599 1694 653 ad
1726 600 1870 656 hunc
1911 602 2171 658 honorem

601 699 851 744 vocatus.

1215 873 1446 930 CAPUT
1471 874 1534 930 ll.

647 963 924 1030 Quomodo
952 964 1189 1019 Tiberius
1220 967 1438 1034 a/fectus
1461 969 1550 1032 sit,
1583 985 1700 1022 cum
1725 985 1805 1023 res
1837 986 1868 1023 a
1904 967 2113 1023 Christo

985 1049 1156 1104 gestas
1183 1036 1384 1090 Pilatus
1412 1037 1458 1090 ei
1494 1038 1779 1093 retulisset.

667 1126 799 1180 Cum
859 1127 1178 1181 admiranda
1233 1128 1543 1184 Servatoris
1604 1131 1776 1186 nostri
1839 1132 2166 1187 resurrectio

592 1217 947 1288 ejusdemque
995 1219 1048 1272 in
1086 1221 1282 1274 caalum
1319 1221 1568 1276 ascensio
1599 1223 1840 1276 omnium
1875 1238 2009 1293 pene
2050 1239 2161 1278 ser-

593 1311 846 1364 monibus
870 1309 980 1376 jam
1013 1311 1327 1380 pervulgata
1356 1322 1502 1367 esset
1529 1355 1542 1377 ,
1576 1315 1829 1384 quoniam
1860 1324 2016 1370 vetus
2049 1317 2161 1371 hmc

589 1413 708 1456 erat
734 1405 1077 1457 consuetudo
1107 1407 1512 1472 provinciarum
1544 1409 1844 1462 rectoribus
1873 1447 1888 1470 ,
1915 1416 1972 1461 ut
2006 1409 2163 1478 quid-

589 1495 718 1562 quid
753 1495 875 1548 novi
927 1497 1066 1563 apud
1109 1496 1256 1564 ipsos
1286 1498 1642 1568 contigisset,
1674 1499 1990 1568 imperatori
2023 1517 2161 1555 nun-

587 1587 790 1642 tiarent
815 1629 830 1654 ,
867 1603 934 1642 ne
972 1589 1099 1657 quid
1151 1589 1328 1658 ipsum
1363 1590 1557 1646 lateret
1586 1633 1600 1655 ,
1629 1592 1835 1646 Pilatus
1877 1600 1943 1647 de
1974 1609 2160 1648 resur-

588 1682 827 1734 rectione
867 1680 1176 1736 Servatoris
1219 1683 1391 1736 nostri
1424 1681 1547 1738 Jesu
1593 1684 1834 1748 Christi,
1878 1684 2034 1756 cujus
2063 1699 2159 1753 per

2291 506 2462 578 Ἰησοῦ
2495 511 2730 582 Χριστοῦ
2777 513 2871 566 καὶ
2913 515 3046 568 Θεοῦ
3103 517 3336 588 Πατρδς,
3394 519 3487 572 τοῦ
3544 521 3829 595 ἐγείραντος

2275 599 2435 652 αὐτὸν
2460 602 2524 653 ἐκ
2555 602 2782 674 νεκρῶν,
2832 605 3124 671 ἀπόστολος
3152 609 3559 676 ἀναδείκνυται,
3590 613 3653 666 δι’
3675 617 3825 670 ὀπτα-

2277 686 2396 749 σίας
2427 691 2519 742 καὶ
2552 690 2650 760 τῆς
2678 693 2820 746 κατά
2850 694 2947 766 τὴν
2974 697 3309 768 ἀποκάλυψιν
3349 699 3602 772 οὐρανίου
3642 708 3826 778 φωνῆς,

2270 777 2521 845 ἀξιωθεὶς
2546 783 2645 853 τῆς
2682 783 2944 855 κλήσεως.

2792 877 3186 933 ΚΕΦΑΛΑΙΟΝ
3238 881 3311 935 B'.

2272 963 2462 1030 Ὅπως
2493 967 2888 1046 ζιξέριος-ὑεζὸ
2912 969 3173 1046 Πιλάτου
3194 972 3428 1046 τὰίτερὶ
3456 978 3560 1030 τοῦ
3591 981 3825 1046 Xptmou

2499 1037 2795 1106 διδαχθεὶς
2824 1040 3067 1106 ἐκινήθη
3094 1041 3229 1102 (Nic.
3260 1045 3330 1096 ΙΙ.
3360 1037 3428 1100 Ε.
3468 1063 3526 1110 ιι,
3555 1051 3630 1117 8).

2337 1128 2446 1179 Καὶ
2477 1128 2540 1199 δὴ
2574 1131 2670 1199 τῆς
2693 1130 2992 1203 παραδόξου
3014 1132 3107 1184 τοῦ
3136 1134 3390 1206 Σωτῆρος
3426 1138 3583 1208 ἡμῶν
3607 1141 3821 1194 ἀναστὰ-

2267 1220 2402 1282 σεὼς
2431 1238 2487 1272 τε
2516 1222 2608 1274 καὶ
2634 1225 2712 1281 είς
2753 1224 3015 1294 οὐρανοὺς
3049 1225 3366 1296 ἀναλήψεως
3418 1233 3531 1293 τοῖς
3576 1230 3825 1297 πλείστοις

2264 1310 2362 1381 ἤδη
2394 1312 2713 1384 περιϐοήτου
2750 1316 3117 1387 κατεστὼσης,
3151 1319 3383 1373 παλαιοῦ
3437 1327 3822 1394 κεκρατηκότος

2263 1401 2416 1465 ἔθους
2434 1404 2542 1473 (9‘2)
2577 1408 2688 1468 τοῖς
2715 1405 2822 1458 τῶν
2866 1405 3031 1459 ἐθνῶν
3061 1410 3307 1478 ἄρχουσι,
3343 1411 3412 1464 τὰ
3476 1414 3626 1484 παρά
3689 1418 3821 1486 σφίσι

2262 1497 2722 1566 καινοτομούμενα
2766 1498 2842 1568 τῷ
2898 1501 2996 1571 τὴν
3064 1500 3333 1569 βασίλειον
3378 1505 3555 1575 ἀρχὴν
3608 1509 3820 1580 ἐπικρα-

2259 1587 2438 1641 τοῦντι
2470 1590 2773 1659 σημαίνειν,
2815 1591 2890 1654 ὡς
2943 1591 3008 1647 ἂν
3056 1593 3220 1663 μηδὲν
3265 1597 3430 1649 αὐτὸν
3479 1597 3818 1669 διαδιδράσκοι

2258 1685 2365 1735 τῶν
2403 1686 2720 1754 γινομένων,
2753 1685 2820 1739 τὰ
2859 1688 2985 1757 περὶ
3019 1688 3116 1758 τῆς
3139 1690 3204 1741 ἐκ
3236 1691 3448 1761 νεκρῶν
3489 1693 3820 1761 ἀναστάσεως

585 1772 895 1825 universam
934 1771 1275 1828 Palmstinam
1307 1773 1542 1828 celebris
1573 1785 1691 1828 erat
1719 1775 1896 1842 fama,
1948 1777 2014 1830 ad
2061 1775 2122 1830 Ti

2258 1771 2351 1825 τοῦ
2382 1774 2628 1844 Σωτῆρος
2654 1775 2808 1845 ἡμῶν
2849 1777 3020 1845 Ἰησοῦ
3074 1779 3310 1848 Χριστοῦ
3359 1784 3441 1844 είς
3489 1784 3689 1846 πάντας
3728 1784 3815 1855 ήδη

583 1865 793 1917 herium
837 1864 1134 1933 principem
1169 1865 1358 1920 retulit
1391 1883 1406 1920 :
1437 1867 1601 1920 multa
1629 1882 1842 1936 quoque
1870 1867 1971 1922 alia
2005 1868 2148 1938 ejus-

585 1954 704 2008 dem
752 1956 1014 2010 miracula
1047 1970 1107 2009 se
1165 1957 1352 2011 auditu
1384 1958 1667 2027 accepisse
1699 1959 2014 2026 signiﬁcans
2038 2001 2053 2025 ,
2097 1970 2150 2013 et

534 2076 536 2079 -
580 2046 814 2114 qualiter
847 2047 914 2100 ad
943 2047 1106 2101 vitam
1135 2047 1316 2102 denuo
1346 2057 1649 2115 revocatus,
1687 2064 1715 2102 a
1747 2049 2014 2119 plerisque
2035 2050 2144 2119 jam

580 2137 722 2192 Deus
753 2139 1065 2193 haberetur.
1111 2139 1190 2192 Ac
1221 2138 1499 2193 Tiberium
1528 2139 1747 2208 quidem
1796 2156 1908 2194 rem
1959 2142 2024 2195 ad
2060 2157 2148 2197 se-

575 2241 759 2288 natum
813 2231 1078 2286 detulisse
1123 2231 1434 2300 perhibent,
1489 2231 1581 2286 sed
1637 2240 1884 2285 senatum
1940 2233 2144 2303 hujus-

573 2329 722 2386 ruodi
774 2328 1087 2384 relationem
1135 2336 1480 2397 aspernatum
1543 2341 1666 2381 esse
1718 2343 1731 2379 :
1781 2327 1963 2396 specie
2022 2329 2143 2397 qui-

573 2422 697 2475 dem
742 2435 807 2475 eo
832 2420 976 2490 quod
1010 2430 1235 2473 senatus
1267 2420 1566 2472 auctoritas
1593 2419 1660 2471 ad
1708 2418 1758 2471 id
1807 2434 1910 2472 non
1942 2434 2142 2489 exspe-

571 2522 715 2566 ctata
744 2511 1058 2575 videbatur,
1106 2525 1226 2565 cum
1259 2519 1437 2564 tamen
1487 2519 1639 2564 vetus
1689 2509 1774 2563 lex
1805 2521 1950 2564 esset
1999 2509 2139 2580 apud

565 2603 674 2679 ει
715 2604 986 2658 Romanos
1017 2618 1086 2657 ne
1116 2602 1239 2672 quis
1269 2602 1476 2672 absque
1515 2600 1734 2655 decreto
1767 2610 1991 2654 senatus
2043 2614 2140 2669 pro

569 2698 670 2749 deo
697 2695 990 2750 haberetur
1021 2711 1035 2746 :
1073 2707 1130 2746 re
1159 2703 1337 2747 autem
1367 2693 1479 2760 ipsa
1509 2705 1575 2744 eo
1597 2691 1741 2759 quod
1771 2690 2028 2744 salutaris
2059 2691 2140 2742 di-

565 2787 706 2842 vinae
735 2786 996 2841 doctrina:
1021 2783 1335 2854 praedicatio
1370 2783 1694 2838 auctoritate
1717 2793 1773 2838 et
1814 2781 2016 2836 auxilio
2040 2782 2127 2835 ho-

565 2879 771 2932 ntiuum
807 2877 1028 2931 minime
1062 2876 1345 2945 indigeret.
1390 2874 1522 2928 Cum
1551 2875 1716 2946 igitur
1743 2884 1966 2929 senatus
1994 2888 2134 2929 reta-

565 2972 768 3026 tionem
803 2974 870 3026 de
893 2970 1186 3026 Servatore
1219 2979 1408 3024 nostro
1433 2968 1505 3021 ita
1537 2976 1594 3022 ut
1626 2969 1826 3023 dictum
1859 2976 1942 3022 est
1971 2982 2134 3038 repu-

562 3062 789 3125 diasset,
821 3061 1072 3116 Tiberius
1111 3070 1314 3129 tamen,
1350 3062 1402 3116 in
1436 3063 1665 3130 pristina
1699 3061 1968 3116 sententia
2010 3075 2132 3130 per-

561 3169 842 3217 severans,
877 3153 1010 3208 nihil
1044 3154 1304 3208 adversus
1335 3153 1637 3207 doctrinam
1684 3152 1886 3207 Christi
1937 3153 2128 3207 durius

558 3243 777 3298 molitus
801 3259 922 3298 esse
951 3243 1173 3298 dicitur.
1200 3244 1325 3298 llzec
1367 3243 1735 3298 Tertullianus
1762 3280 1778 3307 ,
1827 3243 1911 3296 vir
1950 3242 2126 3313 legum

556 3335 922 3390 Romanarum
958 3338 1322 3406 peritissimus
1349 3346 1405 3391 et
1441 3337 1584 3392 inter
1618 3336 1844 3392 Latinos
1893 3337 2125 3406 scripto-

558 3443 644 3482 res
673 3428 1062 3484 celeberrimus
1089 3430 1141 3483 in
1168 3430 1424 3499 Apologia
1454 3430 1521 3483 ab
1549 3430 1665 3498 ipso
1691 3428 1906 3497 quidem
1934 3427 2126 3483 Latine

554 3520 880 3589 conscripta,
909 3530 1091 3588 postea
1123 3535 1252 3576 vero
1277 3520 1329 3574 in
1351 3519 1600 3574 Grtecutn
1625 3534 1930 3574 sermonem
1949 3528 2126 3573 trans-

552 3613 659 3666 lata
700 3613 877 3682 prodit
909 3612 994 3666 his
1023 3611 1246 3666 verbis:
1282 3627 1301 3662 ι
1339 3610 1430 3676 Ut,
1458 3610 1652 3680 inquit,
1686 3609 1753 3664 de
1779 3609 1994 3680 origine
2025 3608 2124 3662 ali-

621 3817 1020 3891 (92)Ha_.latoi3
1047 3821 1479 3888 κεκρατηκότος
1525 3820 1720 3886 ἔθους.
1759 3821 1974 3887 Quaeret
2027 3821 2112 3875 hic

547 3889 777 3944 fortasse
809 3889 1003 3959 aliquis
1037 3905 1135 3943 cur
1169 3892 1308 3945 hunc
1341 3906 1567 3953 morem,
1609 3903 1666 3943 ut
1697 3893 1900 3946 scilicet
1932 3901 2108 3946 recto-

547 3960 1087 4033 res'provinciarum,
1110 3961 1152 4033 si
1177 3961 1302 4028 quid
1337 3962 1475 4033 apud
1500 3977 1560 4015 se
1593 3962 1713 4015 novi
1771 3963 2106 4033 contigisset,

548 4030 816 4099 referrent
854 4031 919 4083 ad
952 4030 1272 4099 principem,
1303 4032 1587 4097 antiquum
1643 4041 1794 4084 vocet
1833 4032 2114 4085 Eusebius.

543 4097 730 4166 Neque
768 4101 912 4154 enim
944 4097 1058 4154 mos
1089 4097 1176 4152 ille
1207 4111 1334 4154 tunc
1371 4101 1585 4169 quidem
1643 4103 1902 4169 temporis
1959 4102 2115 4154 valde

541 4179 791 4238 vetustus
813 4179 954 4229 erat,
984 4185 1105 4222 cum
1147 4184 1334 4223 recens
1385 4171 1566 4222 adhuc
1619 4179 1763 4223 esset
1825 4171 2109 4238 imperium

543 4237 876 4301 Romanum,
901 4250 956 4292 et
1001 4239 1309 4308 nuperrime
1335 4239 1407 4308 ab
1438 4240 1682 4308 Augusto
1728 4237 2109 4294 constitutum.

540 4309 647 4378 Aut
683 4307 1163 4378 igiturdicendum
1193 4316 1296 4370 est,
1331 4307 1624 4378 Eusebium
1655 4308 1718 4362 de
1761 4310 1874 4364 suis
1905 4319 2110 4378 tempo-

541 4377 692 4431 ribus
726 4377 1074 4438 intellexisse,
1109 4393 1229 4431 cum
1256 4393 1479 4447 Amorem
1510 4377 1657 4430 illutn
1692 4379 1971 4447 antiquum
2014 4377 2109 4433 vo-

2254 1864 2521 1935 καθ’ὃλης
2562 1867 2918 1938 Παλαιστίνης
2962 1868 3286 1940 βεϐοημένα,
3337 1873 3568 1938 Πιλάτος
3602 1875 3816 1947 Τιϐερίῳ

2251 1954 2462 2024 βασιλεῖ
2485 1957 2772 2022 κοινοῦται,
2805 1957 2880 2022 ὡς
2912 1960 3008 2022 τάς
3047 1978 3103 2013 τε
3159 1962 3322 2026 ἄλλας
3369 1965 3538 2018 αὑτοῦ
3603 1966 3816 2036 πυθόμε-

2249 2065 2336 2107 νος
2350 2050 2630 2118 τερατείας
2651 2051 2783 2122 (95),
2804 2053 2894 2103 καὶ
2915 2051 2989 2114 ὡς
3013 2052 3092 2106 ὅτι
3120 2055 3255 2124 μετά
3276 2055 3508 2111 Θάνατον
3533 2060 3596 2112 ἐκ
3623 2059 3814 2130 νεκρῶν

2249 2140 2504 2204 ἀναστὰς,
2547 2142 2646 2212 ἤδη
2686 2141 2818 2205 Θεὸς
2859 2138 2995 2196 εἶναι
3027 2147 3177 2215 παρά
3216 2150 3326 2210 τοῖς
3374 2147 3590 2212 πολλοῖς
3637 2151 3814 2205 ἐπεπί-

2250 2249 2455 2284 στευτο.
2477 2232 2577 2284 Τὸν
2599 2232 2655 2285 δὲ
2695 2233 2940 2304 Τιϐέριον
2979 2237 3285 2305 ἀνενεγκεῖν
3309 2240 3408 2309 μὲν
3434 2243 3498 2310 τῇ
3523 2242 3808 2314 συγκλήτῳ,

2247 2322 2461 2392 ἐκείνην
2487 2323 2533 2372 τ’
2551 2321 2683 2391 (95⁸)
2704 2322 3023 2376 ἀπώσασθαί
3046 2344 3175 2395 φασι
3196 2328 3285 2380 τὸν
3313 2329 3492 2397 λόγον,
3515 2331 3590 2400 τῷ
3615 2333 3706 2401 μὲν
3730 2335 3811 2385 δο-

2245 2416 2380 2476 κεῖν,
2403 2415 2483 2465 ὅτι
2540 2412 2613 2484 μὴ
2652 2414 2912 2485 πρότερον
2969 2418 3104 2489 αὑτὴ
3152 2419 3310 2474 τοῦτο
3370 2421 3705 2492 δοκιμάσασα
3749 2420 3811 2495 ἦν

2244 2504 2497 2570 (παλαιοῦ
2527 2507 2690 2576 νόμου
2723 2509 3142 2579 κεκρατηκότος,
3173 2510 3246 2581 μὴ
3293 2512 3469 2576 ἄλλως
3495 2514 3614 2566 τινὰ
3670 2516 3809 2586 παρά
3879 2565 3885 2568 .

2255 2595 2544 2666 Ῥωμαίοις
2564 2595 2944 2662 θεοποιεῖσθαι,
2982 2599 3054 2671 μὴ
3072 2601 3192 2670 ούχὶ
3237 2602 3404 2674 ψήφῳ
3451 2605 3544 2657 καὶ
3593 2605 3806 2676 δόγματι

2241 2689 2599 2761 συγκλήτου),
2631 2693 2694 2761 τῇ
2729 2691 2774 2744 δ’
2807 2691 3052 2763 ἀληθείᾳ,
3089 2693 3163 2746 ὅτι
3200 2696 3334 2764 μηδὲ
3371 2697 3471 2766 τῆς
3527 2696 3585 2762 ἐξ
3613 2697 3806 2765 ἀνθρώ-

2241 2799 2357 2835 πων
2386 2782 2712 2854 ὲπικρίσεώς
2737 2801 2796 2836 τε
2837 2786 2929 2838 καὶ
2969 2786 3296 2851 συστάσεως,
3337 2792 3370 2859 ὴ
3408 2791 3671 2862 σωτήριος
3719 2791 3804 2844 τοῦ

2240 2872 2385 2928 θείου
2425 2873 2777 2946 κηρύγματος
2805 2876 2972 2928 ἐδεῖτο
3008 2877 3339 2932 διδασκαλία.
3394 2882 3580 2952 Ταύτῃ
3645 2883 3688 2935 δ’
3719 2879 3803 2936 οὖν

2236 2967 2602 3036 ἀπωσαμένης
2636 2966 2748 3036 (94)
2777 2967 2867 3021 τὸν
2900 2969 3376 3040 προσαγγελθέντα
3418 2975 3545 3046 περὶ
3581 2974 3673 3026 τοῦ
3695 2976 3801 3026 Σω-

2236 3058 2399 3130 τῆρος
2437 3058 2591 3128 ἡμῶν
2624 3059 2778 3126 λόγον
2811 3059 2908 3128 τῆς
2947 3061 3230 3131 Ῥωμαίων
3263 3063 3496 3134 βουλῆς,
3525 3065 3616 3119 τὸν
3655 3066 3802 3118 Τιεέ-

2239 3169 2370 3221 ριον,
2408 3151 2472 3222 ἣν
2498 3151 2590 3203 καὶ
2616 3151 2875 3221 πρότερον
2906 3147 3016 3223 εἶχε
3045 3152 3268 3224 γνώμην
3291 3158 3623 3227 τηρήσαντα,
3647 3156 3800 3227 μηδὲν

2234 3242 2430 3295 ἄτοπον
2462 3241 2600 3294 κατὰ
2634 3241 2731 3311 τῆς
2756 3241 2847 3294 τοῦ
2873 3243 3108 3313 Χριστοῦ
3124 3244 3469 3311 διδασκαλίας
3503 3247 3793 3317 ἐπινοῆσαι.

2233 3333 2415 3386 Ταῦτα
2455 3332 2860 3403 Τερτυλλιανδς,
2880 3335 3005 3398 τοὺς
3033 3335 3316 3405 Ῥωμαίων
3347 3339 3547 3408 νόμους
3571 3340 3798 3410 ἠκριϐω-

2233 3425 2344 3488 κὼς
2378 3425 2486 3495 (οδ)
2517 3424 2676 3495 ἀνὴρ.
2698 3425 2765 3478 τά
2797 3443 2852 3478 τε
2892 3426 3023 3480 ἄλλα
3055 3426 3280 3492 ἔνδοξος,
3313 3407 3544 3483 καὶτῶν
3575 3407 3797 3501 usitata

2232 3517 2324 3570 ἐπὶ
2357 3516 2572 3586 Ῥώμης
2596 3516 2862 3588 λαμπρῶν
2897 3518 3032 3585 (96),
3064 3519 3120 3571 ὲν
3147 3523 3210 3590 τῇ
3236 3524 3513 3595 γραφείσῃ
3538 3523 3634 3594 μὲν
3660 3521 3796 3590 αύτῴ

2231 3612 2295 3680 τῇ
2331 3609 2614 3679 Ῥωμαίων
2659 3612 2828 3680 φωνῇ,
2875 3611 3270 3684 μεταϐληθείσῃ
3325 3614 3381 3666 δὲ
3426 3616 3522 3668 καὶ
3576 3615 3665 3667 ἐπὶ
3707 3613 3797 3686 τὴν

2226 3813 2526 3885 ϐαλομένης
2559 3815 2648 3869 τὸν
2675 3815 2801 3885 περὶ
2828 3815 2917 3866 τοῦ
2948 3815 3197 3885 Σωτῆρος
3223 3819 3396 3883 λογον,
3431 3825 3538 3870 etc.

2297 3884 2408 3954 (95)
2436 3883 2882 3952 Τερτυλλιανὸς,
2904 3883 3046 3950 τοὺς
3073 3883 3365 3954 Ῥωμαίων
3388 3887 3615 3955 νόμους
3640 3883 3792 3952 ἠκρι-

2221 3960 2432 4025 ϐωκώς.
2462 3959 2536 4013 Ex
2575 3961 2676 4013 hoc
2707 3961 2822 4013 loco
2858 3961 3071 4026 quidam
3103 3960 3362 4026 suspicati
3395 3971 3546 4024 sunt,
3581 3958 3787 4013 Tertul-

2221 4031 2423 4083 lianum
2458 4031 2604 4082 illum
2633 4030 2723 4097 qui
2758 4029 2902 4082 inter
2935 4029 3333 4082 ecclesiasticos
3365 4031 3660 4098 scriptores
3691 4045 3781 4082 ce-

2217 4101 2383 4153 lebris
2417 4099 2669 4160 habetur,
2717 4099 3160 4164 juriscousultum
3193 4099 3378 4155 luisse.
3407 4099 3566 4153 Certe
3609 4100 3656 4152 in
3702 4100 3783 4150 in-

2215 4172 2334 4223 dice
2361 4170 2774 4233 Pandectarttm,
2830 4169 2972 4222 inter
2999 4169 3137 4236 juris
3194 4179 3448 4223 auctores
3490 4185 3554 4224 ex
3594 4169 3782 4237 quibus

2215 4255 2352 4308 Opus
2390 4239 2516 4293 illud
2555 4239 2837 4291 colleelmn
2891 4249 2994 4302 est,
3051 4251 3369 4292 recensetur
3417 4238 3780 4308 Tertullianus

2211 4306 2304 4380 qui
2337 4310 2506 4380 libros,
2522 4319 2643 4362 octo
2675 4308 3032 4380 qtmstionum
3063 4308 3303 4380 scripsit,
3338 4318 3394 4362 et
3423 4309 3489 4380 de
3517 4306 3776 4380 castrensi

2213 4376 2424 4448 peculio
2457 4379 2648 4432 librum
2674 4376 3026 4448 singularem.
3078 4376 3185 4432 Sed
3243 4393 3375 4448 non_
3413 4378 3602 4433 dubito
3653 4377 3774 4448 quin

539 4446 702 4528 cavit,
729 4457 822 4499 aut
845 4456 996 4528 certe
1027 4447 1201 4528 prisca
1234 4445 1324 4500 illa
1351 4457 1590 4528 tempora
1614 4441 1956 4528 designasse,
1988 4451 2107 4528 qui—
2143 4472 2184 4524 ι)
2213 4441 2301 4528 hic
2323 4451 2565 4502 diversus
2589 4449 2659 4528 sit
2704 4441 2798 4528 ab".
2823 4447 3288 4528 illonpresbytero
3346 4441 3773 4528 Cartliagincitsi.

541 4515 644 4568 bus
683 4516 989 4587 rgaspublica
1039 4514 1284 4572 Romana
1320 4517 1567 4586 populari
1613 4514 1839 4585 imperio
1878 4514 2104 4587 regeba-

540 4594 648 4657 tur.
672 4585 847 4657 _Tuuc
870 4587 1011 4641 enim
1042 4585 1474 4654 proconsuleset
1499 4595 1758 4654 praetores
1791 4589 1878 4656 qui
1908 4585 1959 4641 in
1985 4605 2109 4657 pro-

537 4655 735 4728 vinciis
766 4665 940 4728 erant,
975 4657 1154 4712 missis
1185 4659 1250 4710 ad
1281 4667 1528 4712 senatum
1581 4655 1818 4720 litteris,
1839 4655 2105 4728 quidquid

538 4726 660 4778 novi
689 4727 1013 4794 contigerat,
1054 4728 1462 4782 renuntiabant.

605 4794 719 4865 (93)
755 4796 847 4867 ᾮς
872 4794 979 4862 τάς
1003 4813 1065 4850 τε
1091 4796 1286 4862 ἄλλας
1319 4797 1502 4851 αὑτοῦ
1558 4798 1892 4867 πυθόμενος
1939 4815 2106 4866 τερα·

531 4867 715 4937 εεζας.
752 4865 931 4921 Nostri
973 4869 1210 4932 codices,
1264 4867 1484 4937 Regius,
1546 4865 1722 4930 Μαι,
1763 4868 1925 4932 Med,
1979 4865 2101 4922 cum

531 4931 668 5006 Fuk.
694 4950 758 5006 ac
789 4937 982 5006 Savil.,
1009 4931 1203 4992 omnes
1227 4953 1330 4990 uno
1347 4931 1641 4994 'consensu
1687 4931 1947 5006 scriptum
2003 4939 2100 4990 ha-

535 5005 667 5078 bent
695 5004 753 5078 ὃς
781 5005 878 5069 τάς
901 5023 960 5058 τε
986 5005 1170 5069 ἄλλας,
1223 5009 1437 5078 absque
1457 5025 1640 5064 sensu.
1712 5004 1879 5078 Recte
1940 5009 2102 5078 igitur

535 5074 671 5143 Bob.
709 5077 1014 5143 Stephanus
1043 5074 1370 5142 emendavit,
1413 5077 1486 5142 ὡς
1517 5079 1614 5142 τάς
1640 5095 1699 5130 τε
1746 5077 1910 5132 ἄλλας
1941 5074 2095 5140 [εις.

531 5142 1179 5218 Quodautemsequitur
1238 5147 1332 5200 καὶ
1368 5147 1443 5211 ὡς
1496 5151 1577 5202 ὃτι
1617 5149 1962 5218 pleonasmus
2017 5157 2098 5202 cst

532 5212 765 5269 Eusebio
797 5212 1098 5290 familiaris,
1131 5226 1188 5290 ut
1213 5217 1288 5290 μὴ
1329 5218 1450 5286 οὐχι
1502 5229 1555 5273 et
1611 5212 1829 5272 Similia.
1883 5218 2093 5290 Mallem

533 5294 713 5358 tamen
745 5287 1182 5358 posteriusistud
1217 5287 1291 5350 ὡς
1345 5303 1676 5358 expungere,
1738 5306 1804 5342 ne
1868 5289 2091 5342 molesta

527 5355 600 5410 sit
625 5354 862 5424 ejusdem
891 5355 1170 5423 particula:
1199 5354 1464 5423 repetitio.

599 5423 736 5496 (93')
769 5423 929 5479 Forte
957 5426 1238 5491 legendum
1266 5427 1332 5480 δέ
1357 5443 1453 5495 pro
1485 5444 1562 5481 τε.
1601 5427 1756 5482 Eutr.

595 5499 708 5576 (94)
740 5497 898 5576 Vulg.
937 5502 1159 5576 ταύτης
1199 5501 1252 5554 δ’
1299 5500 1412 5576 οὖν
1441 5505 1864 5576 ἀπωσαμένης.
1897 5509 2095 5566 Procul

526 5571 694 5646 dubio
742 5571 1088 5646 scribendum
1136 5585 1239 5646 est“
1265 5573 1435 5646 ταύτῃ
1485 5575 1528 5628 δ’
1556 5571 1685 5646 οὖν,
1723 5571 1884 5646 quam
1915 5597 2101 5635 emcn-

523 5641 802 5720 d_ation_em
850 5639 1137 5720 conﬁrmat
1175 5639 1600 5720 Nicephorus‘in
1647 5639 1846 5720 libi",
1874 5665 1998 5720 cap.
2029 5651 2095 5718 8;

523 5711 602 5769 sic
634 5710 778 5766 enim
812 5712 890 5767 ait
929 5727 944 5766 :
973 5710 1130 5767 Οὕτω
1170 5711 1228 5766 δὲ
1259 5712 1358 5786 τῆς
1393 5713 1694 5789 συγκλήτου
1741 5717 1931 5791 βουλῆς
1948 5710 2098 5776 ’ἀπο-ἱ

2211 4519 2397 4588 Neque
2444 4532 2574 4573 vero
2607 4518 2870 4572 Eusebius
2926 4517 3074 4588 illum
3105 4516 3552 4588 iurisconsultum
3613 4516 3774 4569 fuisse

2210 4587 2362 4654 dicit,
2399 4589 2491 4642 sed
2529 4597 2732 4640 tantum
2761 4588 2834 4640 ait
2865 4601 2986 4640 eum
3039 4587 3184 4655 leges
3247 4587 3522 4642 Romanas
3567 4597 3774 4641 accura-

2212 4660 2413 4712 tissime
2437 4657 2710 4711 calluisse.
2737 4657 2890 4724 Quod
2949 4657 3170 4723 quidem
3234 4657 3316 4710 vel
3371 4670 3438 4710 cx
3492 4671 3600 4710 uno
3653 4656 3770 4722 ejus

2208 4728 2540 4798 Apologetico
2571 4729 2694 4782 licet
2722 4741 3070 4798 cognoscere,
3100 4727 3151 4778 in
3193 4741 3304 4798 quo
3340 4725 3513 4798 legum
3573 4727 3767 4798 Roma-

2209 4796 2395 4851 narum
2421 4799 2716 4866 saepissime
2739 4796 3004 4866 meminit.
3041 4798 3137 4866 Acr
3167 4797 3294 4866 mihi
3320 4797 3535 4862 quidem
3561 4797 3768 4848 videtur

2205 4867 2465 4922 Eusebius
2499 4864 2658 4921 hunc
2723 4881 2889 4918 unum
2936 4864 3254 4919 Tertulliani
3305 4866 3498 4931 librum
3554 4867 3764 4933 legisse,

2205 4955 2323 4991 cum
2361 4939 2514 4991 solus
2543 4937 2629 4990 hic
2656 4951 2719 4990 ex
2759 4935 3074 4988 Tertulliani
3101 4935 3255 4988 libris
3294 4936 3344 4989 in
3372 4935 3619 4990 Graecum
3656 4946 3763 4988 scr-

2204 5023 2415 5061 mouem
2454 5021 2751 5059 conversus
2777 5006 2982 5058 fuisset.

2271 5078 2382 5148 (96)
2429 5077 2544 5129 Τῶν
2576 5075 2693 5148 λὲπὶ
2729 5074 2946 5148 Ῥώμῃς
2977 5073 3284 5148 λαμπρῶν.
3315 5074 3414 5148 -Εκ
3455 5073 3538 5126 his
3585 5070 3759 5148 verbis

2201 5142 2452 5217 colligere
2501 5145 2620 5212 quis
2657 5142 2836 5213 posset
2867 5145 3262 5217 Tertullianum
3307 5142 3500 5217 Romae
3548 5144 3758 5199 vixisse,

2198 5228 2250 5272 et
2283 5215 2444 5270 unum
2475 5217 2643 5270 fuisse
2667 5231 2731 5269 ex
2761 5216 3036 5268 senatorio
3063 5217 3275 5268 ordine.
3303 5215 3358 5266 ld
3391 5215 3535 5266 enim
3571 5218 3761 5265 sonant

2200 5289 2311 5341 hazc
2343 5287 2522 5340 verba.
2563 5286 2789 5339 Constat
2830 5295 3008 5337 tamen
3043 5298 3108 5336 ex
3141 5281 3464 5352 Hieronymo
3510 5285 3560 5334 in
3602 5281 3760 5352 Chro-

2198 5359 2312 5410 "ico
2356 5367 2412 5410 et
2445 5359 2495 5410 in
2544 5358 2680 5409 libro
2707 5354 2783 5407 De
2825 5354 3172 5417 scriptoribus
3213 5349 3600 5416 ecclesiasticis,
3633 5349 3758 5401 Ter-

2201 5428 2483 5480 tullianum
2519 5428 2678 5481 domo
2708 5424 3190 5498 Carthagittensctn
3225 5424 3426 5498 fuisse,
3448 5431 3599 5491 patre
3629 5433 3757 5498 fcti-

2199 5499 2410 5552 turione
2456 5495 2857 5564 proconsularis
2900 5490 3083 5546 ollicii.
3131 5495 3259 5558 Quae
3305 5490 3541 5564 quidoI‘n
3572 5490 3753 5564 militia

2193 5585 2300 5622 non
2334 5555 2619 5621 admodum
2653 5565 2754 5618 fuit
2787 5569 3079 5626 honorata,
3121 5555 3468 5629 quippe'cum
3499 5555 3752 5629 ejusmodi

2195 5639 2389 5693 milites
2419 5640 2614 5690 nndmn
2649 5648 2841 5688 nomen
2877 5634 3108 5686 militum
3143 5635 3422 5695 hab‘erent,
3456 5648 3629 5701 retpsa
3665 5642 3754 5701 au-

2196 5718 2299 5763 tcm
2346 5710 2679 5778 apparitores
2707 5713 2886 5758 essent
2922 5702 3306 5772 proconsulum
3351 5711 3402 5757 et
3434 5696 3628 5758 vilibus
3658 5696 3752 5752 mi-
