4054 6456
266 260 360 316 ιιι

255 759 702 832 καθιεροῦσθαι,
738 762 867 832 πρὶν
923 761 1027 814 ὑπὸ
1058 761 1158 831 τῆς
1214 761 1519 831 συγκλήτου
1560 761 1883 832 δοκιμασθῆ-

251 870 362 905 ναι.
404 854 666 926 Μάρκος
693 854 940 923 Αἰμίλιος
970 854 1142 916 οὕτως
1183 854 1310 924 περί
1361 871 1505 917 τινος
1533 852 1757 907 εἰδώλου
1787 871 1884 907 πε-

249 943 494 1014 ποίηκεν
564 945 891 1017 Ἀλϐούρνου
922 945 1052 1015 (97).
1093 945 1202 997 Καὶ
1231 943 1386 997 τοῦτο
1427 946 1567 1016 ὑπὲρ
1594 945 1687 998 τοῦ
1725 946 1882 1017 ἡμῶν

246 1036 416 1103 λόγου
450 1037 792 1108 πεποίηται.
827 1038 906 1090 ὅτι
941 1038 1067 1107 παρ’
1097 1037 1226 1106 ὑμῖν
1271 1036 1588 1107 ἀνθρωπεία
1619 1037 1815 1107 δοκιμῇ

247 1127 451 1198 θεότης
485 1128 725 1182 δίδοται.
766 1127 890 1180 Ἐὰν
926 1127 1000 1197 μὴ
1027 1126 1300 1198 ἀνθρώπῳ
1333 1126 1452 1190 θεὸς
1493 1127 1666 1198 ἀρέσῃ
1689 1167 1702 1188 ,
1757 1127 1879 1190 θεὸς

241 1220 304 1272 οὐ
332 1219 600 1286 γίνεται.
658 1219 844 1282 Οὕτως
889 1219 1031 1272 κατά
1077 1235 1138 1286 γε
1199 1220 1379 1282 τοῦτο,
1442 1217 1731 1289 ἄνθρωπον
1771 1218 1878 1290 θεῷ

246 1313 413 1365 ἵλεων
461 1307 623 1365 εἶναι
666 1313 952 1384 προσήκει.
1007 1310 1254 1381 Τιϐέριος
1301 1306 1415 1374 οὖν,
1457 1310 1543 1378 ἐφ’
1571 1305 1632 1364 οὗ
1680 1310 1740 1363 τὸ
1767 1310 1876 1363 τῶν

242 1406 627 1475 Χριστιανῶν
654 1407 825 1478 ὄνομα
852 1409 931 1470 είς
967 1390 1055 1458 τὸν
1098 1406 1300 1475 κόσμον
1344 1403 1621 1473 ἐλήλυθεν,
1677 1404 1876 1472 ἀγγελ-

246 1498 442 1558 θέντος
484 1498 654 1569 αὐτῷ
679 1501 744 1552 ἐκ
769 1498 1132 1567 Παλαιστίνης
1165 1496 1259 1549 τοῦ
1299 1496 1567 1566 δόγματος
1609 1494 1719 1564 (98)
1755 1496 1875 1549 τού-

243 1607 361 1655 του,
390 1590 541 1644 ἔνθα
559 1593 784 1663 πρῶτον
810 1591 1033 1662 ἤρξατο,
1055 1593 1120 1661 τῇ
1145 1589 1439 1660 συγκλήτῳ
1455 1589 1870 1653 ἀνεκοινώσατο,

244 1678 405 1748 Gillo;
433 1678 520 1731 ὢν
583 1681 836 1745 ἐκείνοις,
868 1681 943 1743 ὡς
996 1681 1072 1750 τῷ
1121 1681 1353 1750 δόγματι
1392 1679 1691 1749 ἀρέσκεται
1733 1677 1867 1749 (99).

1326 267 1676 324 ΗΙΞΤΟΠΙΑΞ
1718 269 2279 328 ECCLESIASTICAE
2324 275 2450 329 LIB.
2494 274 2555 331 ll.

273 382 516 438 Ἑλλάδα
542 386 822 454 γλῶτταν.
849 387 1348 460 ὑπὲρΧριο-τιανῶν
1365 391 1708 461 Ἀπολογίᾳ,
1744 391 1840 446 τίθ-

1946 406 1962 459 t
1992 395 2120 465 quid
2159 405 2519 452 retractemus
2551 395 2813 464 ejusmodi
2852 397 3032 469 legum

261 493 312 528 σι
337 475 495 528 κατὰ
525 476 689 541 λέξιν
724 477 911 530 τοῦτον
948 478 1176 547 ἱστορῶν
1200 480 1292 533 τὸν
1311 482 1510 552 τρόπον
1535 497 1546 509 ·
1586 502 1598 510 ·
1621 501 1639 532 ι
1674 484 1791 536 ’Ίνα
1831 483 1888 537 δὲ

256 569 354 620 καὶ
393 570 465 620 ἐκ
531 569 654 640 τῆς
711 571 978 638 γενέσεως
1028 569 1398 642 διαλεχθῶμεν
1458 573 1566 626 τῶν
1629 574 1887 628 τοιούτων

255 659 468 729 νόμων,
510 662 760 716 παλαιὸν
788 658 854 733 ἦν
876 663 1072 733 δόγμα,
1110 662 1312 733 μηδένα
1347 663 1467 716 Θεὸν
1491 665 1594 717 ὑπὸ
1622 664 1888 734 βασιλέως

3481 285 3582 340 M2

3070 418 3083 453 :
3133 411 3288 457 vetus
3340 413 3456 458 erat
3487 408 3582 461 dc-

1993 499 2203 543 cretum
2238 503 2302 541 ne
2325 488 2448 557 quis
2478 487 2621 543 Deus
2652 491 2717 540 ah
2775 488 3105 558 imperatore
3153 507 3577 552 consecraretur

1993 579 2094 632 nisi
2127 593 2155 630 a
2181 589 2368 634 senatu
2406 581 2687 648 probatus.
2717 583 2806 637 Sic
2832 581 3044 638 Marcus
3079 585 3333 644 1Emilius
3358 592 3423 646 de
3471 595 3574 646 deo

1990 683 2090 724 suo
2121 669 2386 724 Alburno.
2412 671 2563 725 Facit
2587 681 2641 726 et
2665 675 2767 728 hoc
2797 675 2866 727 ad
2895 690 3112 728 causam
3142 689 3405 745 nostram,
3431 687 3573 752 quod

1989 763 2130 829 apud
2161 777 2256 816 vos
2283 763 2349 816 de
2389 764 2624 818 humano
2645 767 2909 822 arbitratu
2955 766 3215 825 divinitas
3246 775 3574 840 pensitatur.

1989 851 2104 907 Nisi
2144 853 2348 908 homini
2386 855 2518 909 deus
2564 856 2827 926 placuerit
2855 900 2868 920 ,
2905 860 3041 915 deus
3077 877 3183 916 non
3226 865 3349 920 erit.
3400 865 3571 923 Homo

1978 939 2090 1009 jam
2119 942 2224 997 deo
2257 945 2520 1014 propitius
2547 962 2667 1001 esse
2689 948 2924 1004 debebit.
2957 950 3211 1008 Tiberius
3237 971 3390 1025 ergo,
3414 960 3572 1028 cujus

1989 1044 2232 1103 tempore
2265 1051 2467 1090 nomen
2509 1037 2878 1092 Christianum
2913 1041 2964 1095 in
2993 1045 3248 1099 saeculum
3274 1047 3521 1104 introivit
3556 1093 3570 1113 ,

1982 1124 2362 1180 annuntiatum
2396 1126 2499 1180 sibi
2533 1143 2598 1181 ex
2627 1127 2783 1198 Syria
2820 1129 3104 1187 Palaestina
3135 1151 3256 1204 qum
3281 1139 3566 1195 veritatem

1983 1213 2127 1269 illius
2157 1215 2457 1271 divinitatis
2483 1218 2780 1284 revelarat,
2813 1222 3004 1276 detulit
3041 1226 3106 1278 ad
3146 1238 3397 1282 senatum
3442 1248 3564 1286 cum

1981 1309 2341 1375 praerogativa
2386 1308 2626 1380 Sulfragii
2681 1312 2783 1364 Siti.
2838 1311 3070 1369 Senatus
3105 1318 3229 1386 quia
3281 1335 3386 1373 non
3441 1321 3560 1392 ipse

1979 1399 2299 1466 probaverat
2359 1401 2585 1469 resrmit.
2675 1400 2854 1458 Caesar
2909 1406 2961 1458 in
3008 1411 3287 1463 sententia
3324 1415 3564 1479 mansit,

1978 1490 2346 1546 comminatus
2399 1493 2696 1560 periculum
2766 1501 3180 1556 accusatoribus
3215 1503 3559 1562 Christiano-

1979 1595 2120 1633 rum.
2167 1599 2185 1633 ι
2235 1580 2507 1638 Πειρίθους
2557 1581 2950 1641 Tertullianus.
2993 1589 3163 1656 Quam
3190 1595 3406 1662 quidem
3436 1614 3563 1652 sen-

1978 1673 2202 1727 tentiam
2238 1675 2482 1732 coeIcStis
2522 1676 2872 1734 Providentia
2903 1680 3109 1738 Tiberii
3127 1683 3359 1743 Caesaris
3392 1693 3560 1747 menti

256 1771 413 1822 Ἡδὲ
479 1771 804 1843 σύγκλητος
853 1774 975 1826 ἐπεὶ
1016 1774 1116 1826 οὐκ
1169 1774 1304 1843 αὑτὴ
1355 1771 1725 1842 δεδοκιμὰκει,
1761 1773 1840 1824 ἀπ

1946 1767 1950 1808 ί
1976 1766 2182 1822 idcirco
2216 1767 2512 1831 infuderat,
2539 1779 2599 1824 ut
2634 1770 2907 1841 Evangelii
2934 1789 3141 1843 sermo,
3167 1778 3259 1847 qui
3295 1790 3423 1836 tunc
3447 1783 3562 1852 pri-

245 1860 434 1915 ὤσατο
464 1880 482 1894 ·
523 1866 558 1916 ὁ
596 1864 654 1917 δὲ
681 1866 738 1916 ἐν
768 1867 834 1935 τῇ
865 1864 1032 1918 αὑτοῦ
1076 1865 1348 1932 ἀποφάσει
1373 1863 1602 1932 ἔμεινεν,
1646 1861 1874 1932 ἀπειλή-

247 1971 344 2017 σας
367 1954 627 2009 θάνατον
656 1959 768 2019 τοῖς
797 1956 904 2008 τῶν
934 1953 1276 2025 Χριστιανῶν
1305 1951 1631 2022 κατηγόροις
1658 1970 1668 1981 ·
1702 1969 1720 2001 ι
1772 1954 1873 2021 τῆς

1980 1874 2126 1912 mum
2155 1861 2305 1915 nasci
2338 1873 2605 1930 cmperat,
2639 1863 2845 1935 absque
2882 1865 2992 1920 ullo
3038 1867 3431 1934 impedimento
3465 1891 3562 1946 per

1979 1951 2292 2006 universum
2326 1951 2513 2005 orbem
2546 1964 2913 2024 spargerettrr.

244 2049 513 2120 οὐρανίου
557 2052 826 2122 Προνοίας
858 2055 978 2106 κατ’
1011 2053 1318 2123 οἰκονομίαν
1340 2051 1482 2104 τοῦτ’
1518 2049 1667 2120 αὑτῷ
1707 2051 1844 2121 πρὸς
1897 2049 2021 2103 νοῦν
2079 2051 2431 2122 βαλλομένης,
2467 2053 2542 2116 ὡς
2592 2053 2657 2107 ἂν
2710 2058 3169 2128 ἀπαραποδίστως
3202 2066 3376 2137 ἀρχὰς
3420 2068 3560 2139 ἔχων

242 2146 274 2196 ὸ
320 2145 420 2199 τοῦ
478 2148 830 2217 Εὖαγγελίου
873 2150 1061 2218 λόγος,
1112 2149 1418 2221 πανταχόσε
1474 2149 1576 2219 γῆς
1635 2148 1923 2219 διαδράμοι

803 2247 1197 2302 ΚΕΦΑΛΑῘΟΝ
1246 2249 1284 2299 Γ
1285 2253 1317 2301 ’.

248 2334 456 2408 Ὄςτῳς
493 2339 591 2402 εἰς
639 2338 837 2391 πάντα
880 2354 983 2391 τον
1031 2341 1263 2408 κόσμον
1297 2339 1368 2392 ἐν
1403 2339 1622 2406 ,βραχεῖ
1668 2340 1864 2406 χρόνῳ

312 2406 657 2549 ἳιέδραέςεν
681 2412 712 2463 0'
742 2408 875 2477 περὶ
909 2409 1016 2463 τοῦ
1054 2406 1312 2480 Χριστοῦ
1362 2410 1545 2477 λόγος
1598 2408 1736 2477 (Nic.
1787 2409 1859 2462 Η.

346 2509 386 2528 -..
427 2493 487 2539 ιι,
596 2518 613 2532 .

319 2558 488 2615 Οὕτω
515 2561 660 2632 δῆτα
697 2563 930 2634 οὐρανίῳ
957 2565 1183 2636 δυνάμει
1215 2570 1308 2621 καὶ
1337 2571 1618 2644 συνεργία,
1644 2575 1854 2646 ἁθρόως

251 2650 340 2707 οἷά
363 2671 447 2716 τις
472 2656 636 2726 ἡλίου
661 2655 808 2727 βολὴ,
825 2657 922 2728 τὴν
947 2658 1237 2728 σύμπασαν
1259 2665 1585 2737 οἰκουμένην
1625 2668 1653 2719 ὀ
1678 2671 1852 2740 σωτήο

255 2764 371 2818 ριος
393 2749 724 2819 κατηύγαζε
747 2749 921 2817 λόγος,
945 2750 1139 2804 αὐτίκα
1158 2751 1213 2805 δὲ
1240 2756 1358 2817 ταῖς
1381 2755 1551 2821 θείαις
1573 2759 1853 2830 ἑπομένως

251 2839 501 2910 Γραφαῖς
521 2843 540 2909 (
553 2842 627 2910 Ι),
647 2841 740 2894 ἐπὶ
766 2844 945 2895 πᾶσαν
969 2843 1160 2916 προῄει
1185 2844 1281 2916 τὴν
1304 2847 1407 2916 γῆν
1430 2849 1458 2902 ὀ
1480 2849 1715 2919 φθόγγος
1743 2854 1851 2906 τῶν

252 2930 568 2986 θεσπεσίων
593 2933 994 3001 εὐαγγελιστῶν
1015 2954 1072 2990 τε
1099 2937 1261 2992 αὐτοῦ
1286 2939 1380 2992 καὶ
1405 2940 1734 3000 ἀποστόλων,
1757 2945 1849 2996 καὶ

254 3025 329 3086 εἰς
352 3023 425 3078 τὰ
455 3025 678 3097 πέρατα
706 3027 805 3097 τῆς
829 3029 1157 3102 οἰκουμένης
1181 3031 1249 3085 τὰ
1274 3035 1494 3104 ῥήματα
1519 3034 1716 3089 αὐτῶν.
1742 3037 1848 3088 Καὶ

2596 2248 2826 2305 CAPUT
2857 2251 2940 2304 lli.

2051 2373 2326 2439 Quomodo
2352 2376 2549 2430 Christi
2572 2379 2817 2433 dlictrina
2847 2399 2939 2445 per
2964 2399 3263 2439 universum
3315 2395 3491 2444 orbem

2499 2450 2636 2502 brevi
2660 2452 2895 2518 dispersa
2933 2456 3022 2507 sit.

2040 2557 2118 2614 lla
2149 2561 2455 2631 opitulante
2475 2562 2683 2619 cmlesti
2708 2566 2929 2631 virtute,
2961 2567 3222 2624 salutaris
3247 2572 3342 2626 Dei
3368 2588 3552 2630 sermo

1966 2661 2225 2722 tanquam
2256 2654 2386 2710 solis
2446 2657 2630 2710 radius
2679 2656 2994 2710 universum
3031 2668 3305 2715 terrarum
3360 2665 3547 2719 orbem

1959 2746 2139 2801 subito
2173 2746 2489 2812 illustravit,
2538 2758 2594 2803 et
2645 2761 2810 2819 prout
2837 2750 2888 2802 in
2921 2753 3094 2806 sacris
3123 2752 3324 2809 litteris
3351 2759 3549 2826 praedi-

1959 2848 2102 2893 ctmn
2138 2839 2332 2905 fuerat,
2371 2841 2422 2894 in
2457 2855 2670 2896 omnem
2706 2851 2909 2898 terram
2974 2845 3145 2899 exivit
3186 2861 3352 2902 sonus
3383 2864 3548 2903 evan-

1958 2931 2271 3001 gelistarutn
2304 2933 2465 2986 simul
2492 2943 2547 2985 et
2579 2934 2973 3002 apostolorum,
3006 2946 3059 2989 et
3086 2952 3260 3007 usque
3291 2939 3358 2991 ad
3407 2942 3544 2996 ﬁltcs

1958 3038 2116 3080 terrm,
2146 3025 2311 3079 verba
2348 3039 2560 3079 corum.
2609 3025 2714 3078 Per
2745 3040 2936 3078 omnes
2967 3026 3135 3095 igitur
3185 3029 3440 3086 civitates
3487 3048 3544 3088 et

254 3260 496 3313 nisteriis
528 3261 903 3330 fungerentur.
933 3260 1005 3314 De
1039 3259 1210 3326 patria
1238 3260 1452 3329 quidem
1481 3274 1576 3311 sua
1608 3258 1838 3330 ipsemet

1946 3272 2103 3330 τητος
2133 3255 2430 3326 κατάδηλον
2455 3256 2929 3330 ἐπεποιήκειλειο.
2961 3256 3237 3330 Certc_vel
3277 3260 3366 3312 hic
3400 3278 3540 3318 unus

249 3332 436 3382 srrihit
488 3332 546 3384 in
597 3329 952 3400 Apologetico.
987 3346 1105 3397 cap.
1133 3333 1188 3390 9,
1219 3331 1306 3383 tibi
1352 3332 1465 3397 agit
1514 3332 1578 3384 de
1618 3329 1837 3382 Tiberio

249 3402 586 3466 proconsule
625 3399 842 3461 Africae,
884 3402 974 3469 qui
1009 3403 1323 3453 sacerdotes
1355 3399 1574 3453 Saturni
1622 3401 1673 3452 in
1712 3414 1837 3453 cru-

252 3484 362 3522 cem
416 3481 633 3540 egerat.
676 3470 822 3524 Teste
865 3471 1060 3524 militia
1098 3472 1293 3537 patria:
1331 3481 1543 3540 nostrae.
1585 3485 1703 3540 qua:
1750 3469 1834 3521 id-

247 3540 415 3600 ipsum
446 3539 645 3595 munus
666 3541 749 3594 illi
772 3543 1075 3608 proconsuli
1101 3542 1284 3610 functa
1312 3551 1407 3593 est.
1436 3539 1491 3593 Id
1519 3539 1632 3603 est,
1671 3551 1835 3595 testes

250 3623 367 3662 sunt
400 3610 668 3665 oﬂiciales
719 3628 811 3665 seu
844 3614 1183 3679 apparitores
1213 3611 1670 3677 Carthaginienses
1701 3627 1830 3680 pro-

249 3682 529 3733 consulunt
584 3682 800 3736 African
847 3683 1026 3747 Quare
1083 3684 1195 3735 haec
1245 3681 1458 3735 Eusebii
1510 3683 1692 3744 verba,
1721 3681 1832 3734 τῶν

249 3749 480 3818 μάλιστα
532 3752 624 3804 ἐπὶ
663 3751 879 3823 Ῥᾠμης
921 3751 1208 3823 λαμπρῶν,
1250 3752 1444 3823 malint
1483 3751 1827 3823 interpretari

253 3823 313 3873 de
357 3823 717 3890 scriptoribus
754 3821 1002 3876 Latinis.
1031 3825 1181 3877 Solet
1214 3823 1357 3876 enim
1406 3821 1670 3876 Eusebius
1715 3821 1826 3873 Ro-

252 3905 537 3946 manorum
584 3894 845 3946 vocabulo
894 3895 1198 3961 designare.
1245 3909 1348 3944 non
1386 3892 1528 3958 ipsos
1571 3892 1826 3945 Romana:

251 3961 394 4032 urbis
430 3962 717 4032 indigenas
755 3979 818 4017 ac
862 3964 1030 4023 cives.
1073 3965 1165 4017 sed
1199 3963 1420 4016 Latinos
1466 3973 1521 4015 et
1563 3961 1824 4015 Occiden-

253 4030 410 4090 tales,
458 4043 519 4085 ut
559 4030 797 4086 inferius
849 4034 1140 4086 notabitur.
1193 4035 1357 4086 Recte
1401 4047 1534 4099 ergo
1594 4032 1822 4086 Rulinns

251 4099 386 4155 hunc
428 4103 648 4157 Eusebii
681 4105 857 4157 locum
890 4106 960 4155 ita
993 4105 1156 4158 vertit
1204 4121 1216 4157 :
1261 4103 1388 4156 "(BC
1423 4102 1818 4163 Tertullianus,

249 4171 323 4221 uir
348 4185 393 4223 et
428 4173 606 4238 legum
636 4186 682 4226 et
722 4176 1112 4227 institutionum
1156 4173 1510 4227 Romanorum
1558 4173 1819 4242 peritissi-

250 4253 378 4313 mus,
405 4255 452 4295 et
487 4247 627 4298 inter
652 4259 854 4297 nostros
881 4256 1160 4313 scriptores
1189 4244 1475 4298 admodum
1505 4244 1706 4296 clarus.

317 4311 422 4382 (97)
475 4316 849 4383 Ἄλϐούρνου.
903 4311 1072 4381 llnius
1119 4316 1204 4370 dei
1257 4331 1452 4368 nomen
1510 4315 1561 4367 in
1616 4315 1804 4368 codice

251 4377 474 4454 una
520 4377 1102 4438 Fnkfcircumllexam
1152 4386 1314 4439 habet
1363 4387 1606 4438 ultimam
1649 4385 1815 4454 sylla-

1945 3327 2097 3397 locus
2149 3330 2440 3380 manil'este
2493 3327 2730 3389 indicat,
2775 3328 3068 3380 Eusebium
3127 3328 3288 3397 hujus
3331 3330 3539 3390 Graecae

1943 3396 2416 3464 interpretationis
2449 3410 2728 3452 auctorem
2769 3412 2873 3451 non
2921 3397 3121 3461 fuisse,
3165 3396 3310 3465 quod
3353 3412 3533 3460 tamen

1943 3465 2188 3536 Si-aliger
2240 3467 2440 3534 aliique
2490 3469 2590 3521 sibi
2656 3479 3062 3536 persuaserunt.
3123 3468 3258 3523 Nam
3320 3471 3362 3523 si
3426 3475 3536 3528 Eu-

1940 3537 2123 3592 sebius
2162 3538 2275 3606 ipse
2317 3539 2457 3591 hunc
2493 3537 2810 3592 Tertulliani
2860 3540 3036 3592 locum
3087 3537 3276 3594 Graece
3335 3548 3534 3601 vertis-

1937 3617 2041 3669 set,
2076 3623 2178 3660 non
2214 3611 2516 3661 omissurus
2547 3610 2732 3671 utique
2763 3610 2959 3663 fuisset
2994 3609 3046 3661 id
3094 3613 3242 3676 quod
3275 3613 3342 3666 ad
3375 3615 3530 3670 iusti-

1940 3687 2112 3731 tutum
2149 3679 2316 3746 ipsius
2358 3679 2595 3731 maxime
2634 3678 2864 3732 faciebat
2889 3719 2904 3742 ,
2941 3681 3271 3735 mentionem
3320 3686 3532 3743 scilicet

1938 3749 2320 3802 miraculorum
2371 3749 2606 3810 Christi,
2638 3765 2758 3816 qua:
2789 3749 2999 3802 Pilatus
3037 3753 3101 3802 ad
3133 3750 3409 3808 Tiberium
3443 3775 3529 3812 re-

1938 3821 2156 3871 tulerat.
2184 3817 2236 3871 ld
2281 3819 2422 3871 enim
2454 3821 2567 3887 ipse
2599 3822 2848 3886 superius
2879 3821 3012 3872 dixit
3049 3820 3202 3874 initio
3241 3823 3404 3888 hujus
3435 3845 3519 3881 ra-

1934 3889 2062 3954 pitis
2087 3906 2098 3941 :
2133 3888 2212 3968 Td:
2239 3889 2364 3968 περὶ
2386 3890 2486 3968 τῆς
2519 3890 2581 3940 ἐκ
2605 3890 3192 3968 νεθκρῶζαναστάΞ-εως
3213 3893 3522 3968 τοῦᾹΣωτῆ-

1933 3974 2026 4027 ρος
2052 3959 2207 4040 ἡμῶν
2239 3959 2749 4040 Ἰησοῦ.Χρις3τρῦ,ἐ-Σ
2792 3960 3025 4040 [Ithacoq-
3054 3961 3289 4040 ιϐερίῳ
3314 3959 3526 4033 βασιλεῖ

1932 4030 2225 4101 κοινοῦται,
2257 4041 2362 4084 etc.
2407 4032 2566 4098 Atqui
2615 4034 2666 4083 itt
2706 4030 3026 4101 Tertulliani
3076 4030 3228 4097 loco,
3260 4030 3425 4101 prout
3473 4040 3518 4091 i\

1929 4099 2116 4153 Griece
2151 4115 2446 4154 conversus
2484 4101 2570 4154 hic
2606 4101 2862 4161 refertur,
2896 4100 3038 4152 nulla
3073 4101 3131 4155 lit
3177 4099 3382 4160 mentio
3418 4114 3517 4160 ad-

1931 4168 2258 4223 tnirabilimn
2293 4171 2494 4225 Christi
2543 4185 2802 4238 operum,
2840 4171 2932 4224 sed
2987 4182 3195 4224 tantum
3245 4176 3514 4239 dogmatis

1926 4241 2243 4312 Christiani.
2278 4242 2500 4295 Certum
2529 4250 2613 4294 est
2651 4243 2834 4309 igitur,
2869 4242 3160 4312 Eusebium
3196 4244 3360 4312 hujus
3394 4263 3513 4302 ver-

1925 4311 2096 4381 sionis
2155 4322 2431 4364 auctorem
2494 4328 2597 4364 non
2648 4313 2836 4366 luisse.
2885 4311 3051 4364 Porro
3099 4316 3242 4381 quod
3275 4311 3514 4370 Tertul-

1924 4379 2282 4454 liauusidicit
2333 4385 2712 4454 annuntiatum
2764 4382 2982 4454 Tiberio
3003 4398 3082 4454 rex
3118 4379 3292 4454 'Syria
3346 4387 3513 4442 Palu--

253 4451 388 4508 bam.
420 4456 601 4509 Codex
650 4465 832 4509 autent
875 4455 1163 4509 Medica-us
1210 4455 1475 4522 duplicem
1520 4451 1690 4508 habet
1720 4473 1814 4507 ae-
1849 4456 1892 4510 D
1922 4452 2087 4515 stina,
2127 4453 2179 4506 id
2215 4451 2478 4506 Eusebius
2507 4453 2572 4522 de
2603 4453 2864 4506 relatione
2897 4453 2962 4507 ad
3000 4451 3189 4521 ipsum
3216 4457 3379 4511 missa
3431 4460 3510 4511 in-

254 4533 478 4577 centum.
511 4526 665 4594 Quod
700 4527 913 4594 quidem
947 4527 998 4578 in
1040 4526 1126 4579 illo
1159 4527 1345 4580 codice
1383 4543 1487 4578 non
1523 4525 1688 4578 semel
1737 4529 1815 4577 la-

257 4600 387 4646 etum
415 4612 537 4650 esse
577 4597 859 4650 observavi
890 4614 903 4650 :
938 4597 1166 4665 exempli
1199 4597 1372 4665 gratia
1405 4597 1457 4648 in
1495 4610 1626 4648 voce
1661 4595 1819 4647 Σολό-

258 4674 433 4729 μωνος.
484 4667 598 4720 Hoc
640 4669 782 4720 enim
835 4683 1028 4720 nomen
1079 4667 1278 4736 duplici
1323 4675 1548 4719 accentu
1599 4681 1815 4734 semper

256 4745 430 4789 n0tare
453 4739 591 4790 solet
619 4741 785 4790 codex
811 4737 1095 4790 Mediczeus
1117 4754 1130 4790 :
1155 4747 1320 4790 acuto
1346 4737 1556 4789 scilicet
1580 4737 1629 4787 iu
1664 4749 1818 4787 ann:-

257 4806 534 4866 pennltima
563 4809 769 4876 syllaba
789 4851 802 4872 ,
829 4812 878 4860 in
899 4807 1195 4876 penultitua
1227 4817 1407 4859 autem
1438 4805 1809 4876 circumﬂexo.

319 4877 419 4944 (98)
469 4875 876 4948 Ἄγγελθέντος
902 4875 1079 4941 ίαὺτῷ
1117 4878 1186 4930 ἐκ
1235 4876 1659 4948 ΙΙιιΛοιίιο-τιίδης⁸
1706 4875 1812 4928 τοῦ

255 4936 546 5014 δόγματοςί
570 4936 832 5016 ’ριιιδιμιὶδ
853 4936 1004 5002 hunc
1044 4936 1360 5001 Tertulliani
1403 4936 1811 5002 loennt‘Crmce

258 5019 400 5068 Vertit
422 5020 618 5088 (tneque
644 5022 786 5072 enim
816 5025 883 5071 ah
907 5017 1136 5072 Eusebio
1157 5034 1478 5072 conversum
1511 5016 1806 5085 existimo),

260 5093 468 5140 mentem
517 5090 658 5142 illius
691 5106 798 5142 non
846 5092 980 5143 satis
1023 5099 1309 5142 assecutus
1354 5089 1586 5139 videtur.
1634 5088 1806 5140 Verba

258 5145 548 5228 Tertulliani
588 5161 725 5227 apud
754 5159 1006 5212 Ruﬁnum
1041 5162 1119 5212 sic
1151 5161 1402 5228 leguntur
1429 5177 1441 5212 :
1475 5158 1804 5228 Annuntiuta

261 5223 422 5299 tibiae
447 5227 602 5297 Syria
623 5223 920 5283 Palwstina
945 5247 1061 5298 qua:
1091 5223 1499 5282 illic'veritotem
1529 5230 1682 5280 istius
1723 5227 1807 5279 di-

260 5296 469 5364 vinitatis
491 5296 883 5364 revelaverant,
911 5296 1098 5354 detulit
1127 5304 1194 5353 ad
1224 5311 1483 5353 senatum.
1511 5299 1682 5362 Quam
1728 5299 1805 5350 le-

265 5362 464 5439 ctionem
513 5373 791 5438 amplexus
833 5362 916 5424 est
968 5372 1218 5424 Nicolaus
1264 5370 1634 5439 liigaltius__in
1685 5369 1802 5421 edi-

263 5433 388 5508 itione
423 5433 653 5508 Operuin
684 5441 1002 5495 Tertulliani
1043 5459 1055 5493 :
1095 5442 1292 5495 merito
1326 5433 1494 5494 certe.
1543 5437 1676 5490 Nam
1722 5443 1800 5490 al-

265 5506 358 5556 tera
397 5506 509 5577 qua:
547 5512 596 5563 in
630 5513 858 5580 vulgatis
914 5512 1108 5580 legitur
1156 5513 1459 5579 scriptura,
1513 5510 1642 5580 ferri
1691 5525 1796 5580 non

265 5580 430 5650 ρςιιγδι.
459 5581 549 5634 Sic
589 5579 750 5650 igitur
785 5579 1075 5636 vertendus
1105 5593 1223 5635 erat
1247 5585 1333 5634 hic
1357 5583 1546 5634 locus:
1579 5579 1801 5646 Ἀγγελ-

263 5635 427 5723 θέντων
455 5635 730 5723 αὐτῷυτῶν
761 5635 1069 5723 θαυμάτων
1091 5654 1155 5705 ὲκ
1182 5652 1280 5722 τῆς
1309 5651 1510 5721 Συρίας
1527 5635 1662 5723 ,τῆςῑ
1682 5635 1798 5723 ha"

263 5719 522 5794 Λαιστίνης,
554 5719 695 5796 ὅπερ
727 5726 843 5778 ἐκεῖ
868 5719 981 5794 ’τὴν
1010 5719 1266 5795 ἀλήθειαν
1299 5719 1400 5792 τῆς
1424 5719 1632 5775 ἐκείνου
1675 5720 1784 5773 θεό-

1924 4522 2148 4576 tellexit.
2198 4523 2265 4576 Et
2315 4531 2496 4576 tamen
2547 4521 2739 4576 Latina
2798 4539 2899 4577 vox
2953 4527 3096 4578 hunc
3149 4539 3370 4581 seusmn
3417 4528 3509 4584 vix

1921 4594 2183 4668 admittit.
2230 4594 2554 4668 Annttnliari
2606 4595 2750 4646 enim
2803 4594 3022 4662 proprie
3072 4595 3348 4662 dicuntur,
3385 4614 3508 4668 quin

1921 4661 2061 4713 fama
2091 4674 2143 4716 et
2183 4665 2490 4716 rumoribus
2522 4665 2890 4716 innotescunt.

1990 4732 2100 4802 (99)
2124 4731 2320 4801 Δῆλος
2351 4733 2436 4785 ὢν
2464 4733 2738 4798 ἐκείνοις,
2765 4733 2846 4799 ὡς
2873 4732 2952 4798 τῷ
2977 4732 3226 4802 δόγματι
3251 4737 3502 4804 ἀρέσκε-

1917 4818 2029 4853 ται.
2062 4805 2224 4858 [tecte
2256 4808 2527 4872 expressit
2564 4820 2783 4857 sensum
2818 4808 3103 4857 verborum
3145 4805 3496 4871 Tertulliani.

1915 4888 2031 4924 cum
2057 4875 2674 4949 prmrogativasti/fraga
2722 4875 2827 4938 sui,
2854 4875 3131 4949 nisiquod
3150 4877 3220 4949 de
3246 4882 3500 4949 dogmate

1915 4956 2199 5012 perperam
2252 4943 2469 5010 adjecit.
2541 4943 2728 5012 Neque
2779 4946 2923 4998 enim
2976 4943 3346 5002 'l‘ertnllianus
3414 4952 3496 5004 lo-

1913 5017 2099 5079 quitur
2138 5019 2204 5066 de
2254 5015 2502 5082 dogmate
2551 5016 3012 5078 Christianorum,
3061 5018 3152 5068 sed
3188 5019 3252 5068 de
3288 5019 3494 5072 divini-

1915 5093 2024 5157 tate
2055 5084 2280 5157 Christi.
2322 5084 2486 5153 Igitur
2525 5102 2643 5157 cum
2689 5085 3044 5153 prterogativa
3088 5085 3333 5155 suﬂ'ragii
3376 5093 3492 5157 sui,

1912 5153 2050 5224 idem
2086 5156 2227 5207 valet
2257 5170 2318 5206 ac
2347 5170 2463 5206 cum
2491 5156 2877 5223 sn/frogatione
2903 5171 3022 5218 sua,
3047 5153 3176 5224 quze
3197 5153 3490 5214 maximam

1910 5223 2144 5292 habebat
2171 5227 2575 5278 auctoritatem.

1971 5311 2045 5381 (l)
2076 5310 2232 5380 Vulg.
2263 5311 2478 5365 αὐτίκα
2504 5309 2637 5382 ταῖς
2666 5312 2851 5382 θείαις
2869 5310 3172 5382 ἑπομένως
3196 5312 3483 5382 Γραςπιῖς.

1900 5379 2261 5450 Niéephorus,
2293 5382 2385 5448 qui
2423 5390 2594 5434 totum
2630 5381 2773 5433 hunc
2807 5380 3026 5434 Eusebii
3055 5379 3337 5436 locumad‘
3361 5401 3484 5437 ver-

1901 5453 2028 5506 bum
2057 5453 2360 5526 descripsit,
2398 5452 2575 5513 habet,
2612 5451 2810 5526 αὐτίκα
2843 5451 2897 5503 δὲ
2926 5454 3043 5515 ταῖς
3075 5452 3246 5526 θείαις
3282 5455 3485 5526 ἑπομέ-

1902 5539 2006 5582 νως
2032 5523 2294 5590 Γραφαῖς.
2326 5522 2458 5588 Qua:
2499 5522 2762 5591 particula
2819 5539 2924 5576 non
2975 5523 3304 5577 mediocrem
3333 5522 3484 5578 addit

1899 5593 2244 5664 elegantiam.
2294 5592 2464 5664 Paulo
2513 5603 2636 5661 post
2683 5593 3027 5648 scribendum
3068 5594 3482 5664 ρειγᾷεὑαγγελια

1901 5661 2044 5714 στῶν
2074 5681 2132 5716 τε
2162 5663 2327 5717 αὐτοῦ
2359 5665 2452 5716 καὶ
2479 5665 2813 5722 ἀποστόλων.
2845 5681 2909 5718 ex
2933 5665 3122 5718 eodem
3153 5661 3482 5732 Nil-ephoro,

1900 5734 1986 5792 cui
2019 5734 2387 5805 suffragantur
2418 5735 2541 5790 libri
2578 5735 2748 5790 nostri
2784 5734 2922 5789 Maz.
2954 5734 3090 5788 ll‘led.
3127 5749 3190 5790 ac
3221 5734 3356 5791 Fuk.
