4054 6456
282 262 388 319 “5

835 391 1234 447 ΚΕΦΑΛΑΙΟΝ
1286 395 1362 450 A'.

286 473 386 562 Ὠς-
411 478 592 562 μετὰ
627 481 879 562 Τιβέριον
910 483 1112 562 Γάϊος⁵
1141 485 1434 562 Ἰουδαίων
1459 487 1724 562 βᾳεζιλέςξ
1749 489 1888 562 καβ-

344 552 626 614 ἰστησιν
659 552 1004 625 ξιχρίππιξν,
1052 556 1160 609 τὸν
1195 556 1460 624 Ἡρώδην
1491 557 1660 624 ἀϊδίῳ
1683 555 1883 625 ζημιώ-

341 631 472 683 σας
503 619 684 690 φυγῇ
709 621 848 691 (Nic.
902 624 968 678 II.
1003 625 1067 679 Ε.
1114 643 1174 691 ιι,
1201 619 1280 692 9)“.

340 711 625 784 Τιδέριος
659 715 758 785 μὲν
788 713 879 770 οὖν
907 718 1050 788 ἀμφὶ
1085 718 1150 771 τὰ
1180 719 1272 790 δύο
1299 720 1392 772 καὶ
1428 719 1600 772 εἴκοσι
1635 717 1882 790 βασιλεύ-

271 819 372 869 σας
408 804 545 877 ἐτη,
587 808 847 880 τελευτᾷ·
887 809 1024 880 μετὰ
1053 810 1109 863 δὲ
1151 787 1339 863 τοῧτον
1368 811 1525 874 Γάϊος
1553 811 1650 882 τὴν
1680 811 1883 881 ἠγεμο-

267 897 386 950 νίαν
407 917 493 951 πα
505 898 786 970 ραλαὸὼν,
805 901 999 955 αὐτίκα
1021 904 1119 972 τῆς
1155 903 1422 957 Ἰουδαίων
1452 905 1625 976 ἀρχῆς
1655 904 1880 974 ’Λγρίπ-

266 1005 346 1059 1:;
377 989 447 1042 τὸ
482 990 740 1064 διάδημα
768 992 842 1062 (ὓ)
875 994 1237 1066 περιτίθησιν,
1269 995 1492 1066 βασιλέα
1533 997 1881 1067 καταστήσας

263 1079 438 1131 αὐτὸν
475 1081 591 1152 τῆς
615 1099 674 1134 τε
703 1082 968 1136 Φιλίππου
993 1084 1086 1138 καὶ
1108 1085 1208 1155 τῆς
1235 1087 1504 1138 Λυσανίου
1535 1085 1877 1158 τετραρχίας.

263 1170 414 1242 Πῴς
452 1171 556 1235 αἶς
597 1175 714 1243 μετ’
742 1175 802 1227 οὐ
837 1175 1002 1228 πολὺν
1029 1175 1218 1246 χρόνον
1251 1177 1400 1248 αὐτῷ
1441 1177 1536 1230 καὶ
1567 1177 1665 1248 τὴν
1702 1176 1878 1248 Ἡρώ-

261 1264 353 1316 δου
402 1266 757 1338 τετραρχίαν
789 1269 1172 1340 παραδίδωσιν,
1210 1268 1365 1340 ἀϊδίῳ
1398 1273 1541 1340 φυγῇ
1574 1269 1664 1322 τὸν
1701 1268 1878 1340 Ἠρώ-

258 1359 358 1430 δην
395 1353 598 1428 (οὗτος
629 1361 674 1413 δ’
707 1357 775 1432 ἦν
802 1364 830 1415 ὁ
867 1361 1006 1415 κατὰ
1035 1363 1093 1415 τὸ
1135 1362 1306 1426 πάθος
1345 1361 1438 1414 τοῦ
1473 1362 1743 1433 Σωτῆρος)
1782 1361 1878 1414 σὺν

262 1456 359 1508 καὶ
394 1459 470 1528 τῇ
519 1457 747 1526 γυναικὶ
789 1455 1074 1527 Ἡρωδιάδι
1109 1456 1206 1525 (7),
1259 1456 1524 1509 πλείστων
1559 1456 1718 1508 ἕνεκα
1780 1454 1876 1525 ζη-

1333 272 1682 330 ΗΙΞΤΟΒΙᾹΞ
1723 271 2280 334 ΕρριΕδιΑδΤιωΕ
2321 273 2450 331 LIB.
2491 276 2553 332 ll.

1925 397 1970 453 Α
2616 392 2843 449 CAPUT
2875 394 2964 450 IV.

3473 277 3573 332 HG

2013 481 2289 548 Quomodo
2320 492 2433 545 post
2464 492 2679 535 mortem
2707 481 2902 556 Tiberii
2939 483 3101 556 Caius
3136 485 3419 556 Agrippam
3470 484 3576 539 Ju-

2065 555 2298 606 doeoruut
2344 570 2512 623 regem
2561 553 2868 616 constituit,
2921 566 2968 607 et
3018 553 3281 609 Herodem
3320 567 3568 618 perpetuo

2064 624 2250 678 exsilio
2278 624 2570 679 damnavit.

2063 716 2271 770 Interea
2304 714 2576 781 Tiberius,
2616 729 2736 769 cmn
2770 714 2982 770 duobus
3011 717 3233 771 circiter
3271 732 3333 770 ac
3370 718 3566 787 Viginti

1991 809 2151 865 annis
2179 809 2521 876 imperasset,
2551 817 2850 862 extremum
2880 808 3024 862 diem
3061 809 3216 863 obiit.
3250 809 3349 864 Cui
3378 826 3571 866 succe-

1991 903 2130 956 dens
2159 901 2321 955 Caius
2348 899 2547 953 Judtrze
2574 915 2798 968 regnum
2829 902 3013 954 statim
3045 901 3268 955 tradidit
3295 901 3570 972 Agrippa;

1991 1008 2286 1064 regemque
2327 992 2474 1046 illum
2510 1002 2620 1044 tum
2664 991 2716 1045 in
2753 991 3004 1062 Philippi,
3057 1004 3169 1046 tum
3225 993 3279 1046 in
3317 992 3569 1062 Lysanite

1990 1085 2281 1141 tetrarchia
2313 1083 2616 1139 constituit.
2653 1083 2761 1140 Nec
2798 1086 2972 1139 multo
3017 1096 3138 1154 post
3173 1085 3405 1140 Herodis
3431 1103 3568 1155 quo-

1987 1193 2091 1248 que
2120 1177 2471 1232 tetrarchiam
2504 1177 2680 1232 cidem
2714 1178 2958 1243 donavit,
2991 1194 3112 1232 cum
3136 1178 3406 1234 Herodem
3436 1196 3566 1250 per-

1987 1281 2148 1338 petuo
2201 1268 2396 1323 exsilio
2445 1270 2799 1332 damnasset,
2859 1286 2963 1324 una
3022 1288 3142 1326 cum
3196 1287 3364 1325 uxore
3394 1272 3568 1340 ipsius

1987 1361 2288 1417 l‘lerodiade
2304 1363 2371 1416 ob
2391 1362 2537 1415 varia
2566 1362 2768 1416 scelera
2795 1363 2980 1418 debito
3004 1366 3266 1435 suppiit'in
3282 1365 3560 1433 allectum,

1987 1466 2045 1511 ut
2081 1463 2310 1510 testatur
2345 1455 2512 1510 etiam
2565 1454 2856 1526 Josephus.
2915 1455 3014 1513 llic
3069 1469 3154 1513 est
3188 1459 3442 1514 llerodes'
3469 1460 3560 1529 qui

264 1655 387 1693 etim
440 1635 732 1696 Barnaba,
767 1645 1036 1701 assumpto
1076 1647 1124 1691 et
1159 1636 1296 1691 Tito.
1326 1636 1550 1690 Ascendi
1581 1645 1754 1705 autem
1787 1651 1868 1688 se-
1903 1641 1942 1696 Β
1971 1633 2170 1688 Paulus
2218 1634 2271 1688 in
2323 1634 2559 1700 Epistula
2609 1635 2673 1689 ad
2703 1634 2946 1698 Galatas,
2996 1637 3156 1703 hujus
3202 1637 3562 1705 profectionis

260 1709 511 1761 cundum
562 1707 928 1761 reuelationem
954 1723 972 1760 :
998 1717 1043 1759 et
1078 1707 1276 1761 contuli
1316 1723 1432 1759 cum
1474 1706 1582 1759 illis
1630 1704 1867 1774 Evange-

262 1781 421 1832 tium.
460 1778 618 1847 quod
656 1778 886 1846 pra’dico
921 1776 972 1829 iu
1009 1780 1268 1842 gentibus,
1297 1788 1400 1830 etc.
1429 1776 1561 1844 Quis
1587 1792 1690 1828 non
1721 1777 1865 1847 videt

264 1851 378 1902 haec
416 1846 578 1902 inter
610 1863 668 1901 se
702 1863 924 1915 prorsus
960 1848 1299 1914 discrepare,
1346 1863 1468 1902 cum
1505 1847 1706 1900 Paulus
1744 1846 1865 1913 qui-

262 1922 386 1972 dem
423 1926 601 1988 ueget
639 1933 697 1988 se
730 1917 943 1971 venisse
974 1915 1344 1988 Hierosolyma
1386 1918 1569 1971 statim
1607 1927 1726 1988 post
1770 1917 1866 1969 ba.

264 1987 544 2057 ptismum
593 2007 607 2043 :
654 1987 829 2042 Lat-as
882 2003 1008 2041 vero
1060 1997 1182 2056 post
1226 1987 1570 2057 baptismum
1617 2004 1645 2040 a
1699 1987 1864 2040 Paulo

263 2068 630 2128 susceptum,
662 2070 728 2116 .et
773 2059 977 2128 aliquot
1025 2059 1434 2127 prmdirationes
1473 2059 1717 2111 Damatici
1766 2058 1864 2110 lia-

267 2132 434 2189 bitas.
465 2131 628 2184 illutn
669 2131 932 2192 Damasco
971 2128 1110 2183 clam
1142 2129 1436 2197 aufugisse,
1470 2139 1523 2182 et
1557 2141 1702 2181 recta
1738 2128 1864 2181 Ilie-

265 2204 554 2270 rnsoiyma
589 2202 798 2252 venisse
825 2200 1093 2270 testetur?
1124 2198 1270 2253 Hanc
1302 2199 1457 2253 Lucae
1481 2208 1536 2252 et
1569 2197 1715 2251 Pauli
1755 2200 1863 2252 dis-

251 2267 596 2324 lsunantiam
633 2271 788 2323 fateri
830 2269 1146 2338 cctupulsus
1177 2281 1257 2324 est.
1287 2271 1653 2340 Hieronymus
1689 2269 1739 2321 in
1769 2283 1862 2321 ex-

263 2343 554 2409 positione
597 2341 847 2408 Epistolze
881 2341 946 2392 ad
978 2340 1218 2396 Galatas.
1268 2339 1440 2407 Quam
1492 2339 1547 2392 ut
1598 2341 1860 2394 concilia-

270 2422 392 2464 rent
429 2412 662 2480 quidam
703 2422 966 2474 veterum,
999 2420 1136 2464 teste
1171 2411 1496 2480 Hieronymo
1534 2409 1604 2462 ita
1642 2425 1862 2463 censue-

267 2493 436 2538 runt:
472 2483 703 2535 Paulum
755 2481 1107 2548 prnl'ectionis
1155 2482 1295 2534 illius
1327 2497 1438 2535 suae
1489 2480 1858 2549 Hierosolyma

265 2553 450 2604 statim
488 2564 618 2620 post
650 2551 977 2618 baptismum
1025 2567 1144 2620 quae
1193 2561 1523 2605 memoratur
1555 2566 1582 2602 a
1629 2551 1772 2604 Luca
1809 2552 1858 2603 in

269 2622 414 2673 dicto
462 2625 654 2688 capite
686 2637 737 2674 Ix
771 2622 971 2674 nullam
1009 2621 1259 2676 habuisse
1291 2623 1578 2683 rationem,
1607 2638 1672 2674 eo
1717 2624 1858 2686 quod

270 2690 391 2756 luga
454 2696 649 2759 potius
705 2708 866 2759 quam
930 2690 1192 2758 profectio
1241 2693 1446 2745 luisset.
1494 2690 1691 2744 Verum
1746 2694 1859 2745 Iure

267 2763 472 2816 solutio
527 2765 663 2816 levis
717 2771 794 2816 est
835 2763 1146 2816 admodum.
1185 2764 1393 2817 Etenim
1451 2761 1623 2815 Lucas
1673 2762 1860 2816 scribit

270 2831 501 2886 Paulum
547 2844 676 2888 tunc
717 2850 744 2885 a
782 2832 1027 2887 liarnaba
1083 2834 1246 2886 luisse
1298 2833 1582 2887 deductmu
1629 2833 1691 2885 ad
1731 2848 1859 2900 apo-

270 2905 464 2968 stolos,
501 2915 554 2958 et
598 2905 732 2958 satis
773 2905 858 2974 diu
895 2905 1166 2957 mansisse
1217 2903 1628 2974 Hierosolymis,
1663 2913 1710 2954 et
1759 2903 1856 2954 ad-

1971 1721 2081 1758 sum
2135 1706 2462 1759 mentionem
2521 1707 2714 1759 merito
2763 1709 3145 1772 prietermisit.
3202 1716 3388 1774 utpote
3435 1724 3556 1774 qua!

1971 1775 2100 1828 nihil
2151 1777 2216 1828 ad
2280 1775 2583 1829 institutum
2633 1794 2790 1830 suum
2852 1777 3079 1832 faceret.
3132 1778 3240 1832 Nec
3300 1793 3403 1831 vox
3438 1779 3550 1836 illa.

1970 1863 2155 1899 rursus
2183 1847 2763 1916 ascendi,secumlam
2806 1847 3198 1916 profectionem
3239 1849 3551 1901 necessario

1969 1917 2232 1984 designat,
2263 1918 2355 1969 sed
2384 1915 2547 1971 etiam
2573 1917 2642 1970 de
2682 1915 2838 1971 tertia
2870 1919 2973 1971 diei
3011 1928 3204 1980 potest.
3232 1918 3386 1984 Quod
3425 1933 3554 1972 vero

1969 2002 2072 2039 non
2117 1987 2279 2054 possit
2309 2002 2429 2040 esse
2458 1986 2545 2037 illa
2591 2003 2751 2056 quam
2781 1999 2980 2056 quarto
3020 1990 3136 2042 loro
3168 1997 3416 2042 recenset
3445 1987 3556 2042 Lu-

1966 2071 2079 2119 cas,
2111 2067 2167 2109 ut
2210 2058 2423 2110 videtur
2448 2059 2684 2128 sensisse
2719 2059 3167 2128 Chrysostomns.
3214 2074 3280 2112 ex
3308 2074 3374 2112 eo
3418 2075 3553 2113 ροη-

1966 2128 2228 2188 vincitur,
2274 2129 2414 2193 quod
2465 2126 2660 2181 Paulus
2708 2126 2904 2181 soi-ibit
2941 2126 3008 2180 ise
3051 2129 3360 2183 asccndisse
3423 2145 3546 2182 cum

1967 2196 2234 2250 Barnaha.
2263 2198 2332 2251 At
2362 2199 2412 2251 in
2451 2208 2644 2264 quarta
2692 2198 3027 2264 proiectione
3073 2199 3268 2252 Paulus
3314 2215 3417 2251 non
3450 2199 3554 2253 fuit

1966 2281 2089 2320 cum
2139 2267 2404 2337 Barnaba.
2445 2268 2781 2337 .lampridem
2825 2270 2967 2322 enim
3018 2269 3085 2320 ab
3125 2285 3188 2323 eo
3235 2283 3354 2322 sese
3387 2271 3553 2322 abru-

1966 2345 2138 2404 perat.
2186 2336 2383 2391 Verum
2417 2349 2474 2391 ut
2503 2336 2580 2404 ad
2618 2338 2909 2391 Eusebium
2959 2349 3202 2391 nostrum
3239 2341 3545 2404 redeamus,

1965 2401 2178 2479 uidetur
2221 2408 2266 2462 is
2313 2401 2609 2462 secundum
2645 2410 2795 2462 Pauli
2833 2409 3378 2479 llierosolymitanatu
3427 2401 3549 2476 pro;

1965 2478 2252 2600 :ectiouem
2278 2480 2587 2534 contudisse
2611 2496 2728 2534 cum
2758 2481 2952 2548 prima,
2980 2491 3033 2532 et
3059 2478 3122 2533 ex
3149 2481 3360 2534 duabus
3384 2497 3545 2535 ouant

1987 2566 2181 2600 CCISSP.

1987 2566 2181 2602 CCISSP.

2036 2620 2111 2689 (ti)
2155 2617 2270 2686 Τῆς
2305 2619 2600 2673 Ἰουδαίων
2624 2621 2818 2688 ἀρχῆς
2848 2621 3128 2689 Ἀγιοίππᾳ
3164 2621 3227 2672 τὸ
3264 2617 3541 2689 διάδημα.

1965 2690 2181 2744 Falsum
2217 2701 2298 2745 est
2328 2692 2619 2760 Agrippam
2662 2707 2842 2760 regem
2880 2690 3080 2745 Iudaee
3110 2708 3137 2742 a
3172 2691 3302 2744 Caio
3335 2691 3539 2744 factum

1962 2779 2102 2815 esse.
2152 2762 2386 2830 Agrippa
2435 2766 2580 2814 enim
2625 2779 2653 2812 a
2694 2762 2825 2816 Caio
2855 2761 3068 2816 Caesare
3112 2763 3214 2813 sub
3253 2761 3404 2815 initia
3445 2763 3547 2815 im-

1962 2835 2095 2901 perii
2127 2834 2300 2886 factus
2332 2843 2415 2885 est
2448 2849 2561 2902 rex,
2592 2832 2826 2900 primunt
2857 2833 3073 2902 quidem
3116 2831 3540 2902 Trachpuitidis,

1962 2920 2082 2966 qua:
2118 2902 2410 2956 tetrarchia
2454 2901 2684 2969 Philippi
2731 2902 2926 2961 fuerat.
2959 2911 3019 2954 ut
3051 2903 3243 2955 scribit
3287 2901 3443 2955 Philo
3493 2903 3546 2955 in

273 2988 467 3028 versus
507 2975 732 3030 Crmcos
763 2972 1088 3042 diSputasse.
1119 2975 1243 3036 Alii,
1273 2974 1415 3025 inter
1446 2971 1582 3042 quos
1615 2973 1755 3024 Beda
1805 2987 1856 3025 et
1886 2985 1927 3039 ο
1965 2973 2214 3026 Flaccum
2245 2984 2299 3026 et
2326 2971 2594 3041 Iosephus
2629 2973 2722 3025 lib.
2760 2988 2914 3025 xvttt.
2945 2972 3065 3026 Mox
3118 2987 3246 3026 vero
3289 2987 3410 3026 cum
3445 2972 3551 3026 He-

272 3043 581 3107 Barottins,
633 3046 858 3114 primaut
914 3044 1055 3098 illaut
1112 3045 1497 3113 profectionem
1549 3043 1702 3107 cujus
1743 3059 1854 3095 tne-

272 3116 430 3169 tninit
467 3115 707 3178 Paulus,
751 3125 1001 3168 asserunt
1043 3131 1160 3168 eam
1214 3117 1381 3183 ipsam
1432 3128 1552 3168 esse
1602 3128 1720 3180 quae
1773 3128 1858 3165 re-

274 3184 447 3238 fertur
497 3203 526 3239 a
566 3185 711 3240 Luca
765 3188 815 3238 in
853 3201 969 3252 cap.
998 3202 1052 3239 Ix
1081 3187 1307 3238 Actunui
1343 3202 1356 3237 :
1390 3187 1479 3237 sed
1514 3183 1714 3236 Lucam
1765 3185 1856 3235 iti-

272 3259 420 3308 neris
448 3258 679 3311 Arabici
714 3258 834 3309 ideo
867 3258 1280 3326 praetermisrsse
1315 3256 1667 3326 mentionem,
1700 3257 1854 3326 quod

270 3327 404 3379 nihil
441 3329 709 3381 meritoria
746 3324 965 3396 dignum
998 3327 1112 3380 illic
1141 3342 1168 3378 a
1202 3327 1368 3380 Paulo
1396 3336 1606 3396 gestum
1639 3324 1850 3396 luisset.

274 3397 517 3462 Quorum
561 3395 841 3452 sententiae
885 3398 1116 3450 libenter
1157 3395 1416 3465 equidem
1453 3396 1671 3450 accedo.
1722 3395 1850 3447 Nam

273 3468 339 3536 de
383 3469 624 3521 adventu
667 3468 754 3521 illo
808 3467 955 3521 Pauli
1002 3467 1372 3536 Hierosolyma
1419 3466 1733 3534 planissime
1779 3467 1848 3518 ibi

272 3535 516 3606 loquitur
562 3537 772 3605 Lucas;
821 3538 1021 3606 quippe
1065 3540 1158 3606 qui
1199 3535 1520 3593 collocutum
1558 3551 1679 3606 eum
1726 3551 1847 3590 cum

276 3605 539 3678 apostolis
575 3620 702 3662 tunc
744 3605 879 3678 esse
908 3608 1060 3671 dicit,
1087 3605 1147 3661 et
1191 3608 1358 3661 nmlta
1402 3608 1504 3660 alia
1537 3605 1849 3674 singillatim

275 3677 468 3747 refert,
496 3680 757 3747 additque
785 3697 799 3732 :
833 3677 901 3740 Et
926 3689 1039 3732 erat
1075 3694 1192 3732 cum
1224 3679 1329 3730 illis
1362 3679 1565 3730 intrans
1595 3688 1642 3729 et
1674 3679 1850 3730 exiens

273 3747 329 3800 iu
377 3745 704 3802 Jerusalem.
753 3747 906 3802 Nunc
952 3750 1029 3802 de-
1066 3750 1321 3811 secundt
1356 3749 1444 3801 illa
1513 3747 1851 3816 profectione

276 3832 434 3888 quam
487 3819 690 3874 Paulus
719 3830 839 3888 post
872 3834 962 3872 xw
1008 3834 1178 3872 annos
1226 3819 1527 3871 instituisse
1574 3833 1634 3872 se
1684 3818 1847 3882 dicit,

276 3887 660 3955 inquirendum
703 3887 806 3946 est.
836 3889 1230 3950 Theodoretus,
1274 3898 1332 3941 et
1361 3898 1486 3941 ante
1536 3888 1682 3942 illum
1732 3891 1850 3956 qui-

278 3959 394 4010 dam
422 3971 662 4023 veteres,
688 3960 957 4014 referente
992 3960 1339 4029 Hieronymo,
1372 3960 1512 4012 hanc
1545 3959 1711 4028 ipsam
1729 3975 1851 4014 esse

276 4029 684 4091 existimarunt,
711 4030 867 4099 cujus
910 4033 1114 4084 mentio
1149 4031 1208 4084 lit
1243 4031 1292 4082 in
1326 4029 1570 4092 Actibus,
1610 4045 1731 4096 cap.
1755 4044 1843 4092 xv,

277 4102 489 4166 quando
525 4100 724 4155 Paulus
767 4098 875 4156 una
916 4117 1037 4154 cum
1081 4098 1330 4153 Barnaba
1381 4099 1452 4151 ob
1491 4109 1736 4152 exortam
1782 4101 1850 4153 de

279 4170 685 4224 circumcisione
719 4171 1146 4226 controversiam
1199 4169 1475 4238 prolectus
1520 4182 1606 4224 est
1655 4170 1846 4223 Hiero-

279 4239 502 4311 solyma.
546 4240 698 4295 Hane
731 4243 1056 4297 sententiam
1083 4250 1304 4296 secutus
1350 4249 1434 4295 est
1466 4241 1749 4311 Barouius.
1785 4241 1850 4293 Et

280 4307 423 4364 Pauli
463 4313 629 4366 verba
681 4313 732 4366 id
769 4313 990 4366 omnino
1035 4312 1267 4365 suadere
1296 4313 1574 4366 videntur.
1619 4310 1849 4378 Suhjicit

281 4383 416 4452 enim
457 4382 680 4445 Paulos,
720 4399 777 4437 se
807 4383 1156 4452 Etangelium
1188 4383 1331 4451 quod
1358 4381 1614 4452 gentibus
1659 4382 1847 4450 praedi-

280 4451 430 4522 cabat
475 4455 732 4509 detulisse
772 4456 838 4507 ad
869 4451 1164 4521 apoStolos.
1207 4451 1394 4522 eisque
1446 4453 1846 4522 dijudicandum

280 4521 554 4593 obtulisse.
588 4522 697 4577 lloe
743 4526 885 4578 enim
924 4525 1024 4577 sihi
1061 4524 1246 4576 volunt
1275 4521 1337 4577 ea
1368 4525 1532 4577 verba
1576 4521 1846 4593 ἀνεθέμην

282 4590 454 4657 αὐτοῖς
481 4594 544 4646 τὸ
583 4595 930 4664 Εὑαγγέλιον.
959 4593 1094 4646 Tum
1131 4593 1406 4662 subjungit
1447 4597 1514 4647 de
1557 4593 1705 4647 lalsis
1739 4590 1846 4646 na-

285 4664 466 4728 tribus,
485 4667 574 4734 qui
606 4670 885 4719 veritatem
911 4664 1182 4732 Erangelii
1206 4666 1511 4732 opprimere
1539 4666 1842 4727 tentabant,

285 4735 720 4804 etChristiauos
762 4737 813 4790 in
865 4736 1179 4789 servitutem
1216 4735 1350 4802 legis
1403 4735 1664 4804 redigere.
1715 4737 1852 4800 Quae

284 4803 489 4868 quidem
535 4806 715 4859 omnia
755 4809 1020 4876 pertinent
1051 4806 1167 4858 sine
1195 4807 1363 4876 dubio
1410 4803 1837 4876 adrcontrover-

280 4886 406 4944 siam
440 4877 588 4928 illam
622 4878 687 4930 de
724 4874 1159 4930 circumcisione.
1194 4874 1387 4928 Verum
1419 4875 1547 4942 quid
1594 4890 1729 4944 opus
1757 4887 1841 4930 est

285 4943 537 5009 pluribus,
563 4962 683 5000 cum
718 4961 778 5001 ea
813 4961 900 5000 res
928 4948 1232 5000 certissimo
1271 4955 1594 5015 argumento
1632 4943 1714 4998 ita
1744 4949 1840 5000 de-

284 5018 560 5070 monstrari
583 5015 1074 5084 possit?Profectio
1100 5017 1188 5069 illa
1214 5031 1374 5086 quain
1403 5024 1524 5083 post
1551 5030 1640 5068 xtv
1667 5032 1839 5072 annos

283 5094 336 5133 se
363 5086 657 5141 instituisse
698 5090 772 5141 ait
803 5087 1020 5150 Paulus,
1059 5102 1162 5140 non
1198 5099 1374 5156 potest
1412 5102 1533 5140 esse
1574 5103 1646 5139 ea.
1671 5103 1834 5154 quam

286 5159 503 5210 secundo
549 5161 669 5212 loco
709 5168 959 5214 numerat
1008 5157 1201 5212 Lucas.
1254 5159 1360 5211 Nec
1409 5173 1616 5212 rursus.
1644 5167 1834 5213 eadem

285 5232 359 5275 est
383 5242 500 5298 cum
535 5229 622 5282 illa
662 5244 822 5298 quam
869 5241 1062 5296 quarto
1101 5229 1219 5283 loco
1254 5240 1502 5282 recenset
1553 5230 1692 5281 idem
1729 5230 1835 5281 Lu-

286 5305 387 5348 cas.
415 5296 610 5352 Eadem
639 5296 722 5353 eét
752 5301 910 5369 igitur
939 5317 1061 5354 cum
1097 5299 1188 5354 illa
1216 5314 1377 5368 quam
1412 5300 1626 5352 tertiam
1657 5297 1834 5354 Lucas

287 5375 672 5440 continetnorat.
692 5371 844 5440 Quod
869 5385 974 5423 non
1001 5372 1170 5440 possit
1192 5385 1312 5424 esse
1340 5369 1426 5422 illa
1450 5384 1569 5436 qua:
1594 5373 1832 5425 secundo

287 5428 398 5509 loco
416 5428 783 5493 numeratura
818 5428 1144 5504 Luca,'hinc
1179 5428 1661 5509 apparetzi’aulus
1703 5452 1830 5497 tunc

287 5505 343 5556 ad
375 5507 683 5564 deferendas
725 5511 950 5564 lratruut
981 5505 1349 5580 eleemosyitas
1395 5520 1599 5564 tantum
1633 5511 1830 5567 missus

288 5583 396 5650 est,
427 5594 522 5632 nec
557 5595 678 5650 cum
717 5582 977 5650 apostolis
1017 5581 1314 5636 collocutus
1343 5592 1445 5640 est,
1473 5582 1670 5650 quippe
1705 5597 1826 5636 cum

289 5639 565 5720 licrlesiam
611 5639 923 5707 .ludaiorum
972 5661 1099 5706 tunc
1146 5656 1378 5705 maxime
1413 5639 1828 5720 persequeretur

288 5708 528 5790 heredes,
563 5732 619 5778 et
649 5721 851 5778 Petrus
891 5723 944 5777 in
977 5724 1206 5779 vinculis
1255 5708 1424 5777 esset:
1463 5708 1823 5788 Quaiiiobzeui

1967 3044 2124 3097 rodes
2176 3043 2444 3097 tetrarclta
2510 3042 2776 3106 Galilzeze,
2835 3043 3153 3096 llerodiadis
3204 3045 3389 3096 uxoris
3437 3045 3544 3097 im-

1961 3115 2115 3183 pulsu
2169 3113 2394 3168 limi-am
2439 3115 2764 3177 navigasset,
2811 3125 2871 3166 ιιι
2911 3114 3475 3183 Γρςίεωῗιιὶςιιίιῑιιριιι
3511 3133 3538 3164 a

1959 3182 2090 3238 Caio
2147 3185 2504 3248 impetraret:
2545 3185 2708 3238 Caius
2748 3189 3056 3253 ademptam
3103 3182 3304 3237 llerodi
3352 3193 3542 3237 tetrar-

1959 3256 2161 3318 chiam,
2198 3254 2478 3308 Galila'am
2524 3256 2736 3308 scilicet
2777 3256 3002 3308 donavit
3049 3254 3324 3323 Agrippae.
3354 3269 3542 3320 quem-

1958 3325 2247 3379 admodum
2275 3326 2460 3394 tradit
2502 3323 2770 3393 .losephus
2817 3327 2868 3378 in
2919 3325 3052 3377 libro
3092 3326 3437 3394 supradicto,
3487 3335 3542 3380 et

1955 3395 2111 3449 Philo
2146 3397 2197 3449 in
2253 3393 2535 3464 Legutiuue
2567 3396 2634 3447 ml
2685 3395 2871 3448 Cuium
2918 3399 3017 3450 sub
3071 3393 3252 3448 linem.
3301 3395 3541 3450 Tandem

1957 3483 2086 3520 vero
2118 3475 2242 3536 post
2272 3482 2463 3536 tuccem
2495 3466 2634 3528 Caii,
2664 3465 2918 3520 Claudius
2964 3482 3186 3532 regnum
3231 3467 3484 3532 Agrippa:
3512 3482 3542 3521 a

1955 3537 2086 3590 Caio
2118 3534 2302 3589 datum
2333 3534 2696 3599 conﬁrmavit,
2727 3536 2953 3603 adjectis
2977 3535 3160 3591 Judaea
3197 3551 3258 3590 ac
3289 3538 3540 3591 Samaria

1953 3623 2089 3675 quas
2136 3606 2378 3661 Herodes
2425 3622 2559 3660 avus
2613 3608 2949 3662 obtinuerat.
3000 3608 3178 3675 Atque
3229 3609 3301 3660 ita
3367 3615 3538 3661 totum

1956 3679 2185 3732 Herodis
2212 3678 2389 3744 Magni
2423 3691 2646 3746 regnmn
2675 3678 2740 3730 ad
2781 3680 3074 3748 Agrippam
3125 3680 3396 3746 pervenit.
3434 3678 3538 3745 Qui

1955 3764 2078 3802 mox
2114 3747 2500 3818 Hierosolymis
2533 3763 2632 3801 suo
2674 3747 3300 3818 arbitratupontilicem
3351 3765 3545 3802 creare

1953 3819 2150 3887 coepit,
2199 3820 2401 3890 quippe
2457 3818 2545 3890 qui
2600 3829 2718 3890 tum
2746 3817 2948 3890 Judtea}
3007 3833 3099 3871 rex
3153 3828 3336 3890 esset,
3386 3820 3542 3890 cujus

1954 3899 2124 3958 caput
2154 3898 2270 3944 erat
2302 3888 2431 3942 urbs
2479 3889 2873 3959 Hierosolyma.
2922 3889 3092 3942 Βριγιο
3129 3903 3258 3954 ergo
3293 3888 3541 3955 Scaliger

1954 3960 2006 4012 in
2043 3959 2607 4028 animadversionihus
2657 3961 3010 4028 reprehendit
3041 3959 3357 4024 Eusebituu,
3392 3964 3538 4023 quod

1952 4031 2246 4098 Agrippam
2278 4044 2458 4096 regem
2499 4027 2772 4084 Judaeaea
2811 4030 2943 4084 Caio
2985 4030 3186 4084 laetum
3230 4045 3349 4083 esse
3383 4032 3540 4083 dixe~

1955 4101 2048 4171 rit.
2081 4102 2188 4155 Sed
2224 4098 2427 4171 fallitur
2458 4100 2574 4167 ipse
2612 4115 2831 4171 quoque
2864 4101 3132 4170 Scaliger,
3174 4116 3298 4154 cum
3343 4101 3539 4154 scribit

1956 4169 2243 4240 Agrippam
2288 4170 2515 4223 Romam
2561 4169 2812 4233 venisse,
2857 4181 2915 4226 ut
2959 4169 3228 4225 Herodem
3281 4181 3534 4239 patruum

1952 4241 2480 4312 accusaretaNeque
2511 4243 2654 4294 enim
2696 4244 2933 4312 Agrippa
2984 4245 3217 4312 Romam
3257 4241 3536 4309 profectus

1955 4323 2056 4376 est,
2111 4313 2206 4367 sed
2273 4310 2632 4366 Fortunatam
2695 4310 2964 4367 libertum.
3021 4328 3143 4365 cum
3208 4311 3404 4364 litteris
3462 4315 3532 4366 ad

1955 4383 2141 4438 Caium
2174 4383 2342 4446 misit,
2379 4392 2437 4435 ut
2477 4384 2642 4436 tradit
2685 4381 2977 4450 Josephus.
3009 4382 3179 4437 Porro
3209 4383 3529 4450 jamdudum

1951 4467 2081 4508 ante
2134 4453 2471 4522 Scaliger-um
2527 4453 2856 4508 Scholiastcs
2897 4454 3115 4522 quidam
3177 4453 3228 4507 in
3287 4454 3533 4520 margine

1949 4526 2164 4579 codicis
2189 4522 2450 4576 Mazarini
2501 4525 2644 4594 hunc
2675 4524 2896 4594 Eusebii
2941 4539 3186 4578 errorem
3225 4533 3528 4594 notaverat.

1949 4595 2083 4649 Nam
2112 4595 2292 4664 adjilla
2322 4596 2520 4660 verba,
2537 4593 2636 4663 τῆς
2676 4593 2942 4650 Ἰουδαίων
2971 4594 3148 4665 ἀρχῆς
3174 4594 3234 4648 τὸ
3257 4593 3496 4664 διάδημα
3516 4633 3534 4660 ,

1949 4668 2052 4722 hoc
2094 4667 2338 4720 Scholion
2397 4665 2693 4732 ascriptum
2742 4675 2867 4729 est,
2902 4682 3005 4719 non
3055 4667 3272 4734 quidem
3340 4668 3530 4718 eadem

1948 4755 2132 4798 manu,
2175 4736 2268 4791 sed
2308 4730 2660 4789 nihilominus
2683 4745 2894 4789 vetusta
2929 4754 2942 4789 :
2979 4730 3108 4804 0ὑί
3145 4730 3322 4800 οὗτος,
3365 4734 3534 4788 ἀλλ’ό

1944 4808 2232 4871 Κλαύδιος.
2279 4805 2540 4862 Excusari
2590 4814 2767 4858 tamen
2815 4811 3098 4860 commode
3133 4816 3312 4874 potest
3355 4807 3531 4860 Euse-

1944 4881 2084 4934 bius.
2109 4880 2225 4933 Non
2251 4880 2397 4933 enim
2424 4876 2564 4930 dixit
2587 4874 2876 4946 Agrippam
2901 4876 3101 4932 ,Ιιιάωω
3126 4892 3310 4946 regem
3337 4895 3366 4928 a
3395 4877 3530 4931 Caio

1942 4951 2147 5004 factum
2183 4950 2372 5007 luisse.
2405 4945 2501 5002 sed
2539 4946 2880 5012 Jndteorum,
2925 4963 3116 5003 eorum
3168 4945 3381 5001 scilicet
3435 4950 3530 5016 qui

1941 5021 1994 5074 in
2027 5019 2414 5074 Trachonitide
2439 5026 2494 5070 et
2524 5019 2574 5071 in
2620 5017 2868 5088 Lysanizc
2911 5019 3210 5072 tetrarchia
3235 5021 3526 5086 degebant.

1942 5091 2085 5144 Sane
2110 5091 2263 5144 Philo
2293 5091 2344 5142 in
2381 5088 2620 5143 oralione
2641 5091 2892 5143 adversus
2925 5088 3199 5151 Flaccum,
3226 5088 3527 5158 Agrippam

1940 5163 2104 5222 hunc,
2134 5163 2224 5230 qui
2255 5171 2367 5213 tum
2413 5160 2789 5230 adhucsolius
2816 5161 3342 5230 'l‘rachonitidisrex
3387 5171 3526 5224 erat,

1938 5228 2290 5286 nihilominus
2319 5241 2477 5285 voeat
2501 5245 2690 5302 regem
2722 5229 3057 5302 Iudaeorum.
3095 5228 3348 5302 Loquens
3380 5231 3525 5283 enim

1936 5305 2004 5359 de
2027 5302 2433 5362 Alexandrinis,
2468 5301 2550 5354 sic
2575 5299 2710 5355 Vait:
2744 5300 3052 5371 Ἠσχαλλον
3099 5299 3194 5354 ἐπὶ
3240 5299 3320 5370 τῷ
3363 5316 3526 5369 γεγε-

1935 5374 2131 5446 νῆσθαί
2157 5390 2279 5446 τινα

2315 5371 2542 5442 βασιλέα
2578 5371 2866 5426 Ἰουδαίων.

2005 5447 2082 5517 (Ἰ)
2119 5444 2241 5498 Σὺν
2284 5440 2763 5517 satyri/rurath
2813 5442 3141 5517 Ἡρωδιάδι.
3184 5440 3330 5517 Αᾷιιιιθ
3355 5441 3528 5517 _hnnc

1933 5511 2112 5572 locum
2139 5516 2352 5584 accepit
2379 5511 2936 5584 ChriStophorsonu’s,
2969 5516 3122 5583 quasi
3162 5513 3308 5584 dicat
3353 5511 3521 5584 Euse-

1933 5590 2052 5641 hius
2085 5581 2350 5642 Herodem
2386 5588 2529 5639 hunc
2566 5581 2670 5638 uita
2709 5601 2832 5638 cum
2879 5581 3052 5640 uxore
3083 5600 3180 5639 sua
3216 5581 3525 5638 Herodiade

1937 5658 2250 5712 interfuisse
2303 5656 2538 5724 passioni
2594 5655 2818 5710 Christi.
2855 5657 3017 5724 Atqui
3075 5672 3182 5708 non
3242 5657 3344 5708 hoc
3395 5653 3530 5708 dicit

1937 5730 2227 5793 Eusebius,
2259 5730 2352 5783 sed
2385 5725 2745 5781 Herodiadem
2777 5726 2935 5782 simul
2989 5741 3110 5780 cum
3147 5725 3260 5778 viro
3313 5724 3526 5796 relega-
