4054 6456
239 243 350 300 153

1246 235 1602 294 HISTORIA}
1641 232 2202 292 ECCLESIASTICE
2240 234 2369 292 LIB.
2408 234 2453 290 II

3413 231 3515 286 154

237 361 549 434 ξάνδρειαν
576 357 956 430 συμϐεϐηκότα
994 357 1289 420 Ἰουδαίοις,
1318 357 1412 410 ἐπὶ
1445 355 1539 410 τοῦ
1581 355 1843 427 δηλουμέ-

1950 358 2230 416 virtutibus
2255 353 2560 426 inscripsit,
2609 347 2809 404 Iudaeis
2851 345 3242 403 Alexandriam
3275 345 3523 400 incolen-

234 469 355 518 νου,
377 455 440 506 ὲν
474 451 714 522 δευτέρῳ
747 440 1204 520 συγγράμματιῷ
1230 446 1508 519 ἐπέγραψε
1535 447 1672 514 Περὶ
1703 447 1838 514 ἀρε-

234 546 362 600 τῶν
387 543 538 614 120),
577 545 789 614 ἱστορεῖ.
836 541 1057 612 Συνᾴδει
1094 540 1138 593 δ’
1172 538 1321 610 αὐτῴ
1356 540 1450 594 καὶ
1484 541 1512 592 ὁ
1557 537 1837 610 Ἰώσηπος,

233 636 451 707 ὁμοίως
503 634 613 689 ἀπὸ
652 633 759 686 τῶν
795 631 1029 686 Πιλάτου
1060 631 1266 702 χρόνων
1299 631 1392 685 καὶ
1422 632 1529 684 τῶν
1570 630 1712 685 κατὰ
1745 629 1836 683 τοῦ

235 729 510 799 Σωτῆρος
547 728 697 798 ἡμῶν
736 728 1174 800 τετολμημένων,
1205 728 1303 791 τὰς
1343 725 1485 780 κατὰ
1517 723 1714 785 παντὸς
1745 722 1837 775 τοῦ

237 819 434 882 ἔθνους
463 819 795 889 ἐνάρξασθαι
823 820 1101 891 σημαίνων
1127 820 1430 891 συμφοράς.
1467 819 1662 869 ’Λκουε
1681 815 1725 867 δ’
1747 810 1838 868 οὖν

237 908 328 965 οἷα
346 913 447 966 καὶ
467 906 626 974 οὗτος
649 916 706 966 ἐν
727 912 1074 984 δευτέρῳτοῦ
1093 912 1423 966 Ἰουδαϊκοῦ
1440 907 1712 977 Πολέμου
1738 908 1838 960 αὑ-

236 1006 363 1066 ταῖς
399 1004 699 1066 συλλαϐαῖς
730 1004 880 1074 δηλοῖ
904 1004 1104 1073 λέγων’
1148 1023 1166 1055 1
1194 1002 1469 1073 Πεμφθεὶς
1497 1001 1552 1052 δὲ
1585 1001 1665 1063 εἰς
1706 1001 1838 1052 ’1ου-

236 1097 403 1150 δαίαν
435 1097 740 1167 ἐπίτροπος
770 1096 873 1149 ὑπὸ
894 1097 1142 1167 Τιϐερίου
1166 1095 1413 1158 Πιλάτος,
1441 1094 1655 1163 νύκτωρ
1677 1109 1840 1145 κεκα-

236 1187 539 1258 λυμμένας
569 1191 646 1252 εἰς
691 1189 1032 1260 Ἱεροσόλυμα
1062 1186 1476 1259 παρεισκομίζει
1509 1185 1609 1248 τὰς
1632 1184 1839 1237 Καίσα-

239 1299 338 1353 ρος
370 1282 600 1344 εἰκόνας
621 1299 634 1311 ο
663 1284 890 1352 σημαῖαι
915 1279 1226 1334 καλοῦνται.
1256 1279 1427 1332 Τοῦτο
1459 1278 1575 1349 μεθ’
1601 1276 1834 1348 ἡμέραν,

239 1375 528 1446 μεγίστην
577 1376 821 1446 ταραχὴν
872 1376 1060 1446 ἤγειρε
1110 1377 1219 1436 τοῖς
1278 1371 1570 1435 Ἰουδαίοις.
1617 1372 1678 1424 Οἱ
1730 1370 1838 1441 γὰρ

237 1467 295 1536 ἔγ
308 1469 441 1535 γὺς,
473 1467 614 1537 πρὸς
633 1468 730 1537 τὴν
754 1467 875 1536 (Sva
904 1465 1300 1536 ἐξεπλάγησαν,
1325 1465 1400 1528 ὡς
1435 1462 1838 1533 πεπατημένων

237 1560 433 1623 αὐτοῖς
466 1558 580 1612 τῶν
622 1559 820 1629 νόμων.
867 1559 1028 1611 Οὐδὲν
1059 1558 1168 1628 γὰρ
1212 1556 1452 1623 ἀξιοῦσιν
1495 1558 1550 1608 ἐν
1583 1558 1648 1625 τῇ
1686 1553 1837 1606 πόλει

239 1651 503 1722 δείκηλον
564 1650 872 1704 τίθεσθαι.»
932 1649 1117 1704 Ταῦτα
1167 1650 1223 1702 δὲ
1279 1648 1572 1720 συγκρίνας
1619 1650 1683 1718 τῇ
1728 1647 1837 1700 τῶν

247 1745 621 1814 Εὐαγγελίων
663 1745 869 1814 γραφῇ,
904 1740 1023 1812 εἴσῃ
1049 1741 1123 1804 ὡς
1152 1742 1251 1794 οὐκ
1287 1741 1363 1804 εἰς
1400 1741 1613 1811 μακρὰν
1647 1739 1841 1802 αὐτοὺς

248 1834 525 1905 μετῆλθεν
550 1835 684 1904 (21),
717 1836 782 1905 ἢν
811 1833 1044 1905 ἕρῤηξαν
1074 1835 1158 1885 ἐπ’
1190 1832 1351 1885 αὐτοῦ
1378 1832 1608 1886 Πιλάτου
1634 1830 1837 1901 φωνὴν,

246 1929 313 1981 δι’
339 1923 410 1999 ἦς
439 1929 548 1981 οὐκ
576 1928 730 1981 ἄλλον
755 1927 786 1998 ἢ
819 1927 976 1996 μόνον
1007 1925 1146 1996 ἔχειν
1199 1924 1437 1978 ἐπεϐόων
1467 1924 1720 1994 Καίσαρα
1746 1923 1841 1994 βα-

250 2020 428 2073 σιλέα.
461 2017 602 2074 Εἶτα
637 2021 694 2073 δὲ
739 2020 832 2072 καὶ
867 2018 1032 2089 ἄλλην
1075 2017 1201 2087 ἑξῆς
1248 2018 1276 2069 ὁ
1308 2017 1468 2080 αὐτὸς
1495 2017 1840 2088 συγγραφεὺς

249 2112 464 2182 ίττορεῖ
489 2111 766 2182 μετελθεῖν
789 2109 983 2172 αὐτοὺς
1007 2107 1290 2179 συμφορὰν
1311 2109 1368 2159 ἐν
1387 2107 1595 2171 τούτοις
1613 2124 1625 2136 ·
1657 2105 1840 2160 (Μετὰ

253 2196 313 2252 δὲ
349 2196 538 2249 ταῦτα
574 2197 818 2268 ταραχὴν
853 2197 1044 2266 ἑτέραν
1083 2197 1278 2260 ἐκίνει,
1317 2195 1408 2248 τὸν
1448 2193 1590 2264 ἱερὸν
1635 2191 1842 2262 θησαυ-

257 2286 356 2359 ρδν
393 2286 673 2356 (καλεῖται
711 2288 766 2341 δὲ
804 2287 1087 2360 κορϐονᾶς)
1128 2290 1206 2351 είς
1256 2286 1584 2356 καταγωγὴν
1635 2284 1843 2338 ὑδάτων

255 2379 658 2444 ἐξαναλίσκων.
705 2381 913 2452 Κατῄει
958 2381 1014 2435 δὲ
1071 2382 1180 2434 ἀπὸ
1225 2381 1550 2452 τριακοσίων
1593 2378 1842 2434 σταδίων.

259 2473 405 2542 Πρὸς
452 2474 618 2527 τοῦτο
661 2474 754 2528 τοῦ
804 2474 1041 2544 πλήθους
1084 2475 1452 2543 ἀγανάκτησις
1480 2467 1566 2542 ἦν.
1612 2472 1720 2524 Καὶ
1747 2468 1843 2524 τοῦ

258 2563 501 2618 Πιλάτου
550 2567 815 2638 παρόντος
856 2569 936 2630 είς
983 2565 1359 2636 Ἰεροσόλυμα,
1408 2563 1758 2635 περιστάντες
1785 2558 1847 2614 τὸ

259 2651 416 2724 βῆμα.
442 2655 584 2724 (‘29.).
621 2657 912 2710 κατεϐόων.
952 2658 1010 2711 Ὀ
1037 2657 1113 2720 δὲ,
1152 2656 1373 2728 προῄδει
1408 2655 1516 2726 γὰρ
1545 2653 1720 2707 αὐτῶν
1748 2653 1848 2724 τὴν

257 2748 532 2820 ταραχὴν,
570 2749 646 2819 τῷ
681 2749 873 2820 πλήθει
909 2750 1034 2812 τοὺς
1067 2748 1402 2820 στρατιώτας
1432 2747 1685 2808 ἐνόπλους
1734 2745 1846 2816 (25)

259 2839 490 2910 ἐσθῆσιν
524 2843 818 2906 ἰδιωτικαῖς
846 2841 1292 2913 κεκαλυμμένους
1333 2839 1722 2911 ἐγκαταμίξας,
1755 2839 1851 2892 καὶ

1950 450 2092 504 tibus
2145 445 2442 513 supradicti
2495 441 2610 496 Caii
2644 441 2952 510 principatu
2987 440 3280 508 contigisse
3326 439 3516 493 refert.

1945 538 2043 594 Cui
2077 535 2404 606 astipulatur
2438 534 2600 588 etiam
2646 530 2945 599 Joscpbus,
2973 531 3064 599 qui
3095 545 3368 584 aerumnas
3400 528 3526 582 illas

1946 629 2142 700 quibus
2166 625 2472 682 Judaaorum
2505 639 2638 693 gens
2667 622 2972 678 conflictata
3003 630 3106 682 est.
3142 622 3252 691 jam
3287 623 3410 675 inde
3453 619 3526 676 ab

1947 720 2079 792 ipsis
2111 720 2272 774 Pilati
2325 718 2678 786 temporibus,
2706 725 2755 769 et
2809 731 2837 769 a
2886 714 3091 769 seelcre
3127 715 3218 766 illo
3261 713 3527 766 adversus

1947 814 2296 868 Servatorem
2324 820 2567 865 nostrurr.
2603 808 2842 860 admisso
2875 815 3026 859 ortas
3057 819 3182 858 esse
3229 802 3522 871 δὶςηὶίὶι-ςιι.

1943 907 2264 971 Audiamus,
2295 905 2338 958 si
2372 903 2565 974 placet,
2599 916 2718 970 qua:
2742 899 2830 953 ille
2877 899 2929 951 in
2960 897 3203 951 secundo
3257 894 3392 946 Belli
3418 891 3525 946 Ju-

1945 1000 2088 1052 daici
2120 999 2258 1052 libro
2290 997 2454 1050 refert
2485 997 2569 1049 his
2609 993 2827 1048 verbis:
2865 1011 2880 1043 1
2918 990 3150 1045 Pilatus.
3185 989 3384 1057 inquit,
3429 987 3523 1056 qui

1945 1107 1972 1144 a
2016 1091 2234 1144 Tiberio
2266 1097 2584 1158 procurator
2613 1087 2664 1142 111
2695 1086 2936 1140 ,101111111111
2973 1084 3176 1136 missus
3207 1081 3404 1143 fuerat,
3439 1097 3524 1133 ve-

1946 1185 2082 1238 latas
2103 1183 2334 1238 Cmsaris
2360 1183 2627 1251 imagines
2647 1195 2767 1248 quzc
2793 1180 2944 1250 signa
2972 1178 3330 1246 appellantur,
3360 1187 3530 1228 noctu

1947 1276 2124 1331 intulit
2155 1274 2546 1344 Hierosolyma.
2578 1272 2648 1326 Ea
2677 1288 2762 1327 res
2796 1272 2954 1326 simul
2989 1281 3152 1337 atque
3175 1269 3290 1322 dies
3321 1269 3518 1331 illuxit,

1947 1367 2238 1420 maximum
2273 1365 2563 1418 tumultum
2615 1364 2874 1418 excitavit
2902 1362 3232 1418 Iudaeorum.
3269 1362 3401 1416 Nam
3433 1362 3532 1430 qui

1947 1459 1997 1511 in
2055 1457 2304 1525 proximo
2332 1465 2510 1519 erant,
2548 1471 2686 1509 novo
2728 1455 3042 1523 spectaculo
3072 1455 3288 1508 attoniti
3332 1454 3524 1507 obstu-

1943 1563 2132 1618 puere,
2164 1562 2384 1617 prorsus
2421 1549 2576 1612 quasi
2608 1549 2793 1614 patrne
2820 1545 2963 1614 leges
2991 1546 3328 1600 conculcata:
3355 1545 3527 1600 viola-

1947 1654 2120 1712 tzequc
2172 1650 2376 1696 essent.
2432 1640 2592 1694 Nefas
2647 1641 2847 1710 quippe
2887 1640 2993 1694 illis
3043 1649 3127 1694 est
3170 1639 3527 1694 simulacrum

1875 1728 1913 1781 Β
1946 1736 2110 1788 111111111
2149 1735 2201 1787 111
2235 1733 2365 1786 urbe
2389 1742 2651 1787 statuere.
2687 1751 2705 1783 )
2739 1733 2867 1798 Qua:
2893 1733 3105 1801 quidem
3135 1733 3177 1787 si
3205 1748 3324 1785 eum
3355 1746 3523 1784 evan-

1946 1827 2114 1898 gelica
2141 1826 2365 1880 historia
2395 1825 2646 1880 conferre
2678 1826 2940 1888 volueris,
2973 1825 3242 1895 intelliges
3272 1824 3525 1893 profecto

1947 1918 2398 1973 acclamationem
2459 1917 2628 1981 illam,
2655 1933 2758 1985 qua
2803 1918 2978 1972 Pilato
3023 1919 3201 1972 testati
3238 1926 3382 1980 sunt,
3414 1934 3523 1972 non

1947 2013 2114 2066 alium
2147 2011 2248 2065 sibi
2275 1996 2453 2078 regem
2488 2027 2608 2065 esse
2645 2026 2806 2078 quam
2847 2012 3137 2077 (Imsarein,
3172 2011 3320 2067 brevi
3353 2012 3403 2065 in
3444 2013 3526 2082 ip—

1947 2120 2133 2162 sorum
2169 2104 2393 2158 exitium
2428 2103 2676 2157 vertisse.
2717 2103 2893 2156 Aliam
2925 2105 3117 2157 deinde
3151 2105 3520 2158 calamitatem

1946 2196 2125 2249 divina
2159 2195 2364 2250 ultione
2400 2197 2531 2264 ipsis
2565 2194 2768 2248 illatam
2820 2196 2960 2248 idem
2994 2196 3230 2265 scriptor
3257 2205 3524 2251 memorat

1941 2285 2025 2340 bis
2055 2287 2275 2342 verbis:
2318 2304 2336 2338 1
2373 2286 2506 2341 Post
2553 2287 2687 2351 lucc,
2722 2287 2920 2356 inquit,
2968 2287 3134 2340 alium
3178 2303 3394 2357 quoque
3433 2299 3526 2341 tu-

1943 2377 2173 2432 multum
2202 2377 2341 2454 idem
2366 2377 2573 2431 Pilatus
2623 2379 2902 2444 excitavit,
2925 2394 3046 2432 cum
3075 2371 3356 2448 pecuniam
3378 2380 3518 2434 sacri

1943 2469 2120 2524 aerarii
2161 2469 2303 2538 quod
2349 2469 2646 2524 corbonarn
2686 2471 2864 2539 patria
2909 2469 3089 2538 lingua
3131 2471 3426 2540 appellant,
3465 2471 3520 2527 in

1945 2562 2406 2617 constructionem
2469 2561 2828 2629 aquaeductus
2899 2562 3253 2630 impenderet.
3314 2563 3521 2620 Aberat

1946 2661 2126 2706 autem
2159 2667 2296 2720 aqua
2323 2667 2485 2721 quam
2515 2652 2782 2706 deducere
2811 2652 2862 2705 in
2893 2653 3077 2706 urbem
3129 2652 3332 2710 Pilatus
3366 2656 3519 2713 vole-

1947 2745 2059 2806 bat,
2091 2744 2352 2798 trecentis
2387 2744 2454 2797 ab
2486 2745 2619 2799 urbe
2652 2746 2866 2799 stadiis.
2907 2744 2960 2798 Id
2992 2746 3143 2816 plebs
3164 2762 3307 2816 argre
3335 2749 3520 2803 admo-

1948 2837 2076 2892 dum
2109 2835 2336 2890 fcrebat.
2375 2835 2564 2905 Itaque
2595 2851 2716 2890 cum
2751 2835 2958 2891 Pilatus
2993 2837 3232 2891 venisset
3266 2838 3521 2895 111111080-

326 2997 443 3080 (21))
463 3069 476 3080 .
500 2999 629 3077 ‘Er~
655 2998 910 3080 δευτέρῳ
974 2999 1383 3080 any-mappam
1553 2999 1843 3080 ἐπέῖιοαψε

1960 2996 2164 3052 Christi
2184 2997 2771 3080 .morternrontigisse.
2799 2997 2960 3080 Atqui
2991 2997 3271 3080 .Josephtts
3299 2999 3414 3080 ipse
3442 3010 3522 3080 te-

258 3068 398 3135 Περὶ
443 3066 693 3134 ἀρετῶν.
750 3069 802 3121 111
841 3066 1136 3131 superiori
1168 3066 1343 3133 capite
1395 3066 1841 3134 observavimus,

261 3135 459 3209 1111111111
499 3139 742 3191 Philonis
782 3141 832 3191 in
891 3137 1140 3209 Flocr_um
1173 3140 1543 3194 collocandum
1577 3156 1695 3194 esse
1724 3149 1845 3209 post

259 3205 464 3261 librum
525 3209 600 3260 De
633 3210 888 3275 legatione
929 3210 996 3260 ad
1024 3207 1235 3272 Caium,
1286 3226 1390 3263 non
1422 3219 1601 3264 autem
1636 3205 1845 3279 przepo-

261 3282 612 3339 nendum,ut
670 3281 826 3343 vulgo
863 3280 1000 3332 litin
1035 3281 1195 3332 editis
1248 3289 1302 3332 et
1355 3281 1406 3334 in
1461 3281 1845 3346 manuscriptis

262 3349 691 3416 exctttplaribus.
719 3349 880 3416 idque
905 3349 1116 3402 duobus
1142 3350 1479 3417 argumentis
1509 3351 1846 3404 demonstra-

261 3418 460 3479 vimus,
491 3434 612 3486 quae
652 3420 738 3471 hic
789 3429 1032 3482 repetere
1085 3419 1411 3486 superfluum
1463 3420 1643 3475 fuerit.
1692 3419 1845 3476 Nunc

263 3501 392 3540 vero
420 3489 512 3541 hic
561 3489 776 3541 Eusebii
830 3488 981 3543 locus
1019 3505 1178 3556 quem
1234 3504 1343 3556 prae
1395 3491 1642 3544 manibus
1674 3491 1838 3546 habe-

266 3571 406 3621 mus,
435 3561 763 3613 sententiam
807 3570 1042 3613 nostram
1097 3569 1282 3626 aperte
1339 3559 1642 3613 confirmat.
1685 3560 1845 3614 Post-

267 3641 424 3693 quam
508 3630 650 3681 enim
705 3629 962 3682 Eusebius
1003 3627 1143 3679 mala
1202 3629 1396 3695 quibus
1445 3627 1616 3683 Judaei
1654 3645 1681 3682 a
1713 3630 1846 3685 Caio

267 3699 444 3750 vexati
473 3709 622 3762 sunt,
648 3714 713 3752 ex
741 3698 981 3752 Philonis
1018 3698 1154 3752 libro
1180 3697 1255 3752 De
1284 3697 1540 3768 legatione
1566 3701 1632 3752 ad
1658 3700 1846 3754 Caium

270 3768 584 3840 singillatim
638 3769 1103 3840 commemoravit,
1161 3768 1330 3840 addit,
1384 3769 1590 3840 inultas
1633 3784 1847 3840 quoque

271 3837 402 3892 alias
449 3840 806 3906 gravi-simas
855 3838 1193 3892 calamitates
1224 3836 1428 3892 Judaais
1459 3836 1846 3894 Alexandrinis

270 3920 388 3978 esse.
433 3909 616 3962 illatas
667 3909 905 3975 ejusdem
955 3908 1072 3962 Caii
1125 3908 1454 3977 principatu,
1511 3925 1645 3978 quas
1683 3912 1847 3963 refert

273 3975 422 4032 Philo
459 3980 512 4032 in
543 3980 778 4032 secundo
819 3979 955 4031 libro
985 3979 1063 4031 De
1101 3975 1402 4034 virtutibus.
1439 3975 1543 4032 Hic’
1581 3981 1848 4034 secundus

275 4046 406 4116 liber
434 4065 544 4101 non
582 4058 760 4116 potest
793 4063 911 4102 esse
960 4049 1096 4101 alius
1126 4065 1286 4116 quam
1318 4049 1453 4102 liber
1484 4049 1538 4102 in
1569 4047 1844 4102 Flaccum.

274 4114 385 4172 Non
429 4114 719 4173 enim—dici
752 4129 927 4186 potest
957 4135 1078 4173 eum
1120 4114 1295 4184 ipsum
1346 4133 1466 4174 esse
1515 4120 1713 4173 librum
1757 4119 1845 4186 qui

278 4186 349 4241 De
375 4191 639 4258 legatione
669 4190 738 4240 ad
773 4187 964 4243 Caium
991 4189 1332 4254 inscribitur,
1365 4205 1486 4243 cum
1514 4188 1847 4258 Legatiouem

277 4262 342 4309 ad
372 4257 565 4312 Gaium
613 4259 812 4312 diserte
867 4259 1162 4326 distinguat
1199 4259 1465 4313 Eusebius
1498 4261 1564 4313 ab
1600 4257 1708 4314 hoc
1755 4275 1847 4313 se-

278 4331 448 4398 cundo
482 4328 558 4382 De
595 4329 872 4381 virtutibus
901 4330 1058 4382 libro.
1093 4327 1278 4398 Restat
1307 4343 1436 4398 ergo
1469 4338 1528 4382 ut
1581 4331 1846 4383 secundus

280 4397 365 4451 hic
396 4399 532 4453 liber
561 4400 631 4452 sit
681 4399 766 4452 ille
818 4401 930 4466 ipse
981 4399 1072 4468 qtti
1117 4400 1174 4453 in
1225 4396 1474 4451 Flaccum
1506 4399 1841 4452 inscribitur.

279 4467 423 4522 Adde
451 4469 595 4536 quod
624 4485 728 4521 11011
785 4471 833 4522 111
873 4471 980 4522 alio
1002 4467 1171 4538 quam
1204 4469 1258 4523 in
1303 4469 1392 4521 illo
1416 4470 1668 4522 adversus
1692 4470 1851 4521 Flac-

282 4554 394 4590 cum
458 4540 632 4599 libro,
667 4541 1018 4607 gravissimas
1073 4540 1190 4591 illas
1261 4539 1600 4593 calamitates
1646 4538 1847 4593 .Iudaris

284 4608 660 4662 Alexandrinis
693 4611 867 4663 illatas
895 4609 1079 4662 rettulit
1121 4609 1292 4662 Pltilo.
1333 4610 1410 4662 Ex
1449 4624 1560 4678 quo
1605 4624 1850 4662 necessa-

287 4679 362 4728 rio
395 4681 698 4740 conficitur,
729 4683 1019 4732 scentulum
1055 4680 1202 4732 illum
1255 4681 1329 4732 De
1366 4679 1646 4733 virtutibus
1677 4679 1851 4732 Philo-

289 4748 606 4820 nislibrum,
627 4765 728 4802 non
755 4750 920 4802 aliutu
950 4765 1248 4820 essequam
1279 4751 1472 4803 librum
1498 4751 1550 4802 in
1575 4748 1845 4820 Flaccum.

289 4815 380 4888 Qui
414 4821 630 4885 quidem
667 4821 801 4872 liber
831 4815 1120 4888 inscriptus
1167 4821 1340 4874 fuerat
1374 4836 1400 4873 a
1437 4820 1660 4874 Philone
1709 4819 1849 4887 Περὶ

288 4887 527 4959 ᾀρετῶν,
575 4892 793 4956 perinde
828 4907 891 4943 ac
937 4887 1085 4958 prior
1123 4891 1211 4944 ille
1251 4892 1338 4958 qui
1389 4889 1724 4959 chutionem
1779 4891 1847 4943 ad

289 4957 471 5012 Catum
503 4962 760 5014 continet.
802 4957 992 5014 Docuit
1045 4961 1095 5012 id
1137 4976 1238 5013 nos
1268 4957 1372 5013 hic
1402 4957 1616 5014 Eusebii
1653 4962 1845 5025 locus;

291 5030 369 5081 11111
391 5032 690 5098 iungendus
708 5040 789 5084 est
815 5031 951 5084 alter
983 5046 1046 5084 ex
1080 5032 1255 5098 capite
1287 5031 1351 5084 18
1383 5031 1541 5096 hujus
1571 5031 1728 5096 libri,
1753 5031 1845 5084 ubi

294 5106 512 5170 testatur
537 5101 796 5154 Eusebius
849 5101 1030 5170 plures
1073 5101 1239 5155 libros
1272 5103 1338 5154 de
1387 5101 1682 5154 sceleribus
1727 5101 1844 5155 Caii

293 5180 333 5240 a7
359 5168 581 5223 Philone
639 5168 974 5240 conscriptos
1018 5186 1138 5225 esse
1191 5186 1324 5238 quos
1359 5171 1446 5224 ille
1499 5173 1727 5239 figurate
1773 5171 1846 5226 De

294 5239 556 5293 virtutibus
607 5239 899 5310 inscripsit.
948 5242 1127 5307 Quare
1169 5241 1276 5310 hoc
1317 5241 1436 5293 loco
1467 5242 1648 5293 malint
1700 5242 1845 5310 lege-

295 5320 366 5428 ze,
417 5312 471 5388 ἐν
517 5311 752 5382 δευτέρῳ
777 5305 788 5310 ⁷
811 5305 1197 5382 συγγράμματι
1243 5305 1317 5364 ὧν
1372 5310 1648 5382 ἐπέγραψε
1705 5305 1844 5380 Ιιέρὶ

333 5395 526 5428 carm.

326 5395 526 5445 ερετων.

362 5452 438 5522 (21
451 5464 466 5519 )
488 5451 641 5518 Εἴσῃ
664 5450 745 5516 ὠς
767 5453 876 5505 οὐκ
920 5455 1007 5517 εὶς
1021 5453 1258 5521 μακρὰν
1283 5452 1503 5518 αὐτοὺς
1523 5453 1841 5522 μετῆλθεν.

303 5512 400 5592 11011
431 5512 550 5574 loco
577 5512 857 5592 μὲι-81110011
887 5512 1248 5576 halluciuatur
1275 5512 1556 5587 Eusebius,
1607 5512 1700 5592 qui
1745 5539 1844 5591 pu-

308 5590 427 5664 ιυχῑι
450 5605 513 5643 ea
537 5605 657 5664 quae
681 5590 946 5664 Iosephus
975 5593 1141 5647 refert
1189 5594 1256 5664 de
1289 5590 1842 5664 itnaginibus'l‘iberii

303 5657 510 5718 aPilato
539 5657 918 5732 iiiiportatisin
969 5665 1156 5719 urbem
1207 5657 1655 5736 Hierosolymam,
1725 5671 1846 5734 post

1955 3077 2148 3131 statur,
2183 3068 2234 3122 id
2280 3068 2548 3122 accidisse
2592 3068 2751 3122 initio
2800 3069 3291 3123 administrationis
3339 3070 3516 3125 Pilati.

1947 3138 2213 3213 Sicenim
2238 3139 2454 3213 scribit
2501 3138 2552 3213 in
2593 3138 2728 3213 libro
2753 3153 2786 3189 11
2824 3139 2896 3191 De
2919 3139 3049 3213 bello
3071 3138 3306 3213 .lutlaico
3333 3156 3351 3193 :
3378 3142 3522 3213 Πεμ-

1946 3208 2098 3277 φθεὶς
2120 3207 2174 3261 δὲ
2202 3211 2283 3280 είς
2319 3209 2579 3261 Ἰουδαίαν
2603 3208 2894 3279 ἐπίτροπος
2935 3210 3038 3261 ὑπὸ
3070 3209 3316 3280 Τιϐερίου
3354 3207 3520 3264 Πιλά-

1946 3296 2056 3342 τος,
2090 3289 2195 3331 etc.
2223 3279 2364 3332 Idem
2389 3295 2604 3348 quoque
2633 3280 2874 3345 apertius
2897 3289 3123 3333 testatur
3151 3279 3362 3334 inlibro
3384 3298 3513 3338 xvtit

1947 3350 2355 3418 Antiquitatum.
2387 3348 2583 3403 Missus
2612 3361 2694 3402 est
2729 3359 2909 3418 autem
2953 3350 3006 3402 111
3043 3348 3282 3404 Indicam
3317 3351 3518 3407 Pilatus

1948 3417 2093 3474 anno
2121 3418 2322 3490 Tiberii
2355 3419 2700 3482 duodecimo,
2748 3417 2797 3490 id
2821 3427 2902 3472 est
2931 3419 3162 3473 triennio
3194 3432 3320 3475 ante
3348 3423 3522 3490 bapti-

1947 3503 2124 3562 smum
2149 3488 2369 3562 Christi.
2402 3490 2712 3562 Absurdum
2751 3489 2916 3556 igitur
2939 3499 3026 3562 est
3051 3491 3276 3562 dicere,
3306 3507 3367 3545 ea
3399 3488 3518 3562 qum

1947 3556 2146 3612 Judaeis
2173 3561 2490 3612 acciderunt
2516 3558 2607 3612 diu
2641 3567 2768 3612 ante
2804 3560 3115 3626 passionem
3153 3560 3372 3624 Christi,
3411 3556 3516 3618 non

1946 3629 2015 3681 ob
2042 3629 2204 3682 aliam
2237 3645 2455 3682 causam
2481 3644 2642 3698 quam
2680 3629 2748 3683 ob
2781 3629 2960 3684 scelus
2991 3629 3116 3682 1111111
3160 3632 3210 3684 111
3241 3631 3518 3688 Christum

1949 3699 2265 3770 atlitiissum,
2295 3701 2426 3770 ipsis
2451 3699 2762 3770 contigisse.
2805 3698 2901 3754 Est
2943 3709 2997 3754 et
3028 3700 3174 3752 aliud
3210 3703 3515 3770 quidpiam,

1948 3770 2089 3836 quod
2117 3769 2168 3821 in
2189 3769 2436 3823 :Eusebio
2461 3769 2692 3823 fortasse
2720 3769 2842 3835 quis
2881 3770 3050 3838 possit
3098 3769 3516 3836 reprehendere.

1950 3838 2290 3909 Existimavit
2336 3839 2803 3909 enimEusebius,
2847 3855 3011 3892 unum
3058 3840 3308 3909 identque
3357 3840 3516 3897 Pilati

1950 3907 2161 3961 facinus
2194 3918 2302 3960 tum
2335 3923 2362 3960 a
2395 3908 2787 3978 Pliiloue,7tum
2827 3923 2856 3960 a
2903 3909 3139 3978 Josepho
3187 3907 3520 3964 commento-

1951 3978 2097 4044 raril;
2129 3993 2248 4031 cum
2286 3990 2462 4032 tamen
2497 3979 2540 4032 si
2571 3977 2694 4046 quis
2723 3977 3041 4046 diligentius
3063 3979 3372 4045 intenderit,
3399 3983 3518 4036 dua

1953 4047 2054 4118 illa:
2080 4063 2142 4102 ac
2174 4047 2398 4102 diversa:
2442 4063 2526 4100 res
2557 4061 2678 4100 esse
2722 4049 3026 4102 videantur.
3063 4047 3328 4118 Josepbus
3370 4052 3516 4106 eniut

1952 4117 2190 4188 loquitur
2239 4120 2304 4171 de
2341 4118 2508 4187 signis
2545 4131 2638 4172 seu
2671 4118 2735 4170 de
2781 4119 3106 4185 imaginibus
3151 4117 3516 4188 imperatoris,

1949 4185 2103 4258 Philo
2138 4202 2264 4242 vero
2295 4190 2358 4242 de
2388 4185 2586 4258 clypeis
2619 4189 2841 4251 auratis,
2871 4190 2959 4258 qui
2990 4189 3187 4243 nullam
3223 4185 3512 4258 imaginem

1950 4257 2234 4318 haberent.
2268 4261 2362 4313 sed
2389 4257 2582 4312 1101111111
2619 4259 2880 4312 duntaxat
2911 4257 3117 4314 Tiberii
3165 4257 3395 4315 Caesaris
3427 4262 3518 4318 cui

1951 4328 2360 4400 dedicabantur.
2413 4344 2536 4382 cum
2574 4329 2789 4383 nomine
2825 4329 2981 4400 Pilati
3029 4331 3119 4400 qui
3170 4344 3263 4384 eos
3294 4330 3516 4385 dedica-

1953 4398 2058 4450 bat.
2091 4397 2355 4452 Prauerea
2387 4400 2436 4452 id
2469 4401 2610 4467 quod
2635 4410 2818 4468 narrat
2847 4397 3136 4468 Joscphits,
3159 4401 3517 4457 acciditanuo

1950 4469 2125 4536 primo
2149 4469 2636 4522 administrationis
2669 4467 2846 4532 Pilati,
2882 4467 3010 4524 tunc
3031 4488 3153 4523 cum
3184 4470 3388 4524 Pilatus
3423 4488 3516 4523 111·-

1952 4541 2072 4590 bem
2108 4537 2916 4609 llierosolymitanampritnutn
2952 4543 3227 4609 ingressus
3253 4552 3352 4594 est.
3378 4541 3510 4596 Illud

1954 4623 2133 4661 autem
2169 4612 2312 4677 quod
2356 4607 2525 4664 refert
2560 4607 2732 4673 Philo,
2785 4625 2877 4662 seu
2932 4607 3110 4678 potius
3145 4625 3238 4663 rex
3278 4611 3513 4679 Agrippa

1951 4681 2089 4746 apud
2120 4679 2419 4743 Philonem,
2457 4689 2582 4732 tunc
2608 4679 2840 4750 contigit
2869 4697 2990 4734 cum
3022 4679 3223 4734 Pilatus
3254 4680 3364 4750 jam
3397 4683 3516 4749 plu-

1950 4764 2038 4801 res
2059 4765 2232 4804 annos
2255 4749 2743 4820 administrationis
2779 4766 2886 4804 sua:
2921 4749 3263 4820 complesset,
3311 4760 3367 4803 ut
3411 4752 3510 4806 ibi-
3594 4799 3599 4804 .

1950 4820 2070 4871 dem
2109 4830 2336 4874 testatur
2361 4819 2532 4874 Philo.

2021 4888 2131 4960 (22)
2159 4889 2555 4958 Περιστάντες
2580 4886 2646 4940 τὸ
2685 4887 2876 4956 βῆμα.
2909 4888 2999 4943 Sic
3050 4891 3187 4958 apud
3222 4887 3516 4957 Josepltum

1949 4967 2003 5028 et
2033 4960 2393 5027 Nicephorum
2432 4962 2646 5028 legitur.
2696 4960 2748 5028 In
2779 4963 2976 5014 nostris
3028 4972 3203 5014 tamen
3237 4962 3514 5015 codicibus

1948 5027 2086 5082 Maz.
2112 5031 2336 5104 scilicet
2371 5027 2774 5104 Med._e_t_Fuk.
2817 5032 3074 5104 scriptum
3104 5041 3187 5084 est
3220 5032 3506 5104 περιστάν-

1946 5115 2038 5162 τες
2067 5100 2287 5168 τόλμαν,
2327 5101 2468 5154 baud
2500 5098 2662 5151 dubio
2698 5114 2793 5168 pro
2817 5099 2878 5152 τὸ
2905 5100 3073 5171 βῆμα.

1999 5173 2111 5242 (23)
2170 5171 2330 5242 Vulg.
2383 5173 2686 5239 ἐνόπλους
2742 5174 3010 5238 ἵστησιν.
3059 5171 3339 5228 Postrema
3402 5188 3505 5226 vox

1929 5241 2080 5298 deest
2111 5244 2163 5296 in
2209 5241 2396 5298 codice
2441 5243 2609 5312 Regio
2640 5253 2694 5298 et
2737 5245 2877 5312 apud
2911 5242 3241 5312 Josepbum;
3285 5259 3349 5296 ac
3386 5259 3507 5297 meo

1929 5315 2147 5384 quidem
2179 5313 2386 5382 judicio
2416 5315 2772 5382 expungenda
2806 5323 3177 5384 estitanquam
3211 5313 3506 5384 superﬂua.

1928 5382 2051 5437 Mox
2088 5384 2139 5436 in
2170 5381 2342 5439 tribus
2372 5381 2576 5438 nostris
2599 5384 2876 5438 codicibus
2901 5381 3058 5445 Mazf,
3091 5383 3229 5438 Med.
3259 5381 3320 5437 ac
3347 5381 3506 5446 Fuk.,

1929 5454 2198 5526 scriptum
2238 5455 2428 5526 inveni
2452 5455 2754 5526 ,ἐσθήσεσιν
2785 5455 3098 5518 ἰδιωτικαῖς,
3124 5465 3286 5526 atque
3323 5455 3392 5505 ita
3427 5453 3505 5506 le-

1969 5523 2076 5645 1311
2107 5525 2248 5592 apud
2281 5523 2671 5596 Josephum'ac
2700 5523 3088 5596 Nicephorum,
3118 5525 3376 5579 mendose
3407 5536 3508 5594 pro

1969 5610 1994 5645 Ἰ
2029 5610 2170 5645 ησιν.

1963 5610 2170 5664 σθησιν.
