4054 6456
508 289 610 346 159

1223 271 1493 331 EUSEBll
1528 264 2014 328 cesamensrs
2048 262 2199 321 ore.
2239 229 2435 315 part5
2470 233 2510 304 Ι.
2554 282 2615 298 ..-
2659 251 3050 311 HISTONCA.

3656 246 3748 302 160

510 431 732 495 repente
765 419 912 474 illum
957 416 1025 471 ab
1069 413 1264 484 angelo
1295 414 1386 468 Dei
1417 425 1732 482 percussum
1757 421 1878 463 esse
1913 419 2080 460 sacra:

2211 419 2254 465 ›ς
2279 399 2372 452 ἐπὶ
2405 399 2556 469 φωνῇ
2603 396 2724 454 θεοῦ
2748 396 2840 450 καὶ
2876 395 2977 448 οὐκ
3011 391 3319 464 ἀνθρώπου,
3345 391 3679 464 παραχρῆμα
3701 393 3754 447 τὸ

512 519 706 573 littera:
736 517 1030 571 testantur,
1063 516 1118 561 et
1152 505 1494 560 a'vermibus
1525 510 1902 568 consumptum
1947 501 2080 552 intc-

515 612 690 666 riisse.
722 606 987 662 Caeterum
1039 599 1227 654 mirari
1295 597 1436 653 subit
1487 595 1706 664 Josephi
1757 592 2036 648 historiam
2067 632 2080 652 ,

512 704 710 772 quippe
726 714 845 767 qua:
866 698 920 750 in
954 694 1112 761 hujus
1137 691 1384 746 miraculi
1413 697 1726 744 narratione
1749 702 1872 742 cum
1901 685 2084 738 divina

515 794 796 859 Scriptura
830 789 985 858 plane
1020 785 1347 840 consentiat.
1389 781 1447 836 In
1494 797 1557 836 ea
1607 779 1751 834 enim
1796 778 2084 832 veritatem

515 881 825 938 testimonio
867 895 964 934 suo
1005 894 1067 931 ac
1111 875 1367 945 suffragio
1411 873 1700 942 perspicue
1744 871 2080 938 comprobat,

515 993 637 1032 cum
671 989 783 1028 rem
808 982 1011 1040 gestam
1047 971 1099 1023 iu
1155 983 1298 1022 nono
1339 967 1548 1020 decimo
1601 961 1982 1030 Antiquitatum
2027 961 2088 1015 li-

515 1071 616 1126 bro
648 1068 865 1135 exponit
898 1066 982 1118 his
1031 1063 1249 1117 verbis:
1286 1080 1304 1113 ι
1332 1059 1568 1126 Tertius,
1612 1059 1816 1127 inquit,
1843 1056 1956 1124 jam
1991 1071 2090 1109 an-

517 1176 623 1214 nus
658 1160 962 1218 emuxerat,
989 1171 1053 1210 ex
1083 1169 1190 1224 quo
1215 1154 1383 1207 totius
1417 1150 1614 1205 ludam:
1645 1165 1810 1220 regno
1849 1149 2089 1218 potieba.

523 1265 632 1315 tur,
655 1269 773 1306 cum
807 1254 993 1304 urbem
1021 1251 1325 1305 Caesaream
1353 1247 1635 1313 ingressus
1658 1254 1762 1308 est,
1783 1259 1902 1314 quae
1933 1253 2090 1298 antea

519 1345 792 1402 Stratonis
824 1345 990 1396 turris
1025 1343 1343 1396 vocabatur.
1386 1339 1458 1392 lbi
1493 1339 1544 1392 in
1577 1338 1838 1391 honorem
1862 1336 2094 1390 Czrsaris

519 1424 1125 1508 spectacula'exhibuit,
1149 1449 1247 1502 pro
1281 1433 1424 1485 illius
1456 1431 1631 1484 salute
1662 1430 1760 1482 hos
1790 1427 1955 1483 festos
1980 1429 2094 1482 dies

522 1528 798 1582 institutos
825 1525 998 1583 fuisse
1041 1521 1374 1590 intelligens.
1423 1517 1500 1572 Ad
1548 1533 1708 1586 quam
1747 1514 2093 1569 festivitatem

525 1620 780 1687 frequens
821 1629 1078 1668 numerus
1103 1626 1293 1677 eorum
1331 1609 1422 1679 qui
1451 1609 1660 1661 honore
1703 1606 1845 1658 inter
1871 1617 1998 1658 suos
2033 1615 2096 1654 ac

525 1709 790 1778 dignitate
819 1703 1114 1775 pollebant,
1141 1702 1252 1774 48
1275 1717 1341 1755 ex
1373 1708 1483 1754 tota
1513 1697 1790 1768 provincia
1825 1693 2097 1750 conﬂuxe.

525 1808 630 1852 rat.
658 1796 822 1867 Igitur
853 1795 1092 1850 secundo
1133 1791 1566 1860 spectaculorum
1599 1789 1706 1850 die,
1736 1796 1889 1841 veste
1942 1785 2096 1839 indu-

525 1901 613 1946 tus
646 1899 844 1944 tota‘ex
876 1897 1101 1957 argento
1137 1884 1444 1940 admirabili
1473 1898 1636 1952 opere
1673 1888 1947 1942 contexta,
1979 1891 2099 1948 pro-

527 1982 696 2037 cessit
723 1982 774 2034 in
811 1981 1077 2034 theatrum
1105 1979 1281 2046 primo
1307 1975 1565 2030 diluculo.
1592 1972 1695 2028 libi
1723 1971 1851 2026 solis
1871 1968 2100 2024 orientis

526 2077 696 2130 radiis
719 2073 982 2126 illustrata
1010 2073 1175 2127 vestis
1201 2071 1400 2125 mirum
1428 2071 1481 2122 in
1504 2068 1720 2121 modum
1743 2064 2098 2135 resplenduit,

525 2177 582 2219 et
615 2166 976 2233 spectantium
1009 2163 1186 2216 oculis
1231 2161 1647 2215 admirationem
1681 2157 1841 2212 simul
1891 2171 1956 2210 ac
2001 2163 2104 2208 ter-

527 2270 708 2312 rerem
754 2256 1001 2310 incussit.
1030 2253 1148 2309 Mox
1180 2254 1491 2308 adulatores
1536 2251 1856 2322 perniciosis
1882 2247 2104 2302 vocibus

527 2347 666 2401 alius
699 2347 858 2400 aliter
902 2347 949 2400 ei
994 2346 1301 2400 acclamare
1341 2344 1503 2399 deum
1549 2341 1904 2411 appellantes,
1945 2350 2001 2394 et
2047 2346 2106 2393 ut

527 2439 632 2496 sibi
668 2440 932 2508 propitius
959 2448 1103 2493 esset
1129 2446 1402 2506 rogantes.
1446 2435 1743 2498 Hactenus,
1776 2433 2016 2495 aiebant,
2053 2440 2104 2486 te

526 2531 673 2586 velut
702 2532 976 2586 hominem
1011 2529 1256 2590 reveriti,
1287 2543 1429 2582 nunc
1455 2529 1666 2581 demum
1696 2525 1932 2578 humana
1960 2531 2106 2576 sorte

528 2623 791 2691 majorem
847 2623 1101 2676 fatemur.
1139 2622 1205 2673 At
1248 2637 1342 2674 rex
1387 2635 1564 2688 neque
1619 2618 1742 2671 illos
1776 2615 2103 2684 objurgavit.

529 2729 703 2782 neque
745 2713 969 2778 impiam
1004 2727 1191 2766 eorum
1241 2710 1608 2764 adulationem
1659 2708 1986 2777 repudiavit.
2041 2706 2108 2760 Et

530 2805 692 2876 paulo
738 2814 860 2874 post
907 2804 1081 2859 oculis
1127 2804 1179 2857 iu
1229 2802 1396 2855 altum
1430 2799 1657 2854 sublatis
1705 2807 2104 2866 superstantem

529 2897 695 2964 capiti
723 2911 820 2950 suo
847 2894 1096 2964 angelum
1138 2895 1292 2956 vidit,
1315 2907 1551 2961 euntque
1575 2890 1726 2944 exitii
1751 2891 1832 2944 sui
1861 2888 2105 2942 numium

531 2989 778 3058 protinus
809 3003 930 3042 esse
962 2987 1249 3049 intellexit,
1280 2986 1371 3055 qui
1401 2995 1558 3038 antea
1584 2983 1861 3038 felicitatis
1885 2982 2110 3034 nuntius

533 3079 730 3135 fuerat.
769 3080 906 3133 llinc
943 3079 1202 3132 mmstitia
1258 3078 1439 3130 animo
1473 3076 1594 3145 ejus
1628 3074 1846 3143 penitus
1889 3072 2104 3127 insedit.

2187 491 2364 559 λόγιον
2396 487 2631 552 πατάξαι
2663 485 2824 540 αὑτὸν
2867 483 3095 552 ἄγγελον
3123 481 3327 553 Κυρίου
3355 482 3576 552 ἱστορεῖ,
3612 486 3755 549 γενέ-

2195 582 2351 654 μενόν
2377 598 2436 634 τε
2470 578 2928 650 σκωληκόϐρωτον
2957 575 3205 644 exesam.
3237 573 3528 644 Θαυμάσαι
3561 575 3758 639 δ’ἀξιον

2191 673 2290 743 τῆς
2315 672 2440 743 περὶ
2470 672 2569 742 τὴν
2597 669 2746 723 θείαν
2773 667 2992 738 Γραφὴν
3014 666 3108 719 καὶ
3135 667 3193 717 ἐν
3226 665 3360 735 τῷδε
3390 664 3457 734 τῷ
3485 665 3759 738 παραδόξῳ

2197 762 2510 835 συμφωνίας
2532 762 2630 832 τὴν
2658 759 2750 813 τοῦ
2778 760 3042 829 Ἰωσηπου
3087 756 3343 828 ἱστορίαν.
3376 755 3516 808 Καθ’
3548 758 3612 825 ἣν
3651 757 3761 808 ἐπι-

2198 854 2488 928 μαρτυρῶν
2513 857 2577 924 τῇ
2613 850 2841 923 ἀληθεία
2867 849 3026 919 δῆλός
3071 851 3217 902 ἐστιν
3257 849 3313 899 ἐν
3338 847 3490 918 τόμῳ
3515 847 3612 917 τῆς
3646 849 3763 914 Ἀρ-

2196 946 2543 1015 χαιολογίας
2565 940 3047 1010 ἐννεακαιδεκάτῳ,
3078 939 3207 992 ἔνθα
3235 939 3418 1003 αὐτοῖς
3449 939 3764 1010 γράμμασιν

2195 1031 2297 1090 ὧδέ
2325 1053 2441 1099 πως
2465 1036 2525 1088 τὸ
2565 1034 2748 1104 θαῦμα
2780 1033 3046 1102 διηγεῖται
3072 1050 3087 1063 ο
3124 1048 3143 1082 ι
3181 1029 3374 1100 Τρίτον
3399 1030 3445 1082 δ’
3481 1029 3598 1093 ἔτος
3626 1029 3766 1100 αὑτῷ

2200 1128 2534 1200 βασιλεύοντι
2555 1128 2655 1197 τῆς
2683 1128 2810 1197 ὅλης
2845 1123 3104 1187 Ἰουδαίας
3131 1121 3478 1194 πεπλήρωτο,
3529 1123 3624 1174 καὶ
3673 1139 3767 1174 πα-

2201 1224 2299 1294 ρῆν
2328 1224 2406 1286 είς
2439 1222 2591 1275 πόλιν
2621 1221 2978 1290 Καισάρειαν,
3005 1219 3038 1290 ἦ
3081 1219 3141 1272 τὸ
3171 1218 3431 1290 πρότερον
3465 1217 3768 1286 Στράτωνος

2202 1315 2409 1386 πύργος
2434 1315 2713 1368 ἐκαλεῖτο·
2755 1313 3022 1366 συνετέλει
3060 1312 3103 1364 δ’
3143 1309 3375 1364 ἐνταῦθα
3424 1308 3658 1379 Θεωρίας
3696 1309 3769 1372 είς

2201 1405 2299 1476 τὴν
2354 1405 2633 1476 Καίσαρος
2681 1404 2869 1474 τιμὴν,
2907 1403 3049 1474 ὑπὲρ
3081 1402 3182 1471 τῆς
3239 1400 3445 1453 ἐκείνου
3508 1400 3771 1468 σωτηρίας

2205 1496 2401 1567 ἑορτήν
2426 1512 2547 1548 τινα
2570 1495 2774 1566 ταύτην
2811 1494 3171 1564 ἐπιστάμενος
3197 1492 3330 1560 (51).
3388 1490 3500 1543 Καὶ
3531 1492 3656 1561 παρ’
3686 1490 3773 1542 αὖ·

2201 1587 2300 1656 τὴν
2327 1587 2578 1658 ἤθροιστο
2609 1585 2714 1639 τῶν
2755 1583 2896 1638 κατὰ
2929 1585 3027 1654 τὴν
3077 1583 3346 1654 ἐπαρχίαν
3382 1582 3493 1653 (32)
3546 1582 3603 1634 ἐν
3636 1580 3772 1632 τέλει

2205 1678 2299 1730 καὶ
2328 1675 2750 1748 προϐεϐηκότων
2780 1677 2859 1738 είς
2879 1675 3033 1739 ἀξίαν
3068 1674 3288 1744 πλῆθος.
3323 1673 3567 1744 Δευτέρα
3588 1671 3642 1724 δὲ
3670 1673 3771 1727 τῶν

2129 1793 2174 1852 Β
2207 1767 2448 1838 θεωριῶν
2503 1767 2706 1839 ἡμέρᾳ,
2765 1766 2957 1836 στολὴν
3011 1766 3368 1836 ἐνδυσάμενος
3430 1765 3492 1828 ἐξ
3539 1766 3772 1836 ἀργύρου

2206 1860 2580 1932 πεποιημένην
2622 1862 2824 1924 πᾶσαν,
2855 1859 2930 1922 ὼς
2985 1858 3286 1929 θαυμάσιον
3309 1857 3449 1928 ὑφὴν
3470 1853 3634 1924 εἶναι,
3686 1876 3775 1912 πα-

2206 1953 2396 2026 ρῆλθεν
2433 1956 2512 2017 είς
2543 1953 2604 2006 τὸ
2630 1953 2856 2024 θέατρον
2885 1951 3192 2023 ἀρχομένης
3220 1951 3453 2022 ἡμέρας.
3484 1952 3774 2015 Ἔνθαταῖς

2202 2044 2450 2117 πρώταις
2480 2044 2587 2097 τῶν
2611 2043 2853 2114 ἡλιακῶν
2881 2041 3116 2094 ἀκτίνων
3159 2041 3437 2104 ἐπιϐολαῖς
3488 2042 3518 2093 ὁ
3548 2042 3775 2111 ἄργυρος

2204 2135 2624 2204 καταυγασθεὶς,
2652 2134 2967 2204 θαυμασίως
3010 2132 3324 2196 ἀπέστιλϐε,
3363 2135 3694 2204 μαρμαίρων
3729 2150 3775 2185 τι

2205 2228 2431 2299 φοϐερὸν
2479 2227 2571 2282 καὶ
2631 2229 2742 2289 τοῖς
2789 2227 2868 2289 είς
2919 2225 3084 2278 αὑτὸν
3133 2224 3436 2290 ἀτενίζουσι
3483 2225 3769 2298 φρικῶδες.

2206 2319 2382 2382 Εὐθὺς
2419 2317 2475 2370 δὲ
2512 2319 2563 2370 οἱ
2607 2317 2836 2380 κόλακες
2866 2317 2963 2380 τὰς
2987 2317 3094 2370 οὐδ’
3147 2316 3339 2388 ἐκείνῳ
3387 2317 3528 2389 πρὸς
3579 2316 3777 2386 ἀγαθοῦ

2207 2407 2363 2470 ἄλλος
2395 2406 2615 2460 ἄλλοθεν
2659 2408 2840 2476 φωνὰς
2881 2407 3146 2469 ἀνεϐόων,
3186 2406 3307 2460 θεὸν
3349 2408 3779 2480 προσαγορεύον-

2206 2517 2316 2563 τες,
2352 2500 2600 2570 Εὑμενής
2624 2517 2682 2552 τε
2715 2499 2853 2568 είης,
2889 2498 3231 2566 ἐπιλέγοντες
3255 2515 3269 2528 ·
3315 2500 3362 2551 εί
3385 2502 3477 2553 καὶ
3500 2500 3660 2572 μέχρι
3692 2500 3780 2554 νῦν

2207 2590 2281 2654 ὡς
2304 2590 2589 2661 ἄνθρωπον
2615 2590 2980 2661 ἐφοϐήθημεν,
3003 2590 3137 2663 ἀλλᾲ
3165 2607 3226 2658 γε
3261 2591 3578 2644 τούντεῦθεν
3605 2593 3752 2663 κρείτ

2207 2683 2336 2736 τονά
2358 2700 2415 2734 σε
2446 2683 2647 2753 θνητῆς
2672 2683 2770 2754 τῆς
2808 2682 3025 2752 φύσεως
3085 2683 3474 2754 ὁμολογοῦμεν.
3528 2686 3641 2738 Οὐκ
3685 2688 3781 2738 ἐπ-

2214 2772 2416 2843 έπληξε
2452 2773 2658 2835 τούτοις
2680 2775 2708 2825 ὁ
2752 2772 3021 2842 βασιλεὺς,
3051 2773 3168 2826 οὑδέ
3197 2773 3294 2845 τὴν
3325 2773 3612 2828 κολακείαν
3659 2775 3783 2829 ἀσε-

2210 2863 2410 2916 ϐοῦσαν
2440 2862 2797 2934 ἀπετρίψατο.
2847 2863 3155 2934 ’Λνακύψας
3183 2863 3238 2916 δὲ
3289 2864 3641 2934 μετ’-ὀλίγον,
3690 2865 3782 2934 τῆς

2210 2956 2399 3010 ἑαυτοῦ
2433 2957 2674 3026 κεφαλῆς
2700 2956 3208 3028 ὑπερκαθεζὸμενον
3237 2954 3374 3010 εἶδεν
3404 2958 3634 3028 ἄγγελον
3657 2959 3780 3029 (55).

2211 3045 2414 3099 Τοῦτον
2444 3047 2606 3111 εὐθὺς
2659 3047 2848 3118 ἐνόησε
2893 3047 3080 3101 κακῶν
3123 3045 3259 3102 εἶναι
3315 3048 3510 3113 αἴτιον,
3563 3051 3652 3104 τὸν
3696 3051 3783 3104 καί

530 3169 901 3225 Accesserunt
933 3168 1126 3222 deinde
1151 3167 1360 3220 ventris
1390 3165 1608 3220 dolores
1642 3166 1823 3218 statim
1851 3179 1881 3217 a
1917 3163 2107 3234 princi-

2213 3156 2340 3192 ποτε
2366 3138 2474 3191 τῶν
2518 3139 2736 3207 ἀγαθῶν
2784 3140 3097 3210 γενόμενον,
3143 3143 3237 3195 καὶ
3281 3141 3592 3214 διακάρδιον
3635 3143 3786 3212 ἔσχεν

534 3260 623 3330 pio
671 3259 1159 3314 vehementissimi.
1207 3257 1499 3312 Conversis
1548 3257 1731 3326 itaque
1780 3256 1846 3311 ad
1901 3257 2108 3310 amicos

535 3351 708 3406 oculis
739 3370 750 3403 :
785 3351 944 3415 Ecce,
993 3351 1184 3418 inquit,
1235 3351 1370 3404 deus
1409 3364 1510 3419 ego
1556 3358 1737 3404 vester
1767 3363 1930 3418 cogor
1965 3363 2108 3402 tuine

532 3455 567 3494 e
592 3441 700 3494 vita
724 3440 1026 3503 discedere,
1053 3440 1150 3492 fati
1182 3440 1512 3494 necessitate
1545 3453 1708 3493 voces
1733 3438 1852 3492 illas
1879 3454 2015 3508 quas
2041 3439 2108 3493 de

536 3545 624 3585 me
653 3529 1143 3598 modojactabatis,
1178 3515 1435 3584 falsitatis
1472 3539 1526 3584 et
1559 3529 1830 3584 mendacii
1861 3531 2108 3598 protinus

537 3633 897 3691 coarguente;
929 3631 986 3676 et
1021 3622 1112 3690 qui
1145 3622 1466 3676 immortalis
1506 3621 1817 3692 appellabar
1855 3637 1884 3675 a
1928 3620 2104 3687 vobis,

537 3712 642 3784 iam
678 3711 857 3782 rapior
885 3712 952 3766 ad
990 3725 1242 3766 mortem.
1284 3712 1391 3768 Sed
1423 3714 1644 3768 ferenda
1669 3722 1753 3768 est
1787 3712 1881 3767 fati
1923 3711 2110 3767 condi-

611 3889 721 3958 (5|)
766 3889 1007 3960 Ἑωρτήν
1039 3907 1170 3944 τινα
1197 3891 1420 3958 ταύτην
1447 3887 1868 3958 ἐπιστάμενος.
1899 3888 2109 3960 Turne-

538 3959 641 4031 hus
669 3961 719 4014 in
751 3958 1051 4015 sudeodiee
1082 3962 1146 4015 ad
1175 3963 1314 4016 latus
1341 3963 1657 4015 euteudarat
1691 3958 2112 4031 ἐνστησάμενος.

538 4029 712 4097 Quam
747 4033 1174 4085 emendationem
1221 4033 1380 4096 etiam
1435 4031 1486 4084 in
1541 4032 1678 4083 libro
1713 4029 1890 4083 Morini
1936 4029 2112 4084 ascri-

542 4101 933 4171 ptam__inveni.
967 4103 1071 4156 Sed
1124 4105 1237 4157 haec
1266 4102 1576 4168 conjectura
1614 4101 1759 4154 nullo
1809 4101 1969 4154 modo
2001 4100 2113 4171 pla-

543 4168 649 4226 cet.
686 4168 871 4240 Neque
905 4173 1328 4242 enirnﬂAgrippa
1374 4173 1527 4224 ludos
1565 4171 1695 4242 illos
1725 4171 1930 4242 primus
1957 4169 2110 4242 insti-

542 4251 725 4295 tuerat
763 4238 898 4295 {sed
941 4241 1008 4295 ab
1045 4238 1397 4307 ilerode’ejus
1438 4256 1538 4294 avo
1559 4238 1671 4308 jam
1719 4238 1918 4293 dudum
1955 4241 2112 4292 insti-

547 4313 644 4365 tuti
683 4311 915 4364 fuerant.
949 4310 1044 4364 llic
1078 4311 1242 4376 igitur
1268 4326 1460 4380 sensus
1485 4321 1566 4363 est
1611 4310 1770 4380 hujus
1818 4309 1918 4380 loci
1951 4325 2112 4379 quem

544 4398 610 4436 ex
643 4380 875 4448 Iosepho
926 4382 1058 4433 citat
1105 4381 1366 4434 Eusebius
1397 4395 1409 4430 :
1437 4379 1656 4434 Sciebat
1685 4379 1931 4448 Agrippa
1974 4381 2116 4432 hanc

2208 3231 2422 3303 ὀδύνην.
2457 3231 2676 3302 Ἀθρόον
2699 3233 2743 3285 δ’
2777 3231 2926 3302 αὑτῷ
2966 3232 3067 3302 τῆς
3100 3233 3307 3297 κοιλίας
3335 3233 3675 3306 προσέφυσεν
3701 3234 3788 3288 ἄλο

2208 3341 2382 3394 γημα,
2434 3324 2571 3395 μετὰ
2627 3326 2990 3398 σφοδρότητος
3054 3325 3380 3398 ἀρξάμενον.
3442 3326 3790 3400 Ἀναθεωρῶν

2208 3410 2300 3467 οὖν
2326 3414 2461 3485 πρὸς
2499 3415 2624 3478 τοὺς
2654 3416 2859 3484 φίλους,
2909 3417 2966 3470 Ὀ
3003 3415 3122 3479 θεὸς
3162 3417 3290 3484 ὑμῖν
3320 3415 3450 3485 ἐγὼ,
3472 3419 3659 3488 φησὶν,
3694 3417 3788 3488 ἤδη

2209 3506 2608 3578 καταστρέφειν
2643 3508 3001 3580 ἐπιτάττομαι
3042 3509 3132 3563 τὸν
3169 3509 3302 3579 βίον,
3334 3512 3677 3582 παραχρῆμα
3696 3511 3790 3580 τῆς

2215 3599 2555 3672 εἱμαρμένης
2601 3600 2700 3664 τὰς
2759 3602 2884 3673 ἄρτι
2938 3620 3039 3672 μου
3101 3601 3549 3672 κατεψευσμένας
3616 3601 3791 3672 φωνὰς

2216 3692 2562 3765 ἐλεγχούσης.
2613 3695 2669 3747 Ὁ
2715 3694 2934 3766 κληθεὶς
2983 3697 3248 3762 ἀθάνατος
3301 3697 3391 3767 ὑφ’
3449 3695 3631 3768 ὑμῶν,
3689 3694 3786 3767 ἤδη

2223 3888 2558 3959 diphthongo
2588 3893 2744 3946 docet
2783 3890 3082 3963 derivativa
3133 3908 3233 3963 vox
3268 3891 3646 3963 ἐπαρχεὼτης,
3676 3907 3788 3960 (μιλλε

2220 3975 2324 4030 non
2352 3963 2520 4014 semel
2542 3963 2778 4015 occurrit
2808 3963 2857 4014 iu
2892 3965 2976 4016 bis
3004 3962 3172 4015 libris.
3200 3962 3384 4030 Neque
3411 3963 3554 4014 enim
3578 3962 3789 4017 aliunde

2217 4027 2444 4102 formari
2479 4040 2653 4098 potest
2679 4031 3035 4102 ἐπαρχεώτης
3059 4049 3216 4102 quam
3245 4027 3311 4102 ab
3341 4033 3650 4102 ἐπάρχειος.

2287 4050 2444 4082 rlmtl't
2479 4050 2653 4098 potes:
2679 4050 2784 4083 επα
2827 4050 3035 4102 χεωτης
3059 4050 3216 4093 quant
3245 4050 3310 4085 an
3341 4050 3650 4102 επαρχειος.

2287 4101 2396 4170 (⁸55)
2435 4050 3006 4170 ’Υπερκιιθεζίίμενον
3049 4100 3210 4156 εἶδεν
3246 4101 3535 4172 cinaedm-7.7
3570 4102 3788 4170 Josepbi

2218 4173 2381 4240 verba
2421 4172 2766 4240 interpolavit
2805 4173 3072 4226 Eusebius
3105 4173 3244 4226 malo
3280 4171 3448 4228 more.
3496 4171 3629 4224 Nam
3667 4189 3784 4226 cum

2215 4236 2484 4308 Iosephus
2533 4236 2796 4295 bubonem
2857 4243 3085 4296 dixisset
3130 4257 3292 4311 supra
3345 4252 3508 4307 caput
3537 4244 3785 4311 Agripp:e

2216 4311 2480 4373 astitisse,
2528 4311 2790 4380 Eusebius
2825 4327 2854 4366 e
2881 4311 3097 4380 Josephi
3139 4321 3286 4366 textu
3335 4313 3560 4364 bubonis
3593 4328 3783 4364 nomen

2217 4382 2497 4451 expunxit.
2552 4379 2770 4449 Josephi
2829 4379 3204 4436 verba’sunt:
3253 4383 3354 4451 ’[ὸν
3409 4381 3653 4451 βουϐῶνα
3692 4382 3786 4451 τῆς

549 4445 892 4531 festivitatem
925 4452 1222 4531 institutam
1251 4448 1418 4531 fuisse
1450 4466 1546 4519 pro
1579 4451 1750 4531 salute
1778 4445 2011 4531 Caesaris
2048 4449 2107 4501 ab

2221 4445 2414 4531 ἑαυτοῦ
2443 4445 2693 4531 κεφαλῆς
2713 4451 3232 4531 ὑπερκαθεςομενον.
3246 4448 3384 4505 εἶδεν
3409 4445 3514 4504 ’ἐπὶ
3533 4445 3785 4531 *σχοινίου

547 4536 648 4575 avo
673 4537 771 4574 suo
831 4521 1060 4585 Herode,
1099 4523 1188 4589 qui
1241 4523 1448 4588 primus
1505 4520 1904 4590 quinquennale
1944 4520 2119 4574 Ctesa-

549 4606 765 4646 reorqu
795 4599 1066 4646 certamen
1103 4593 1243 4660 apud
1275 4590 1576 4646 Caesaream
1621 4592 1806 4644 urbem
1848 4591 1900 4643 iu
1946 4591 2123 4643 hono-

547 4676 662 4715 rem
687 4661 912 4731 Augusti
940 4662 1266 4726 instituerat,
1296 4672 1350 4716 et
1385 4661 1704 4731 Olympiade
1735 4675 1875 4716 cxcu
1907 4675 2000 4714 eos
2024 4660 2120 4731 flu-

549 4731 646 4785 dos
686 4730 918 4798 primum
955 4732 1220 4795 ediderat,
1264 4743 1322 4785 ut
1355 4730 1518 4788 refert
1565 4730 1855 4800 Josephus.
1888 4731 1968 4784 Ad
2022 4730 2121 4783 ho-

551 4816 670 4871 rum
703 4801 884 4869 itaque
913 4803 1158 4856 ludorum
1209 4803 1498 4856 editionem
1550 4802 1786 4871 Agrippa
1817 4801 2122 4871 Caesaream

548 4870 828 4942 profectus
851 4883 967 4926 erat
1004 4887 1145 4924 anno
1179 4888 1228 4925 Iv
1254 4874 1382 4942 imp.
1416 4873 1649 4936 Claudii,
1675 4870 1866 4928 diebus
1893 4870 2122 4936 aestivis,

549 4941 746 5020 quibus
770 4941 1177 5020 glympiaspcyr
1205 4941 1452 5020 iur-heari
1473 4944 1656 5020 caepit.

625 5010 734 5084 (52)
768 5009 890 5066 Τῶν
920 5009 1078 5084 κατᾲ
1095 5011 1210 5080 τὴν
1237 5009 1570 5081 ἐπαρχίαν(
1591 5012 1802 5084 Syriam
1852 5009 2121 5080 intelligit,

552 5081 635 5152 vel
662 5082 778 5152 ejus
810 5093 1013 5151 partem
1055 5082 1345 5136 thnicen
1381 5098 1500 5152 qua:
1531 5081 1807 5151 provincia
1845 5084 2124 5136 dicebatur

555 5151 623 5223 ad
682 5150 1046 5223 dill‘ereutianr
1091 5153 1322 5219 Juda-te,
1401 5150 1452 5206 in
1515 5150 1619 5223 Qua
1676 5164 1804 5208 tunc
1866 5152 2126 5220 regnabat

557 5220 813 5291 Agrippa.
841 5223 1000 5276 Certe
1026 5221 1086 5275 B.
1120 5223 1294 5276 Lucas
1324 5220 1811 5290 diserte—testatur,
1857 5225 2124 5291 primores

555 5301 686 5364 tunc
722 5291 959 5364 adfuisse
985 5293 1290 5364 Tyriorum,
1324 5308 1446 5362 qua:
1477 5295 1605 5347 urbs
1635 5305 1796 5362 caput
1820 5303 1937 5364 erat
1964 5292 2124 5364 Ριιω-

556 5362 727 5416 uices.
783 5361 949 5416 Porro
997 5361 1047 5417 iu
1106 5363 1305 5417 nostris
1343 5361 1626 5416 codicibus
1675 5361 1834 5430 Μαι,
1889 5363 2028 5417 Med.
2061 5377 2125 5418 ac

555 5431 770 5504 Fukelii
804 5434 1064 5500 scriptum
1124 5436 1301 5487 inveni
1357 5433 1637 5504 ἐπάρχιον,
1693 5450 1813 5502 quae
1846 5449 1948 5489 vox
1997 5433 2124 5488 alibi

557 5503 720 5556 etiam
747 5505 986 5558 occurrit
1034 5507 1085 5558 in
1117 5504 1202 5557 his
1237 5503 1412 5558 libris.
1459 5503 1569 5557 Nec
1606 5505 1736 5559 illud
1769 5505 2128 5559 omittendum

561 5581 666 5638 est,
699 5573 750 5627 in
781 5575 987 5643 optimo
1033 5575 1219 5629 codice
1256 5574 1575 5627 Mazarinam
1627 5575 1676 5628 id
1727 5589 1919 5628 nomen
1965 5574 2127 5629 scribi

563 5656 684 5716 cum
715 5643 1044 5713 diphthongo
1073 5644 1385 5716 ἐπάρχειον,
1416 5644 1641 5716 simplex
1674 5655 1850 5699 tamen
1887 5662 1905 5698 r.
1944 5660 2132 5714 super-

563 5713 826 5784 Scriptum
877 5725 961 5772 est
1007 5713 1414 5773 eadem'utanu.
1457 5713 1565 5772 Sed
1610 5724 1758 5774 recte
1811 5716 1975 5772 scribi
2008 5713 2132 5771 cum

2223 4521 2394 4594 τινόςο
2429 4519 2896 4594 *ἄγγελονητοῦτονᾲ
2926 4519 3085 4594 εὐθὺς
3147 4523 3390 4594 ἐνόησεν
3413 4519 3600 4575 κακῶν
3613 4519 3787 4594 εἶναι,

2222 4591 2313 4644 τὸν
2346 4591 2438 4644 καί
2468 4609 2596 4644 ποτε
2628 4593 2736 4645 τῶν
2767 4591 2987 4661 ἀγαθῶν
3019 4591 3326 4662 γενόμενον.
3378 4592 3430 4645 Id
3463 4603 3545 4647 est
3573 4611 3585 4644 :
3614 4592 3777 4645 Bubo-

2225 4677 2340 4714 nem
2361 4679 2520 4721 supra
2555 4673 2709 4730 caput
2739 4680 2892 4716 suum
2925 4673 3186 4716 astantem
3227 4678 3385 4728 super
3422 4673 3628 4716 extento
3667 4663 3789 4729 [una

2225 4733 2374 4785 uidit.
2409 4733 2706 4802 Statimque
2735 4733 2988 4786 iutclleait
3019 4735 3157 4786 hunc
3189 4733 3508 4785 calamitatis
3549 4734 3789 4802 nuntium

2225 4817 2355 4868 esse,
2393 4804 2482 4870 qui
2508 4801 2661 4857 auten
2693 4803 2963 4870 felicitatis
3005 4805 3216 4856 nuntius
3250 4803 3471 4871 fuisset;
3501 4804 3599 4856 sub
3629 4801 3786 4871 Tibee

2229 4873 2309 4924 rio
2356 4874 2581 4927 scilicet.
2633 4873 2785 4926 Tune
2838 4875 2981 4927 enim
3040 4873 3222 4942 jussus
3253 4870 3326 4926 lin
3391 4873 3605 4926 vincula
3668 4870 3787 4926 duci

2225 4943 2482 5013 Agrippa,
2517 4959 2637 4996 cum
2659 4946 2726 4996 ad
2756 4945 3006 4996 arborem
3039 4943 3328 5010 quamdam
3358 4942 3790 5013 inelinatusistaf

2229 5009 2333 5075 ret,
2361 5009 2642 5068 bubonem
2699 5014 2910 5068 viderat
2959 5009 3119 5080 capiti
3169 5025 3588 5081 superstantem.
3639 5009 3790 5077 Opod

2229 5081 2530 5138 Germanus
2561 5086 2802 5152 quidam,
2845 5084 3148 5151 hujusmodi
3186 5085 3531 5149 auguriorum
3568 5086 3790 5151 peritus,

2231 5169 2480 5223 magnam
2517 5155 2827 5208 felicitatem
2872 5154 3119 5224 Agrippae
3164 5157 3483 5223 portendere
3522 5153 3790 5221 praedixit,

2231 5233 2290 5276 ut
2318 5224 2482 5279 refert
2503 5225 2788 5293 Josephus.
2834 5225 2991 5280 Vides
3040 5241 3172 5295 ergo
3207 5233 3281 5286 ut,
3325 5225 3537 5295 sublato
3562 5224 3793 5295 bubonis

2233 5295 2472 5360 nomine,
2521 5310 2712 5349 sensus
2739 5295 2915 5365 omnis
2959 5293 3126 5365 hujus
3145 5294 3248 5365 lo_ci
3281 5293 3502 5348 tollitur.
3557 5293 3662 5365 sed
3686 5295 3792 5348 for-

2231 5373 2378 5419 tasse
2412 5367 2698 5420 verebatur
2732 5362 3042 5428 Eusebiusf
3068 5381 3134 5419 ne
3175 5362 3469 5433 Josephum
3510 5372 3564 5418 et
3596 5363 3792 5418 Lucam

2231 5451 2421 5506 parum
2472 5437 2612 5490 inter
2652 5451 2710 5492 se
2759 5438 3064 5490 consentire
3095 5436 3328 5506 lectores
3375 5434 3699 5506 iudicarent,
3745 5433 3791 5488 si

2233 5503 2392 5574 quem
2438 5506 2614 5561 Lucas
2656 5507 2905 5577 angelum
2949 5507 3176 5569 dixerat,
3217 5503 3486 5574 Josephus
3527 5505 3790 5577 bubonem

2234 5573 2417 5631 dicere
2473 5573 2764 5630 videretur.
2809 5577 2970 5642 Quasi
3025 5591 3152 5629 vero
3191 5591 3294 5630 non
3346 5573 3634 5641 utrumque
3679 5573 3788 5628 fieri

2234 5647 2498 5716 potuerit,
2536 5657 2596 5701 ut
2622 5647 2850 5718 etbubo
2899 5661 3058 5714 supra
3096 5654 3258 5715 caput
3307 5645 3576 5718 Agrippa),
3623 5654 3694 5700 et-
3729 5655 3796 5698 ex

2235 5719 2337 5772 alia
2373 5727 2524 5788 parte
2551 5717 2773 5789 angelus
2800 5719 2973 5773 eidem
3005 5724 3305 5787 appareret.
