4054 6456
337 310 452 367 «οι

1388 309 1737 366 HISTORIA?
1777 309 2338 369 ΕΟΕιΕδΙΑΞΤΙϐΔΕ
2379 313 2507 370 LIB.
2551 314 2613 372 ll.

3518 329 3621 385 162

326 428 534 484 Θανεῖν
578 429 884 500 ἀπάγομαι.
934 427 1160 482 Λεκτέον
1215 428 1268 482 δὲ
1333 430 1431 500 τὴν
1481 426 1924 506 πεπρωμένην,ᾖ

2041 443 2137 496 ιιο,
2170 434 2608 506 quandoquidem
2639 437 2719 493 sic
2755 437 2866 492 Deo
2905 439 3081 494 visum
3115 450 3216 496 est.
3252 442 3434 514 Neque
3468 448 3614 501 enim

326 522 479 586 Θεὸς
520 521 859 592 βεϐούληται.
898 522 1007 574 Καὶ
1043 521 1151 592 γὰρ
1177 521 1520 593 βεϐιώκαμεν
1548 523 1762 595 οὐδαμῆ
1796 523 1934 594 φαύ-

325 614 472 678 λως,
509 614 732 667 etram
763 615 864 684 τῆς
908 614 1350 686 μακαριζομένης
1378 614 1763 686 λαμπρότητος
1797 616 1928 686 (54).

326 704 530 757 Ταῦτα
564 705 622 757 δὲ
655 705 850 771 λέγων,
888 705 1136 758 ἐπιτάσει
1186 705 1286 774 τῆς
1319 705 1511 776 ὀδύνης
1557 710 1927 761 κατεπονεῖτο.

327 793 500 847 Itis-:31
548 795 790 864 σπουδῆς
835 789 928 847 οὖν
980 796 1061 858 είς
1091 796 1154 847 τὸ
1201 795 1469 865 βασίλειον
1515 796 1801 869 ἐκομίσθη,
1837 798 1932 850 καὶ

327 885 528 954 διῆλθε
562 885 721 954 λόγος
753 887 832 948 είς
865 887 1092 950 πάντας,
1126 887 1201 950 ὡς
1241 888 1351 959 ἔχοι
1403 888 1493 941 τοῦ
1543 889 1792 944 τεθνάναι
1819 889 1931 962 (⁸55)

329 979 662 1030 παντάπασι
689 979 805 1048 μετ’
827 978 1026 1046 ὀλίγον.
1081 979 1144 1031 Ἥ
1178 979 1384 1052 πληθὺς
1406 981 1452 1032 δ’
1481 981 1680 1034 αὐτίκα
1714 983 1809 1036 σὺν
1835 999 1932 1050 γυ-

327 1069 488 1132 ναιξὶ
519 1071 615 1123 κα.)⁸
635 1070 823 1122 παισὶν
852 1071 945 1122 ἐπὶ
988 1071 1188 1124 σάκκον
1223 1071 1546 1124 καθεσθεῖσα
1582 1073 1692 1142 (56)
1726 1072 1804 1143 τῷ
1828 1090 1932 1126 πα-

329 1161 481 1231 τρίῳ
524 1162 694 1233 νόμῳ,
736 1161 827 1215 τὸν
871 1162 1003 1214 Θεὸν
1053 1163 1290 1216 ἱκέτευον
1332 1163 1470 1235 ὑπὲρ
1516 1163 1608 1216 τοῦ
1646 1162 1929 1234 βασιλέως,

329 1252 594 1322 οἰμωγῆς
625 1269 683 1303 τε
719 1252 875 1305 πάντ’
909 1247 976 1322 ἦν
1006 1253 1258 1306 ἀνάπλεω
1285 1254 1374 1307 καὶ
1402 1252 1633 1324 θρήνων.
1680 1255 1766 1307 Ἐν
1797 1256 1934 1326 ὑψη-

331 1344 418 1412 λῷ
445 1344 492 1396 δ’
532 1346 561 1396 ὁ
610 1343 862 1413 βασιλεὺς
911 1344 1168 1415 δωματίῳ
1209 1347 1623 1416 κατακείμενος,
1656 1346 1750 1400 καὶ
1780 1347 1932 1400 κάτω

339 1434 561 1505 βλέπων
589 1435 783 1499 αὐτοὺς
815 1439 1040 1505 πρηνεῖς
1071 1436 1536 1507 προσπίπτοντας.
1563 1437 1803 1508 ἄδακρυς
1821 1437 1930 1490 οὐδ’

339 1528 509 1590 αὐτὸς
533 1527 747 1598 ἔμενεν.
796 1527 1043 1598 Συνεχῶς
1071 1529 1116 1582 δ’
1142 1530 1226 1598 ἐφ’
1254 1529 1466 1600 ἡμέρας
1491 1529 1650 1582 πέντε
1706 1531 1784 1602 τῷ
1833 1533 1932 1603 τῆς

337 1618 586 1689 γαστρὸς
614 1618 892 1689 ἀλγήματι
909 1617 1270 1689 διεργασθεὶς,
1297 1618 1386 1671 τὸν
1415 1619 1523 1688 βίον
1539 1619 1929 1692 κατέστρεψεν,

335 1712 454 1764 ἀπὸ
480 1712 751 1780 γενέσεως
782 1712 929 1778 ἄγων
963 1711 1326 1781 πεντηκοστὸν
1359 1711 1477 1774 ἔτος
1511 1714 1606 1764 καὶ
1647 1713 1927 1784 τέταρτον,

2037 523 2177 576 male
2205 536 2260 578 et
2298 525 2505 594 abjecte
2537 528 2795 597 viximus,
2828 533 2921 584 sed
2950 530 3005 585 in
3043 546 3108 587 eo
3140 532 3430 602 splendore
3452 552 3613 607 quem

2035 615 2285 672 homines
2313 617 2805 675 fortunatissimum
2835 622 3174 680 existimant.
3211 625 3334 682 Haec
3365 643 3486 684 cum
3526 632 3615 686 di-

2034 716 2204 772 ceret,
2247 721 2576 780 augescente
2623 712 2839 768 interim
2874 713 2926 767 vi
2980 714 3184 770 doloris
3233 721 3612 788 torquebatur.

2034 795 2199 852 Ocius
2240 813 2368 869 ergo
2399 802 2449 854 in
2500 801 2761 870 palatium
2806 803 3015 859 delatus
3058 821 3180 860 cum
3224 819 3388 876 esset,
3427 827 3618 867 rumor

2034 895 2292 948 continuo
2328 909 2425 964 per
2449 893 2636 948 urbem
2670 909 2892 964 sparsus
2916 904 3020 962 est,
3048 911 3232 966 regem
3278 899 3328 951 in
3375 902 3622 956 maximo

2034 984 2161 1038 vita:
2189 985 2504 1040 discrimine
2525 985 2754 1043 versari.
2780 985 3084 1057 Statimque
3112 989 3265 1058 plebs
3291 992 3470 1046 omnis
3492 1009 3613 1048 cum

2033 1077 2298 1131 uxoribus
2330 1087 2383 1131 et
2416 1077 2628 1144 liberis,
2670 1079 2856 1134 stratis
2899 1081 3093 1136 ciliciis
3139 1098 3289 1137 more
3318 1085 3500 1151 patrio
3530 1100 3615 1138 se-

2035 1169 2167 1223 dens
2208 1166 2376 1223 Deum
2406 1184 2503 1239 pro
2560 1171 2734 1226 salute
2766 1173 2908 1243 regis
2934 1174 3264 1228 obsecravit.
3304 1174 3442 1229 Tota
3484 1178 3614 1231 urbs

2033 1258 2233 1326 cjulatn
2265 1275 2328 1313 ac
2361 1259 2618 1316 lamentis
2645 1267 2994 1331 personabat.
3025 1263 3140 1320 Rex
3165 1280 3294 1320 vero
3319 1267 3374 1320 in
3399 1267 3622 1322 excelso

2033 1353 2268 1423 quodam
2293 1352 2491 1407 solario
2530 1354 2882 1421 decumbens,
2914 1372 3034 1411 cum
3061 1372 3154 1412 eos
3181 1357 3326 1411 humi
3370 1367 3614 1427 prostra-

2036 1454 2116 1498 tos
2144 1461 2210 1498 cx
2239 1443 2347 1499 alto
2384 1447 2746 1515 prospiceret,
2782 1463 2848 1502 ne
2895 1448 3010 1518 ipse
3042 1448 3259 1516 quidem
3307 1457 3618 1519 temperare

2033 1539 2206 1606 potuit
2234 1553 2263 1592 a
2312 1533 2594 1610 literymis.
2629 1539 2868 1594 Tandem
2909 1542 3186 1596 continuis
3233 1556 3328 1611 per
3373 1543 3618 1610 quinque

2032 1628 2150 1684 dies
2189 1631 2396 1686 ventris
2439 1631 2722 1686 doloribus
2770 1632 3051 1685 confectus
3096 1634 3262 1685 vitam
3321 1632 3479 1696 liuiit,
3521 1648 3614 1686 ano

2034 1737 2160 1774 num
2202 1738 2366 1792 agens
2406 1723 2588 1778 :etatis
2643 1733 2898 1792 quartum
2954 1733 3007 1779 et
3071 1724 3609 1793 quinquagesimum,

331 1802 446 1872 τῆς
504 1803 562 1855 δὲ
613 1799 886 1872 βασιλείας
943 1801 1188 1872 ἕϐδομον.
1236 1803 1518 1876 Τέσσαρας
1562 1805 1659 1876 μὲν
1697 1801 1789 1858 οὖν
1836 1807 1924 1858 ἐπὶ

2035 1813 2184 1880 regni
2219 1827 2345 1866 vero
2377 1814 2685 1881 septimum.
2713 1813 2848 1866 Nam
2877 1815 3052 1883 primo
3099 1816 3316 1884 quidem
3351 1816 3450 1868 sub
3481 1814 3615 1868 Caio

329 1896 508 1950 Γαΐου
558 1895 838 1965 Καίσαρος
875 1891 1226 1946 ἐϐασίλευσεν
1261 1895 1561 1958 ἐνιαυτοὺς,
1607 1895 1708 1965 τῆς
1741 1897 1930 1950 Φιλίπ-

335 2003 450 2038 που
491 1987 590 2055 μὲν
625 1985 952 2056 τετραρχίας
988 1988 1065 2049 είς
1099 1985 1337 2058 τριετίαν
1370 1985 1560 2058 ἄρξας,
1591 1985 1668 2056 τῷ
1689 1989 1931 2060 τετάρτῳ

335 2078 400 2131 δὲ
437 2079 531 2131 καὶ
562 2079 662 2150 τὴν
685 2078 921 2150 Ἡρώδου
962 2077 1362 2150 προσειληφὼς,
1395 2082 1542 2151 τρεῖς
1582 2080 1624 2132 δ’
1659 2080 1931 2133 ἐπιλαϐὼν

335 2171 443 2241 τῆς
474 2169 742 2224 Κλαυδίου
776 2171 1053 2240 Καίσαρος
1075 2169 1522 2239 αὐτοκρατορίας.
1560 2188 1578 2220 ›
1619 2169 1804 2223 Ταῦτα
1842 2171 1932 2222 τὸν

351 2261 618 2332 Ἰώσηπον
647 2261 785 2332 μετὰ
811 2261 916 2314 τῶν
939 2261 1112 2314 ἄλλων
1143 2263 1262 2324 ταῖς
1292 2259 1460 2323 θείαις
1499 2260 1927 2331 συναληθεύοντα

335 2357 593 2428 Γραφαῖς
629 2354 1019 2425 ἀποθαυμάζω.
1056 2354 1119 2406 Ei
1160 2352 1216 2404 δὲ
1250 2353 1376 2423 περὶ
1404 2351 1502 2423 τὴν
1541 2352 1633 2404 τοῦ
1667 2352 1929 2422 βασιλέως

340 2447 722 2519 προσηγορίαν
745 2447 913 2512 δόξειέ
948 2463 1056 2498 τισι
1101 2445 1408 2512 διαφωνεῖν,
1437 2442 1549 2496 ἀλλ’
1585 2445 1612 2496 ὅ
1637 2461 1698 2511 γε
1738 2444 1930 2514 χρόνος

341 2542 438 2594 καὶ
465 2543 498 2612 ἡ
531 2539 730 2611 πρᾶξις
762 2543 852 2592 τὸν
886 2538 1046 2591 αὐτὸν
1073 2538 1200 2590 ὅντα
1220 2537 1508 2600 δείκνυσιν,
1545 2537 1662 2606 ἦτοι
1696 2537 1836 2590 κατά
1875 2555 1928 2589 τι

343 2633 570 2704 σφάλμα
593 2631 858 2704 γραφικόν
891 2629 1292 2700 ὲνηλλαγμένου
1325 2627 1417 2680 τοῦ
1448 2628 1726 2697 ὀνόματος,
1762 2628 1794 2699 ἢ
1834 2628 1929 2682 καὶ

338 2724 642 2794 διωνυμίας
676 2724 800 2794 περὶ
833 2723 1014 2788 αὐτὸν,
1045 2715 1130 2775 οἷα
1177 2720 1272 2774 xci.
1324 2720 1453 2790 περὶ
1510 2719 1736 2784 πολλοὺς
1766 2737 1927 2789 γεγε-

340 2817 607 2886 νημένης·

2030 1903 2244 1957 Ctesare
2289 1912 2524 1973 quatuor
2564 1904 2720 1959 annis
2756 1917 3101 1973 regnaverat,
3138 1905 3368 1976 Philippi
3423 1915 3618 1959 tetrar-

2031 1993 2146 2046 cbia
2172 1993 2482 2062 potitusper
2502 1996 2816 2049 triennium.
2844 1994 2970 2050 Inde
2996 2011 3138 2050 anno
3161 2005 3356 2066 quarto
3380 1993 3610 2048 Herouis

2031 2101 2248 2154 quoque
2280 2088 2632 2141 tetrarchiam
2663 2089 2949 2155 regendam
2996 2091 3229 2156 accepit.
3264 2086 3458 2141 Postea
3483 2103 3610 2142 vero

2034 2177 2331 2246 principatu
2361 2179 2567 2232 Claudii
2587 2167 2812 2248 Augusti
2840 2190 2948 2233 tres
2973 2179 3195 2232 ultimos
3221 2178 3373 2248 regni
3392 2178 3471 2231 sui
3491 2194 3617 2233 cxc-

2030 2268 2105 2336 git
2154 2283 2341 2321 annos.
2368 2287 2384 2319 ι
2415 2269 2525 2340 49
2558 2270 2681 2324 Haec
2720 2270 2986 2339 Jusephus
3017 2289 3029 2324 :
3058 2271 3110 2324 in
3155 2270 3354 2338 quibus
3383 2269 3610 2338 perinde

2031 2370 2095 2408 ac
2131 2355 2181 2408 in
2212 2358 2444 2419 cmteris,
2479 2362 2640 2413 tidem
2677 2359 2820 2412 illius
2855 2375 3188 2429 magnopere
3225 2360 3484 2424 admiror,
3515 2361 3607 2428 qui

2032 2461 2154 2500 cum
2174 2449 2346 2503 sacris
2366 2450 2560 2502 litteris
2588 2451 2638 2502 in
2667 2451 2900 2504 veritate
2923 2451 3196 2504 narranda
3219 2451 3354 2504 adeo
3383 2466 3611 2505 consen-

2032 2539 2150 2594 tiat.
2189 2539 2343 2606 Quod
2371 2541 2414 2595 si
2451 2542 2502 2594 in
2540 2541 2685 2610 regis
2711 2542 2937 2596 nomine
2956 2543 3269 2611 discrepare
3287 2543 3606 2611 quibusdam

2035 2629 2268 2694 videtur,
2300 2630 2560 2700 temporis
2594 2641 2771 2683 tamen
2809 2632 2946 2685 ratio
2979 2642 3030 2685 et
3075 2647 3164 2686 res
3204 2631 3316 2700 ipsa
3358 2634 3607 2687 eumdem

2035 2734 2156 2774 esse
2186 2723 2507 2788 conﬁrmat;
2551 2723 2684 2777 adeo
2719 2733 2777 2775 ut
2807 2722 2889 2776 vel
2929 2737 3124 2776 nomen
3157 2723 3286 2777 vitio
3322 2725 3616 2794 scripture

2036 2813 2390 2880 depravatum
2433 2831 2557 2871 esse
2602 2823 2886 2886 oporteat,
2921 2814 3008 2870 vel
3049 2825 3197 2871 certe
3241 2830 3420 2887 regem
3465 2817 3612 2872 hunc

345 2911 545 2980 duplici
587 2911 806 2964 nomine
838 2908 1164 2978 appellatum
1203 2905 1393 2972 fuisse,
1426 2907 1568 2976 quod
1605 2915 1658 2961 et
1688 2903 1929 2976 pluribus
1950 2907 2069 2966 aliis
2096 2911 2340 2982 contigit.

869 3003 1262 3057 ΚΕΦΑΛΑΙΟΝ
1304 3003 1408 3057 iA’.

345 3099 483 3167 Περὶ
513 3095 704 3152 Θευδᾶ
731 3095 836 3150 τοῦ
867 3097 1096 3220 γόῧτοὲ,
1125 3093 1385 3233 ἴμίᾶξῦν
1415 3092 1537 3148 σὺν
1589 3093 1752 3160 αὐτῷ
1791 3093 1929 3166 (Nic.

427 3260 581 3312 Ἐπεὶ
609 3259 666 3311 δὲ
692 3258 851 3312 πάλιν
877 3259 904 3310 ὁ
927 3257 1141 3318 Λουκᾶς
1167 3257 1225 3308 ἐν
1255 3257 1374 3319 ταῖς
1401 3253 1670 3327 Πράξεσιν
1717 3256 1926 3324 εἰσάγει

342 3353 434 3405 τον
460 3351 744 3422 Γαμαλιὴλ
771 3353 828 3403 ἐν
858 3353 921 3420 τῇ
953 3349 1080 3420 περὶ
1107 3348 1214 3400 τῶν
1248 3347 1562 3401 ἀποστόλων
1593 3347 1786 3417 σκέψει
1831 3347 1920 3400 λέ-

324 3457 538 3509 γοντα,
573 3441 650 3503 ὡς
681 3440 789 3511 ἄρα
820 3438 958 3493 κατὰ
985 3439 1076 3491 τὸν
1105 3437 1429 3508 δηλούμενον
1473 3438 1661 3509 χρόνον
1689 3439 1800 3508 ('57)
1823 3439 1924 3496 ,ἀν-

348 3533 481 3603 ἐστη
511 3532 734 3595 Θευδᾶς,
779 3533 950 3600 λέγων
984 3531 1176 3584 ἑαυτὸν
1196 3529 1330 3584 εἷναί
1359 3547 1478 3584 τινα
1519 3531 1598 3601 (ὃς
1630 3531 1924 3603 κατελύθη,

343 3626 440 3679 καὶ
487 3625 686 3688 πάντες
710 3625 820 3677 ὅσοι
865 3623 1140 3676 ἐπείθοντο
1182 3622 1329 3694 αὐτῷ
1372 3622 1716 3693 διελύθησαν)
1747 3639 1762 3655 ’
1789 3623 1921 3694 φέρε

342 3719 441 3771 καὶ
465 3718 564 3788 τὴν
590 3717 712 3789 περὶ
739 3716 930 3769 τούτου
961 3714 1333 3786 παραθῶμεθα
1354 3714 1447 3767 τοῦ
1485 3714 1749 3786 Ἰωσήπου
1781 3732 1922 3786 γρα-

418 3853 528 3924 (3i)
561 3853 1040 3922 Μακαριζομένης
1072 3854 1506 3922 λαμπρότητος.
1561 3853 1637 3906 Ex
1687 3851 1923 3924 Josepho

342 3942 413 3980 ac
445 3922 745 3991 Nic-ephoro
795 3940 889 3992 pro
942 3926 1358 3995 μακαριότητος,
1416 3924 1748 3995 restituimns
1786 3922 1924 3993 λαμ-

346 3996 637 4067 πρότητος,
667 4005 827 4067 atque
856 3992 1410 4067 ita'scriptitmhabet
1437 3992 1775 4067 codex_Fn_k.

419 4061 531 4134 (55)
572 4067 661 4130 Ὠς
684 4065 808 4133 ἔχοι
832 4065 938 4117 τοῦ
964 4063 1261 4117 τεθνάναι.
1315 4064 1378 4134 rln
1432 4063 1662 4134 vulgatis
1704 4061 1924 4130 .losephi

344 4132 674 4190 editionihns
700 4132 849 4188 deest
870 4135 1150 4193 articulus,
1185 4133 1324 4199 quod
1350 4135 1520 4201 magis
1551 4132 1734 4202 probo.
1764 4134 1915 4203 ’Έχοι

348 4208 511 4271 igittir
562 4207 791 4274 positum
839 4215 919 4257 est
951 4221 1046 4273 pro
1109 4203 1313 4274 μέλλοι,
1375 4219 1535 4274 quam
1590 4203 1914 4274 locutionem

348 4273 768 4345 Gallicarlingua
793 4278 1085 4328 etiamnum
1112 4273 1330 4345 retinet.
1361 4273 1511 4339 Quod
1546 4273 1588 4325 si
1622 4273 1910 4345 articulum

352 4349 589 4406 retinere
615 4343 888 4408 malueris,
948 4356 1005 4414 ut
1043 4345 1094 4398 in
1120 4343 1372 4397 omnibus
1400 4347 1596 4397 nostris
1635 4343 1911 4414 exempla-

350 4418 504 4472 ribus
553 4428 605 4470 et
641 4418 779 4482 apud
828 4416 1185 4484 Nicephorum
1231 4414 1449 4482 legitur,
1496 4425 1624 4467 tunc
1669 4413 1912 4484 scriben-

350 4490 478 4538 dum
501 4498 585 4540 est
613 4481 805 4556 ἔχοιτο,
839 4496 930 4537 aut
959 4481 1115 4556 certe
1151 4481 1579 4556 subaudiendum
1618 4493 1724 4556 (εειΔ
1743 4481 1912 4549 ἀνάγ-

346 4574 476 4626 κην.
540 4557 595 4608 In
642 4551 824 4608 't'ribus
878 4555 1079 4626 nostris
1130 4555 1408 4609 codicibus
1455 4553 1615 4617 Maz.,
1678 4551 1817 4626 Med.
1854 4569 1916 4608 ac

347 4624 508 4690 Fuk.,
537 4627 794 4692 scriptum
827 4635 906 4678 est
939 4624 1010 4688 ὡς
1040 4624 1173 4694 ἔχει,
1206 4626 1347 4690 quod
1382 4625 1552 4692 magis
1581 4625 1773 4694 probo.

419 4698 532 4766 (36)
580 4691 710 4752 Ἐτὶ
750 4691 1402 4766 σάκκοινηκᾰθεσθεῐσα.
1443 4691 1919 4766 Optime‘Ruiinus

351 4763 496 4820 hunc
517 4763 702 4835 locant
738 4769 896 4818 vertit
931 4784 943 4818 :
981 4765 1127 4818 More
1157 4767 1327 4832 patrio
1357 4781 1513 4831 super
1542 4763 1713 4835 cilicia
1740 4765 1915 4829 strati,

350 4833 691 4901 onmipotenti
722 4835 826 4888 Deo
853 4851 946 4903 pro
976 4838 1108 4904 regis
1148 4835 1506 4888 incolumitate
1534 4833 1918 4899 supplicabant.

351 4905 562 4974 Reliqui
609 4916 785 4958 tamen
821 4907 1142 4972 interpretes
1186 4921 1292 4957 uno
1350 4919 1612 4957 consensu
1647 4912 1922 4974 verterunt

349 4973 518 5028 saccis
565 4976 757 5028 induti.
811 4975 962 5041 Quod
999 4977 1100 5028 etsi
1148 4990 1251 5027 non
1286 4976 1504 5036 damno,
1535 4973 1713 5026 verbis
1742 4981 1921 5026 tamen

347 5043 567 5113 losophi
599 5061 936 5112 nequaquam
967 5047 1241 5098 convenit.
1275 5044 1398 5097 Scio
1423 5043 1588 5097 moris
1617 5043 1781 5096 fuisse
1814 5058 1921 5096 non

352 5117 525 5168 solum
562 5117 700 5183 apud
743 5115 977 5177 Judazos,
1017 5117 1110 5167 sed
1159 5116 1322 5169 etiam
1353 5113 1492 5180 apud
1552 5113 1830 5182 A~syrios,
1865 5123 1925 5166 ut

356 5187 410 5237 in
452 5185 594 5238 luctu
643 5185 780 5237 etin
825 5185 1054 5251 publicis
1105 5184 1588 5252 supplicationibus
1634 5198 1792 5236 sacco
1843 5183 1922 5235 in-

353 5255 492 5315 duti,
521 5255 628 5308 Deo
656 5255 910 5308 invidiam
944 5254 1205 5317 facerent,
1245 5255 1697 5322 quemadmodum
1728 5252 1924 5321 legitur

357 5325 411 5378 in
447 5326 666 5378 historia
699 5322 1079 5389 Ninivitarum,
1110 5333 1164 5377 et.
1193 5321 1332 5389 apud
1360 5321 1653 5392 Josephuin
1688 5323 1742 5376 in
1785 5325 1922 5376 libro

354 5409 426 5449 xx
474 5395 881 5464 Antiquitatum,
939 5409 1060 5460 cap.
1090 5395 1146 5448 5.
1201 5393 1394 5446 Verum
1448 5405 1504 5446 et
1556 5393 1642 5447 hic
1683 5407 1800 5447 mos
1828 5392 1926 5464 luit

357 5462 789 5534 ειιρριιευίιιὶυιιι,
819 5475 874 5516 ιιι
902 5467 1092 5519 stratis
1121 5465 1315 5534 ciliciis
1346 5475 1402 5517 et
1433 5467 1624 5534 cinere,
1647 5462 1926 5534 conspersi

357 5531 673 5589 insiderent.
705 5535 795 5586 Sic
841 5534 890 5586 in
921 5535 1102 5603 capite
1133 5549 1188 5587 Ill
1235 5531 1403 5603 Jonas,
1438 5547 1529 5585 rex
1565 5531 1924 5603 Ninivitarum

356 5603 732 5676 Ιπεριεϐάλλετο
776 5600 1002 5676 σάκκον,
1050 5606 1144 5657 καὶ
1183 5602 1434 5676 ἐκάθισεν
1460 5603 1582 5676 Ψὲπὶ
1609 5600 1823 5676 σποδοῦ.
1865 5602 1928 5654 Et

359 5669 732 5743 in'hvangelio
775 5675 950 5737 Lucae,
991 5689 1113 5743 cap.
1154 5691 1184 5727 x
1229 5693 1242 5728 :
1275 5672 1331 5726 Si
1363 5676 1416 5726 in
1457 5671 1592 5743 Tyro
1623 5681 1674 5724 et
1708 5669 1927 5743 Sidone

359 5745 513 5813 facite
535 5742 750 5814 fuissent
782 5747 993 5799 virtutes
1021 5742 1137 5815 qua:
1183 5744 1338 5814 facta:
1369 5742 1574 5797 suntin
1604 5742 1766 5808 vobis,
1801 5742 1924 5795 olim

2648 3006 2879 3064 CAPUT
2914 3005 3004 3061 XI.

2214 3141 2291 3197 De
2335 3140 2547 3196 Tlieuda
2574 3143 2964 3212 prmstigiatore
2985 3140 3203 3211 ejusque
3225 3143 3404 3197 sociis.

2108 3252 2212 3308 Sed
2243 3255 2498 3324 quoniam
2533 3254 2708 3308 Lucas
2732 3267 2994 3323 prasterea
3028 3256 3080 3310 in
3115 3256 3340 3310 Actibus
3382 3263 3614 3324 aposto-

2032 3343 2210 3399 lorum
2230 3345 2276 3378 “
2307 3344 2656 3399 Gamalielem
2683 3346 2996 3414 quemdam,
3030 3361 3152 3400 cum
3183 3346 3235 3400 in
3257 3345 3486 3400 concilio
3511 3343 3606 3400 Ju-

2034 3435 2271 3490 da'orum
2301 3436 2367 3489 de
2405 3436 2667 3502 apostolis
2701 3435 3022 3490 deliberatio
3061 3436 3254 3500 fieret,
3297 3437 3606 3506 loquentem

2034 3528 2239 3582 inducit
2286 3528 2352 3581 de
2401 3527 2628 3582 Theuda
2667 3530 2902 3598 quodam
2935 3531 3026 3598 qui
3072 3531 3220 3584 hisce
3272 3529 3609 3599 temporibus

2031 3622 2257 3687 exstitit,
2307 3633 2362 3674 et
2410 3622 2500 3689 qui
2547 3635 2669 3674 cum
2711 3621 2775 3674 de
2807 3621 2984 3690 seipso
3027 3636 3219 3690 magna
3266 3621 3602 3689 praedicaret,

2033 3716 2245 3768 tandem
2269 3712 2573 3766 exstinctus
2594 3722 2698 3776 est,
2721 3727 3018 3782 omnesque
3045 3714 3135 3782 qui
3155 3713 3201 3766 ei
3229 3711 3385 3766 fidem
3412 3711 3590 3768 habuo

2026 3854 2081 3906 in
2123 3854 2298 3906 cilicio
2341 3863 2388 3906 et
2429 3853 2600 3904 cinere
2645 3849 2878 3902 sedentes
2921 3850 3240 3916 poeniterent.
3286 3847 3470 3914 quue
3516 3865 3610 3902 re-

2026 3922 2170 3976 ferre
2211 3925 2360 3976 soleo
2407 3925 2569 3974 verba
2606 3919 2788 3972 iiulini
2820 3935 2881 3972 ex
2916 3920 3052 3972 ltbro
3099 3934 3149 3970 χι
3206 3917 3461 3971 Historia:
3498 3917 3606 3972 Ec-

2027 3992 2358 4056 clesiasticw,
2397 4007 2520 4058 cap.
2561 3991 2650 4055 5",
2693 3990 2779 4042 ubi
2815 3992 2877 4041 de
2908 3987 3210 4058 Theodosio
3243 3993 3370 4058 iinp.
3408 3990 3478 4040 ita
3521 3989 3602 4042 lo-

2033 4063 2216 4131 quitur
2242 4063 2405 4114 :Ante
2441 4056 2733 4129 nianyrum
2767 4069 2812 4110 et
2844 4056 3212 4131 (τιγονδιοίοιςιιζιιΔ
3238 4057 3411 4108 thecas
3450 4059 3604 4124 jace-

2024 4126 2107 4183 lfal
2135 4131 2308 4183 cilicio
2357 4126 2672 4196 prostratus,
2704 4138 2748 4181 el
2784 4130 2983 4180 (turalia
3009 4127 3107 4179 sibi
3139 4126 3248 4193 [ida
3298 4136 3602 4178 sanctorum

1970 4216 1978 4224 '
2021 4201 2396 4254 intercessione
2429 4202 2691 4264 poscebat.
2745 4198 3067 4264 Quanquam
3125 4198 3175 4248 in
3231 4197 3605 4263 manuscripto

2021 4273 2210 4324 codice
2242 4271 2657 4325 Claromontani
2697 4269 2907 4327 collegii
2955 4267 3152 4334 legitur
3183 4267 3324 4318 silici
3371 4280 3581 4333 proslra

2018 4350 2123 4393 tua.
2149 4341 2478 4410 Epiphanius
2509 4344 2559 4410 in
2595 4341 2781 4393 lttnt'esi
2807 4337 2895 4410 50.
2929 4337 3376 4410 Novatiunortiin,
3403 4351 3520 4404 cap.
3547 4335 3601 4410 _7,

2015 4405 2309 4464 αὑτο“ι’ὲᾶν
2364 4409 2699 4473 ὲνδείξωνται
2752 4408 2961 4460 τελείαν
3011 4407 3108 4477 τὴν
3169 4405 3510 4477 μετάνοιαν,
3544 4407 3606 4460 ἐν

2017 4482 2205 4552 σάκκῳ
2233 4483 2325 4534 καὶ
2372 4481 2552 4550 σποδῴ
2583 4479 2956 4539 καθεσθέντες.
2985 4476 3349 4528 'l‘crtultianus
3383 4493 3434 4552 tu
3465 4476 3603 4552 libro

2017 4552 2096 4604 De
2122 4547 2378 4618 pudicitia
2405 4565 2421 4601 :
2454 4547 2665 4604 Puriler
2689 4552 2750 4600 de
2771 4557 3087 4617 pwnnentue
3115 4549 3278 4614 ofﬁcio
3317 4548 3495 4597 sedent
3543 4547 3601 4600 in

2018 4639 2190 4684 sacco,
2221 4633 2265 4674 et
2298 4623 2467 4673 cinere
2500 4624 2886 4671 inhorrescunt.

2091 4682 2200 4759 (57:
2233 4692 2393 4744 Κατὰ
2416 4690 2520 4742 τὸν
2553 4689 2926 4756 δηλούμενον
2958 4692 3201 4755 χρόνον.
3240 4682 3600 4759 Locusintcze

2019 4753 2197 4817 exstat
2255 4767 2305 4814 in
2347 4778 2466 4828 cap.
2521 4776 2547 4811 v
2583 4753 2817 4810 Actuunt
2867 4753 3255 4828 apuStoloruin,
3285 4755 3386 4828 ubi
3426 4753 3603 4828 Lucas

2022 4849 2128 4886 non
2160 4833 2288 4886 dicit
2317 4827 2594 4884 Theudaut
2622 4828 2830 4881 Claudii
2868 4827 2993 4894 imp.
3045 4827 3381 4893 temporibus
3426 4827 3597 4876 cuti-

2025 4908 2173 4966 tisse,
2205 4912 2262 4954 ut
2285 4902 2370 4955 hic
2398 4899 2627 4952 aliirniat
2654 4896 2938 4950 Eusebius.
2994 4895 3104 4948 lino
3134 4912 3196 4946 ex
3231 4895 3407 4966 Lacte
3425 4895 3600 4948 verbis

2024 4963 2202 5040 colligi
2265 4979 2458 5040 potest,
2531 4967 2811 5040 Theudain
2873 4967 3036 5040 illum
3084 4965 3314 5040 Augusti
3369 4963 3603 5040 cluseris

2024 5033 2330 5109 principatu
2366 5040 2552 5093 turbas
2585 5038 2635 5088 in
2669 5037 2854 5090 Judma
2889 5037 3214 5109 concitasse.
3245 5034 3377 5085 Nam
3402 5033 3603 5109 Gama-

2023 5103 2117 5166 liel
2177 5103 2322 5179 apud
2375 5109 2571 5162 Lucam
2626 5108 2828 5179 diserte
2868 5107 3071 5179 _tr:_tdit,
3133 5103 3598 5179 pust_t_uinu|t_um

2026 5174 2264 5238 Theudae
2302 5180 2578 5236 exstitisse
2619 5175 2815 5230 ludam
2856 5175 3164 5238 Gallianum,
3204 5174 3295 5240 qui
3329 5174 3380 5224 in
3410 5174 3603 5226 diebus

2027 5252 2378 5323 professionis
2426 5248 2722 5323 _ceusualis
2761 5317 2779 5323 _
2803 5248 3169 5323 seditioiicpr
3195 5244 3598 5323 commovisset.

2025 5312 2189 5390 Atqui
2217 5319 2632 5390 censualishtec
2655 5317 2921 5390 professio
2947 5314 3176 5390 contigit
3203 5322 3322 5381 post
3348 5312 3601 5390 exsilium

2026 5383 2304 5458 Archelai,
2352 5388 2600 5457 Quirinio
2635 5383 2861 5458 Syriam
2899 5386 3335 5458 adminiStrante,
3377 5383 3478 5434 sub
3509 5395 3606 5458 eit-

2027 5471 2202 5516 trema
2234 5454 2464 5531 Augusti
2518 5454 3044 5531 tempora._Falsum
3093 5454 3319 5531 proinde
3361 5465 3483 5531 esse
3520 5454 3605 5531 v_i-

2027 5532 2188 5586 detur
2233 5519 2376 5601 quod
2413 5531 2502 5584 hic
2524 5519 2756 5581 allir'mat
2786 5527 3071 5601 Eusebius,
3093 5519 3346 5601 Lucam“
3367 5519 3605 5601 Theudae

2031 5589 2339 5655 motum-in
2388 5600 2597 5654 Claudii
2639 5608 2882 5666 tempora
2932 5595 3256 5664 conjecisse.
3283 5589 3604 5666 Eusebium

2031 5682 2210 5724 tamen
2265 5680 2514 5728 nostrum
2561 5677 2712 5723 recte
2752 5661 3050 5733 'scusissc,
3082 5678 3206 5718 uiox
3266 5661 3608 5715 demonstra-

2031 5743 2231 5795 bimus.
