4054 6456
266 379 365 436 169

1276 381 1623 440 HISTORIA?
1665 383 2227 442 ECCLESIASTlCJE
2271 387 2397 443 LIB.
2442 390 2503 444 ll.

3393 401 3499 457 I70

260 493 425 564 βίους,
458 491 550 546 καὶ
562 490 667 544 τῶν
687 489 896 560 ψευδῶν
937 491 1281 566 διδαγμάτων
1311 495 1406 558 τὰς
1437 496 1739 560 ὑποθέσεις,
1771 515 1809 549 τε

1937 499 2210 556 hreretica:
2239 504 2525 571 pravitatis
2554 514 2836 562 auctorum
2878 509 3057 576 initia,
3088 512 3274 576 vitam,
3335 514 3500 570 falso-

257 603 315 639 τε
343 589 507 639 πᾶσιν
545 584 723 647 αὐτοῖς
750 586 1206 658 ἐπιτετηδευμὲνα
1237 587 1550 656 διαγνῶναι,
1591 589 1652 641 οὑ
1687 588 1829 642 κατά

257 677 527 748 πάρεργον
559 678 621 746 τῇ
642 675 985 749 δεδηλωμένῃ
1015 677 1107 731 τοῦ
1139 679 1429 750 Είρηναίου
1462 677 1830 750 παραδεδομέ-

254 787 317 824 να
359 770 544 839 βίϐλῳ.
573 770 756 840 nam;
787 771 884 839 μὲν
916 766 1012 824 οὑν
1043 772 1284 842 ἀρχηγὸν
1317 771 1582 843 αἱρέσεως
1610 771 1828 844 πρῶτον

253 859 501 928 γενέσθαι
523 859 612 912 τὸν
640 859 858 932 Σίμωνα
901 862 1338 935 παρειλήφαμεν.
1387 862 1477 928 Ἐξ
1505 857 1566 916 οὑ
1609 864 1701 917 καὶ
1747 866 1826 928 είς

249 951 404 1023 δεῦρο
424 952 475 1004 οἱ
507 953 606 1024 τὴν
649 954 769 1006 κατ’
809 954 970 1006 αὑτὸν
1004 955 1281 1026 μετιόντες
1316 958 1546 1028 αἵρεσιν,
1588 957 1687 1028 τὴν
1718 956 1825 1009 σώ-

250 1062 417 1116 φρονα
441 1046 538 1098 καὶ
563 1046 647 1099 διὰ
681 1046 1029 1119 καθαρότητα
1060 1048 1172 1118 βίου
1206 1049 1358 1121 παρά
1397 1051 1527 1104 πᾶσι
1558 1049 1824 1121 βεϐοημέ-

249 1152 342 1206 νην
396 1137 736 1208 Χριστιανῶν
764 1138 1080 1209 φιλοσοφίαν
1124 1142 1559 1212 ὑποκρινόμενοι,
1610 1136 1677 1213 ἧς
1727 1143 1825 1212 μὲν

247 1228 428 1294 ἔδοξαν
444 1229 882 1284 ἀπαλλάττεσθαι
937 1249 1002 1285 πε
1014 1233 1064 1304 pi.
1084 1234 1151 1287 τά
1173 1233 1366 1287 εἴδωλα
1407 1234 1830 1305 δεισιδαιμονίας,

245 1322 396 1375 οῦδὲν
410 1316 575 1394 ἦττον
599 1319 754 1387 αὖθις
779 1323 1255 1395 ἐπιλαμϐάνονται,
1282 1326 1712 1391 καταπίπτοντες
1733 1327 1824 1380 ἐπὶ

245 1413 460 1482 γραφάς
488 1415 580 1467 καὶ
608 1415 840 1479 εἰκόνας,
875 1416 1039 1469 αὑτοῦ
1086 1434 1145 1470 τε
1193 1417 1286 1470 τοῦ
1316 1419 1558 1488 Σίμωνος
1591 1420 1682 1472 καὶ
1722 1419 1824 1488 τῆς

249 1508 341 1560 σὺν
371 1506 522 1576 αύτῷ
547 1507 878 1577 δηλωθείσης
920 1508 1154 1579 Ἑλένης,
1195 1509 1498 1580 θυμιάμασί
1519 1528 1575 1564 τε
1607 1513 1700 1564 καὶ
1727 1511 1821 1564 θυ-

246 1597 385 1662 σίαις
437 1599 536 1652 καὶ
567 1599 820 1663 σπονδαῖς
867 1599 1084 1664 τούτους
1126 1600 1447 1672 θρησκεύειν
1481 1603 1821 1675 ὲπιχειροῦν⁸

244 1707 332 1753 τες
365 1689 497 1758 (49).
533 1691 614 1743 Τά
641 1689 697 1743 δὲ
727 1689 930 1744 τούτων
960 1691 1140 1755 αὑτοῖς
1162 1693 1592 1766 ἀπορρητότερα,
1621 1688 1693 1748 ὧν
1721 1713 1822 1763 φα-

248 1797 298 1833 σι
319 1781 409 1833 τὸν
438 1782 656 1852 πρῶτον
683 1781 1057 1836 ἐπακούσαντα
1076 1784 1534 1856 ἐκπλαγήσεσθαι,
1563 1786 1655 1839 καὶ
1681 1787 1820 1842 κατά

1933 605 2049 643 rum
2079 592 2388 660 dogmatum
2417 609 2609 649 causas
2641 610 2704 650 ac
2743 599 2982 654 rationes
3003 639 3018 665 ,
3061 603 3238 656 studia
3265 603 3499 673 denique

1930 682 2247 737 etinstituta
2281 684 2641 755 singulorum,
2673 703 2739 742 ex
2773 689 3100 758 supradictis
3131 692 3318 748 Irenmi
3345 694 3499 767 libris

1931 787 1962 826 a
1992 786 2098 841 quo
2126 773 2239 828 haec
2271 785 2526 830 accurate
2562 777 2761 830 tradita
2806 789 2970 844 sunt,
3002 779 3162 836 liceat
3197 784 3500 840 volentibus

1929 877 2279 932 cognoscere.
2340 865 2482 918 Sane
2515 867 2656 920 hunc
2703 868 2976 922 Simonem
3014 871 3282 927 htereticm
3317 878 3500 943 pravi-

1931 955 2056 1008 tatis
2090 955 2390 1025 principem
2422 965 2582 1026 atque
2619 970 2894 1014 auctorem
2938 963 3107 1018 fuisse
3161 967 3496 1033 accepimus.

1931 1044 2082 1100 Unde
2131 1047 2195 1099 ad
2257 1056 2497 1101 nostram
2550 1065 2722 1120 usque
2757 1062 2974 1109 aetatem
3023 1057 3332 1126 quicunque
3379 1061 3498 1128 ejus

1927 1149 2132 1192 sectam
2163 1140 2508 1208 proﬁtentur,
2538 1157 2660 1196 cum
2697 1160 2756 1199 se
2787 1145 3148 1202 Christianam
3179 1151 3495 1218 religionem

1927 1229 2139 1298 plenam
2165 1231 2443 1286 modestiae
2473 1242 2527 1287 et
2555 1236 2870 1292 sanctitatis
2912 1239 3161 1308 amplecti
3201 1242 3496 1296 simulave-

1929 1324 2034 1377 riut
2062 1343 2075 1377 :
2113 1334 2288 1378 tamen
2319 1334 2372 1380 et
2397 1330 2462 1379 ad
2492 1329 2926 1396 superstitiosum
2948 1332 3249 1388 daemonum
3284 1337 3490 1391 eultum

1924 1431 2086 1485 quem
2119 1416 2353 1483 abjicere
2393 1419 2493 1472 visi
2547 1421 2792 1487 fuerant,
2837 1425 3091 1493 deinceps
3142 1427 3495 1484 nihilominus

1925 1508 2257 1573 relabuntur,
2313 1512 2437 1563 dum
2473 1522 2596 1566 ante
2630 1511 2868 1568 Simonis
2911 1526 2965 1570 et
2997 1521 3319 1586 supradicta:
3352 1519 3494 1575 illius

1925 1597 2138 1653 lleleuze
2180 1601 2420 1668 picturas
2476 1615 2636 1669 atque
2683 1603 2945 1671 imagines
3001 1607 3158 1674 proni
3190 1623 3309 1662 sese
3353 1608 3492 1676 abji-

1925 1690 2093 1754 cinnt,
2125 1706 2328 1760 eosque
2370 1693 2691 1748 suﬂimeutis
2722 1706 2775 1748 et
2805 1699 3088 1752 sacriﬁciis
3116 1715 3178 1753 ac
3209 1699 3489 1754 libationi-

1925 1778 2025 1835 bus
2055 1781 2233 1835 colere
2270 1799 2372 1835 non
2405 1796 2680 1838 verentur.
2725 1785 2789 1840 Et
2823 1803 2942 1856 quae
2978 1789 3118 1856 apud
3161 1789 3280 1844 illos
3305 1806 3490 1846 secre-

243 1889 292 1926 τι
327 1877 454 1943 παρ’
485 1874 669 1937 αὑτοῖς
695 1873 872 1942 λόγιον
901 1874 1173 1946 ἔγγραφον
1189 1875 1661 1949 θαμϐωθήσεσθαι,
1688 1879 1809 1951 θάμ-

1924 1872 2059 1924 tiora
2115 1873 2399 1938 habentur,
2458 1877 2655 1944 quibus
2719 1878 2918 1932 auditis
2970 1881 3218 1947 protinus
3278 1881 3490 1936 animos

245 1965 366 2028 ϐους
395 1964 469 2028 ὡς
502 1966 716 2036 άληθῶς
761 1967 853 2020 καὶ
888 1967 1097 2040 φρενῶν
1132 1969 1438 2033 ἐκστάσεως
1478 1971 1571 2023 καὶ
1619 1971 1816 2042 μανίας

244 2057 457 2128 ἐμπλεω
485 2059 764 2128 τυγχάνει,
789 2058 1012 2112 τοιαῦτα
1039 2059 1186 2124 ὅντα,
1218 2060 1294 2123 ὡς
1326 2062 1400 2131 μὴ
1431 2061 1591 2132 μόνον
1624 2064 1697 2134 μὴ
1721 2064 1814 2116 δυ-

244 2151 372 2203 νατά
403 2145 547 2204 εἶναι
597 2150 964 2222 παραδοθῆναι
1013 2155 1220 2223 γραφῇ,
1260 2152 1376 2205 ἀλλ’
1419 2154 1540 2207 οὑδὲ
1582 2155 1816 2224 χείλεσιν

241 2242 370 2296 αὑτὸ
399 2243 564 2313 μόνον
600 2244 666 2297 δι’
697 2243 996 2315 ὑπερϐολὴν
1026 2247 1413 2316 αἰσχρουργίας
1437 2265 1494 2300 τε
1525 2249 1616 2302 καὶ
1642 2251 1815 2321 ἀρρη-

242 2336 498 2400 τοποιτας,
537 2335 760 2409 ἀνδράσι
787 2335 1023 2408 σώφροσι
1044 2337 1357 2409 λαληθῆναι.
1389 2342 1456 2393 ’Ὀ
1477 2359 1528 2394 τι
1560 2343 1689 2396 ποτὲ
1705 2343 1814 2415 γὰρ

240 2425 303 2478 ἂν
323 2423 408 2498 εἴη
434 2428 467 2497 ἢ
490 2429 803 2500 ἐπινοηθείη
830 2433 1027 2497 παντὸς
1057 2434 1282 2505 αἰσχροῦ
1313 2433 1675 2506 μιαρώτερον,
1692 2435 1816 2490 τοῦ-

238 2535 298 2571 το
329 2521 434 2573 πᾶν
467 2521 892 2592 ὑπερηκόντισεν
923 2527 954 2596 ἡ
990 2525 1155 2578 τῶνδε
1191 2529 1552 2600 μυσαρωτάτη
1580 2529 1810 2601 αἵρεσις,

237 2612 356 2672 ταῖς
378 2611 596 2676 ἀθλίαις
614 2615 706 2666 καὶ
722 2615 985 2668 παντοίων
1015 2617 1089 2681 ὡς
1108 2617 1321 2689 ἀληθῶς
1339 2619 1526 2674 κακῶν
1547 2638 1814 2693 σεσωρευ-

243 2703 425 2774 μέναις
447 2705 696 2774 γυναιξὶν
721 2707 1245 2776 ἐγκαταπαιζόντων.

764 2881 1160 2935 ΚΕΦΑΛΑΙΟΝ
1191 2884 1289 2937 1Δ¹.

235 2971 372 3041 Περὶ
425 2971 534 3025 τοῦ
556 2972 711 3047 κατὰ
747 2971 988 3047 Ῥώμηξί
1019 2975 1400 3047 κηρύπςματοςῗ
1430 2975 1656 3047 Πέτρου
1701 2975 1808 3031 τοῦ

537 3043 880 3096 ἀποστόλου
907 3044 1043 3111 (Nic.
1083 3043 1155 3098 II.
1182 3044 1246 3098 E.
1292 3060 1348 3107 ll,
1382 3045 1494 3105 M).

303 3136 577 3190 Τοιούτων
601 3135 786 3189 κακῶν
813 3136 1023 3208 πατέρα
1054 3136 1145 3189 καὶ
1165 3136 1491 3210 δημιουργὸν
1517 3137 1608 3192 τὸν
1630 3138 1808 3210 Σίμω-

230 3244 298 3282 να
325 3229 448 3281 κατ’
485 3231 658 3282 ἐκεῖνο
685 3227 900 3300 καιροῦ,
951 3228 1190 3300 ὡσπερεὶ
1221 3229 1392 3298 μέγαν
1431 3231 1524 3284 καὶ
1561 3229 1809 3301 μεγάλων

231 3321 522 3375 ἀντίπαλον
553 3321 658 3374 τῶν
684 3321 985 3374 θεσπεσίων
1004 3321 1096 3374 τοῦ
1126 3322 1372 3392 Σωτῆρος
1402 3321 1558 3393 ἡμῶν
1577 3322 1808 3376 ἀποστό-

230 3411 356 3476 λων,
392 3417 425 3486 ἠ
455 3412 748 3484 μισόκαλος
804 3415 897 3466 καὶ
926 3415 1022 3484 τῆς
1059 3413 1358 3485 ἀνθρώπων
1382 3415 1660 3478 ἐπίϐουλος
1703 3432 1808 3468 σω-

229 3506 422 3578 τηρίας
456 3505 670 3577 πονηρά
704 3507 931 3576 δύναμις
973 3505 1369 3575 προὺστήσατο.
1412 3506 1598 3577 Ὅμως
1625 3506 1668 3558 δ’
1714 3502 1806 3559 οὖν

229 3600 402 3670 ἡθεία
448 3599 545 3652 καὶ
575 3598 965 3671 ὑπερουράνιος
999 3597 1177 3668 χάρις,
1205 3600 1315 3661 τοῖς
1352 3599 1518 3668 αὑτῆς
1554 3615 1805 3668 συναιρο-

232 3693 361 3763 μένη
396 3691 668 3755 διακόνοις
713 3689 849 3762 (50),
885 3691 950 3744 δι’
974 3691 1290 3759 ἐπιφανείας
1317 3691 1496 3744 αὑτῶν
1534 3691 1628 3743 καλ⁸
1663 3708 1798 3762 παρ-

227 3786 431 3849 ουσίας,
466 3785 845 3856 ἀναπτομένην
895 3783 987 3837 τοῦ
1023 3785 1262 3856 πονηροῦ
1286 3785 1383 3854 τὴν
1415 3783 1586 3852 φλόγα
1709 3784 1807 3836 τά-

229 3892 318 3944 χος
363 3874 612 3938 ἐσϐέννυ,
645 3875 972 3928 ταπεινοῦσα
1002 3874 1070 3927 δι’
1114 3874 1291 3927 αὐτῶν
1331 3875 1424 3926 καὶ
1471 3872 1806 3944 καθαιροῦσα

228 3969 331 4020 πᾶν
356 3966 561 4037 ὕψωμα
593 3966 948 4037 ἐπαιρόμενον
979 3965 1118 4019 κατά
1142 3966 1240 4037 τῆς
1268 3963 1519 4034 γνώσεως
1535 3964 1626 4018 τοῦ
1645 3964 1801 4019 Θεοῦ.

226 4060 311 4113 Διὸ
340 4060 404 4132 δὴ
443 4059 566 4112 οὕτε
597 4059 836 4129 Σίμωνος
869 4057 979 4111 οὔτ’
1014 4057 1176 4112 ἄλλου
1208 4075 1300 4110 του
1347 4056 1454 4110 τῶν
1483 4055 1602 4109 τότε
1646 4056 1804 4125 φυέν-

225 4170 329 4207 των
381 4152 744 4224 συγκρότημά
778 4167 828 4204 τι
859 4151 978 4204 κατ’
1011 4151 1203 4213 αὑτοὺς
1245 4149 1481 4213 ἐκείνους
1521 4148 1648 4211 τοὺς
1671 4148 1804 4200 ἀπο-

228 4245 508 4308 πολικοὺς
563 4245 769 4314 ὑπέστη
837 4243 1079 4316 χρόνους.
1154 4239 1477 4312 ’Υπερενίκα
1543 4239 1651 4311 γὰρ
1708 4238 1802 4292 καὶ

226 4333 523 4402 ὑπερίσχυε
561 4331 627 4385 τά
662 4332 837 4384 πάντα
887 4331 947 4384 τὸ
990 4330 1089 4400 τῆς
1124 4330 1378 4401 ἀληθείας
1431 4330 1653 4398 φέγγος,
1687 4329 1714 4381 ὃ
1741 4346 1800 4381 τε

211 4421 375 4489 Λόγος
400 4422 565 4484 αὐτὸς
595 4423 622 4474 ὁ
645 4420 784 4484 θεῖος
805 4421 928 4492 ἄρτι
955 4419 1138 4473 θεόθεν
1164 4419 1259 4473 ἀνθ
1270 4417 1469 4491 ρώποις
1491 4417 1802 4488 ἐπιλάμψας

227 4515 315 4566 ἐπὶ
346 4515 454 4585 γῆς
485 4531 545 4566 τε
578 4511 860 4583 ἀκμάζων,
891 4513 985 4565 καὶ
1029 4515 1140 4574 τοῖς
1173 4511 1320 4575 ἰδίοις
1360 4510 1674 4573 ἀποστόλοις
1698 4512 1798 4581 ἐμ-

228 4605 660 4676 πολιτευόμενος.
693 4607 898 4660 Ᾱὺτίκα
944 4609 972 4659 ὁ
998 4605 1258 4677 δηλωθεὶς
1284 4605 1415 4675 γόης
1451 4605 1638 4674 ῶσπερ
1695 4602 1800 4655 ὑπὸ

229 4697 369 4762 θείας
408 4699 503 4751 καὶ
550 4697 849 4769 παραδόξου
909 4697 1273 4770 μαρμαρυγῆς
1319 4696 1388 4748 τὰ
1434 4696 1530 4766 τῆς
1565 4694 1800 4758 διανοίας

228 4790 456 4863 πληγεὶς
513 4791 756 4861 ὄμματα,
791 4791 880 4844 ὅτε
943 4792 1206 4862 πρότερον
1237 4788 1328 4840 ἐπί
1378 4787 1478 4857 τῆς
1541 4785 1798 4848 Ἰουδαίας

229 4884 307 4951 ἐφ’
335 4879 421 4946 οἷς
447 4885 608 4953 ἐπονη
619 4882 845 4952 ρεύσατο
872 4882 1007 4952 πρὸς
1024 4881 1116 4933 τοῦ
1134 4879 1430 4933 ἀποστόλου
1446 4878 1649 4949 [Ιέτρου
1667 4895 1798 4930 κατ-

229 4975 506 5046 εφωράθη,
539 4974 800 5045 μεγίστην
835 4974 928 5026 καὶ
949 4973 1309 5044 ὑπερπόντιον
1331 4972 1547 5042 ἀπάρας
1570 4970 1794 5040 πορείαν

228 5066 318 5136 τὴν
348 5068 444 5119 ἀπ’
470 5065 761 5136 ἀνατολῶν,
792 5067 884 5118 ἐπὶ
907 5064 1117 5135 δυσμάς
1152 5062 1322 5133 ᾤχετο
1352 5061 1590 5131 φεύγων,
1625 5062 1800 5131 μόνως

228 5158 396 5232 ταύτῃ
443 5157 634 5228 βιωτὸν
688 5157 836 5228 αὑτῷ
888 5156 1029 5210 κατὰ
1075 5154 1297 5226 γνώμην
1345 5149 1484 5205 εἶναι
1530 5154 1792 5222 οἰόμενος.

299 5388 407 5455 (59)
439 5390 804 5456 Θρησκεύειν
823 5389 1282 5459 ἐπιχειροῦντες.
1303 5388 1358 5442 In
1394 5386 1797 5459 tribusrnostris

232 5461 501 5513 codicibus
520 5462 677 5525 Μυκη
703 5460 838 5516 ﬂed.
868 5458 1077 5516 δινσιε.
1118 5461 1376 5527 scriptum
1413 5458 1591 5513 inveni
1619 5459 1796 5526 ἐγχει-

233 5528 492 5610 ροῦντες...
519 5530 580 5610 iit
617 5533 792 5610 paulo_
826 5543 966 5599 post,
1021 5532 1109 5610 ubi
1165 5527 1632 5610 Ιεςῐιιιξηέμπλεω
1664 5544 1795 5610 τυγ-

233 5600 396 5669 χάνει,
463 5598 632 5653 iidem
676 5598 890 5655 codices
942 5598 1520 5669 scriptum—exhibent
1557 5598 1790 5668 ἔμπλεα.

230 5667 284 5720 In
345 5671 546 5736 0Plinio
608 5680 790 5742 tamen
848 5667 1181 5742 exempl—aria
1217 5669 1495 5724 Mazarin
1559 5667 1788 5742 adnota-

225 5749 340 5813 tum
406 5751 486 5792 est
552 5741 619 5794 ad
676 5741 826 5810 datus
884 5738 1068 5798 eadem
1150 5758 1314 5797 manu
1357 5743 1521 5813 :fp.
1572 5738 1793 5807 ἐπιχει-

221 5835 284 5885 {5
295 5808 488 5875 ὗντες.

456 5903 728 5966 Ριτειοι.
765 5903 882 5966 Gn.
919 5905 1051 5968 ΧΧ.

1926 1964 2253 2018 audientium
2280 1967 2427 2020 aiunt
2457 1969 2695 2036 percelli,
2727 1980 2782 2024 et
2817 1981 2874 2024 ut
2910 1973 3090 2027 verbis
3120 1982 3243 2027 utar
3282 1975 3488 2030 oraculi

1925 2057 2069 2128 quod
2129 2059 2489 2127 perscriptum
2543 2061 2748 2116 habent
2783 2103 2797 2127 ,
2857 2063 3212 2133 obstupefieri
3249 2085 3262 2121 :
3298 2083 3486 2122 revera

1923 2152 2161 2221 stuporis
2221 2160 2276 2205 et
2341 2153 2626 2205 dementia:
2677 2162 2839 2222 atque
2899 2155 3121 2208 insania:
3173 2157 3487 2224 plenissima

1923 2252 2053 2298 sunt
2085 2261 2098 2296 :
2127 2245 2261 2298 adeo
2292 2254 2349 2296 ut
2384 2260 2490 2296 non
2521 2245 2679 2298 modo
2703 2245 2918 2313 scriptis
2949 2245 3123 2314 prodi,
3157 2248 3249 2300 sed
3284 2262 3349 2300 ne
3379 2263 3490 2301 ser-

1923 2351 2083 2390 mone
2101 2335 2314 2404 quidem
2354 2334 2530 2388 cﬂ‘erri
2564 2337 2770 2404 possint
2801 2352 2828 2390 a
2860 2337 3120 2391 modestis
3149 2339 3480 2401 hominibus,

1915 2430 1984 2483 ob
2024 2429 2242 2483 nimiam
2278 2428 2662 2497 turpitudinem
2698 2440 2856 2497 atque
2893 2429 3305 2484 obseeuitatem.
3340 2431 3486 2486 Nihil

1919 2518 2062 2572 enim
2096 2528 2204 2572 tam
2235 2517 2505 2587 impurqu
2537 2528 2628 2570 aut
2667 2533 2786 2572 esse
2809 2528 2901 2571 aut
2925 2520 3216 2588 excogitari
3245 2537 3481 2590 unquam

1915 2619 2112 2680 potest,
2168 2610 2312 2678 quod
2367 2609 2784 2679 ﬂagitiosissima
2839 2611 3049 2666 illorum
3111 2623 3259 2667 secta
3326 2615 3486 2686 longo

1914 2701 2199 2756 intervallo
2247 2718 2352 2757 non
2401 2711 2642 2771 superet,
2695 2703 2819 2756 dum
2875 2703 3088 2758 miseris
3133 2716 3296 2774 atque
3335 2707 3482 2762 omni

1918 2787 2124 2842 scelere
2151 2790 2422 2858 coopertis
2453 2789 2766 2844 mulieribus
2795 2791 3042 2848 illudunt.

2496 2877 2725 2935 CAPUT
2765 2879 2902 2934 XIV.

2018 2995 2096 3049 De
2121 2997 2497 3066 praedicatione
2521 2997 2671 3052 Petri
2707 3000 2932 3067 apostoli
2956 3002 3008 3052 in
3036 3003 3162 3056 urbe
3186 3001 3371 3058 Roma.

1985 3131 2138 3187 Hunc
2182 3132 2345 3202 igitur
2384 3142 2651 3188 tantorum
2695 3135 2960 3189 scelerum
3009 3146 3279 3194 auctorem
3321 3150 3483 3210 atque

1912 3226 2268 3280 architectum
2304 3226 2581 3280 Simonem
2615 3229 2821 3281 daemon
2849 3229 3062 3283 virtutis
3095 3231 3377 3299 inimicus,
3421 3242 3479 3287 et

1909 3319 2185 3372 hominum
2243 3319 2403 3373 saluti
2467 3319 2850 3376 infestissimus
2903 3321 2986 3375 bis
3040 3325 3371 3393 temporibus
3424 3325 3479 3380 in

1909 3413 2139 3464 medium
2174 3413 2468 3480 produxit,
2503 3424 2560 3466 ut
2586 3415 2791 3483 i‘uagnis
2821 3428 2875 3470 et
2905 3416 3315 3471 admirabilibus
3347 3417 3478 3472 Ser-

1907 3497 2110 3552 vatoris
2144 3500 2312 3552 nostri
2341 3501 2600 3569 apostolis
2623 3517 2719 3570 par
2745 3505 3094 3560 adversarius
3126 3507 3475 3562 consisteret.

1906 3584 2106 3640 Verum
2138 3586 2244 3658 52
2277 3591 2517 3646 caelestis
2564 3592 2656 3647 Dei
2704 3596 2876 3663 gratia
2904 3612 3026 3661 quae
3058 3597 3324 3651 ministris
3365 3597 3477 3652 suis

1906 3690 2120 3747 semper
2165 3679 2368 3732 auxilio
2415 3689 2520 3746 est,
2571 3696 2666 3751 per
2717 3683 3028 3738 earumdem
3080 3685 3370 3739 adventum
3411 3701 3477 3741 ac

1905 3768 2249 3835 pra-sentiam
2292 3770 2562 3825 ﬂammam
2611 3773 2753 3828 illam
2801 3791 2831 3828 a
2892 3777 3132 3831 daamone
3189 3791 3475 3832 accensam

1905 3861 2084 3914 subito
2120 3863 2392 3928 restinxit,
2448 3874 2504 3919 et
2557 3867 2819 3936 superbiat
2847 3867 3045 3922 fastum
3095 3885 3159 3924 ac
3205 3881 3474 3926 tumorem

1905 3954 1994 4022 qui
2025 3970 2083 4008 se
2115 3957 2376 4012 adversus
2409 3959 2501 4013 Dei
2537 3961 2787 4014 notitiam
2842 3963 3131 4029 extulerat,
3181 3963 3380 4032 dejecit
3409 3979 3474 4018 ac

1907 4046 2191 4116 depressit.
2229 4047 2494 4112 Quocirca
2544 4066 2641 4105 nec
2689 4050 2928 4106 Simonis
2968 4067 3065 4106 nec
3115 4053 3341 4108 aliorum
3380 4055 3472 4122 qui

1909 4148 2034 4191 tunc
2061 4139 2316 4206 temporis
2354 4141 2527 4195 exorti
2558 4152 2702 4207 sunt,
2731 4143 3078 4213 conspiratio,
3106 4146 3470 4214 apostolorum

1904 4239 2066 4284 aetate
2123 4232 2412 4300 quidquam
2462 4233 2652 4289 valuit.
2720 4235 2920 4290 Omnes
2984 4238 3129 4290 enim
3194 4237 3474 4292 machinas

1905 4325 2250 4388 retundebat,
2280 4337 2579 4395 cunctaque
2612 4329 2899 4396 superabat
2923 4328 3177 4398 splendor
3206 4329 3471 4396 veritatis,

1897 4415 2159 4483 Verbiqne
2196 4416 2364 4484 ipsius
2395 4417 2560 4470 divini
2606 4421 2843 4487 potentia
2884 4421 3028 4488 quod
3092 4437 3260 4491 nuper
3296 4423 3472 4476 homi-

1832 4549 1874 4604 υ
1907 4507 2064 4561 nibus
2087 4507 2384 4569 aﬂnlserat,
2431 4518 2484 4561 et
2519 4518 2629 4562 tum
2685 4513 2920 4566 maxime
2955 4513 3006 4566 in
3047 4514 3206 4567 terris
3236 4514 3472 4583 vigebat,

1904 4609 1957 4654 et
1988 4601 2040 4654 in
2071 4616 2290 4655 suorum
2317 4602 2687 4670 apostolorqu
2719 4606 2996 4658 mentibus
3023 4605 3312 4660 insidebat.
3347 4605 3474 4659 Sta-

1904 4692 1998 4744 tim
2033 4708 2163 4763 ergo
2210 4696 2573 4766 praestigiator
2609 4695 2699 4750 ille
2753 4711 2912 4764 quem
2960 4698 3213 4761 diximus,
3276 4696 3474 4755 divinat

1904 4782 2038 4838 lucis
2071 4786 2345 4854 insperato
2377 4789 2608 4858 quodam
2631 4788 2917 4858 splendore
2944 4789 3248 4858 perculsus,
3276 4791 3469 4844 simul-

1903 4886 2064 4946 atque
2118 4879 2170 4932 in
2211 4878 2391 4934 Iudaea
2438 4897 2466 4934 a
2528 4880 2688 4934 Petro
2719 4880 2963 4950 apostolo
3023 4881 3302 4935 convictus
3365 4891 3472 4944 est,

1903 4969 2192 5038 omniaque
2215 4971 2330 5040 ejus
2361 4971 2626 5026 maleficia
2656 4973 2951 5041 patefacta,
2977 4971 3290 5042 longissime
3319 4982 3470 5027 trans

1906 5074 2052 5113 tuare
2084 5060 2260 5130 fugam
2301 5063 2552 5131 arripuit,
2603 5064 2670 5117 ab
2723 5061 2952 5117 orientis
2997 5063 3234 5132 partibus
3278 5063 3344 5116 ad
3377 5079 3472 5118 oc-

1904 5166 2088 5205 casum
2125 5153 2430 5223 profectus;
2468 5170 2644 5227 neque
2687 5155 2851 5209 aliter
2882 5169 2940 5208 se
2972 5154 3143 5209 libere
3173 5165 3227 5210 et
3260 5169 3328 5210 ex
3361 5157 3473 5210 ani-

1973 5387 2085 5458 (50)
2121 5386 2278 5455 Vulg.
2300 5386 2440 5458 τοῖς
2485 5385 2690 5458 αὐτοῖς
2718 5382 3120 5458 σιιστςαιρομένη
3145 5380 3467 5458 διακόνοις.

1902 5451 1989 5511 lta'
2005 5451 2076 5538 ex'
2093 5451 2279 5538 caudice
2299 5451 2797 5538 Med._ediilit_itcib.
2819 5451 3146 5538 Stephanus.
3175 5451 3470 5538 Sed‘lottgle

1903 5529 2102 5582 rectius
2135 5530 2183 5581 iu
2211 5531 2399 5602 codice
2421 5529 2605 5602 liegio,
2637 5528 2863 5602 Μίλωνι,
2893 5521 3191 5602 ιῗιιιίριίιιηρ
3217 5530 3270 5602 et
3295 5521 3466 5600 Savil.

1897 5599 2152 5671 scribitur
2195 5601 2306 5661 τοῖς
2335 5593 2920 5671 αὑτῆξσυναιρομένη,
2971 5606 3077 5650 etc.
3127 5593 3271 5671 Quin
3302 5593 3467 5671 etiam

1897 5669 2235 5736 Nicephurns
2263 5671 2402 5722 hanc
2431 5665 3088 5738 scriptura'm'ctniiirmat.
3127 5665 3298 5718 llabct
3322 5665 3468 5716 enim

1891 5740 2002 5802 τοῖς
2029 5739 2241 5811 ἐκείνης
2265 5739 2548 5802 διακόνοις.

3115 5895 3154 5952 6
