4054 6456
521 377 616 431 ΠΙ

1222 370 1490 428 EUSEBII
1527 367 2002 428 CAESARIENSIS
2038 366 2184 423 ore.
2224 351 2412 420 mas
2453 345 2490 412 Ι.
2534 395 2603 407 -
2643 366 3027 422 HlS’l‘OlthA.

3668 375 3768 429 I73

519 495 590 550 mi
624 494 706 550 sui
736 490 1004 547 sententia
1028 490 1298 544 victurum
1337 503 1457 544 esse
1489 487 1990 558 speravit.Tandem
2017 486 2079 539 ad

2196 483 2423 545 Ἐπιὸἀς
2483 481 2541 536 δὲ
2598 485 2698 555 τῆς
2757 483 3039 555 Ῥωμαίων
3105 484 3328 548 πόλεως,
3366 488 3772 560 συναιρομένης

518 588 706 642 urbem
739 585 965 640 Romam
1000 583 1234 646 delatus,
1265 597 1365 652 Ope
1390 592 1550 650 atque
1573 580 1882 650 adjumento
1912 580 2084 634 subsi-

517 679 694 734 dentis
719 679 916 732 ibidem
950 675 1239 738 daamonis,
1273 673 1420 728 brevi
1454 682 1682 727 conatus
1726 687 1853 726 suos
1905 681 2082 725 tanto-

515 786 644 843 pere
667 769 955 841 promovit,
981 779 1038 822 nt
1063 767 1205 822 illius
1222 766 1454 821 civitatis
1481 766 1727 820 homines
1752 765 1798 819 ei
1826 773 2079 833 tanquam

513 866 616 920 deo
664 876 897 920 statuam
936 861 1270 917 collocarint.
1305 857 1409 911 Sed
1445 858 1557 911 haec
1584 872 1689 910 non
1721 856 1810 911 ditt
1859 871 1924 910 ex
1958 864 2082 908 voto

520 959 593 1013 illi
621 957 915 1013 ﬂttxerunt.
957 952 1252 1008 Confestim
1284 951 1429 1004 enim
1455 949 1584 1016 ipsis
1611 946 1818 1003 Claudii
1853 945 2080 1015 Augusti

519 1049 879 1119 temporibus,
921 1045 1149 1114 benigna
1197 1051 1250 1096 et
1298 1041 1716 1096 clementissima
1765 1039 1856 1093 Dei
1901 1038 2081 1109 provio

517 1141 698 1196 tientia
744 1138 1099 1194 fortissimum
1151 1145 1208 1189 et
1261 1133 1555 1186 maximum
1612 1133 1753 1185 inter
1809 1131 2080 1200 apostolos

516 1231 732 1285 Petrum
792 1240 847 1283 et
900 1228 1116 1281 virtutis
1171 1225 1368 1278 merito
1443 1222 1770 1292 reliquorum
1840 1222 2078 1275 omnium

516 1323 813 1393 principem
848 1335 910 1374 ac
937 1331 1223 1390 patronum
1252 1317 1472 1370 Romam
1517 1317 1777 1369 adversus
1814 1315 1955 1368 illam
1985 1329 2081 1384 ge-

519 1415 667 1469 neris
696 1413 914 1468 humani
959 1410 1134 1464 labem
1167 1422 1230 1461 3c
1262 1416 1462 1476 pestem
1507 1405 1772 1476 perducit.
1830 1405 1929 1473 Qui
1960 1418 2081 1461 tan-

517 1521 676 1574 quam
731 1513 984 1559 strenuus
1034 1502 1230 1558 divinae
1278 1499 1482 1552 militia:
1530 1498 1722 1552 ductor
1766 1497 2082 1554 caelestibus

517 1596 684 1650 armis
709 1595 972 1658 munitus,
1017 1593 1312 1664 pretiosam
1359 1590 1502 1644 illam
1542 1590 1676 1646 lucis
1730 1589 2082 1661 intelligibilis

516 1694 746 1733 mercem
800 1681 868 1734 ab
924 1681 1129 1732 oriente
1176 1677 1243 1732 ad
1297 1693 1392 1733 eos
1442 1677 1532 1746 qui
1589 1691 1778 1731 versus
1827 1689 2079 1729 occasum

517 1771 863 1833 habitabant,
916 1770 1108 1825 detulit
1161 1784 1172 1816 :
1235 1769 1407 1823 lucem
1462 1769 1631 1836 ipsam
1684 1776 1737 1820 et
1791 1768 2078 1820 salutarem

2188 576 2334 648 αὐτῷ
2366 573 2434 629 τὰ
2468 576 2676 646 μεγάλα
2704 576 2803 646 τῆς
2829 575 3223 648 ὲφεδρευοὰσης
3257 576 3368 647 (5i)
3409 576 3657 631 ἐνταῦθα
3681 580 3775 633 δυ-

2189 671 2422 740 νάμεως,
2483 672 2539 722 ἐν
2583 669 2749 740 ὀλίγῳ
2794 668 3047 722 τοσοῦτον
3097 667 3166 722 τά
3210 669 3308 740 τῆς
3367 671 3775 742 ἐπιχειρήσεως

2188 763 2405 833 ἦνυστο,
2439 761 2514 825 ὡς
2542 761 2636 815 καὶ
2676 761 2988 832 ἀνδριάντος
3025 761 3275 814 ἀναθέσει
3311 763 3451 834 πρὸς
3499 762 3615 816 τῶν
3646 765 3776 834 τῇδε

2188 844 2273 902 οἷα
2307 850 2425 906 θεὸν
2449 851 2764 921 τιμηθῆναι.
2799 851 2871 904 Οὐ
2904 852 3010 923 μὴν
3033 853 3113 914 είς
3157 853 3365 924 μακρὸν
3395 852 3555 924 αὐτῷ
3601 854 3779 911 ταῦτα

2189 942 2513 1014 προύχώρει.
2544 943 2870 1014 Παραπόδας
2891 943 3019 1012 γοῦν
3046 946 3138 996 ἐπὶ
3167 945 3267 1016 τῆς
3296 946 3470 1016 αὐτῆς
3501 945 3775 1000 Κλαυδίου

2191 1033 2484 1104 βασιλείας,
2541 1037 2574 1106 ἡ
2617 1036 2927 1105 πανάγαθος
2970 1037 3063 1090 καὶ
3119 1036 3618 1108 φιλανθρωποτάτη
3668 1039 3777 1093 τῶν

2187 1125 2321 1180 ὅλων
2353 1127 2601 1199 Πρόνοια,
2635 1128 2726 1181 τὸν
2752 1129 3014 1200 καρτερὸν
3059 1130 3152 1182 καὶ
3187 1129 3358 1199 μέγαν
3390 1129 3504 1182 τῶν
3539 1131 3778 1184 ἀποστό-

2188 1219 2314 1283 λων,
2341 1218 2432 1273 τὺν
2463 1220 2660 1290 ἀρετῆς
2689 1220 2850 1272 ἕνεκα
2876 1220 2985 1273 τῶν
3009 1221 3208 1274 λοιπῶν
3231 1223 3488 1276 ἁπάντων
3531 1226 3777 1294 προήγο-

2190 1329 2300 1383 ρον,
2333 1312 2557 1385 Πέτρον,
2592 1313 2683 1366 ἐπὶ
2718 1311 2812 1384 τὴν
2857 1312 3072 1384 Ῥώμην
3098 1313 3172 1377 ὡς
3201 1315 3293 1367 ἐπὶ
3328 1315 3656 1386 τηλικοῦτον
3684 1316 3778 1369 λυ-

2190 1401 2369 1473 μεῶνα
2397 1402 2509 1473 βίου
2533 1405 2879 1474 χειραγωγεῖ,
2906 1402 2962 1466 ὃς
2992 1398 3083 1456 οἶά
3107 1421 3190 1467 τις
3233 1409 3478 1472 γενναῖος
3511 1405 3611 1458 τοῦ
3637 1406 3775 1459 Θεοῦ

2188 1496 2489 1568 στρατηγὸς
2516 1499 2627 1559 τοῖς
2649 1497 2811 1560 θείοις
2838 1497 3022 1559 ὅπλοις
3061 1495 3424 1567 φραξάμενος,
3468 1498 3574 1568 τὴν
3601 1499 3772 1552 πολυ-

2185 1588 2410 1660 τίμητον
2457 1588 2755 1659 ὲμπορείαν
2797 1588 2891 1642 τοῦ
2927 1589 3116 1658 νοητοῦ
3169 1592 3344 1658 φωτὸς
3395 1589 3454 1654 ἐξ
3490 1591 3771 1644 ἀνατολῶν

2184 1683 2294 1745 τοῖς
2333 1680 2471 1734 κατὰ
2498 1679 2649 1733 δύσιν
2679 1681 2950 1752 ἐκόμιζεν.
2971 1681 3088 1750 φῶς
3120 1681 3249 1734 αὐτὸ
3278 1682 3372 1734 καὶ
3393 1682 3556 1750 λόγον
3579 1683 3772 1753 ψυχῶν

2186 1775 2469 1845 σωτήριον,
2522 1773 2580 1827 τὸ
2627 1775 2886 1846 κήρυγμα
2915 1775 3013 1845 τῆς
3054 1773 3161 1828 τῶν
3193 1774 3438 1847 οὐρανῶν
3486 1775 3772 1847 βασιλείας

518 1864 790 1918 mentibus
829 1863 1162 1927 doctrinam,
1203 1876 1428 1930 regnum
1467 1861 1670 1916 scilicet
1707 1861 1964 1914 calorum
2003 1858 2079 1911 eis

2183 1863 2467 1935 εὐαγγελιζ
2472 1861 2496 1916 ὗ
2503 1882 2678 1935 μενος.

518 1953 866 2006 annunﬁans.

1088 2037 1325 2093 CAPUT
1385 2037 1495 2095 XV.

795 2126 866 2181 De
891 2125 1180 2196 Evangelia
1206 2133 1500 2181 secundum
1534 2129 1795 2186 Marcum.

583 2219 752 2287 Igitur
786 2235 906 2273 cum
967 2220 1057 2274 Dei
1103 2220 1345 2274 doctrina
1386 2219 1660 2277 Romanos
1699 2225 1934 2278 adventu
1982 2240 2079 2280 suo

514 2311 856 2377 illustrasset,
889 2309 1125 2365 Simonis
1169 2310 1386 2379 quidem
1435 2313 1516 2366 vis
1563 2329 1626 2368 ac
1665 2317 1905 2384 potentia
1955 2333 2077 2372 cum

515 2407 630 2474 ipso
656 2403 815 2458 simul
851 2411 1072 2457 auctore
1099 2402 1250 2456 brevi
1275 2403 1539 2458 exstincta
1573 2416 1736 2475 atque
1771 2408 1943 2463 deleta
1969 2418 2076 2464 est.

515 2493 720 2550 Tantus
744 2503 923 2548 autem
950 2494 1197 2548 veritatis
1225 2493 1396 2564 fulgor
1435 2497 1660 2550 emicuit
1709 2498 1761 2552 in
1810 2503 2079 2558 mentibus

513 2601 699 2641 eorum
747 2584 1094 2654 quiPctrum
1125 2587 1433 2651 audierant,
1465 2597 1524 2641 ut
1580 2604 1771 2658 parum
1820 2593 2079 2648 haberent

513 2675 677 2731 semel
703 2676 934 2738 audisse,
955 2672 1058 2744 53
1083 2688 1180 2727 nec
1211 2673 1447 2727 contenti
1469 2687 1649 2730 essent
1672 2677 1905 2731 caelestis
1929 2679 2074 2731 verbi

513 2766 822 2822 doctrinam
857 2766 980 2820 viva
1020 2778 1175 2828 voce,
1205 2763 1370 2818 nullis
1397 2767 1652 2822 traditam
1683 2769 1901 2837 scriptis
1932 2785 2081 2824 acce-

511 2862 704 2934 pisse:
742 2861 837 2916 sed
870 2859 1108 2914 Marcum
1157 2858 1302 2913 Petri
1348 2870 1668 2916 sectatorem
1697 2861 1849 2930 cujus
1883 2863 2077 2917 hodie-

513 2970 618 3024 que
645 2963 824 3010 exstat
851 2953 1234 3024 Evangelium,
1273 2956 1432 3011 enixe
1453 2966 1676 3010 orarent
1713 2965 1774 3009 ut
1815 2956 2076 3011 doctrina:

512 3048 657 3103 i'.‘ius
703 3063 866 3117 quam
909 3048 1092 3101 auditu
1149 3058 1498 3117 acceperant.
1547 3048 1805 3117 scriptum
1863 3047 2075 3115 aliquod

512 3149 924 3196 monumentum
951 3139 1092 3209 apud
1129 3156 1186 3194 se
1213 3140 1561 3209 relinqueret.
1590 3138 1702 3193 Nec
1741 3139 1886 3209 prius
1911 3140 2078 3194 desti-

2702 2035 3094 2091 ΚΕΦΑΛΑΙΟΝ
3120 2039 3222 2091 ῙΕ’.

2179 2128 2313 2196 Περὶ
2336 2129 2440 2183 τοῦ
2458 2130 2605 2182 κατὰ
2619 2130 2860 2196 Μάρκον
2877 2131 3240 2200 Εὐαγγελίου
3256 2128 3396 2202 (Nic.
3419 2131 3495 2185 Η.
3508 2130 3760 2203 E.1t,15).

2250 2221 2403 2276 Οὕτω
2433 2222 2495 2292 δὴ
2526 2217 2618 2274 οὖν
2641 2221 3071 2292 ἐπιδημήσαντος
3088 2224 3268 2286 αὐτοῖς
3288 2223 3380 2276 τοῦ
3404 2223 3555 2277 θείου
3577 2223 3762 2293 λόγου,

2177 2316 2209 2384 ἠ
2243 2315 2337 2384 μὲν
2368 2314 2459 2366 τοῦ
2505 2313 2745 2384 Σίμωνος
2776 2314 2990 2384 ἀπέσϐη
3020 2315 3114 2367 καὶ
3152 2317 3496 2388 παραχρῆμα
3534 2317 3634 2369 σὺν
3669 2317 3764 2370 καὶ

2176 2407 2254 2477 τῷ
2282 2406 2431 2478 ἀνδρὶ
2454 2407 2780 2460 καταλέλυτο
2805 2406 2914 2476 (52)
2933 2406 3180 2476 δύναμις,
3211 2408 3428 2460 τοσοῦτο
3448 2408 3494 2460 δ’
3518 2407 3762 2478 ἐπέλαμ-

2177 2498 2276 2568 ψεν
2321 2501 2438 2561 ταῖς
2471 2498 2576 2551 τῶν
2610 2498 2890 2570 ἀκροατῶν
2935 2498 3027 2550 τοῦ
3067 2499 3272 2571 Πέτρου
3309 2499 3576 2563 διανοίαις
3605 2500 3761 2552 εὐσε-

2180 2588 2330 2650 ϐείας
2355 2589 2574 2656 φέγγος,
2597 2589 2670 2652 ὡς
2699 2590 2771 2660 μὴ
2799 2592 2864 2660 τῇ
2907 2589 3139 2653 εἰσάπαξ
3170 2590 3368 2653 ἱκανῶς
3389 2591 3538 2661 ἔχειν
3566 2591 3757 2662 ἀρκεῖ-

2179 2678 2299 2731 σθαι
2348 2682 2507 2750 ἀκοῇ,
2553 2680 2686 2750 μηδὲ
2722 2683 2785 2750 τῇ
2827 2682 3058 2752 ἀγράφῳ
3092 2680 3185 2733 τοῦ
3215 2682 3358 2735 θείου
3399 2683 3760 2755 κηρύγματος

2176 2770 2901 2844 διδασκαλίᾳ,ξπαρακλήσεσι
2931 2774 2988 2826 δὲ
3017 2776 3297 2838 παντοίαις
3327 2775 3578 2846 Μάρκον,
3608 2771 3668 2828 οὗ
3696 2775 3756 2827 τὸ

2176 2864 2504 2933 Εὐαγγέλιον
2531 2865 2772 2936 φέρεται,
2801 2865 3087 2920 ἀκόλουθον
3126 2868 3252 2921 ὄντα
3289 2868 3496 2938 Πέτρου
3525 2868 3759 2944 λιπαρῆ-

2180 2973 2288 3018 σαι,
2320 2957 2394 3020 ὡς
2421 2956 2484 3010 ἂν
2515 2958 2608 3010 καὶ
2649 2956 2734 3010 διὰ
2771 2958 2984 3028 γραφῆς
3019 2958 3314 3028 ὑπόμνημα
3349 2960 3444 3027 τῆς
3470 2959 3563 3012 διὰ
3599 2960 3755 3028 λόγου

2179 3046 2570 3119 παραδοθείσης
2598 3048 2778 3110 αὐτοῖς
2804 3047 3116 3118 καταλείψοι
3146 3049 3511 3114 διδασκαλίας,
3534 3051 3609 3122 μὴ
3632 3050 3758 3123 πρόο

2178 3139 2333 3209 τερόν
2369 3155 2428 3192 τε
2461 3139 2686 3203 ἀνεῖναι,
2738 3139 2770 3210 ἢ
2820 3139 3261 3211 κατεργάσασθαι
3306 3141 3396 3194 τὸν
3437 3143 3630 3214 ἄνδρα,
3666 3144 3755 3196 καὶ

515 3241 693 3287 terunt
728 3246 892 3302 quam
919 3232 1193 3286 hominem
1237 3243 1660 3302 expugnassent,
1718 3226 2073 3302 auctoresque

2183 3227 2344 3300 ταύτῃ
2366 3229 2569 3292 αἰτίους
2595 3228 2846 3298 γενέσθαι
2872 3230 2970 3298 τῆς
2995 3229 3088 3282 τοῦ
3117 3230 3405 3301 λεγομένου
3432 3234 3576 3287 κατά
3600 3233 3756 3306 Μάρ-

513 3324 789 3379 scribeudi
826 3323 968 3377 illius
1025 3325 1166 3392 quod
1221 3325 1513 3378 secundum
1562 3323 1802 3378 Marcum
1855 3324 2073 3392 dicitur,

511 3415 787 3487 Evangelii
815 3415 1168 3471 exstitissent.
1202 3415 1354 3480 Quod
1384 3431 1507 3471 cum
1533 3416 1724 3470 Petrus
1749 3431 1841 3485 per
1873 3417 2078 3472 revela-

515 3511 713 3562 tionem
728 3509 897 3562 sancti
923 3506 1154 3576 Spiritus
1171 3510 1533 3580 cognovisset,
1558 3508 1854 3564 delectatus
1871 3509 2078 3565 ardenti

520 3599 798 3653 hominum
825 3599 1021 3659 studio,
1047 3599 1243 3652 librum
1274 3598 1419 3651 illum
1449 3600 1772 3655 auctoritate
1787 3615 1890 3654 sua
1923 3616 2079 3656 com-

511 3691 774 3762 probasse
803 3691 1020 3752 dicitur,
1042 3699 1099 3745 ut
1122 3692 1375 3762 deinceps
1424 3692 1477 3745 in
1511 3692 1756 3746 ecclesiis
1785 3692 2075 3762 legeretur.

513 3784 767 3840 Refertur
796 3785 846 3839 id
883 3800 910 3837 a
936 3783 1211 3840 Clemente
1233 3785 1284 3839 in
1317 3796 1469 3840 sexto
1493 3784 1890 3840 Institutionum
1919 3787 2078 3839 libro.

513 3877 610 3930 Cui
668 3876 823 3932 testis
876 3878 1037 3930 etiam
1100 3878 1308 3931 accedit
1362 3877 1586 3946 Papias,
1639 3877 2073 3946 ilierapolitanus

513 3964 813 4035 episcopus.
866 3963 1036 4020 Porro
1098 3965 1263 4021 Marci
1303 3968 1631 4022 mentionem
1679 3967 1793 4022 fieri
1842 3969 1989 4022 aiunt
2042 3984 2073 4023 a

585 4157 698 4228 (51)
737 4154 848 4224 Τῆς
875 4155 1340 4228 ἐφεδρευούσηςι.
1372 4155 1506 4228 Male
1541 4157 1684 4228 hunc
1721 4155 1896 4228 lorum
1939 4155 2082 4221 cepit

512 4223 764 4283 Rufinus.
789 4230 866 4281 sic
893 4223 1034 4280 cnim
1064 4228 1223 4280 vertit
1255 4244 1267 4278 :
1307 4225 1360 4278 Is
1385 4227 1564 4278 urbem
1610 4223 1830 4279 Romam
1878 4227 2081 4292 ingres-

511 4314 623 4362 sus,
658 4309 804 4350 utens
827 4296 1154 4349 adminiculo
1203 4296 1492 4349 assistentis
1533 4296 1631 4348 sibi
1677 4306 1722 4348 et
1767 4296 2081 4349 adha’rentis

512 4368 852 4420 drentmtiacte
878 4367 1104 4430 virtutis,
1135 4382 1291 4435 quam
1327 4364 1608 4433 paredrum
1641 4376 1847 4418 vocant.
1886 4365 2078 4435 Verum

512 4437 781 4490 Eusebius
807 4436 1046 4504 loquitur
1097 4434 1164 4490 de
1201 4435 1466 4498 da-mone,
1515 4436 1604 4502 qui
1651 4436 1702 4488 in
1751 4437 1884 4488 urbe
1912 4434 2078 4488 itonta

511 4506 673 4595 sive?!
687 4509 767 4595 1".
791 4504 1418 4595 οιρίιειεῑιέξιεηιμιλιιῐιξείέἰι
1437 4505 1626 4595 feles
1651 4505 2080 4595 39..¢9'_"i°1'§91'1
2117 4543 2157 4595 ο

511 4572 791 4646 posuerat.
841 4578 898 4629 ιιι
935 4576 1123 4630 codice
1157 4572 1463 4631 Fuketiauo
1489 4586 1542 4629 et
1574 4575 1848 4629 Saviliano
1879 4574 2081 4644 legitur

512 4645 954 4721 euvsopsuoticng.

585 4713 697 4787 (52')
736 4718 860 4772 Σὺν
889 4713 990 4770 καὶ
1032 4717 1112 4784 τῷ
1141 4717 1309 4785 ἀνδρὶ
1335 4715 1726 4771 καταλέλυτα
1760 4713 2080 4787 Εκ-Ῑιῑςῐζιι-

515 4784 650 4842 sebii
674 4784 858 4843 verbis
891 4789 1177 4857 perSpicue
1214 4784 1506 4853 celligitur,
1561 4788 1798 4840 Simonis
1829 4784 1967 4857 Magi
2001 4786 2081 4837 in-

513 4859 734 4911 teritum
755 4859 939 4913 Itonia:
954 4856 1054 4912 con
1067 4859 1254 4927 tigisse
1271 4858 1574 4926 principatu
1595 4857 1804 4927 Claudii
1830 4856 2078 4927 Attgttfli.

510 4927 648 4981 Nam
681 4928 945 4982 Eusebius
971 4924 1162 4983 scribit
1191 4924 1408 4982 Petrum
1438 4935 1698 4996 regnante
1731 4924 1952 4981 Claudio
1976 4925 2082 4977 Ro-

511 5014 654 5050 mam
711 5000 957 5061 venisse;
1010 4999 1306 5067 statimque
1358 4998 1595 5051 Simonis
1643 4997 1880 5064 magicas
1935 5008 2077 5049 artes

511 5067 660 5121 Petri
695 5069 932 5120 adventu
989 5067 1290 5131 discussus,
1323 5077 1379 5122 et
1427 5082 1547 5120 cum
1583 5078 1805 5119 auctore
1841 5067 1954 5134 ipse
1989 5069 2075 5117 de-

511 5149 748 5190 structas
781 5139 968 5193 fuisse.
1006 5137 1308 5208 Eusebium
1346 5147 1564 5208 secutus
1615 5137 1851 5208 Symeon
1913 5134 2076 5188 Meta~

510 5209 760 5277 phrastes
792 5250 806 5275 ,
857 5208 1094 5262 Simonis
1149 5207 1434 5277 interitum
1486 5207 1694 5277 Claudii
1747 5207 2079 5277 temporibus

510 5274 777 5331 accidisse
807 5280 1014 5331 scribit.
1042 5279 1109 5331 At
1139 5277 1400 5331 Baronius
1427 5276 1476 5328 in
1500 5276 1814 5340 Annalibus,
1843 5287 1897 5327 et
1925 5274 2078 5343 Sigo-

510 5350 634 5401 nius
668 5348 722 5401 in
751 5346 946 5400 librum
995 5348 1292 5401 secundum
1349 5345 1601 5399 Historia:
1648 5362 1815 5400 sacra:
1849 5344 2076 5411 Sulpicii

510 5418 709 5481 Severi,
733 5418 785 5471 id
812 5417 1040 5470 Neronis
1069 5417 1399 5484 temporibus
1422 5416 1688 5471 accidisse
1711 5416 2074 5471 contendunt:

511 5488 664 5554 cujus
693 5487 771 5541 rei
817 5496 1072 5540 auctores
1119 5488 1316 5540 habent
1361 5486 1649 5550 Severum,
1697 5486 2075 5553 Augustinum,

511 5557 862 5610 l‘bilastrium
897 5567 949 5609 et
979 5555 1270 5609 Maximum
1322 5555 1738 5610 Taurineusem.
1791 5557 1903 5624 Ego
1949 5571 2079 5609 vero

512 5627 727 5681 Eusebii
757 5629 1074 5680 sententiam
1114 5642 1159 5678 vt
1183 5627 1380 5679 t'iorem
1419 5639 1568 5694 puto.
1598 5624 1730 5679 Cum
1777 5629 1920 5679 enim
1945 5641 2076 5679 cou-

509 5709 615 5749 stet
653 5712 718 5750 ex
750 5695 965 5750 Iustino
1020 5707 1075 5750 et
1120 5698 1346 5760 Ire-nmo,
1383 5697 1662 5750 Simonem
1708 5697 1808 5750 sub
1850 5697 2077 5751 Claudio

510 5768 737 5819 llomam
774 5769 986 5820 venisse
1016 5776 1069 5819 et
1121 5767 1462 5820 fraudulenta
1500 5767 1734 5821 edidisse
1770 5767 2072 5830 miracula;

507 5851 737 5904 cumque
759 5839 920 5890 etiam
947 5846 1179 5904 constet,
1205 5835 1419 5892 Petrum
1443 5836 1681 5907 ejusdem
1708 5837 1913 5891 Claudii
1943 5847 2077 5889 tem-

2181 3339 2276 3376 κον
2303 3322 2632 3390 Εὑαγγελίου
2660 3323 2894 3392 γραφῆς.
2934 3323 3134 3375 Γνόντα
3170 3323 3226 3376 δὲ
3255 3325 3314 3376 τδ
3346 3323 3588 3396 πραχθὲν
3622 3324 3756 3395 φασὶ

2181 3413 2272 3466 τὸν
2302 3413 2593 3466 ἀπόστολον
2622 3413 3064 3482 ἀποκαλύψαντος
3093 3414 3238 3485 αὕτῷ
3275 3415 3368 3468 τοῦ
3407 3417 3550 3470 Πνεύ
3563 3434 3753 3488 ματος,

2181 3504 2415 3577 ἡσθῆναι
2446 3507 2510 3575 τῇ
2540 3505 2646 3557 τῶν
2693 3505 2898 3576 ἀνδρῶν
2932 3505 3224 3578 προθυμίᾳ,
3259 3507 3502 3578 κυρῶσαί
3543 3527 3610 3562 τε
3654 3509 3752 3579 τὴν

2183 3597 2398 3668 γραφὴν
2449 3599 2528 3660 είς
2577 3597 2812 3661 ἔντευξιν
2853 3601 2971 3662 ταῖς
3023 3599 3358 3669 ἐκκλησίαις..
3416 3601 3653 3672 Κλήμης
3696 3601 3753 3652 ὲν

2183 3690 2327 3760 ἕκτῳ
2377 3688 2485 3742 τῶν
2540 3689 2998 3744 Ὑποτυπώσεων
3049 3690 3159 3760 (55)
3218 3691 3603 3762 παρατέθειται
3657 3693 3753 3763 τὴν

2189 3782 2446 3854 ἱστορίαν,
2480 3786 2936 3853 συνεπιμαρτυρεῖ
2964 3783 3007 3836 δ’
3036 3783 3182 3854 αὐτῷ
3203 3784 3294 3837 καὶ
3325 3784 3352 3835 ὁ
3383 3784 3750 3855 Ἱεραπολίτης

2181 3877 2496 3940 ἐπίσκοπος,
2521 3876 2744 3947 ὀνόματι
2780 3877 3010 3940 Παπίας.
3036 3876 3139 3928 Τοῦ
3173 3877 3226 3929 δὲ
3263 3877 3487 3945 Μάρκου
3537 3893 3750 3950 μνημο-

2180 3968 2352 4022 νεύειν
2383 3969 2488 4039 (54)
2519 3969 2608 4022 τὸν
2653 3968 2856 4038 Πέτρον
2914 3970 2970 4021 ὲν
3000 3970 3065 4037 τῇ
3099 3968 3336 4039 προτέρᾳ
3359 3966 3749 4040 Ἑπιστολῇ,ἢν

2189 4156 2409 4225 poribus
2444 4157 2667 4211 Romam
2717 4172 2774 4212 se
2822 4155 3114 4210 contulisse
3161 4154 3228 4209 ad
3263 4154 3498 4210 Simonis
3533 4152 3746 4225 fraudes

2189 4224 2566 4290 confutandas,
2596 4227 2890 4281 verisimile
2921 4243 3028 4298 non
3061 4236 3145 4298 est
3181 4227 3454 4298 Simonem
3482 4224 3744 4298 _ta_m_diu,
3789 4287 3794 4298 '

2188 4306 2452 4366 praesente
2478 4307 2638 4366 atque
2663 4306 2874 4352 astante
2918 4297 3078 4352 Petro
3112 4297 3395 4366 insultasse
3427 4295 3548 4366 fidei
3591 4292 3746 4366 Chri-

2188 4361 2398 4420 stiante.
2432 4361 2666 4436 Sed’qui
2694 4367 2930 4421 Simonis
2961 4367 3184 4420 exilium
3219 4365 3268 4418 in
3300 4365 3530 4419 Neronis
3565 4361 3748 4436 confes-

2189 4447 2312 4488 runt
2347 4432 2608 4504 tempora,
2646 4437 2695 4490 id
2745 4435 2938 4492 fecisse
2965 4437 3234 4498 videntur,
3286 4445 3343 4489 ut
3378 4433 3652 4504 triumphi
3676 4432 3746 4504 de

2185 4506 2404 4559 Simone
2435 4501 2539 4559 acti
2573 4508 2843 4573 particeps
2893 4519 3040 4561 esset
3091 4506 3312 4560 Paulus.
3347 4501 3571 4558 Norant
3605 4501 3743 4557 enim

2185 4575 2408 4628 Paulum
2436 4572 2735 4642 apostolum
2765 4577 2980 4632 Nerone
3001 4577 3217 4630 demqu
3250 4584 3506 4642 regnante
3533 4572 3746 4626 venisse

2183 4643 2432 4699 Romam.
2465 4646 2650 4713 Itaque
2689 4655 2745 4698 ut
2778 4647 3058 4700 certamini
3091 4647 3161 4699 illi
3197 4644 3340 4698 Petri
3369 4659 3491 4697 cum
3527 4643 3746 4697 Simone

2183 4717 2492 4782 interesset,
2526 4728 2799 4770 certamen
2833 4717 2962 4770 illud
2997 4717 3050 4770 in
3086 4716 3316 4769 Neronis
3346 4726 3585 4781 tempora
3615 4726 3744 4782 con-

2186 4785 2443 4841 tulerunt.
2482 4781 2667 4840 Porro
2717 4792 2783 4839 de
2821 4787 3117 4840 certamine
3149 4786 3241 4840 illo
3291 4794 3344 4836 et
3399 4784 3468 4836 de
3510 4781 3744 4836 Simonis

2183 4857 2388 4919 volatu,
2423 4858 2625 4910 nullttm
2661 4856 2748 4908 hic
2794 4858 3014 4909 Verbum
3065 4857 3198 4907 dixnt
3252 4853 3538 4909 Eusebius.
3575 4851 3744 4904 Sileut

2183 4927 2343 4980 etiam
2376 4930 2612 4983 ircnmus
2640 4937 2694 4978 et
2720 4923 2978 4980 Justinus.
3000 4925 3154 4979 Certe
3173 4925 3372 4977 lcarius
3397 4923 3485 4975 ille
3509 4921 3741 4976 Simonis

2185 4997 2460 5060 interitus,
2497 4998 2768 5066 quomodo
2794 4996 3132 5066 renttseutire
3168 4995 3338 5063 possit
3390 5008 3514 5066 cum
3567 5001 3738 5045 statua

2187 5067 2277 5120 illa
2306 5063 2538 5120 Simonis
2563 5066 2750 5120 Sancti
2783 5065 2897 5127 Dei,
2935 5065 3180 5133 equidem
3222 5080 3327 5116 non
3349 5063 3530 5133 video.

2252 5137 2363 5206 (55)
2381 5136 2628 5206 Κλήμης
2648 5134 2717 5187 ἐν
2737 5134 2889 5206 ἕκτῳ
2911 5129 3027 5206 (cur
3061 5135 3072 5151 '
3086 5131 3546 5206 Υεξρτυςεῴσεων.
3571 5129 3742 5206 [:ocus

2182 5198 2658 5275 Cletnéntis‘qtte'tn
2691 5207 2778 5259 hic
2826 5201 3092 5276 _(_iesigttat
3144 5199 3450 5276 Eusebius,
3515 5198 3746 5276 refertur

2187 5277 2328 5347 infra
2398 5279 2450 5332 in
2521 5272 2673 5330 libro
2718 5290 2768 5329 \‘l
2820 5272 3073 5347 Historia:
3121 5272 3523 5347 ecclesiasticqz,
3570 5272 3742 5347 capite

2181 5345 2394 5399 decimo
2426 5357 2649 5414 quarto,
2686 5347 2753 5397 ad
2790 5357 2946 5412 quem
2967 5343 3168 5409 locum,
3191 5343 3296 5396 Deo
3317 5338 3565 5405 juvante,
3590 5338 3740 5407 plura

2180 5415 2380 5470 dicmri
2416 5429 2623 5468 smnus.

2251 5484 2362 5554 (54)
2407 5483 2516 5538 Τοῦ
2553 5484 2622 5537 δὲ
2667 5483 2927 5554 Μάρκου
2949 5481 3372 5554 μνημονεύειν.
3408 5478 3552 5554 ΠειιιιΔ
3580 5476 3738 5554 verba

2179 5547 2493 5619 sic‘ac'cepit
2517 5547 2930 5619 Rulinnsﬁpzasi
2950 5547 3014 5604 'id
3035 5547 3250 5618 a'i’apia
3278 5551 3502 5603 relatum
3531 5547 3736 5600 fuisset.

2181 5624 2271 5678 Sic
2287 5627 2429 5678 enim
2453 5626 2650 5678 vertit:
2679 5620 3070 5692 Cuiqueisimile
3100 5621 3186 5672 dat
3205 5620 3567 5692 testimonium
3589 5623 3741 5692 etiam

2181 5695 2534 5764 {iiet'apolites
2571 5681 2851 5764 cpiswpas
2872 5691 3065 5764 Papias
3092 5690 3287 5764 :qui__et
3313 5691 3409 5764 hoc
3435 5691 3582 5764 dicit,
3607 5681 3740 5764 quod

2181 5759 2371 5817 Petrus
2422 5769 2474 5818 in
2527 5759 2694 5834 prima
2742 5759 2995 5830 ’Ept'stola
3049 5777 3145 5834 sua
3206 5759 3377 5812 Marci
3428 5759 3739 5834 meminerit.

2180 5835 2439 5890 Eutudem
2465 5831 2683 5892 sensum
2721 5834 2772 5887 iu
2801 5831 3245 5900 interpretatione
3298 5844 3392 5884 sua
3424 5841 3643 5883 secutus
3664 5833 3742 5905 est
