  <div class='ocr_page' id='page_1' title='image "/cluster/home/n/w/nwhite01/storage/ocr_20150623/20/hvd.32044073501181/100.png"; bbox 0 0 4054 6456; ppageno 0'>
   <div class='ocr_carea' id='block_1_1' title="bbox 378 423 485 477">
    <p class='ocr_par' dir='ltr' id='par_1_1' title="bbox 378 423 485 477">
     <span class='ocr_line' id='line_1_1' title="bbox 378 423 485 477; baseline -0.019 0"><span class='ocrx_word' id='word_1_1' title='bbox 378 423 485 477; x_wconf 71' lang='grc'><strong>173</strong></span> 
     </span>
    </p>
   </div>
   <div class='ocr_carea' id='block_1_2' title="bbox 1396 429 2624 495">
    <p class='ocr_par' dir='ltr' id='par_1_2' title="bbox 1396 429 2624 495">
     <span class='ocr_line' id='line_1_2' title="bbox 1396 429 2624 495; baseline 0.01 -12"><span class='ocrx_word' id='word_1_2' title='bbox 1396 429 1746 490; x_wconf 56' lang='lat' dir='ltr'><strong>HISTORIA:</strong></span> <span class='ocrx_word' id='word_1_3' title='bbox 1785 434 2349 494; x_wconf 57' lang='lat' dir='ltr'><strong>ECCLESIASTICJE</strong></span> <span class='ocrx_word' id='word_1_4' title='bbox 2388 438 2515 495; x_wconf 83' lang='lat' dir='ltr'><strong>LIB.</strong></span> <span class='ocrx_word' id='word_1_5' title='bbox 2560 439 2624 495; x_wconf 85' lang='lat' dir='ltr'><strong>ll.</strong></span> 
     </span>
    </p>
   </div>
   <div class='ocr_carea' id='block_1_3' title="bbox 3514 446 3617 501">
    <p class='ocr_par' dir='ltr' id='par_1_3' title="bbox 3514 446 3617 501">
     <span class='ocr_line' id='line_1_3' title="bbox 3514 446 3617 501; baseline 0.039 -5"><span class='ocrx_word' id='word_1_6' title='bbox 3514 446 3617 501; x_wconf 69' lang='lat'><strong>{7|</strong></span> 
     </span>
    </p>
   </div>
   <div class='ocr_carea' id='block_1_4' title="bbox 372 538 1931 630">
    <p class='ocr_par' dir='ltr' id='par_1_4' title="bbox 372 538 1931 621">
     <span class='ocr_line' id='line_1_4' title="bbox 372 538 1931 621; baseline 0.01 -30"><span class='ocrx_word' id='word_1_7' title='bbox 372 539 469 591; x_wconf 74' lang='grc' dir='ltr'><strong>καὶ</strong></span> <span class='ocrx_word' id='word_1_8' title='bbox 492 538 746 604; x_wconf 75' lang='grc' dir='ltr'><strong>συντάξαι</strong></span> <span class='ocrx_word' id='word_1_9' title='bbox 773 541 940 607; x_wconf 70' lang='grc' dir='ltr'>φασιν</span> <span class='ocrx_word' id='word_1_10' title='bbox 966 541 1050 593; x_wconf 77' lang='grc' dir='ltr'><strong>ἐπ’</strong></span> <span class='ocrx_word' id='word_1_11' title='bbox 1088 543 1255 613; x_wconf 78' lang='grc' dir='ltr'>αὐτῆς</span> <span class='ocrx_word' id='word_1_12' title='bbox 1295 544 1532 617; x_wconf 84' lang='grc' dir='ltr'><strong>Ῥώμης,</strong></span> <span class='ocrx_word' id='word_1_13' title='bbox 1574 552 1857 621; x_wconf 76' lang='grc' dir='ltr'><strong>σημαίνειν</strong></span> <span class='ocrx_word' id='word_1_14' title='bbox 1891 570 1931 605; x_wconf 85' lang='grc' dir='ltr'><strong>τι</strong></span> 
     </span>
    </p>
   </div>
   <div class='ocr_carea' id='block_1_5' title="bbox 2032 538 3620 630">
    <p class='ocr_par' dir='ltr' id='par_1_5' title="bbox 2052 554 3620 630">
     <span class='ocr_line' id='line_1_5' title="bbox 2052 554 3620 630; baseline 0.003 -20"><span class='ocrx_word' id='word_1_15' title='bbox 2052 554 2214 610; x_wconf 88' lang='lat' dir='ltr'><strong>Petro</strong></span> <span class='ocrx_word' id='word_1_16' title='bbox 2238 556 2291 610; x_wconf 92' lang='lat' dir='ltr'><strong>in</strong></span> <span class='ocrx_word' id='word_1_17' title='bbox 2321 556 2499 625; x_wconf 83' lang='lat' dir='ltr'><strong>priore</strong></span> <span class='ocrx_word' id='word_1_18' title='bbox 2524 555 2787 625; x_wconf 85' lang='lat' dir='ltr'><strong>Epistola,</strong></span> <span class='ocrx_word' id='word_1_19' title='bbox 2805 572 2966 626; x_wconf 91' lang='lat' dir='ltr'><strong>quam</strong></span> <span class='ocrx_word' id='word_1_20' title='bbox 3004 558 3191 612; x_wconf 69' lang='lat' dir='ltr'><strong>Romae</strong></span> <span class='ocrx_word' id='word_1_21' title='bbox 3219 561 3473 630; x_wconf 79' lang='lat' dir='ltr'><strong>scriptam</strong></span> <span class='ocrx_word' id='word_1_22' title='bbox 3500 576 3620 615; x_wconf 82' lang='lat' dir='ltr'><strong>esse</strong></span> 
     </span>
    </p>
   </div>
   <div class='ocr_carea' id='block_1_6' title="bbox 370 627 1948 713">
    <p class='ocr_par' dir='ltr' id='par_1_6' title="bbox 370 627 1948 713">
     <span class='ocr_line' id='line_1_6' title="bbox 370 627 1948 713; baseline 0.011 -34"><span class='ocrx_word' id='word_1_23' title='bbox 370 627 519 679; x_wconf 66' lang='grc' dir='ltr'>τοῦτ’</span> <span class='ocrx_word' id='word_1_24' title='bbox 560 628 721 681; x_wconf 74' lang='grc' dir='ltr'>αὑτὸν</span> <span class='ocrx_word' id='word_1_25' title='bbox 771 631 869 700; x_wconf 82' lang='grc' dir='ltr'>τὴν</span> <span class='ocrx_word' id='word_1_26' title='bbox 902 631 1053 683; x_wconf 87' lang='grc' dir='ltr'>πόλιν</span> <span class='ocrx_word' id='word_1_27' title='bbox 1084 632 1485 706; x_wconf 73' lang='grc' dir='ltr'>τροπικιέγτερον</span> <span class='ocrx_word' id='word_1_28' title='bbox 1513 638 1804 694; x_wconf 76' lang='grc' dir='ltr'>Βαϐυλῶνα</span> <span class='ocrx_word' id='word_1_29' title='bbox 1839 642 1948 713; x_wconf 82' lang='grc'><strong>(55)</strong></span> 
     </span>
    </p>
   </div>
   <div class='ocr_carea' id='block_1_7' title="bbox 372 720 1949 803">
    <p class='ocr_par' dir='ltr' id='par_1_7' title="bbox 372 720 1949 803">
     <span class='ocr_line' id='line_1_7' title="bbox 372 720 1949 803; baseline 0.011 -33"><span class='ocrx_word' id='word_1_30' title='bbox 372 720 738 790; x_wconf 74' lang='grc' dir='ltr'><strong>προσειπόντα</strong></span> <span class='ocrx_word' id='word_1_31' title='bbox 794 721 883 775; x_wconf 80' lang='grc' dir='ltr'><strong>διὰ</strong></span> <span class='ocrx_word' id='word_1_32' title='bbox 920 722 1147 777; x_wconf 76' lang='grc' dir='ltr'>τούτων·</span> <span class='ocrx_word' id='word_1_33' title='bbox 1184 743 1202 776; x_wconf 83' lang='grc' dir='ltr'><strong>ι</strong></span> <span class='ocrx_word' id='word_1_34' title='bbox 1261 726 1586 794; x_wconf 80' lang='grc' dir='ltr'>Ἀσπάζεται</span> <span class='ocrx_word' id='word_1_35' title='bbox 1631 732 1773 802; x_wconf 82' lang='grc' dir='ltr'>ὑμᾶς</span> <span class='ocrx_word' id='word_1_36' title='bbox 1800 737 1833 803; x_wconf 84' lang='grc' dir='ltr'>ἠ</span> <span class='ocrx_word' id='word_1_37' title='bbox 1892 738 1949 787; x_wconf 74' lang='grc' dir='ltr'>ἐν</span> 
     </span>
    </p>
   </div>
   <div class='ocr_carea' id='block_1_8' title="bbox 372 809 1854 893">
    <p class='ocr_par' dir='ltr' id='par_1_8' title="bbox 372 809 1854 893">
     <span class='ocr_line' id='line_1_8' title="bbox 372 809 1854 893; baseline 0.009 -29"><span class='ocrx_word' id='word_1_38' title='bbox 372 809 654 864; x_wconf 76' lang='grc' dir='ltr'>Βαϐυλῶνι</span> <span class='ocrx_word' id='word_1_39' title='bbox 678 813 1027 885; x_wconf 81' lang='grc' dir='ltr'>συνεκλεκτὴ.</span> <span class='ocrx_word' id='word_1_40' title='bbox 1052 816 1147 869; x_wconf 75' lang='grc' dir='ltr'><strong>καὶ</strong></span> <span class='ocrx_word' id='word_1_41' title='bbox 1168 818 1391 890; x_wconf 80' lang='grc' dir='ltr'>Μάρκος</span> <span class='ocrx_word' id='word_1_42' title='bbox 1412 822 1440 873; x_wconf 85' lang='grc' dir='ltr'>ὁ</span> <span class='ocrx_word' id='word_1_43' title='bbox 1468 822 1583 885; x_wconf 81' lang='grc' dir='ltr'><strong>υἱός</strong></span> <span class='ocrx_word' id='word_1_44' title='bbox 1605 840 1725 893; x_wconf 84' lang='grc' dir='ltr'>μου.</span> <span class='ocrx_word' id='word_1_45' title='bbox 1758 843 1776 876; x_wconf 74' lang='grc' dir='ltr'><strong>ι</strong></span> <span class='ocrx_word' id='word_1_46' title='bbox 1848 840 1854 846; x_wconf 84' lang='grc'><strong>’</strong></span> 
     </span>
    </p>
   </div>
   <div class='ocr_carea' id='block_1_9' title="bbox 892 1000 1432 1073">
    <p class='ocr_par' dir='ltr' id='par_1_9' title="bbox 892 1000 1432 1073">
     <span class='ocr_line' id='line_1_9' title="bbox 892 1000 1432 1073; baseline 0.015 -22"><span class='ocrx_word' id='word_1_47' title='bbox 892 1000 1288 1056; x_wconf 79' lang='grc' dir='ltr'><strong>ΚΕΦΑΛΑΙΟΝ</strong></span> <span class='ocrx_word' id='word_1_48' title='bbox 1317 1005 1432 1073; x_wconf 70' lang='grc' dir='ltr'>ις’.</span> 
     </span>
    </p>
   </div>
   <div class='ocr_carea' id='block_1_10' title="bbox 384 1087 1947 1170">
    <p class='ocr_par' dir='ltr' id='par_1_10' title="bbox 384 1087 1947 1170">
     <span class='ocr_line' id='line_1_10' title="bbox 384 1087 1947 1170; baseline 0.01 -30"><span class='ocrx_word' id='word_1_49' title='bbox 384 1087 479 1170; x_wconf 68' lang='grc' dir='ltr'>Ὦς</span> <span class='ocrx_word' id='word_1_50' title='bbox 511 1089 740 1170; x_wconf 46' lang='grc' dir='ltr'>τρῶτως</span> <span class='ocrx_word' id='word_1_51' title='bbox 767 1095 800 1144; x_wconf 85' lang='grc' dir='ltr'><em>ό</em></span> <span class='ocrx_word' id='word_1_52' title='bbox 827 1093 1068 1170; x_wconf 71' lang='grc' dir='ltr'>Μᾴρκος</span> <span class='ocrx_word' id='word_1_53' title='bbox 1102 1095 1378 1170; x_wconf 30' lang='grc' dir='ltr'>τοῖςικαί</span> <span class='ocrx_word' id='word_1_54' title='bbox 1397 1101 1697 1170; x_wconf 74' lang='grc' dir='ltr'><strong>Αἴγυπτον</strong></span> <span class='ocrx_word' id='word_1_55' title='bbox 1721 1106 1834 1169; x_wconf 76' lang='grc' dir='ltr'><strong>τὴν</strong></span> <span class='ocrx_word' id='word_1_56' title='bbox 1862 1105 1947 1168; x_wconf 70' lang='grc' dir='ltr'>εἰς</span> 
     </span>
    </p>
   </div>
   <div class='ocr_carea' id='block_1_11' title="bbox 417 1162 1889 1240">
    <p class='ocr_par' dir='ltr' id='par_1_11' title="bbox 417 1162 1889 1240">
     <span class='ocr_line' id='line_1_11' title="bbox 417 1162 1889 1240; baseline 0.009 -29"><span class='ocrx_word' id='word_1_57' title='bbox 417 1162 1021 1231; x_wconf 74' lang='grc' dir='ltr'><strong>τὸνΧριστὸνγνῶσιν</strong></span> <span class='ocrx_word' id='word_1_58' title='bbox 1035 1164 1329 1233; x_wconf 77' lang='grc' dir='ltr'><strong>ἐκήρυξεν</strong></span> <span class='ocrx_word' id='word_1_59' title='bbox 1348 1162 1488 1238; x_wconf 64' lang='lat' dir='ltr'><strong>(Nic.</strong></span> <span class='ocrx_word' id='word_1_60' title='bbox 1513 1171 1584 1228; x_wconf 82' lang='lat' dir='ltr'><strong>II.</strong></span> <span class='ocrx_word' id='word_1_61' title='bbox 1610 1173 1672 1225; x_wconf 63' lang='lat' dir='ltr'><strong>lC.</strong></span> <span class='ocrx_word' id='word_1_62' title='bbox 1696 1189 1753 1237; x_wconf 90' lang='lat' dir='ltr'><strong>tt,</strong></span> <span class='ocrx_word' id='word_1_63' title='bbox 1779 1162 1889 1240; x_wconf 49' lang='lat'><strong>3.5).</strong></span> 
     </span>
    </p>
   </div>
   <div class='ocr_carea' id='block_1_12' title="bbox 444 1254 1943 1335">
    <p class='ocr_par' dir='ltr' id='par_1_12' title="bbox 444 1254 1943 1335">
     <span class='ocr_line' id='line_1_12' title="bbox 444 1254 1943 1335; baseline 0.009 -29"><span class='ocrx_word' id='word_1_64' title='bbox 444 1254 644 1308; x_wconf 79' lang='grc' dir='ltr'>Τοῦτον</span> <span class='ocrx_word' id='word_1_65' title='bbox 667 1256 722 1309; x_wconf 81' lang='grc' dir='ltr'><strong>δὲ</strong></span> <span class='ocrx_word' id='word_1_66' title='bbox 750 1257 975 1327; x_wconf 79' lang='grc' dir='ltr'>Μάρκον</span> <span class='ocrx_word' id='word_1_67' title='bbox 1010 1260 1222 1332; x_wconf 81' lang='grc' dir='ltr'>πρῶτόν</span> <span class='ocrx_word' id='word_1_68' title='bbox 1249 1279 1411 1332; x_wconf 77' lang='grc' dir='ltr'>φασιν</span> <span class='ocrx_word' id='word_1_69' title='bbox 1438 1263 1529 1317; x_wconf 75' lang='grc' dir='ltr'><strong>ἐπὶ</strong></span> <span class='ocrx_word' id='word_1_70' title='bbox 1546 1266 1646 1335; x_wconf 79' lang='grc' dir='ltr'><strong>τῆς</strong></span> <span class='ocrx_word' id='word_1_71' title='bbox 1668 1266 1943 1335; x_wconf 75' lang='grc' dir='ltr'><strong>Αἰγύπτου</strong></span> 
     </span>
    </p>
   </div>
   <div class='ocr_carea' id='block_1_13' title="bbox 371 1346 1943 1429">
    <p class='ocr_par' dir='ltr' id='par_1_13' title="bbox 371 1346 1943 1429">
     <span class='ocr_line' id='line_1_13' title="bbox 371 1346 1943 1429; baseline 0.008 -30"><span class='ocrx_word' id='word_1_72' title='bbox 371 1346 719 1417; x_wconf 72' lang='grc' dir='ltr'><strong>στειλάμενον</strong></span> <span class='ocrx_word' id='word_1_73' title='bbox 755 1349 886 1419; x_wconf 82' lang='grc'><strong>(56),</strong></span> <span class='ocrx_word' id='word_1_74' title='bbox 904 1351 965 1403; x_wconf 84' lang='grc' dir='ltr'>τὸ</span> <span class='ocrx_word' id='word_1_75' title='bbox 988 1352 1311 1421; x_wconf 75' lang='grc' dir='ltr'>Εὑαγγέλιον</span> <span class='ocrx_word' id='word_1_76' title='bbox 1338 1354 1442 1427; x_wconf 85' lang='grc' dir='ltr'><strong>ὃδὴ</strong></span> <span class='ocrx_word' id='word_1_77' title='bbox 1472 1356 1566 1410; x_wconf 74' lang='grc' dir='ltr'><strong>καὶ</strong></span> <span class='ocrx_word' id='word_1_78' title='bbox 1600 1358 1943 1429; x_wconf 66' lang='grc' dir='ltr'>συνεγράψα-</span> 
     </span>
    </p>
   </div>
   <div class='ocr_carea' id='block_1_14' title="bbox 368 1441 1945 1518">
    <p class='ocr_par' dir='ltr' id='par_1_14' title="bbox 368 1441 1945 1518">
     <span class='ocr_line' id='line_1_14' title="bbox 368 1441 1945 1518; baseline 0.004 -25"><span class='ocrx_word' id='word_1_79' title='bbox 368 1458 454 1502; x_wconf 52' lang='lat' dir='ltr'><strong>eo,</strong></span> <span class='ocrx_word' id='word_1_80' title='bbox 502 1441 759 1512; x_wconf 75' lang='grc' dir='ltr'>κηρύξαι,</span> <span class='ocrx_word' id='word_1_81' title='bbox 804 1442 1098 1513; x_wconf 78' lang='grc' dir='ltr'><strong>ἐκκλησίας</strong></span> <span class='ocrx_word' id='word_1_82' title='bbox 1124 1463 1183 1497; x_wconf 87' lang='grc' dir='ltr'><strong>τε</strong></span> <span class='ocrx_word' id='word_1_83' title='bbox 1219 1445 1434 1518; x_wconf 83' lang='grc' dir='ltr'>πρῶτον</span> <span class='ocrx_word' id='word_1_84' title='bbox 1465 1448 1550 1499; x_wconf 74' lang='grc' dir='ltr'><strong>ἐπ’</strong></span> <span class='ocrx_word' id='word_1_85' title='bbox 1582 1448 1753 1518; x_wconf 78' lang='grc' dir='ltr'>αὐτῆς</span> <span class='ocrx_word' id='word_1_86' title='bbox 1799 1448 1945 1500; x_wconf 83' lang='grc' dir='ltr'>Ἀλε-</span> 
     </span>
    </p>
   </div>
   <div class='ocr_carea' id='block_1_15' title="bbox 372 1529 1939 1609">
    <p class='ocr_par' dir='ltr' id='par_1_15' title="bbox 372 1529 1939 1609">
     <span class='ocr_line' id='line_1_15' title="bbox 372 1529 1939 1609; baseline 0.006 -25"><span class='ocrx_word' id='word_1_87' title='bbox 372 1529 655 1601; x_wconf 82' lang='grc' dir='ltr'>ξανδρείας</span> <span class='ocrx_word' id='word_1_88' title='bbox 690 1534 1075 1604; x_wconf 78' lang='grc' dir='ltr'>συστήσασθαι.</span> <span class='ocrx_word' id='word_1_89' title='bbox 1111 1535 1357 1608; x_wconf 79' lang='grc' dir='ltr'>Τοσαύτη</span> <span class='ocrx_word' id='word_1_90' title='bbox 1395 1537 1438 1590; x_wconf 86' lang='grc' dir='ltr'>δ’</span> <span class='ocrx_word' id='word_1_91' title='bbox 1472 1536 1579 1609; x_wconf 71' lang='grc' dir='ltr'><strong>ἄρα</strong></span> <span class='ocrx_word' id='word_1_92' title='bbox 1609 1539 1717 1592; x_wconf 82' lang='grc' dir='ltr'><strong>τῶν</strong></span> <span class='ocrx_word' id='word_1_93' title='bbox 1757 1541 1939 1593; x_wconf 80' lang='grc' dir='ltr'>αὐτόθι</span> 
     </span>
    </p>
   </div>
   <div class='ocr_carea' id='block_1_16' title="bbox 372 1626 1983 1700">
    <p class='ocr_par' dir='ltr' id='par_1_16' title="bbox 372 1626 1983 1700">
     <span class='ocr_line' id='line_1_16' title="bbox 372 1626 1983 1700; baseline 0.006 -24"><span class='ocrx_word' id='word_1_94' title='bbox 372 1626 810 1679; x_wconf 79' lang='grc' dir='ltr'>πεπιστευκότων</span> <span class='ocrx_word' id='word_1_95' title='bbox 855 1627 1063 1696; x_wconf 82' lang='grc' dir='ltr'>πληθὺς</span> <span class='ocrx_word' id='word_1_96' title='bbox 1106 1628 1316 1700; x_wconf 83' lang='grc' dir='ltr'>ἀνδρῶν</span> <span class='ocrx_word' id='word_1_97' title='bbox 1355 1647 1412 1682; x_wconf 87' lang='grc' dir='ltr'><strong>τε</strong></span> <span class='ocrx_word' id='word_1_98' title='bbox 1441 1632 1533 1683; x_wconf 72' lang='grc' dir='ltr'><strong>καὶ</strong></span> <span class='ocrx_word' id='word_1_99' title='bbox 1574 1633 1845 1700; x_wconf 75' lang='grc' dir='ltr'>γυναικῶν</span> <span class='ocrx_word' id='word_1_100' title='bbox 1879 1636 1941 1686; x_wconf 82' lang='grc' dir='ltr'>ὲκ</span> <span class='ocrx_word' id='word_1_101' title='bbox 1978 1630 1983 1635; x_wconf 59' lang='grc'><em>’</em></span> 
     </span>
    </p>
   </div>
   <div class='ocr_carea' id='block_1_17' title="bbox 372 1716 1939 1794">
    <p class='ocr_par' dir='ltr' id='par_1_17' title="bbox 372 1716 1939 1794">
     <span class='ocr_line' id='line_1_17' title="bbox 372 1716 1939 1794; baseline 0.008 -28"><span class='ocrx_word' id='word_1_102' title='bbox 372 1716 597 1787; x_wconf 73' lang='grc' dir='ltr'><strong>πρώτης</strong></span> <span class='ocrx_word' id='word_1_103' title='bbox 626 1717 879 1790; x_wconf 75' lang='grc' dir='ltr'>ἐπιϐολῆς</span> <span class='ocrx_word' id='word_1_104' title='bbox 924 1720 1173 1792; x_wconf 64' lang='grc' dir='ltr'>συνέστη,</span> <span class='ocrx_word' id='word_1_105' title='bbox 1214 1722 1281 1775; x_wconf 79' lang='grc' dir='ltr'>δι’</span> <span class='ocrx_word' id='word_1_106' title='bbox 1312 1723 1596 1794; x_wconf 78' lang='grc' dir='ltr'>ἀσκήσεως</span> <span class='ocrx_word' id='word_1_107' title='bbox 1638 1725 1939 1794; x_wconf 58' lang='grc' dir='ltr'>φιλοσοφω-</span> 
     </span>
    </p>
   </div>
   <div class='ocr_carea' id='block_1_18' title="bbox 370 1806 1939 1885">
    <p class='ocr_par' dir='ltr' id='par_1_18' title="bbox 370 1806 1939 1885">
     <span class='ocr_line' id='line_1_18' title="bbox 370 1806 1939 1885; baseline 0.007 -27"><span class='ocrx_word' id='word_1_108' title='bbox 370 1806 539 1877; x_wconf 78' lang='grc' dir='ltr'>τάτης</span> <span class='ocrx_word' id='word_1_109' title='bbox 583 1824 643 1861; x_wconf 85' lang='grc' dir='ltr'><strong>τε</strong></span> <span class='ocrx_word' id='word_1_110' title='bbox 687 1810 781 1862; x_wconf 69' lang='grc' dir='ltr'><strong>καὶ</strong></span> <span class='ocrx_word' id='word_1_111' title='bbox 817 1809 1203 1881; x_wconf 63' lang='grc' dir='ltr'><strong>σφοδροτάτης,</strong></span> <span class='ocrx_word' id='word_1_112' title='bbox 1259 1812 1332 1875; x_wconf 81' lang='grc' dir='ltr'>ὡς</span> <span class='ocrx_word' id='word_1_113' title='bbox 1379 1814 1474 1866; x_wconf 74' lang='grc' dir='ltr'><strong>καὶ</strong></span> <span class='ocrx_word' id='word_1_114' title='bbox 1513 1815 1729 1885; x_wconf 78' lang='grc' dir='ltr'><strong>γραφῆς</strong></span> <span class='ocrx_word' id='word_1_115' title='bbox 1765 1817 1939 1870; x_wconf 77' lang='grc' dir='ltr'>αὐτῶν</span> 
     </span>
    </p>
   </div>
   <div class='ocr_carea' id='block_1_19' title="bbox 2050 648 3615 722">
    <p class='ocr_par' dir='ltr' id='par_1_19' title="bbox 2050 648 3615 722">
     <span class='ocr_line' id='line_1_19' title="bbox 2050 648 3615 722; baseline 0.003 -20"><span class='ocrx_word' id='word_1_116' title='bbox 2050 650 2405 716; x_wconf 87' lang='lat' dir='ltr'><strong>contendunt,</strong></span> <span class='ocrx_word' id='word_1_117' title='bbox 2443 650 2605 720; x_wconf 86' lang='lat' dir='ltr'><strong>idque</strong></span> <span class='ocrx_word' id='word_1_118' title='bbox 2654 648 2878 704; x_wconf 88' lang='lat' dir='ltr'><strong>Petrum</strong></span> <span class='ocrx_word' id='word_1_119' title='bbox 2910 651 3083 720; x_wconf 89' lang='lat' dir='ltr'><strong>ipsum</strong></span> <span class='ocrx_word' id='word_1_120' title='bbox 3114 651 3359 713; x_wconf 86' lang='lat' dir='ltr'><strong>innuere.</strong></span> <span class='ocrx_word' id='word_1_121' title='bbox 3391 655 3481 722; x_wconf 86' lang='lat' dir='ltr'><strong>qui</strong></span> <span class='ocrx_word' id='word_1_122' title='bbox 3506 653 3615 707; x_wconf 90' lang='lat' dir='ltr'><strong>Ro-</strong></span> 
     </span>
    </p>
   </div>
   <div class='ocr_carea' id='block_1_20' title="bbox 2053 741 3617 813">
    <p class='ocr_par' dir='ltr' id='par_1_20' title="bbox 2053 741 3617 813">
     <span class='ocr_line' id='line_1_20' title="bbox 2053 741 3617 813; baseline 0.005 -20"><span class='ocrx_word' id='word_1_123' title='bbox 2053 755 2195 793; x_wconf 86' lang='lat' dir='ltr'><strong>mam</strong></span> <span class='ocrx_word' id='word_1_124' title='bbox 2223 741 2452 809; x_wconf 84' lang='lat' dir='ltr'><strong>ligurate</strong></span> <span class='ocrx_word' id='word_1_125' title='bbox 2480 742 2808 813; x_wconf 83' lang='lat' dir='ltr'><strong>Babylonem</strong></span> <span class='ocrx_word' id='word_1_126' title='bbox 2844 743 3079 811; x_wconf 84' lang='lat' dir='ltr'><strong>appellat</strong></span> <span class='ocrx_word' id='word_1_127' title='bbox 3101 744 3184 797; x_wconf 85' lang='lat' dir='ltr'><strong>his</strong></span> <span class='ocrx_word' id='word_1_128' title='bbox 3221 744 3401 799; x_wconf 84' lang='lat' dir='ltr'><strong>verbis</strong></span> <span class='ocrx_word' id='word_1_129' title='bbox 3430 761 3445 799; x_wconf 90' lang='lat'><strong>:</strong></span> <span class='ocrx_word' id='word_1_130' title='bbox 3475 766 3491 796; x_wconf 81' lang='grc' dir='ltr'><strong>ι</strong></span> <span class='ocrx_word' id='word_1_131' title='bbox 3512 749 3617 801; x_wconf 84' lang='lat' dir='ltr'><strong>Sa-</strong></span> 
     </span>
    </p>
   </div>
   <div class='ocr_carea' id='block_1_21' title="bbox 2050 833 3622 908">
    <p class='ocr_par' dir='ltr' id='par_1_21' title="bbox 2050 833 3622 908">
     <span class='ocr_line' id='line_1_21' title="bbox 2050 833 3622 908; baseline 0.005 -23"><span class='ocrx_word' id='word_1_132' title='bbox 2050 833 2184 888; x_wconf 91' lang='lat' dir='ltr'><strong>lutat</strong></span> <span class='ocrx_word' id='word_1_133' title='bbox 2224 851 2320 890; x_wconf 88' lang='lat' dir='ltr'><strong>vos</strong></span> <span class='ocrx_word' id='word_1_134' title='bbox 2355 836 2640 908; x_wconf 73' lang='lat' dir='ltr'><strong>Babylonis</strong></span> <span class='ocrx_word' id='word_1_135' title='bbox 2670 838 2910 892; x_wconf 83' lang='lat' dir='ltr'><strong>Ecclesia</strong></span> <span class='ocrx_word' id='word_1_136' title='bbox 2949 854 2976 889; x_wconf 91' lang='lat' dir='ltr'><strong>a</strong></span> <span class='ocrx_word' id='word_1_137' title='bbox 3019 837 3129 891; x_wconf 91' lang='lat' dir='ltr'><strong>Deo</strong></span> <span class='ocrx_word' id='word_1_138' title='bbox 3156 838 3382 907; x_wconf 85' lang='lat' dir='ltr'><strong>perinde</strong></span> <span class='ocrx_word' id='word_1_139' title='bbox 3426 854 3487 892; x_wconf 85' lang='lat' dir='ltr'><strong>ac</strong></span> <span class='ocrx_word' id='word_1_140' title='bbox 3527 855 3622 893; x_wconf 86' lang='lat' dir='ltr'><strong>vos</strong></span> 
     </span>
    </p>
   </div>
   <div class='ocr_carea' id='block_1_22' title="bbox 2047 925 3009 990">
    <p class='ocr_par' dir='ltr' id='par_1_22' title="bbox 2047 925 3009 990">
     <span class='ocr_line' id='line_1_22' title="bbox 2047 925 3009 990; baseline 0.001 -11"><span class='ocrx_word' id='word_1_141' title='bbox 2047 925 2239 990; x_wconf 89' lang='lat' dir='ltr'><strong>electa,</strong></span> <span class='ocrx_word' id='word_1_142' title='bbox 2276 937 2329 981; x_wconf 89' lang='lat' dir='ltr'><strong>et</strong></span> <span class='ocrx_word' id='word_1_143' title='bbox 2352 927 2563 985; x_wconf 79' lang='lat' dir='ltr'><strong>Marcus</strong></span> <span class='ocrx_word' id='word_1_144' title='bbox 2592 929 2734 984; x_wconf 79' lang='lat' dir='ltr'><strong>[ilius</strong></span> <span class='ocrx_word' id='word_1_145' title='bbox 2772 945 2944 984; x_wconf 89' lang='lat' dir='ltr'><strong>meus.</strong></span> <span class='ocrx_word' id='word_1_146' title='bbox 2990 948 3009 980; x_wconf 76' lang='grc' dir='ltr'><strong>ι</strong></span> 
     </span>
    </p>
   </div>
   <div class='ocr_carea' id='block_1_23' title="bbox 2627 1020 3031 1078">
    <p class='ocr_par' dir='ltr' id='par_1_23' title="bbox 2627 1020 3031 1078">
     <span class='ocr_line' id='line_1_23' title="bbox 2627 1020 3031 1078; baseline 0.002 -2"><span class='ocrx_word' id='word_1_147' title='bbox 2627 1020 2856 1077; x_wconf 81' lang='lat' dir='ltr'><strong>CAPUT</strong></span> <span class='ocrx_word' id='word_1_148' title='bbox 2894 1020 3031 1078; x_wconf 78' lang='lat' dir='ltr'><strong>XVI.</strong></span> 
     </span>
    </p>
   </div>
   <div class='ocr_carea' id='block_1_24' title="bbox 2086 1109 3582 1184">
    <p class='ocr_par' dir='ltr' id='par_1_24' title="bbox 2086 1109 3582 1184">
     <span class='ocr_line' id='line_1_24' title="bbox 2086 1109 3582 1184; baseline 0.003 -22"><span class='ocrx_word' id='word_1_149' title='bbox 2086 1109 2357 1175; x_wconf 84' lang='lat' dir='ltr'><strong>Quomodo</strong></span> <span class='ocrx_word' id='word_1_150' title='bbox 2390 1111 2606 1167; x_wconf 80' lang='lat' dir='ltr'><strong>Marcus</strong></span> <span class='ocrx_word' id='word_1_151' title='bbox 2653 1115 2899 1167; x_wconf 75' lang='lat' dir='ltr'><strong>notitiam</strong></span> <span class='ocrx_word' id='word_1_152' title='bbox 2944 1115 3040 1167; x_wconf 82' lang='lat' dir='ltr'><strong>Dei</strong></span> <span class='ocrx_word' id='word_1_153' title='bbox 3077 1116 3278 1183; x_wconf 79' lang='lat' dir='ltr'><strong>primus</strong></span> <span class='ocrx_word' id='word_1_154' title='bbox 3314 1113 3582 1184; x_wconf 65' lang='lat' dir='ltr'><strong>zEgypliis</strong></span> 
     </span>
    </p>
   </div>
   <div class='ocr_carea' id='block_1_25' title="bbox 2638 1185 3018 1252">
    <p class='ocr_par' dir='ltr' id='par_1_25' title="bbox 2638 1185 3018 1252">
     <span class='ocr_line' id='line_1_25' title="bbox 2638 1185 3018 1252; baseline 0.008 -19"><span class='ocrx_word' id='word_1_155' title='bbox 2638 1185 3018 1252; x_wconf 72' lang='lat' dir='ltr'><strong>pra’dicaveril.</strong></span> 
     </span>
    </p>
   </div>
   <div class='ocr_carea' id='block_1_26' title="bbox 2116 1269 3612 1344">
    <p class='ocr_par' dir='ltr' id='par_1_26' title="bbox 2116 1269 3612 1344">
     <span class='ocr_line' id='line_1_26' title="bbox 2116 1269 3612 1344; baseline 0.003 -20"><span class='ocrx_word' id='word_1_156' title='bbox 2116 1269 2380 1325; x_wconf 68' lang='lat' dir='ltr'><strong>Cancrum</strong></span> <span class='ocrx_word' id='word_1_157' title='bbox 2410 1272 2555 1326; x_wconf 89' lang='lat' dir='ltr'><strong>hunc</strong></span> <span class='ocrx_word' id='word_1_158' title='bbox 2584 1271 2820 1326; x_wconf 78' lang='lat' dir='ltr'><strong>Marcum</strong></span> <span class='ocrx_word' id='word_1_159' title='bbox 2865 1274 2916 1326; x_wconf 90' lang='lat' dir='ltr'><strong>in</strong></span> <span class='ocrx_word' id='word_1_160' title='bbox 2951 1271 3245 1343; x_wconf 63' lang='lat' dir='ltr'><strong>Egyptum</strong></span> <span class='ocrx_word' id='word_1_161' title='bbox 3278 1273 3612 1344; x_wconf 67' lang='lat' dir='ltr'><strong>profectum,</strong></span> 
     </span>
    </p>
   </div>
   <div class='ocr_carea' id='block_1_27' title="bbox 2046 1361 3614 1435">
    <p class='ocr_par' dir='ltr' id='par_1_27' title="bbox 2046 1361 3614 1435">
     <span class='ocr_line' id='line_1_27' title="bbox 2046 1361 3614 1435; baseline 0.003 -18"><span class='ocrx_word' id='word_1_162' title='bbox 2046 1361 2393 1433; x_wconf 81' lang='lat' dir='ltr'><strong>Evangelium</strong></span> <span class='ocrx_word' id='word_1_163' title='bbox 2441 1364 2582 1432; x_wconf 92' lang='lat' dir='ltr'><strong>quod</strong></span> <span class='ocrx_word' id='word_1_164' title='bbox 2617 1364 2729 1431; x_wconf 88' lang='lat' dir='ltr'><strong>ipse</strong></span> <span class='ocrx_word' id='word_1_165' title='bbox 2760 1365 3197 1434; x_wconf 86' lang='lat' dir='ltr'><strong>conscripserat,</strong></span> <span class='ocrx_word' id='word_1_166' title='bbox 3232 1369 3466 1435; x_wconf 91' lang='lat' dir='ltr'><strong>primum</strong></span> <span class='ocrx_word' id='word_1_167' title='bbox 3505 1368 3614 1423; x_wconf 82' lang='lat' dir='ltr'><strong>illic</strong></span> 
     </span>
    </p>
   </div>
   <div class='ocr_carea' id='block_1_28' title="bbox 2045 1453 3615 1524">
    <p class='ocr_par' dir='ltr' id='par_1_28' title="bbox 2045 1453 3615 1524">
     <span class='ocr_line' id='line_1_28' title="bbox 2045 1453 3615 1524; baseline 0.002 -18"><span class='ocrx_word' id='word_1_168' title='bbox 2045 1453 2368 1522; x_wconf 74' lang='lat' dir='ltr'><strong>przedicassc</strong></span> <span class='ocrx_word' id='word_1_169' title='bbox 2419 1453 2742 1523; x_wconf 79' lang='lat' dir='ltr'><strong>perhibent,</strong></span> <span class='ocrx_word' id='word_1_170' title='bbox 2795 1463 2848 1507; x_wconf 87' lang='lat' dir='ltr'><strong>et</strong></span> <span class='ocrx_word' id='word_1_171' title='bbox 2901 1454 2953 1507; x_wconf 92' lang='lat' dir='ltr'><strong>in</strong></span> <span class='ocrx_word' id='word_1_172' title='bbox 3012 1456 3124 1524; x_wconf 89' lang='lat' dir='ltr'><strong>ipsa</strong></span> <span class='ocrx_word' id='word_1_173' title='bbox 3175 1456 3308 1511; x_wconf 84' lang='lat' dir='ltr'><strong>urbe</strong></span> <span class='ocrx_word' id='word_1_174' title='bbox 3349 1456 3558 1511; x_wconf 75' lang='lat' dir='ltr'><strong>Alexan</strong></span> <span class='ocrx_word' id='word_1_175' title='bbox 3589 1488 3615 1497; x_wconf 88' lang='lat'><em>-</em></span> 
     </span>
    </p>
   </div>
   <div class='ocr_carea' id='block_1_29' title="bbox 2038 1544 3615 1616">
    <p class='ocr_par' dir='ltr' id='par_1_29' title="bbox 2038 1544 3615 1616">
     <span class='ocr_line' id='line_1_29' title="bbox 2038 1544 3615 1616; baseline 0.003 -19"><span class='ocrx_word' id='word_1_176' title='bbox 2038 1545 2159 1603; x_wconf 80' lang='lat' dir='ltr'><strong>.dria</strong></span> <span class='ocrx_word' id='word_1_177' title='bbox 2191 1544 2449 1599; x_wconf 87' lang='lat' dir='ltr'><strong>ecclesias</strong></span> <span class='ocrx_word' id='word_1_178' title='bbox 2500 1545 2873 1600; x_wconf 63' lang='lat' dir='ltr'><strong>constituisse.</strong></span> <span class='ocrx_word' id='word_1_179' title='bbox 2918 1545 3087 1600; x_wconf 90' lang='lat' dir='ltr'><strong>Tanta</strong></span> <span class='ocrx_word' id='word_1_180' title='bbox 3135 1562 3299 1616; x_wconf 88' lang='lat' dir='ltr'><strong>porro</strong></span> <span class='ocrx_word' id='word_1_181' title='bbox 3329 1548 3615 1604; x_wconf 90' lang='lat' dir='ltr'><strong>multitudo</strong></span> 
     </span>
    </p>
   </div>
   <div class='ocr_carea' id='block_1_30' title="bbox 2041 1636 3615 1707">
    <p class='ocr_par' dir='ltr' id='par_1_30' title="bbox 2041 1636 3615 1707">
     <span class='ocr_line' id='line_1_30' title="bbox 2041 1636 3615 1707; baseline 0.006 -18"><span class='ocrx_word' id='word_1_182' title='bbox 2041 1638 2279 1690; x_wconf 90' lang='lat' dir='ltr'><strong>virorum</strong></span> <span class='ocrx_word' id='word_1_183' title='bbox 2315 1636 2475 1691; x_wconf 88' lang='lat' dir='ltr'><strong>simul</strong></span> <span class='ocrx_word' id='word_1_184' title='bbox 2518 1652 2581 1691; x_wconf 90' lang='lat' dir='ltr'><strong>ac</strong></span> <span class='ocrx_word' id='word_1_185' title='bbox 2616 1637 2899 1691; x_wconf 87' lang='lat' dir='ltr'><strong>mulierum</strong></span> <span class='ocrx_word' id='word_1_186' title='bbox 2943 1638 3031 1707; x_wconf 88' lang='lat' dir='ltr'><strong>qui</strong></span> <span class='ocrx_word' id='word_1_187' title='bbox 3068 1638 3225 1693; x_wconf 85' lang='lat' dir='ltr'><strong>fidem</strong></span> <span class='ocrx_word' id='word_1_188' title='bbox 3255 1638 3461 1694; x_wconf 84' lang='lat' dir='ltr'><strong>Christi</strong></span> <span class='ocrx_word' id='word_1_189' title='bbox 3505 1641 3615 1698; x_wconf 84' lang='lat' dir='ltr'><strong>illic</strong></span> 
     </span>
    </p>
   </div>
   <div class='ocr_carea' id='block_1_31' title="bbox 2042 1726 3612 1798">
    <p class='ocr_par' dir='ltr' id='par_1_31' title="bbox 2042 1726 3612 1798">
     <span class='ocr_line' id='line_1_31' title="bbox 2042 1726 3612 1798; baseline 0.003 -17"><span class='ocrx_word' id='word_1_190' title='bbox 2042 1726 2272 1795; x_wconf 81' lang='lat' dir='ltr'><strong>amplexi</strong></span> <span class='ocrx_word' id='word_1_191' title='bbox 2318 1727 2555 1792; x_wconf 84' lang='lat' dir='ltr'><strong>fuerant,</strong></span> <span class='ocrx_word' id='word_1_192' title='bbox 2587 1728 2654 1781; x_wconf 90' lang='lat' dir='ltr'><strong>ab</strong></span> <span class='ocrx_word' id='word_1_193' title='bbox 2687 1729 2803 1798; x_wconf 88' lang='lat' dir='ltr'><strong>ipso</strong></span> <span class='ocrx_word' id='word_1_194' title='bbox 2830 1731 3013 1783; x_wconf 85' lang='lat' dir='ltr'><strong>statim</strong></span> <span class='ocrx_word' id='word_1_195' title='bbox 3045 1730 3199 1783; x_wconf 88' lang='lat' dir='ltr'><strong>initio</strong></span> <span class='ocrx_word' id='word_1_196' title='bbox 3228 1744 3333 1784; x_wconf 88' lang='lat' dir='ltr'><strong>tam</strong></span> <span class='ocrx_word' id='word_1_197' title='bbox 3366 1747 3612 1786; x_wconf 81' lang='lat' dir='ltr'><strong>severam</strong></span> 
     </span>
    </p>
   </div>
   <div class='ocr_carea' id='block_1_32' title="bbox 2045 1820 3612 1893">
    <p class='ocr_par' dir='ltr' id='par_1_32' title="bbox 2045 1820 3612 1893">
     <span class='ocr_line' id='line_1_32' title="bbox 2045 1820 3612 1893; baseline 0.005 -22"><span class='ocrx_word' id='word_1_198' title='bbox 2045 1828 2259 1888; x_wconf 89' lang='lat' dir='ltr'><strong>tamque</strong></span> <span class='ocrx_word' id='word_1_199' title='bbox 2303 1820 2732 1890; x_wconf 87' lang='lat' dir='ltr'><strong>philosophicam</strong></span> <span class='ocrx_word' id='word_1_200' title='bbox 2784 1822 3183 1877; x_wconf 85' lang='lat' dir='ltr'><strong>institutionem</strong></span> <span class='ocrx_word' id='word_1_201' title='bbox 3224 1824 3466 1893; x_wconf 84' lang='lat' dir='ltr'><strong>professa</strong></span> <span class='ocrx_word' id='word_1_202' title='bbox 3494 1837 3612 1888; x_wconf 88' lang='lat' dir='ltr'><strong>est,</strong></span> 
     </span>
    </p>
   </div>
   <div class='ocr_carea' id='block_1_33' title="bbox 371 1895 1931 1987">
    <p class='ocr_par' dir='ltr' id='par_1_33' title="bbox 371 1895 1931 1975">
     <span class='ocr_line' id='line_1_33' title="bbox 371 1895 1931 1975; baseline 0.008 -26"><span class='ocrx_word' id='word_1_203' title='bbox 371 1895 600 1961; x_wconf 73' lang='grc' dir='ltr'>ἀξιῶσαι</span> <span class='ocrx_word' id='word_1_204' title='bbox 648 1899 747 1963; x_wconf 77' lang='grc' dir='ltr'>τὰς</span> <span class='ocrx_word' id='word_1_205' title='bbox 783 1900 1064 1972; x_wconf 78' lang='grc' dir='ltr'>διατριϐὰς</span> <span class='ocrx_word' id='word_1_206' title='bbox 1108 1904 1199 1956; x_wconf 77' lang='grc' dir='ltr'><strong>καὶ</strong></span> <span class='ocrx_word' id='word_1_207' title='bbox 1253 1903 1352 1967; x_wconf 76' lang='grc' dir='ltr'>τὰς</span> <span class='ocrx_word' id='word_1_208' title='bbox 1393 1905 1728 1975; x_wconf 79' lang='grc' dir='ltr'>συνηλύσεις,</span> <span class='ocrx_word' id='word_1_209' title='bbox 1772 1910 1931 1961; x_wconf 83' lang='grc' dir='ltr'>τά.τε</span> 
     </span>
    </p>
   </div>
   <div class='ocr_carea' id='block_1_34' title="bbox 2032 1895 3611 1987">
    <p class='ocr_par' dir='ltr' id='par_1_34' title="bbox 2044 1909 3611 1987">
     <span class='ocr_line' id='line_1_34' title="bbox 2044 1909 3611 1987; baseline 0.008 -28"><span class='ocrx_word' id='word_1_210' title='bbox 2044 1919 2101 1960; x_wconf 86' lang='grc' dir='ltr'><strong>ιιι</strong></span> <span class='ocrx_word' id='word_1_211' title='bbox 2121 1909 2295 1963; x_wconf 89' lang='lat' dir='ltr'><strong>studia</strong></span> <span class='ocrx_word' id='word_1_212' title='bbox 2332 1909 2544 1965; x_wconf 92' lang='lat' dir='ltr'><strong>illorum</strong></span> <span class='ocrx_word' id='word_1_213' title='bbox 2571 1923 2625 1965; x_wconf 90' lang='lat' dir='ltr'><strong>et</strong></span> <span class='ocrx_word' id='word_1_214' title='bbox 2651 1922 2824 1967; x_wconf 64' lang='lat' dir='ltr'><strong>coetus</strong></span> <span class='ocrx_word' id='word_1_215' title='bbox 2853 1923 3016 1982; x_wconf 90' lang='lat' dir='ltr'><strong>atque</strong></span> <span class='ocrx_word' id='word_1_216' title='bbox 3040 1916 3309 1978; x_wconf 79' lang='lat' dir='ltr'><strong>convivia,</strong></span> <span class='ocrx_word' id='word_1_217' title='bbox 3339 1926 3611 1987; x_wconf 83' lang='lat' dir='ltr'><strong>totamque</strong></span> 
     </span>
    </p>
   </div>
   <div class='ocr_carea' id='block_1_35' title="bbox 374 1990 1937 2070">
    <p class='ocr_par' dir='ltr' id='par_1_35' title="bbox 374 1990 1937 2070">
     <span class='ocr_line' id='line_1_35' title="bbox 374 1990 1937 2070; baseline 0.009 -30"><span class='ocrx_word' id='word_1_218' title='bbox 374 1990 669 2057; x_wconf 68' lang='grc' dir='ltr'>συμπόσια,</span> <span class='ocrx_word' id='word_1_219' title='bbox 688 1992 781 2045; x_wconf 56' lang='grc' dir='ltr'><strong>καὶ⁵</strong></span> <span class='ocrx_word' id='word_1_220' title='bbox 810 1994 984 2046; x_wconf 78' lang='grc' dir='ltr'>πᾶσαν</span> <span class='ocrx_word' id='word_1_221' title='bbox 1016 1994 1113 2065; x_wconf 76' lang='grc' dir='ltr'><strong>τὴν</strong></span> <span class='ocrx_word' id='word_1_222' title='bbox 1144 1995 1308 2067; x_wconf 74' lang='grc' dir='ltr'>ἄλλην</span> <span class='ocrx_word' id='word_1_223' title='bbox 1337 1996 1432 2050; x_wconf 76' lang='grc' dir='ltr'>τοῦ</span> <span class='ocrx_word' id='word_1_224' title='bbox 1457 1997 1569 2067; x_wconf 82' lang='grc' dir='ltr'>βίου</span> <span class='ocrx_word' id='word_1_225' title='bbox 1601 1999 1822 2070; x_wconf 83' lang='grc' dir='ltr'><strong>ἀγωγὴν</strong></span> <span class='ocrx_word' id='word_1_226' title='bbox 1846 2000 1937 2054; x_wconf 83' lang='grc' dir='ltr'>τὸν</span> 
     </span>
    </p>
   </div>
   <div class='ocr_carea' id='block_1_36' title="bbox 372 2084 597 2141">
    <p class='ocr_par' dir='ltr' id='par_1_36' title="bbox 372 2084 597 2141">
     <span class='ocr_line' id='line_1_36' title="bbox 372 2084 597 2141; baseline 0.009 -2"><span class='ocrx_word' id='word_1_227' title='bbox 372 2084 597 2141; x_wconf 73' lang='grc' dir='ltr'>Φίλωνα.</span> 
     </span>
    </p>
   </div>
   <div class='ocr_carea' id='block_1_37' title="bbox 881 2181 1402 2238">
    <p class='ocr_par' dir='ltr' id='par_1_37' title="bbox 881 2181 1402 2238">
     <span class='ocr_line' id='line_1_37' title="bbox 881 2181 1402 2238; baseline 0.006 -3"><span class='ocrx_word' id='word_1_228' title='bbox 881 2181 1277 2236; x_wconf 77' lang='grc' dir='ltr'><strong>ΚΕΦΑΛΛΙΟΝ</strong></span> <span class='ocrx_word' id='word_1_229' title='bbox 1309 2182 1402 2238; x_wconf 87' lang='grc' dir='ltr'>ιΖ’.</span> 
     </span>
    </p>
   </div>
   <div class='ocr_carea' id='block_1_38' title="bbox 377 2256 1937 2343">
    <p class='ocr_par' dir='ltr' id='par_1_38' title="bbox 377 2256 1937 2343">
     <span class='ocr_line' id='line_1_38' title="bbox 377 2256 1937 2343; baseline 0.004 -20"><span class='ocrx_word' id='word_1_230' title='bbox 377 2264 482 2324; x_wconf 86' lang='grc' dir='ltr'><strong>Οἷα</strong></span> <span class='ocrx_word' id='word_1_231' title='bbox 521 2271 657 2340; x_wconf 77' lang='grc' dir='ltr'><strong>περὶ</strong></span> <span class='ocrx_word' id='word_1_232' title='bbox 691 2271 809 2325; x_wconf 86' lang='grc' dir='ltr'>τῶν</span> <span class='ocrx_word' id='word_1_233' title='bbox 845 2273 971 2326; x_wconf 83' lang='grc' dir='ltr'>κατ’</span> <span class='ocrx_word' id='word_1_234' title='bbox 1001 2256 1304 2343; x_wconf 64' lang='grc' dir='ltr'><strong>Αἴγυπτον</strong></span> <span class='ocrx_word' id='word_1_235' title='bbox 1344 2273 1625 2341; x_wconf 80' lang='grc' dir='ltr'>ἀσκητῶν</span> <span class='ocrx_word' id='word_1_236' title='bbox 1664 2277 1698 2329; x_wconf 85' lang='grc' dir='ltr'><em>ό</em></span> <span class='ocrx_word' id='word_1_237' title='bbox 1741 2275 1937 2329; x_wconf 74' lang='grc' dir='ltr'><strong>Φίλων</strong></span> 
     </span>
    </p>
   </div>
   <div class='ocr_carea' id='block_1_39' title="bbox 695 2343 1619 2412">
    <p class='ocr_par' dir='ltr' id='par_1_39' title="bbox 695 2343 1619 2412">
     <span class='ocr_line' id='line_1_39' title="bbox 695 2343 1619 2412; baseline 0.001 -16"><span class='ocrx_word' id='word_1_238' title='bbox 695 2343 921 2410; x_wconf 78' lang='grc' dir='ltr'>ἱστορεῖ</span> <span class='ocrx_word' id='word_1_239' title='bbox 948 2343 1082 2411; x_wconf 84' lang='lat' dir='ltr'><strong>(Nic.</strong></span> <span class='ocrx_word' id='word_1_240' title='bbox 1115 2343 1187 2396; x_wconf 83' lang='lat' dir='ltr'><strong>II.</strong></span> <span class='ocrx_word' id='word_1_241' title='bbox 1216 2343 1279 2397; x_wconf 80' lang='grc' dir='ltr'>Ε.</span> <span class='ocrx_word' id='word_1_242' title='bbox 1308 2360 1367 2405; x_wconf 83' lang='grc' dir='ltr'><strong>ιι.</strong></span> <span class='ocrx_word' id='word_1_243' title='bbox 1398 2346 1480 2408; x_wconf 78' lang='lat' dir='ltr'><strong>lli,</strong></span> <span class='ocrx_word' id='word_1_244' title='bbox 1510 2346 1619 2412; x_wconf 80' lang='grc'><strong>17).</strong></span> 
     </span>
    </p>
   </div>
   <div class='ocr_carea' id='block_1_40' title="bbox 453 2434 1938 2510">
    <p class='ocr_par' dir='ltr' id='par_1_40' title="bbox 453 2434 1938 2510">
     <span class='ocr_line' id='line_1_40' title="bbox 453 2434 1938 2510; baseline 0.002 -23"><span class='ocrx_word' id='word_1_245' title='bbox 453 2438 549 2487; x_wconf 85' lang='grc' dir='ltr'>Ὃν</span> <span class='ocrx_word' id='word_1_246' title='bbox 568 2434 663 2489; x_wconf 73' lang='grc' dir='ltr'><strong>καὶ</strong></span> <span class='ocrx_word' id='word_1_247' title='bbox 689 2435 843 2503; x_wconf 85' lang='grc' dir='ltr'>λόγος</span> <span class='ocrx_word' id='word_1_248' title='bbox 871 2434 983 2506; x_wconf 77' lang='grc' dir='ltr'>ἔχει</span> <span class='ocrx_word' id='word_1_249' title='bbox 1012 2434 1152 2489; x_wconf 81' lang='grc' dir='ltr'>κατὰ</span> <span class='ocrx_word' id='word_1_250' title='bbox 1186 2434 1449 2489; x_wconf 81' lang='grc' dir='ltr'>Κλαύδιον</span> <span class='ocrx_word' id='word_1_251' title='bbox 1471 2437 1562 2489; x_wconf 77' lang='grc' dir='ltr'>ἐπὶ</span> <span class='ocrx_word' id='word_1_252' title='bbox 1584 2437 1682 2507; x_wconf 79' lang='grc' dir='ltr'><strong>τῆς</strong></span> <span class='ocrx_word' id='word_1_253' title='bbox 1722 2437 1938 2510; x_wconf 78' lang='grc' dir='ltr'>Ῥώμης</span> 
     </span>
    </p>
   </div>
   <div class='ocr_carea' id='block_1_41' title="bbox 372 2526 1940 2600">
    <p class='ocr_par' dir='ltr' id='par_1_41' title="bbox 372 2526 1940 2600">
     <span class='ocr_line' id='line_1_41' title="bbox 372 2526 1940 2600; baseline 0.001 -21"><span class='ocrx_word' id='word_1_254' title='bbox 372 2528 455 2589; x_wconf 70' lang='grc' dir='ltr'><strong>εἰς</strong></span> <span class='ocrx_word' id='word_1_255' title='bbox 495 2526 708 2597; x_wconf 81' lang='grc' dir='ltr'>ὁμιλίαν</span> <span class='ocrx_word' id='word_1_256' title='bbox 745 2526 914 2579; x_wconf 78' lang='grc' dir='ltr'>ἐλθεῖν</span> <span class='ocrx_word' id='word_1_257' title='bbox 952 2526 1161 2597; x_wconf 79' lang='grc' dir='ltr'>Πέτρῳ,</span> <span class='ocrx_word' id='word_1_258' title='bbox 1194 2529 1303 2589; x_wconf 86' lang='grc' dir='ltr'>τοῖς</span> <span class='ocrx_word' id='word_1_259' title='bbox 1350 2528 1527 2579; x_wconf 81' lang='grc' dir='ltr'>ἐκεῖσε</span> <span class='ocrx_word' id='word_1_260' title='bbox 1576 2528 1697 2580; x_wconf 85' lang='grc' dir='ltr'>τότε</span> <span class='ocrx_word' id='word_1_261' title='bbox 1739 2528 1940 2600; x_wconf 81' lang='grc' dir='ltr'>κηρύτ-</span> 
     </span>
    </p>
   </div>
   <div class='ocr_carea' id='block_1_42' title="bbox 370 2617 1941 2687">
    <p class='ocr_par' dir='ltr' id='par_1_42' title="bbox 370 2617 1941 2687">
     <span class='ocr_line' id='line_1_42' title="bbox 370 2617 1941 2687; baseline 0.003 -17"><span class='ocrx_word' id='word_1_262' title='bbox 370 2634 539 2671; x_wconf 81' lang='grc' dir='ltr'>τοντι.</span> <span class='ocrx_word' id='word_1_263' title='bbox 585 2619 694 2671; x_wconf 77' lang='grc' dir='ltr'><strong>Καὶ</strong></span> <span class='ocrx_word' id='word_1_264' title='bbox 738 2619 836 2671; x_wconf 74' lang='grc' dir='ltr'><strong>οὐκ</strong></span> <span class='ocrx_word' id='word_1_265' title='bbox 863 2618 1088 2681; x_wconf 80' lang='grc' dir='ltr'>ἀπεικὸς</span> <span class='ocrx_word' id='word_1_266' title='bbox 1115 2618 1180 2672; x_wconf 82' lang='grc' dir='ltr'><strong>ἂν</strong></span> <span class='ocrx_word' id='word_1_267' title='bbox 1207 2619 1291 2687; x_wconf 76' lang='grc' dir='ltr'><strong>εἴη</strong></span> <span class='ocrx_word' id='word_1_268' title='bbox 1323 2617 1478 2671; x_wconf 81' lang='grc' dir='ltr'><strong>τοῦτό</strong></span> <span class='ocrx_word' id='word_1_269' title='bbox 1506 2636 1590 2687; x_wconf 87' lang='grc' dir='ltr'>γε,</span> <span class='ocrx_word' id='word_1_270' title='bbox 1638 2620 1759 2672; x_wconf 74' lang='grc' dir='ltr'>ἐπεὶ</span> <span class='ocrx_word' id='word_1_271' title='bbox 1789 2620 1883 2673; x_wconf 87' lang='grc' dir='ltr'><strong>καί</strong></span> <span class='ocrx_word' id='word_1_272' title='bbox 1913 2622 1941 2674; x_wconf 87' lang='grc' dir='ltr'><strong>ὃ</strong></span> 
     </span>
    </p>
   </div>
   <div class='ocr_carea' id='block_1_43' title="bbox 374 2709 1935 2783">
    <p class='ocr_par' dir='ltr' id='par_1_43' title="bbox 374 2709 1935 2783">
     <span class='ocr_line' id='line_1_43' title="bbox 374 2709 1935 2783; baseline 0.003 -22"><span class='ocrx_word' id='word_1_273' title='bbox 374 2728 553 2780; x_wconf 78' lang='grc' dir='ltr'>φαμεν</span> <span class='ocrx_word' id='word_1_274' title='bbox 575 2709 905 2782; x_wconf 79' lang='grc' dir='ltr'>σύγγραμμα</span> <span class='ocrx_word' id='word_1_275' title='bbox 929 2712 1006 2775; x_wconf 78' lang='grc' dir='ltr'>εἰς</span> <span class='ocrx_word' id='word_1_276' title='bbox 1026 2710 1247 2782; x_wconf 75' lang='grc' dir='ltr'>ὕστερον</span> <span class='ocrx_word' id='word_1_277' title='bbox 1264 2711 1355 2763; x_wconf 70' lang='grc' dir='ltr'><strong>καὶ</strong></span> <span class='ocrx_word' id='word_1_278' title='bbox 1382 2710 1518 2781; x_wconf 77' lang='grc' dir='ltr'>μετὰ</span> <span class='ocrx_word' id='word_1_279' title='bbox 1545 2712 1767 2782; x_wconf 79' lang='grc' dir='ltr'>χρόνους</span> <span class='ocrx_word' id='word_1_280' title='bbox 1788 2711 1935 2783; x_wconf 76' lang='grc' dir='ltr'>αὑτῷ</span> 
     </span>
    </p>
   </div>
   <div class='ocr_carea' id='block_1_44' title="bbox 371 2802 1933 2877">
    <p class='ocr_par' dir='ltr' id='par_1_44' title="bbox 371 2802 1933 2877">
     <span class='ocr_line' id='line_1_44' title="bbox 371 2802 1933 2877; baseline 0.001 -20"><span class='ocrx_word' id='word_1_281' title='bbox 371 2805 771 2876; x_wconf 76' lang='grc' dir='ltr'>πεπονημένον,</span> <span class='ocrx_word' id='word_1_282' title='bbox 821 2804 1005 2874; x_wconf 69' lang='grc' dir='ltr'>σαφῶς</span> <span class='ocrx_word' id='word_1_283' title='bbox 1032 2805 1158 2869; x_wconf 72' lang='grc' dir='ltr'>τοὺς</span> <span class='ocrx_word' id='word_1_284' title='bbox 1188 2805 1267 2867; x_wconf 73' lang='grc' dir='ltr'>εἰς</span> <span class='ocrx_word' id='word_1_285' title='bbox 1295 2804 1373 2857; x_wconf 77' lang='grc' dir='ltr'>ἔτι</span> <span class='ocrx_word' id='word_1_286' title='bbox 1400 2802 1494 2856; x_wconf 75' lang='grc' dir='ltr'>νῦν</span> <span class='ocrx_word' id='word_1_287' title='bbox 1527 2805 1620 2857; x_wconf 75' lang='grc' dir='ltr'>καὶ</span> <span class='ocrx_word' id='word_1_288' title='bbox 1666 2806 1745 2869; x_wconf 80' lang='grc' dir='ltr'><strong>εἰς</strong></span> <span class='ocrx_word' id='word_1_289' title='bbox 1788 2807 1933 2877; x_wconf 79' lang='grc' dir='ltr'>ἡμᾶς</span> 
     </span>
    </p>
   </div>
   <div class='ocr_carea' id='block_1_45' title="bbox 372 3015 1934 3087">
    <p class='ocr_par' dir='ltr' id='par_1_45' title="bbox 372 3015 1934 3087">
     <span class='ocr_line' id='line_1_45' title="bbox 372 3015 1934 3087; baseline 0.001 -16"><span class='ocrx_word' id='word_1_290' title='bbox 372 3015 672 3071; x_wconf 77' lang='lat' dir='ltr'><strong>Masculus.</strong></span> <span class='ocrx_word' id='word_1_291' title='bbox 715 3015 822 3087; x_wconf 53' lang='lat' dir='ltr'><strong>Eos</strong></span> <span class='ocrx_word' id='word_1_292' title='bbox 852 3030 1001 3087; x_wconf 83' lang='lat' dir='ltr'><strong>vero</strong></span> <span class='ocrx_word' id='word_1_293' title='bbox 1051 3016 1165 3069; x_wconf 68' lang='lat' dir='ltr'><strong>hinc</strong></span> <span class='ocrx_word' id='word_1_294' title='bbox 1210 3019 1375 3072; x_wconf 89' lang='lat' dir='ltr'><strong>verba</strong></span> <span class='ocrx_word' id='word_1_295' title='bbox 1425 3035 1452 3071; x_wconf 89' lang='lat' dir='ltr'><strong>a</strong></span> <span class='ocrx_word' id='word_1_296' title='bbox 1505 3017 1934 3087; x_wconf 69' lang='lat' dir='ltr'><strong>praecedentibus</strong></span> 
     </span>
    </p>
   </div>
   <div class='ocr_carea' id='block_1_46' title="bbox 374 3084 1937 3162">
    <p class='ocr_par' dir='ltr' id='par_1_46' title="bbox 374 3084 1937 3162">
     <span class='ocr_line' id='line_1_46' title="bbox 374 3084 1937 3162; baseline 0.002 -22"><span class='ocrx_word' id='word_1_297' title='bbox 374 3088 601 3162; x_wconf 70' lang='lat' dir='ltr'><strong>omnino</strong></span> <span class='ocrx_word' id='word_1_298' title='bbox 654 3084 1190 3162; x_wconf 74' lang='lat' dir='ltr'><strong>sejunxi_mus_:_quod</strong></span> <span class='ocrx_word' id='word_1_299' title='bbox 1229 3088 1394 3142; x_wconf 87' lang='lat' dir='ltr'><strong>etiant</strong></span> <span class='ocrx_word' id='word_1_300' title='bbox 1423 3084 1780 3162; x_wconf 84' lang='lat' dir='ltr'><strong>Hieronymus</strong></span> <span class='ocrx_word' id='word_1_301' title='bbox 1810 3101 1937 3143; x_wconf 84' lang='lat' dir='ltr'><strong>ante</strong></span> 
     </span>
    </p>
   </div>
   <div class='ocr_carea' id='block_1_47' title="bbox 371 3155 1139 3222">
    <p class='ocr_par' dir='ltr' id='par_1_47' title="bbox 371 3155 1139 3222">
     <span class='ocr_line' id='line_1_47' title="bbox 371 3155 1139 3222; baseline -0.005 -11"><span class='ocrx_word' id='word_1_302' title='bbox 371 3173 473 3211; x_wconf 86' lang='lat' dir='ltr'><strong>nos</strong></span> <span class='ocrx_word' id='word_1_303' title='bbox 492 3155 679 3210; x_wconf 83' lang='lat' dir='ltr'><strong>fecisse</strong></span> <span class='ocrx_word' id='word_1_304' title='bbox 702 3157 1139 3222; x_wconf 88' lang='lat' dir='ltr'><strong>deprehenditur.</strong></span> 
     </span>
    </p>
   </div>
   <div class='ocr_carea' id='block_1_48' title="bbox 2042 2001 3611 2079">
    <p class='ocr_par' dir='ltr' id='par_1_48' title="bbox 2042 2001 3611 2079">
     <span class='ocr_line' id='line_1_48' title="bbox 2042 2001 3611 2079; baseline 0.006 -24"><span class='ocrx_word' id='word_1_305' title='bbox 2042 2001 2253 2055; x_wconf 76' lang='lat' dir='ltr'><strong>vivendi</strong></span> <span class='ocrx_word' id='word_1_306' title='bbox 2287 2004 2545 2057; x_wconf 89' lang='lat' dir='ltr'><strong>rationem</strong></span> <span class='ocrx_word' id='word_1_307' title='bbox 2576 2004 2797 2074; x_wconf 89' lang='lat' dir='ltr'><strong>scriptis</strong></span> <span class='ocrx_word' id='word_1_308' title='bbox 2827 2007 2939 2061; x_wconf 91' lang='lat' dir='ltr'><strong>suis</strong></span> <span class='ocrx_word' id='word_1_309' title='bbox 2972 2020 3397 2065; x_wconf 83' lang='lat' dir='ltr'><strong>commemorare</strong></span> <span class='ocrx_word' id='word_1_310' title='bbox 3433 2025 3611 2079; x_wconf 72' lang='lat' dir='ltr'><strong>operae</strong></span> 
     </span>
    </p>
   </div>
   <div class='ocr_carea' id='block_1_49' title="bbox 2043 2093 2729 2162">
    <p class='ocr_par' dir='ltr' id='par_1_49' title="bbox 2043 2093 2729 2162">
     <span class='ocr_line' id='line_1_49' title="bbox 2043 2093 2729 2162; baseline 0.006 -17"><span class='ocrx_word' id='word_1_311' title='bbox 2043 2093 2274 2162; x_wconf 88' lang='lat' dir='ltr'><strong>pretium</strong></span> <span class='ocrx_word' id='word_1_312' title='bbox 2308 2093 2528 2148; x_wconf 80' lang='lat' dir='ltr'><strong>duxerit</strong></span> <span class='ocrx_word' id='word_1_313' title='bbox 2555 2093 2729 2150; x_wconf 86' lang='lat' dir='ltr'><strong>Philo.</strong></span> 
     </span>
    </p>
   </div>
   <div class='ocr_carea' id='block_1_50' title="bbox 2609 2186 3031 2244">
    <p class='ocr_par' dir='ltr' id='par_1_50' title="bbox 2609 2186 3031 2244">
     <span class='ocr_line' id='line_1_50' title="bbox 2609 2186 3031 2244; baseline 0.005 -3"><span class='ocrx_word' id='word_1_314' title='bbox 2609 2186 2835 2243; x_wconf 82' lang='lat' dir='ltr'><strong>CAPUT</strong></span> <span class='ocrx_word' id='word_1_315' title='bbox 2872 2188 3031 2244; x_wconf 75' lang='lat' dir='ltr'><strong>XVII.</strong></span> 
     </span>
    </p>
   </div>
   <div class='ocr_carea' id='block_1_51' title="bbox 2148 2278 3513 2352">
    <p class='ocr_par' dir='ltr' id='par_1_51' title="bbox 2148 2278 3513 2352">
     <span class='ocr_line' id='line_1_51' title="bbox 2148 2278 3513 2352; baseline 0.009 -19"><span class='ocrx_word' id='word_1_316' title='bbox 2148 2278 2280 2345; x_wconf 77' lang='lat' dir='ltr'><strong>Qua:</strong></span> <span class='ocrx_word' id='word_1_317' title='bbox 2304 2278 2457 2333; x_wconf 82' lang='lat' dir='ltr'><strong>Philo</strong></span> <span class='ocrx_word' id='word_1_318' title='bbox 2483 2282 2546 2333; x_wconf 85' lang='lat' dir='ltr'><strong>de</strong></span> <span class='ocrx_word' id='word_1_319' title='bbox 2570 2281 2757 2333; x_wconf 80' lang='lat' dir='ltr'><strong>ascelis</strong></span> <span class='ocrx_word' id='word_1_320' title='bbox 2784 2282 2837 2335; x_wconf 85' lang='lat' dir='ltr'><strong>in</strong></span> <span class='ocrx_word' id='word_1_321' title='bbox 2868 2282 3098 2352; x_wconf 64' lang='lat' dir='ltr'><strong>Aigypto</strong></span> <span class='ocrx_word' id='word_1_322' title='bbox 3131 2300 3513 2345; x_wconf 80' lang='lat' dir='ltr'><strong>commemoret.</strong></span> 
     </span>
    </p>
   </div>
   <div class='ocr_carea' id='block_1_52' title="bbox 2112 2435 3612 2510">
    <p class='ocr_par' dir='ltr' id='par_1_52' title="bbox 2112 2435 3612 2510">
     <span class='ocr_line' id='line_1_52' title="bbox 2112 2435 3612 2510; baseline 0.003 -22"><span class='ocrx_word' id='word_1_323' title='bbox 2112 2435 2279 2502; x_wconf 86' lang='lat' dir='ltr'><strong>Quem</strong></span> <span class='ocrx_word' id='word_1_324' title='bbox 2321 2436 2536 2505; x_wconf 87' lang='lat' dir='ltr'><strong>quidem</strong></span> <span class='ocrx_word' id='word_1_325' title='bbox 2565 2435 2842 2490; x_wconf 88' lang='lat' dir='ltr'><strong>Philonem</strong></span> <span class='ocrx_word' id='word_1_326' title='bbox 2871 2438 3008 2490; x_wconf 82' lang='lat' dir='ltr'><strong>fama</strong></span> <span class='ocrx_word' id='word_1_327' title='bbox 3037 2448 3119 2491; x_wconf 92' lang='lat' dir='ltr'><strong>est</strong></span> <span class='ocrx_word' id='word_1_328' title='bbox 3145 2438 3352 2493; x_wconf 66' lang='lat' dir='ltr'><strong>Claudii</strong></span> <span class='ocrx_word' id='word_1_329' title='bbox 3381 2441 3612 2510; x_wconf 81' lang='lat' dir='ltr'><strong>Augusti</strong></span> 
     </span>
    </p>
   </div>
   <div class='ocr_carea' id='block_1_53' title="bbox 2045 2525 3612 2597">
    <p class='ocr_par' dir='ltr' id='par_1_53' title="bbox 2045 2525 3612 2597">
     <span class='ocr_line' id='line_1_53' title="bbox 2045 2525 3612 2597; baseline -0.001 -15"><span class='ocrx_word' id='word_1_330' title='bbox 2045 2528 2376 2597; x_wconf 88' lang='lat' dir='ltr'><strong>temporibus</strong></span> <span class='ocrx_word' id='word_1_331' title='bbox 2410 2527 2591 2582; x_wconf 65' lang='lat' dir='ltr'><strong>Romae</strong></span> <span class='ocrx_word' id='word_1_332' title='bbox 2618 2542 2739 2582; x_wconf 86' lang='lat' dir='ltr'><strong>cum</strong></span> <span class='ocrx_word' id='word_1_333' title='bbox 2770 2525 2932 2581; x_wconf 89' lang='lat' dir='ltr'><strong>Petro</strong></span> <span class='ocrx_word' id='word_1_334' title='bbox 2984 2528 3073 2597; x_wconf 88' lang='lat' dir='ltr'><strong>qui</strong></span> <span class='ocrx_word' id='word_1_335' title='bbox 3106 2528 3331 2582; x_wconf 88' lang='lat' dir='ltr'><strong>verbum</strong></span> <span class='ocrx_word' id='word_1_336' title='bbox 3378 2529 3467 2582; x_wconf 90' lang='lat' dir='ltr'><strong>Dei</strong></span> <span class='ocrx_word' id='word_1_337' title='bbox 3504 2528 3612 2582; x_wconf 85' lang='lat' dir='ltr'><strong>illic</strong></span> 
     </span>
    </p>
   </div>
   <div class='ocr_carea' id='block_1_54' title="bbox 2042 2618 3612 2689">
    <p class='ocr_par' dir='ltr' id='par_1_54' title="bbox 2042 2618 3612 2689">
     <span class='ocr_line' id='line_1_54' title="bbox 2042 2618 3612 2689; baseline 0.001 -16"><span class='ocrx_word' id='word_1_338' title='bbox 2042 2620 2370 2689; x_wconf 66' lang='lat' dir='ltr'><strong>praedicabat</strong></span> <span class='ocrx_word' id='word_1_339' title='bbox 2396 2659 2411 2685; x_wconf 95' lang='lat'><strong>,</strong></span> <span class='ocrx_word' id='word_1_340' title='bbox 2445 2618 2767 2675; x_wconf 78' lang='lat' dir='ltr'><strong>familiarem</strong></span> <span class='ocrx_word' id='word_1_341' title='bbox 2812 2635 3160 2687; x_wconf 75' lang='lat' dir='ltr'><strong>congressum</strong></span> <span class='ocrx_word' id='word_1_342' title='bbox 3209 2620 3480 2675; x_wconf 88' lang='lat' dir='ltr'><strong>habuisse.</strong></span> <span class='ocrx_word' id='word_1_343' title='bbox 3508 2621 3612 2675; x_wconf 76' lang='lat' dir='ltr'><strong>Ne-</strong></span> 
     </span>
    </p>
   </div>
   <div class='ocr_carea' id='block_1_55' title="bbox 2044 2711 3611 2783">
    <p class='ocr_par' dir='ltr' id='par_1_55' title="bbox 2044 2711 3611 2783">
     <span class='ocr_line' id='line_1_55' title="bbox 2044 2711 3611 2783; baseline 0 -18"><span class='ocrx_word' id='word_1_344' title='bbox 2044 2728 2148 2783; x_wconf 90' lang='lat' dir='ltr'><strong>que</strong></span> <span class='ocrx_word' id='word_1_345' title='bbox 2176 2714 2226 2767; x_wconf 93' lang='lat' dir='ltr'><strong>id</strong></span> <span class='ocrx_word' id='word_1_346' title='bbox 2254 2723 2401 2767; x_wconf 90' lang='lat' dir='ltr'><strong>certe</strong></span> <span class='ocrx_word' id='word_1_347' title='bbox 2430 2728 2457 2766; x_wconf 91' lang='lat' dir='ltr'><strong>a</strong></span> <span class='ocrx_word' id='word_1_348' title='bbox 2495 2712 2722 2766; x_wconf 90' lang='lat' dir='ltr'><strong>veritate</strong></span> <span class='ocrx_word' id='word_1_349' title='bbox 2768 2712 3047 2766; x_wconf 84' lang='lat' dir='ltr'><strong>abhorret.</strong></span> <span class='ocrx_word' id='word_1_350' title='bbox 3090 2711 3220 2765; x_wconf 85' lang='lat' dir='ltr'><strong>Nam</strong></span> <span class='ocrx_word' id='word_1_351' title='bbox 3254 2722 3307 2767; x_wconf 94' lang='lat' dir='ltr'><strong>et</strong></span> <span class='ocrx_word' id='word_1_352' title='bbox 3331 2727 3611 2767; x_wconf 85' lang='lat' dir='ltr'><strong>commen-</strong></span> 
     </span>
    </p>
   </div>
   <div class='ocr_carea' id='block_1_56' title="bbox 2044 2805 3610 2876">
    <p class='ocr_par' dir='ltr' id='par_1_56' title="bbox 2044 2805 3610 2876">
     <span class='ocr_line' id='line_1_56' title="bbox 2044 2805 3610 2876; baseline 0 -16"><span class='ocrx_word' id='word_1_353' title='bbox 2044 2806 2214 2861; x_wconf 89' lang='lat' dir='ltr'><strong>tarius</strong></span> <span class='ocrx_word' id='word_1_354' title='bbox 2246 2806 2337 2861; x_wconf 90' lang='lat' dir='ltr'><strong>ille</strong></span> <span class='ocrx_word' id='word_1_355' title='bbox 2367 2807 2433 2861; x_wconf 88' lang='lat' dir='ltr'><strong>de</strong></span> <span class='ocrx_word' id='word_1_356' title='bbox 2460 2821 2570 2876; x_wconf 91' lang='lat' dir='ltr'><strong>quo</strong></span> <span class='ocrx_word' id='word_1_357' title='bbox 2606 2805 2898 2876; x_wconf 91' lang='lat' dir='ltr'><strong>loquimur,</strong></span> <span class='ocrx_word' id='word_1_358' title='bbox 2933 2805 3117 2860; x_wconf 89' lang='lat' dir='ltr'><strong>multis</strong></span> <span class='ocrx_word' id='word_1_359' title='bbox 3164 2815 3284 2875; x_wconf 89' lang='lat' dir='ltr'><strong>post</strong></span> <span class='ocrx_word' id='word_1_360' title='bbox 3331 2805 3491 2860; x_wconf 85' lang='lat' dir='ltr'><strong>annis</strong></span> <span class='ocrx_word' id='word_1_361' title='bbox 3540 2806 3610 2860; x_wconf 88' lang='lat' dir='ltr'><strong>ab</strong></span> 
     </span>
    </p>
   </div>
   <div class='ocr_carea' id='block_1_57' title="bbox 2041 3015 3605 3089">
    <p class='ocr_par' dir='ltr' id='par_1_57' title="bbox 2041 3015 3605 3089">
     <span class='ocr_line' id='line_1_57' title="bbox 2041 3015 3605 3089; baseline 0.002 -18"><span class='ocrx_word' id='word_1_362' title='bbox 2041 3017 2208 3089; x_wconf 86' lang='lat' dir='ltr'><strong>refert</strong></span> <span class='ocrx_word' id='word_1_363' title='bbox 2231 3029 2373 3070; x_wconf 90' lang='lat' dir='ltr'><strong>anno</strong></span> <span class='ocrx_word' id='word_1_364' title='bbox 2400 3032 2459 3089; x_wconf 84' lang='lat' dir='ltr'><strong>in</strong></span> <span class='ocrx_word' id='word_1_365' title='bbox 2487 3015 2601 3071; x_wconf 89' lang='lat' dir='ltr'><strong>Caii</strong></span> <span class='ocrx_word' id='word_1_366' title='bbox 2633 3015 2905 3081; x_wconf 59' lang='lat' dir='ltr'><strong>Caligulae.</strong></span> <span class='ocrx_word' id='word_1_367' title='bbox 2932 3015 3209 3089; x_wconf 8' lang='lat' dir='ltr'><strong>Georgius?</strong></span> <span class='ocrx_word' id='word_1_368' title='bbox 3227 3031 3439 3085; x_wconf 89' lang='lat' dir='ltr'><strong>quoque</strong></span> <span class='ocrx_word' id='word_1_369' title='bbox 3471 3018 3605 3089; x_wconf 89' lang='lat' dir='ltr'><strong>Syn-</strong></span> 
     </span>
    </p>
   </div>
   <div class='ocr_carea' id='block_1_58' title="bbox 2042 3087 3601 3142">
    <p class='ocr_par' dir='ltr' id='par_1_58' title="bbox 2042 3087 3601 3142">
     <span class='ocr_line' id='line_1_58' title="bbox 2042 3087 3601 3142; baseline 0.004 -6"><span class='ocrx_word' id='word_1_370' title='bbox 2042 3088 2210 3141; x_wconf 78' lang='lat' dir='ltr'><strong>rellus</strong></span> <span class='ocrx_word' id='word_1_371' title='bbox 2243 3089 2295 3141; x_wconf 92' lang='lat' dir='ltr'><strong>in</strong></span> <span class='ocrx_word' id='word_1_372' title='bbox 2343 3088 2531 3139; x_wconf 87' lang='lat' dir='ltr'><strong>eadem</strong></span> <span class='ocrx_word' id='word_1_373' title='bbox 2568 3095 2649 3141; x_wconf 87' lang='lat' dir='ltr'><strong>est</strong></span> <span class='ocrx_word' id='word_1_374' title='bbox 2678 3088 2971 3140; x_wconf 80' lang='lat' dir='ltr'><strong>sententia.</strong></span> <span class='ocrx_word' id='word_1_375' title='bbox 3019 3087 3280 3141; x_wconf 82' lang='lat' dir='ltr'><strong>Eusebius</strong></span> <span class='ocrx_word' id='word_1_376' title='bbox 3312 3099 3491 3142; x_wconf 89' lang='lat' dir='ltr'><strong>autem</strong></span> <span class='ocrx_word' id='word_1_377' title='bbox 3514 3087 3524 3089; x_wconf 14' lang='grc' dir='ltr'><strong>ἡ</strong></span> <span class='ocrx_word' id='word_1_378' title='bbox 3546 3092 3601 3142; x_wconf 93' lang='lat' dir='ltr'><strong>in</strong></span> 
     </span>
    </p>
   </div>
   <div class='ocr_carea' id='block_1_59' title="bbox 2043 3156 3602 3221">
    <p class='ocr_par' dir='ltr' id='par_1_59' title="bbox 2043 3156 3602 3221">
     <span class='ocr_line' id='line_1_59' title="bbox 2043 3156 3602 3221; baseline 0.001 -11"><span class='ocrx_word' id='word_1_379' title='bbox 2043 3156 2320 3218; x_wconf 80' lang='lat' dir='ltr'><strong>Chronico,</strong></span> <span class='ocrx_word' id='word_1_380' title='bbox 2370 3156 2534 3210; x_wconf 86' lang='lat' dir='ltr'><strong>Marci</strong></span> <span class='ocrx_word' id='word_1_381' title='bbox 2594 3158 2979 3221; x_wconf 76' lang='lat' dir='ltr'><strong>profectionem</strong></span> <span class='ocrx_word' id='word_1_382' title='bbox 3035 3158 3249 3211; x_wconf 87' lang='lat' dir='ltr'><strong>confert</strong></span> <span class='ocrx_word' id='word_1_383' title='bbox 3297 3157 3348 3209; x_wconf 93' lang='lat' dir='ltr'><strong>in</strong></span> <span class='ocrx_word' id='word_1_384' title='bbox 3401 3175 3602 3212; x_wconf 81' lang='lat' dir='ltr'><strong>annum</strong></span> 
     </span>
    </p>
   </div>
   <div class='ocr_carea' id='block_1_60' title="bbox 445 3226 1931 3297">
    <p class='ocr_par' dir='ltr' id='par_1_60' title="bbox 445 3226 1931 3297">
     <span class='ocr_line' id='line_1_60' title="bbox 445 3226 1931 3297; baseline 0 -17"><span class='ocrx_word' id='word_1_385' title='bbox 445 3226 718 3297; x_wconf 53' lang='grc' dir='ltr'><strong>(55)]ὶιν</strong></span> <span class='ocrx_word' id='word_1_386' title='bbox 754 3227 931 3297; x_wconf 64' lang='grc' dir='ltr'><em>πάλιν</em></span> <span class='ocrx_word' id='word_1_387' title='bbox 966 3227 1394 3297; x_wconf 69' lang='grc' dir='ltr'>τροπικώτερον</span> <span class='ocrx_word' id='word_1_388' title='bbox 1421 3230 1770 3284; x_wconf 78' lang='grc' dir='ltr'>Βαϐυλῶνα.</span> <span class='ocrx_word' id='word_1_389' title='bbox 1829 3229 1931 3283; x_wconf 85' lang='lat' dir='ltr'><strong>Ro-</strong></span> 
     </span>
    </p>
   </div>
   <div class='ocr_carea' id='block_1_61' title="bbox 2032 3226 3603 3297">
    <p class='ocr_par' dir='ltr' id='par_1_61' title="bbox 2037 3226 3603 3297">
     <span class='ocr_line' id='line_1_61' title="bbox 2037 3226 3603 3297; baseline 0.003 -20"><span class='ocrx_word' id='word_1_390' title='bbox 2037 3230 2332 3297; x_wconf 79' lang='lat' dir='ltr'><strong>secundttm</strong></span> <span class='ocrx_word' id='word_1_391' title='bbox 2381 3229 2512 3293; x_wconf 87' lang='lat' dir='ltr'><strong>imp.</strong></span> <span class='ocrx_word' id='word_1_392' title='bbox 2554 3226 2786 3281; x_wconf 82' lang='lat' dir='ltr'><strong>Claudii.</strong></span> <span class='ocrx_word' id='word_1_393' title='bbox 2818 3228 2921 3281; x_wconf 85' lang='lat' dir='ltr'><strong>Sed</strong></span> <span class='ocrx_word' id='word_1_394' title='bbox 2964 3229 3007 3280; x_wconf 94' lang='lat' dir='ltr'><strong>si</strong></span> <span class='ocrx_word' id='word_1_395' title='bbox 3038 3242 3222 3280; x_wconf 85' lang='lat' dir='ltr'><strong>verum</strong></span> <span class='ocrx_word' id='word_1_396' title='bbox 3250 3238 3332 3281; x_wconf 85' lang='lat' dir='ltr'><strong>est</strong></span> <span class='ocrx_word' id='word_1_397' title='bbox 3354 3228 3424 3290; x_wconf 92' lang='lat' dir='ltr'><strong>id,</strong></span> <span class='ocrx_word' id='word_1_398' title='bbox 3458 3234 3603 3297; x_wconf 91' lang='lat' dir='ltr'><strong>quod</strong></span> 
     </span>
    </p>
   </div>
   <div class='ocr_carea' id='block_1_62' title="bbox 370 3294 1930 3368">
    <p class='ocr_par' dir='ltr' id='par_1_62' title="bbox 370 3294 1930 3368">
     <span class='ocr_line' id='line_1_62' title="bbox 370 3294 1930 3368; baseline 0.003 -18"><span class='ocrx_word' id='word_1_399' title='bbox 370 3294 758 3368; x_wconf 43' lang='lat' dir='ltr'><strong>mim&#39;Petrus</strong></span> <span class='ocrx_word' id='word_1_400' title='bbox 817 3295 1040 3364; x_wconf 79' lang='lat' dir='ltr'><strong>ﬁgurate</strong></span> <span class='ocrx_word' id='word_1_401' title='bbox 1096 3294 1420 3368; x_wconf 82' lang='lat' dir='ltr'><strong>Babylonem</strong></span> <span class='ocrx_word' id='word_1_402' title='bbox 1470 3302 1698 3367; x_wconf 85' lang='lat' dir='ltr'><strong>vocavit,</strong></span> <span class='ocrx_word' id='word_1_403' title='bbox 1744 3301 1826 3355; x_wconf 92' lang='lat' dir='ltr'><strong>vel</strong></span> <span class='ocrx_word' id='word_1_404' title='bbox 1862 3300 1930 3355; x_wconf 89' lang='lat' dir='ltr'><strong>ob</strong></span> 
     </span>
    </p>
   </div>
   <div class='ocr_carea' id='block_1_63' title="bbox 373 3367 1915 3441">
    <p class='ocr_par' dir='ltr' id='par_1_63' title="bbox 373 3367 1915 3441">
     <span class='ocr_line' id='line_1_63' title="bbox 373 3367 1915 3441; baseline 0.002 -20"><span class='ocrx_word' id='word_1_405' title='bbox 373 3367 797 3441; x_wconf 82' lang='lat' dir='ltr'><strong>magnitudinem</strong></span> <span class='ocrx_word' id='word_1_406' title='bbox 835 3382 898 3441; x_wconf 82' lang='lat' dir='ltr'><strong>ac</strong></span> <span class='ocrx_word' id='word_1_407' title='bbox 928 3367 1220 3431; x_wconf 87' lang='lat' dir='ltr'><strong>potentiam</strong></span> <span class='ocrx_word' id='word_1_408' title='bbox 1242 3407 1267 3441; x_wconf 91' lang='lat'><strong>,_</strong></span> <span class='ocrx_word' id='word_1_409' title='bbox 1289 3370 1373 3441; x_wconf 86' lang='lat' dir='ltr'><strong>vel</strong></span> <span class='ocrx_word' id='word_1_410' title='bbox 1410 3380 1636 3441; x_wconf 86' lang='lat' dir='ltr'><strong>propter</strong></span> <span class='ocrx_word' id='word_1_411' title='bbox 1666 3372 1915 3441; x_wconf 85' lang='lat' dir='ltr'><strong>impieta-</strong></span> 
     </span>
    </p>
   </div>
   <div class='ocr_carea' id='block_1_64' title="bbox 372 3438 1930 3506">
    <p class='ocr_par' dir='ltr' id='par_1_64' title="bbox 372 3438 1930 3506">
     <span class='ocr_line' id='line_1_64' title="bbox 372 3438 1930 3506; baseline 0.004 -17"><span class='ocrx_word' id='word_1_412' title='bbox 372 3449 509 3497; x_wconf 89' lang='lat' dir='ltr'><strong>tem.</strong></span> <span class='ocrx_word' id='word_1_413' title='bbox 553 3452 616 3492; x_wconf 88' lang='lat' dir='ltr'><strong>eo</strong></span> <span class='ocrx_word' id='word_1_414' title='bbox 658 3438 799 3506; x_wconf 91' lang='lat' dir='ltr'><strong>quod</strong></span> <span class='ocrx_word' id='word_1_415' title='bbox 852 3438 1151 3490; x_wconf 69' lang='lat' dir='ltr'><strong>dazmonum</strong></span> <span class='ocrx_word' id='word_1_416' title='bbox 1183 3439 1355 3492; x_wconf 92' lang='lat' dir='ltr'><strong>cultui</strong></span> <span class='ocrx_word' id='word_1_417' title='bbox 1392 3440 1569 3494; x_wconf 86' lang='lat' dir='ltr'><strong>dedita</strong></span> <span class='ocrx_word' id='word_1_418' title='bbox 1611 3438 1756 3495; x_wconf 54' lang='lat' dir='ltr'><strong>tunc&#39;</strong></span> <span class='ocrx_word' id='word_1_419' title='bbox 1786 3450 1930 3496; x_wconf 87' lang='lat' dir='ltr'><strong>esset</strong></span> 
     </span>
    </p>
   </div>
   <div class='ocr_carea' id='block_1_65' title="bbox 375 3506 1926 3577">
    <p class='ocr_par' dir='ltr' id='par_1_65' title="bbox 375 3506 1926 3577">
     <span class='ocr_line' id='line_1_65' title="bbox 375 3506 1926 3577; baseline 0.003 -17"><span class='ocrx_word' id='word_1_420' title='bbox 375 3506 551 3561; x_wconf 85' lang='lat' dir='ltr'><strong>Roma</strong></span> <span class='ocrx_word' id='word_1_421' title='bbox 587 3510 807 3575; x_wconf 86' lang='lat' dir='ltr'><strong>perinde</strong></span> <span class='ocrx_word' id='word_1_422' title='bbox 836 3520 899 3559; x_wconf 90' lang='lat' dir='ltr'><strong>ac</strong></span> <span class='ocrx_word' id='word_1_423' title='bbox 926 3506 1051 3560; x_wconf 90' lang='lat' dir='ltr'><strong>olim</strong></span> <span class='ocrx_word' id='word_1_424' title='bbox 1096 3508 1356 3577; x_wconf 81' lang='lat' dir='ltr'><strong>Babylon.</strong></span> <span class='ocrx_word' id='word_1_425' title='bbox 1400 3509 1588 3564; x_wconf 88' lang='lat' dir='ltr'><strong>Potest</strong></span> <span class='ocrx_word' id='word_1_426' title='bbox 1628 3512 1790 3565; x_wconf 83' lang='lat' dir='ltr'><strong>etiam</strong></span> <span class='ocrx_word' id='word_1_427' title='bbox 1824 3514 1926 3565; x_wconf 90' lang='lat' dir='ltr'><strong>alia</strong></span> 
     </span>
    </p>
   </div>
   <div class='ocr_carea' id='block_1_66' title="bbox 374 3576 1927 3647">
    <p class='ocr_par' dir='ltr' id='par_1_66' title="bbox 374 3576 1927 3647">
     <span class='ocr_line' id='line_1_66' title="bbox 374 3576 1927 3647; baseline 0.001 -16"><span class='ocrx_word' id='word_1_428' title='bbox 374 3578 517 3631; x_wconf 81' lang='lat' dir='ltr'><strong>ratio</strong></span> <span class='ocrx_word' id='word_1_429' title='bbox 546 3579 703 3645; x_wconf 88' lang='lat' dir='ltr'><strong>hujus</strong></span> <span class='ocrx_word' id='word_1_430' title='bbox 730 3578 1063 3647; x_wconf 77' lang='lat' dir='ltr'><strong>cognominis</strong></span> <span class='ocrx_word' id='word_1_431' title='bbox 1090 3576 1293 3643; x_wconf 83' lang='lat' dir='ltr'><strong>all&#39;erri,</strong></span> <span class='ocrx_word' id='word_1_432' title='bbox 1332 3582 1473 3647; x_wconf 92' lang='lat' dir='ltr'><strong>quod</strong></span> <span class='ocrx_word' id='word_1_433' title='bbox 1497 3580 1706 3635; x_wconf 90' lang='lat' dir='ltr'><strong>scilicet</strong></span> <span class='ocrx_word' id='word_1_434' title='bbox 1743 3594 1799 3636; x_wconf 93' lang='lat' dir='ltr'><strong>ut</strong></span> <span class='ocrx_word' id='word_1_435' title='bbox 1826 3584 1927 3635; x_wconf 74' lang='lat' dir='ltr'><strong>Ita-</strong></span> 
     </span>
    </p>
   </div>
   <div class='ocr_carea' id='block_1_67' title="bbox 374 3646 1928 3719">
    <p class='ocr_par' dir='ltr' id='par_1_67' title="bbox 374 3646 1928 3719">
     <span class='ocr_line' id='line_1_67' title="bbox 374 3646 1928 3719; baseline 0.001 -16"><span class='ocrx_word' id='word_1_436' title='bbox 374 3648 578 3719; x_wconf 84' lang='lat' dir='ltr'><strong>bylonii</strong></span> <span class='ocrx_word' id='word_1_437' title='bbox 628 3647 840 3719; x_wconf 60' lang='lat' dir='ltr'><strong>Iudaeos</strong></span> <span class='ocrx_word' id='word_1_438' title='bbox 889 3646 942 3699; x_wconf 93' lang='lat' dir='ltr'><strong>in</strong></span> <span class='ocrx_word' id='word_1_439' title='bbox 976 3648 1290 3719; x_wconf 77' lang='lat' dir='ltr'><strong>servitutem</strong></span> <span class='ocrx_word' id='word_1_440' title='bbox 1333 3646 1672 3717; x_wconf 80' lang='lat' dir='ltr'><strong>redegerant,</strong></span> <span class='ocrx_word' id='word_1_441' title='bbox 1708 3655 1787 3706; x_wconf 90' lang='lat' dir='ltr'><strong>sic</strong></span> <span class='ocrx_word' id='word_1_442' title='bbox 1822 3652 1928 3705; x_wconf 87' lang='lat' dir='ltr'><strong>Ro-</strong></span> 
     </span>
    </p>
   </div>
   <div class='ocr_carea' id='block_1_68' title="bbox 375 3715 1929 3790">
    <p class='ocr_par' dir='ltr' id='par_1_68' title="bbox 375 3715 1929 3790">
     <span class='ocr_line' id='line_1_68' title="bbox 375 3715 1929 3790; baseline 0.003 -20"><span class='ocrx_word' id='word_1_443' title='bbox 375 3715 521 3790; x_wconf 84' lang='lat' dir='ltr'><strong>mani</strong></span> <span class='ocrx_word' id='word_1_444' title='bbox 558 3728 679 3773; x_wconf 86' lang='lat' dir='ltr'><strong>tunc</strong></span> <span class='ocrx_word' id='word_1_445' title='bbox 728 3715 1179 3790; x_wconf 66' lang='lat' dir='ltr'><strong>Iudaeos_ditioni</strong></span> <span class='ocrx_word' id='word_1_446' title='bbox 1226 3732 1337 3790; x_wconf 76' lang='lat' dir='ltr'><strong>sua:</strong></span> <span class='ocrx_word' id='word_1_447' title='bbox 1365 3715 1745 3790; x_wconf 21' lang='lat' dir='ltr'><strong>subj‘ecissent.</strong></span> <span class='ocrx_word' id='word_1_448' title='bbox 1791 3724 1929 3777; x_wconf 88' lang='lat' dir='ltr'><strong>Sunt</strong></span> 
     </span>
    </p>
   </div>
   <div class='ocr_carea' id='block_1_69' title="bbox 374 3784 1924 3860">
    <p class='ocr_par' dir='ltr' id='par_1_69' title="bbox 374 3784 1924 3860">
     <span class='ocr_line' id='line_1_69' title="bbox 374 3784 1924 3860; baseline 0.004 -21"><span class='ocrx_word' id='word_1_449' title='bbox 374 3789 466 3860; x_wconf 74' lang='lat' dir='ltr'><strong>qui</strong></span> <span class='ocrx_word' id='word_1_450' title='bbox 497 3791 549 3842; x_wconf 92' lang='lat' dir='ltr'><strong>in</strong></span> <span class='ocrx_word' id='word_1_451' title='bbox 584 3790 737 3860; x_wconf 80' lang='lat' dir='ltr'><strong>dicta</strong></span> <span class='ocrx_word' id='word_1_452' title='bbox 768 3784 1200 3860; x_wconf 70' lang='lat' dir='ltr'><strong>PetriEpistola,</strong></span> <span class='ocrx_word' id='word_1_453' title='bbox 1250 3784 1536 3860; x_wconf 78' lang='lat' dir='ltr'><strong>Babylonis</strong></span> <span class='ocrx_word' id='word_1_454' title='bbox 1563 3792 1777 3846; x_wconf 91' lang='lat' dir='ltr'><strong>nomine</strong></span> <span class='ocrx_word' id='word_1_455' title='bbox 1818 3809 1924 3846; x_wconf 90' lang='lat' dir='ltr'><strong>non</strong></span> 
     </span>
    </p>
   </div>
   <div class='ocr_carea' id='block_1_70' title="bbox 374 3856 1929 3933">
    <p class='ocr_par' dir='ltr' id='par_1_70' title="bbox 374 3856 1929 3933">
     <span class='ocr_line' id='line_1_70' title="bbox 374 3856 1929 3933; baseline 0.002 -21"><span class='ocrx_word' id='word_1_456' title='bbox 374 3856 621 3933; x_wconf 80' lang='lat' dir='ltr'><strong>Romam,</strong></span> <span class='ocrx_word' id='word_1_457' title='bbox 650 3856 1088 3933; x_wconf 75' lang='lat' dir='ltr'><strong>sedBabylonem</strong></span> <span class='ocrx_word' id='word_1_458' title='bbox 1113 3858 1281 3933; x_wconf 75' lang='lat' dir='ltr'><strong>ipsam</strong></span> <span class='ocrx_word' id='word_1_459' title='bbox 1306 3856 1428 3933; x_wconf 66' lang='lat' dir='ltr'><strong>qua:</strong></span> <span class='ocrx_word' id='word_1_460' title='bbox 1449 3867 1616 3933; x_wconf 22' lang='lat' dir='ltr'><strong>caput!</strong></span> <span class='ocrx_word' id='word_1_461' title='bbox 1634 3862 1733 3915; x_wconf 90' lang='lat' dir='ltr'><strong>fuit</strong></span> <span class='ocrx_word' id='word_1_462' title='bbox 1762 3863 1929 3933; x_wconf 85' lang='lat' dir='ltr'><strong>Assy-</strong></span> 
     </span>
    </p>
   </div>
   <div class='ocr_carea' id='block_1_71' title="bbox 374 3927 1924 3996">
    <p class='ocr_par' dir='ltr' id='par_1_71' title="bbox 374 3927 1924 3996">
     <span class='ocr_line' id='line_1_71' title="bbox 374 3927 1924 3996; baseline 0.003 -15"><span class='ocrx_word' id='word_1_463' title='bbox 374 3931 603 3992; x_wconf 82' lang='lat' dir='ltr'><strong>riorum,</strong></span> <span class='ocrx_word' id='word_1_464' title='bbox 651 3927 917 3996; x_wconf 78' lang='lat' dir='ltr'><strong>designari</strong></span> <span class='ocrx_word' id='word_1_465' title='bbox 966 3927 1545 3984; x_wconf 36' lang='lat' dir='ltr'><strong>contendant.&#39;Verum</strong></span> <span class='ocrx_word' id='word_1_466' title='bbox 1596 3929 1648 3986; x_wconf 82' lang='lat' dir='ltr'><strong>hi</strong></span> <span class='ocrx_word' id='word_1_467' title='bbox 1687 3927 1924 3986; x_wconf 75' lang='lat' dir='ltr'><strong>omnium</strong></span> 
     </span>
    </p>
   </div>
   <div class='ocr_carea' id='block_1_72' title="bbox 372 3997 1925 4071">
    <p class='ocr_par' dir='ltr' id='par_1_72' title="bbox 372 3997 1925 4071">
     <span class='ocr_line' id='line_1_72' title="bbox 372 3997 1925 4071; baseline 0.003 -19"><span class='ocrx_word' id='word_1_468' title='bbox 372 4009 613 4071; x_wconf 61' lang='lat' dir='ltr'><strong>yeternm</strong></span> <span class='ocrx_word' id='word_1_469' title='bbox 645 3997 860 4071; x_wconf 70' lang='lat' dir='ltr'><strong>Patrum</strong></span> <span class='ocrx_word' id='word_1_470' title='bbox 888 3999 1201 4071; x_wconf 86' lang='lat' dir='ltr'><strong>testimonio</strong></span> <span class='ocrx_word' id='word_1_471' title='bbox 1234 4000 1575 4071; x_wconf 85' lang='lat' dir='ltr'><strong>refelluntur.</strong></span> <span class='ocrx_word' id='word_1_472' title='bbox 1625 4001 1785 4056; x_wconf 90' lang='lat' dir='ltr'><strong>Certe</strong></span> <span class='ocrx_word' id='word_1_473' title='bbox 1835 4004 1925 4071; x_wconf 89' lang='lat' dir='ltr'><strong>qui</strong></span> 
     </span>
    </p>
   </div>
   <div class='ocr_carea' id='block_1_73' title="bbox 373 4067 1928 4137">
    <p class='ocr_par' dir='ltr' id='par_1_73' title="bbox 373 4067 1928 4137">
     <span class='ocr_line' id='line_1_73' title="bbox 373 4067 1928 4137; baseline 0.003 -14"><span class='ocrx_word' id='word_1_474' title='bbox 373 4067 591 4123; x_wconf 86' lang='lat' dir='ltr'><strong>Petrum</strong></span> <span class='ocrx_word' id='word_1_475' title='bbox 646 4067 915 4137; x_wconf 86' lang='lat' dir='ltr'><strong>Babylone</strong></span> <span class='ocrx_word' id='word_1_476' title='bbox 964 4069 1169 4122; x_wconf 89' lang='lat' dir='ltr'><strong>sedisse</strong></span> <span class='ocrx_word' id='word_1_477' title='bbox 1197 4069 1399 4135; x_wconf 91' lang='lat' dir='ltr'><strong>volunt,</strong></span> <span class='ocrx_word' id='word_1_478' title='bbox 1448 4072 1742 4126; x_wconf 89' lang='lat' dir='ltr'><strong>ostendant</strong></span> <span class='ocrx_word' id='word_1_479' title='bbox 1774 4067 1928 4127; x_wconf 81' lang='lat' dir='ltr'><strong>nobis</strong></span> 
     </span>
    </p>
   </div>
   <div class='ocr_carea' id='block_1_74' title="bbox 372 4138 1927 4212">
    <p class='ocr_par' dir='ltr' id='par_1_74' title="bbox 372 4138 1927 4212">
     <span class='ocr_line' id='line_1_74' title="bbox 372 4138 1927 4212; baseline 0.002 -19"><span class='ocrx_word' id='word_1_480' title='bbox 372 4150 582 4212; x_wconf 72' lang='lat' dir='ltr'><strong>oportet</strong></span> <span class='ocrx_word' id='word_1_481' title='bbox 630 4138 1027 4212; x_wconf 74' lang='lat' dir='ltr'><strong>successionem</strong></span> <span class='ocrx_word' id='word_1_482' title='bbox 1063 4139 1465 4212; x_wconf 87' lang='lat' dir='ltr'><strong>episcoporum,</strong></span> <span class='ocrx_word' id='word_1_483' title='bbox 1514 4143 1602 4210; x_wconf 92' lang='lat' dir='ltr'><strong>qui</strong></span> <span class='ocrx_word' id='word_1_484' title='bbox 1637 4141 1927 4212; x_wconf 66' lang='lat' dir='ltr'><strong>Rabylouis</strong></span> 
     </span>
    </p>
   </div>
   <div class='ocr_carea' id='block_1_75' title="bbox 373 4207 1931 4277">
    <p class='ocr_par' dir='ltr' id='par_1_75' title="bbox 373 4207 1931 4277">
     <span class='ocr_line' id='line_1_75' title="bbox 373 4207 1931 4277; baseline 0.003 -15"><span class='ocrx_word' id='word_1_485' title='bbox 373 4207 667 4263; x_wconf 77' lang='lat' dir='ltr'><strong>Ecclesium</strong></span> <span class='ocrx_word' id='word_1_486' title='bbox 701 4219 821 4277; x_wconf 88' lang='lat' dir='ltr'><strong>post</strong></span> <span class='ocrx_word' id='word_1_487' title='bbox 872 4207 1087 4261; x_wconf 86' lang='lat' dir='ltr'><strong>Petrum</strong></span> <span class='ocrx_word' id='word_1_488' title='bbox 1121 4207 1590 4265; x_wconf 83' lang='lat' dir='ltr'><strong>administrarunt.</strong></span> <span class='ocrx_word' id='word_1_489' title='bbox 1644 4207 1931 4266; x_wconf 80' lang='lat' dir='ltr'><strong>Proferam</strong></span> 
     </span>
    </p>
   </div>
   <div class='ocr_carea' id='block_1_76' title="bbox 374 4278 1929 4347">
    <p class='ocr_par' dir='ltr' id='par_1_76' title="bbox 374 4278 1929 4347">
     <span class='ocr_line' id='line_1_76' title="bbox 374 4278 1929 4347; baseline 0.003 -16"><span class='ocrx_word' id='word_1_490' title='bbox 374 4279 536 4347; x_wconf 78' lang='lat' dir='ltr'><strong>igitur</strong></span> <span class='ocrx_word' id='word_1_491' title='bbox 563 4282 732 4333; x_wconf 88' lang='lat' dir='ltr'><strong>fastos</strong></span> <span class='ocrx_word' id='word_1_492' title='bbox 752 4278 1008 4333; x_wconf 68' lang='lat' dir='ltr'><strong>Ecclesim</strong></span> <span class='ocrx_word' id='word_1_493' title='bbox 1036 4279 1196 4344; x_wconf 93' lang='lat' dir='ltr'><strong>illius,</strong></span> <span class='ocrx_word' id='word_1_494' title='bbox 1229 4279 1371 4334; x_wconf 89' lang='lat' dir='ltr'><strong>sicut</strong></span> <span class='ocrx_word' id='word_1_495' title='bbox 1419 4296 1518 4334; x_wconf 91' lang='lat' dir='ltr'><strong>nos</strong></span> <span class='ocrx_word' id='word_1_496' title='bbox 1551 4284 1929 4336; x_wconf 85' lang='lat' dir='ltr'><strong>successiones</strong></span> 
     </span>
    </p>
   </div>
   <div class='ocr_carea' id='block_1_77' title="bbox 373 4347 1929 4420">
    <p class='ocr_par' dir='ltr' id='par_1_77' title="bbox 373 4347 1929 4420">
     <span class='ocr_line' id='line_1_77' title="bbox 373 4347 1929 4420; baseline 0.001 -17"><span class='ocrx_word' id='word_1_497' title='bbox 373 4351 745 4420; x_wconf 88' lang='lat' dir='ltr'><strong>episc0porum</strong></span> <span class='ocrx_word' id='word_1_498' title='bbox 786 4349 933 4420; x_wconf 79' lang='lat' dir='ltr'><strong>urbis</strong></span> <span class='ocrx_word' id='word_1_499' title='bbox 966 4347 1151 4420; x_wconf 63' lang='lat' dir='ltr'><strong>Ronte</strong></span> <span class='ocrx_word' id='word_1_500' title='bbox 1180 4350 1269 4416; x_wconf 93' lang='lat' dir='ltr'><strong>qui</strong></span> <span class='ocrx_word' id='word_1_501' title='bbox 1312 4361 1433 4417; x_wconf 87' lang='lat' dir='ltr'><strong>post</strong></span> <span class='ocrx_word' id='word_1_502' title='bbox 1457 4351 1674 4405; x_wconf 85' lang='lat' dir='ltr'><strong>Petrum</strong></span> <span class='ocrx_word' id='word_1_503' title='bbox 1712 4364 1929 4420; x_wconf 87' lang='lat' dir='ltr'><strong>aposto-</strong></span> 
     </span>
    </p>
   </div>
   <div class='ocr_carea' id='block_1_78' title="bbox 374 4419 1927 4487">
    <p class='ocr_par' dir='ltr' id='par_1_78' title="bbox 374 4419 1927 4487">
     <span class='ocr_line' id='line_1_78' title="bbox 374 4419 1927 4487; baseline 0.002 -15"><span class='ocrx_word' id='word_1_504' title='bbox 374 4420 482 4473; x_wconf 89' lang='lat' dir='ltr'><strong>lum</strong></span> <span class='ocrx_word' id='word_1_505' title='bbox 512 4422 759 4474; x_wconf 76' lang='lat' dir='ltr'><strong>Romana:</strong></span> <span class='ocrx_word' id='word_1_506' title='bbox 787 4419 1037 4473; x_wconf 72' lang='lat' dir='ltr'><strong>Ecclesize</strong></span> <span class='ocrx_word' id='word_1_507' title='bbox 1068 4421 1415 4487; x_wconf 74' lang='lat' dir='ltr'><strong>przefuerunt.</strong></span> <span class='ocrx_word' id='word_1_508' title='bbox 1447 4435 1512 4474; x_wconf 78' lang='lat' dir='ltr'><strong>ex</strong></span> <span class='ocrx_word' id='word_1_509' title='bbox 1546 4419 1755 4477; x_wconf 75' lang='lat' dir='ltr'><strong>Irenzeo</strong></span> <span class='ocrx_word' id='word_1_510' title='bbox 1777 4422 1927 4475; x_wconf 87' lang='lat' dir='ltr'><strong>aliis-</strong></span> 
     </span>
    </p>
   </div>
   <div class='ocr_carea' id='block_1_79' title="bbox 376 4488 1929 4559">
    <p class='ocr_par' dir='ltr' id='par_1_79' title="bbox 376 4488 1929 4559">
     <span class='ocr_line' id='line_1_79' title="bbox 376 4488 1929 4559; baseline 0.001 -16"><span class='ocrx_word' id='word_1_511' title='bbox 376 4506 481 4557; x_wconf 89' lang='lat' dir='ltr'><strong>que</strong></span> <span class='ocrx_word' id='word_1_512' title='bbox 545 4490 891 4557; x_wconf 81' lang='lat' dir='ltr'><strong>proferimus.</strong></span> <span class='ocrx_word' id='word_1_513' title='bbox 949 4488 1100 4555; x_wconf 66' lang='lat' dir='ltr'><strong>Quae,</strong></span> <span class='ocrx_word' id='word_1_514' title='bbox 1140 4490 1360 4555; x_wconf 89' lang='lat' dir='ltr'><strong>malum,</strong></span> <span class='ocrx_word' id='word_1_515' title='bbox 1392 4491 1723 4559; x_wconf 90' lang='lat' dir='ltr'><strong>impudentia</strong></span> <span class='ocrx_word' id='word_1_516' title='bbox 1800 4504 1929 4556; x_wconf 88' lang='lat' dir='ltr'><strong>est,</strong></span> 
     </span>
    </p>
   </div>
   <div class='ocr_carea' id='block_1_80' title="bbox 375 4560 1928 4629">
    <p class='ocr_par' dir='ltr' id='par_1_80' title="bbox 375 4560 1928 4629">
     <span class='ocr_line' id='line_1_80' title="bbox 375 4560 1928 4629; baseline 0 -15"><span class='ocrx_word' id='word_1_517' title='bbox 375 4562 428 4614; x_wconf 89' lang='lat' dir='ltr'><strong>id</strong></span> <span class='ocrx_word' id='word_1_518' title='bbox 453 4562 665 4628; x_wconf 89' lang='lat' dir='ltr'><strong>quidem</strong></span> <span class='ocrx_word' id='word_1_519' title='bbox 708 4560 849 4629; x_wconf 90' lang='lat' dir='ltr'><strong>quod</strong></span> <span class='ocrx_word' id='word_1_520' title='bbox 884 4574 1043 4613; x_wconf 91' lang='lat' dir='ltr'><strong>nemo</strong></span> <span class='ocrx_word' id='word_1_521' title='bbox 1074 4570 1314 4612; x_wconf 87' lang='lat' dir='ltr'><strong>veterum</strong></span> <span class='ocrx_word' id='word_1_522' title='bbox 1348 4561 1501 4626; x_wconf 76' lang='lat' dir='ltr'><strong>dixit,</strong></span> <span class='ocrx_word' id='word_1_523' title='bbox 1533 4570 1736 4615; x_wconf 89' lang='lat' dir='ltr'><strong>temere</strong></span> <span class='ocrx_word' id='word_1_524' title='bbox 1787 4562 1928 4614; x_wconf 70' lang='lat' dir='ltr'><strong>affir-</strong></span> 
     </span>
    </p>
   </div>
   <div class='ocr_carea' id='block_1_81' title="bbox 372 4628 1928 4702">
    <p class='ocr_par' dir='ltr' id='par_1_81' title="bbox 372 4628 1928 4702">
     <span class='ocr_line' id='line_1_81' title="bbox 372 4628 1928 4702; baseline 0.002 -19"><span class='ocrx_word' id='word_1_525' title='bbox 372 4646 555 4691; x_wconf 88' lang='lat' dir='ltr'><strong>mare;</strong></span> <span class='ocrx_word' id='word_1_526' title='bbox 582 4628 798 4684; x_wconf 88' lang='lat' dir='ltr'><strong>Petrum</strong></span> <span class='ocrx_word' id='word_1_527' title='bbox 832 4628 1037 4683; x_wconf 89' lang='lat' dir='ltr'><strong>scilicet</strong></span> <span class='ocrx_word' id='word_1_528' title='bbox 1073 4629 1253 4684; x_wconf 90' lang='lat' dir='ltr'><strong>sedem</strong></span> <span class='ocrx_word' id='word_1_529' title='bbox 1304 4630 1487 4702; x_wconf 80' lang='lat' dir='ltr'><strong>fixisse</strong></span> <span class='ocrx_word' id='word_1_530' title='bbox 1517 4631 1829 4702; x_wconf 86' lang='lat' dir='ltr'><strong>Babylone:</strong></span> <span class='ocrx_word' id='word_1_531' title='bbox 1876 4632 1928 4686; x_wconf 89' lang='lat' dir='ltr'><strong>id</strong></span> 
     </span>
    </p>
   </div>
   <div class='ocr_carea' id='block_1_82' title="bbox 373 4701 1927 4771">
    <p class='ocr_par' dir='ltr' id='par_1_82' title="bbox 373 4701 1927 4771">
     <span class='ocr_line' id='line_1_82' title="bbox 373 4701 1927 4771; baseline 0.001 -18"><span class='ocrx_word' id='word_1_532' title='bbox 373 4715 500 4771; x_wconf 77' lang='lat' dir='ltr'><strong>vero</strong></span> <span class='ocrx_word' id='word_1_533' title='bbox 548 4702 689 4771; x_wconf 92' lang='lat' dir='ltr'><strong>quod</strong></span> <span class='ocrx_word' id='word_1_534' title='bbox 747 4709 957 4771; x_wconf 86' lang='lat' dir='ltr'><strong>veteres</strong></span> <span class='ocrx_word' id='word_1_535' title='bbox 984 4714 1171 4754; x_wconf 91' lang='lat' dir='ltr'><strong>omnes</strong></span> <span class='ocrx_word' id='word_1_536' title='bbox 1223 4701 1577 4755; x_wconf 87' lang='lat' dir='ltr'><strong>ecclesiastici</strong></span> <span class='ocrx_word' id='word_1_537' title='bbox 1635 4701 1927 4770; x_wconf 76' lang='lat' dir='ltr'><strong>Scriptores</strong></span> 
     </span>
    </p>
   </div>
   <div class='ocr_carea' id='block_1_83' title="bbox 374 4769 1926 4839">
    <p class='ocr_par' dir='ltr' id='par_1_83' title="bbox 374 4769 1926 4839">
     <span class='ocr_line' id='line_1_83' title="bbox 374 4769 1926 4839; baseline 0.001 -15"><span class='ocrx_word' id='word_1_538' title='bbox 374 4769 727 4826; x_wconf 74' lang='lat' dir='ltr'><strong>disertissime</strong></span> <span class='ocrx_word' id='word_1_539' title='bbox 756 4769 1129 4839; x_wconf 86' lang='lat' dir='ltr'><strong>prodiderunt,</strong></span> <span class='ocrx_word' id='word_1_540' title='bbox 1177 4771 1466 4824; x_wconf 88' lang='lat' dir='ltr'><strong>adventum</strong></span> <span class='ocrx_word' id='word_1_541' title='bbox 1500 4769 1759 4825; x_wconf 13' lang='lat' dir='ltr'><strong>videlicet,</strong></span> <span class='ocrx_word' id='word_1_542' title='bbox 1782 4772 1926 4826; x_wconf 86' lang='lat' dir='ltr'><strong>Petri</strong></span> 
     </span>
    </p>
   </div>
   <div class='ocr_carea' id='block_1_84' title="bbox 374 4840 1928 4909">
    <p class='ocr_par' dir='ltr' id='par_1_84' title="bbox 374 4840 1928 4909">
     <span class='ocr_line' id='line_1_84' title="bbox 374 4840 1928 4909; baseline 0.002 -16"><span class='ocrx_word' id='word_1_543' title='bbox 374 4840 426 4893; x_wconf 93' lang='lat' dir='ltr'><strong>in</strong></span> <span class='ocrx_word' id='word_1_544' title='bbox 464 4842 648 4896; x_wconf 90' lang='lat' dir='ltr'><strong>urbem</strong></span> <span class='ocrx_word' id='word_1_545' title='bbox 684 4841 929 4902; x_wconf 81' lang='lat' dir='ltr'><strong>Romam,</strong></span> <span class='ocrx_word' id='word_1_546' title='bbox 960 4842 1312 4908; x_wconf 90' lang='lat' dir='ltr'><strong>pertinaciter</strong></span> <span class='ocrx_word' id='word_1_547' title='bbox 1345 4856 1564 4908; x_wconf 72' lang='lat' dir='ltr'><strong>negare.</strong></span> <span class='ocrx_word' id='word_1_548' title='bbox 1596 4842 1757 4909; x_wconf 82' lang='lat' dir='ltr'><strong>Atqui</strong></span> <span class='ocrx_word' id='word_1_549' title='bbox 1794 4843 1928 4896; x_wconf 87' lang='lat' dir='ltr'><strong>nihil</strong></span> 
     </span>
    </p>
   </div>
   <div class='ocr_carea' id='block_1_85' title="bbox 372 4910 1928 4975">
    <p class='ocr_par' dir='ltr' id='par_1_85' title="bbox 372 4910 1928 4975">
     <span class='ocr_line' id='line_1_85' title="bbox 372 4910 1928 4975; baseline 0.002 -10"><span class='ocrx_word' id='word_1_550' title='bbox 372 4910 426 4965; x_wconf 86' lang='lat' dir='ltr'><strong>in</strong></span> <span class='ocrx_word' id='word_1_551' title='bbox 462 4921 570 4965; x_wconf 90' lang='lat' dir='ltr'><strong>tota</strong></span> <span class='ocrx_word' id='word_1_552' title='bbox 607 4911 828 4964; x_wconf 87' lang='lat' dir='ltr'><strong>historia</strong></span> <span class='ocrx_word' id='word_1_553' title='bbox 860 4912 1225 4964; x_wconf 87' lang='lat' dir='ltr'><strong>ecclesiastica</strong></span> <span class='ocrx_word' id='word_1_554' title='bbox 1260 4911 1540 4975; x_wconf 88' lang='lat' dir='ltr'><strong>illustrius,</strong></span> <span class='ocrx_word' id='word_1_555' title='bbox 1568 4914 1700 4965; x_wconf 88' lang='lat' dir='ltr'><strong>nihil</strong></span> <span class='ocrx_word' id='word_1_556' title='bbox 1724 4913 1928 4968; x_wconf 89' lang='lat' dir='ltr'><strong>certius</strong></span> 
     </span>
    </p>
   </div>
   <div class='ocr_carea' id='block_1_86' title="bbox 370 4980 1925 5050">
    <p class='ocr_par' dir='ltr' id='par_1_86' title="bbox 370 4980 1925 5050">
     <span class='ocr_line' id='line_1_86' title="bbox 370 4980 1925 5050; baseline 0.001 -17"><span class='ocrx_word' id='word_1_557' title='bbox 370 4993 531 5050; x_wconf 87' lang='lat' dir='ltr'><strong>atque</strong></span> <span class='ocrx_word' id='word_1_558' title='bbox 567 4982 833 5043; x_wconf 87' lang='lat' dir='ltr'><strong>testatius,</strong></span> <span class='ocrx_word' id='word_1_559' title='bbox 875 4995 1035 5048; x_wconf 90' lang='lat' dir='ltr'><strong>quam</strong></span> <span class='ocrx_word' id='word_1_560' title='bbox 1071 4982 1331 5035; x_wconf 82' lang='lat' dir='ltr'><strong>adventus</strong></span> <span class='ocrx_word' id='word_1_561' title='bbox 1388 4980 1529 5036; x_wconf 89' lang='lat' dir='ltr'><strong>Petri</strong></span> <span class='ocrx_word' id='word_1_562' title='bbox 1586 4983 1815 5048; x_wconf 89' lang='lat' dir='ltr'><strong>apostoli</strong></span> <span class='ocrx_word' id='word_1_563' title='bbox 1872 4983 1925 5035; x_wconf 90' lang='lat' dir='ltr'><strong>in</strong></span> 
     </span>
    </p>
   </div>
   <div class='ocr_carea' id='block_1_87' title="bbox 371 5050 1925 5119">
    <p class='ocr_par' dir='ltr' id='par_1_87' title="bbox 371 5050 1925 5119">
     <span class='ocr_line' id='line_1_87' title="bbox 371 5050 1925 5119; baseline 0 -13"><span class='ocrx_word' id='word_1_564' title='bbox 371 5054 552 5106; x_wconf 85' lang='lat' dir='ltr'><strong>urbem</strong></span> <span class='ocrx_word' id='word_1_565' title='bbox 582 5052 827 5105; x_wconf 83' lang='lat' dir='ltr'><strong>Romam.</strong></span> <span class='ocrx_word' id='word_1_566' title='bbox 858 5050 989 5104; x_wconf 79' lang='lat' dir='ltr'><strong>Nam</strong></span> <span class='ocrx_word' id='word_1_567' title='bbox 1019 5061 1213 5119; x_wconf 75' lang='lat' dir='ltr'><strong>prreter</strong></span> <span class='ocrx_word' id='word_1_568' title='bbox 1242 5051 1463 5119; x_wconf 83' lang='lat' dir='ltr'><strong>Papiam</strong></span> <span class='ocrx_word' id='word_1_569' title='bbox 1510 5062 1563 5107; x_wconf 89' lang='lat' dir='ltr'><strong>et</strong></span> <span class='ocrx_word' id='word_1_570' title='bbox 1593 5052 1925 5106; x_wconf 77' lang='lat' dir='ltr'><strong>Clementem</strong></span> 
     </span>
    </p>
   </div>
   <div class='ocr_carea' id='block_1_88' title="bbox 370 5120 1925 5187">
    <p class='ocr_par' dir='ltr' id='par_1_88' title="bbox 370 5120 1925 5187">
     <span class='ocr_line' id='line_1_88' title="bbox 370 5120 1925 5187; baseline 0.001 -12"><span class='ocrx_word' id='word_1_571' title='bbox 370 5124 793 5177; x_wconf 76' lang='lat' dir='ltr'><strong>Alexandrinum</strong></span> <span class='ocrx_word' id='word_1_572' title='bbox 827 5136 1053 5187; x_wconf 88' lang='lat' dir='ltr'><strong>quorum</strong></span> <span class='ocrx_word' id='word_1_573' title='bbox 1095 5121 1400 5175; x_wconf 88' lang='lat' dir='ltr'><strong>testimonia</strong></span> <span class='ocrx_word' id='word_1_574' title='bbox 1432 5124 1518 5175; x_wconf 91' lang='lat' dir='ltr'><strong>hic</strong></span> <span class='ocrx_word' id='word_1_575' title='bbox 1568 5120 1727 5176; x_wconf 77' lang='lat' dir='ltr'><strong>aﬂ‘ert</strong></span> <span class='ocrx_word' id='word_1_576' title='bbox 1755 5123 1925 5176; x_wconf 85' lang='lat' dir='ltr'><strong>Euse-</strong></span> 
     </span>
    </p>
   </div>
   <div class='ocr_carea' id='block_1_89' title="bbox 370 5190 1925 5261">
    <p class='ocr_par' dir='ltr' id='par_1_89' title="bbox 370 5190 1925 5261">
     <span class='ocr_line' id='line_1_89' title="bbox 370 5190 1925 5261; baseline 0.002 -19"><span class='ocrx_word' id='word_1_577' title='bbox 370 5191 508 5257; x_wconf 87' lang='lat' dir='ltr'><strong>bius,</strong></span> <span class='ocrx_word' id='word_1_578' title='bbox 540 5194 678 5246; x_wconf 88' lang='lat' dir='ltr'><strong>idem</strong></span> <span class='ocrx_word' id='word_1_579' title='bbox 706 5191 897 5245; x_wconf 87' lang='lat' dir='ltr'><strong>scribit</strong></span> <span class='ocrx_word' id='word_1_580' title='bbox 948 5192 1237 5261; x_wconf 88' lang='lat' dir='ltr'><strong>Dionysius</strong></span> <span class='ocrx_word' id='word_1_581' title='bbox 1266 5190 1675 5246; x_wconf 89' lang='lat' dir='ltr'><strong>Corinthiorum</strong></span> <span class='ocrx_word' id='word_1_582' title='bbox 1709 5194 1925 5259; x_wconf 54' lang='lat' dir='ltr'><strong>episco.</strong></span> 
     </span>
    </p>
   </div>
   <div class='ocr_carea' id='block_1_90' title="bbox 358 5261 1921 5331">
    <p class='ocr_par' dir='ltr' id='par_1_90' title="bbox 358 5261 1921 5331">
     <span class='ocr_line' id='line_1_90' title="bbox 358 5261 1921 5331; baseline -0.002 -17"><span class='ocrx_word' id='word_1_583' title='bbox 358 5270 469 5331; x_wconf 86' lang='lat' dir='ltr'><strong>‘pus</strong></span> <span class='ocrx_word' id='word_1_584' title='bbox 488 5265 540 5316; x_wconf 89' lang='lat' dir='ltr'><strong>in</strong></span> <span class='ocrx_word' id='word_1_585' title='bbox 572 5263 801 5331; x_wconf 90' lang='lat' dir='ltr'><strong>epistola</strong></span> <span class='ocrx_word' id='word_1_586' title='bbox 829 5268 894 5313; x_wconf 85' lang='lat' dir='ltr'><strong>ad</strong></span> <span class='ocrx_word' id='word_1_587' title='bbox 934 5261 1178 5316; x_wconf 89' lang='lat' dir='ltr'><strong>Soterem</strong></span> <span class='ocrx_word' id='word_1_588' title='bbox 1204 5263 1512 5331; x_wconf 90' lang='lat' dir='ltr'><strong>episcopum</strong></span> <span class='ocrx_word' id='word_1_589' title='bbox 1539 5262 1686 5317; x_wconf 88' lang='lat' dir='ltr'><strong>urbis</strong></span> <span class='ocrx_word' id='word_1_590' title='bbox 1715 5262 1921 5324; x_wconf 69' lang='lat' dir='ltr'><strong>Reum,</strong></span> 
     </span>
    </p>
   </div>
   <div class='ocr_carea' id='block_1_91' title="bbox 371 5330 1923 5403">
    <p class='ocr_par' dir='ltr' id='par_1_91' title="bbox 371 5330 1923 5403">
     <span class='ocr_line' id='line_1_91' title="bbox 371 5330 1923 5403; baseline -0.001 -18"><span class='ocrx_word' id='word_1_591' title='bbox 371 5330 621 5403; x_wconf 70' lang='lat' dir='ltr'><strong>fremens,</strong></span> <span class='ocrx_word' id='word_1_592' title='bbox 651 5332 814 5403; x_wconf 84' lang='lat' dir='ltr'><strong>Caius</strong></span> <span class='ocrx_word' id='word_1_593' title='bbox 859 5333 1139 5403; x_wconf 88' lang='lat' dir='ltr'><strong>presbyter</strong></span> <span class='ocrx_word' id='word_1_594' title='bbox 1185 5333 1239 5386; x_wconf 92' lang='lat' dir='ltr'><strong>in</strong></span> <span class='ocrx_word' id='word_1_595' title='bbox 1282 5330 1649 5403; x_wconf 65' lang='lat' dir='ltr'><strong>Qispututione</strong></span> <span class='ocrx_word' id='word_1_596' title='bbox 1674 5336 1923 5403; x_wconf 55' lang='lat' dir='ltr'><strong>adversus</strong></span> 
     </span>
    </p>
   </div>
   <div class='ocr_carea' id='block_1_92' title="bbox 371 5400 1926 5469">
    <p class='ocr_par' dir='ltr' id='par_1_92' title="bbox 371 5400 1926 5469">
     <span class='ocr_line' id='line_1_92' title="bbox 371 5400 1926 5469; baseline 0.002 -17"><span class='ocrx_word' id='word_1_597' title='bbox 371 5400 637 5465; x_wconf 83' lang='lat' dir='ltr'><strong>Proclum,</strong></span> <span class='ocrx_word' id='word_1_598' title='bbox 667 5402 920 5469; x_wconf 80' lang='lat' dir='ltr'><strong>Origenes</strong></span> <span class='ocrx_word' id='word_1_599' title='bbox 949 5404 999 5455; x_wconf 93' lang='lat' dir='ltr'><strong>in</strong></span> <span class='ocrx_word' id='word_1_600' title='bbox 1025 5400 1180 5456; x_wconf 76' lang='lat' dir='ltr'><strong>tumo</strong></span> <span class='ocrx_word' id='word_1_601' title='bbox 1203 5418 1261 5455; x_wconf 90' lang='lat' dir='ltr'><strong>Ill</strong></span> <span class='ocrx_word' id='word_1_602' title='bbox 1286 5402 1728 5469; x_wconf 71' lang='lat' dir='ltr'><strong>Explanationum</strong></span> <span class='ocrx_word' id='word_1_603' title='bbox 1749 5405 1801 5455; x_wconf 83' lang='lat' dir='ltr'><strong>in</strong></span> <span class='ocrx_word' id='word_1_604' title='bbox 1824 5400 1926 5455; x_wconf 79' lang='lat' dir='ltr'><strong>Ce-</strong></span> 
     </span>
    </p>
   </div>
   <div class='ocr_carea' id='block_1_93' title="bbox 369 5470 1927 5541">
    <p class='ocr_par' dir='ltr' id='par_1_93' title="bbox 369 5470 1927 5541">
     <span class='ocr_line' id='line_1_93' title="bbox 369 5470 1927 5541; baseline -0.001 -18"><span class='ocrx_word' id='word_1_605' title='bbox 369 5489 551 5528; x_wconf 77' lang='lat' dir='ltr'><strong>nestm.</strong></span> <span class='ocrx_word' id='word_1_606' title='bbox 580 5475 815 5538; x_wconf 82' lang='lat' dir='ltr'><strong>Quorum</strong></span> <span class='ocrx_word' id='word_1_607' title='bbox 851 5473 1087 5525; x_wconf 86' lang='lat' dir='ltr'><strong>omnium</strong></span> <span class='ocrx_word' id='word_1_608' title='bbox 1115 5473 1253 5531; x_wconf 88' lang='lat' dir='ltr'><strong>loca.</strong></span> <span class='ocrx_word' id='word_1_609' title='bbox 1286 5476 1334 5527; x_wconf 88' lang='lat' dir='ltr'><strong>id</strong></span> <span class='ocrx_word' id='word_1_610' title='bbox 1363 5475 1500 5541; x_wconf 90' lang='lat' dir='ltr'><strong>quod</strong></span> <span class='ocrx_word' id='word_1_611' title='bbox 1524 5474 1631 5525; x_wconf 78' lang='lat' dir='ltr'><strong>dixi</strong></span> <span class='ocrx_word' id='word_1_612' title='bbox 1655 5470 1927 5523; x_wconf 76' lang='lat' dir='ltr'><strong>afﬁrman-</strong></span> 
     </span>
    </p>
   </div>
   <div class='ocr_carea' id='block_1_94' title="bbox 366 5542 1931 5667">
    <p class='ocr_par' dir='ltr' id='par_1_94' title="bbox 366 5542 1931 5667">
     <span class='ocr_line' id='line_1_94' title="bbox 366 5542 1931 5667; baseline 0 -72"><span class='ocrx_word' id='word_1_613' title='bbox 366 5544 521 5667; x_wconf 52' lang='lat' dir='ltr'><strong>iium,</strong></span> <span class='ocrx_word' id='word_1_614' title='bbox 552 5544 778 5611; x_wconf 81' lang='lat' dir='ltr'><strong>sparsim</strong></span> <span class='ocrx_word' id='word_1_615' title='bbox 814 5542 864 5595; x_wconf 90' lang='lat' dir='ltr'><strong>in</strong></span> <span class='ocrx_word' id='word_1_616' title='bbox 897 5544 996 5597; x_wconf 87' lang='lat' dir='ltr'><strong>hoc</strong></span> <span class='ocrx_word' id='word_1_617' title='bbox 1022 5558 1186 5612; x_wconf 87' lang='lat' dir='ltr'><strong>opere</strong></span> <span class='ocrx_word' id='word_1_618' title='bbox 1227 5544 1392 5597; x_wconf 85' lang='lat' dir='ltr'><strong>citata</strong></span> <span class='ocrx_word' id='word_1_619' title='bbox 1424 5546 1658 5611; x_wconf 77' lang='lat' dir='ltr'><strong>reperiet</strong></span> <span class='ocrx_word' id='word_1_620' title='bbox 1689 5543 1931 5610; x_wconf 74' lang='lat' dir='ltr'><strong>diligens</strong></span> 
     </span>
     <span class='ocr_line' id='line_1_95' title="bbox 418 5625 555 5667; baseline 0.007 -1"><span class='ocrx_word' id='word_1_621' title='bbox 418 5625 555 5667; x_wconf 87' lang='lat' dir='ltr'><strong>ctor.</strong></span> 
     </span>
    </p>
   </div>
   <div class='ocr_carea' id='block_1_95' title="bbox 418 5625 555 5667">
    <p class='ocr_par' dir='ltr' id='par_1_95' title="bbox 418 5625 555 5667">
     <span class='ocr_line' id='line_1_96' title="bbox 418 5625 555 5667; baseline 0.007 -1"><span class='ocrx_word' id='word_1_622' title='bbox 418 5625 555 5667; x_wconf 78' lang='lat' dir='ltr'><strong>ClOI‘.</strong></span> 
     </span>
    </p>
   </div>
   <div class='ocr_carea' id='block_1_96' title="bbox 434 5681 1916 5753">
    <p class='ocr_par' dir='ltr' id='par_1_96' title="bbox 434 5681 1916 5753">
     <span class='ocr_line' id='line_1_97' title="bbox 434 5681 1916 5753; baseline -0.002 -16"><span class='ocrx_word' id='word_1_623' title='bbox 434 5685 546 5753; x_wconf 77' lang='lat'><strong>(56)</strong></span> <span class='ocrx_word' id='word_1_624' title='bbox 584 5681 823 5752; x_wconf 73' lang='grc' dir='ltr'>Μάρκον</span> <span class='ocrx_word' id='word_1_625' title='bbox 873 5683 968 5739; x_wconf 80' lang='grc' dir='ltr'><strong>ἐπὶ</strong></span> <span class='ocrx_word' id='word_1_626' title='bbox 1007 5681 1114 5753; x_wconf 80' lang='grc' dir='ltr'>τῆς</span> <span class='ocrx_word' id='word_1_627' title='bbox 1166 5685 1461 5753; x_wconf 80' lang='grc' dir='ltr'><strong>Αἰγύπτου</strong></span> <span class='ocrx_word' id='word_1_628' title='bbox 1506 5681 1916 5751; x_wconf 76' lang='grc' dir='ltr'>στειλάμενον.</span> 
     </span>
    </p>
   </div>
   <div class='ocr_carea' id='block_1_97' title="bbox 367 5752 1921 5826">
    <p class='ocr_par' dir='ltr' id='par_1_97' title="bbox 367 5752 1921 5826">
     <span class='ocr_line' id='line_1_98' title="bbox 367 5752 1921 5826; baseline 0.001 -22"><span class='ocrx_word' id='word_1_629' title='bbox 367 5752 485 5820; x_wconf 74' lang='lat' dir='ltr'><strong>Quo</strong></span> <span class='ocrx_word' id='word_1_630' title='bbox 513 5773 653 5810; x_wconf 86' lang='lat' dir='ltr'><strong>anno</strong></span> <span class='ocrx_word' id='word_1_631' title='bbox 678 5755 884 5810; x_wconf 78' lang='lat' dir='ltr'><strong>Marcus</strong></span> <span class='ocrx_word' id='word_1_632' title='bbox 913 5758 964 5809; x_wconf 91' lang='lat' dir='ltr'><strong>in</strong></span> <span class='ocrx_word' id='word_1_633' title='bbox 986 5752 1274 5826; x_wconf 66' lang='lat' dir='ltr'><strong>Aigyptunt</strong></span> <span class='ocrx_word' id='word_1_634' title='bbox 1300 5754 1570 5823; x_wconf 87' lang='lat' dir='ltr'><strong>profectus</strong></span> <span class='ocrx_word' id='word_1_635' title='bbox 1591 5755 1660 5808; x_wconf 87' lang='lat' dir='ltr'><strong>sit</strong></span> <span class='ocrx_word' id='word_1_636' title='bbox 1689 5758 1753 5806; x_wconf 88' lang='lat' dir='ltr'><strong>ad</strong></span> <span class='ocrx_word' id='word_1_637' title='bbox 1784 5770 1921 5821; x_wconf 66' lang='lat' dir='ltr'><strong>prae-</strong></span> 
     </span>
    </p>
   </div>
   <div class='ocr_carea' id='block_1_98' title="bbox 368 5826 1914 5896">
    <p class='ocr_par' dir='ltr' id='par_1_98' title="bbox 368 5826 1914 5896">
     <span class='ocr_line' id='line_1_99' title="bbox 368 5826 1914 5896; baseline -0.003 -17"><span class='ocrx_word' id='word_1_638' title='bbox 368 5830 651 5880; x_wconf 83' lang='lat' dir='ltr'><strong>dicandum</strong></span> <span class='ocrx_word' id='word_1_639' title='bbox 689 5827 1062 5896; x_wconf 74' lang='lat' dir='ltr'><strong>Evangelium,</strong></span> <span class='ocrx_word' id='word_1_640' title='bbox 1097 5840 1216 5896; x_wconf 91' lang='lat' dir='ltr'><strong>non_</strong></span> <span class='ocrx_word' id='word_1_641' title='bbox 1232 5830 1364 5879; x_wconf 87' lang='lat' dir='ltr'><strong>satis</strong></span> <span class='ocrx_word' id='word_1_642' title='bbox 1394 5836 1609 5879; x_wconf 87' lang='lat' dir='ltr'><strong>constat</strong></span> <span class='ocrx_word' id='word_1_643' title='bbox 1645 5826 1786 5896; x_wconf 88' lang='lat' dir='ltr'><strong>inter</strong></span> <span class='ocrx_word' id='word_1_644' title='bbox 1816 5839 1914 5896; x_wconf 84' lang='lat' dir='ltr'><strong>an-</strong></span> 
     </span>
    </p>
   </div>
   <div class='ocr_carea' id='block_1_99' title="bbox 370 5892 1908 5968">
    <p class='ocr_par' dir='ltr' id='par_1_99' title="bbox 370 5892 1908 5968">
     <span class='ocr_line' id='line_1_100' title="bbox 370 5892 1908 5968; baseline -0.001 -17"><span class='ocrx_word' id='word_1_645' title='bbox 370 5898 548 5968; x_wconf 86' lang='lat' dir='ltr'><strong>tiquos</strong></span> <span class='ocrx_word' id='word_1_646' title='bbox 574 5892 885 5966; x_wconf 75' lang='lat' dir='ltr'><strong>scriptores.</strong></span> <span class='ocrx_word' id='word_1_647' title='bbox 934 5898 1137 5950; x_wconf 79' lang='lat' dir='ltr'><strong>Auctor</strong></span> <span class='ocrx_word' id='word_1_648' title='bbox 1177 5892 1423 5951; x_wconf 81' lang='lat' dir='ltr'><strong>Chronici</strong></span> <span class='ocrx_word' id='word_1_649' title='bbox 1462 5895 1804 5948; x_wconf 72' lang='lat' dir='ltr'><strong>Alexandrini</strong></span> <span class='ocrx_word' id='word_1_650' title='bbox 1855 5894 1908 5949; x_wconf 89' lang='lat' dir='ltr'><strong>id</strong></span> 
     </span>
    </p>
   </div>
   <div class='ocr_carea' id='block_1_100' title="bbox 2035 3296 3598 3365">
    <p class='ocr_par' dir='ltr' id='par_1_100' title="bbox 2035 3296 3598 3365">
     <span class='ocr_line' id='line_1_101' title="bbox 2035 3296 3598 3365; baseline 0.001 -15"><span class='ocrx_word' id='word_1_651' title='bbox 2035 3296 2285 3352; x_wconf 88' lang='lat' dir='ltr'><strong>Clemens</strong></span> <span class='ocrx_word' id='word_1_652' title='bbox 2330 3307 2385 3350; x_wconf 88' lang='lat' dir='ltr'><strong>et</strong></span> <span class='ocrx_word' id='word_1_653' title='bbox 2435 3296 2629 3365; x_wconf 90' lang='lat' dir='ltr'><strong>Papias</strong></span> <span class='ocrx_word' id='word_1_654' title='bbox 2676 3298 3000 3362; x_wconf 90' lang='lat' dir='ltr'><strong>retulerunt,</strong></span> <span class='ocrx_word' id='word_1_655' title='bbox 3038 3297 3276 3351; x_wconf 83' lang='lat' dir='ltr'><strong>Marcum</strong></span> <span class='ocrx_word' id='word_1_656' title='bbox 3333 3315 3437 3352; x_wconf 85' lang='lat' dir='ltr'><strong>una</strong></span> <span class='ocrx_word' id='word_1_657' title='bbox 3474 3296 3598 3353; x_wconf 81' lang='lat' dir='ltr'><strong>eum</strong></span> 
     </span>
    </p>
   </div>
   <div class='ocr_carea' id='block_1_101' title="bbox 2029 3366 3604 3436">
    <p class='ocr_par' dir='ltr' id='par_1_101' title="bbox 2029 3366 3604 3436">
     <span class='ocr_line' id='line_1_102' title="bbox 2029 3366 3604 3436; baseline 0.003 -16"><span class='ocrx_word' id='word_1_658' title='bbox 2029 3366 2191 3422; x_wconf 83' lang='lat' dir='ltr'><strong>Petro</strong></span> <span class='ocrx_word' id='word_1_659' title='bbox 2221 3368 2434 3422; x_wconf 89' lang='lat' dir='ltr'><strong>venisse</strong></span> <span class='ocrx_word' id='word_1_660' title='bbox 2468 3366 2718 3430; x_wconf 86' lang='lat' dir='ltr'><strong>Romam,</strong></span> <span class='ocrx_word' id='word_1_661' title='bbox 2767 3368 2949 3436; x_wconf 89' lang='lat' dir='ltr'><strong>ibique</strong></span> <span class='ocrx_word' id='word_1_662' title='bbox 2993 3377 3237 3436; x_wconf 81' lang='lat' dir='ltr'><strong>rogatum</strong></span> <span class='ocrx_word' id='word_1_663' title='bbox 3269 3382 3298 3420; x_wconf 89' lang='lat' dir='ltr'><strong>a</strong></span> <span class='ocrx_word' id='word_1_664' title='bbox 3343 3368 3604 3424; x_wconf 84' lang='lat' dir='ltr'><strong>Romanis</strong></span> 
     </span>
    </p>
   </div>
   <div class='ocr_carea' id='block_1_102' title="bbox 2029 3437 3601 3509">
    <p class='ocr_par' dir='ltr' id='par_1_102' title="bbox 2029 3437 3601 3509">
     <span class='ocr_line' id='line_1_103' title="bbox 2029 3437 3601 3509; baseline 0.001 -18"><span class='ocrx_word' id='word_1_665' title='bbox 2029 3437 2382 3509; x_wconf 78' lang='lat' dir='ltr'><strong>Evangelium</strong></span> <span class='ocrx_word' id='word_1_666' title='bbox 2405 3439 2843 3509; x_wconf 63' lang='lat' dir='ltr'><strong>conscripsisse;</strong></span> <span class='ocrx_word' id='word_1_667' title='bbox 2896 3439 3207 3508; x_wconf 89' lang='lat' dir='ltr'><strong>priusquam</strong></span> <span class='ocrx_word' id='word_1_668' title='bbox 3247 3439 3327 3509; x_wconf 86' lang='lat' dir='ltr'><strong>de</strong></span> <span class='ocrx_word' id='word_1_669' title='bbox 3358 3450 3601 3508; x_wconf 88' lang='lat' dir='ltr'><strong>tempore</strong></span> 
     </span>
    </p>
   </div>
   <div class='ocr_carea' id='block_1_103' title="bbox 2027 3506 3605 3578">
    <p class='ocr_par' dir='ltr' id='par_1_103' title="bbox 2027 3506 3605 3578">
     <span class='ocr_line' id='line_1_104' title="bbox 2027 3506 3605 3578; baseline 0.001 -17"><span class='ocrx_word' id='word_1_670' title='bbox 2027 3506 2376 3577; x_wconf 80' lang='lat' dir='ltr'><strong>profectionis</strong></span> <span class='ocrx_word' id='word_1_671' title='bbox 2404 3508 2571 3563; x_wconf 83' lang='lat' dir='ltr'><strong>Marci</strong></span> <span class='ocrx_word' id='word_1_672' title='bbox 2611 3506 2661 3561; x_wconf 86' lang='lat' dir='ltr'><strong>in</strong></span> <span class='ocrx_word' id='word_1_673' title='bbox 2690 3506 2982 3578; x_wconf 64' lang='lat' dir='ltr'><strong>Aigypmm</strong></span> <span class='ocrx_word' id='word_1_674' title='bbox 3026 3506 3291 3571; x_wconf 81' lang='lat' dir='ltr'><strong>dicamus,</strong></span> <span class='ocrx_word' id='word_1_675' title='bbox 3320 3506 3605 3578; x_wconf 80' lang='lat' dir='ltr'><strong>inquiren-</strong></span> 
     </span>
    </p>
   </div>
   <div class='ocr_carea' id='block_1_104' title="bbox 2030 3578 3601 3647">
    <p class='ocr_par' dir='ltr' id='par_1_104' title="bbox 2030 3578 3601 3647">
     <span class='ocr_line' id='line_1_105' title="bbox 2030 3578 3601 3647; baseline 0 -16"><span class='ocrx_word' id='word_1_676' title='bbox 2030 3578 2154 3631; x_wconf 90' lang='lat' dir='ltr'><strong>dum</strong></span> <span class='ocrx_word' id='word_1_677' title='bbox 2178 3590 2281 3643; x_wconf 88' lang='lat' dir='ltr'><strong>est,</strong></span> <span class='ocrx_word' id='word_1_678' title='bbox 2307 3594 2413 3647; x_wconf 91' lang='lat' dir='ltr'><strong>quo</strong></span> <span class='ocrx_word' id='word_1_679' title='bbox 2440 3594 2581 3632; x_wconf 88' lang='lat' dir='ltr'><strong>anno</strong></span> <span class='ocrx_word' id='word_1_680' title='bbox 2604 3578 2794 3633; x_wconf 90' lang='lat' dir='ltr'><strong>Petrus</strong></span> <span class='ocrx_word' id='word_1_681' title='bbox 2820 3582 2871 3632; x_wconf 91' lang='lat' dir='ltr'><strong>in</strong></span> <span class='ocrx_word' id='word_1_682' title='bbox 2901 3581 3086 3632; x_wconf 77' lang='lat' dir='ltr'><strong>urbem</strong></span> <span class='ocrx_word' id='word_1_683' title='bbox 3113 3578 3341 3633; x_wconf 90' lang='lat' dir='ltr'><strong>Romam</strong></span> <span class='ocrx_word' id='word_1_684' title='bbox 3365 3582 3601 3634; x_wconf 80' lang='lat' dir='ltr'><strong>advene-</strong></span> 
     </span>
    </p>
   </div>
   <div class='ocr_carea' id='block_1_105' title="bbox 2029 3648 3596 3717">
    <p class='ocr_par' dir='ltr' id='par_1_105' title="bbox 2029 3648 3596 3717">
     <span class='ocr_line' id='line_1_106' title="bbox 2029 3648 3596 3717; baseline 0.001 -16"><span class='ocrx_word' id='word_1_685' title='bbox 2029 3650 2121 3703; x_wconf 87' lang='lat' dir='ltr'><strong>rit.</strong></span> <span class='ocrx_word' id='word_1_686' title='bbox 2155 3649 2418 3704; x_wconf 85' lang='lat' dir='ltr'><strong>Eusebius</strong></span> <span class='ocrx_word' id='word_1_687' title='bbox 2449 3649 2666 3717; x_wconf 90' lang='lat' dir='ltr'><strong>quidem</strong></span> <span class='ocrx_word' id='word_1_688' title='bbox 2696 3651 2747 3701; x_wconf 92' lang='lat' dir='ltr'><strong>in</strong></span> <span class='ocrx_word' id='word_1_689' title='bbox 2775 3648 3058 3711; x_wconf 82' lang='lat' dir='ltr'><strong>Chronico,</strong></span> <span class='ocrx_word' id='word_1_690' title='bbox 3111 3649 3256 3703; x_wconf 84' lang='lat' dir='ltr'><strong>Petri</strong></span> <span class='ocrx_word' id='word_1_691' title='bbox 3304 3649 3356 3702; x_wconf 91' lang='lat' dir='ltr'><strong>in</strong></span> <span class='ocrx_word' id='word_1_692' title='bbox 3408 3650 3596 3704; x_wconf 89' lang='lat' dir='ltr'><strong>urbem</strong></span> 
     </span>
    </p>
   </div>
   <div class='ocr_carea' id='block_1_106' title="bbox 2030 3717 3574 3773">
    <p class='ocr_par' dir='ltr' id='par_1_106' title="bbox 2030 3717 3574 3773">
     <span class='ocr_line' id='line_1_107' title="bbox 2030 3717 3574 3773; baseline 0.001 -3"><span class='ocrx_word' id='word_1_693' title='bbox 2030 3717 2257 3772; x_wconf 90' lang='lat' dir='ltr'><strong>Romam</strong></span> <span class='ocrx_word' id='word_1_694' title='bbox 2288 3722 2576 3773; x_wconf 89' lang='lat' dir='ltr'><strong>adventum</strong></span> <span class='ocrx_word' id='word_1_695' title='bbox 2605 3719 2770 3773; x_wconf 84' lang='lat' dir='ltr'><strong>refert</strong></span> <span class='ocrx_word' id='word_1_696' title='bbox 2811 3736 2953 3773; x_wconf 88' lang='lat' dir='ltr'><strong>anno</strong></span> <span class='ocrx_word' id='word_1_697' title='bbox 2975 3720 3215 3773; x_wconf 90' lang='lat' dir='ltr'><strong>secundo</strong></span> <span class='ocrx_word' id='word_1_698' title='bbox 3242 3718 3449 3772; x_wconf 86' lang='lat' dir='ltr'><strong>Claudii</strong></span> <span class='ocrx_word' id='word_1_699' title='bbox 3495 3723 3574 3773; x_wconf 85' lang='lat' dir='ltr'><strong>Au</strong></span> 
     </span>
    </p>
   </div>
   <div class='ocr_carea' id='block_1_107' title="bbox 2029 3788 3601 3859">
    <p class='ocr_par' dir='ltr' id='par_1_107' title="bbox 2029 3788 3601 3859">
     <span class='ocr_line' id='line_1_108' title="bbox 2029 3788 3601 3859; baseline 0.004 -20"><span class='ocrx_word' id='word_1_700' title='bbox 2029 3791 2194 3859; x_wconf 76' lang='lat' dir='ltr'><strong>gusti,</strong></span> <span class='ocrx_word' id='word_1_701' title='bbox 2243 3805 2405 3859; x_wconf 90' lang='lat' dir='ltr'><strong>quam</strong></span> <span class='ocrx_word' id='word_1_702' title='bbox 2464 3791 2789 3843; x_wconf 83' lang='lat' dir='ltr'><strong>sententiam</strong></span> <span class='ocrx_word' id='word_1_703' title='bbox 2826 3791 2996 3843; x_wconf 89' lang='lat' dir='ltr'><strong>secuti</strong></span> <span class='ocrx_word' id='word_1_704' title='bbox 3046 3801 3172 3842; x_wconf 90' lang='lat' dir='ltr'><strong>sunt</strong></span> <span class='ocrx_word' id='word_1_705' title='bbox 3225 3788 3490 3843; x_wconf 88' lang='lat' dir='ltr'><strong>Baronius</strong></span> <span class='ocrx_word' id='word_1_706' title='bbox 3544 3799 3601 3845; x_wconf 84' lang='lat' dir='ltr'><strong>et</strong></span> 
     </span>
    </p>
   </div>
   <div class='ocr_carea' id='block_1_108' title="bbox 2031 3858 3595 3927">
    <p class='ocr_par' dir='ltr' id='par_1_108' title="bbox 2031 3858 3595 3927">
     <span class='ocr_line' id='line_1_109' title="bbox 2031 3858 3595 3927; baseline 0.001 -14"><span class='ocrx_word' id='word_1_707' title='bbox 2031 3858 2313 3922; x_wconf 83' lang='lat' dir='ltr'><strong>Petavius,</strong></span> <span class='ocrx_word' id='word_1_708' title='bbox 2347 3860 2548 3926; x_wconf 82' lang='lat' dir='ltr'><strong>aliique</strong></span> <span class='ocrx_word' id='word_1_709' title='bbox 2576 3860 2778 3927; x_wconf 90' lang='lat' dir='ltr'><strong>plures.</strong></span> <span class='ocrx_word' id='word_1_710' title='bbox 2806 3860 2912 3913; x_wconf 88' lang='lat' dir='ltr'><strong>Sed</strong></span> <span class='ocrx_word' id='word_1_711' title='bbox 2954 3861 3067 3913; x_wconf 61' lang='lat' dir='ltr'><strong>haec</strong></span> <span class='ocrx_word' id='word_1_712' title='bbox 3112 3860 3385 3913; x_wconf 78' lang='lat' dir='ltr'><strong>sententia</strong></span> <span class='ocrx_word' id='word_1_713' title='bbox 3421 3860 3595 3914; x_wconf 84' lang='lat' dir='ltr'><strong>refelli</strong></span> 
     </span>
    </p>
   </div>
   <div class='ocr_carea' id='block_1_109' title="bbox 2031 3928 3598 3999">
    <p class='ocr_par' dir='ltr' id='par_1_109' title="bbox 2031 3928 3598 3999">
     <span class='ocr_line' id='line_1_110' title="bbox 2031 3928 3598 3999; baseline 0.001 -18"><span class='ocrx_word' id='word_1_714' title='bbox 2031 3932 2242 3984; x_wconf 90' lang='lat' dir='ltr'><strong>videtur</strong></span> <span class='ocrx_word' id='word_1_715' title='bbox 2265 3944 2331 3983; x_wconf 78' lang='lat' dir='ltr'><strong>ex</strong></span> <span class='ocrx_word' id='word_1_716' title='bbox 2357 3932 2579 3999; x_wconf 76' lang='lat' dir='ltr'><strong>Actibus</strong></span> <span class='ocrx_word' id='word_1_717' title='bbox 2610 3934 3006 3997; x_wconf 89' lang='lat' dir='ltr'><strong>apostolorum,</strong></span> <span class='ocrx_word' id='word_1_718' title='bbox 3037 3943 3104 3981; x_wconf 77' lang='lat' dir='ltr'><strong>ex</strong></span> <span class='ocrx_word' id='word_1_719' title='bbox 3149 3928 3349 3999; x_wconf 83' lang='lat' dir='ltr'><strong>quibus</strong></span> <span class='ocrx_word' id='word_1_720' title='bbox 3382 3939 3598 3983; x_wconf 90' lang='lat' dir='ltr'><strong>constat</strong></span> 
     </span>
    </p>
   </div>
   <div class='ocr_carea' id='block_1_110' title="bbox 2028 3998 3598 4069">
    <p class='ocr_par' dir='ltr' id='par_1_110' title="bbox 2028 3998 3598 4069">
     <span class='ocr_line' id='line_1_111' title="bbox 2028 3998 3598 4069; baseline 0 -15"><span class='ocrx_word' id='word_1_721' title='bbox 2028 4000 2249 4054; x_wconf 85' lang='lat' dir='ltr'><strong>Petrum</strong></span> <span class='ocrx_word' id='word_1_722' title='bbox 2278 4000 2330 4053; x_wconf 92' lang='lat' dir='ltr'><strong>in</strong></span> <span class='ocrx_word' id='word_1_723' title='bbox 2361 3998 2545 4054; x_wconf 71' lang='lat' dir='ltr'><strong>Judtea</strong></span> <span class='ocrx_word' id='word_1_724' title='bbox 2572 4016 2635 4053; x_wconf 85' lang='lat' dir='ltr'><strong>ac</strong></span> <span class='ocrx_word' id='word_1_725' title='bbox 2661 4000 2819 4069; x_wconf 86' lang='lat' dir='ltr'><strong>Syria</strong></span> <span class='ocrx_word' id='word_1_726' title='bbox 2866 4015 3080 4064; x_wconf 84' lang='lat' dir='ltr'><strong>semper</strong></span> <span class='ocrx_word' id='word_1_727' title='bbox 3125 4000 3598 4069; x_wconf 74' lang='lat' dir='ltr'><strong>mansisse_usque</strong></span> 
     </span>
    </p>
   </div>
   <div class='ocr_carea' id='block_1_111' title="bbox 2032 4067 3597 4139">
    <p class='ocr_par' dir='ltr' id='par_1_111' title="bbox 2032 4067 3597 4139">
     <span class='ocr_line' id='line_1_112' title="bbox 2032 4067 3597 4139; baseline -0.001 -17"><span class='ocrx_word' id='word_1_728' title='bbox 2032 4071 2097 4123; x_wconf 86' lang='lat' dir='ltr'><strong>ad</strong></span> <span class='ocrx_word' id='word_1_729' title='bbox 2122 4071 2367 4123; x_wconf 92' lang='lat' dir='ltr'><strong>ultimum</strong></span> <span class='ocrx_word' id='word_1_730' title='bbox 2394 4086 2592 4123; x_wconf 88' lang='lat' dir='ltr'><strong>annum</strong></span> <span class='ocrx_word' id='word_1_731' title='bbox 2628 4067 2877 4139; x_wconf 63' lang='lat' dir='ltr'><strong>Agrippae</strong></span> <span class='ocrx_word' id='word_1_732' title='bbox 2906 4070 3067 4138; x_wconf 81' lang='lat' dir='ltr'><strong>regis.</strong></span> <span class='ocrx_word' id='word_1_733' title='bbox 3115 4069 3214 4135; x_wconf 82' lang='lat' dir='ltr'><strong>Qui</strong></span> <span class='ocrx_word' id='word_1_734' title='bbox 3251 4084 3371 4124; x_wconf 91' lang='lat' dir='ltr'><strong>cum</strong></span> <span class='ocrx_word' id='word_1_735' title='bbox 3402 4067 3597 4121; x_wconf 86' lang='lat' dir='ltr'><strong>Iliero-</strong></span> 
     </span>
    </p>
   </div>
   <div class='ocr_carea' id='block_1_112' title="bbox 2030 4139 3597 4211">
    <p class='ocr_par' dir='ltr' id='par_1_112' title="bbox 2030 4139 3597 4211">
     <span class='ocr_line' id='line_1_113' title="bbox 2030 4139 3597 4211; baseline -0.001 -16"><span class='ocrx_word' id='word_1_736' title='bbox 2030 4141 2255 4211; x_wconf 89' lang='lat' dir='ltr'><strong>solymis</strong></span> <span class='ocrx_word' id='word_1_737' title='bbox 2288 4139 2510 4195; x_wconf 87' lang='lat' dir='ltr'><strong>Petrum</strong></span> <span class='ocrx_word' id='word_1_738' title='bbox 2546 4140 2601 4193; x_wconf 94' lang='lat' dir='ltr'><strong>in</strong></span> <span class='ocrx_word' id='word_1_739' title='bbox 2651 4144 2865 4194; x_wconf 87' lang='lat' dir='ltr'><strong>vincula</strong></span> <span class='ocrx_word' id='word_1_740' title='bbox 2892 4139 3409 4209; x_wconf 85' lang='lat' dir='ltr'><strong>conjecisset,paulo</strong></span> <span class='ocrx_word' id='word_1_741' title='bbox 3452 4149 3597 4211; x_wconf 72' lang='lat' dir='ltr'><strong>post,</strong></span> 
     </span>
    </p>
   </div>
   <div class='ocr_carea' id='block_1_113' title="bbox 2029 4207 3594 4279">
    <p class='ocr_par' dir='ltr' id='par_1_113' title="bbox 2029 4207 3594 4279">
     <span class='ocr_line' id='line_1_114' title="bbox 2029 4207 3594 4279; baseline -0.001 -13"><span class='ocrx_word' id='word_1_742' title='bbox 2029 4207 2211 4266; x_wconf 79' lang='lat' dir='ltr'><strong>divina</strong></span> <span class='ocrx_word' id='word_1_743' title='bbox 2233 4226 2356 4265; x_wconf 90' lang='lat' dir='ltr'><strong>eum</strong></span> <span class='ocrx_word' id='word_1_744' title='bbox 2387 4212 2706 4279; x_wconf 88' lang='lat' dir='ltr'><strong>insequente</strong></span> <span class='ocrx_word' id='word_1_745' title='bbox 2745 4210 2975 4278; x_wconf 75' lang='lat' dir='ltr'><strong>iustitia,</strong></span> <span class='ocrx_word' id='word_1_746' title='bbox 2997 4207 3309 4265; x_wconf 77' lang='lat' dir='ltr'><strong>exstinctus</strong></span> <span class='ocrx_word' id='word_1_747' title='bbox 3353 4219 3437 4262; x_wconf 86' lang='lat' dir='ltr'><strong>est</strong></span> <span class='ocrx_word' id='word_1_748' title='bbox 3478 4207 3594 4264; x_wconf 65' lang='lat' dir='ltr'><strong>Cte-</strong></span> 
     </span>
    </p>
   </div>
   <div class='ocr_carea' id='block_1_114' title="bbox 2030 4280 3593 4349">
    <p class='ocr_par' dir='ltr' id='par_1_114' title="bbox 2030 4280 3593 4349">
     <span class='ocr_line' id='line_1_115' title="bbox 2030 4280 3593 4349; baseline -0.003 -14"><span class='ocrx_word' id='word_1_749' title='bbox 2030 4297 2220 4342; x_wconf 67' lang='lat' dir='ltr'><strong>sareaa.</strong></span> <span class='ocrx_word' id='word_1_750' title='bbox 2265 4290 2321 4335; x_wconf 92' lang='lat' dir='ltr'><strong>ut</strong></span> <span class='ocrx_word' id='word_1_751' title='bbox 2363 4281 2530 4336; x_wconf 89' lang='lat' dir='ltr'><strong>refert</strong></span> <span class='ocrx_word' id='word_1_752' title='bbox 2576 4280 2774 4335; x_wconf 86' lang='lat' dir='ltr'><strong>Lucas.</strong></span> <span class='ocrx_word' id='word_1_753' title='bbox 2827 4280 2963 4337; x_wconf 90' lang='lat' dir='ltr'><strong>Cum</strong></span> <span class='ocrx_word' id='word_1_754' title='bbox 3017 4282 3183 4349; x_wconf 75' lang='lat' dir='ltr'><strong>igitur</strong></span> <span class='ocrx_word' id='word_1_755' title='bbox 3212 4295 3355 4333; x_wconf 89' lang='lat' dir='ltr'><strong>anno</strong></span> <span class='ocrx_word' id='word_1_756' title='bbox 3397 4291 3593 4348; x_wconf 88' lang='lat' dir='ltr'><strong>quarto</strong></span> 
     </span>
    </p>
   </div>
   <div class='ocr_carea' id='block_1_115' title="bbox 2029 4352 3596 4421">
    <p class='ocr_par' dir='ltr' id='par_1_115' title="bbox 2029 4352 3596 4421">
     <span class='ocr_line' id='line_1_116' title="bbox 2029 4352 3596 4421; baseline -0.001 -15"><span class='ocrx_word' id='word_1_757' title='bbox 2029 4352 2234 4406; x_wconf 82' lang='lat' dir='ltr'><strong>Claudii</strong></span> <span class='ocrx_word' id='word_1_758' title='bbox 2262 4362 2505 4406; x_wconf 90' lang='lat' dir='ltr'><strong>mortuus</strong></span> <span class='ocrx_word' id='word_1_759' title='bbox 2530 4354 2602 4408; x_wconf 85' lang='lat' dir='ltr'><strong>sit</strong></span> <span class='ocrx_word' id='word_1_760' title='bbox 2626 4353 2886 4421; x_wconf 76' lang='lat' dir='ltr'><strong>Agrippa,</strong></span> <span class='ocrx_word' id='word_1_761' title='bbox 2924 4360 2981 4404; x_wconf 89' lang='grc' dir='ltr'><strong>ιιι</strong></span> <span class='ocrx_word' id='word_1_762' title='bbox 3012 4352 3155 4405; x_wconf 87' lang='lat' dir='ltr'><strong>inter</strong></span> <span class='ocrx_word' id='word_1_763' title='bbox 3181 4366 3369 4404; x_wconf 88' lang='lat' dir='ltr'><strong>oumes</strong></span> <span class='ocrx_word' id='word_1_764' title='bbox 3390 4365 3596 4405; x_wconf 83' lang='lat' dir='ltr'><strong>conve-</strong></span> 
     </span>
    </p>
   </div>
   <div class='ocr_carea' id='block_1_116' title="bbox 2031 4421 3590 4490">
    <p class='ocr_par' dir='ltr' id='par_1_116' title="bbox 2031 4421 3590 4490">
     <span class='ocr_line' id='line_1_117' title="bbox 2031 4421 3590 4490; baseline -0.001 -15"><span class='ocrx_word' id='word_1_765' title='bbox 2031 4424 2133 4484; x_wconf 91' lang='lat' dir='ltr'><strong>nit,</strong></span> <span class='ocrx_word' id='word_1_766' title='bbox 2162 4421 2355 4475; x_wconf 87' lang='lat' dir='ltr'><strong>Petrus</strong></span> <span class='ocrx_word' id='word_1_767' title='bbox 2376 4434 2501 4477; x_wconf 86' lang='lat' dir='ltr'><strong>attte</strong></span> <span class='ocrx_word' id='word_1_768' title='bbox 2532 4424 2674 4477; x_wconf 89' lang='lat' dir='ltr'><strong>hunc</strong></span> <span class='ocrx_word' id='word_1_769' title='bbox 2700 4438 2898 4474; x_wconf 91' lang='lat' dir='ltr'><strong>annum</strong></span> <span class='ocrx_word' id='word_1_770' title='bbox 2928 4421 3152 4476; x_wconf 89' lang='lat' dir='ltr'><strong>Romam</strong></span> <span class='ocrx_word' id='word_1_771' title='bbox 3184 4421 3453 4490; x_wconf 79' lang='lat' dir='ltr'><strong>proficisci</strong></span> <span class='ocrx_word' id='word_1_772' title='bbox 3484 4436 3590 4474; x_wconf 87' lang='lat' dir='ltr'><strong>non</strong></span> 
     </span>
    </p>
   </div>
   <div class='ocr_carea' id='block_1_117' title="bbox 2031 4490 3596 4563">
    <p class='ocr_par' dir='ltr' id='par_1_117' title="bbox 2031 4490 3596 4563">
     <span class='ocr_line' id='line_1_118' title="bbox 2031 4490 3596 4563; baseline -0.002 -17"><span class='ocrx_word' id='word_1_773' title='bbox 2031 4494 2228 4561; x_wconf 85' lang='lat' dir='ltr'><strong>potuit.</strong></span> <span class='ocrx_word' id='word_1_774' title='bbox 2254 4492 2405 4546; x_wconf 82' lang='lat' dir='ltr'><strong>Hanc</strong></span> <span class='ocrx_word' id='word_1_775' title='bbox 2434 4495 2743 4563; x_wconf 86' lang='lat' dir='ltr'><strong>opinionem</strong></span> <span class='ocrx_word' id='word_1_776' title='bbox 2776 4492 3241 4563; x_wconf 78' lang='lat' dir='ltr'><strong>valdeconlirmat</strong></span> <span class='ocrx_word' id='word_1_777' title='bbox 3278 4490 3596 4563; x_wconf 81' lang='lat' dir='ltr'><strong>Apollonius</strong></span> 
     </span>
    </p>
   </div>
   <div class='ocr_carea' id='block_1_118' title="bbox 1962 4560 3596 4652">
    <p class='ocr_par' dir='ltr' id='par_1_118' title="bbox 1962 4560 3596 4652">
     <span class='ocr_line' id='line_1_119' title="bbox 1962 4560 3596 4652; baseline -0.002 -35"><span class='ocrx_word' id='word_1_778' title='bbox 1962 4598 2006 4652; x_wconf 70' lang='grc' dir='ltr'>ο</span> <span class='ocrx_word' id='word_1_779' title='bbox 2032 4560 2188 4652; x_wconf 72' lang='lat' dir='ltr'><strong>yetus</strong></span> <span class='ocrx_word' id='word_1_780' title='bbox 2216 4560 2583 4652; x_wconf 54' lang='lat' dir='ltr'><strong>sci:iptor,&#39;ltlui</strong></span> <span class='ocrx_word' id='word_1_781' title='bbox 2613 4560 3596 4652; x_wconf 38' lang='lat' dir='ltr'><strong>adversus.Moiitani&#39;hieresimulticu-</strong></span> 
     </span>
    </p>
   </div>
   <div class='ocr_carea' id='block_1_119' title="bbox 2032 4632 3587 4688">
    <p class='ocr_par' dir='ltr' id='par_1_119' title="bbox 2032 4632 3587 4688">
     <span class='ocr_line' id='line_1_120' title="bbox 2032 4632 3587 4688; baseline -0.003 -1"><span class='ocrx_word' id='word_1_782' title='bbox 2032 4635 2192 4688; x_wconf 88' lang='lat' dir='ltr'><strong>lentis</strong></span> <span class='ocrx_word' id='word_1_783' title='bbox 2220 4633 2579 4687; x_wconf 89' lang='lat' dir='ltr'><strong>voluminibus</strong></span> <span class='ocrx_word' id='word_1_784' title='bbox 2611 4634 2928 4686; x_wconf 87' lang='lat' dir='ltr'><strong>decertavit.</strong></span> <span class='ocrx_word' id='word_1_785' title='bbox 2983 4633 3031 4685; x_wconf 90' lang='lat' dir='ltr'><strong>Is</strong></span> <span class='ocrx_word' id='word_1_786' title='bbox 3056 4632 3247 4685; x_wconf 86' lang='lat' dir='ltr'><strong>scribit</strong></span> <span class='ocrx_word' id='word_1_787' title='bbox 3280 4646 3338 4685; x_wconf 90' lang='lat' dir='ltr'><strong>se</strong></span> <span class='ocrx_word' id='word_1_788' title='bbox 3381 4645 3448 4684; x_wconf 75' lang='lat' dir='ltr'><strong>ex</strong></span> <span class='ocrx_word' id='word_1_789' title='bbox 3478 4642 3587 4683; x_wconf 87' lang='lat' dir='ltr'><strong>tra-</strong></span> 
     </span>
    </p>
   </div>
   <div class='ocr_carea' id='block_1_120' title="bbox 2030 4702 3592 4773">
    <p class='ocr_par' dir='ltr' id='par_1_120' title="bbox 2030 4702 3592 4773">
     <span class='ocr_line' id='line_1_121' title="bbox 2030 4702 3592 4773; baseline 0 -17"><span class='ocrx_word' id='word_1_790' title='bbox 2030 4705 2236 4757; x_wconf 90' lang='lat' dir='ltr'><strong>ditione</strong></span> <span class='ocrx_word' id='word_1_791' title='bbox 2259 4705 2524 4773; x_wconf 87' lang='lat' dir='ltr'><strong>majorum</strong></span> <span class='ocrx_word' id='word_1_792' title='bbox 2557 4705 2626 4755; x_wconf 92' lang='lat' dir='ltr'><strong>ita</strong></span> <span class='ocrx_word' id='word_1_793' title='bbox 2660 4704 2954 4773; x_wconf 74' lang='lat' dir='ltr'><strong>accepisse,</strong></span> <span class='ocrx_word' id='word_1_794' title='bbox 2989 4702 3262 4771; x_wconf 91' lang='lat' dir='ltr'><strong>apostolos</strong></span> <span class='ocrx_word' id='word_1_795' title='bbox 3307 4712 3422 4765; x_wconf 82' lang='lat' dir='ltr'><strong>post</strong></span> <span class='ocrx_word' id='word_1_796' title='bbox 3452 4702 3592 4773; x_wconf 82' lang='lat' dir='ltr'><strong>duo-</strong></span> 
     </span>
    </p>
   </div>
   <div class='ocr_carea' id='block_1_121' title="bbox 2030 4770 3594 4828">
    <p class='ocr_par' dir='ltr' id='par_1_121' title="bbox 2030 4770 3594 4828">
     <span class='ocr_line' id='line_1_122' title="bbox 2030 4770 3594 4828; baseline -0.002 -1"><span class='ocrx_word' id='word_1_797' title='bbox 2030 4774 2297 4828; x_wconf 89' lang='lat' dir='ltr'><strong>decimum</strong></span> <span class='ocrx_word' id='word_1_798' title='bbox 2329 4770 2395 4827; x_wconf 76' lang='lat' dir='ltr'><strong>ab</strong></span> <span class='ocrx_word' id='word_1_799' title='bbox 2426 4773 2765 4827; x_wconf 85' lang='lat' dir='ltr'><strong>Ascensione</strong></span> <span class='ocrx_word' id='word_1_800' title='bbox 2802 4770 3241 4826; x_wconf 25' lang='lat' dir='ltr'><strong>Domini’annum</strong></span> <span class='ocrx_word' id='word_1_801' title='bbox 3285 4786 3313 4823; x_wconf 89' lang='lat' dir='ltr'><strong>a</strong></span> <span class='ocrx_word' id='word_1_802' title='bbox 3352 4786 3410 4824; x_wconf 91' lang='lat' dir='ltr'><strong>se</strong></span> <span class='ocrx_word' id='word_1_803' title='bbox 3453 4770 3594 4824; x_wconf 83' lang='lat' dir='ltr'><strong>iuvi-</strong></span> 
     </span>
    </p>
   </div>
   <div class='ocr_carea' id='block_1_122' title="bbox 2028 4842 3590 4910">
    <p class='ocr_par' dir='ltr' id='par_1_122' title="bbox 2028 4842 3590 4910">
     <span class='ocr_line' id='line_1_123' title="bbox 2028 4842 3590 4910; baseline -0.001 -14"><span class='ocrx_word' id='word_1_804' title='bbox 2028 4860 2145 4898; x_wconf 89' lang='lat' dir='ltr'><strong>cem</strong></span> <span class='ocrx_word' id='word_1_805' title='bbox 2170 4845 2505 4903; x_wconf 84' lang='lat' dir='ltr'><strong>discessisse.</strong></span> <span class='ocrx_word' id='word_1_806' title='bbox 2540 4859 2660 4897; x_wconf 90' lang='lat' dir='ltr'><strong>cum</strong></span> <span class='ocrx_word' id='word_1_807' title='bbox 2689 4842 2938 4896; x_wconf 84' lang='lat' dir='ltr'><strong>Christus</strong></span> <span class='ocrx_word' id='word_1_808' title='bbox 2967 4843 3039 4897; x_wconf 88' lang='lat' dir='ltr'><strong>ita</strong></span> <span class='ocrx_word' id='word_1_809' title='bbox 3070 4842 3199 4910; x_wconf 82' lang='lat' dir='ltr'><strong>ipsis</strong></span> <span class='ocrx_word' id='word_1_810' title='bbox 3222 4842 3590 4910; x_wconf 66' lang='lat' dir='ltr'><strong>prtecepisset.</strong></span> 
     </span>
    </p>
   </div>
   <div class='ocr_carea' id='block_1_123' title="bbox 2032 4911 3593 4982">
    <p class='ocr_par' dir='ltr' id='par_1_123' title="bbox 2032 4911 3593 4982">
     <span class='ocr_line' id='line_1_124' title="bbox 2032 4911 3593 4982; baseline -0.001 -16"><span class='ocrx_word' id='word_1_811' title='bbox 2032 4914 2205 4967; x_wconf 80' lang='lat' dir='ltr'><strong>Verba</strong></span> <span class='ocrx_word' id='word_1_812' title='bbox 2257 4913 2527 4982; x_wconf 84' lang='lat' dir='ltr'><strong>Apollonii</strong></span> <span class='ocrx_word' id='word_1_813' title='bbox 2590 4913 2856 4965; x_wconf 88' lang='lat' dir='ltr'><strong>habentur</strong></span> <span class='ocrx_word' id='word_1_814' title='bbox 2904 4912 3157 4966; x_wconf 78' lang='lat' dir='ltr'><strong>Historia:</strong></span> <span class='ocrx_word' id='word_1_815' title='bbox 3218 4911 3593 4982; x_wconf 70' lang='lat' dir='ltr'><strong>ecclesia-lica:</strong></span> 
     </span>
    </p>
   </div>
   <div class='ocr_carea' id='block_1_124' title="bbox 2029 4980 3591 5051">
    <p class='ocr_par' dir='ltr' id='par_1_124' title="bbox 2029 4980 3591 5051">
     <span class='ocr_line' id='line_1_125' title="bbox 2029 4980 3591 5051; baseline -0.002 -14"><span class='ocrx_word' id='word_1_816' title='bbox 2029 4984 2246 5037; x_wconf 86' lang='lat' dir='ltr'><strong>Eusebii</strong></span> <span class='ocrx_word' id='word_1_817' title='bbox 2284 4980 2452 5037; x_wconf 85' lang='lat' dir='ltr'><strong>nostri</strong></span> <span class='ocrx_word' id='word_1_818' title='bbox 2486 4983 2579 5037; x_wconf 91' lang='lat' dir='ltr'><strong>lib.</strong></span> <span class='ocrx_word' id='word_1_819' title='bbox 2606 4998 2656 5047; x_wconf 91' lang='lat' dir='ltr'><strong>v,</strong></span> <span class='ocrx_word' id='word_1_820' title='bbox 2687 4997 2809 5051; x_wconf 87' lang='lat' dir='ltr'><strong>cap.</strong></span> <span class='ocrx_word' id='word_1_821' title='bbox 2845 4982 2930 5035; x_wconf 80' lang='lat' dir='ltr'><strong>l8.</strong></span> <span class='ocrx_word' id='word_1_822' title='bbox 2978 4982 3121 5037; x_wconf 91' lang='lat' dir='ltr'><strong>ldem</strong></span> <span class='ocrx_word' id='word_1_823' title='bbox 3158 4983 3329 5035; x_wconf 86' lang='lat' dir='ltr'><strong>refert</strong></span> <span class='ocrx_word' id='word_1_824' title='bbox 3356 4980 3499 5051; x_wconf 63' lang='lat' dir='ltr'><strong>[teda</strong></span> <span class='ocrx_word' id='word_1_825' title='bbox 3534 4981 3591 5034; x_wconf 86' lang='lat' dir='ltr'><strong>in</strong></span> 
     </span>
    </p>
   </div>
   <div class='ocr_carea' id='block_1_125' title="bbox 2027 5048 3589 5121">
    <p class='ocr_par' dir='ltr' id='par_1_125' title="bbox 2027 5048 3589 5121">
     <span class='ocr_line' id='line_1_126' title="bbox 2027 5048 3589 5121; baseline -0.003 -14"><span class='ocrx_word' id='word_1_826' title='bbox 2027 5071 2143 5121; x_wconf 83' lang='lat' dir='ltr'><strong>cap.</strong></span> <span class='ocrx_word' id='word_1_827' title='bbox 2170 5070 2264 5108; x_wconf 80' lang='lat' dir='ltr'><strong>xm</strong></span> <span class='ocrx_word' id='word_1_828' title='bbox 2289 5055 2516 5111; x_wconf 73' lang='lat' dir='ltr'><strong>Acutum</strong></span> <span class='ocrx_word' id='word_1_829' title='bbox 2549 5048 2927 5121; x_wconf 76' lang='lat' dir='ltr'><strong>apostolorum.</strong></span> <span class='ocrx_word' id='word_1_830' title='bbox 2956 5052 3062 5106; x_wconf 91' lang='lat' dir='ltr'><strong>Sed</strong></span> <span class='ocrx_word' id='word_1_831' title='bbox 3103 5063 3293 5106; x_wconf 88' lang='lat' dir='ltr'><strong>auctor</strong></span> <span class='ocrx_word' id='word_1_832' title='bbox 3340 5048 3589 5107; x_wconf 73' lang='lat' dir='ltr'><strong>Chronici</strong></span> 
     </span>
    </p>
   </div>
   <div class='ocr_carea' id='block_1_126' title="bbox 2026 5122 3592 5177">
    <p class='ocr_par' dir='ltr' id='par_1_126' title="bbox 2026 5122 3592 5177">
     <span class='ocr_line' id='line_1_127' title="bbox 2026 5122 3592 5177; baseline -0.001 0"><span class='ocrx_word' id='word_1_833' title='bbox 2026 5126 2369 5177; x_wconf 75' lang='lat' dir='ltr'><strong>Alexandrini</strong></span> <span class='ocrx_word' id='word_1_834' title='bbox 2397 5125 2685 5177; x_wconf 88' lang='lat' dir='ltr'><strong>adventum</strong></span> <span class='ocrx_word' id='word_1_835' title='bbox 2711 5123 2853 5176; x_wconf 87' lang='lat' dir='ltr'><strong>Petri</strong></span> <span class='ocrx_word' id='word_1_836' title='bbox 2880 5123 2931 5174; x_wconf 93' lang='lat' dir='ltr'><strong>in</strong></span> <span class='ocrx_word' id='word_1_837' title='bbox 2962 5124 3147 5177; x_wconf 88' lang='lat' dir='ltr'><strong>urbem</strong></span> <span class='ocrx_word' id='word_1_838' title='bbox 3167 5122 3390 5176; x_wconf 86' lang='lat' dir='ltr'><strong>Romam</strong></span> <span class='ocrx_word' id='word_1_839' title='bbox 3415 5122 3592 5176; x_wconf 88' lang='lat' dir='ltr'><strong>adhuc</strong></span> 
     </span>
    </p>
   </div>
   <div class='ocr_carea' id='block_1_127' title="bbox 2031 5190 3589 5252">
    <p class='ocr_par' dir='ltr' id='par_1_127' title="bbox 2031 5190 3589 5252">
     <span class='ocr_line' id='line_1_128' title="bbox 2031 5190 3589 5252; baseline -0.002 -5"><span class='ocrx_word' id='word_1_840' title='bbox 2031 5196 2237 5252; x_wconf 90' lang='lat' dir='ltr'><strong>tardius</strong></span> <span class='ocrx_word' id='word_1_841' title='bbox 2258 5194 2445 5248; x_wconf 85' lang='lat' dir='ltr'><strong>refert.</strong></span> <span class='ocrx_word' id='word_1_842' title='bbox 2474 5192 2676 5247; x_wconf 86' lang='lat' dir='ltr'><strong>Scribit</strong></span> <span class='ocrx_word' id='word_1_843' title='bbox 2704 5194 2846 5247; x_wconf 91' lang='lat' dir='ltr'><strong>enim</strong></span> <span class='ocrx_word' id='word_1_844' title='bbox 2899 5191 3122 5247; x_wconf 91' lang='lat' dir='ltr'><strong>Paulum</strong></span> <span class='ocrx_word' id='word_1_845' title='bbox 3151 5193 3366 5247; x_wconf 87' lang='lat' dir='ltr'><strong>venisse</strong></span> <span class='ocrx_word' id='word_1_846' title='bbox 3396 5190 3589 5245; x_wconf 86' lang='lat' dir='ltr'><strong>Riero-</strong></span> 
     </span>
    </p>
   </div>
   <div class='ocr_carea' id='block_1_128' title="bbox 2026 5263 3587 5335">
    <p class='ocr_par' dir='ltr' id='par_1_128' title="bbox 2026 5263 3587 5335">
     <span class='ocr_line' id='line_1_129' title="bbox 2026 5263 3587 5335; baseline -0.005 -17"><span class='ocrx_word' id='word_1_847' title='bbox 2026 5265 2230 5335; x_wconf 87' lang='lat' dir='ltr'><strong>solyma</strong></span> <span class='ocrx_word' id='word_1_848' title='bbox 2284 5263 2806 5335; x_wconf 87' lang='lat' dir='ltr'><strong>obcontroversiam</strong></span> <span class='ocrx_word' id='word_1_849' title='bbox 2858 5263 2937 5335; x_wconf 90' lang='lat' dir='ltr'><strong>de</strong></span> <span class='ocrx_word' id='word_1_850' title='bbox 2977 5263 3395 5317; x_wconf 89' lang='lat' dir='ltr'><strong>circumcisione</strong></span> <span class='ocrx_word' id='word_1_851' title='bbox 3442 5276 3587 5335; x_wconf 83' lang='lat' dir='ltr'><strong>anno</strong></span> 
     </span>
    </p>
   </div>
   <div class='ocr_carea' id='block_1_129' title="bbox 2026 5331 3588 5402">
    <p class='ocr_par' dir='ltr' id='par_1_129' title="bbox 2026 5331 3588 5402">
     <span class='ocr_line' id='line_1_130' title="bbox 2026 5331 3588 5402; baseline -0.005 -14"><span class='ocrx_word' id='word_1_852' title='bbox 2026 5331 2180 5389; x_wconf 62' lang='lat' dir='ltr'><strong>sex&#39;to</strong></span> <span class='ocrx_word' id='word_1_853' title='bbox 2205 5334 2452 5398; x_wconf 84' lang='lat' dir='ltr'><strong>Claudii;</strong></span> <span class='ocrx_word' id='word_1_854' title='bbox 2484 5348 2657 5402; x_wconf 89' lang='lat' dir='ltr'><strong>eoque</strong></span> <span class='ocrx_word' id='word_1_855' title='bbox 2688 5346 2833 5386; x_wconf 90' lang='lat' dir='ltr'><strong>anno</strong></span> <span class='ocrx_word' id='word_1_856' title='bbox 2864 5334 3197 5388; x_wconf 90' lang='lat' dir='ltr'><strong>celebratum</strong></span> <span class='ocrx_word' id='word_1_857' title='bbox 3242 5347 3364 5388; x_wconf 87' lang='lat' dir='ltr'><strong>esse</strong></span> <span class='ocrx_word' id='word_1_858' title='bbox 3397 5331 3588 5402; x_wconf 79' lang='lat' dir='ltr'><strong>conci-</strong></span> 
     </span>
    </p>
   </div>
   <div class='ocr_carea' id='block_1_130' title="bbox 2027 5400 3588 5475">
    <p class='ocr_par' dir='ltr' id='par_1_130' title="bbox 2027 5400 3588 5475">
     <span class='ocr_line' id='line_1_131' title="bbox 2027 5400 3588 5475; baseline -0.004 -19"><span class='ocrx_word' id='word_1_859' title='bbox 2027 5404 2155 5458; x_wconf 91' lang='lat' dir='ltr'><strong>lium</strong></span> <span class='ocrx_word' id='word_1_860' title='bbox 2186 5400 2762 5475; x_wconf 79' lang='lat' dir='ltr'><strong>Hierosolymitanum,</strong></span> <span class='ocrx_word' id='word_1_861' title='bbox 2795 5404 3054 5475; x_wconf 88' lang='lat' dir='ltr'><strong>apostolis</strong></span> <span class='ocrx_word' id='word_1_862' title='bbox 3087 5403 3320 5475; x_wconf 87' lang='lat' dir='ltr'><strong>nondum</strong></span> <span class='ocrx_word' id='word_1_863' title='bbox 3352 5416 3467 5475; x_wconf 66' lang='lat' dir='ltr'><strong>use</strong></span> <span class='ocrx_word' id='word_1_864' title='bbox 3501 5400 3588 5451; x_wconf 81' lang='lat' dir='ltr'><strong>in~</strong></span> 
     </span>
    </p>
   </div>
   <div class='ocr_carea' id='block_1_131' title="bbox 2027 5468 3586 5543">
    <p class='ocr_par' dir='ltr' id='par_1_131' title="bbox 2027 5468 3586 5543">
     <span class='ocr_line' id='line_1_132' title="bbox 2027 5468 3586 5543; baseline -0.004 -16"><span class='ocrx_word' id='word_1_865' title='bbox 2027 5476 2198 5529; x_wconf 84' lang='lat' dir='ltr'><strong>vicem</strong></span> <span class='ocrx_word' id='word_1_866' title='bbox 2225 5468 2533 5543; x_wconf 54' lang='lat' dir='ltr'><strong>disjunc&#39;tis.</strong></span> <span class='ocrx_word' id='word_1_867' title='bbox 2574 5475 2759 5543; x_wconf 81' lang='lat' dir='ltr'><strong>Itaque</strong></span> <span class='ocrx_word' id='word_1_868' title='bbox 2804 5468 2870 5526; x_wconf 77' lang='lat' dir='ltr'><strong>ex</strong></span> <span class='ocrx_word' id='word_1_869' title='bbox 2919 5474 3035 5542; x_wconf 86' lang='lat' dir='ltr'><strong>ejus</strong></span> <span class='ocrx_word' id='word_1_870' title='bbox 3071 5474 3360 5543; x_wconf 83' lang='lat' dir='ltr'><strong>sententia,</strong></span> <span class='ocrx_word' id='word_1_871' title='bbox 3391 5468 3586 5523; x_wconf 82' lang='lat' dir='ltr'><strong>Petrus</strong></span> 
     </span>
    </p>
   </div>
   <div class='ocr_carea' id='block_1_132' title="bbox 2024 5541 3581 5619">
    <p class='ocr_par' dir='ltr' id='par_1_132' title="bbox 2024 5541 3581 5619">
     <span class='ocr_line' id='line_1_133' title="bbox 2024 5541 3581 5619; baseline -0.002 -21"><span class='ocrx_word' id='word_1_872' title='bbox 2024 5560 2131 5619; x_wconf 83' lang='lat' dir='ltr'><strong>non</strong></span> <span class='ocrx_word' id='word_1_873' title='bbox 2156 5556 2281 5619; x_wconf 79' lang='lat' dir='ltr'><strong>ante</strong></span> <span class='ocrx_word' id='word_1_874' title='bbox 2307 5541 2508 5619; x_wconf 79' lang='lat' dir='ltr'><strong>annum</strong></span> <span class='ocrx_word' id='word_1_875' title='bbox 2531 5560 2603 5597; x_wconf 84' lang='lat' dir='ltr'><strong>vit</strong></span> <span class='ocrx_word' id='word_1_876' title='bbox 2631 5542 2840 5619; x_wconf 84' lang='lat' dir='ltr'><strong>Claudii</strong></span> <span class='ocrx_word' id='word_1_877' title='bbox 2883 5541 3110 5619; x_wconf 75' lang='lat' dir='ltr'><strong>Romam</strong></span> <span class='ocrx_word' id='word_1_878' title='bbox 3153 5541 3445 5619; x_wconf 40' lang='lat' dir='ltr'><strong>profectus.</strong></span> <span class='ocrx_word' id='word_1_879' title='bbox 3476 5548 3581 5619; x_wconf 61' lang='lat' dir='ltr'><strong>est.</strong></span> 
     </span>
    </p>
   </div>
   <div class='ocr_carea' id='block_1_133' title="bbox 2025 5610 3585 5683">
    <p class='ocr_par' dir='ltr' id='par_1_133' title="bbox 2025 5610 3585 5683">
     <span class='ocr_line' id='line_1_134' title="bbox 2025 5610 3585 5683; baseline -0.005 -15"><span class='ocrx_word' id='word_1_880' title='bbox 2025 5617 2131 5670; x_wconf 84' lang='lat' dir='ltr'><strong>Sed</strong></span> <span class='ocrx_word' id='word_1_881' title='bbox 2159 5615 2447 5669; x_wconf 91' lang='lat' dir='ltr'><strong>dolendum</strong></span> <span class='ocrx_word' id='word_1_882' title='bbox 2472 5624 2578 5677; x_wconf 88' lang='lat' dir='ltr'><strong>est,</strong></span> <span class='ocrx_word' id='word_1_883' title='bbox 2605 5616 2747 5683; x_wconf 91' lang='lat' dir='ltr'><strong>quod</strong></span> <span class='ocrx_word' id='word_1_884' title='bbox 2776 5618 2827 5666; x_wconf 92' lang='lat' dir='ltr'><strong>in</strong></span> <span class='ocrx_word' id='word_1_885' title='bbox 2861 5628 2926 5667; x_wconf 90' lang='lat' dir='ltr'><strong>eo</strong></span> <span class='ocrx_word' id='word_1_886' title='bbox 2964 5610 3222 5667; x_wconf 78' lang='lat' dir='ltr'><strong>Chronico</strong></span> <span class='ocrx_word' id='word_1_887' title='bbox 3258 5610 3449 5683; x_wconf 72' lang='lat' dir='ltr'><strong>viginti</strong></span> <span class='ocrx_word' id='word_1_888' title='bbox 3474 5610 3585 5683; x_wconf 47' lang='lat' dir='ltr'><strong>cirf</strong></span> 
     </span>
    </p>
   </div>
   <div class='ocr_carea' id='block_1_134' title="bbox 2022 5679 3585 5739">
    <p class='ocr_par' dir='ltr' id='par_1_134' title="bbox 2022 5679 3585 5739">
     <span class='ocr_line' id='line_1_135' title="bbox 2022 5679 3585 5739; baseline -0.002 -1"><span class='ocrx_word' id='word_1_889' title='bbox 2022 5686 2160 5739; x_wconf 88' lang='lat' dir='ltr'><strong>citer</strong></span> <span class='ocrx_word' id='word_1_890' title='bbox 2185 5700 2447 5738; x_wconf 88' lang='lat' dir='ltr'><strong>annorum</strong></span> <span class='ocrx_word' id='word_1_891' title='bbox 2476 5679 2667 5738; x_wconf 80' lang='lat' dir='ltr'><strong>lacuna</strong></span> <span class='ocrx_word' id='word_1_892' title='bbox 2695 5695 2795 5737; x_wconf 86' lang='lat' dir='ltr'><strong>est.</strong></span> <span class='ocrx_word' id='word_1_893' title='bbox 2835 5686 2910 5738; x_wconf 84' lang='lat' dir='ltr'><strong>Ita</strong></span> <span class='ocrx_word' id='word_1_894' title='bbox 2940 5684 3151 5737; x_wconf 85' lang='lat' dir='ltr'><strong>Marcus</strong></span> <span class='ocrx_word' id='word_1_895' title='bbox 3184 5697 3330 5735; x_wconf 90' lang='lat' dir='ltr'><strong>anno</strong></span> <span class='ocrx_word' id='word_1_896' title='bbox 3371 5679 3585 5735; x_wconf 84' lang='lat' dir='ltr'><strong>Claudii</strong></span> 
     </span>
    </p>
   </div>
   <div class='ocr_carea' id='block_1_135' title="bbox 2021 5754 3586 5823">
    <p class='ocr_par' dir='ltr' id='par_1_135' title="bbox 2021 5754 3586 5823">
     <span class='ocr_line' id='line_1_136' title="bbox 2021 5754 3586 5823; baseline -0.003 -14"><span class='ocrx_word' id='word_1_897' title='bbox 2021 5771 2163 5809; x_wconf 90' lang='lat' dir='ltr'><strong>nouo</strong></span> <span class='ocrx_word' id='word_1_898' title='bbox 2190 5755 2568 5809; x_wconf 77' lang='lat' dir='ltr'><strong>Alexandriam</strong></span> <span class='ocrx_word' id='word_1_899' title='bbox 2606 5755 2880 5823; x_wconf 85' lang='lat' dir='ltr'><strong>prolectus</strong></span> <span class='ocrx_word' id='word_1_900' title='bbox 2908 5754 3090 5814; x_wconf 86' lang='lat' dir='ltr'><strong>fuerit,</strong></span> <span class='ocrx_word' id='word_1_901' title='bbox 3118 5768 3237 5820; x_wconf 66' lang='lat' dir='ltr'><strong>quae</strong></span> <span class='ocrx_word' id='word_1_902' title='bbox 3259 5761 3341 5807; x_wconf 88' lang='lat' dir='ltr'><strong>est</strong></span> <span class='ocrx_word' id='word_1_903' title='bbox 3363 5762 3586 5806; x_wconf 80' lang='lat' dir='ltr'><strong>senten-</strong></span> 
     </span>
    </p>
   </div>
   <div class='ocr_carea' id='block_1_136' title="bbox 2021 5825 3132 5896">
    <p class='ocr_par' dir='ltr' id='par_1_136' title="bbox 2021 5825 3132 5896">
     <span class='ocr_line' id='line_1_137' title="bbox 2021 5825 3132 5896; baseline -0.003 -17"><span class='ocrx_word' id='word_1_904' title='bbox 2021 5829 2091 5881; x_wconf 91' lang='lat' dir='ltr'><strong>tia</strong></span> <span class='ocrx_word' id='word_1_905' title='bbox 2122 5827 2372 5896; x_wconf 78' lang='lat' dir='ltr'><strong>Eutyclni</strong></span> <span class='ocrx_word' id='word_1_906' title='bbox 2400 5826 2726 5894; x_wconf 73' lang='lat' dir='ltr'><strong>patriarchae</strong></span> <span class='ocrx_word' id='word_1_907' title='bbox 2751 5825 3132 5879; x_wconf 74' lang='lat' dir='ltr'><strong>Alexandrini.</strong></span> 
     </span>
    </p>
   </div>
  </div>
