4054 6456
301 281 413 334 177

1352 275 1701 331 HISTORIA".
1734 274 2310 332 'ECCLESIASTICE
2350 275 2481 331 LIB.
2522 274 2586 328 ll.

3465 272 3564 326 178

296 395 670 466 Χριστιανῶν
705 415 786 450 πω
812 395 1166 468 προσρήσεως
1192 393 1296 447 ἀνὰ
1324 393 1501 448 πάντα
1520 393 1681 448 τόπον
1711 396 1872 448 ὲπιπε

2002 396 2070 450 ab
2107 395 2260 449 initio
2297 395 2366 449 ita
2409 393 2582 448 vocati
2620 391 2727 447 sint
2755 430 2771 456 ,
2807 406 2928 448 cum
2975 389 3410 448 Christianorum
3467 403 3564 444 no-

297 491 681 560 φημισμένης
715 489 849 560 (60},
904 493 1016 546 οὔτι
1052 505 1136 540 πω
1177 487 1536 540 διατείνεσθαι
1577 488 1892 555 ἀναγκαῖον.

297 581 515 651 Ὅμως
560 579 714 636 δὀῦν
754 585 812 634 ἐν
857 581 1092 654 πρώτοις
1139 579 1235 650 τὴν
1288 579 1546 648 ἀπόταξιν
1579 580 1758 645 αὑτοῖς
1799 581 1894 652 τῆς

293 673 503 736 οὐσίας
561 676 846 746 μαρτυρεῖ,
890 675 1112 742 φάσκων
1162 673 1500 744 ἀρχομένους
1550 673 1892 742 φιλοσοφεῖν,

291 761 633 824 ἐξίστασθαι
656 766 767 827 τοῖς
788 763 1118 835 προσήκουσι
1138 762 1242 815 τῶν
1277 762 1626 833 ὑπαρχόντων
1645 799 1656 816 .
1708 761 1894 816 ἔπειτα

294 851 522 917 πάσαις
557 853 996 924 ἀποταξαμένους
1036 856 1153 916 ταῖς
1183 851 1276 905 τοῦ
1319 852 1434 922 βίου
1462 851 1756 924 φροντίσιν,
1790 852 1894 917 ἔξω

287 943 507 1014 τειχῶν
545 946 924 1018 προελθόντας,
972 947 1028 998 ὲν
1074 945 1388 1018 μοναγρίοις
1427 949 1518 1000 καὶ
1550 947 1743 1016 κήποις
1795 946 1894 1010 τὰς

288 1033 603 1106 διατριϐὰς
636 1037 924 1098 ποιεῖσθαι,
948 1035 1045 1098 τὰς
1073 1037 1135 1088 ἐκ
1157 1034 1264 1088 τῶν
1297 1036 1563 1106 ἀνομοίων
1589 1036 1889 1108 ἐπιμιξίας,

287 1126 655 1190 ἀλυσιτελεῖς
677 1129 770 1180 καὶ
798 1127 1064 1199 βλαϐερὰς
1092 1123 1150 1181 εὖ
1189 1128 1545 1192 εἰδόταςοτῶν
1570 1129 1686 1182 κατ’
1716 1131 1891 1182 ἐκεῖνο

287 1219 505 1288 καιροῦ
547 1220 689 1272 τοῦθ’
713 1220 787 1283 ὡς
818 1222 960 1283 εἰκὸς
989 1219 1374 1274 ἐπιτελούντων
1408 1219 1628 1290 ἐκθύμῳ
1656 1220 1749 1273 καὶ
1777 1220 1892 1292 θερ-

288 1310 522 1381 μοτάτῃ
559 1312 758 1374 πίστει,
805 1312 910 1365 τῶν
938 1313 1027 1366 τὸν
1056 1312 1388 1385 προφητικὸν
1430 1311 1622 1383 ζηλοῦν
1661 1313 1888 1367 ἀσκούν-

283 1419 400 1454 των
430 1401 579 1470 βίον.
629 1403 928 1474 Τοιγαροῦν
983 1402 1086 1457 κὰν
1129 1407 1249 1466 ταῖς
1286 1403 1744 1474 ὁμολογουμέναις
1783 1405 1890 1458 τῶν

283 1494 624 1549 ἀποστόλων
658 1494 923 1565 Πράξεσιν
949 1495 1260 1567 ἐμφέρεται,
1291 1496 1371 1550 ὅτι
1398 1495 1459 1566 δὴ
1488 1497 1684 1560 πάντες
1706 1499 1752 1550 οἱ
1780 1497 1889 1550 τῶν

285 1585 627 1638 ἀποστόλων
655 1585 945 1656 γνώριμοι,
985 1585 1052 1638 τὰ
1093 1587 1342 1656 κτήματα
1373 1586 1466 1639 καὶ
1505 1585 1602 1650 τὰς
1629 1587 1889 1658 ὑπάρξεις

285 1677 824 1748 διαπιπράσκοντες,
856 1679 1106 1749 ὲμέριζον
1135 1677 1305 1732 ἅπασι
1337 1677 1582 1732 καθ’ὃᾶν
1602 1697 1686 1744 τις
1701 1678 1887 1752 χρείαν

286 1765 467 1837 εἶχεν,
523 1768 601 1831 ὡς
650 1771 782 1840 μηδὲ
862 1765 999 1821 εἷναί
1031 1786 1152 1822 τινα
1186 1769 1336 1840 ἐνδεῆ
1365 1770 1494 1840 παρ’
1519 1770 1733 1833 αὐτοῖς·
1773 1771 1885 1823 ὅσοι

287 1858 428 1926 γοῦν
461 1860 734 1929 κτήτορες
758 1860 970 1930 χωρίων
996 1860 1026 1931 ἢ
1060 1859 1244 1914 οἰκιῶν
1275 1860 1542 1931 ὑπῆρχον,
1580 1859 1654 1924 ὠς
1680 1863 1707 1914 ὁ
1731 1860 1886 1929 λόγος

289 1951 455 2020 φησι,
488 1951 797 2014 πωλοῦντες
822 1951 1015 2023 ἔφερον
1045 1951 1143 2016 τὰς
1177 1952 1340 2022 τιμὰς
1361 1952 1469 2004 τῶν
1503 1953 1883 2024 πιπρασκομέ-

291 2061 426 2106 νων,
489 2041 742 2096 ὲτίθεσάν
773 2060 830 2095 τε
861 2043 1011 2115 παρὰ
1053 2045 1177 2108 τοὺς
1216 2044 1380 2108 πόδας
1408 2043 1516 2097 τῶν
1549 2044 1880 2110 ἀποστόλων,

289 2130 435 2186 ὥστε
459 2134 790 2187 διαδίδοσθαι
814 2135 1026 2206 ἑκάστῳ
1045 2136 1165 2189 καθ’
1189 2137 1218 2189 ὃ
1244 2154 1296 2189 τι
1321 2137 1383 2190 ἄν
1400 2155 1481 2199 τις
1503 2137 1690 2209 χρείαν
1718 2134 1880 2207 εἶχεν.

291 2224 379 2277 Τὰ
413 2226 786 2296 παραπλήσια
822 2226 878 2279 δὲ
907 2226 1114 2291 τούτοις
1161 2229 1514 2300 μαρτυρήσας
1550 2232 1663 2293 τοῖς
1691 2229 1881 2306 δήλους

294 2315 491 2386 μένοις
536 2319 564 2368 ὀ
611 2317 804 2379 Φίλων,
850 2317 1134 2381 συλλαϐαῖς
1181 2320 1370 2383 αὑταῖς
1409 2321 1658 2394 ἐπιφέρει
1711 2321 1881 2390 λέγων

287 2405 470 2458 ταῦτα
499 2423 567 2457 πε
576 2407 628 2478 ρὶ
645 2407 821 2461 αὑτῶν
845 2407 1011 2461 οὕτω·
1028 2428 1044 2459 ι
1068 2410 1335 2480 Πολλαχοῦ
1362 2413 1458 2482 μὲν
1479 2409 1569 2465 οὖν
1588 2413 1686 2483 τῆς
1705 2415 1881 2466 οἰκου-

295 2495 472 2566 μένης
517 2498 637 2549 ἐστὶ
675 2498 733 2550 τὸ
775 2499 949 2566 γένος.
984 2501 1129 2553 Ἔδει
1159 2502 1266 2572 γὰρ
1296 2502 1502 2570 ἀγαθοῦ
1533 2505 1737 2557 τελείου
1779 2523 1878 2576 με·

289 2590 523 2657 τασχεῖν
545 2589 637 2640 καὶ
665 2590 762 2659 τὴν
787 2590 1007 2644 Ἑλλάδα
1039 2594 1130 2646 καὶ
1148 2595 1245 2663 τὴν
1269 2594 1565 2666 βάρϐαρον.
1591 2597 1878 2661 Πλεονάζει

289 2677 334 2730 δ’
371 2681 431 2732 ὲν
501 2679 766 2751 Αἰγύπτῳ
836 2684 955 2736 καθ’
1001 2683 1228 2739 ἕκαστον
1281 2686 1389 2740 τῶν
1437 2688 1877 2760 ἐπικαλουμένων

286 2770 498 2841 νομῶν,
538 2774 632 2826 καὶ
667 2774 901 2844 μάλιστα
940 2778 1065 2847 περὶ
1103 2777 1200 2848 τὴν
1238 2779 1661 2852 Ἀλεξάνδρειαν.
1713 2784 1774 2834 Οί
1821 2781 1876 2834 δὲ

290 2861 641 2930 πανταχόθεν
670 2862 902 2934 ἄριστοι,
946 2864 1195 2937 καθάπερ
1226 2869 1305 2930 εἰς
1340 2869 1574 2938 πατρίδα
1612 2868 1876 2938 θεραπευ-

287 2953 417 3017 τῶν,
450 2955 714 3009 ἀποικίαν
750 2956 1055 3010 στέλλονται
1094 2957 1203 3027 (61)
1223 2959 1358 3029 πρός
1389 2960 1660 3031 τιχωρίον
1684 2962 1875 3031 ἐπιτη-

291 3044 586 3109 δειότατον,
613 3049 748 3120 ὅπερ
773 3050 916 3102 ἐστὶν
951 3050 1089 3121 ὑπὲρ
1116 3049 1310 3120 λίμνης
1353 3051 1568 3122 Μαρίας
1623 3051 1872 3122 κείμενον

289 3138 382 3189 ἐπὶ
406 3140 687 3210 γεωλόφου
707 3141 1124 3213 χθαμαλωτέρου
1158 3143 1361 3212 σφόδρα
1386 3142 1672 3214 εὐκαίρως,
1696 3144 1870 3213 ἀσφα-

288 3226 441 3293 λείας
467 3247 531 3283 τε
557 3232 719 3284 ἓνεκα
756 3234 849 3286 καί
890 3233 1050 3305 ἀέρος
1093 3233 1410 3303 εὐκρασίας.
1442 3253 1460 3286 ι
1485 3230 1597 3288 Εἶθ’
1624 3234 1748 3305 ἑξῆς
1773 3234 1870 3297 τὰς

288 3321 539 3392 οἰκήσεις
579 3325 756 3378 αὑτῶν
803 3325 984 3379 ὁποῖαί
1019 3343 1160 3389 τινες
1192 3321 1330 3397 ἦσαν
1363 3325 1690 3397 διαγράνζνλας,
1745 3327 1871 3398 περὶ

290 3415 398 3469 τῶν
417 3418 566 3472 κατά
582 3419 765 3491 χώραν
784 3418 1087 3490 ἐκκλησιῶν
1101 3417 1274 3471 ταῦτά
1294 3435 1476 3488 φησιν·
1502 3438 1520 3469 ι
1557 3419 1644 3471 Ἐν
1666 3418 1870 3492 ἑκάστῃ

289 3506 345 3560 δὲ
367 3509 544 3580 οἰκία,
573 3509 717 3562 ἔστιν
752 3511 956 3582 οἴκημα
993 3511 1135 3582 ἱερὸν
1164 3510 1191 3562 ὃ
1226 3511 1468 3563 καλεῖται
1498 3513 1744 3581 σεμνεῖον
1777 3511 1870 3564 καὶ

297 3603 681 3674 μοναστήριον,
725 3604 783 3655 ὲν
820 3597 864 3670 ᾧ
901 3602 1240 3673 μονούμενοι,
1271 3601 1342 3654 τὰ
1371 3601 1465 3654 τοῦ
1506 3601 1702 3672 σεμνοῦ
1753 3602 1867 3672 βίου

298 3696 574 3764 μυστήρια
595 3694 894 3758 τελοῦνται,
926 3695 1089 3765 μηδὲν
1124 3695 1545 3765 εἰσκομίζοντες,
1576 3696 1650 3767 μὴ
1686 3695 1865 3759 ποτὸν,

303 3783 374 3853 μὴ
410 3786 602 3842 σιτίον.
644 3787 779 3855 μήτε
808 3804 860 3838 τι
889 3786 994 3838 τῶν
1020 3786 1192 3840 ἄλλων
1235 3787 1332 3840 ὅσα
1357 3787 1492 3858 πρὸς
1513 3786 1611 3850 τὰς
1646 3787 1738 3840 τοῦ
1766 3787 1868 3840 σώ-

299 3892 463 3944 ματος
492 3878 681 3949 χρείας
706 3879 995 3947 ἀναγκαῖα,
1015 3879 1149 3932 ἀλλὰ
1173 3880 1369 3952 νόμους
1387 3880 1477 3932 καὶ
1501 3879 1652 3948 λόγια
1679 3879 1868 3932 θεσπι-

298 3967 492 4022 σθέντσ,
539 3968 628 4022 διὰ
680 3970 972 4040 προφητῶν
1021 3972 1113 4024 καὶ
1167 3970 1390 4042 ὕμνους,
1440 3969 1534 4024 καὶ
1589 3970 1753 4023 τᾶλλα
1786 3964 1867 4033 οἷς

295 4060 570 4132 ἐπιστήμη
588 4062 682 4115 καὶ
712 4063 959 4116 εὐσέϐεια
989 4063 1336 4129 συναύξονται
1365 4065 1458 4116 καὶ
1481 4063 1861 4118 τελειοῦνται.»

303 4151 408 4204 Καὶ
457 4152 576 4223 μεθ’
611 4153 775 4224 ’ἐτερά
821 4171 985 4225 φησί’
1033 4173 1050 4207 ι
1084 4155 1157 4207 Τὸ
1197 4156 1252 4208 δὲ
1298 4154 1356 4220 ἐξ
1403 4155 1624 4208 ἑωθινοῦ
1676 4156 1868 4228 μέχρις

299 4243 532 4314 ἑσπέρας
585 4245 858 4315 διάστημα
914 4245 1133 4316 σύμπαν
1192 4247 1372 4310 αὑτοῖς
1426 4251 1571 4301 ἐστιν
1614 4249 1862 4320 ἄσκησις.

311 4331 752 4406 Ἐντυγχάνοντες
781 4336 888 4409 γὰρ
930 4341 1041 4402 τοῖς
1086 4340 1249 4410 ἱεροῖς
1295 4341 1603 4411 γράμμασι,
1657 4340 1866 4410 φιλοσο-

1998 504 2122 544 men
2170 487 2406 542 nondum
2441 487 2640 556 ubique
2674 485 2922 540 diﬂ'usum
2971 501 3034 539 ac
3071 485 3443 554 pervulgatum
3470 499 3562 538 es-

1997 589 2113 644 set,
2144 578 2279 634 nihil
2310 593 2442 648 opus
2473 587 2559 634 est
2606 576 2960 647 pertinaciter
3002 575 3351 629 contendere.
3383 573 3559 628 Caete-

1997 686 2115 725 rum
2156 681 2283 725 ante
2327 670 2510 723 omnia
2547 667 2764 737 quidem
2801 665 3080 720 facultates
3107 680 3232 719 suas
3268 664 3388 720 illos
3419 663 3557 728 abji-

1995 778 2118 818 cere
2153 771 2402 816 testatur.
2451 761 2540 815 Ait
2580 761 2721 814 enim
2770 758 2928 814 simul
2961 767 3122 827 atque
3160 756 3224 810 ad
3257 758 3360 812 hoc
3392 756 3565 828 philo-

1993 855 2258 926 sophandi
2292 869 2462 926 genus
2493 869 2553 909 se
2598 852 2930 908 contulerint
2957 891 2972 917 ,
3004 851 3253 906 omnibus
3280 864 3372 906 eos
3402 847 3559 902 bonis

1994 949 2062 1003 ad
2094 948 2424 1018 propinquos
2452 960 2577 1000 suos
2610 943 2944 999 transmissis
2971 943 3112 996 ultro
3145 943 3354 997 cedere.
3397 940 3561 994 Dein-

1992 1041 2058 1094 de
2081 1039 2290 1107 abjeeta
2317 1038 2463 1093 omni
2497 1051 2677 1091 rerum
2709 1037 3064 1090 humanarum
3091 1049 3246 1102 cura,
3277 1043 3431 1089 extra
3461 1050 3557 1089 ur-

1992 1132 2112 1187 bem
2153 1145 2489 1200 progressos,
2521 1129 2575 1182 in
2603 1128 2775 1182 hortis
2803 1127 3101 1198 agellisque
3125 1126 3295 1182 deviis
3319 1127 3512 1197 degere
3539 1145 3556 1183 :

1992 1222 2191 1295 quippe
2222 1224 2312 1293 qui
2349 1221 2656 1290 intelligant
2691 1219 2971 1274 dissimilis
2995 1217 3251 1288 propositi
3281 1217 3574 1271 hominum

1992 1315 2344 1370 contubernia
2381 1322 2435 1368 et
2464 1311 2790 1367 commercia
2829 1311 3122 1380 plurimum
3154 1309 3346 1363 obesse
3376 1308 3554 1379 philo-

1992 1407 2220 1478 sophiae.
2249 1405 2400 1473 Quod
2431 1405 2650 1475 quidem
2688 1403 2833 1457 illius
2855 1400 3118 1471 temporis
3142 1399 3433 1454 Christiani
3465 1416 3558 1470 ge-

1992 1509 2189 1548 neroso
2219 1493 2455 1562 quodam
2490 1507 2554 1546 ac
2585 1491 2767 1545 divino
2815 1490 2934 1544 lidei
2966 1490 3159 1543 ardore
3202 1490 3445 1544 succensi
3477 1491 3558 1544 in-

1989 1587 2234 1640 stituisse
2281 1585 2411 1639 mihi
2442 1583 2716 1650 videntur,
2764 1598 2886 1636 cum
2928 1581 3295 1652 propheticam
3339 1583 3552 1637 vivendi

1989 1678 2252 1731 rationem
2304 1675 2547 1730 mmulari
2599 1673 2900 1729 studerent.
2951 1674 3160 1728 Etenim
3223 1675 3274 1728 in
3329 1674 3555 1728 Actibus

1922 1745 1960 1797 Β
1989 1767 2361 1838 apostolorum
2386 1807 2401 1831 ,
2440 1766 2530 1835 qui
2577 1765 2710 1819 nihil
2747 1774 2943 1834 praeter
2972 1767 3241 1820 sinceram
3272 1764 3554 1820 veritatem

1988 1862 2265 1916 continent
2296 1899 2311 1926 ,
2346 1859 2609 1929 scriptum
2663 1855 2911 1922 habetur,
2947 1871 3134 1912 onmes
3184 1857 3552 1928 apostolorum

1986 1952 2283 2021 discipulos
2334 1951 2552 2020 praediis
2607 1959 2660 2004 et
2714 1947 3067 2004 facultatibus
3114 1949 3227 2003 suis
3276 1949 3554 2013 venditis,

1984 2044 2214 2114 pretium
2252 2041 2513 2096 fratribus
2562 2050 2725 2109 prout
2764 2040 3022 2110 cujusque
3063 2040 3362 2096 necessitas
3397 2038 3555 2113 ﬂagi-

1987 2133 2168 2200 tabat,
2196 2133 2448 2188 divisisse
2477 2173 2492 2196 ,
2539 2133 2675 2187 adeo
2709 2141 2767 2184 ut
2809 2131 2952 2187 inter
2982 2133 3133 2202 ipsos
3163 2147 3320 2186 nemo
3349 2147 3554 2201 egenus

1981 2227 2289 2281 exsisteret.
2338 2225 2612 2295 Quotquot
2632 2227 2775 2281 enim
2806 2239 3144 2295 possessores
3169 2240 3419 2292 agrorum
3461 2233 3556 2278 aut

1983 2319 2262 2374 domorum
2299 2328 2472 2383 erant,
2503 2328 2560 2372 ut
2593 2319 2668 2372 ait
2705 2317 2900 2382 Lucas,
2929 2316 3226 2371 vemlentes
3254 2315 3553 2370 aﬂ'erebant

1981 2410 2154 2479 pretia
2187 2424 2378 2464 eorum
2425 2424 2543 2478 qua:
2585 2409 2977 2474 vendebantur,
3009 2417 3061 2462 et
3107 2408 3381 2477 ponebant
3425 2417 3554 2462 ante

1980 2503 2145 2572 pedes
2207 2502 2597 2574 apostolorum.
2668 2501 3024 2556 Dividebatur
3079 2511 3258 2554 autem
3323 2502 3558 2571 singulis

1981 2604 2142 2664 prout
2169 2595 2363 2665 cuique
2390 2610 2524 2666 Opus
2547 2603 2685 2648 erat.
2719 2592 2813 2647 llis
2836 2593 2992 2663 plane
3022 2592 3218 2647 similia
3247 2593 3311 2647 de
3344 2592 3551 2646 Thera-

1978 2687 2156 2756 peutis
2182 2698 2468 2757 postquam
2501 2685 2654 2740 Philo
2692 2684 2796 2755 55
2823 2694 3048 2740 testatus
3075 2693 3176 2748 est,
3208 2695 3320 2738 tum
3354 2685 3456 2738 ista
3480 2684 3553 2737 ad

1976 2778 2199 2832 verbum
2231 2776 2537 2846 subiungit:
2565 2797 2583 2829 ι
2622 2777 2679 2831 Id
2729 2793 2901 2846 genus
2951 2779 3230 2832 hominum
3285 2778 3337 2831 in
3381 2776 3550 2829 variis

1978 2868 2131 2924 Orbis
2176 2867 2486 2938 regionibus
2516 2881 2762 2935 sparsum
2813 2869 3106 2936 reperitur.
3154 2867 3376 2922 Graecos
3400 2867 3546 2921 enim

1977 2969 2030 3014 et
2063 2959 2330 3014 barbaros
2367 2957 2500 3011 tanti
2531 2957 2656 3012 boni
2683 2958 2974 3028 participes
3003 2959 3118 3013 ﬁeri
3155 2961 3402 3014 decebat.
3431 2961 3551 3016 Flo-

1977 3059 2059 3106 ret
2086 3061 2267 3104 tamen
2309 3050 2581 3118 praecipue
2625 3050 2678 3104 in
2711 3049 2984 3120 A‘lgypto,
3024 3067 3120 3121 per
3164 3053 3404 3123 singulas
3431 3053 3550 3126 eius

1976 3139 2324 3212 prml'ecturas
2363 3139 2642 3204 diil‘usum,
2690 3141 2928 3194 maxime
2975 3155 3104 3195 vero
3129 3138 3273 3197 circa
3311 3142 3554 3199 Alexan-

1975 3233 2172 3289 driam.
2203 3232 2471 3288 Caeterum
2509 3246 2575 3285 ex
2615 3228 2870 3285 omnibus
2893 3244 3053 3285 terrae
3083 3233 3327 3295 partibus
3356 3234 3548 3305 optimi

1972 3328 2171 3397 quique
2199 3327 2252 3381 in
2307 3325 2482 3380 locum
2533 3324 2821 3392 quemdam
2864 3323 3423 3393 Opportunissimum,
3454 3326 3548 3394 qui

1972 3430 2053 3476 est
2083 3429 2235 3474 trans
2259 3417 2485 3473 Mariam
2514 3419 2761 3489 paludem
2789 3419 2843 3472 in
2871 3416 3006 3471 colle
3039 3429 3259 3472 terreno
3284 3419 3416 3472 satis
3449 3419 3548 3472 hu-

1973 3513 2084 3566 mili
2121 3512 2279 3578 situs,
2314 3521 2368 3566 et
2395 3521 2504 3567 tum
2537 3523 2760 3582 propter
2782 3511 3162 3574 securitatem,
3197 3521 3308 3564 tum
3333 3512 3402 3567 ob
3423 3510 3548 3566 caeli

1977 3605 2296 3674 temperiem
2344 3604 2859 3671 commodissimus,
2898 3612 3154 3672 tanquam
3208 3601 3264 3655 in
3315 3601 3547 3670 patriam

1974 3696 2441 3768 Therapeutarum
2468 3698 2723 3766 migrant.
2770 3715 2790 3748 ι
2841 3695 2977 3751 llinc
3021 3704 3308 3764 postquam
3357 3691 3548 3761 cujus-

1972 3791 2116 3844 modi
2169 3801 2358 3845 essent
2406 3791 2624 3846 illorum
2657 3790 2934 3847 domicilia
2969 3789 3305 3858 descripsit,
3354 3788 3421 3842 de
3453 3800 3545 3842 ec-

1969 3881 2152 3936 clesiis
2195 3897 2332 3952 quas
2359 3883 2527 3938 variis
2576 3883 2629 3938 in
2680 3882 2816 3938 locis
2857 3890 3165 3936 exstructas
3194 3880 3437 3944 habent,
3471 3877 3546 3931 ita

1970 3972 2102 4029 dicit
2135 3989 2152 4028 :
2193 3993 2211 4025 t
2248 3973 2306 4028 ln
2333 3974 2564 4046 singulis
2594 3985 2775 4028 autem
2827 3973 3114 4028 domiciliis
3160 3984 3243 4027 est
3274 3973 3545 4039 quoddam

1969 4063 2224 4119 sacellum
2249 4066 2390 4134 quod
2413 4080 2691 4121 semneum
2729 4077 2784 4122 et
2812 4065 3196 4120 monasterium
3224 4061 3546 4132 appellatur.

1970 4153 2027 4208 ln
2051 4170 2157 4225 quo
2187 4156 2308 4222 soli,
2350 4158 2576 4211 remotis
2609 4156 2850 4224 arbitris,
2876 4156 3167 4212 sanctioris
3197 4157 3319 4209 vitae
3345 4165 3548 4225 myste-

1971 4247 2049 4300 ria
2084 4255 2368 4318 peragunt.
2401 4247 2512 4302 Nec
2543 4248 2724 4303 cibum
2767 4260 3049 4318 potumve,
3083 4264 3182 4303 nec
3213 4262 3398 4303 eorum
3425 4263 3547 4319 quae

1969 4339 2037 4393 ad
2067 4341 2311 4410 corporis
2356 4355 2543 4394 curam
2587 4340 2861 4409 pertinent
2908 4339 3214 4410 quidquam
3265 4353 3330 4393 eo
3359 4353 3544 4394 secum

301 4425 448 4492 φοῦσι
498 4428 594 4499 τὴν
645 4429 872 4501 πάτριον
920 4430 1234 4499 φιλοσοφίαν
1266 4431 1373 4501 (62)
1418 4431 1863 4504 ἅλληγοροῦντες,

1978 4430 2210 4488 inferunt
2240 4452 2251 4487 :
2279 4434 2372 4486 sed
2399 4431 2568 4501 legem
2605 4433 2872 4488 duntaxat
2899 4441 2952 4486 et
2981 4433 3372 4502 prophetarum
3416 4448 3544 4486 ora-

300 4515 476 4590 ἐπειδὴ
493 4519 734 4590 σύμϐολα
749 4521 816 4574 τὰ
840 4521 936 4590 τῆς
959 4521 1127 4592 ῥητῆς
1159 4523 1453 4593 ἑρμηνείας
1479 4522 1786 4593 νομίζουσιν
1811 4525 1870 4576 ἀ⁹

303 4610 753 4682 ποκεκρυμμένής
784 4611 1015 4680 φύσεως,
1032 4613 1085 4664 ὲν
1104 4612 1377 4676 ὑπονοίαις
1391 4611 1548 4683 δηλου
1557 4613 1722 4683 μένης
1745 4613 1872 4684 (65).

366 4725 478 4798 (60)
509 4729 1113 4798 Ἐπιπεςοημιονμένης.
1142 4729 1196 4784 ln
1234 4732 1410 4786 tribus
1440 4734 1644 4787 nostris
1673 4735 1872 4787 codici-

307 4791 596 4896 21211132.,
629 4791 856 4855 Medae
897 4791 1334 4870 Fuk."set'ipttitri
1393 4801 1570 4856 inveni
1624 4805 1872 4876 ἐμπεφη-

309 4881 586 4938 μισμενης.

368 4938 476 5008 (b’l)
519 4939 623 5007 Εἰς
649 4941 901 5009 πατρίδα
925 4943 1206 4999 ἀποικίαν
1237 4941 1614 4996 στέλλονται.
1641 4943 1737 4998 Hic
1765 4945 1867 4998 itu-

308 5010 515 5075 proprie
541 5013 777 5079 loquitur
803 5013 975 5068 Philo.
1002 5014 1132 5066 Nam
1162 5014 1337 5066 coloni
1362 5015 1650 5082 expatria,
1682 5016 1861 5082 potius

308 5092 455 5145 quam
489 5083 541 5134 in
577 5083 806 5154 patriam
843 5087 1073 5154 migrare
1103 5085 1372 5136 dicuntur.
1403 5081 1468 5136 Et
1519 5081 1695 5154 tamen
1730 5086 1862 5152 ligu-

307 5162 361 5224 ηε
386 5161 591 5224 estnon
623 5152 1201 5224 ἰροιθςοιιείάποικίαν
1254 5155 1333 5216 εἰς
1370 5153 1600 5224 πατρίδα
1651 5155 1861 5207 στέλλε-

311 5217 434 5273 σθαι.
479 5222 612 5295 Nam
640 5217 992 5295 Therapeutre
1019 5227 1132 5294 qui,
1152 5226 1337 5278 relicta
1370 5217 1563 5291 patria,
1611 5225 1662 5278 in
1691 5224 1861 5295 IEgy-

307 5299 438 5368 ptum
468 5293 534 5345 ad
564 5308 756 5368 pagum
798 5293 1143 5368 Mareoticum
1182 5295 1632 5368 commigrabant,
1667 5293 1858 5350 merito

312 5359 926 5419 dicuntur'in'coloniam
967 5367 1128 5419 mitti.
1174 5362 1289 5417 Jatn
1342 5359 1472 5418 vero
1518 5380 1637 5418 cum
1694 5368 1854 5420 iidem

311 5423 646 5506 ’[Ιιειορειιιαι
674 5434 847 5488 locum
881 5436 1026 5490 illum
1060 5451 1158 5504 pro
1188 5434 1357 5504 patria
1389 5434 1692 5498 habuerint,
1715 5447 1862 5490 recte

314 5498 547 5556 dicuntur
584 5506 633 5556 in
667 5506 900 5571 patriam
934 5498 1216 5574 migrasse,
1239 5520 1361 5559 cum
1392 5505 1521 5560 illuc
1541 5508 1861 5574 proﬁcisce-

253 5614 256 5616 .
318 5579 503 5626 rettlut‘.

375 5639 474 5710 (62)
503 5644 911 5716 Φιλοσοφοῦσι
931 5643 1060 5716 τὴν
1089 5643 1334 5714 πάτριον
1366 5647 1750 5716 φιλοσοφίαν.
1782 5648 1860 5702 lla

313 5719 366 5757 ex
403 5715 577 5768 codice
606 5715 768 5785 llegio
798 5715 972 5770 edidit
1004 5715 1139 5772 ιιυι).
1187 5716 1512 5786 Stephanus.
1577 5715 1773 5773 Verum
1807 5719 1858 5772 in

1982 4523 2103 4579 cula
2151 4524 2493 4594 hymnosque
2537 4534 2592 4580 et
2637 4525 2741 4580 alia
2781 4526 3084 4594 hujusmodi
3109 4566 3125 4591 ,
3150 4527 3344 4594 quibus
3369 4525 3548 4594 pietas

1985 4615 2148 4672 simul
2183 4631 2247 4670 ac
2296 4617 2526 4673 scientia
2572 4627 2838 4688 augentur
2883 4627 2938 4672 et
2992 4604 3460 4673 consummantur:
3515 4635 3536 4670 ι

1981 4735 2169 4790 codice
2204 4733 2342 4805 Max.
2368 4749 2431 4788 ac
2468 4734 2608 4789 Med.
2635 4735 2894 4803 scriptum
2936 4735 3115 4789 inveni
3153 4733 3266 4805 τὴν
3313 4725 3542 4804 πάτριον

1978 4804 2327 4875 φιλοσοφοῦσι
2354 4805 2566 4874 σοφίαν.
2603 4807 2654 4858 In
2691 4806 2876 4875 codice
2923 4814 3106 4875 autem
3152 4803 3290 4857 Fnk.
3347 4803 3542 4875 legitur

1974 4873 2073 4947 τὴν
2098 4873 2322 4947 πάτριον
2348 4873 2691 4947 φιλοσοφοῦσι
2715 4874 3049 4947 φιλοσοφίαντ
3076 4873 3230 4947 Quod
3250 4875 3386 4947 _mih_i
3421 4874 3544 4947 qui-

1975 4945 2094 5000 dem
2136 4945 2338 5000 rectius
2364 4948 2594 5000 videtur.
2631 4945 2895 4999 Sic'enim
2933 4945 3086 4999 Philo
3120 4945 3262 5011 loqui
3308 4945 3446 4998 solet
3475 4945 3554 4999 de

1973 5013 2194 5076 Judwis.
2244 5025 2298 5069 ut
2331 5016 2383 5068 in
2416 5016 2506 5068 lib.
2542 5032 2597 5069 ιιι
2626 5016 2699 5068 De
2734 5016 2836 5068 vita
2872 5014 3037 5068 Musis
3065 5057 3079 5078 ,
3118 5014 3284 5067 εἰσέτι
3319 5014 3414 5067 νῦν
3448 5032 3538 5082 φι-

1966 5084 2253 5155 λοσοφοῦσι
2278 5089 2398 5148 ταῖς
2428 5085 2682 5155 ἑϐδόμαις
2725 5086 2965 5138 Ἰουδαῖοι
2995 5086 3093 5155 τὴν
3128 5085 3353 5155 πάτριον
3394 5085 3542 5154 φιλο-

1968 5131 2159 5224 σοφίαν
2181 5173 2195 5185 ⁸
2239 5165 2289 5210 et
2328 5131 2395 5208 in,
2420 5131 2700 5224 Lega‘twiorie
2723 5158 2790 5208 ad
2815 5156 3021 5219 Caium,
3038 5137 3131 5208 καὶ
3160 5131 3540 5224 μάλισνταῖταίς

1965 5226 2246 5348 ξϐδόμῗις,
2273 5228 2360 5278 ὅτε
2390 5225 2623 5298 δημοσίᾳ⁸
2657 5227 2754 5297 τὴν
2803 5225 3029 5298 πάτριον
3059 5225 3402 5279 παιδεύονται
3449 5244 3538 5296 φι-

1984 5313 2125 5348 .οσοφ
2154 5314 2237 5348 αν.

1984 5298 2237 5351 ιοσοφίαν.

2041 5315 2335 5436 ίθῦὶαὗυιε.
2358 5366 2428 5421 ἐν
2444 5368 2756 5433 ὑπονοίαις
2773 5367 3133 5435 δηλούμενα.
3153 5367 3209 5420 1η
3237 5367 3460 5421 Philone
3484 5376 3540 5420 et

1970 5439 2022 5492 in
2047 5439 2233 5492 codice
2261 5438 2582 5508 Maz.LMed.
2606 5447 2661 5492 et
2688 5437 2818 5492 Fuk.
2849 5449 2902 5490 et
2939 5438 3104 5491 Savil.
3133 5437 3325 5508 legitur
3346 5437 3540 5508 δηλου-

1973 5509 2139 5580 μένής
2165 5511 2398 5580 rectius.
2414 5507 2585 5562 Porro
2611 5509 2738 5577 quid
2769 5508 3037 5580 signiticet
3071 5507 3325 5571 ὑπονοίας
3381 5507 3540 5580 voca-

1971 5577 2152 5634 bulum
2182 5618 2197 5640 ,
2248 5577 2433 5648 paucis
2488 5591 2670 5634 notum
2726 5594 2846 5633 esse
2881 5579 3138 5632 arbitror.
3189 5579 3542 5648 Alitiqttiol‘cs

1968 5648 2140 5703 Graeci
2182 5647 2436 5712 ὑπονοίας
2465 5651 2754 5713 vocabant,
2788 5665 2923 5719 quas
2982 5647 3540 5716 recentiores’dl‘tq-

1970 5720 2158 5788 γορίας
2190 5721 2399 5786 dixere,
2433 5735 2554 5775 cum
2591 5718 2818 5775 scilicet
2855 5718 2998 5773 aliud
3028 5719 3244 5781 dicitur,
3275 5719 3421 5773 aliud
3472 5721 3544 5772 iu-
