4054 6456
493 342 592 400 ΠΟ

1179 329 1450 389 unseen
1487 327 1966 386 casammsrs
2002 323 2153 383 OPP.
2189 301 2384 379 pass
2420 302 2460 374 Ι.
2503 354 2570 369 ..
2607 323 3000 382 ms'romca.

3650 316 3753 372 180

469 453 662 510 Paucis
689 453 883 507 deinde
916 449 1250 522 interpositis
1282 451 1397 506 hzcc
1432 449 1744 520 subjungit:
1783 470 1800 501 (
1839 449 2033 504 Totum

2161 448 2294 500 Ἐστι
2321 441 2368 498 δ’
2393 443 2574 510 αὐτοῖς
2607 445 2700 500 καὶ
2725 446 3128 518 συγγράμματα
3156 440 3427 498 παλαιῶνι
3443 436 3687 510 ἀνδρῶν,
3703 440 3756 493 οι

471 562 602 601 vero
630 586 646 609 ,
674 545 890 615 inquit,
925 545 1030 599 diei
1062 544 1291 613 spatium
1332 545 1475 612 quod
1526 545 1595 597 ab
1645 553 1765 597 ortu
1813 543 1943 597 solis
1973 543 2040 596 ad

471 652 758 706 vesperam
809 637 1129 707 inlerjacet.
1179 635 1233 688 in
1293 632 1642 688 meditatione
1685 633 2042 702 philosophia:

477 730 786 786 traducunt.
826 730 993 783 Sacra
1027 729 1168 781 enim
1206 717 1479 782 volumina
1527 725 1841 781 lectitantes
1869 726 2046 796 philo-

475 821 772 889 sophantur
798 835 948 873 more
971 819 1170 887 patrio,
1209 827 1476 888 praecepta
1507 817 1790 886 sapientiae
1816 833 1846 872 a
1878 820 2046 886 majo-

475 912 626 965 ribus
674 909 870 964 tradita
921 908 1208 976 allegorice
1237 908 1574 976 explicando.
1610 905 1817 976 Quippe
1857 908 2046 962 exisu—

477 1011 630 1054 mant
653 1003 817 1054 verba
849 1003 962 1068 ipsa
996 1001 1128 1054 nihil
1171 1000 1318 1053 aliud
1348 1015 1466 1054 esse
1494 1013 1657 1068 quam
1690 998 1956 1069 imagines
1994 1010 2048 1054 et

479 1093 631 1163 signa
665 1107 848 1145 rerum
883 1091 1188 1144 abditarum
1221 1130 1236 1152 ,
1269 1105 1390 1160 quae
1419 1105 1514 1158 per
1546 1088 1839 1157 allegorias
1864 1089 2046 1144 decla-

477 1186 662 1239 randre
704 1184 833 1238 sint.
869 1183 1009 1238 Sunt
1053 1184 1217 1236 etiam
1253 1183 1396 1250 apud
1426 1197 1518 1234 eos
1549 1183 1923 1236 commentarii
1955 1198 2047 1238 ve-

477 1286 651 1330 terum
678 1275 1058 1345 quorumdam,
1089 1274 1179 1344 qui
1216 1283 1378 1328 sectae
1413 1273 1554 1330 illius
1587 1282 1855 1336 auctores,
1885 1289 2046 1343 quam

478 1368 709 1437 plurima
746 1365 826 1420 eis
856 1374 1211 1420 monumenta
1243 1365 1504 1421 doctrina:
1551 1366 1694 1420 illius
1724 1381 1844 1436 qua:
1887 1367 1938 1420 in
1972 1365 2050 1419 al-

479 1461 700 1531 legoriis
726 1461 900 1530 posita
929 1469 1032 1524 est,
1066 1459 1420 1528 reliquerunt.
1449 1459 1655 1526 Quibu's
1677 1460 1764 1514 isti
1795 1471 2048 1529 tanquam

480 1554 885 1624 exemplaribus
919 1561 1132 1606 utentes
1159 1593 1173 1617 ,
1206 1567 1410 1606 morem
1447 1554 1587 1607 hunc
1635 1552 2050 1620 institutumque

483 1644 790 1699 imitantur.
829 1661 846 1693 ι
898 1641 1019 1695 Haec
1049 1651 1200 1695 certe
1248 1641 1316 1693 ab
1340 1655 1405 1693 eo
1436 1641 1656 1695 homine
1689 1642 1940 1695 videntur
1969 1643 2052 1694 di-

483 1748 594 1802 cta,
632 1735 722 1803 qui
760 1744 974 1789 nostros
997 1749 1186 1788 sacras
1230 1733 1440 1787 litteras
1467 1744 1800 1802 exponentes
1833 1735 2052 1788 audive-

483 1828 572 1880 rit.
605 1828 753 1892 Qnos
804 1834 982 1878 autem
1017 1829 1092 1879 ait
1122 1839 1286 1892 penes
1309 1824 1429 1878 illos
1456 1825 1622 1879 fuisse
1654 1834 1891 1880 veterum
1921 1840 2053 1895 quo-

484 1918 730 1972 rumdam
787 1919 1240 1981 commentarios,
1295 1918 1590 1972 verisimile
1638 1928 1720 1972 est
1769 1919 1882 1987 ipsa
1933 1931 2053 1972 esse

484 2013 774 2083 Evangelia
810 2019 864 2066 et
910 2011 1276 2080 apostolorum
1320 2010 1518 2080 scripta
1548 2051 1562 2074 ,
1595 2020 1649 2065 et
1690 2010 2055 2079 expositiones

484 2105 748 2174 quasdam
777 2113 1017 2157 veterum
1053 2105 1440 2174 prophetarum
1475 2121 1489 2156 :
1527 2101 1826 2171 cuiusmodi
1872 2101 2054 2170 plures

487 2208 598 2250 tum
631 2197 682 2250 in
713 2196 831 2251 aliis
858 2194 1005 2250 Pauli
1033 2197 1310 2267 Epistolis,
1349 2206 1457 2249 tum
1493 2196 1544 2248 in
1573 2195 1661 2248 illa
1694 2211 1815 2265 qua:
1843 2195 1907 2249 ad
1947 2195 2053 2252 He-

485 2285 662 2340 braeos
707 2286 907 2356 scripta
942 2296 1022 2342 est
1054 2328 1069 2350 ,
1123 2287 1492 2341 continentur.
1525 2286 1876 2341 Postmodum
1928 2301 2056 2342 vero

485 2375 552 2430 de
605 2375 759 2430 novis
791 2374 1012 2445 pSalmis
1051 2376 1140 2446 qui
1183 2375 1251 2429 ab
1301 2377 1489 2432 iisdem
1535 2387 1952 2446 componuntur,
1983 2377 2054 2431 ita

485 2467 676 2522 scribit
701 2466 860 2523 Philo
895 2481 916 2522 ε
948 2486 968 2520 ι
1011 2469 1122 2533 Ita,
1157 2469 1332 2539 inquit
1358 2513 1372 2536 ,
1403 2485 1506 2523 non
1546 2470 1719 2522 solum
1770 2468 1880 2540 56
1929 2484 2059 2525 con-

489 2559 825 2628 templationi
863 2571 1098 2624 vacant,
1137 2563 1232 2616 sed
1261 2562 1424 2614 etiam
1474 2563 1685 2616 cantica
1722 2561 2058 2632 hymnosque

487 2655 554 2708 ad
579 2654 673 2706 Dei
724 2652 933 2707 laudem
964 2663 1298 2724 componunt
1327 2655 1477 2708 oruni
1516 2663 1814 2709 metrorum
1848 2670 1910 2711 ac
1943 2670 2060 2711 mo-

487 2744 823 2800 dulationum
877 2761 1097 2816 genere.
1152 2746 1298 2812 Quos
1347 2746 1562 2815 quidem
1615 2749 1954 2818 gravioribus
1999 2757 2059 2802 ut

487 2853 585 2906 par
612 2847 714 2903 est,
756 2839 996 2892 numeris
1053 2838 1420 2894 conscribunt.
1455 2857 1474 2890 ι
1513 2837 1674 2893 Multa
1711 2854 1926 2909 quoque
1952 2839 2057 2894 alia

487 2932 555 2984 de
605 2931 791 2986 iisdem
846 2931 899 2984 in
953 2945 1018 2985 eo
1071 2946 1228 3001 quem
1291 2931 1403 2986 dixi
1465 2930 1602 2986 libro
1646 2942 2056 2990 commemorat.

489 3021 596 3076 Sed
628 3024 745 3078 lucc
775 3023 1008 3078 maxime
1037 3023 1314 3094 seligenda
1340 3032 1394 3079 et
1423 3025 1760 3094 excerpenda
1805 3040 1928 3080 esse
1958 3027 2060 3080 du-

2141 541 2238 612 τῆς
2269 535 2534 611 αἱρέσεως
2559 536 2736 593 αὐτῶν
2757 538 3059 610 ἀρχηγέται
3089 536 3199 607 (64)
3228 535 3555 606 γενόμενοι,
3580 530 3760 585 πολλά

2147 633 2384 704 μνημεῖα
2410 632 2509 703 τῆς
2537 633 2594 684 ὲν
2628 633 2739 694 τοῖς
2763 629 3248 702 ἁλληγορουμένοις
3266 629 3425 691 ἰδέας
3453 625 3757 688 ἀπέλιπον,

2149 721 2224 782 οἷς
2256 725 2510 797 καθάπερ
2544 725 2683 778 τισὶν
2717 723 3043 796 ἀρχετύποις
3077 722 3352 795 χρώμενοι
3378 761 3396 786 ,
3447 718 3760 792 μιμοῦνται

2151 817 2245 886 τῆς
2279 817 2650 890 προαιρέσεως
2667 817 2759 870 τὸν
2790 817 3008 888 τρόπον.
3047 836 3064 867 ι
3085 815 3270 869 Ταῦτα
3297 815 3406 887 μὲν
3441 809 3546 868 οὖν
3575 813 3761 866 ἔοικεν

2148 910 2399 983 εἰρῆσθαι
2433 911 2511 982 τῷ
2537 911 2713 984 ἀνδρὶ,
2738 910 2840 975 τὰς
2869 910 3020 982 ἱερὰς
3041 910 3430 982 ἐξηγουμένων
3459 910 3760 980 έπακροα-

2149 1001 2368 1072 σαμένῳ
2396 1002 2636 1072 Γραφάς.
2663 1003 2817 1073 Τάχα
2840 1002 2884 1056 δ’
2911 1003 3058 1066 εἰκὸς
3080 1003 3114 1056 ἆ
3139 1019 3301 1074 φησιν
3325 1000 3596 1072 ἀρχαίων
3623 1000 3758 1070 παρ’

2149 1094 2330 1157 αὐτοῖς
2363 1089 2504 1148 εἶναι
2533 1096 2963 1166 συγγράμματα,
2990 1096 3057 1149 τά
3089 1113 3147 1150 τε
3171 1094 3496 1164 Εύαγγέλια
3529 1092 3632 1146 καὶ
3653 1091 3762 1155 τάς

2147 1185 2256 1238 τῶν
2306 1185 2617 1240 ἀποστόλων
2665 1186 2880 1258 γραφὰς
2919 1186 3284 1259 [τυγχάνειν],
3337 1186 3652 1257 διηγήσεις
3696 1200 3760 1237 τε

2148 1277 2302 1342 τινὰς
2321 1277 2462 1331 κατά
2482 1276 2544 1331 τὸ
2575 1277 2721 1342 εἰκὸς
2745 1275 2854 1331 τῶν
2886 1279 3050 1332 πάλαι
3076 1276 3375 1352 προφητῶν
3413 1278 3763 1350 ἑρμηνευτι-

2151 1370 2269 1434 κάς,
2297 1369 2487 1434 ὁποίας
2515 1370 2549 1440 ἦ
2577 1387 2636 1423 τε
2661 1369 2798 1442 πρὸς
2839 1368 3144 1442 Ἐϐραίους,
3180 1370 3276 1425 καὶ
3315 1369 3489 1424 ἄλλαι
3529 1367 3763 1432 πλείους

2151 1459 2244 1513 τοῦ
2276 1458 2487 1512 Παύλου
2523 1460 2866 1531 περιέχουσιν
2893 1460 3191 1525 ἐπιστολαὶ,
3219 1459 3398 1514 ταῦτα
3421 1454 3599 1512 εἶναι.
3620 1451 3762 1512 Εἶτα

2154 1551 2321 1607 πάλιν
2347 1540 2474 1620 ἑξῆς
2498 1551 2628 1623 περὶ
2660 1550 2754 1604 τοῦ
2777 1551 2931 1617 νέους
2963 1553 3144 1617 αὐτοῖς
3189 1551 3470 1606 ποιεῖσθαι
3496 1550 3760 1622 ψαλμοὺς

2153 1643 2324 1707 οὕτως
2351 1644 2552 1716 γράφει
2573 1661 2586 1674 ·
2623 1662 2641 1695 ι
2673 1643 2822 1697 ’Ὢστ’
2845 1644 2906 1698 ού
2940 1643 3203 1715 θεωροῦσι
3249 1645 3439 1716 μόνον,
3479 1643 3627 1699 ἀλλὰ
3660 1646 3760 1699 καὶ

2155 1734 2397 1788 ποιοῦσιν
2427 1734 2645 1806 ᾄσματα
2681 1735 2773 1788 καὶ
2807 1733 3008 1806 ὕμνους
3049 1737 3128 1799 είς
3166 1735 3255 1789 τὸν
3284 1735 3447 1794 Θεὸν.
3490 1735 3585 1789 διὰ
3617 1753 3759 1789 παν-

2154 1826 2311 1880 τοίων
2385 1826 2596 1898 μέτρων
2665 1824 2759 1879 καὶ
2837 1825 3013 1898 μελῶν
3075 1825 3306 1898 ῥυθμοῖς
3388 1825 3762 1897 σεμνοτέροις

2155 1919 2469 1985 ἀναγκαίως
2511 1919 2892 1988 χαράσσοντες.
2937 1938 2955 1970 ι
2994 1919 3169 1972 Πολλά
3206 1920 3303 1990 μὲν
3340 1914 3441 1973 οὖν
3474 1917 3578 1973 καὶ
3622 1918 3761 1973 ἄλλα

2157 2012 2284 2084 περὶ
2307 2005 2382 2064 ὧν
2405 2013 2433 2065 6
2457 2010 2633 2080 λόγος,
2669 2012 2729 2063 ὲν
2757 2011 2937 2084 ταύτῷ
2965 2011 3236 2079 διέξεισιν,
3280 2013 3473 2066 ἐκεῖνα
3501 2011 3550 2064 δ’
3580 2012 3759 2080 ἀναγ-

2156 2107 2308 2159 καῖον
2341 2103 2512 2176 ἐφάνη
2556 2103 2666 2157 δεῖν
2715 2102 3107 2170 ἀναλέξασθαι,
3157 2103 3222 2157 δι’
3243 2095 3318 2157 ὧν
3345 2102 3421 2155 τά
3457 2117 3757 2174 χαρακτη-

2161 2194 2373 2268 ριστικὰ
2406 2195 2507 2265 τῆς
2554 2194 3009 2266 έκκλησιαστικῆς
3037 2195 3259 2266 ἀγωγῆς
3297 2193 3656 2248 ὑποτίθεται.
3690 2194 3758 2246 Et

2156 2288 2213 2341 δέ
2244 2305 2318 2358 τῳ
2362 2287 2436 2359 μὴ
2473 2286 2620 2340 δοκεῖ
2658 2286 2726 2340 τὰ
2758 2288 3019 2358 εἰρημένα
3057 2286 3162 2342 ίδια
3195 2284 3334 2342 εἶναι
3372 2288 3481 2359 τῆς
3512 2286 3664 2342 κατά
3692 2286 3757 2340 τὸ

2158 2379 2489 2448 Εὐαγγέλιον
2517 2377 2810 2441 πολιτείας,
2841 2378 3097 2431 δύνασθαι
3129 2378 3184 2431 δὲ
3231 2379 3325 2432 καὶ
3355 2377 3549 2441 ἄλλοις
3593 2376 3754 2447 παρὰ

2157 2473 2283 2534 τοὺς
2314 2470 2712 2542 δεδηλωμένους
2737 2471 3049 2542 ἁρμόττειν,
3080 2469 3348 2523 πειθέσθω
3381 2469 3493 2524 κᾶν
3514 2468 3629 2523 ἀπὸ
3643 2468 3754 2522 τῶν

2160 2563 2284 2635 ἑξῆς
2313 2561 2477 2616 αὑτοῦ
2508 2562 2721 2632 φωνῶν,
2758 2565 2815 2616 ὲν
2840 2557 2927 2627 αἷς
2949 2564 3360 2634 ἀναμφήριστον
3383 2563 3433 2616 εί
3465 2562 3754 2632 εὐγνωμοο

2159 2656 2299 2727 νοίη,
2339 2656 2624 2726 κομίσεται
2667 2655 2764 2725 τὴν
2804 2655 2931 2725 περὶ
2960 2653 3112 2707 τοῦδε
3159 2653 3486 2726 μαρτυρίαν.
3539 2651 3751 2723 Γράφει

2160 2749 2270 2822 γὰρ
2296 2743 2416 2802 ὧδε·
2447 2767 2465 2799 ι
2505 2747 2860 2818 Ἐγκράτειαν
2891 2747 2933 2798 δ’
2963 2745 3151 2817 ὥσπερ
3173 2745 3294 2798 τινὰ
3327 2743 3587 2816 θεμέλιον
3612 2759 3751 2814 προ⁴

2161 2839 2620 2909 καταϐαλλόμενοι
2656 2841 2721 2909 τῇ
2762 2837 2930 2908 ψυχῇ.
2960 2837 3060 2900 τὰς
3092 2837 3255 2900 ἄλλας
3291 2834 3752 2906 ὲποικοδομοῦσιν

2162 2931 2379 3002 ἀρετάς.
2410 2929 2585 2983 Σιτίον
2625 2929 2786 3000 γάρῆ
2816 2929 2980 2982 ποτὸν
3017 2928 3190 2992 οὐδεὶς
3229 2927 3294 2980 ἂν
3343 2926 3531 2982 αὐτῶν
3574 2941 3748 2997 προσ-

2162 3023 2447 3092 ενέγκαιτο
2483 3021 2588 3094 πρὸ
2613 3021 2762 3092 ἡλίου
2782 3021 3004 3084 δύσεως,
3045 3021 3165 3073 ἐπεὶ
3197 3019 3258 3072 τὸ
3290 3019 3389 3090 μὲν
3428 3018 3752 3088 φιλοσοφεῖν

487 3115 568 3178 xi,
607 3114 804 3184 quibus
846 3116 1230 3171 ecclesiasticze.
1264 3116 1561 3187 disciplina:
1609 3115 1781 3172 forma
1813 3119 2058 3188 quaadam

2165 3117 2341 3186 φωτὸς
2369 3114 2518 3179 ἄξιον
2549 3113 2827 3185 κρίνουσιν
2855 3111 3012 3175 εἶναι,
3052 3111 3275 3175 σκότους
3301 3111 3356 3164 δὲ
3382 3109 3484 3174 τὰς
3509 3108 3617 3163 τοῦ¹
3644 3107 3751 3160 σώ-

487 3221 543 3260 et
573 3209 748 3277 imago
775 3207 1046 3278 descripta
1080 3219 1183 3263 est.
1215 3208 1368 3274 Quod
1401 3209 1447 3262 si
1479 3209 1601 3277 quis
1629 3223 1692 3264 ea
1726 3226 1848 3280 quae
1875 3227 1902 3263 τι
1933 3210 2058 3265 Phi-

489 3295 612 3353 Ione
643 3301 783 3354 dicta
826 3311 951 3354 sunt
976 3341 991 3364 ,
1026 3300 1349 3372 evangelicae
1374 3299 1674 3370 disciplina:
1715 3317 2058 3372 nequaquam

491 3392 710 3458 propria
741 3405 881 3456 esse,
911 3393 1005 3446 sed
1037 3391 1157 3446 ariis
1186 3392 1348 3446 etiam
1396 3401 1593 3460 prmter
1626 3392 1745 3448 illos
1774 3408 1912 3462 quos
1947 3392 2059 3447 dixi

491 3495 803 3552 competere
850 3500 1007 3553 posse
1055 3485 1376 3548 existimat,
1421 3485 1467 3538 is
1503 3493 1653 3539 certe
1707 3487 2061 3554 sequentibus

492 3571 734 3630 Philonis
759 3577 944 3630 verbis
965 3576 1122 3631 fidem
1147 3576 1422 3641 adhibeat,
1449 3577 1500 3630 in
1523 3578 1739 3646 quibus,
1767 3579 2060 3635 dummodo

493 3685 678 3738 a-quus
722 3685 902 3722 rerum
945 3669 1241 3723 aestimator
1269 3669 1382 3735 sit,
1413 3670 1780 3748 certissimum
1810 3680 1864 3724 et
1904 3682 2059 3726 extra

492 3777 706 3815 onmem
744 3760 1170 3814 controversiam
1227 3761 1458 3830 positum
1495 3761 1640 3815 illius
1689 3763 1765 3816 rei
1820 3763 2061 3820 testimo-

495 3857 642 3908 nium
686 3853 936 3922 reperiet.
971 3851 1061 3907 Sic
1089 3861 1267 3907 autem
1299 3853 1488 3908 scribit
1521 3871 1536 3906 :
1575 3872 1594 3905 ι
1627 3852 1944 3922 Postquam,
1974 3855 2062 3909 in-

495 3967 774 4034 telligitur.
807 3967 970 4021 Docet
1000 3967 1050 4021 id
1080 3965 1405 4022 Plutarchus
1440 3969 1491 4022 in
1523 3969 1660 4024 libro
1687 3969 1962 4035 Quomodo
1991 3972 2065 4026 le-

495 4037 781 4112 gendifiut
815 4047 981 4112 poeta:
1017 4055 1035 4091 .'
1067 4038 1228 4112 ,Ἔχει
1363 4037 1737 4112 ἀναθεώρησιν
1793 4041 2065 4112 ὠφέλιμον

617 4093 1186 4180 τῶνᾼδιαϐεὖλημένωῖι
1249 4109 1482 4179 μάλιστα
1529 4093 1746 4180 μύθων’
1807 4093 1901 4175 οὓς

495 4179 679 4253 πὸιλαι⁸
697 4178 800 4253 μέν⁸
827 4179 1120 4244 ὑπονοίαις,
1157 4178 1508 4253 ἀλληγορίαις
1532 4178 1594 4234 δὲ
1625 4182 1718 4253 νῦν
1751 4181 2068 4253 λεγομέναις

496 4247 980 4319 παραϐιαζόμενοι,
1015 4261 1123 4302 etc.
1159 4249 1235 4302 Ita
1275 4247 1422 4304 certe
1455 4253 1595 4317 apud
1643 4247 1921 4306 Platonem
1976 4269 2067 4306 su-

497 4318 660 4371 mitur
689 4318 914 4371 ὑπόνοια
947 4321 996 4371 in
1023 4319 1116 4373 lib.
1153 4335 1190 4374 ll
1225 4319 1298 4372 De
1341 4320 1626 4388 republica,
1659 4323 1761 4377 sub
1789 4323 1983 4387 linem;
2013 4333 2066 4377 et

497 4388 636 4457 apud
666 4389 942 4441 Philonem
976 4388 1136 4445 infra.

569 4459 680 4524 (64)
714 4457 1146 4529 Συγγτρᾴμματα
1183 4460 1453 4514 παλαιῶν
1473 4459 1726 4528 ἀνδρῶν,
1760 4461 1818 4516 οἳ
1836 4457 1946 4529 τῆς
1983 4465 2072 4516 αἱ-

489 4528 720 4599 ρέσεως
773 4527 1354 4600 αὐτῶκίάρχηγέται.
1412 4531 1527 4586 Jam
1571 4527 1731 4599 Supra
1768 4527 2071 4596 docuimus,

500 4600 743 4654 Philonis
777 4601 1151 4670 'l'herapcutas
1177 4604 1420 4655 diversos
1472 4603 1542 4654 ab
1595 4601 1816 4656 Essenis
1845 4601 2059 4657 'l‘uisse.

499 4670 689 4724 Restat
720 4683 861 4723 mine
891 4679 946 4720 ut
987 4670 1293 4738 probemus,
1320 4687 1415 4725 eos
1447 4687 1550 4726 non
1589 4670 1755 4726 fuisse
1799 4672 2067 4726 Christia-

501 4755 622 4801 nos.
657 4740 833 4793 utsibi
861 4739 1087 4809 aliisque
1139 4744 1406 4809 persuasit
1456 4743 1740 4796 Eusebius.
1785 4741 2064 4797 Undenam

498 4825 630 4881 vero
667 4811 716 4862 id
747 4813 976 4878 probare
1033 4814 1231 4866 certius
1278 4829 1584 4879 possumus,
1638 4829 1798 4881 quam
1845 4828 1909 4865 ex
1968 4815 2068 4866 hoc

498 4880 740 4951 Philonis
776 4883 892 4936 loco
925 4896 1084 4949 quem
1113 4897 1224 4950 prae
1254 4884 1500 4936 manibus
1525 4880 1801 4938 habemus.
1827 4883 1919 4936 Ait
1962 4883 2066 4951 igi-

499 4961 590 5004 tur
625 4949 800 5015 Philo,
829 4952 1082 5005 habuisse
1115 4949 1508 5020 ’Therapeutas
1561 4953 1765 5019 scripta
1823 4949 2063 5007 veterum

496 5022 856 5094 quorumdam
885 5037 997 5094 sua-2
1031 5036 1191 5077 secta:
1228 5033 1513 5076 auctorum
1537 5064 1555 5088 ,
1581 5023 1671 5092 qui
1713 5024 1882 5094 legem
1932 5023 2068 5094 Valle-

495 5090 676 5156 gorice
703 5093 1098 5158 exposuissent.
1128 5095 1406 5160 Quomodo
1465 5090 1695 5148 baccde
1741 5090 2066 5148 Christianis

496 5161 668 5227 accipi
702 5173 958 5228 possunt,
993 5163 1082 5229 qui
1122 5175 1230 5216 tum
1293 5163 1485 5217 novelli
1537 5172 1694 5218 erant
1739 5173 1795 5216 et
1841 5163 2066 5217 nudius-

500 5233 690 5284 tertius
721 5233 864 5303 natij?
885 5232 1142 5298 Quaenam
1171 5249 1298 5300 rogo
1348 5246 1474 5288 sunt
1526 5233 1723 5301 scripta
1761 5234 1847 5288 illa
1879 5250 1894 5298 ;
1945 5234 2068 5303 quic

501 5317 624 5355 nam
659 5302 854 5354 vetusti
881 5313 1130 5358 auctores
1157 5313 1209 5356 et
1231 5304 1507 5372 principes
1541 5304 1682 5357 illius
1719 5315 1877 5359 sectae
1901 5304 1924 5356 τ
1950 5302 2062 5358 Non

498 5381 646 5426 certe
670 5373 1052 5439 prOphetarum
1081 5373 1222 5426 libri.
1263 5373 1371 5427 Hos
1403 5376 1546 5427 enim
1600 5375 1798 5429 diserte
1830 5377 1896 5428 ab
1958 5374 2064 5429 illis

498 5452 717 5511 separat
754 5442 924 5495 Philo.
960 5441 1324 5510 Respondebit
1359 5444 1620 5498 Eusebius
1657 5459 1778 5500 esse
1833 5446 2060 5499 forsitan

497 5511 784 5580 Evangelia
813 5523 869 5566 et
892 5512 1156 5582 Epistolas
1179 5517 1542 5582 apostolorum
1560 5515 1686 5578 ;sed
1716 5517 1826 5569 ha-c
1844 5516 2064 5569 vixdum

497 5585 702 5650 scripta
735 5593 890 5636 erant
917 5581 1161 5638 Philonis
1190 5581 1349 5637 aetate
1375 5600 1388 5635 :
1433 5586 1626 5638 nedum
1665 5597 1720 5637 ut
1747 5586 1975 5653 apostoli
2012 5593 2065 5638 et

497 5654 843 5716 evangelista:
877 5669 974 5721 pro
1005 5656 1233 5706 vetustis
1260 5655 1568 5709 auctoribus
1620 5655 1806 5709 haberi
1869 5657 2066 5708 etiam-

499 5734 610 5773 tum
641 5735 880 5783 nossent.
909 5725 1203 5794 praesertim
1240 5740 1267 5776 a
1298 5725 1540 5785 Philone,
1587 5726 1677 5793 qui
1709 5735 1763 5778 et
1807 5726 2064 5794 apostoli-

502 5807 690 5846 θοι-(ιω
717 5805 1015 5862 temporum
1053 5794 1150 5848 fuit
1182 5797 1423 5856 :equalis.
1458 5805 1511 5848 ct
1560 5810 1678 5850 cum
1711 5795 1871 5850 Petro
1901 5795 2060 5849 faxiti-

2165 3226 2330 3280 ματος
2355 3208 2615 3276 ἀνάγκας,
2648 3206 2768 3260 ὅθεν
2796 3205 2871 3276 τῷ
2895 3207 2991 3276 μὲν
3038 3204 3270 3275 ἡμέραν,
3297 3205 3417 3267 ταῖς
3448 3203 3508 3256 δὲ
3549 3201 3750 3264 νυκτὸς

2164 3299 2336 3374 βραχύ
2366 3318 2417 3353 τι
2456 3301 2618 3370 μέρος
2643 3299 2961 3368 ἀπένειμαν.
3015 3299 3184 3350 Ἔνιοι
3213 3296 3270 3350 δὲ
3308 3297 3402 3349 καὶ
3434 3295 3526 3348 διὰ
3576 3293 3747 3366 τριῶν

2160 3393 2383 3466 ἡμερῶν
2407 3392 2912 3463 ὑπομιμνήσκονται
2942 3389 3170 3462 τροφῆς,
3188 3382 3269 3451 οἷς
3299 3387 3501 3441 πλείων
3525 3389 3554 3440 ὁ
3583 3386 3749 3449 πόθος

2159 3486 2467 3557 ἐπιστήμης
2496 3484 2765 3555 ἐνίδρυται
2784 3523 2799 3546 ,
2845 3483 2986 3545 τινὲς
3017 3482 3060 3534 δ’
3090 3480 3260 3543 οὕτως
3293 3481 3744 3554 ὲνευφραίνονται

2166 3577 2262 3630 καὶ
2286 3575 2561 3648 τρυφῶσιν
2597 3574 2700 3627 ὑπὸ
2745 3575 2935 3643 σοφίας
2976 3573 3293 3644 ἑστιώμενοι
3329 3574 3606 3636 πλουσίως
3653 3572 3746 3624 καὶ

2168 3669 2415 3738 ἀφθόνως
2441 3668 2507 3722 τὰ
2520 3668 2764 3740 δόγματα
2791 3666 3153 3739 χορηγούσης,
3171 3667 3246 3731 ὼς
3274 3667 3366 3720 καὶ⁴
3394 3667 3538 3739 πρὸς
3562 3663 3746 3718 διπλα-

2172 3763 2324 3816 σίονα
2358 3761 2546 3834 χρόνον
2575 3760 2819 3831 ἀντέχειν
2856 3761 2950 3813 καὶ
2995 3759 3154 3830 μόγις
3175 3760 3240 3812 δι’
3270 3759 3328 3826 ἓξ
3361 3759 3590 3832 ἡμερῶν
3612 3757 3742 3810 ἀπο-

2169 3856 2423 3927 γεύεσθαι
2445 3855 2649 3928 τροφῆς
2670 3854 2972 3924 ἀναγκαίας
2997 3851 3295 3915 ἐθισθέντες
3312 3851 3440 3922 (65).
3473 3871 3494 3903 ι
3528 3850 3744 3911 Ταύτας

2171 3974 2378 4027 liariter
2403 3971 2584 4025 Roma:
2613 3979 2861 4025 versatus
2893 3978 2997 4030 est.
3023 3967 3067 4022 si
3094 3967 3324 4022 Eusebio
3341 3966 3637 4020 credimus.
3660 3964 3738 4016 An

2170 4060 2274 4098 non
2311 4059 2375 4098 ex
2406 4044 2488 4095 his
2513 4052 2701 4109 aperte
2743 4040 3032 4105 colligitur,
3069 4037 3348 4109 Philonem
3382 4052 3446 4090 eo
3504 4038 3556 4088 in
3608 4036 3739 4088 libro

2170 4117 2236 4167 de
2263 4107 2586 4184 Christianis
2619 4125 2724 4163 non
2751 4110 2940 4184 loqui?
2983 4111 3119 4164 Sunt
3167 4117 3222 4162 et
3261 4107 3362 4160 alia
3417 4115 3737 4184 argumenta

2169 4199 2233 4235 ex
2265 4184 2461 4252 quibus
2487 4183 2624 4235 idem
2653 4174 3193 4252 probaripotest,_u_t
3243 4193 3364 4230 cum
3407 4174 3548 4252 dicit.
3587 4174 3738 4252 Philo

2171 4247 2535 4318 Tliei-apeutas
2599 4247 2679 4303 his
2724 4247 2930 4303 tantum
2975 4249 3214 4318 quutidie
3265 4262 3458 4315 preces
3523 4247 3732 4318 fecisse,

2170 4314 2382 4395 oriente
2405 4321 2615 4395 scilicet
2640 4319 2766 4395 sole_
2785 4329 2836 4373 et
2859 4314 3170 4374 occidente:
3198 4314 3512 4395 quasi_vero
3577 4314 3734 4395 primi

2177 4392 2468 4446 Christiani
2501 4407 2604 4443 non
2644 4389 2823 4451 tertia.
2852 4401 3000 4443 sexta
3057 4398 3110 4443 et
3167 4403 3308 4442 nona
3362 4389 3515 4449 hora,
3567 4394 3622 4438 ut
3684 4389 3733 4435 in

2179 4463 2401 4516 Actibus
2425 4462 2643 4530 legitur,
2691 4469 2743 4514 et
2773 4459 3124 4530 singulisnon
3165 4457 3268 4512 dici
3323 4459 3496 4530 modo.
3528 4458 3624 4530 _s_ed
3683 4461 3735 4506 ct

2179 4533 2353 4587 noctis
2375 4524 2530 4603 horis
2558 4532 2722 4585 Deum
2753 4524 3208 4603 oraverintaltem
3236 4530 3376 4595 quod
3411 4529 3484 4580 ait
3528 4524 3733 4603 Thera-

2169 4615 2355 4670 peutas
2374 4601 2602 4674 hymnos
2631 4611 2686 4654 et
2716 4600 2924 4674 cantica
2955 4599 3420 4674 variometrorum
3448 4609 3644 4666 genere
3678 4599 3730 4674 in

2169 4669 2432 4727 honorem
2461 4671 2552 4725 Dei
2581 4671 2972 4740 composuisse,
3013 4669 3223 4740 cadere
3259 4683 3364 4721 non
3437 4675 3616 4734 potest
3677 4669 3726 4715 iu

2169 4745 2454 4810 ντίηιτυνοε
2514 4741 2633 4795 illos
2680 4737 3036 4795 Christianos.
3107 4737 3296 4793 Serius
3353 4739 3531 4810 _enim_
3568 4748 3729 4790 novos

2170 4807 2400 4883 hymnos
2448 4822 2742 4867 contexere
2799 4818 3103 4883 cmperunt,
3152 4817 3288 4883 post
3336 4807 3726 4883 Antoninornm

2169 4879 2372 4938 scilicet
2401 4891 2663 4954 tempora,
2710 4896 2830 4934 cum
2879 4881 2993 4954 viri_
3019 4882 3162 4934 docti
3213 4892 3332 4932 sese
3365 4879 3429 4930 ad
3460 4887 3724 4954 _nostram

2169 4954 2484 5022 religionem
2513 4945 2928 5021 applicuissent.
2969 4949 3090 5022 Jam
3154 4963 3281 5002 vero
3335 4948 3474 5015 quod
3542 4945 3728 5022 scribit

2169 5017 2344 5087 Philo,
2403 5017 2770 5091 Therapeutas
2817 5021 3280 5091 perquniversurn
3324 5033 3499 5091 prope
3535 5017 3716 5070 orbem

2169 5095 2390 5166 diﬂ'usos
2418 5088 2615 5166 fuisse,
2629 5092 2728 5166 _sed
2759 5088 3180 5166 potissimnmjn
3216 5088 3447 5166 Egyth
3469 5088 3724 5166 _l‘requen-

2169 5173 2251 5218 tes
2280 5165 2443 5217 fuisse
2465 5205 2480 5228 ,
2513 5173 2568 5216 et
2589 5154 2943 5215 Mareoticum
2982 5154 3370 5229 prz'efecturaui
3410 5154 3588 5211 fuisse
3610 5154 3725 5229 illis

2170 5237 2344 5289 instar
2375 5224 2583 5303 patriae,
2626 5233 2678 5285 in
2720 5246 2879 5300 quam
2907 5224 3337 5303 praestantissimi
3372 5229 3571 5303 quique
3609 5224 3724 5303 illo-

2167 5320 2284 5357 rum
2314 5301 2516 5375 relictis
2552 5303 3015 5375 patriissedibus
3044 5302 3280 5370 migrare
3329 5301 3474 5375 soliti
3520 5302 3724 5375 essent,

2168 5375 2438 5443 quomodo
2461 5374 2528 5427 de
2555 5371 2883 5427 Christianis
2911 5371 3015 5424 diei
3045 5379 3238 5443 potest,
3272 5371 3361 5437 qui
3389 5379 3442 5422 et
3464 5371 3724 5435 paucissia

2168 5442 2236 5497 mi
2265 5456 2389 5498 tunc
2415 5455 2593 5506 erant,
2625 5457 2722 5496 nec
2753 5443 2982 5512 patriam
3024 5443 3123 5495 sibi
3157 5442 3319 5512 ullam
3362 5453 3482 5494 esse
3536 5445 3722 5508 praeter

2165 5517 2438 5569 caelestem
2463 5511 2765 5567 Jerusalem
2790 5511 3202 5566 existimabant?

2237 5584 2346 5655 (65)
2388 5583 2776 5648 Ἐθισθέντες.
2811 5581 2918 5634 Aut
2949 5582 3060 5634 [nec
3105 5596 3203 5655 vox
3239 5578 3458 5655 delenda
3495 5579 3728 5655 eseam.

2167 5643 2467 5721 adjicienda
2498 5664 2646 5714 sunt,
2675 5643 2794 5719 qua:
2822 5660 3118 5721 sequuntur
3145 5653 3195 5702 in
3238 5649 3467 5721 Philone
3492 5643 3722 5721 έθισθὲνς

2165 5712 2254 5788 τες
2275 5725 2460 5796 ῶσπερ
2494 5712 2642 5793 φασι
2674 5712 2735 5775 τὸ
2784 5712 2914 5775 τῶν’
2940 5720 3197 5789 τεττίγων
3246 5718 3398 5787 γένος
3449 5719 3566 5789 ἀέρι
3617 5712 3724 5784 τρέο

2167 5796 2381 5856 cnseat.
