4054 6456
321 295 425 354 {SI

1345 283 1705 342 HlSTORlJE
1741 280 2295 338 ECCLESIASTICIE
2337 280 2465 340 LIB.
2504 279 2568 336 ll.

3466 282 3563 338 l83

321 412 420 468 τοῦ
446 413 677 474 Φίλωνος
707 410 898 478 σαφεῖς
928 408 1020 460 καὶ
1040 407 1465 478 ἀναντιῤῥήτους
1493 404 1747 479 περὶτῶν
1778 404 1896 458 καθ’

2001 405 2140 472 quit,
2179 404 2588 473 temperantiam
2622 411 2874 472 tanquam
2903 402 3308 458 fundamentum
3349 403 3565 473 aliquod

322 505 476 577 ἡμᾶς·
520 502 782 572 ὑπάρχειν
828 497 1105 569 ἡγούμεθα
1158 495 1350 560 λέξεις.
1386 497 1449 548 Ei
1489 495 1532 548 δ’
1563 494 1655 548 ἐπὶ
1692 493 1898 556 τούτοις

319 595 618 664 ἀντιλέγων
655 610 738 656 τις
768 591 848 644 ἔτι
878 589 1248 662 σκληρόνοιτο,
1291 588 1386 642 καὶ
1426 586 1598 652 οὕτως
1628 587 1898 640 ἀπαλλατ-

319 687 502 743 τέσθω
547 685 647 755 τῆς
692 682 1052 744 δυσπιστίας,
1111 678 1534 750 ὲναργεστέραις
1589 676 1898 749 πειθαρχῶν

321 777 686 845 ἀποδείξεσιν,
718 777 782 839 ἃς
808 777 868 827 οὐ
896 774 1047 846 παρά
1072 790 1234 839 τισιν,
1269 772 1301 843 ἢ
1339 772 1476 845 μόνῃ
1513 774 1578 843 τῇ
1623 771 1734 824 τῶν
1767 773 1900 844 Χρι-

326 870 562 926 στιανῶν
589 869 768 941 εὑρεῖν
799 867 972 920 ἔνεστι
1005 864 1145 918 κατά
1177 863 1236 916 τὸ
1258 863 1588 932 Εὑαγγέλιον
1611 862 1895 934 θρησκείᾳ.

315 960 459 1029 Φησὶ
518 959 623 1027 γὰρ
685 962 796 1023 τοῖς
829 959 954 1028 περὶ
983 950 1057 1012 ὧν
1089 957 1117 1008 ὁ
1161 956 1336 1024 λόγος,
1367 955 1462 1009 καὶ
1487 958 1746 1024 γυναῖκας
1775 973 1900 1010 συν-

323 1058 466 1110 εῖναι
519 1048 593 1110 ὧν
639 1054 697 1107 αἱ
740 1051 986 1104 πλεῖσται
1021 1048 1284 1118 γηραλέαι
1325 1049 1650 1117 τυγχάνουσι
1691 1048 1908 1124 παρθέ-ο

322 1164 426 1209 vos,
452 1147 554 1214 τὴν
588 1143 809 1212 ἁγνείαν
831 1141 930 1193 οὐκ
959 1139 1191 1209 ἀνάγκη,
1209 1136 1456 1208 καθάπερ
1483 1138 1620 1191 ἔνιαι
1645 1137 1752 1190 τῶν
1769 1139 1896 1209 παρ’

326 1235 585 1305 Ἕλλησιν
617 1231 846 1304 ἱερειῶν,
881 1229 1181 1299 φυλάξασαι
1210 1228 1428 1299 μᾶλλον,
1463 1228 1898 1298 ἢκαθ’ἐκούσιον

321 1327 576 1397 γνώμην,
609 1325 698 1379 διὰ
749 1325 906 1394 ζῆλον
960 1322 1052 1376 καὶ
1100 1321 1261 1374 πόθον
1312 1321 1499 1391 σοφίας
1637 1322 1897 1393 συμϐιοῦν

324 1419 719 1475 σπουδάσασαι.
755 1416 860 1469 τῶν
894 1413 1021 1484 περὶ
1061 1413 1120 1466 τὸ
1154 1413 1310 1484 σῶμα
1355 1412 1555 1485 ἡδονῶν
1603 1415 1894 1486 ὴλόγησαν,

319 1513 388 1566 οὑ
442 1510 653 1581 θνητῶν
686 1510 954 1578 ἐκγόνων,
1010 1507 1123 1561 ἀλλ’
1157 1506 1437 1561 ἀθανάτων
1484 1506 1810 1580 ὀρεχθεῖσαι,
1863 1506 1899 1561 ἂ

327 1605 469 1674 μόνη
515 1604 721 1656 τίκτειν
764 1604 854 1671 ἀφ’
880 1602 1079 1672 ἑαυτῆς
1121 1602 1215 1654 οἶα
1262 1617 1320 1653 τε
1373 1600 1519 1652 ἐστὶν
1563 1601 1596 1669 ἠ
1649 1599 1898 1672 θεοφιλὴς

321 1691 496 1762 ψυχή.
553 1689 664 1747 Εἶθ’
729 1691 1078 1754 ὑποκαταϐὰς
1111 1687 1581 1761 ἐμφαντικώτερον
1628 1690 1896 1744 ἐκτίθεται

323 1785 423 1838 καὶ
458 1783 643 1836 ταῦτα·
684 1802 701 1834 ι
740 1785 803 1836 ΛΞ
845 1783 888 1835 δ’
917 1782 1202 1854 ἐξηγήσεις
1231 1782 1340 1835 τῶν
1371 1781 1528 1853 ἱερῶν
1555 1783 1896 1854 γραμμάτων

325 1876 569 1943 γίνονται
599 1875 778 1938 αὐτοῖς
799 1875 880 1933 ,δι’
916 1874 1176 1927 ὑπονοιῶν
1210 1875 1266 1927 ἐν
1300 1873 1894 1943 ἀλληγορίαις.”Απασα

327 1965 439 2036 γὰρ
473 1967 504 2035 η
547 1964 838 2036 νομοθεσία
866 1964 1012 2018 δοκεῖ
1040 1968 1152 2029 τοῖς
1181 1965 1404 2036 ἀνδράσι
1430 1964 1638 2028 τούτοις
1667 1965 1896 2019 ἐοικέναι

327 2057 486 2126 Cibo)“
512 2056 605 2109 καὶ
640 2055 796 2126 σῶμα
840 2057 936 2126 μὲν
982 2055 1124 2127 ἔχειν
1151 2057 1248 2120 τὰς
1293 2055 1462 2128 ῥητὰς
1494 2054 1686 2122 λέξεις,
1720 2056 1896 2128 ψυχὴν

325 2146 381 2200 δὲ
422 2148 512 2200 τὸν
551 2147 974 2218 ἐναποκείμενον
1001 2150 1123 2210 ταῖς
1166 2147 1375 2212 λέξεσιν
1409 2147 1636 2218 ἀόρατον
1669 2148 1813 2211 νοῦν,
1839 2148 1897 2202 ὂν

325 2239 530 2310 ἤρξατο
552 2239 914 2309 διαφερόντως
936 2242 967 2310 ἡ
995 2238 1258 2312 Θρησκεία
1283 2238 1420 2311 αὕτη
1444 2239 1685 2312 θεωρεῖν,
1707 2240 1782 2304 ὡς
1811 2240 1896 2295 διὰ

326 2332 635 2403 κατόπτρου
661 2329 768 2384 τῶν
798 2331 1096 2401 ὀνομάτων,
1144 2331 1354 2396 ἐξαίσια
1393 2330 1564 2403 κάλλη
1614 2333 1897 2403 νοημάτων

328 2423 703 2492 ἐμφαινόμενα
746 2421 1057 2475 κατιδοῦσα.
1097 2441 1115 2473 ι
1155 2422 1219 2474 Τί
1251 2422 1332 2476 δεῖ
1368 2421 1574 2486 τούτοις
1626 2421 1897 2491 ἐπιλέγειν

326 2515 426 2577 τὰς
446 2515 538 2567 ἐπὶ
566 2513 757 2567 ταύτὸν
788 2513 1055 2578 συνόδους,
1091 2514 1184 2567 καὶ
1232 2513 1333 2577 τάς
1386 2513 1490 2586 ἰδίᾳ
1527 2513 1626 2584 μὲν
1667 2513 1895 2584 ἀνδρῶν,

330 2604 438 2676 ἰδίᾳ
465 2604 526 2657 δὲ
574 2604 846 2673 γυναικῶν
878 2607 946 2658 ἐν’
966 2605 1148 2676 ταὺτῷ
1204 2605 1507 2678 διατριϐὰς,
1543 2605 1637 2659 καὶ
1699 2605 1796 2669 τὰς
1839 2605 1898 2671 ἐξ

328 2697 482 2760 ἔθους
531 2698 695 2750 εἰσέτι
750 2699 842 2752 καὶ
908 2697 1002 2751 νῦν
1063 2699 1201 2770 πρὸς
1268 2699 1424 2770 ἡμῶν
1480 2697 1898 2770 ἐπιτελουμένας

325 2786 606 2856 ἀσκήσεις,
642 2787 706 2852 ἃς
753 2788 1114 2861 διαφερόντως
1156 2789 1296 2843 κατά
1342 2790 1443 2862 τὴν
1484 2789 1577 2843 τοῦ
1628 2790 1895 2863 σωτηρίου

327 2879 532 2942 πάθους
581 2881 793 2952 ἑορτὴν,
831 2882 888 2934 ἐν
936 2882 1174 2946 ἀσιτίαις
1231 2885 1323 2936 καὶ
1365 2883 1894 2956 διανυκτερεύσεσιν,

329 2977 621 3044 προσοχαῖς
662 2991 720 3026 τε
776 2975 882 3029 τῶν
923 2975 1082 3029 θείων
1111 2976 1285 3044 λόγων
1319 2978 1556 3032 ἐκτελεῖν
1603 2978 1892 3051 εἰώθαμεν.

2003 496 2054 550 in
2092 495 2288 550 animis
2313 495 2424 551 suis
2467 494 2736 564 iecerunt,
2784 491 3020 562 reliquas
3051 485 3307 563 deinceps
3336 496 3566 551 virtutes

2000 595 2406 657 superstruunt.
2440 585 2631 641 Cibum
2659 587 2802 640 enim
2841 595 3134 656 potumque
3163 600 3324 639 nemo
3351 585 3562 640 illorum

2000 692 2128 735 ante
2159 681 2288 736 solis
2325 695 2579 736 occasum
2611 695 2850 750 unquam
2885 678 3199 747 sumpserit.
3227 677 3432 747 Quippe
3455 679 3567 746 phio

2000 774 2258 844 losophiae
2306 775 2542 828 studium
2592 774 2698 828 luci
2745 775 3040 827 convenire
3089 790 3102 826 :
3152 787 3335 826 curam
3382 780 3563 825 autem

1999 867 2243 935 corporis
2292 866 2528 922 tenebris
2570 865 2781 936 dignam
2821 879 2941 922 esse
2995 863 3327 918 existimant.
3379 859 3565 931 Itaque

2001 956 2074 1011 illi
2102 957 2316 1025 quidem
2347 957 2525 1010 studio
2555 966 2721 1012 totqu
2763 956 2908 1011 diem
2937 997 2951 1022 ,
2980 954 3228 1024 corporis
3259 963 3436 1007 autem
3473 965 3566 1007 ne-

2001 1049 2344 1105 cessitatibus
2361 1050 2611 1120 exiguam
2634 1049 2805 1104 noctis
2825 1057 3030 1118 partem
3057 1049 3403 1118 deputarunt.
3421 1045 3571 1100 Non-

1999 1139 2130 1192 nulli
2177 1154 2360 1194 eOrum
2415 1150 2526 1195 toto
2573 1140 2754 1195 triduo
2805 1141 2985 1195 cibum
3033 1153 3226 1209 capere
3269 1139 3571 1204 omittunt,

2001 1230 2128 1284 dum
2159 1233 2454 1286 ardentiori
2495 1233 2732 1287 discendi
2779 1231 3073 1302 cupiditate
3099 1233 3403 1301 rapiuntur.
3434 1229 3576 1298 Qui--

2000 1322 2120 1376 dam
2167 1338 2291 1378 vero
2329 1335 2436 1378 tam
2475 1324 2772 1380 incredibili
2800 1324 3091 1392 voluptate,
3122 1323 3396 1390 tantisque
3421 1321 3573 1376 tlelio‘

1999 1417 2096 1472 ciis
2129 1415 2548 1486 perfunduntur,
2577 1415 2702 1470 dum
2736 1424 3034 1486 pascuntur
3064 1415 3236 1486 epulis
3265 1415 3564 1483 sapientiae,

1998 1523 2118 1577 qua:
2175 1507 2413 1562 salubria
2465 1501 2598 1578 ipsis
2645 1517 2912 1578 praecepta
2960 1520 3217 1576 tanquam
3281 1509 3566 1577 epiparum

1999 1601 2307 1655 convivium
2349 1603 2606 1671 apponit,
2641 1611 2698 1654 ut
2727 1601 2889 1669 duplo
2923 1599 3126 1654 diutius
3164 1599 3357 1654 famem
3387 1598 3569 1668 perfe-

1999 1701 2159 1754 rant,
2208 1708 2271 1746 ac
2319 1693 2403 1745 vix
2439 1703 2592 1746 sexto
2636 1693 2720 1746 die
2765 1707 3128 1748 necessarium
3177 1691 3355 1745 cibum
3395 1689 3568 1760 dego.-

1999 1794 2160 1840 stent.
2201 1804 2217 1837 ι
2258 1784 2381 1839 Haec
2404 1785 2645 1838 Philonis
2674 1785 2840 1838 verba
2865 1785 2934 1838 de
2969 1783 3160 1852 primis
3193 1791 3392 1836 nostra:
3433 1779 3576 1833 reli‘

1999 1878 2172 1947 gionis
2209 1876 2343 1932 viris
2394 1877 2675 1946 perspicue
2723 1886 2776 1930 et
2821 1877 3028 1946 absque
3074 1876 3178 1931 ulla
3231 1875 3595 1930 dubitatione-

1999 1971 2139 2023 dicta
2170 1984 2288 2023 esse
2331 1970 2588 2026 arbitror.
2624 1969 2777 2036 Quod
2825 1970 2869 2023 si
2898 1971 3020 2039 quis
3047 1969 3222 2024 adhuc
3274 1967 3572 2038 pertinaci-
3621 2027 3629 2032 _

2003 2069 2083 2113 ter
2126 2060 2207 2114 his
2236 2059 2494 2130 refragari
2543 2061 2820 2126 voluerit,
2860 2062 2903 2114 is
2931 2059 3397 2114 manifestioribus
3438 2074 3577 2114 con-

2000 2152 2176 2204 victus
2201 2151 2416 2205 indiciis
2447 2191 2460 2213 ,
2491 2165 2609 2217 quat
2645 2165 2748 2203 non
2786 2150 2913 2203 alibi
2943 2165 3105 2219 quam
3139 2149 3191 2202 in
3222 2147 3567 2203 Christiano-

2000 2256 2117 2294 rum
2149 2241 2408 2312 religione
2436 2243 2501 2296 ad
2548 2241 2829 2312 Evangelii
2860 2256 3109 2294 normam
3158 2240 3456 2309 composita
3485 2253 3572 2291 re-

2000 2334 2300 2402 periuntur,
2347 2335 2697 2402 pertinaciam
2729 2349 2880 2387 suam
2941 2333 3153 2386 tandem
3198 2332 3438 2401 abjiciat.
3480 2330 3571 2384 Ait

2001 2426 2165 2497 igitur
2207 2425 2360 2481 Philo
2387 2443 2506 2481 cum
2539 2407 2622 2482 his
2649 2427 2780 2482 viris
2806 2427 2871 2480 de
2922 2427 3118 2495 quibus
3139 2426 3288 2498 ﬁam;
3309 2426 3565 2492 diximus,

2002 2520 2203 2572 versari
2249 2519 2409 2572 etiam
2452 2517 2684 2574 feminas
2721 2519 2978 2588 quasdam
3005 2557 3021 2584 ,
3053 2534 3279 2588 quarum
3325 2520 3569 2589 plurima!

2000 2612 2066 2664 ad
2109 2620 2404 2665 extremam
2446 2627 2617 2680 usque
2658 2620 2992 2666 senectutem
3045 2610 3279 2678 virgines
3322 2620 3566 2666 manent.

2001 2702 2129 2770 Qua:
2179 2702 2392 2772 quidem
2446 2717 2550 2757 non
2599 2713 2800 2757 coacta:
2835 2701 3159 2757 necessitate
3201 2711 3258 2755 ut
3301 2701 3570 2772 pleraeque

2000 2791 2139 2862 apud
2163 2791 2380 2848 Graecos
2407 2794 2718 2849 sacerdotes
2736 2834 2753 2860 ,
2782 2794 2873 2849 sed
2909 2809 3004 2849 sua
3041 2805 3236 2863 sponte
3257 2793 3568 2849 castitatem

2000 2887 2246 2956 corporis
2287 2889 2701 2954 custodierunt,
2751 2888 2945 2943 illectae
2987 2903 3174 2943 amore
3205 2902 3269 2942 ac
3299 2887 3568 2942 desiderio

1997 2977 2310 3046 sapientia);
2359 2979 2411 3034 in
2441 2979 2598 3050 cujus
2631 2980 2915 3049 complexu
2945 2994 3031 3055 ac.
3059 2980 3413 3034 contubernio
3438 2979 3566 3033 dum

331 3065 508 3136 Ἀπερ
551 3066 843 3138 ἐπακριϐὲς
894 3067 986 3120 τὸν
1038 3069 1200 3122 αὑτὸν
1260 3068 1367 3141 (66)
1393 3070 1451 3122 ὃν
1497 3071 1590 3123 καὶ¹
1622 3073 1700 3136 εἰς
1741 3071 1896 3143 δεῦρο

2001 3069 2165 3124 vitam
2197 3086 2411 3126 omnem
2445 3070 2728 3126 traducere
2757 3073 3014 3142 cupiunt,
3043 3086 3298 3143 sprevere
3321 3071 3568 3142 corporis

325 3158 619 3228 τετήρηται
673 3158 818 3229 παρὰ
867 3159 1045 3230 μόνοις
1095 3162 1226 3232 ἡμῖν
1284 3159 1501 3230 τρόπον,
1556 3161 1890 3233 ἐπισημηνά-

329 3266 491 3319 μενος
530 3253 558 3303 ὁ
610 3250 865 3321 δηλωθεὶς
896 3253 1065 3324 ἀνὴρ,
1117 3257 1184 3325 τῇ
1247 3255 1352 3326 ἰδίᾳ
1398 3255 1742 3325 παραδέδωκε
1767 3271 1897 3326 γρα-

329 3344 402 3412 φῇ
452 3359 465 3372 ·
524 3343 617 3396 καὶ
663 3344 894 3417 μάλιστα
947 3344 1046 3408 τὰς
1088 3346 1186 3416 τῆς
1243 3346 1484 3418 μεγάλης
1543 3348 1738 3418 ἑορτῆς
1784 3347 1894 3417 (67)

329 3437 656 3506 παννυχίδας
689 3437 819 3510 (68),
856 3439 949 3491 καὶ
973 3437 1070 3501 τὰς
1104 3440 1161 3491 ἐν
1195 3439 1422 3502 ταύταις
1448 3440 1742 3510 ἀσκήσεις,
1775 3438 1900 3502 τούς

403 3547 511 3623 (66)
550 3547 893 3623 Ἐπακριᾷὲς
925 3548 1258 3623 τὸτί-αρτόν.
1284 3547 1482 3623 _P_aulo
1517 3549 1674 3623 aliter
1722 3549 1894 3623 nostri

333 3616 550 3676 codices
578 3619 736 3675 Maz..
766 3619 902 3671 Med.
927 3630 978 3668 et
1015 3616 1174 3678 Fuk.,
1205 3618 1295 3685 qui
1346 3619 1417 3671 ila
1449 3619 1707 3687 scriptum
1741 3618 1899 3687 exhi-

333 3693 454 3745 bent
483 3710 496 3746 :
522 3689 672 3743 ἂκλὶ
720 3687 1180 3759 ἐπακριϐἑστερον
1221 3689 1383 3751 αὐτὸς
1424 3688 1482 3740 ὃν
1529 3686 1623 3740 καὶ
1676 3689 1755 3750 εἰς
1781 3686 1901 3739 δεῦ-

336 3779 418 3833 ρο,
445 3773 550 3833 etc.

404 3832 517 3902 (67)
549 3827 661 3902 Τῆς
685 3828 955 3902 μεγάλης
984 3828 1194 3897 ἑορτῆς
1213 3826 1608 3902 παθη-ίιέχίδᾳςς
1647 3825 1902 3902 lnlqlligit

334 3897 508 3956 totam
553 3897 699 3952 illam
756 3897 1145 3953 hebdomadem
1208 3916 1328 3966 quae
1383 3897 1669 3952 Paschalcs
1737 3898 1900 3952 ferias

336 3971 607 4042 praecedit,
637 3985 798 4042 quam
820 3968 1112 4042 ΜεγάληνΔ
1142 3968 1442 4042 Ἑϐδομάδα
1492 3967 1662 4020 Grteci
1707 3966 1895 4021 Patres

335 4038 619 4107 appellant.
652 4041 988 4106 Epiphanius
1016 4041 1068 4093 in
1101 4038 1311 4095 hatresi
1335 4038 1710 4107 Nazaraeorum
1743 4046 1896 4090 vocat

338 4106 603 4181 ἑϐδομάδα
633 4109 1027 4181 τῶνΠάσχων,
1063 4119 1120 4181 ut
1149 4120 1204 4163 et
1250 4109 1484 4181 Cyrillus
1545 4107 1597 4181 in
1652 4106 1897 4181 lloniitiis

336 4176 698 4236 Paschalihus.
733 4180 807 4232 Ex
839 4176 944 4249 quo
985 4180 1262 4243 discimus,
1295 4176 1686 4249 hebdomadem
1750 4176 1890 4249 illam

337 4253 388 4306 in
413 4251 778 4305 Alexandrina
815 4247 1053 4304 Ecclesia
1088 4265 1117 4301 a
1177 4248 1416 4303 secunda
1457 4248 1720 4300 duntaxat
1759 4247 1891 4301 feria

335 4323 615 4388 incepisse.
641 4321 729 4374 Ait
763 4329 946 4374 autem
987 4320 1321 4388 Epiphanius
1355 4317 1640 4371 Philonem
1681 4333 1775 4384 per
1801 4333 1892 4370 eos

331 4394 448 4447 dies
472 4392 682 4446 venisse
734 4392 800 4444 ad
859 4391 1191 4443 monasteria
1244 4389 1706 4458 'l‘herapeutaruin
1759 4403 1894 4458 quos

333 4465 444 4531 ipse
489 4461 718 4515 Jesszcos
761 4460 1040 4531 nominat.
1091 4459 1298 4531 Verum
1344 4463 1395 4513 in
1427 4457 1706 4531 lPhilonis_
1756 4457 1895 4531 libro

336 4527 473 4586 nulla
511 4535 569 4586 lit
621 4532 822 4586 mentio
885 4529 1166 4583 Paschalis
1222 4527 1606 4584 solemnitalis.
1660 4527 1900 4580 Meminit

332 4604 545 4672 quidem
578 4600 732 4655 Philo
787 4603 888 4670 τῆς
945 4599 1206 4670 Μεγάλης
1265 4599 1510 4670 Ἑομῆς,
1573 4598 1660 4672 ubi
1710 4597 1901 4672 scribit

336 4669 701 4742 Therapeutas
730 4687 972 4742 seorsum
1001 4669 1202 4724 vixisse
1232 4672 1281 4724 in
1314 4669 1658 4742 monasteriis
1678 4710 1692 4734 ,
1730 4669 1895 4742 septi-

335 4761 418 4797 tuo
447 4738 624 4796 autem
653 4757 871 4810 quoque
905 4741 994 4796 die
1022 4742 1075 4795 in
1123 4757 1286 4793 unum
1320 4740 1616 4810 convenire
1661 4738 1851 4810 solitos
1881 4755 1894 4790 :

332 4825 448 4882 post
479 4814 594 4865 dies
628 4808 757 4866 vero
784 4808 993 4881 septies
1021 4822 1276 4879 septenos
1314 4809 1562 4882 convivia
1596 4808 1896 4882 frugalissi-

333 4879 416 4935 ina
457 4883 762 4936 celebrasse
791 4879 910 4936 cuin
945 4883 1162 4936 choreis
1190 4891 1244 4934 et
1265 4880 1493 4935 canticis
1523 4879 1573 4931 in
1637 4879 1896 4933 honorem

332 4953 426 5007 Dei
459 4953 794 5022 compositis.
826 4952 1038 5022 Quippe
1061 4966 1154 5006 eos
1198 4951 1587 5022 septenariuin
1613 4963 1897 5022 numerum

330 5019 598 5087 coluissei
629 5038 726 5078 nec
754 5019 1677 5089 solum'simplicem'hebdomadem
1716 5019 1767 5072 in
1803 5019 1898 5071 ho—

330 5110 462 5149 nore
489 5095 774 5160 habuisse,
807 5108 993 5147 verum
1047 5093 1212 5146 etiam
1269 5090 1553 5160 repetitam
1598 5104 1660 5143 ac
1704 5103 1897 5160 perrse

334 5159 765 5233 multiplicatam,
801 5165 1002 5234 quippe
1027 5179 1148 5234 qua:
1181 5159 1366 5232 vigilia
1402 5161 1496 5234 sit_
1523 5175 1616 5234 seu
1665 5159 1894 5234 προεδρ-

329 5251 440 5298 τιος
474 5221 678 5304 magnae
711 5221 1724 5304 festiviiatis,'Pentecostesvidelicet:
1773 5221 1896 5284 nec

333 5315 456 5358 sunt
487 5299 730 5360 Philonis
754 5307 934 5368 verba,
967 5320 1087 5373 qua:
1123 5302 1366 5374 profecto
1393 5302 1526 5374 nihil
1547 5299 1757 5374 faciunt
1800 5315 1896 5370 pro

334 5377 585 5431 Eu~ebio.
618 5376 751 5430 Nam
812 5372 1046 5446 primum
1078 5372 1298 5443 quidem
1349 5372 1505 5446 Philo
1544 5373 1897 5426 hebdomadis

335 5449 549 5501 nomine
572 5443 863 5501 Sabbatuin
897 5446 1170 5516 intelligit,
1213 5445 1360 5514 quod
1405 5443 1773 5516 'l‘herapeutai
1804 5457 1897 5516 re-

337 5516 520 5585 ligiose
546 5519 798 5571 colebant
829 5531 895 5569 ex
921 5512 1402 5586 Mosis'przeéepto,
1432 5523 1488 5565 ut
1525 5513 1688 5586 tradit
1717 5512 1892 5586 Philo.

336 5583 403 5639 At
429 5588 528 5642 hoc
555 5587 715 5657 longe
743 5587 1005 5642 abhorret
1050 5604 1078 5640 a
1111 5583 1596 5657 Christianorunu
1627 5584 1754 5657 ritu,
1800 5583 1894 5650 qui

339 5673 441 5709 non
490 5652 750 5721 Sabbata,
794 5659 886 5712 sed
955 5659 1070 5710 dies
1134 5655 1444 5710 Dominicos
1517 5652 1891 5708 celebrabant.

343 5727 537 5800 Deinde
566 5728 826 5799 Μεγάλης
859 5727 1083 5800 Ἐορτῆς
1107 5727 1369 5782 vocabulo
1393 5725 1768 5800 Pentecosteut
1805 5725 1895 5800 dc-

342 5798 539 5864 signari
566 5794 794 5856 ipsemet
822 5794 1070 5866 testatur,
1094 5815 1198 5854 non
1227 5808 1405 5852 autem
1427 5794 1655 5860 Pascha,
1680 5805 1736 5849 ut
1755 5795 1895 5850 atlir—

2002 3159 2324 3230 voluptates,
2371 3175 2473 3215 nec
2521 3161 2792 3230 perituros
2858 3171 3045 3229 partus
3123 3161 3610 3229 concupiverunt,,

2001 3253 2094 3308 sed
2142 3255 2324 3320 potius
2366 3253 2700 3308 immortales
2752 3251 2933 3308 foetus.
2979 3254 3125 3320 Quos
3168 3253 3383 3322 quidem
3419 3252 3569 3306 solus

2016 3345 2227 3398 animus
2251 3347 2432 3399 divino
2456 3342 2904 3399 Numinidicatus
2927 3354 2980 3398 et
3009 3356 3262 3414 acceptus
3293 3360 3362 3399 ex
3390 3345 3580 3413 seipso

2004 3438 2164 3491 edere
2193 3446 2389 3506 petesl.
2435 3434 2539 3506 57
2567 3434 2750 3490 Multis
2794 3436 2989 3491 deinde
3036 3435 3350 3503 interiectis,
3396 3437 3570 3491 diser-

2001 3555 2112 3600 mat
2144 3546 2433 3602 Eusebius.
2467 3546 2672 3602 Omitto
2707 3550 2937 3605 choreas
2967 3560 3021 3602 et
3067 3550 3380 3605 saltationes
3430 3552 3571 3608 The-

2001 3627 2353 3688 rapeutarum
2383 3617 2434 3670 in
2467 3617 2573 3670 illis
2609 3620 2924 3688 pervigiliis,
2955 3635 3073 3688 qna:
3123 3622 3301 3688 potius
3334 3623 3401 3676 ad
3437 3621 3571 3679 Bac-

2002 3686 2310 3758 chanalium
2365 3687 2674 3753 insaniam,
2731 3686 2892 3758 quam
2939 3686 3004 3742 ad
3058 3686 3427 3746 Christianam
3481 3709 3572 3748 so-

2002 3755 2628 3830 brietatetnpertinent;
2661 3755 2784 3830 licet
2814 3759 2967 3812 Philo
2987 3800 3001 3823 ,
3037 3770 3225 3827 utpote
3253 3763 3429 3830 gentis
3459 3777 3571 3817 SIIIB

2002 3826 2338 3895 philosophis
2371 3827 2560 3882 favens
2592 3868 2607 3892 ,
2639 3827 2906 3896 ejusmodi
2953 3826 3189 3882 furorem
3253 3826 3469 3884 sacrum
3505 3847 3570 3886 ac

2003 3896 2242 3949 sobrium
2278 3899 2538 3954 nominet.

2075 3963 2186 4036 (68)
2218 3967 2628 4040 Παννυχίδας.
2666 3967 2832 4040 Paulo
2876 3983 3043 4040 supra
3098 3968 3570 4040 διανυκτερεόσεις

2002 4035 2100 4106 pro
2133 4035 2320 4106 eodem
2355 4037 2491 4089 dixit
2523 4055 2536 4089 :
2564 4040 2672 4091 Καὶ
2709 4038 2806 4102 τὰς
2838 4039 2897 4104 ἐξ
2925 4039 3080 4102 ἕθους
3125 4041 3291 4092 εἰσέτι
3333 4035 3428 4094 καὶ
3475 4035 3571 4096 νῦν

2004 4105 2140 4182 πρὸς
2162 4105 2317 4182 ἡμῶν
2343 4107 2756 4182 ἐτμτελουμένας
2789 4111 3069 4182 ἀσκήσεις,
3103 4109 3169 4182 Et;
3208 4110 3571 4182 διαφερόντως

2001 4176 2149 4251 κατ-ἀ
2187 4176 2284 4246 τὴν
2335 4176 2427 4228 τοῦ
2458 4176 2742 4251 ,σωτηρίου
2773 4176 2976 4244 πάθους
3002 4179 3212 4251 ἑορτὴν,
3239 4176 3569 4251 ἐνίάσιτίαις,

2001 4247 2094 4300 καὶ
2125 4245 2645 4322 διανυκτερε-ύσεσιν,
2683 4254 2974 4322 προσοχαῖς
3015 4245 3074 4302 τε
3118 4245 3228 4322 τῶν
3290 4250 3450 4306 θείων
3493 4253 3572 4305 λό-

2001 4333 2135 4385 γων,
2165 4328 2269 4372 etc.
2303 4319 2404 4392 Qui
2435 4320 2582 4392 locus
2612 4319 2885 4392 inqu-imis
2926 4321 3199 4392 notandus
3228 4332 3332 4392 est,
3381 4333 3571 4392 utpote

2005 4403 2074 4440 ex
2107 4401 2214 4455 quo
2245 4391 2538 4456 antiquitas
2564 4391 2755 4459 jejunii
2797 4389 3073 4445 Paschalis
3121 4389 3571 4450 manifestissime

2003 4459 2326 4512 ostenditur.
2381 4460 2638 4524 Quamvis
2689 4464 2834 4515 enim
2889 4461 3276 4524 concedamus,
3332 4462 3572 4516 Philonis

2007 4528 2185 4580 locum
2214 4544 2278 4581 ex
2307 4529 2444 4583 libro
2474 4529 2550 4581 De
2574 4532 2674 4582 vita
2700 4532 3124 4597 contemplativa,
3179 4531 3247 4585 de
3305 4534 3554 4586 Christiav

2006 4600 2089 4651 nis
2119 4612 2222 4650 non
2248 4613 2370 4653 esse
2405 4600 2831 4668 intelligendum,
2876 4617 2942 4654 ex
2999 4603 3448 4668 interpretatione
3490 4613 3570 4655 ta.-

2004 4683 2125 4721 men
2159 4669 2376 4722 Eusebii
2417 4673 2516 4723 hoc
2562 4671 2862 4739 colligimus
2901 4669 3231 4726 :Eusehium
3270 4689 3374 4726 non
3414 4673 3571 4726 dubi-

2007 4748 2148 4792 tasse
2204 4743 2330 4812 quin
2374 4739 2666 4812 Paschale
2693 4739 2958 4812 ieiunium
3000 4741 3166 4812 Marci
3222 4744 3570 4812 evangelista:

2005 4809 2339 4876 temporibus
2367 4811 2478 4878 jam
2507 4821 2615 4862 tum
2657 4809 2706 4863 in
2734 4811 2978 4865 Ecclesia
3031 4809 3417 4866 celebraretur.
3459 4816 3572 4867 Ute-

2005 4888 2176 4931 terum
2203 4888 2260 4930 ut
2289 4881 2353 4931 ad
2381 4878 2704 4949 παννυχίδας
2728 4895 2819 4933 seu
2846 4881 3112 4949 pervigilia
3143 4880 3418 4937 Paschalis
3447 4882 3566 4938 festi

2003 4951 2308 5022 redeamus,
2339 4957 2403 5022 de
2429 4952 2616 5003 iisdem
2649 4952 2883 5022 loquitur
2913 4950 3172 5022 Eusebius
3199 4967 3318 5022 cap.
3348 4955 3402 5017 9,
3433 4953 3471 5006 l.
3492 4969 3563 5018 Vl,

2003 5019 2090 5094 ubi
2147 5019 2259 5094 agit
2318 5019 3013 5094 de_tuiraculis_Narcissi
3067 5019 3568 5094 Hierosolymorum

2001 5090 2240 5155 episcopi
2271 5105 2284 5152 ;
2315 5102 2364 5142 et
2403 5091 2460 5159 in
2481 5091 2622 5143 libro
2650 5107 2699 5143 tv
2729 5090 2805 5144 De
2837 5094 2941 5144 vita
2983 5090 3332 5159 Constantini,
3380 5109 3431 5148 c.
3471 5093 3565 5159 2‘2,

1999 5159 2098 5228 τὴν
2139 5159 2289 5230 ἱερὰν
2334 5160 2770 5232 διανυκτὲρευσιν
2825 5161 3078 5230 appellat.
3137 5161 3467 5232 Epiphanius
3512 5167 3564 5216 in

1999 5233 2209 5300 epilogo
2235 5234 2415 5299 operis
2438 5231 2514 5286 De
2549 5233 2856 5295 liwrcsibus,
2903 5236 3002 5286 has
3044 5231 3253 5299 vigilias
3295 5234 3446 5288 Varie
3510 5234 3563 5287 in

1999 5299 2239 5355 Ecele’sia
2267 5303 2580 5373 observatas
2601 5319 2723 5356 esse
2747 5312 2994 5357 testatur.
3031 5300 3282 5373 Plerique
3305 5304 3447 5357 enim
3470 5319 3567 5372 per

1999 5387 2092 5444 sex
2136 5373 2254 5426 illos
2279 5373 2392 5428 dies
2424 5375 2509 5442 qui
2544 5372 2746 5428 Pascha
2773 5374 3086 5444 prmcetlunt
3115 5412 3132 5438 ,
3163 5372 3442 5444 pervigilia
3472 5391 3564 5429 ce-

2001 5441 2303 5514 lebrabant.
2338 5441 2649 5514 Aliiquinta
2685 5444 2946 5514 duntaxat
2975 5443 3107 5514 feria
3136 5441 3190 5498 et
3214 5441 3453 5514 Sabbato
3490 5447 3567 5500 vi-

2000 5513 2158 5579 gilias
2185 5515 2438 5584 agebant,
2466 5515 2790 5585 ἀγρυπνίαις
2819 5513 3313 5585 δέδιατελοῦσιτάς
3336 5513 3564 5582 ἐξ,θιε.;

1998 5593 2051 5633 et
2083 5586 2239 5658 paulo
2268 5585 2496 5658 posl._€v
2521 5584 2628 5638 τισι
2653 5586 2708 5639 δὲ
2733 5586 2914 5658 τόποις
2945 5587 3043 5658 τὴν
3079 5586 3217 5658 μετά
3267 5584 3364 5647 τὴν
3427 5587 3568 5658 πέμο

1999 5670 2138 5723 πτην
2167 5656 2550 5730 ἀγρυπνοῦσιν,
2581 5655 3100 5730 ἐπιφῷσκουσανέἰς
3151 5656 3211 5708 τὸ
3256 5655 3568 5730 προσάϐϐα-

1997 5741 2106 5800 τον,
2136 5727 2227 5778 καὶ
2255 5729 2351 5798 τὴν
2374 5730 2641 5800 κυριακὴν
2680 5727 2864 5800 μόνοις.
2907 5730 3007 5794 Qui
3043 5731 3190 5800 iocus
3221 5727 3346 5783 cuiu
3395 5731 3562 5800 puniti-

1997 5795 2081 5850 lus
2116 5801 2208 5865 sit,
2243 5795 2466 5867 italmib'a
2494 5795 2819 5868 supplendas
2854 5800 3088 5858 videtur.
3135 5799 3231 5854 τὴν
3283 5798 3425 5855 μετὰ.
3473 5800 3572 5854 τὴν
