4054 6456
573 392 671 448 185
1263 396 1530 452 EUS-EBII
1570 397 2042 454 CESABIENSlS
2079 395 2225 452 OPP.
2266 391 2447 450 PARS
2485 388 2529 447 Ι.
2570 423 2636 433 —
2671 391 3057 449 HlSTORlCA.
3696 394 3795 449 {8t

567 525 672 566 nus
697 512 872 567 adhuc
897 512 1137 583 loqultur
1161 514 1245 570 his
1275 516 1493 572 verbis:
1552 534 1572 568 ι
1609 517 1980 586 Espositiones
2031 535 2079 571 at

2188 568 2196 588 λ
2226 532 2285 568 τε
2307 511 2565 583 λέγεσθαι
2583 512 2839 577 εἰωθότας
2867 511 3004 584 πρὸς
3028 509 3185 583 ἡμῶν
3213 508 3415 581 ὕμνους
3435 507 3689 581 ἱστορῶν,
3708 508 3798 562 καὶ

564 613 694 669 tem,
717 604 911 673 inquit,
939 620 1215 660 sacrorum
1249 607 1577 664 voluminum
1606 612 1672 663 ab
1708 612 1775 665 iis
1825 610 1959 664 ﬁunt
1992 611 2077 680 ﬁgi

2225 608 2300 672 ὡς
2325 607 2441 671 ἐνὸς
2479 607 2616 677 μετά
2643 604 2847 676 ῥυθμοῦ
2866 604 3108 675 κοσμίως
3126 601 3618 671 ὲπιψάλλοντος,,οἲ
3633 600 3801 655 λοιποὶ

564 703 678 748 rate
707 710 804 763 per
834 695 1135 766 allegorias.
1163 697 1478 754 Universam
1498 702 1639 755 enim
1683 702 1853 772 legem
1894 701 2082 756 simile!

2224 696 2345 750 καθ’
2365 696 2593 767 ἡσυχίαν
2617 692 2975 766 ἀκροώμενοι,
2998 692 3106 747 τῶν
3128 692 3309 762 ὓμνων
3330 693 3400 745 τὰ
3418 690 3803 762 ἀκροτελευτια

560 800 679 840 esse
711 786 1024 842 existimant
1053 789 1317 846 animali-z
1351 801 1404 846 et
1434 791 1595 846 verba
1616 793 1831 862 quidem
1863 795 1975 863 ipsa
2006 809 2082 847 CUI

2224 789 2625 859 συνεξηχοῦσιν,
2651 786 2798 848 ὅπως
2823 802 2881 837 τε
2910 785 3049 838 κατὰ
3066 784 3163 847 τὰς
3193 782 3574 855 δεδηλωμένας
3600 783 3802 856 ἡμέρας

559 879 706 947 poris
730 880 901 933 instar
929 894 1051 935 esse
1070 896 1091 946 ;
1122 881 1394 935 occultum
1441 893 1617 937 autem
1657 898 1875 939 sensum
1902 883 1989 952 qui
2024 900 2082 939 su

2223 883 2316 935 ἐπὶ
2347 879 2606 934 στιϐάδων
2619 877 3030 950 χαμευνοῦντες,
3061 875 3202 929 οἴνου
3234 876 3329 945 μὲν
3356 875 3708 948 τοπαράπαν.
3732 874 3805 939 ὡς

555 969 897 1035 verbislatet,
926 972 1116 1025 animm
1147 973 1383 1042 speciem
1400 977 1683 1042 quamdam
1715 975 1934 1030 habere.
1956 973 2082 1040 Quen

2224 972 2405 1034 αὐτοῖς
2462 972 2701 1042 ῥήμασιν
2734 967 3062 1038 ἀνέγραψεν,
3112 967 3213 1019 οὐκ
3261 965 3654 1035 ἀπογεύονται,
3694 968 3802 1021 ἀλλ’

557 1060 770 1129 quidem
790 1076 1004 1116 sensum
1024 1063 1137 1117 lucc
1151 1074 1296 1117 secta
1316 1066 1550 1119 scrutari
1569 1075 1623 1119 et
1638 1065 1988 1136 contemplari
2014 1069 2082 1135 pri

2224 1062 2343 1116 οὐδὲ
2377 1061 2484 1114 τῶν
2510 1061 2747 1132 ἐναίμων
2765 1060 2930 1123 τινὸς,
2960 1059 3101 1130 ὕδωρ
3120 1057 3177 1110 δὲ
3210 1058 3369 1129 μόνον
3396 1058 3589 1122 αὐτοῖς
3612 1058 3728 1111 ἐστι
3746 1057 3805 1112 τδ

556 1152 718 1205 tuitus
742 1150 993 1215 instituit,
1037 1153 1089 1207 in
1121 1153 1299 1207 verbis
1327 1155 1457 1223 ipsis
1489 1156 1635 1209 velut
1666 1157 1717 1209 in
1747 1155 1966 1224 speculo
1987 1169 2082 1225 quc

2225 1153 2406 1218 ποτὸν,
2432 1155 2524 1209 καὶ
2551 1152 2794 1226 προσόψη
2804 1169 2880 1225 μα
2916 1153 3030 1223 μετ’
3056 1149 3221 1221 ἄρτου
3243 1149 3367 1215 ἀλες
3402 1151 3499 1203 καὶ
3531 1149 3802 1205 ὕσσωπον.

554 1245 720 1310 dum,
768 1242 1141 1299 admirabilem
1212 1246 1607 1300 sententiarum
1664 1245 2082 1313 pulchritudinet

2221 1243 2366 1313 Πρὸς
2383 1244 2590 1309 τούτοις
2622 1244 2819 1318 γράιρει
2842 1244 2932 1296 τὸν
2956 1243 3054 1313 τῆς
3075 1241 3408 1314 προστασίας
3438 1241 3646 1313 τρόπον
3671 1240 3803 1313 (69),

551 1347 834 1393 contuens.
869 1336 1006 1402 Quid
1061 1346 1321 1406 praeterea
1365 1337 1451 1391 hic
1477 1339 1668 1392 attinet
1694 1351 2082 1392 commemorat

2218 1345 2328 1393 τῶν
2364 1335 2461 1397 τὰς
2495 1333 2951 1408 ὲκκλησιαστικάς
3002 1331 3340 1403 λειτουργίας
3386 1331 3806 1402 ἐγκεχειρισμέ-

549 1436 725 1480 cintus
755 1435 811 1480 et
844 1427 1086 1479 virorum
1114 1442 1176 1480 ac
1221 1426 1505 1480 mulierum
1536 1441 1776 1481 seorsum
1809 1426 2082 1496 degentiut

2220 1445 2348 1490 νων,
2402 1427 2677 1491 διακονίας
2722 1443 2781 1479 τε
2826 1425 2919 1479 καὶ
2952 1425 3049 1488 τὰς
3078 1424 3173 1478 ἐπὶ
3200 1426 3366 1477 πᾶσιν
3409 1422 3679 1476 ἀνωτάτω
3709 1424 3804 1495 τῆς

549 1517 724 1570 studia
747 1526 912 1587 atque
956 1516 1401 1580 exercitationes,
1453 1532 1576 1587 quae
1602 1517 1740 1585 apud
1779 1530 1878 1570 nos
1928 1517 2082 1572 etiam

2227 1519 2527 1589 ἐπισκοπῆς
2572 1517 2881 1589 προεδρίας.
2919 1516 3135 1570 Τούτων
3174 1515 3220 1567 δ’
3248 1516 3356 1586 ὅτῳ
3409 1514 3581 1577 πόθος
3631 1513 3803 1569 ἔνεστι

549 1624 675 1661 nutu
706 1608 756 1661 in
788 1625 884 1661 usu
917 1617 1059 1673 sunt,
1096 1610 1366 1679 pracipue
1413 1610 1557 1664 circa
1603 1609 1745 1663 diem
1788 1609 1984 1662 festum
2017 1608 2082 1664 Dc

2222 1607 2323 1675 τῆς
2344 1607 2602 1678 ἀκριϐοῦς
2628 1608 2986 1671 ἐπιστάσεως,
3005 1606 3164 1678 μάθοι
3178 1604 3243 1659 ἀν
3269 1606 3333 1658 ἐκ
3355 1604 3455 1676 τῆς
3470 1603 3803 1676 δηλωθείσης

549 1697 765 1751 minicm
796 1698 1090 1765 passionis,
1117 1714 1223 1766 quo
1266 1707 1508 1767 tempore
1534 1697 1758 1770 jejuniis
1788 1708 1952 1766 atque
1981 1699 2082 1769 vigi

2223 1697 2316 1750 τοῦ
2350 1697 2541 1770 ἀνδρὸς
2568 1699 2829 1770 ἱστορίας.
2866 1700 2992 1753 Ὅτι
3016 1698 3072 1751 δὲ
3104 1700 3231 1761 τοὺς
3260 1696 3515 1769 πρώτους
3550 1699 3800 1770 κήρυκας

545 1786 656 1852 liis,
689 1798 742 1842 et
793 1803 1068 1843 sacrorum
1113 1789 1373 1843 librorum
1411 1790 1633 1845 lectioni
1694 1790 1992 1858 impensius
2023 1806 2082 1845 va

2224 1790 2325 1859 τῆς
2348 1790 2483 1844 κατά
2517 1792 2577 1844 τὸ
2603 1791 2937 1860 Εὐαγγέλιον
2964 1790 3340 1854 διδασκαλίας,
3378 1790 3451 1844 τά
3479 1807 3540 1844 τε
3569 1790 3802 1862 ἀρχῆθεν

544 1892 672 1934 care
699 1886 1103 1934 consuevimus.
1150 1898 1167 1933 ι
1210 1883 1338 1946 Qua-
1373 1882 1553 1935 omnia
1586 1881 1668 1935 vir
1697 1881 1788 1936 ille
1816 1883 1975 1937 toties
2005 1883 2082 1949 jat

2188 1910 2193 1951 ι
2223 1882 2361 1951 πρὸς
2386 1881 2495 1936 τῶν
2523 1883 2835 1938 ἀποστόλων
2869 1883 2962 1955 ἔθη
2997 1882 3407 1955 παραδεδομένα
3422 1882 3753 1938 καταλαϐὼν
3772 1884 3802 1938 ὀ

542 1969 871 2032 nominatus,
905 1970 1095 2024 eodem
1153 1969 1311 2041 plane
1365 1971 1524 2025 modo
1546 1985 1656 2039 quo
1687 1986 1717 2025 a
1776 1970 1934 2026 nobis
1983 1972 2082 2026 soli

2217 1973 2394 2027 Φίλων
2416 1973 2567 2028 ταῦτ’
2593 1975 2821 2049 ἔγραψε,
2855 1975 3015 2029 παντί
3046 1993 3124 2048 τῳ
3150 1974 3329 2046 δῆλον.

540 2063 806 2133 hodieque
824 2063 1205 2128 observantur,
1227 2073 1485 2119 accurate
1506 2073 1714 2132 notata,
1746 2066 1964 2136 scriptis
1995 2066 2108 2122 suis
2144 2069 2392 2134 tradidit,
2423 2069 2662 2138 atquein
2695 2061 2885 2139 p'rimis
2935 2069 3216 2140 pervigilia
3277 2082 3490 2139 magna:
3546 2067 3801 2123 solemni—

540 2157 686 2222 tatis,
718 2158 943 2228 piasque
975 2158 1027 2211 in
1059 2158 1248 2213 iisdem
1301 2161 1752 2227 exercitationes,
1806 2171 1861 2216 et
1911 2162 2138 2231 hymnos
2188 2163 2346 2232 quia
2404 2165 2560 2219 nobis
2611 2165 2826 2220 recitari
2885 2164 3082 2228 solent,
3142 2171 3559 2221 commemorat.
3602 2163 3671 2218 Et
3695 2177 3801 2233 quo

533 2260 716 2320 pacto,
772 2266 894 2304 cum
926 2267 1063 2307 unus
1099 2253 1364 2322 quispiam
1414 2254 1687 2310 modulate
1722 2271 1787 2310 ac
1835 2254 2091 2310 decenter
2127 2257 2387 2327 psalmum
2419 2273 2619 2314 canere
2652 2274 2880 2315 exorsus
2933 2259 3118 2326 fuerit,
3177 2259 3357 2315 caeteri
3410 2273 3536 2314 cum
3590 2257 3799 2315 silentio

534 2345 925 2410 auscultantes,
963 2358 1235 2403 extremas
1279 2350 1541 2404 duntaxat
1574 2352 1899 2423 hymnorum
1934 2363 2120 2422 partes
2167 2353 2328 2409 simul
2355 2354 2669 2409 concinant.
2700 2352 2879 2425 thue
2912 2368 3010 2425 per
3034 2353 3157 2409 illos
3180 2354 3296 2409 dies
3351 2351 3505 2407 humi
3572 2357 3625 2407 ln
3660 2363 3799 2406 stra-

533 2441 729 2496 mentis
761 2445 1106 2511 recnbantes,
1149 2460 1180 2499 a
1227 2446 1349 2501 vino
1372 2447 1719 2516 quidem,,ut
1765 2449 1884 2518 ejus
1924 2451 2103 2507 verbis
2134 2460 2275 2517 utar,
2303 2453 2513 2522 penitus
2545 2451 2886 2519 abstineant,
2941 2466 3114 2521 neque
3167 2463 3362 2505 carnes
3421 2448 3563 2504 ullas
3635 2446 3799 2518 degu-

531 2548 723 2592 stent:
760 2538 871 2592 sola
900 2549 1078 2594 autem
1111 2556 1252 2610 aqua
1299 2544 1367 2597 ad
1411 2553 1595 2612 potum
1634 2554 1878 2613 utantur,
1927 2561 2106 2616 neque
2137 2547 2203 2601 ad
2228 2562 2420 2617 panem
2447 2547 2590 2601 aliud
2653 2547 2947 2617 quidquam
3004 2545 3298 2601 adhibeant
3341 2553 3547 2615 praeter
3587 2540 3668 2598 sai
3710 2549 3793 2594 at-

532 2643 640 2696 que
662 2627 975 2700 hyssopum.
998 2633 1080 2687 Ad
1111 2634 1225 2687 haec
1260 2634 1460 2703 gradus
1504 2644 1692 2706 atque.
1722 2639 2421 2708 ordinemfprtesidentium
2496 2639 2779 2706 describit,
2840 2652 3027 2695 eorum
3089 2636 3346 2691 videlicet
3402 2635 3500 2706 qui
3548 2632 3799 2690 ecclesia-

530 2724 665 2777 stica
702 2726 1188 2783 obeuutmunera:
1226 2739 1336 2783 tum
1370 2730 1678 2785 ministeria
1733 2733 2432 2804 dim-onorum:postremo
2477 2735 2819 2804 episcopatus
2863 2734 3066 2803 apicem
3119 2730 3374 2786 omnibus
3417 2729 3788 2783 antistantem.

530 2820 661 2888 Quae
678 2823 722 2878 si
750 2825 874 2893 quis
899 2824 1206 2880 accuratius
1232 2840 1392 2881 nosse
1414 2826 1710 2894 desiderat,
1737 2842 1804 2882 ex
1832 2830 1949 2899 ipso
2008 2829 2254 2886 Philonis
2317 2831 2456 2885 libro
2490 2830 2701 2886 discere
2747 2829 2970 2900 poterit.
2999 2827 3266 2884 Caeterum
3319 2825 3450 2896 quin
3508 2826 3636 2882 dum
3690 2820 3791 2876 ista

527 2918 796 2972 scriberet
828 2917 1005 2984 Pbilo,
1059 2921 1264 2989 primos
1316 2921 1437 2976 illos
1488 2924 1816 2993 evangelicae
1864 2925 2125 2981 doctrinm
2186 2926 2591 2996 praelicatorcs,
2624 2933 2678 2981 et
2729 2927 2798 2982 ab
2835 2924 3104 2994 apostolis
3135 2924 3371 2994 primum
3421 2920 3681 2977 traditam
3711 2917 3791 2974 di-

528 3013 808 3082 sciplinam
838 3012 893 3069 in
932 3023 1111 3070 mente
1160 3016 1433 3081 habuerit,
1462 3020 1663 3073 nemini
1694 3019 1916 3076 dubium
1944 3036 2067 3079 esse
2105 3022 2360 3077 arbitror.

1017 3109 1127 3180 ξε
1146 3108 1376 3166 CAPUT
1415 3110 1605 3171 xvut.

2725 3113 3122 3170 ΚΕΦΑΛΑῘΟΝ
3148 3114 3259 3168 lH'.

742 3199 848 3266 Qui
880 3199 1120 3255 Philonis
1160 3201 1282 3255 libri
1314 3204 1385 3257 ad
1419 3220 1513 3259 nos
1552 3206 1897 3275 pervenerint.

2247 3210 2403 3264 Ὅσα
2455 3208 2560 3263 τοῦ
2615 3208 2882 3273 Φίλωνος
2936 3207 3050 3275 sic;
3072 3203 3231 3275 ἡμᾶς
3278 3200 3567 3275 περιῆλθε
3607 3216 3757 3271 συν

2489 3278 2797 3349 γράμματα
2826 3278 2972 3347 (ΜΟ.
3003 3273 3077 3330 Η.
3113 3274 3181 3328 Ε.
3210 3291 3272 3340 ιι,
3302 3275 3389 3339 Π,
3426 3274 3537 3343 18).

599 3378 697 3434 llic
718 3393 881 3448 porro
908 3380 990 3434 vir
1022 3381 1073 3434 in
1118 3382 1348 3437 dicendo
1393 3384 1668 3453 copiosus,
1723 3386 1776 3440 in
1812 3389 2082 3443 sententii:

2278 3390 2450 3455 Πολύς
2500 3407 2564 3458 γε
2611 3388 2717 3461 μὴν
2759 3387 2838 3460 τῷ
2895 3388 3058 3458 λόγῳ,
3105 3385 3200 3441 καὶ
3253 3384 3458 3449 πλατὺς
3507 3386 3628 3448 ταῖς
3672 3382 3782 3436 δια-

525 3470 787 3540 locuples,
833 3472 885 3525 in
917 3472 1113 3527 divina:
1136 3472 1437 3544 Scriptura:
1468 3476 1823 3547 intelligentia
1855 3481 2082 3537 sublimi:

2207 3485 2376 3549 νοίαις
2412 3482 2543 3557 (70),
2581 3481 2781 3555 ὑψηλός
2816 3498 2875 3535 τε
2914 3480 3008 3535 καὶ
3049 3479 3321 3551 μετέωρος
3353 3479 3409 3530 ἐν
3433 3480 3557 3542 ταῖς
3580 3478 3659 3541 είς
3683 3475 3780 3540 τάς

532 3573 696 3632 atque
739 3564 1026 3634 excelsus,
1081 3568 1288 3621 variam
1333 3581 1396 3622 ac
1429 3568 1778 3641 multiplicem
1821 3589 2082 3629 sacroruu

2206 3574 2359 3639 θείας
2407 3572 2631 3646 Γραφάς
2675 3572 2930 3643 θεωρίαις
2964 3570 3348 3641 γεγενημένος,
3387 3567 3641 3640 ποικίλην
3687 3567 3778 3622 καὶ

527 3653 862 3709 voluminum
898 3656 1297 3726 expositionem
1331 3662 1523 3716 edidit.
1567 3663 1646 3717 Ac
1674 3663 1853 3734 primo
1877 3666 2078 3735 quiden

2205 3665 2537 3737 πολύτροπον
2577 3664 2689 3719 τῶν
2726 3663 2882 3736 ἱερῶν
2915 3662 3083 3733 λόγων
3113 3662 3403 3733 πεποίηται
3436 3659 3536 3732 τὴν
3571 3661 3777 3733 ὑφήγη-

516 3751 740 3821 scripsit
760 3754 814 3805 in
832 3752 1078 3819 Genesin,
1101 3764 1297 3811 cuncta
1321 3772 1441 3828 qua:
1455 3757 1561 3814 illic
1578 3774 2082 3827 commemorantur1

2202 3775 2309 3812 σιν·
2338 3758 2494 3811 τοῦτο
2521 3758 2621 3830 μὲν
2653 3756 2829 3829 εἱρμῷ
2854 3756 2947 3809 καὶ
2965 3753 3273 3826 ἀκολουθίᾳ,
3306 3752 3403 3824 τὴν
3421 3752 3533 3807 τῶν
3556 3755 3646 3819 εις
3666 3750 3776 3821 τὴν

522 3842 713 3898 ordine
728 3844 1023 3914 explanans
1054 3861 1225 3915 :quos
1252 3846 1420 3903 libros
1443 3864 1719 3903 sacrarum
1754 3851 1925 3922 legum
1951 3853 2082 3908 Αιιε.

2197 3849 2454 3905 Γένεσιν
2473 3846 2753 3915 διεξελθὼν
2772 3844 3193 3915 πραγματείαν,
3213 3844 3269 3896 ὲν
3285 3837 3364 3907 οἷς
3380 3842 3658 3916 ἐπέγραψε
3678 3841 3775 3897 νό-

522 3933 727 3999 goriam
769 3932 1064 4004 inscripsit.
1101 3934 1298 3992 Deinde
1316 3952 1445 3992 vero
1467 3941 1638 4008 capita
1665 3943 1908 4010 quredam
1924 3958 2082 3999 sacra

2191 3957 2323 4009 μων
2348 3934 2519 4007 ιερῶν
2537 3932 2968 4006 Ἀλληγορίαις,
2984 3932 3142 3987 τοῦτο
3174 3932 3253 3997 δὲ,
3282 3932 3422 3985 κατά
3459 3934 3626 4006 μέρος
3662 3933 3774 3986 δια-

522 4020 821 4092 Scriptura:
851 4040 975 4094 qua:
1028 4028 1397 4085 dillicultatem
1430 4031 1633 4087 habere
1661 4034 1938 4101 videntur,
1973 4036 2082 4091 sin-

2197 4028 2386 4091 στολάς
2428 4028 2738 4099 κεφαλαίων
2797 4026 2905 4083 τῶν
2956 4026 3015 4080 ἐν
3051 4027 3170 4090 ταῖς
3225 4024 3469 4096 Γραφαῖς
3509 4024 3771 4096 ζητουμέ-

520 4116 750 4185 gillatim
776 4121 1048 4187 exposuit,
1096 4122 1431 4190 ohjectiones
1462 4138 1762 4196 earumque
1793 4128 2082 4184 solutiones

2191 4138 2319 4185 νων,
2387 4121 2702 4184 ἐπιστάσεις
2751 4136 2811 4173 τε
2857 4118 2952 4172 καὶ
2997 4116 3271 4181 διαλύσεις
3333 4116 3654 4189 ποιούμενος
3714 4117 3771 4168 ἐν

518 4220 813 4275 apponens.
845 4209 990 4274 Quos
1029 4212 1286 4267 similiter
1315 4214 1480 4268 libros
1507 4213 1870 4280 Quaestionum
1895 4235 1957 4270 ac
1983 4216 2086 4272 So-

516 4296 777 4351 lutionam
813 4300 867 4352 in
896 4297 1117 4353 Genesin
1139 4311 1187 4354 et
1209 4307 1262 4356 in
1284 4302 1528 4358 Exedunt
1559 4304 1714 4360 titulo
1746 4309 2082 4374 praenotavit.

520 4386 661 4441 Sunt
693 4398 956 4458 prmterea
978 4392 1044 4442 ab
1076 4391 1263 4446 eodem
1297 4407 1539 4446 seorsum
1563 4396 1856 4463 conscripti
1895 4396 1962 4450 de
1994 4396 2083 4451 di-

2188 4208 2267 4278 οἷς
2305 4214 2400 4267 καὶ
2466 4212 2648 4275 αὐτοῖς
2705 4209 3052 4282 καταλλήλως
3097 4207 3227 4276 τῶν,
3252 4208 3322 4262 ὲν
3369 4211 3616 4264 Γενέσει
3675 4206 3768 4262 xal

2187 4304 2306 4360 τῶν
2344 4305 2414 4358 ἐν
2468 4300 2763 4371 Ἐξαγωγῆ
2814 4298 3157 4369 ζητημάτων
3210 4316 3274 4354 τε
3302 4299 3401 4354 καὶ
3435 4301 3675 4355 λύσεων
3691 4313 3769 4352 τε·

2194 4396 2369 4451 θειται
2415 4396 2515 4468 τὴν
2555 4393 2887 4465 ἐπιγραφήν.
2913 4393 3069 4445 Ἔστι
3107 4391 3154 4445 δ’
3186 4391 3332 4462 αὐτῷ
3383 4392 3537 4465 παρά
3576 4391 3763 4454 ταῦτα,

515 4479 689 4534 versis
708 4484 1042 4549 argumentis
1070 4492 1332 4540 tractatus
1363 4502 1378 4538 :
1425 4485 1574 4540 verbi
1604 4488 1799 4555 gratia,
1836 4487 1911 4541 De
1941 4491 2082 4557 agri—

2195 4489 2591 4561 προϐλημάτων
2619 4485 2779 4539 τινῶν
2802 4485 2946 4548 ἰδίως
2972 4484 3319 4554 πεπονημένα
3360 4485 3759 4557 σπουδάσματα.

512 4571 721 4627 cultura
749 4572 870 4627 libri
901 4579 1030 4639 duo,
1068 4576 1416 4645 totidemque,
1444 4577 1518 4631 De
1548 4580 1872 4648 temulentia,
1900 4589 1954 4634 et
1978 4580 2085 4634 alia

512 4661 741 4731 plurima
798 4665 1057 4733 opuscula
1115 4668 1281 4722 variis
1327 4684 1425 4738 pro
1470 4669 1735 4740 cujusque
1764 4681 2086 4739 argumento

516 4754 689 4809 titulis
717 4756 991 4825 insignita.
1022 4756 1169 4812 Inter
1201 4775 1321 4828 quae
1355 4772 1437 4815 est
1461 4761 1592 4815 illud
1630 4762 1707 4815 De
1752 4763 1905 4816 rebus
1951 4780 2081 4834 quas

514 4861 657 4899 mens
680 4848 859 4900 sobria
893 4859 1037 4918 optat
1069 4861 1115 4904 el
1145 4867 1274 4920 quas
1319 4864 1645 4909 exsecratur.
1685 4854 1814 4910 ltetn
1848 4855 1921 4908 De
1956 4871 2080 4910 con-

507 5036 765 5112 πέμπτην
792 5040 1160 5112 ἀγρυπνοῦσιν
1192 5042 1608 5112 ὲπιφώσκουσαν
1634 5023 1720 5112 είς
1746 5040 1808 5093 τὸ
1840 5038 2081 5112 προσάϐ-

508 5106 695 5183 ϐατον,
720 5106 814 5163 καὶ
977 5112 1116 5182 μετά
1150 5112 1212 5166 τὸ
1243 5106 1509 5167 σάϐϐατον
1541 5106 1959 5183 ὲπιφώσκουσαν
2002 5113 2085 5171 είς

504 5178 605 5248 τὴν
628 5178 907 5251 κυριακὴν
931 5178 1120 5253 μόνας.
1152 5184 1230 5236 Ac
1259 5183 1486 5238 fortasse
1512 5178 1677 5237 etiam
1702 5182 1853 5251 plura
1890 5183 2084 5236 desunt

506 5246 562 5301 in
593 5246 685 5301 illo
717 5250 1000 5307 EDiDhanii
1034 5253 1177 5307 loco.
1213 5252 1349 5307 Nam
1386 5262 1441 5307 et
1471 5263 1627 5307 nocte
1679 5252 1767 5306 illa
1818 5267 1937 5307 (tute
1975 5251 2081 5307 Pa-

506 5262 562 5301 tn
593 5262 685 5301 IllO
717 5262 1000 5319 Epiphtlllll
1034 5262 1177 5307 loco.
1213 5262 1349 5307 Nam
1386 5262 1441 5308 et
1471 5263 1627 5307 noete
1680 5262 1767 5306 illa
1818 5267 1937 5320 qua?
1975 5262 2081 5307 Pa-

505 5323 1070 5392 rascevenrsequitur
1095 5363 1109 5387 ,
1140 5322 1436 5377 Christiani
1480 5322 1796 5392 vigilabant,
1831 5333 1889 5377 ut
1924 5324 2083 5392 docet

505 5388 739 5462 (iyrillus
768 5388 1290 5462 Hierosolymitanus
1322 5394 1374 5446 in
1416 5388 1689 5462 cateéhesi
1742 5394 1830 5459 18,
1880 5391 1969 5446 διὰ
2023 5391 2081 5445 δὲ

502 5457 594 5544 ξδν
633 5459 876 5542 κάματον
905 5461 995 5513 τὸν
1016 5457 1416 5544 προγενόμενον
1459 5463 1586 5534 ὑμῖν
1615 5461 1753 5544 ἔκρε
1784 5457 2081 5544 τῆςὺπερ-

505 5526 721 5592 θέσεως
756 5531 857 5602 τῆς
911 5526 1161 5603 νηστείας
1216 5526 1316 5604 τῆς
1385 5526 1759 5605 παρασκευῆς,
1820 5526 1916 5587 θεαὶ
1984 5526 2084 5604 τῆς

503 5597 833 5668 ἀγρυπνίας.

505 5639 690 5750 Τ
864 5671 986 5750 τῆς-
1001 5674 1412 5750 ..προστασίας-
1424 5674 1681 5750 τρόπον.
1724 5673 2081 5750 [’resbyteros

502 5738 775 5813 intelligit,
808 5743 876 5798 de
898 5738 1094 5813 quibus
1122 5744 1272 5799 Philo
1301 5738 1531 5813 in'dic'to
1555 5745 1694 5799 libro
1721 5744 1796 5799 De
1822 5738 1925 5798 vita
1953 5761 2080 5799 con-

502 5810 824 5883 templatim,
856 5810 977 5883 pag.
1013 5814 1118 5869 899
1144 5815 1404 5871 editionis
1430 5812 1773 5870 Parisiensis.

576 5878 691 5949 (70)
719 5878 960 5949 Πλατὺξ·
987 5885 1112 5950 ταῖς
1139 5884 1447 5953 διανοίαις.
1478 5884 1704 5942 Rulinus
1753 5886 1946 5954 legisse
1999 5885 2077 5941 vi-

2193 4577 2296 4635 Οἷά
2328 4583 2444 4633 ἐστι
2463 4580 2531 4632 τὰ
2565 4577 2703 4649 Περὶ
2733 4577 3013 4646 γεωργίας
3046 4574 3172 4638 δύο,
3195 4578 3289 4631 καί
3309 4575 3380 4629 τὰ
3407 4577 3549 4645 Περὶ
3579 4576 3763 4647 μέθης

2184 4670 2444 4734 τοσαῦτα,
2472 4667 2568 4722 καὶ
2600 4666 2734 4722 ἄλλα
2753 4666 2889 4719 ἄττα
2916 4664 3171 4736 διαφόρου
3193 4664 3286 4717 καὶ
3317 4663 3519 4728 οἰκείας
3538 4665 3762 4732 ἐπιγρα-

2185 4764 2289 4835 φῆς
2336 4761 2636 4833 ἠξιωμένα.
2674 4754 2799 4821 Οἷος
2832 4756 2972 4826 Περὶ
2999 4750 3087 4811 ὧν
3106 4755 3313 4824 νήψας
3346 4759 3379 4810 ό
3419 4756 3565 4823 νοῦς
3592 4756 3757 4824 εὔχε-

2184 4871 2277 4908 ται
2296 4853 2517 4925 (7l)xal
2542 4847 2883 4919 καταρᾶται,
2906 4848 2999 4900 καὶ
3017 4847 3045 4900 ό
3075 4844 3215 4914 Περὶ
3240 4843 3443 4916 φυγῆς
3470 4845 3569 4901 καὶ
3597 4842 3757 4914 εὑρέ-

2186 5038 2344 5091 dctur
2396 5034 2583 5106 βαθύς,
2607 5035 2772 5088 vertit
2801 5035 2943 5088 enim
2971 5035 3025 5087 in
3049 5033 3773 5106 sensibusiprofundissimus.

2195 5104 2537 5170 Nicephorius
2598 5116 2778 5159 tamen
2846 5114 2903 5175 et
2958 5106 3144 5173 scripti
3216 5105 3431 5175 codices
3486 5104 3752 5175 vulgatam

2192 5177 2475 5232 lectionem
2506 5184 2742 5229 tuentur.
2774 5174 2939 5229 Paulo
2981 5184 3101 5243 post
3124 5174 3296 5229 nostri
3347 5175 3566 5229 codices
3596 5174 3749 5235 Man,

2190 5247 2332 5300 Med.
2369 5262 2431 5298 ac
2457 5243 2590 5299 Fuk.
2614 5260 2807 5315 vocem
2847 5246 3177 5300 interseruut
3208 5245 3310 5299 hoc
3349 5245 3527 5311 modo,
3556 5243 3751 5315 ὑψηλός

2187 5334 2245 5369 τε
2264 5317 2345 5369 ῗῧν
2370 5316 2466 5369 καὶ
2499 5314 2787 5387 μετέωρος.

2260 5387 2372 5460 (71)
2399 5378 2655 5460 Περὶ-ὧν
2677 5378 2882 5454 νήψας
2911 5388 2945 5440 ὀ
2961 5383 3109 5460 νοῦς
3136 5383 3528 5460 εὔχεταιιηηίο
3577 5382 3751 5460 Phi_lo-

2187 5452 2275 5513 nis
2296 5452 2434 5511 liber
2457 5452 2619 5511 hodie
2642 5452 2977 5527 nonfex’stat.
3010 5454 3145 5509 Nam
3198 5452 3622 5527 q'ttodNicolaus
3652 5452 3748 5508 Fa-

2191 5533 2285 5584 her
2317 5529 2382 5581 ad
2415 5541 2568 5581 oram
2592 5525 2794 5581 codicis
2819 5527 2901 5580 sui
2932 5525 3307 5585 adnotaverat,
3336 5526 3474 5580 forte
3508 5525 3747 5579 scribet].

2190 5602 2314 5652 dum
2342 5612 2460 5652 esse
2482 5595 2621 5664 Περὶ
2647 5596 2756 5651 τοῦ
2778 5594 3075 5664 Ἐξένηψε
3090 5598 3235 5666 Nais,
3253 5596 3307 5651 id
3328 5596 3575 5666 equidem
3626 5607 3747 5663 pru-

2186 5669 2251 5724 ba
2264 5684 2319 5723 re
2343 5683 2446 5722 non
2476 5680 2719 5737 possum,
2749 5667 2880 5721 licet
2909 5669 2960 5718 in
2987 5683 3051 5721 eo
3076 5668 3210 5720 libro
3238 5675 3363 5737 agat
3394 5665 3544 5720 Philo
3569 5666 3634 5737 de
3656 5678 3743 5737 vo-

2188 5741 2257 5792 tis
2285 5750 2339 5791 et
2363 5734 3053 5806 imprecationibus._Apuil
3083 5734 3303 5792 Suidam
3341 5736 3475 5789 liber
3500 5737 3588 5789 hic
3620 5734 3741 5788 l’hi-

2187 5800 2667 5883 lonis__inscrihitur
2703 5807 2841 5876 Περὶ
2989 5805 3348 5883 nasturci/ig
3394 5823 3483 5872 τις
3512 5806 3742 5883 adgestu

2184 5876 2291 5949 εἷς.
2335 5879 2668 5949 Sopbrouius
2700 5872 2822 5934 vero
2845 5882 2922 5934 sic
2952 5876 3278 5946 habetzllepl
3301 5872 3389 5933 ὧν
3424 5872 3737 5934 κατανοτῆ
