4054 6456
261 316 364 370 185

1293 299 1639 360 HISTORIA}
1679 296 2240 355 ECCLESIASTICA‘Z
2284 295 2412 353 LlB.
2455 295 2520 352 ll.

3412 286 3515 342 186

257 448 408 497 (rem;
433 428 680 499 (72),:tal.
694 428 722 481 ὁ
740 425 878 495 Περὶ
895 426 1005 495 τῆς
1025 425 1173 495 πρὸς
1197 422 1268 478 τὰ
1304 422 1671 493 παιδεύματα
1707 435 1828 473 συν

1949 417 2156 486 fusione
2210 417 2532 487 linguarum.
2594 413 2689 468 Est
2735 421 2788 467 et
2825 411 2963 468 alius
2995 411 3069 466 De
3103 411 3228 481 fuga
3259 420 3305 464 et
3333 409 3514 464 inven-

253 524 423 577 ὀΰου.
444 520 588 592 Περξ
609 537 667 573 τε
693 518 810 586 τοῦ,
829 520 963 584 τίςό
977 518 1095 571 τῶν
1109 518 1281 572 θείων
1297 515 1428 571 ἐστὶ
1445 515 1838 584 κληρονόμος,

253 611 450 682 ἢΠερὶ
482 610 598 678 τῆς
624 612 711 676 εὶς
741 607 811 662 τὰ
838 609 943 662 lca
972 607 1070 661 καὶ
1094 607 1338 660 ἐναντία
1359 603 1564 674 τομῆς,
1588 605 1682 658 καὶ
1709 602 1788 656 ἔτι
1813 602 1842 654 ὀ

253 702 392 770 Περὶ
424 701 554 754 τῶν
573 699 745 768 τριῶν
766 698 1012 767 ἀρετῶν,
1039 698 1111 765 ἃς
1139 698 1262 752 σὺν
1293 697 1510 762 ἄλλαις
1541 696 1843 766 ἀνέγραψε

250 793 483 861 Μωσῆς
494 835 508 847 .
556 795 598 846 Π
608 793 698 864 ρὸς
711 793 940 856 τούτοις,
954 794 981 845 ὁ
993 791 1130 860 Περὶ
1143 789 1260 844 τῶν
1265 807 1480 860 μετονο
1480 788 1840 859 μαζομένων,

252 889 347 942 καὶ
366 883 460 941 ὧν
479 888 665 942 ἕνεκα
680 886 1196 958 μετονομὰζονται,
1224 887 1280 937 ὲν
1374 901 1504 954 φησι
1531 883 1844 954 συντεταχέ-

254 998 338 1032 vat
357 980 455 1032 καὶ
476 980 611 1051 περὶ
628 979 912 1050 Διαθηκῶν
931 979 1150 1051 πρώτης
1162 980 1252 1032 καὶ
1266 961 1521 1049 δευτέρές
1534 975 1666 1048 (75).
1687 977 1842 1029 Ἔστι

253 1075 297 1127 δ’
316 1073 490 1126 αὑτοῦ
511 1074 608 1128 καὶ
621 1072 759 1141 Περὶ
776 1074 1072 1139 ἀποικίας,
1093 1074 1186 1126 καὶ
1200 1073 1342 1126 Βίου
1359 1071 1552 1141 σοφοῦ
1568 1071 1672 1124 τοῦ
1695 1071 1844 1124 κατὰ

251 1167 657 1232 δικαιοσύνην
671 1164 1102 1230 τελειωθέντος,
1124 1165 1156 1236 ἢ
1176 1164 1310 1232 Περὶ
1329 1164 1527 1232 νόμων
1541 1162 1841 1232 ἀγράφων.

251 1258 358 1310 Καὶ
373 1257 456 1308 ἔτι
475 1256 624 1324 Περὶ
645 1255 953 1324 γιγάντων,
971 1256 1064 1308 καὶ
1079 1256 1214 1323 Περὶ
1233 1253 1339 1307 τοῦ
1351 1253 1436 1323 μὴ
1450 1253 1763 1322 τρέπεσθαι
1778 1253 1842 1308 τὸ

255 1347 426 1401 Θεῖον
447 1347 588 1418 (74),
602 1348 743 1415 Περί
770 1364 835 1400 τε
856 1346 981 1408 τοῦ,
1000 1345 1138 1400 κατὰ
1161 1346 1414 1409 Μωῦσέα,
1439 1345 1844 1414 θεοπέμπτους

253 1435 400 1492 εἶναι
421 1438 573 1505 τοὺς
585 1439 854 1507 ὀνείρους
867 1439 999 1510 (75),
1016 1438 1247 1510 πρῶτον,
1261 1438 1532 1511 δεύτερον,
1545 1437 1745 1508 τρίτον,
1762 1437 1844 1490 τέ-

251 1550 475 1604 ταρτον,
503 1534 776 1605 πέμπτον.
809 1534 918 1587 Καὶ
939 1533 1108 1586 ταῦτα
1134 1535 1229 1604 μὲν
1261 1532 1329 1586 τὰ
1351 1535 1430 1597 εἰς
1449 1534 1593 1605 ἡμᾶς
1623 1532 1842 1586 ἐλθόντα

251 1624 358 1679 τῶν
374 1629 483 1691 Εἰς
501 1626 620 1693 τὴν
635 1627 906 1680 Γένεσιν.
924 1628 1027 1691 Είς
1041 1625 1097 1679 δὲ
1113 1625 1224 1693 τὴν
1239 1626 1488 1689 Ἕξοδον
1501 1627 1740 1696 ἔγνωμεν
1755 1626 1843 1678 αὺ-

253 1719 345 1773 τοῦ
374 1718 747 1788 Ζητημάτων
773 1718 869 1772 καὶ
894 1720 1143 1772 Λύσεων
1160 1717 1392 1789 πρῶτον,
1420 1718 1689 1791 δεύτερον,
1720 1721 1839 1792 τρί-

252 1829 362 1875 τον,
395 1811 687 1881 τέταρτον,
718 1811 986 1881 πέμπτον.
1009 1811 1119 1864 Καὶ
1133 1811 1193 1863 τὸ
1225 1811 1360 1880 Περὶ
1386 1810 1493 1878 τῆς
1507 1811 1762 1881 σκηνῆς,
1781 1812 1840 1866 τό

254 1921 311 1957 τε
328 1904 468 1971 Περὶ
490 1902 616 1956 τῶν
637 1901 781 1956 δέκα
796 1903 1036 1972 λογίων,
1061 1902 1154 1956 καὶ
1182 1901 1250 1955 τὰ
1261 1901 1399 1970 Περὶ
1419 1900 1534 1955 τῶν
1551 1903 1838 1972 ἀναρερο·

254 1997 451 2065 μένων
467 1994 704 2048 ἐνεῐδει
737 1996 938 2064 νόμων
980 1997 1062 2056 εἰς
1093 1994 1160 2048 τὰ
1196 1993 1536 2048 συντείνοντα
1574 1995 1839 2064 κεφάλαια

256 2087 360 2140 τῶν
390 2087 528 2139 δέκα
549 2087 747 2154 λόγων,
777 2086 1010 2158 πρῶτον,
1037 2086 1304 2158 δεύτερον,
1327 2086 1529 2158 τρῖτον,
1559 2087 1834 2157 τέταρτον.

255 2183 359 2235 Καὶ
381 2182 443 2236 τὸ
473 2183 619 2250 Περὶ
654 2181 772 2234 τῶν
797 2184 884 2247 εἰς
910 2181 1016 2247 τὰς
1035 2182 1364 2250 ἱερουργίας
1385 2181 1558 2246 ζώων,
1583 2183 1676 2236 καὶ
1702 2182 1838 2235 τίνα

258 2274 324 2327 τὰ
339 2273 706 2329 τῶνθυσιῶν
726 2273 874 2342 εἴδη.
907 2275 1017 2326 Καὶ
1048 2273 1107 2326 τὸ
1127 2275 1261 2342 Περὶ
1296 2273 1414 2327 τῶν
1441 2273 1838 2344 προκειμένων

257 2368 323 2420 ἐν
337 2367 416 2432 τῷ
437 2368 608 2436 νόμῳ
621 2367 744 2433 τοῖς
757 2367 870 2437 μὲν
887 2368 1128 2435 ἀγαθοῖς
1162 2367 1380 2431 ἄθλων,
1409 2367 1532 2432 τοῖς
1554 2366 1622 2419 δὲ
1651 2381 1835 2435 πονη-

255 2459 379 2528 ροῖς
397 2461 712 2529 ἐπιτιμίων
732 2461 826 2514 καὶ
843 2460 1022 2528 ἀρῶν.
1042 2460 1186 2530 Πρὸς
1206 2459 1412 2524 τούτοις
1433 2461 1601 2514 ἅπασι
1629 2462 1722 2514 καὶ
1742 2479 1836 2531 μο-

259 2552 477 2606 νὸϐιϐλα
506 2553 676 2606 αὑτοῦ
703 2553 944 2625 φέρεται,
961 2551 1037 2615 ὡς
1055 2553 1116 2605 τὸ
1134 2553 1270 2621 Περὶ
1287 2555 1576 2622 Προνοίας
1590 2554 1720 2625 (76),
1740 2555 1834 2608 καὶ

262 2685 560 2758 εὐχόμεθα
588 2685 682 2740 καὶ
714 2687 1262 2758 ἀξιομαρτυρόμεοα,
1293 2690 1474 2758 λόγος
1497 2686 1602 2754 εἷς.
1644 2688 1833 2742 lliero-

266 2771 455 2824 uymus
483 2757 723 2818 dixi-rat,
753 2757 824 2810 De
850 2758 914 2809 iis
937 2775 1053 2824 qua!
1073 2776 1227 2812 sensu
1268 2757 1544 2826 precamur
1587 2768 1636 2811 et
1688 2759 1830 2812 dete-

265 2826 629 2898 sta_mur,liber
654 2843 808 2898 unus.
839 2827 939 2882 Ubi
989 2830 1203 2898 notabis
1229 2843 1444 2883 sensum
1470 2829 1589 2898 poni
1626 2843 1722 2898 pro
1751 2829 1832 2883 in-

265 2896 501 2968 tellectu,
546 2896 862 2950 moreillius
885 2897 1091 2968 stnculi.
1139 2897 1229 2968 Sic
1259 2899 1398 2968 idem
1466 2896 1829 2968 Hieronymus

267 2965 315 3018 in
339 2963 524 3020 Iudice
551 2967 835 3028 Itwreseon,
867 2983 984 3034 cap.
1021 2967 1070 3032 7,
1092 2968 1160 3023 de
1186 2967 1597 3032 Valentiuianis,
1621 2963 1828 3022 sensum

269 3051 476 3104 semper
506 3048 690 3097 vocat,
727 3038 815 3105 qui
853 3037 1039 3092 Graece
1068 3048 1150 3091 cst
1204 3039 1345 3102 νοῦς,
1389 3048 1443 3091 et
1497 3040 1548 3092 in
1600 3053 1716 3105 cap.
1754 3039 1823 3092 28

1943 514 2100 564 tione.
2143 509 2272 565 item
2305 511 2376 562 De
2406 524 2683 577 congressu
2707 516 2752 558 et
2782 506 3159 558 consuetudine
3187 520 3304 558 cum
3321 508 3512 556 huma-

1943 603 2172 656 nioribus
2197 601 2512 670 disciplinis.
2545 599 2813 654 Prteterea
2855 598 2986 663 Quis
3019 613 3192 650 rerum
3212 596 3514 650 divinarum

1941 696 2105 750 hteres
2128 695 2218 757 sit,
2249 709 2340 748 seu
2374 692 2446 745 De
2475 693 2726 745 divisione
2758 690 2810 744 in
2843 699 3014 757 partes
3047 687 3276 757 tequales
3310 697 3358 740 et
3384 687 3516 740 ina:-

1940 786 2140 857 quales.
2171 785 2300 839 Item
2335 784 2406 837 De
2434 784 2603 836 tribtts
2639 781 2920 835 virtutibus
2949 796 3080 850 quas
3103 795 3219 831 cum
3252 777 3370 830 aliis
3395 776 3514 830 Ho-

1941 896 2022 933 ses
2053 877 2348 945 descripsit.
2379 877 2478 929 Est
2528 875 2744 942 insuper
2792 873 2930 926 alius
2960 871 3094 925 liber
3126 871 3201 923 De
3245 871 3514 922 nominum

1942 971 2250 1031 mutatione,
2301 976 2349 1021 et
2397 984 2526 1037 quas
2567 971 2627 1018 ob
2653 973 2840 1018 causas
2879 964 3094 1016 nomina
3141 962 3508 1016 inmutantur.

1942 1063 1998 1118 ln
2034 1079 2137 1131 quo
2180 1062 2316 1116 libro
2347 1061 2411 1115 de
2457 1059 2666 1114 duobus
2710 1057 3074 1112 Testamentis
3122 1057 3296 1125 primo
3334 1069 3396 1107 ac
3430 1069 3514 1106 se-

1943 1156 2116 1210 cundo
2156 1170 2213 1209 se
2244 1153 2532 1222 scripsisse
2561 1160 2812 1206 testatur.
2866 1149 2958 1204 Est
3001 1153 3055 1200 et
3103 1147 3240 1200 alius
3271 1145 3407 1199 liber
3439 1145 3514 1198 De

1941 1249 2272 1315 migratione.
2309 1245 2438 1299 Item
2485 1244 2561 1297 De
2589 1245 2693 1297 cita
2722 1242 2973 1310 sapientis
3016 1241 3105 1311 qui
3133 1256 3222 1307 per
3237 1238 3511 1308 justitiam

1943 1349 2328 1392 consummatus
2351 1345 2450 1397 est,
2474 1351 2567 1389 seu
2607 1335 2683 1388 De
2709 1334 2909 1402 legibus
2935 1349 3035 1385 nou
3065 1331 3270 1398 scriptis
3291 1346 3310 1384 :
3352 1340 3404 1384 et
3436 1328 3511 1382 al-

1943 1438 2025 1483 ter
2055 1430 2130 1483 De
2159 1429 2488 1498 gigantibus;
2518 1438 2626 1480 tum
2681 1426 2834 1491 Quod
2883 1424 3020 1477 Deus
3053 1423 3117 1476 sit
3147 1421 3510 1476 immutabilis.

1942 1521 2090 1574 Adde
2123 1520 2206 1573 his
2251 1519 2417 1572 libros
2443 1517 2685 1586 quinque
2733 1515 2809 1568 De
2836 1531 2893 1566 eo
2916 1513 3052 1582 quod
3085 1513 3289 1566 somnia
3317 1510 3511 1562 immit-

1943 1619 2124 1662 tantur
2155 1627 2184 1662 a
2229 1609 2358 1673 Deo,
2383 1623 2449 1663 ex
2481 1607 2750 1662 sententia
2802 1605 2984 1659 Mosis.
3013 1606 3188 1673 Atque
3214 1603 3267 1656 hi
3303 1613 3417 1654 sunt
3447 1600 3510 1655 li-

1943 1703 2024 1756 bri
2057 1703 2124 1757 ab
2158 1702 2246 1755 illo
2277 1703 2330 1756 iu
2357 1700 2580 1756 Genesiu
2619 1699 2952 1768 conscripti,
2979 1699 3068 1767 qui
3095 1698 3162 1751 ad
3190 1711 3288 1750 nos
3322 1710 3507 1762 potve-

1873 1775 1912 1830 B
1942 1804 2158 1850 nerunt.
2198 1794 2260 1848 1η
2291 1793 2532 1848 Exodum
2564 1808 2698 1847 vero
2751 1792 2989 1861 quinque
3019 1790 3188 1844 libros
3242 1788 3501 1854 Quaestio-

1941 1904 2063 1939 nuut
2117 1895 2166 1940 et
2221 1885 2556 1940 Soltttionum
2604 1885 2671 1936 ab
2714 1898 2779 1937 eo
2809 1883 3039 1950 scriptos
3071 1881 3320 1935 vidimus.
3374 1880 3502 1934 Item

1941 1978 2017 2032 De
2043 1976 2397 2036 tabernaculo,
2423 1974 2496 2028 De
2516 1975 2688 2028 decem
2721 1975 3011 2042 prtereptis.
3038 1973 3176 2026 Sttnt
3198 1981 3247 2026 et
3273 1981 3508 2040 quatuor

1939 2071 2057 2140 ejus
2089 2071 2210 2124 libri
2246 2069 2320 2124 De
2352 2068 2663 2135 specialibus
2690 2065 2887 2136 legibus
2912 2082 3030 2134 rpite
3069 2065 3134 2118 ad
3166 2079 3378 2119 summa
3410 2064 3507 2117 De-

1938 2165 2110 2236 c-alogi
2153 2165 2329 2232 capita
2366 2161 2694 2216 referuntur.
2730 2161 2878 2215 Alius
2921 2161 3046 2214 item
3087 2159 3162 2213 De
3191 2158 3508 2212 animalibus

1936 2269 2052 2325 qua
2095 2253 2374 2320 sacriﬁciis
2421 2253 2669 2320 deputata
2725 2261 2868 2315 sunt,
2911 2261 2956 2304 et
3002 2267 3119 2318 qute
3144 2259 3264 2304 sunt
3313 2250 3506 2317 species

1936 2346 2346 2414 sacriﬁciorum.
2383 2343 2458 2397 De
2491 2345 2724 2412 prtemiis
2750 2355 2796 2396 et
2841 2342 3116 2411 suppliciis
3156 2358 3273 2412 quas
3298 2343 3353 2395 in
3396 2341 3505 2411 lege

1934 2440 2204 2511 proposita
2228 2447 2349 2492 sunt
2377 2447 2484 2489 Iam
2530 2436 2678 2488 bonis
2709 2451 2866 2505 quant
2892 2433 3068 2487 malis.
3105 2434 3167 2487 Et
3209 2433 3284 2486 De
3311 2434 3503 2498 impre-

1934 2534 2252 2589 cationibus.
2299 2531 2500 2586 Praeter
2527 2529 2636 2600 59
2681 2531 2778 2582 hos
2814 2542 3006 2582 omnes
3044 2527 3504 2581 circumferuntur

1933 2705 2197 2746 consensu
2238 2687 2643 2743 Testamentum
2683 2687 2954 2750 dixerunt,
2989 2684 3294 2738 allutleutes
3323 2685 3502 2754 potius

1933 2763 1999 2815 ad
2027 2762 2131 2812 vim
2163 2760 2328 2827 ipsam
2363 2758 2618 2819 nominis,
2651 2773 2755 2826 qua
2787 2758 3007 2827 testatio
3037 2755 3330 2827 voluntatis
3358 2756 3504 2827 desi-

1932 2841 2148 2900 gnatur,
2176 2823 2340 2900 quam
2375 2830 2438 2881 ad
2461 2827 2652 2883 m'ortis
2671 2823 3150 2900 signiﬁcationem.
3199 2823 3505 2900 Ostendere

1932 2895 2140 2955 Scilicet
2165 2895 2477 2962 voluerunt,
2526 2908 2682 2968 pacta
2716 2897 2804 2952 illa
2857 2906 2910 2950 et
2950 2897 3217 2968 promissa
3268 2895 3356 2950 Dei
3395 2910 3502 2948 non

1932 2971 2114 3026 minus
2145 2969 2296 3022 ﬁrma
2327 2983 2446 3023 esse
2479 2966 2652 3038 quam
2685 2966 3331 3038 testamentahominum
3365 2975 3501 3038 _rata

1929 3055 2050 3095 esse
2072 3040 2263 3102 solent.
2297 3035 2604 3093 Secundum
2636 3037 2813 3093 foedus
2842 3038 2942 3091 luit
2981 3035 3129 3098 illud,
3163 3035 3305 3104 quod
3363 3036 3502 3089 Deus

267 3105 511 3182 ejusdem
546 3107 988 3182 lihri._lta_et_iam
1014 3107 1294 3182 Eusebius
1351 3108 1684 3182 Emissenus.
1727 3124 1821 3164 seu
1850 3109 1891 3166 C
1927 3110 2266 3182 pepigitcum
2295 3107 2442 3163 Mose
2471 3119 2525 3182 et
2555 3109 2834 3182 Israelitis,
2861 3118 2920 3161 ut
2967 3107 3142 3182 est__in
3179 3105 3345 3182 Eltodi
3375 3119 3500 3173 cap.

266 3177 440 3241 potius
469 3177 774 3231 Eucherius
804 3178 858 3231 in
885 3177 1100 3231 homilia
1134 3179 1302 3242 prima
1351 3179 1417 3231 de
1457 3180 1773 3234 Ascensione
1799 3194 1818 3232 :

272 3246 446 3310 Totus,
473 3248 672 3312 inquit,
699 3249 849 3300 homo
898 3249 951 3300 itt
1000 3248 1168 3300 animi
1206 3248 1490 3312 intellectu,
1550 3258 1600 3302 et
1642 3265 1824 3303 sensus

266 3319 536 3386 exercitio,
555 3319 672 3370 etin
699 3319 880 3370 utentis
904 3317 1108 3370 ratione
1128 3334 1189 3370 ac
1213 3319 1382 3386 vigore
1405 3319 1660 3372 consistit.
1689 3317 1826 3372 Nul-

269 3385 316 3438 la
333 3389 465 3440 enim
498 3391 676 3441 carnis
711 3388 913 3441 utilitas
935 3396 1030 3441 est.
1063 3387 1128 3440 Et
1167 3387 1218 3441 in
1253 3385 1501 3443 Sermone
1534 3389 1600 3442 de
1632 3388 1825 3443 Pente-

269 3467 404 3510 coste
427 3473 558 3512 cum
582 3459 714 3511 dicit
745 3474 760 3510 :
793 3459 871 3510 Ad
901 3457 998 3510 hoc
1027 3458 1161 3510 enim
1205 3475 1410 3511 sensum
1455 3459 1824 3513 rationabilem

271 3535 463 3582 natura:
517 3543 748 3586 munere.
790 3537 836 3581 et
873 3529 1116 3581 secunda:
1165 3529 1455 3582 nativitatis
1498 3530 1826 3597 reparatione

269 3601 604 3673 suscepimus.
623 3598 934 3673 ΔΒυῐίιιυεςᾼίιι
967 3599 1282 3673 expositione
1303 3599 1524 3668 symboli
1564 3613 1583 3652 :
1635 3599 1824 3673 Conci-

269 3663 387 3737 lium
409 3663 660 3722 uanitatis
689 3679 762 3723 est
779 3679 835 3721 'et
861 3669 980 3731 hoc,
1005 3669 1144 3736 quod
1173 3669 1296 3721 olim
1332 3663 1670 3737 congregavit
1713 3685 1825 3737 per-

271 3736 408 3791 tina:
430 3751 475 3792 et
500 3753 663 3807 prava
693 3740 956 3792 contentio
981 3780 994 3802 ,
1023 3753 1262 3792 asserens
1300 3740 1508 3808 quidem
1537 3736 1822 3792 Christum

270 3823 467 3862 carnem
507 3810 792 3861 humanam
818 3810 1125 3878 suscepisse,
1155 3825 1259 3862 non
1283 3819 1454 3861 tamen
1498 3819 1543 3862 et
1593 3811 1824 3862 animam

271 3879 597 3943 rationalem,
627 3895 745 3931 cum
770 3881 949 3951 utique
978 3887 1026 3932 et
1049 3880 1198 3951 carni
1218 3888 1265 3931 et
1309 3879 1502 3951 gnimte
1549 3889 1612 3951 et_
1647 3881 1824 3932 sensui

272 3957 315 4018 ες
358 3951 512 4002 menti
565 3967 672 4003 una
718 3950 1000 4018 eademque
1021 3949 1168 4002 salus
1219 3966 1250 4001 a
1275 3948 1483 4002 Christo
1509 3948 1708 4002 collata
1729 3950 1821 4004 sit.

274 4013 364 4072 Ubi
387 4019 627 4073 delenda!
655 4029 779 4072 sunt
814 4013 974 4073 voces
999 4020 1101 4073 illte
1136 4031 1184 4070 et
1206 4019 1386 4075 menti.

335 4089 442 4156 (72)
477 4089 541 4143 Ὀ
573 4088 707 4157 περὶ
731 4087 926 4158 φυγῆς
979 4090 1075 4143 καὶ
1113 4090 1423 4158 εὑρέσεως.
1487 4087 1561 4142 Ita
1605 4090 1822 4159 quidem

273 4161 520 4214 scribitur
555 4161 606 4213 in
629 4162 819 4215 codice
853 4159 1038 4230 Regio,
1079 4175 1242 4226 quam
1273 4161 1598 4229 scripturam
1627 4161 1826 4214 conﬁr-

275 4238 376 4281 luat
406 4231 654 4284 Ruﬁnus.
692 4231 864 4285 Vertit
891 4229 1036 4284 enim
1090 4230 1165 4284 De
1191 4241 1384 4283 natura
1410 4240 1457 4283 et
1508 4229 1820 4284 inventione.

273 4300 411 4359 Apud
440 4301 663 4354 Suitlam
688 4301 774 4354 hic
801 4301 938 4355 liber
970 4300 1287 4354 inscribitur
1306 4299 1443 4368 Περὶ
1465 4301 1704 4369 φύσεως
1725 4300 1822 4353 καὶ

274 4369 609 4437 εἰψήματος.
636 4369 805 4434 Quam
829 4370 1236 4438 inscriptionem
1273 4371 1466 4425 Suidas
1496 4386 1560 4425 ex
1588 4371 1824 4438 Sophro-

1927 3175 2076 3236 ixtx'.
2120 3180 2438 3246 Quanquam
2468 3180 2662 3248 duplex
2696 3178 2870 3233 laetius
2892 3192 3016 3248 cum
3040 3175 3186 3248 Mosa
3217 3176 3356 3229 Dens
3384 3189 3501 3245 per-

1924 3251 2093 3306 cussit
2126 3267 2140 3303 :
2175 3245 2324 3318 prius
2349 3245 2564 3317 quidem
2591 3251 2645 3303 in
2679 3258 2858 3302 monte
2890 3246 3114 3318 HorebL
3136 3245 3364 3299 alterum
3408 3259 3501 3318 ve-_

1927 3338 1987 3376 ro
2020 3323 2072 3374 in
2099 3315 2230 3387 agro
2265 3315 2644 3380 Moabitarum,
2678 3329 2734 3372 ut
2768 3318 2966 3385 legitur
2992 3318 3061 3387 in»
3089 3315 3500 3387 Deuterouomii

1924 3407 2047 3458 cap.
2076 3384 2227 3444 xxix.
2261 3390 2334 3443 De
2364 3391 2570 3444 duobus
2617 3390 2700 3442 his
2731 3384 3022 3458 l'trderibus
3051 3384 3246 3458 librum
3269 3386 3485 3458 scripso

1925 3452 2182 3515 ratPhilo
2208 3460 2525 3514 hoclitulo:
2562 3459 2702 3527 Περὶ
2754 3456 3060 3524 Διαθηκῶν
3114 3455 3348 3522 πρώτης
3381 3452 3502 3508 aut

1922 3531 2224 3600 δευτέρας.
2254 3530 2346 3584 Sic
2374 3530 2516 3583 enim
2549 3529 2809 3584 scribitur
2833 3530 2884 3600 in
2911 3539 3155 3600 quatuor
3184 3527 3384 3600 nostris
3405 3539 3500 3600 co:

1925 3594 2154 3663 dicibus,
2182 3594 2322 3658 Μαι.
2356 3601 2583 3664 scilicet,
2617 3599 2778 3661 Med.,
2832 3594 2966 3651 Fult.
3007 3609 3061 3651 et
3115 3594 3290 3650 Savil.
3339 3594 3496 3661 Quod

1923 3673 1967 3726 si
1998 3672 2121 3740 quis
2153 3671 2420 3740 vulgatam
2452 3671 2654 3724 codicis
2691 3669 2840 3737 Regii
2893 3669 3229 3740 scripturam
3256 3667 3496 3740 retinere

1925 3735 2199 3806 maluerit,
2231 3735 2334 3795 rion
2368 3740 2521 3794 valde
2549 3735 2877 3808 repugnabo.
2905 3735 3064 3792 Certe
3105 3735 3270 3808 Philo
3297 3737 3496 3808 dise_rte

1926 3821 2154 3866 testatur
2185 3804 2322 3865 duos
2353 3825 2413 3865 se
2459 3804 2627 3863 libros
2649 3804 2933 3877 scripsisse
2978 3807 3119 3873 Περὶ
3166 3804 3494 3877 Διαθηριῶν.

1924 3881 2020 3936 Sic
2043 3882 2188 3934 enim
2230 3883 2307 3935 ait
2342 3881 2398 3934 in
2430 3881 2566 3934 libro
2589 3878 2665 3931 De
2693 3875 2963 3930 nominum
2983 3877 3298 3931 mutatione:
3319 3875 3420 3928 Τὸν
3439 3875 3496 3927 δὲ

1926 3950 2064 4019 Περὶ
2100 3951 2404 4016 Διαθηκῶν
2438 3947 2729 4019 σύμπαντα
2773 3947 2949 4015 λόγον,
2979 3951 3035 4001 ὲν
3083 3945 3236 4000 δυσὶν
3297 3943 3496 4014 ἀναγέ-

1922 4039 2111 4093 γραφα
2131 4021 2389 4093 sesim-

1993 4085 2108 4161 (7⁷4)
2131 4085 2286 4162 Vulg.
2306 4091 2344 4159 ἢ
2369 4089 2501 4158 περὶ
2520 4090 2624 4162 τοῦ
2635 4108 2679 4157 μ
2684 4087 2720 4162 ᾗ
2744 4088 3058 4162 τρέπεσθαι
3072 4088 3136 4162 τὸ
3153 4085 3499 4162 Θεῖονδιτῇ-

1923 4157 2161 4216 bendum
2201 4157 2284 4216 est
2310 4157 2407 4215 teat
2441 4157 2576 4229 περὶ
2604 4160 2730 4224 τοῦ,
2767 4171 2871 4212 etc.
2904 4161 2997 4229 Est
3026 4159 3167 4229 enim
3195 4158 3382 4229 titulus
3411 4157 3495 4229 al-

1927 4234 2098 4286 terius
2137 4232 2279 4294 libri,
2312 4234 2400 4301 qui
2437 4233 2489 4284 in
2517 4228 2759 4301 vulgatis
2785 4228 3033 4301 Philonis
3061 4228 3391 4301 editiouihus
3423 4228 3495 4282 ita

1923 4303 2279 4372 perscribitur
2308 4295 2479 4369 ε’Περὶ
2509 4295 2729 4354 τοῦ-ὄτι
2755 4295 3144 4372 ἄτρεπτονμτὸ
3162 4297 3350 4353 Θεῖον.

1995 4372 2108 4443 (75)
2135 4373 2272 4441 Περὶ
2305 4363 2590 4426 τοῦ⁷κατὰ
2617 4363 3301 4443 Μωῦσέαθεοπέμπτους
3343 4363 3495 4443 εἶναι

281 4441 699 4517 ιιίοιιίίετριιγιιιί
727 4442 1020 4517 interprete
1049 4440 1364 4517 desumpsit.
1401 4440 1595 4517 Verum
1627 4441 1816 4517 optimi

1929 4442 2062 4517 τοὺς
2091 4439 2534 4517 ὄνειρούς-ακβ.
2577 4441 2721 4517 γ.“δ.
2751 4459 2800 4517 ε.
2830 4442 2996 4517 Aliter
3023 4439 3375 4517 hunc-locutu
3415 4441 3492 4517 le-

276 4511 475 4566 codices
525 4509 662 4564 Μαι.
703 4525 765 4563 ac
823 4510 982 4570 Med..
1036 4525 1158 4565 cum
1211 4509 1345 4563 Fuk.
1409 4520 1462 4565 et
1524 4511 1815 4579 Saviliano,

279 4580 555 4646 proferunt
593 4583 690 4636 καὶ
722 4583 754 4634 ό
775 4581 912 4650 Περὶ
937 4582 1170 4650 φύσεως
1204 4579 1304 4633 καὶ
1325 4581 1826 4648 αίρέσεωςάὶυοιθ

279 4653 532 4728 assentior
561 4652 884 4728 Nicephoro,
925 4652 1184 4728 qui_duos
1208 4651 1449 4706 Philonis
1473 4652 1642 4728 libros
1680 4664 1826 4728 recte

278 4719 506 4792 distinxit
539 4740 553 4775 :
588 4719 812 4792 quorum
837 4722 999 4792 alter,
1020 4721 1313 4792 inscriptus
1346 4722 1825 4792 eratHeplgpv-rﬁc

279 4790 364 4860 stat
394 4790 694 4860 αίρέσεως,
731 4793 781 4845 id
832 4802 936 4851 est,
971 4791 1045 4845 De
1090 4791 1215 4860 fuga
1253 4801 1300 4844 et
1351 4790 1637 4858 electione;
1687 4790 1824 4846 alter

276 4859 401 4938 Περὶ
429 4859 671 4938 ῥύσεως
697 4862 796 4916 καὶ
831 4859 1272 4938 εὑρέσεως-,ῥοῦ
1297 4872 1399 4938 est.
1440 4860 1522 4938 De
1552 4875 1743 4916 natura
1773 4873 1822 4916 et

279 4933 572 4987 intentione.
589 4933 664 4986 Ex
682 4948 790 5002 quo
814 4942 1036 5002 apparet
1059 4933 1302 4987 codicem
1328 4933 1689 4986 Eusebianum
1715 4950 1822 5002 quo

283 5014 394 5056 usus
424 5014 507 5057 est
539 5002 897 5072 Nicephorus,
932 5003 1033 5057 hoc
1065 5003 1281 5072 quidem
1338 5003 1392 5056 in
1448 5003 1568 5056 loco
1616 5005 1821 5060 nostris

283 5071 1110 5138 exemplaribusretinendatiorent
1149 5071 1335 5126 fuisse.

328 5141 440 5217 _(73)
471 5144 617 5214 Vulg.
651 5141 1102 5217 περζίδιαθηιιῶν
1130 5141 1362 5211 πρῶτον
1394 5141 1489 5195 καὶ
1519 5142 1816 5217 ᾷεύτερον.

285 5204 622 5290 Hieronymus
640 5225 702 5290 et
718 5204 1260 5290 'Christophorsonus
1286 5224 1504 5290 vertunt
1527 5214 1602 5266 De
1630 5204 1815 5290 pdctis.

285 5277 372 5333 Sed
413 5277 542 5344 nos,
587 5285 838 5338 Ruﬁnum
899 5277 1090 5346 secuti,
1139 5283 1424 5343 maluimus
1473 5277 1686 5339 vertere
1745 5285 1820 5338 De

285 5356 596 5408 testamentis.
628 5354 903 5425 Διαθήκην
956 5353 1098 5408 LXX
1145 5353 1468 5425 interpretes
1524 5365 1818 5424 posuerunt

287 5371 596 5408 testamentis.
628 5371 903 5480 Διαυηκὲν
956 5371 1098 5408 Ιλιὶλ
1145 5371 1468 5422 interpretes
1524 5371 1816 5424 posuerunt

287 5426 632 5500 pr0.pc_tc_tione
658 5441 815 5500 quam
864 5424 1312 5500 fraciguvilﬁxqv
1353 5435 1585 5500 vocant,_
1616 5435 1674 5478 ut
1716 5442 1816 5479 no-

286 5493 400 5544 tavit
436 5493 666 5550 Isidorus
697 5495 984 5550 Pelusiota.
1014 5493 1292 5562 Praecipue
1311 5506 1490 5548 autem
1542 5497 1621 5550 sic
1653 5512 1815 5551 voca-

288 5569 393 5632 runt
428 5565 624 5619 hedera
656 5581 775 5633 quae
815 5565 958 5620 Deus
987 5566 1141 5620 inivit
1179 5581 1299 5618 cum
1340 5566 1686 5633 hominibus;
1721 5582 1816 5620 cu-

282 5635 494 5707 lpstnodi
525 5636 694 5707 multa
723 5636 1032 5690 referuntur
1077 5638 1129 5691 in
1189 5635 1370 5690 Veteri
1423 5633 1809 5690 Instrumenta.

289 5697 377 5779 §etl
400 5705 628 5779 omnium
656 5709 953 5779 maximum
1001 5715 1082 5760 est
1114 5716 1188 5779 et
1224 5707 1623 5779 sagtctissimuui
1667 5707 1812 5777 quod

295 5764 409 5825 Usus
433 5769 624 5846 pepigit
649 5792 770 5832 cum
799 5776 1119 5837 Abrahatno.
1147 5775 1259 5835 lloc
1275 5764 1457 5832 Latini
1486 5792 1673 5835 omnes
1685 5764 1812 5834 luno

1930 4516 2073 4578 gissc
2102 4508 2318 4568 videtur
2346 4508 2594 4566 Ruﬁnus.
2628 4512 2795 4565 Vertit
2821 4512 2962 4563 enim
3013 4508 3090 4561 De
3138 4508 3336 4576 llloysis
3391 4513 3493 4562 vita

1927 4584 2088 4637 libros
2115 4585 2358 4653 quinque.
2390 4585 2461 4636 De
2483 4599 2545 4653 eo
2576 4583 2714 4650 quod
2739 4601 2768 4635 a
2802 4581 2906 4634 Deo
2955 4580 3232 4653 mittantur
3263 4582 3490 4653 somnia.

1929 4656 2032 4706 Sed
2056 4651 2175 4707 cuin
2212 4651 2285 4707 De
2307 4654 2411 4707 vita
2441 4651 2606 4706 Moris
2635 4653 2799 4706 libros
2829 4663 2940 4705 tres
2962 4651 3223 4702 duntaxat
3259 4651 3492 4714 scripse-

1929 4726 1996 4776 rit
2023 4723 2193 4788 Philo,
2231 4724 2345 4778 huic
2377 4724 2552 4776 Ruﬁni
2591 4725 2767 4777 versio
2801 4721 2929 4775 ferri
2965 4735 3068 4772 non
3097 4729 3294 4786 potest.
3327 4718 3403 4772 De
3431 4736 3490 4772 eo

1925 4794 2142 4864 quidem
2177 4796 2317 4864 quod
2337 4812 2368 4847 a
2397 4793 2502 4846 Deo
2529 4794 2808 4864 mittantur
2839 4790 3065 4852 somnia,
3115 4800 3222 4843 tres
3272 4788 3436 4864 libros
3460 4805 3490 4841 a

1924 4859 2149 4918 Philone
2177 4859 2519 4932 conscriptos
2553 4863 2718 4917 fuisse
2747 4871 2991 4932 constat;
3017 4875 3243 4932 qttorunl
3281 4859 3489 4932 primus

1923 4935 2103 5002 periit,
2127 4928 2411 4989 secundus
2433 4942 2609 4988 exstat
2678 4947 2796 5002 pag.
2849 4931 2954 4985 465
3010 4931 3265 5002 editionis
3332 4928 3488 5002 Pari-

1921 5001 2117 5059 Siensis
2144 5022 2158 5057 :
2185 5005 2237 5058 in
2267 5003 2418 5070 cujus
2462 5001 2688 5060 exordio
2735 5003 3065 5056 intentionem
3111 5001 3235 5052 fat-it
3291 5001 3488 5070 prioris

1923 5075 2065 5138 libri,
2104 5089 2266 5144 quem
2299 5069 2363 5129 de
2393 5075 2582 5127 eodem
2611 5081 2928 5142 argumento
2977 5069 3485 5144 exa_raverat._Ter-

1923 5146 2026 5200 tius
2050 5141 2264 5200 deinuut
2293 5153 2468 5197 exstat
2492 5144 2628 5198 liber
2657 5141 2710 5197 in
2739 5145 2926 5196 eadem
2959 5141 3193 5194 editione
3233 5158 3284 5208 p.
3323 5141 3481 5207 1108,

1921 5231 2026 5270 non
2056 5231 2152 5269 suo
2185 5215 2302 5270 loco
2338 5216 2565 5282 positus.
2598 5217 2676 5266 Au
2711 5223 2891 5266 autem
2933 5211 3112 5282 plures
3179 5209 3266 5264 his
3311 5211 3481 5264 tribus

1919 5281 2414 5352 scripseritlibros,
2445 5285 2604 5338 nobis
2640 5299 2742 5336 non
2789 5289 3021 5336 constat.
3083 5281 3282 5336 Suidas
3332 5290 3480 5334 certe

1919 5357 2159 5424 quinque
2192 5356 2356 5409 libros
2389 5356 2630 5408 Philonis
2653 5356 2719 5407 de
2745 5353 2968 5424 somniis
2998 5361 3405 5424 continentioris}.

1987 5417 2100 5495 (70")
2118 5417 2274 5494 Vulg.
2289 5425 2362 5478 τὰ
2376 5424 2507 5492 περὶ
2526 5424 2832 5492 Προνοίας.
2852 5422 2906 5476 lu
2923 5424 3108 5478 codice
3123 5422 3255 5475 Man.
3275 5434 3326 5475 et
3346 5417 3480 5495 ιιι.

1917 5493 2178 5563 scriptum
2212 5493 2297 5549 est
2329 5496 2390 5551 τὸ
2443 5495 2585 5564 Περὶ
2626 5495 2940 5562 Προνοίας,
3003 5496 3237 5556 rectius;
3290 5493 3481 5564 unicus

1915 5559 2060 5620 enim
2083 5566 2183 5619 fuit
2221 5566 2456 5620 Philonis
2488 5559 2624 5620 liber
2657 5559 2759 5620 hoc
2793 5567 2944 5619 titulo
2973 5573 3305 5632 prtenotatus
3337 5559 3478 5629 Περὶ

1917 5637 2232 5704 Προνοίας.
2268 5638 2322 5689 In
2376 5637 2745 5704 manuscripto
2785 5634 3024 5688 Philonis
3050 5635 3252 5704 _cod_ice
3299 5633 3483 5704 biblio-

1918 5701 2088 5778 theca:
2112 5701 2462 5778 Augustante,
2484 5706 2583 5778 hic
2613 5701 2858 5778 Philonis
2887 5701 3478 5778 liber_De_Prouideutia

1915 5773 2262 5834 confunditur
2291 5792 2419 5833 cum
2443 5777 2614 5835 altero
2655 5776 2894 5846 ejusdem
2927 5773 3169 5830 Philonis
3214 5775 3350 5829 libro
3374 5774 3476 5826 atl—
