4140 6430
590 337 693 392 18¹ί

1339 329 1604 388 EUSEBII
1647 327 2126 386 CESARIENSIS
2165 328 2181 379 ‹

2283 331 2314 382 ι.
2356 321 2539 380 rans
2577 325 2616 382 ι.
2671 311 3121 381 -ιιιετ’ὄιιιοΑ.
3740 321 3822 378 188

590 459 756 503 etiam
791 443 1100 515 singulares
1134 443 1376 514 ejusdem
1409 442 1555 498 libri.
1594 441 1671 496 De
1701 442 2054 510 providentia.
2091 439 2164 494 De

2283 438 2450 504 5Περ)
2483 437 2778 491 Ἰουδαίων
2815 437 2928 507 (77)
2959 435 3276 508 συνταχθεὶς
3307 435 3456 505 αύτῷ
3482 435 3661 503 λόγος,
3703 439 3826 491 καὶό

591 540 818 595 Juda'is.
857 539 928 593 De
950 540 1157 593 homine
1187 537 1387 590 civilem
1419 537 1573 590 vitam
1606 546 1809 604 agente.
1840 533 2161 596 Alexander,

590 634 708 688 sive
745 633 820 686 De
845 649 902 686 eo
933 631 1074 702 quod
1104 632 1257 684 bruta
1282 627 1537 683 animalia
1566 627 1770 680 ratione
1789 627 1892 679 sint
1917 626 2162 692 prtedita.

596 721 728 776 ltetn
762 721 916 787 Quod
939 721 1234 789 quicunque
1270 728 1449 785 peccat
1487 732 1664 770 servus
1696 725 1792 768 est.
1820 713 1915 768 Cui
1947 713 2168 781 subjun-

596 823 720 868 ctus
754 823 836 868 est
873 814 1030 876 liber,
1060 813 1134 864 De
1160 829 1220 864 eo
1246 811 1384 880 quod
1413 809 1544 861 liber
1563 817 1636 860 est
1676 806 1971 876 quicunque
1989 804 2168 859 virtuti

596 906 792 960 studet.
819 904 1076 973 Sequitur
1112 903 1246 957 liber
1278 901 1366 955 ille
1401 899 1472 953 De
1495 899 1596 952 vita
1639 897 2044 966 contemplativa
2074 910 2168 950 seu

600 998 678 1051 De
702 997 1046 1066 supplicibus,
1075 1009 1139 1049 ex
1168 1008 1274 1062 quo
1302 992 1480 1061 capita
1515 991 1758 1060 quredam
1794 990 1860 1043 de
1910 987 2168 1057 apostoli-

595 1105 784 1144 corum
836 1088 1114 1143 hominum
1147 1088 1257 1140 vita
1293 1101 1455 1154 supra
1503 1082 1806 1137 retulimus.
1842 1079 1947 1135 Sed
1989 1087 2043 1132 et
2073 1077 2175 1132 lle-

597 1181 899 1233 braicorum
945 1179 1214 1232 nominum
1245 1193 1361 1246 qua:
1403 1178 1456 1229 in
1498 1176 1609 1245 lege
1637 1184 1686 1227 et
1715 1176 1768 1228 in
1791 1174 2059 1244 prophetis
2093 1187 2174 1226 oc—

601 1280 861 1335 currunt,
914 1271 1372 1339 interpretationes
1421 1268 1488 1322 ab
1537 1267 1654 1337 ipso
1711 1267 2024 1337 composita:
2053 1280 2175 1320 esse

601 1362 878 1418 dicuntttr.
912 1362 1055 1417 ldem
1086 1378 1209 1416 cum
1255 1361 1556 1429 imperante
1577 1359 1708 1415 Caio
1734 1359 1958 1413 Romam
1991 1357 2175 1412 venis-

601 1465 703 1518 Set,
738 1454 1042 1524 librumque
1089 1455 1154 1507 de
1203 1453 1345 1507 illius
1393 1451 1690 1507 sceleribus
1721 1461 1774 1505 et
1799 1450 2016 1521 ﬂagitiis
2047 1465 2177 1503 con-

601 1547 918 1614 scripsisset
951 1587 966 1612 ,
1008 1561 1168 1615 quem
1203 1561 1297 1615 per
1344 1543 1744 1598 cavillationem
1780 1541 1854 1597 De
1898 1543 2177 1597 virtutibus

604 1639 903 1709 inscripsit,
929 1639 1268 1708 postmodum
1303 1636 1528 1691 Claudio
1562 1635 1932 1705 adimperium
1966 1643 2176 1697 erecto,

605 1745 786 1783 coram
820 1731 1071 1784 universo
1100 1741 1286 1784 senatu
1313 1728 1508 1782 librum
1532 1724 1678 1779 illum
1705 1723 1880 1779 fertur
1899 1723 2176 1781 recitasse.

2267 529 2704 596 Πολιτικός-ἐτι
2735 546 2794 582 τε
2809 529 2861 581 Ὁ
2896 529 3296 603 Ἀλέξανδρος,
3329 525 3829 600 ἢηερὶτοῦλόγον

2275 622 2440 692 ἔχειν
2466 622 2537 676 τὰ
2569 623 2759 693 ἄλογα
2806 622 2932 683 ζῶα.
2965 621 3087 674 Ἐπὶ
3118 621 3326 684 τούτοις
3352 624 3379 674 ὀ
3407 619 3552 688 Περὶ
3583 620 3683 674 τοῦ
3713 621 3832 675 δοῦ-

2267 719 2382 770 λον
2412 711 2560 768 εἶναι
2592 713 2787 768 πάντα
2813 715 3076 783 φαῦλον.
3096 707 3166 782 ᾯ
3192 714 3316 783 ἑξῆς
3333 714 3501 777 ἐστιν,
3533 716 3565 767 ὀ
3583 714 3716 781 Περὶ
3736 713 3831 767 τοῦ

2269 805 2465 858 πάντα
2496 805 2831 860 σπουδαῖον
2844 807 3158 874 ἐλεύθερον
3181 801 3351 858 εἶναι.
3382 803 3518 858 Μεθ’
3545 803 3636 868 οὓς
3659 806 3827 857 συντέι

2269 916 2461 952 τακται
2475 898 2642 969 αὐτῷ,
2665 900 2692 952 ὁ
2715 898 2851 965 Περὶ
2868 898 3012 962 ,βίου
3029 896 3377 965 θεωρητικοῦ
3395 897 3427 967 ἦ
3449 895 3681 959 ἱκετῶν,
3709 897 3764 962 ἐξ
3779 891 3834 949 οἷο

2269 987 2337 1041 τὰ
2362 990 2486 1059 περ)¹
2501 987 2609 1041 τοῦ⁹
2627 987 2739 1057 βίου
2763 987 2867 1040 τῶν
2895 985 3264 1039 ἁποστολικῶν
3291 984 3499 1056 ἀνδρῶν
3533 985 3837 1054 διεληλύθα-

2276 1096 2374 1151 μεν
2397 1097 2409 1110 °
2443 1080 2534 1132 καὶ
2571 1078 2697 1132 Τῶν
2711 1080 2778 1131 ἐν
2795 1079 2954 1147 νόμῳ
2969 1076 3034 1130 δὲ
3050 1077 3144 1130 καὶ
3169 1077 3503 1146 προφήταις
3537 1078 3839 1145 Ἑϐραϊκῶν

2273 1171 2580 1241 ὀνομάτων
2607 1173 2665 1224 al
2689 1171 2984 1239 ἐρμηνειαι
3009 1169 3138 1239 (78),
3168 1167 3259 1222 τοῦ
3289 1169 3453 1222 αὑτοῦ
3486 1169 3691 1238 σπουδὴ
3713 1165 3840 1223 εἶναι

2273 1264 2516 1333 λέγονται
2533 1263 2662 1333 (79).
2677 1259 2842 1325 Οὗτος
2861 1263 2956 1332 μὲν
2971 1258 3063 1315 οὖν
3083 1261 3223 1315 κατὰ
3234 1263 3388 1315 Γάϊον
3409 1262 3501 1314 ἐπὶ
3515 1260 3613 1331 τῆς
3637 1261 3840 1334 Ῥώμης

2275 1357 2622 1426 ἀφικόμενος,
2643 1354 2714 1407 τὰ
2738 1354 2866 1427 περὶ
2891 1357 2989 1425 τῆς
3018 1355 3177 1408 Γαΐου
3202 1353 3518 1422 θεοστυγίας
3546 1353 3693 1424 αύτῷ
3712 1371 3841 1424 γρα-

2277 1449 2463 1519 φέντα,
2509 1447 2544 1500 ἃ.
2588 1447 2722 1518 μετὰ
2749 1447 2910 1518 ἤθους
2937 1448 3030 1501 καὶ
3061 1447 3337 1518 εἰρωνείας
3379 1447 3690 1518 ἐπέγραψεν
3715 1446 3843 1514 Περὶ

2275 1538 2520 1608 ἀρετῶν,
2557 1539 2648 1591 ἐπὶ
2679 1539 2855 1608 πάσης
2879 1539 3092 1608 λέγεται
3113 1539 3211 1609 τῆς
3241 1539 3527 1610 Ῥωμαίων
3553 1538 3844 1610 συγκλήτου

2278 1631 2418 1686 κατὰ
2449 1630 2710 1684 Κλαύδιον
2745 1630 2992 1695 διελθεῖν,
3033 1631 3107 1695 ὡς
3139 1632 3232 1685 καὶ
3265 1632 3362 1701 τῆς
3394 1633 3451 1684 ὲν
3483 1630 3844 1702 paenae-rm;

2279 1723 2586 1786 ἀναθέσεως
2627 1723 3036 1792 θαυμασθέντας
3079 1723 3241 1776 αὐτοῦ
3287 1721 3688 1792 καταξιωθῆναι
3727 1723 3844 1786 τοὺς

603 1819 706 1886 Qui
766 1821 984 1890 quidem
1028 1829 1172 1873 tanta
1222 1819 1463 1873 omniuut
1525 1816 1885 1871 admiratione
1919 1824 2178 1884 exceptus

2283 1815 2487 1885 λόγους.
2519 1815 2832 1885 Τηνικαῦτα
2861 1815 3030 1868 δὲκαὶ
3069 1815 3280 1868 Παύλου
3309 1817 3406 1886 τὴν
3442 1814 3552 1868 ἀπὸ
3590 1815 3837 1886 Ἰερουσα-

604 1921 707 1976 est,
753 1921 811 1965 ut
863 1899 979 1976 ejus
1011 1913 1210 1977 scripta
1241 1911 1403 1979 digna
1445 1908 1708 1976 deinceps
1735 1905 1974 1972 judicata
2024 1906 2131 1960 sint
2157 1945 2172 1970 ,

604 2020 726 2074 qua:
757 2005 808 2057 in
864 2003 1212 2058 bibliothecis
1259 2002 1488 2071 publicis
1553 2009 2027 2055 consecrarentur.
2062 1997 2177 2054 Sttb

604 2096 748 2151 idem
781 2105 991 2164 tempus
1017 2110 1138 2149 cum
1167 2093 1364 2148 Paulus
1396 2093 1672 2161 apostolus
1697 2093 1764 2146 ab
1783 2090 2178 2162 Hierosoiymis

605 2196 659 2240 et
697 2185 939 2240 finitimis
975 2185 1110 2240 locis
1137 2199 1421 2254 regressus
1452 2186 1517 2238 ad
1548 2184 1816 2256 Illyricum
1851 2196 2178 2254 usquepro-

605 2287 840 2348 peraret,
873 2277 1132 2333 Claudius
1187 2279 1486 2347 imperator
1528 2275 1745 2331 Judaeos
1777 2277 1924 2334 Urbe
1949 2276 2176 2345 expulit.

609 2371 762 2428 Unde
789 2371 982 2441 Aquila
1017 2379 1074 2426 et
1125 2370 1372 2426 Priscilla
1408 2387 1531 2456 eum
1596 2372 1716 2424 aliis
1767 2369 1968 2426 Iudaeis
2005 2370 2175 2424 Roma

607 2462 834 2532 egressi,
870 2463 922 2517 in
957 2462 1140 2516 Asiam
1177 2462 1525 2532 appulerunt,
1561 2462 1744 2531 ibique
1773 2477 1895 2517 cum
1933 2461 2178 2530 apostolo

607 2553 772 2611 Paulo
800 2557 887 2625 qui
922 2553 1282 2610 Ecclesiarum
1343 2555 1577 2624 regionis
1631 2554 1778 2609 illius
1831 2554 2178 2608 fundamenta

2278 1908 2390 1978 λὴμ
2434 1908 2528 1960 καὶ
2577 1907 2759 1979 κύκλῳ
2800 1908 3019 1978 πορείαν
3077 1907 3237 1979 μέχρι
3278 1907 3370 1960 τοῦ
3415 1905 3710 1978 Ἰλλυρικοῦ
3750 1905 3845 1958 δια-

2279 1999 2515 2063 νύοντος,
2549 2000 2834 2063 Ἰουδαίους
2869 1999 3083 2070 Ῥώμης
3109 1999 3398 2053 ἀπελαύνει
3430 1997 3697 2060 Κλαύδιος
3721 1997 3844 2067 (80).

2285 2094 2412 2146 Ὅτε
2451 2093 2678 2156 Ἀκύλας
2710 2092 2819 2163 (81)
2866 2092 2960 2146 καὶ
3014 2092 3312 2165 Πρίσκιλλα
3354 2091 3492 2164 μετὰ
3537 2084 3647 2145 τῶν
3685 2091 3848 2146 ἄλλων

2297 2185 2563 2240 Ἰουδαίων
2590 2186 2686 2257 τῆς
2723 2183 2938 2257 Ῥώμης
2962 2185 3384 2253 ἀπαλλαγέντες,
3419 2185 3512 2238 ἐπὶ
3535 2185 3635 2256 τὴν
3677 2183 3850 2238 Ἀσία-ι

2285 2277 2666 2347 καταίρουσινο
2715 2276 2948 2330 ἐνταῦθά
2978 2294 3035 2330 τε
3073 2277 3267 2348 Παύλῳ
3310 2277 3387 2347 τῷ
3426 2276 3710 2347 ἀποστόλῳ
3739 2292 3833 2328 συν

2283 2368 2637 2440 διατρίϐουσι,
2679 2372 2804 2432 τοὺς
2833 2369 3018 2422 αὐτόθι
3073 2370 3180 2424 τῶν
3209 2367 3551 2441 Ἐκκλησιῶν
3572 2369 3696 2439 ἄρτι
3723 2367 3851 2438 πρὸς

2282 2459 2445 2513 αὑτοῦ
2494 2458 2930 2530 καταϐληθέντας
2974 2459 3253 2530 θεμελίους
3299 2461 3721 2530 ὲπιστηρίζοντι.
3765 2460 3850 2510 Δι-

2284 2551 2548 2615 δάσκαλος
2577 2550 2672 2604 καὶ
2696 2549 2899 2604 τούτων
2925 2554 2958 2622 ἡ
2987 2551 3108 2623 ἱερὰ
3133 2551 3240 2606 τῶν
3261 2553 3514 2624 Πράξεων
3545 2553 3752 2623 γραφή.

609 2666 638 2703 a
667 2663 725 2705 se
757 2662 943 2702 recens
973 2648 1148 2718 posita
1185 2657 1294 2702 tum
1322 2647 1557 2702 maxime
1581 2647 1850 2712 ﬁrmabat,
1871 2645 2190 2702 commorati
2230 2656 2379 2709 sunt,
2417 2654 2476 2699 ut
2505 2644 2663 2698 docet
2695 2644 2905 2698 divinus
2929 2645 3158 2700 Actuum
3182 2645 3603 2715 apostolicorum
3631 2646 3782 2701 libcr.

608 2821 789 2874 uersus
823 2803 1092 2857 Flaccum.
1129 2803 1297 2858 Periit
1340 2804 1558 2874 quidem
1609 2803 1699 2874 hic
1745 2802 1986 2859 Philonis
2043 2803 2182 2857 liber

612 2875 689 2927 De
716 2871 1071 2928 Providentia.
1107 2874 1212 2928 Sed
1245 2871 1372 2943 ejus
1409 2874 1618 2944 insigne
1677 2873 2040 2942 fragmentum
2089 2875 2183 2926 ha-

611 2945 707 2997 hes
737 2946 876 3013 apttd
908 2945 1191 2998 Eusebium
1219 2942 1392 2999 iulib.
1422 2942 1538 2998 νιιι⁷
1566 2942 2008 3012 Pra'parationis,
2059 2958 2180 3013 cap.

614 3013 828 3074 uitium,
861 3023 914 3066 et
941 3015 990 3065 iu
1029 3015 1120 3067 lib.
1162 3031 1256 3074 vn.
1290 3031 1342 3070 c.
1369 3014 1461 3068 ει.

2288 2801 2570 2873 Claudium
2600 2817 2789 2873 omnes
2838 2803 3326 2873 peregrinos-urbe
3364 2805 3672 2873 expulisse,
3717 2809 3850 2864 inter

2288 2887 2424 2948 quos
2446 2871 2607 2948 etiam
2643 2871 2792 2926 fuere
2821 2873 3013 2928 Judaei.
3060 2872 3111 2948 I_d
3149 2876 3290 2948 enim
3325 2871 3484 2948 antea
3514 2878 3585 2929 ab
3618 2879 3849 2948 Augusto

2293 2941 2494 2996 factum
2521 2940 2698 2994 luerat
2726 2958 2739 3006 ;
2772 2952 2826 2995 et
2853 2959 2881 2995 a
2915 2945 3116 2997 seetttis
3148 2945 3570 3008 imperatoribus
3608 2940 3851 3010 fretiuen-

2293 3013 2497 3087 tissime
2525 3022 2721 3087 postea
2740 3023 3076 3087 usurpatum,
3107 3015 3318 3087 quoties
3349 3015 3474 3087 urbs
3490 3017 3657 3070 Roma
3689 3034 3850 3087 penu.

684 3085 794 3158 (7_7_)
824 3084 1457 3158 ηερίἸοωαίωντΝοη
1486 3083 1669 3158 dubito
1689 3084 1816 3158 quin
1844 3082 2184 3158 scribendum
2213 3099 2256 3158 ο
2293 3083 2368 3135 ria
2397 3082 2956 3158 annomelaborabat.
2984 3085 3158 3158 Atque
3203 3085 3274 3158 ita
3309 3082 3700 3158 explicandum
3729 3105 3849 3143 cen-

615 3153 701 3208 sit
728 3153 896 3222 ’Υπὲρ
940 3155 1261 3208 Ἰουδαίων.
1298 3157 1389 3209 Sic
1416 3156 1557 3208 enim
1595 3154 1843 3207 laudatur
1883 3154 1969 3206 hic
2000 3153 2182 3206 Philo-

615 3226 700 3279 nis
733 3225 866 3276 liber
912 3226 978 3278 ab
1028 3226 1259 3279 Eusebio
1308 3227 1359 3278 itt
1402 3225 1496 3278 lib.
1530 3238 1623 3278 vm
1679 3224 1752 3277 De
1798 3225 2185 3291 prceparatioue

612 3295 929 3363 evangelica,
963 3311 1084 3365 cap.
1121 3297 1188 3348 10
1213 3335 1229 3360 ,
1261 3296 1350 3348 tibi
1394 3296 1542 3365 locus
1584 3294 1856 3365 profertur
1893 3293 2186 3359 elegantis-

614 3366 784 3418 simus
821 3366 885 3416 ὲκ
934 3363 1047 3434 τῆς
1085 3365 1316 3429 Φίλωνος
1377 3364 1558 3434 ’Υπὲρ
1616 3363 1920 3418 Ἰουδαίων
1964 3365 2186 3419 ἀπολο-

612 3434 765 3503 γίας.
799 3435 1236 3488 Emendatimieut
1258 3445 1494 3504 uestram
1522 3435 1805 3489 confirmat
1827 3434 2066 3494 Rufinus,
2092 3436 2184 3504 qui

615 3506 760 3558 hunc
786 3505 960 3558 loeum
991 3506 1061 3557 ita
1105 3507 1294 3568 vertit,
1335 3507 1398 3557 de
1412 3503 1617 3557 Iudicis
1635 3504 1987 3571 apologeticus
2018 3503 2168 3558 liber.

683 3573 796 3642 ('78)
870 3575 1192 3642 Ἑϐραϊκῶν
1237 3573 1540 3644 ὀνομάτων
1580 3574 1900 3643 ἑρμηνεῖαι.
1960 3574 2033 3628 De
2088 3577 2188 3629 hoc

616 3641 858 3699 Philonis
892 3641 1030 3697 libro
1059 3641 1418 3713 lliemuyuius
1448 3647 1498 3697 in
1532 3641 1978 3710 interpretatione
2015 3647 2187 3698 nomi-

620 3729 748 3767 num
781 3714 1167 3768 llebraicorum
1221 3717 1294 3767 ita
1334 3716 1558 3768 scribit:
1598 3713 1790 3779 Philo,
1835 3716 1912 3768 vir
1947 3716 2188 3769 disertis-

615 3787 780 3837 simus
812 3783 1149 3847 Juda'ornnt,
1177 3784 1418 3854 Origenis
1458 3800 1658 3854 quoque
1705 3785 2003 3839 testimonio
2048 3802 2188 3838 com-

615 3855 868 3922 probatur
918 3857 1144 3908 edidisse
1189 3855 1382 3909 lt'bruut
1445 3855 2183 3921 llebraicorum-nominum,

615 3941 896 3992 eoruntque
917 3927 1254 3994 etymologias
1266 3927 1427 3994 juxta
1465 3926 1697 3978 ordinem
1727 3925 2016 3978 litterarum
2053 3941 2080 3978 e
2109 3926 2189 3978 la-

617 4004 723 4047 tere
753 3995 1046 4060 copulasse.
1108 3997 1211 4060 Qui
1255 4013 1371 4049 cum
1417 3996 1566 4064 vulgo
1609 3995 1865 4048 habeatur
1893 4013 1924 4047 a
1962 3994 2186 4062 Grauis,

618 4073 666 4135 e_t
722 4065 1059 4118 bibliothecas
1107 4067 1248 4119 orbis
1280 4066 1589 4135 impleverit,
1630 4066 1796 4118 studii
1831 4065 1958 4118 mihi
1987 4067 2088 4134 fuit
2134 4068 2188 4122 in

618 4131 865 4188 Latinam
907 4153 1023 4188 eum
1069 4137 1305 4204 linguam
1353 4131 1596 4189 'vertere.
1639 4135 1811 4188 Porro
1863 4131 1995 4188 cunt
2036 4135 2189 4191 Philo

621 4218 683 4275 ea
730 4205 996 4258 duntaxat
1047 4208 1259 4259 nomina
1308 4206 1700 4272 interpretatus
1749 4206 1938 4259 fuisset
1973 4222 2091 4275 qua:
2135 4209 2187 4260 in

621 4274 739 4342 lege
762 4290 824 4328 ac
849 4276 1126 4344 prophetis
1157 4275 1492 4344 habebantur
1512 4314 1526 4334 ,
1562 4285 1744 4343 postea
1776 4274 2037 4343 Origenes
2062 4291 2188 4330 vcr-

622 4344 902 4415 horutuac
925 4347 1200 4399 nominum
1234 4345 1366 4398 Novi
1399 4343 1736 4415 Testamenti
1792 4347 2189 4415 interpretatio-

621 4428 743 4465 ueut
776 4414 1003 4482 adjecit,
1049 4415 1304 4482 suppleas
1334 4413 1581 4467 videlicet
1607 4415 1658 4468 id
1683 4416 1822 4479 quod
1856 4415 1905 4467 iu
1935 4413 2189 4470 'l’hilonis

621 4482 760 4536 libro
787 4485 974 4538 deesse
1003 4486 1306 4550 videbatur,
1355 4494 1414 4536 ιιι
1449 4484 1642 4537 scribit
1689 4483 2048 4553 Hieronymus
2091 4488 2190 4540 ibi-

621 4556 761 4624 dem.
793 4555 1056 4623 Origenes
1097 4557 1148 4608 iu
1189 4556 1280 4609 lib.
1331 4570 1362 4606 ν
1417 4553 1709 4607 Comment.
1751 4555 1803 4607 in
1847 4553 2188 4624 Ecangelium

616 4622 1235 4696 Joannisrlnvenimus
1281 4641 1404 4696 ergo
1442 4625 1500 4677 itt
1543 4625 1972 4695 interpretatione
1999 4622 2192 4680 nomi-

621 4709 765 4757 num,
793 4694 1041 4757 Joannes,
1066 4705 1172 4752 etc.

692 4764 802 4833 (79)
832 4766 1075 4834 Σπουδὴ
1105 4763 1256 4819 εἶναι
1275 4766 1572 4837 λέγονται.
1607 4765 1742 4819 Tres
1759 4763 1927 4819 nostri
1951 4765 2188 4837 codices,

620 4833 783 4897 Μαι,
817 4837 953 4888 Med.
988 4833 1298 4891 acFuketii
1331 4833 1590 4906 scriptum
1621 4837 1822 4890 habent
1854 4836 2101 4890 σπουδαί.

691 4906 802 4975 (80)
871 4907 1200 4975 Ἰουδαίους
1240 4908 1464 4978 Ῥώμης
1513 4908 1838 4962 ἀπελαύνει
1875 4907 2188 4974 Κλαύδιος.

621 4975 935 5044 Desumpsit
980 4981 1080 5030 hoc
1129 4995 1194 5032 ex
1257 4975 1424 5032 Luca
1453 4982 1504 5032 iu
1550 4979 1773 5032 Actibus
1824 4979 2189 5046 apostolorum

619 5061 741 5114 cap.
770 5063 922 5100 xvtti.
957 5048 1020 5101 Et
1043 5048 1267 5103 Orosius
1288 5049 1503 5116 quidem
1537 5064 1679 5102 anno
1722 5048 1927 5102 Claudii
1973 5064 2113 5102 uono
2140 5049 2190 5101 id

621 5128 829 5185 ges-tutu
857 5135 976 5171 esse
1005 5120 1196 5173 scribit
1223 5135 1287 5172 ex
1316 5119 1568 5187 Josepbo.
1619 5121 1790 5182 Anno,
1825 5119 2014 5188 inquit,
2046 5122 2190 5185 ejus-

623 5190 735 5239 dem
762 5203 898 5240 nono
926 5193 1168 5257 expulsos
1194 5207 1286 5258 per
1307 5190 1586 5242 Claudium
1615 5190 1740 5242 urbe
1782 5188 2002 5242 Juda'os
2044 5190 2194 5243 Josc-

623 5259 752 5328 ptius
785 5260 968 5328 tradit.
1019 5257 1216 5313 Verum
1249 5259 1474 5328 Josephi
1515 5260 1666 5312 locus
1701 5257 1856 5326 cujus
1880 5260 2192 5313 testimonio

623 5327 793 5379 utitur
822 5327 1063 5391 Orosius,
1090 5332 1246 5383 hodie
1278 5327 1600 5384 uon’exstat.
1622 5329 1803 5395 Itaque
1824 5331 2045 5383 Cresius
2081 5346 2192 5384 me-

624 5401 794 5450 moria
830 5400 1012 5466 lapsus
1035 5401 1165 5454 tnilti
1194 5401 1423 5454 videtur.
1457 5401 1536 5454 Ac
1571 5399 1817 5467 profecto
1854 5415 2188 5468 nequaquam

625 5469 920 5522 verisimile
939 5479 1042 5533 est,
1069 5470 1348 5524 Claudium
1383 5471 1536 5539 imp.,
1567 5470 1657 5537 qui
1690 5479 1837 5522 tanta
1866 5470 2191 5524 benevolen—

626 5539 699 5589 tia
728 5555 939 5608 semper
959 5540 1172 5594 Judaros
1201 5539 1514 5609 complexus
1529 5549 1636 5602 est,
1666 5549 1722 5591 ut
1746 5548 1975 5606 patetex
2008 5540 2191 5596 multis

625 5609 744 5674 ejus
785 5613 978 5663 edictis
1026 5627 1146 5679 qua:
1183 5613 1322 5677 apud
1369 5609 1663 5678 .Iosephum
1720 5610 2006 5678 leguntur,
2043 5613 2190 5679 ipsos

629 5681 947 5734 nominatim
979 5679 1192 5736 Iudaeos
1213 5680 1346 5734 urbe
1373 5681 1668 5749 expulisse.
1709 5679 2045 5733 Crediderim
2090 5697 2187 5748 po-

631 5757 650 5798 t
676 5763 736 5798 us
759 5787 773 5809 ,
806 5765 927 5821 cum
957 5767 1162 5821 magna
1195 5752 1377 5804 [lenne
1410 5751 1580 5804 fames
1609 5760 1726 5821 orta
1754 5758 1897 5803 esset
1920 5790 1934 5810 ,
1956 5751 2022 5821 id
2046 5754 2188 5820 quod

631 5833 774 5874 mino
801 5820 1010 5878 Claudii
1042 5820 1252 5880 decimo
1297 5821 1528 5881 refertur
1571 5821 1625 5880 iu
1657 5820 1914 5878 Chronico
1949 5820 2186 5895 Eusebii,

2293 3166 2385 3206 seo
2409 3153 2584 3226 locum
2618 3152 2764 3226 il|_unt
2817 3153 2960 3226 beati
3002 3152 3185 3226 Lucas.
3231 3155 3381 3220 Quod
3432 3157 3476 3210 si
3513 3159 3639 3226 quis
3695 3159 3850 3214 fultus

2291 3225 2610 3297 auctoritate
2660 3222 2936 3284 Suetonii.
2981 3225 3288 3291 opinionem
3334 3222 3575 3297 nostram
3619 3241 3849 3297 respuat,

2291 3295 2539 3361 equidem
2581 3309 2684 3346 nou
2732 3309 3056 3362 magnopere
3092 3296 3416 3360 repugnabn.
3471 3295 3724 3351 Orosiuui
3773 3318 3853 3352 sr-

2292 3365 2400 3435 cuti
2448 3375 2574 3435 sunt
2623 3364 2892 3435 deinceps
2920 3378 3106 3416 omnes
3143 3366 3573 3435 Cbronugrapbi,
3609 3379 3662 3421 et
3695 3371 3848 3421 llam-

2294 3434 2414 3486 nius
2445 3434 2495 3486 in
2516 3432 2830 3487 Annalibus.
2863 3433 3032 3500 Quem
3055 3442 3230 3487 tamen
3261 3432 3596 3500 tuiror,'cum
3622 3441 3846 3494 edictum

2297 3503 2428 3557 illud
2467 3503 2675 3557 Claudii
2722 3514 2910 3556 contra
2962 3501 3177 3558 Judmos
3221 3503 3424 3558 referat
3466 3523 3613 3560 anno
3653 3510 3846 3562 Claudii

2294 3589 2462 3635 nono,
2493 3573 2778 3644 concilium
2813 3573 3354 3644 llierosolymitauum
3393 3577 3443 3628 itt
3480 3580 3726 3632 eumdem
3759 3597 3849 3632 au-

2297 3660 2420 3697 num
2452 3643 2823 3715 conferre.At
2857 3645 2907 3698 id
2943 3643 3227 3698 manifesto
3258 3656 3461 3715 pugnat
3485 3663 3606 3700 cum
3635 3649 3851 3702 Actibus

2293 3715 2676 3788 apostolorum.
2722 3713 2853 3788 l_\'atn
2900 3726 3019 3782 post
3068 3713 3354 3788 concilium
3415 3716 3850 3788 Hierosolymita-

2295 3800 2420 3838 nunt
2443 3823 2457 3846 ,
2487 3783 2631 3852 quod
2659 3784 2888 3838 refertur
2913 3799 3030 3852 cap.
3067 3801 3137 3838 xv
3160 3825 3174 3848 ,
3207 3785 3402 3838 Paulus
3444 3783 3722 3853 regressus
3756 3792 3851 3840 Au-

2297 3854 2550 3908 tiochiam
2589 3855 2952 3922 apostolorum
2985 3856 3276 3922 Epistolatu
3309 3855 3569 3910 fratribus
3615 3860 3847 3922 tradidit,

2293 3935 2349 3977 et
2377 3923 2652 3993 aliquanto
2692 3934 2930 3993 tempore
2973 3927 3168 3979 ibidem
3202 3937 3444 3980 moratus
3472 3941 3596 3981 esse
3638 3930 3845 3982 dicitur.

2297 3995 2546 4061 Post-haec
2575 3994 2845 4058 SCjUIIClllS
2893 4013 2918 4047 a
2951 3996 3190 4049 Barnaba
3215 4036 3231 4060 ,
3276 3996 3408 4050 abiit
3435 3998 3485 4048 itt
3528 3999 3743 4064 Syriam
3791 4015 3848 4050 ac

2297 4013 2546 4061 rosrnaec
2575 4013 2845 4058 sejuucuts
2893 4013 2918 4047 a
2951 4013 3231 4060 uaruaua,
3276 4013 3408 4050 antu
3435 4013 3485 4048 tn
3528 4013 3565 4049 δ
3612 4015 3743 4064 ιᾟιιιι
3791 4015 3846 4050 ac

2259 4107 2268 4120 .
2294 4064 2580 4139 Ciliciam,
2607 4067 2906 4139 praedicans
2936 4067 3152 4139 verbum
3189 4065 3300 4118 Dei.
3329 4065 3453 4118 lude
3489 4069 3538 4119 in
3567 4013 3846 4139 Phrygiam

2295 4145 2350 4189 et
2383 4135 2648 4188 Galatiam
2679 4151 2743 4188 ac
2772 4135 2989 4204 Mysiam
3019 4137 3293 4202 profectus
3321 4147 3423 4200 est,
3463 4140 3548 4190 tibi
3571 4139 3622 4192 itt
3655 4135 3850 4192 soiuuis

2295 4222 2324 4258 a
2356 4205 2561 4274 Spiritu
2577 4217 2774 4277 sancto
2799 4208 3121 4266 admonitus.
3160 4208 3210 4259 in
3247 4205 3612 4260 Macedoniam
3639 4211 3852 4277 naviga-

2296 4277 2394 4342 vit,
2421 4289 2484 4328 ac
2509 4275 2741 4343 primum
2783 4277 3001 4345 quidem
3034 4277 3292 4345 Philippis
3323 4280 3666 4332 auuuutiavit
3700 4275 3848 4332 tidem

2295 4345 2494 4398 Christi
2537 4363 2550 4397 :
2595 4346 2829 4413 posthmc
2871 4344 3263 4400 Thessalonicae
3301 4358 3352 4399 et
3406 4345 3677 4404 Berrhoze.
3721 4348 3850 4403 Hinc

2297 4416 2537 4485 Athenas
2557 4429 2678 4468 cum
2725 4416 3070 4485 navigasset,
3110 4417 3310 4470 diutius
3353 4416 3425 4469 ibi
3469 4429 3846 4481 commoratus,

2297 4487 2422 4538 dttm
2471 4483 2815 4557 Timotheum
2859 4483 2916 4540 et
2970 4488 3150 4557 Sylatu
3179 4497 3483 4554 exspectat,
3511 4489 3850 4543 Atheniensi-

2300 4557 2396 4628 bus
2427 4557 2647 4628 verbum
2667 4555 2760 4628 Dei
2785 4555 3114 4628 prafdica'v-it.
3161 4559 3359 4610 Deinde
3389 4557 3703 4612 Corinthum
3738 4574 3848 4628 pro-

2293 4624 2490 4698 fectus,
2520 4626 2770 4698 Aquilam
2801 4639 2855 4680 et
2878 4627 3175 4682 Priscillam
3209 4629 3276 4681 ibi
3309 4630 3527 4698 reperit,
3559 4633 3648 4698 qui
3685 4624 3848 4696 nuper

2292 4711 2358 4767 eo
2377 4697 2443 4748 ab
2472 4695 2622 4748 Italia
2655 4708 2914 4750 venerant
2939 4699 3007 4751 ob
3030 4699 3262 4750 edictum
3289 4697 3517 4764 Claudii,
3537 4695 3643 4767 quo
3667 4695 3846 4753 omnes

2291 4764 2459 4820 Judmi
2508 4767 2768 4834 compulsi
2819 4779 2978 4822 erant
3017 4767 3158 4822 Urbe
3206 4769 3506 4832 excedere,
3555 4764 3614 4823 ut
3663 4780 3744 4825 est
3796 4770 3843 4821 in

2291 4852 2415 4910 cap.
2453 4851 2580 4890 xvut
2607 4840 2855 4910 Aetuunt
2907 4841 3293 4910 aposmlorum.
3325 4837 3426 4910 ﬁlix
3474 4841 3556 4892 his
3607 4851 3842 4910 apparet,

2293 4906 2750 4978 interconciliuut
2793 4906 3176 4978 Hierusolyutis
3206 4909 3454 4962 habitum
3477 4950 3490 4971 ,
3513 4921 3566 4964 et
3610 4906 3839 4964 edictum

2292 4971 2536 5039 Claudii,
2565 4979 2786 5047 multum
2827 4971 3084 5047 temporis
3129 4980 3518 5033 intercessisse.
3566 4981 3682 5046 Quo
3714 4993 3841 5034 tem-

2292 5048 2440 5116 poris
2474 5046 2870 5118 spatiocuncta
2912 5046 3024 5104 haec
3073 5065 3191 5118 qua:
3235 5051 3617 5118 compendiose
3666 5049 3843 5106 retuli-

2294 5132 2444 5189 ntus,
2470 5132 2500 5170 a
2533 5115 2700 5171 Paulo
2725 5121 2965 5185 apostolo
2991 5115 3114 5174 sunt
3153 5130 3321 5189 gesta.
3357 5115 3412 5172 lu
3447 5117 3704 5175 Cltt'onico
3740 5122 3844 5174 Ale-

2292 5187 2557 5260 xandrino
2591 5191 2880 5242 concilium
2904 5187 3442 5260 llierosoljmitauum
3469 5192 3843 5245 referturanuo

2293 5258 2506 5311 Claudii
2558 5268 2742 5320 sexto,
2777 5260 2968 5314 tuclius
3010 5258 3238 5314 dixisset
3285 5263 3522 5329 septimo.
3571 5263 3660 5316 Sic
3704 5263 3840 5316 cuitu

2294 5339 2485 5381 cuncta
2528 5330 2745 5398 egregie
2789 5333 3135 5384 conveniunt.
3179 5329 3310 5384 Nam
3363 5331 3560 5386 Paulus
3617 5333 3843 5386 residuis

2294 5399 2571 5452 mensibus
2605 5400 2730 5452 anui
2765 5400 2908 5454 illius
2936 5417 3042 5469 quo
3067 5399 3351 5454 concilium
3377 5403 3619 5456 habitum
3651 5403 3840 5466 fuerat,

2294 5471 2492 5544 mansit
2528 5470 3014 5544 Antiocltize,_tuut
3055 5488 3196 5544 anno
3244 5473 3488 5544 sequenti
3538 5475 3747 5544 Syriam
3790 5481 3842 5523 et

2291 5537 2536 5612 Ciliciam
2566 5540 2920 5612 perlustravit
2948 5557 3070 5595 cum
3098 5537 3337 5612 Phrygia
3357 5553 3406 5595 et
3435 5537 3664 5598 Galatia.
3693 5548 3844 5599 Anno

2293 5609 2509 5662 demum
2537 5611 2743 5664 Claudii
2770 5628 2911 5665 nono
2939 5617 3084 5665 venit
3111 5615 3160 5665 itt
3188 5609 3476 5666 Graeciam.

2360 5683 2472 5748 (8f)
2497 5681 2633 5734 Ὅτε
2648 5681 2912 5748 Ἀκύλας.
2938 5682 2994 5755 rld
3021 5695 3101 5736 est
3125 5700 3224 5751 quo
3271 5696 3495 5752 tempore
3510 5687 3720 5755 Aquila,
3741 5695 3840 5741 etc.

2292 5748 2474 5832 Potest
2503 5755 2665 5832 etiam
2701 5754 2800 5824 legi
2847 5748 3150 5832 dis-iunctim
3185 5757 3212 5809 ὃ
3267 5774 3347 5822 τε,
3374 5748 3443 5809 ὐι
3494 5748 3749 5832 iit-Regio
3790 5765 3841 5811 et

2291 5818 2423 5877 Fuk.
2452 5823 2636 5880 codice
2663 5818 3145 5897 scriptuut'invetti.
