4140 6430
294 242 391 300 189

811 363 1203 418 ΚΕΦᾹΛΔΙΟΝ
1233 365 1330 419 ΙΘ’.

292 452 394 528 οἶα
410 452 555 519 τοὺς
675 450 1105 528 ’ζεροσολιὲμοις
1139 457 1455 528 Ἰουδαίους
1465 458 1742 528 συμφορὰ
1752 477 1856 528 με·

321 524 548 590 τῆλθεν
560 525 627 578 ἐν
645 523 718 593 τῇ
735 525 840 580 τοῦ
861 523 1282 597 Πάσχαίὴμέρᾳ
1308 523 1446 598 (Nic.
1467 523 1623 585 Η
1639 523 1696 594 ιι,
1713 523 1827 599 26).

357 617 478 669 Ἔτι
507 616 569 669 δὲ
602 617 864 670 Κλαυδίου
916 616 983 671 τὰ
1012 617 1115 688 τῆς
1142 619 1416 690 βασιλείας
1433 620 1726 686 διέποντος,
1760 638 1856 675 κα-

285 709 351 762 τὰ
371 709 473 779 τὴν
500 707 598 761 τοῦ
637 709 825 780 Πάσχα
885 709 1095 782 ἑορτὴν,
1146 710 1412 784 τοσαύτην
1471 713 1699 767 ἐπὶτῶν
1763 715 1858 768 Ὶε-

289 799 604 871 ροσολύμων
642 800 830 855 στάσιν
885 804 978 856 καὶ
1004 804 1244 876 ταραχὴν
1288 805 1602 874 ἐγγενέσθαι
1639 806 1853 880 συνέϐη,

287 892 360 956 ὡς
393 891 562 963 μόνον
601 893 706 946 τῶν
739 896 867 966 περὶ
907 895 1006 959 τὰς
1032 896 1242 962 ἐξόδους
1270 897 1364 951 τοῦ
1394 897 1541 970 ίεροῦ
1591 898 1683 970 βίᾳ
1737 918 1859 954 συν-

285 983 633 1056 ωθουμένων,
662 988 811 1058 τρεῖς
838 988 1104 1059 μυριάδας
1122 988 1232 1060 (8‘2)
1268 989 1533 1046 Ἰουδαίων
1570 992 1858 1049 ἀποθανεῖν

288 1074 419 1148 πρὸς
435 1076 687 1149 ἀλλήλων
721 1079 1232 1152 καταπατηθέντων,
1256 1081 1508 1151 γενέσθαι
1535 1101 1594 1136 τε
1621 1083 1718 1155 τὴν
1741 1085 1859 1157 ἐορ-

286 1169 377 1239 τὴν
401 1168 602 1233 πένθος
631 1171 727 1242 μὲν
752 1171 857 1242 ὅλῳ
880 1171 958 1243 τῷ
977 1172 1139 1237 ἔθνει,
1182 1173 1376 1245 θρῆνον
1394 1174 1450 1227 δὲ
1475 1175 1594 1229 καθ’
1626 1177 1858 1248 ἑκάστην

286 1261 478 1316 οἰκίαν.
505 1260 800 1317 Κα“ιταῦτα
827 1264 923 1335 μὲν
949 1265 1133 1337 σχεδὸν
1155 1267 1294 1321 κατὰ
1329 1267 1475 1332 λέξιν
1505 1271 1533 1322 ὁ
1574 1267 1855 1341 Ἰώσηπος.

289 1352 552 1418 Κλαύδιος
605 1355 660 1408 δὲ
705 1355 1040 1428 Ἀγρίππαν,
1103 1359 1402 1430 Ἀγρίππου
1465 1359 1672 1423 παῖδαᾶ
1728 1362 1860 1414 Ἰου-

286 1442 445 1498 δαίων
539 1446 830 1518 καθίστησι
912 1447 1130 1518 βασιλέα
1203 1451 1333 1521 (85),
1368 1449 1573 1522 Φήλικα
1603 1451 1711 1523 (84)
1761 1452 1860 1522 τῆς

289 1537 466 1608 χώρας
520 1539 742 1609 duit-3n;
800 1541 1110 1612 Σαμαρείας
1149 1559 1208 1595 τε
1257 1543 1350 1596 καὶ
1407 1541 1716 1607 Γαλιλαίας,
1768 1543 1862 1597 καλ⁹

289 1631 512 1702 προσέτι
546 1633 650 1702 τῆς
679 1634 1107 1706 ἐπικαλουμένης
1147 1635 1406 1706 Περαίας,
1441 1635 1732 1708 ἐπίτροπον
1766 1638 1860 1689 ἐκ·

1306 246 1658 305 ΗΙΞΤΟΒῘΑΕ
1701 248 2256 311 ΕΟΕιΕΞΙΑΒΤΙΕΕ
2295 252 2421 311 LIB.
2462 252 2526 310 ιι.

1885 375 1933 432 Α

3416 264 3517 320 190

2532 370 2756 428 CAPUT
2792 372 2933 432 XIX.

2030 464 2339 528 Cuiusmodi
2384 467 2661 543 crilamitas
2686 468 2904 543 editos
2937 469 3310 543 Hierosolymis
3337 473 3448 543 ipso

2414 535 2638 592 Pasclue
2685 541 2769 593 die
2802 540 3060 611 afﬂixerit.

2029 627 2292 683 Creterum
2315 627 2539 683 Claudio
2567 629 2869 686 Romanum
2905 631 3078 688 adhuc
3109 632 3390 702 imperium
3425 647 3519 702 gu-

1960 721 2244 786 bernante,
2277 731 2424 776 tanta
2464 723 2658 778 seditio
2689 732 2977 793 tantusque
3019 725 3282 779 tumultus
3326 723 3521 778 lliero-

1958 813 2186 884 solymis
2214 813 2266 867 in
2328 814 2442 883 ipsa
2475 814 2816 869 solemnitate
2848 814 3070 870 Pascha:
3103 815 3367 870 conﬂatus
3414 823 3518 882 est,

1959 915 2018 959 ut
2041 905 2252 960 illorum
2283 904 2541 958 duntaxat
2570 905 2658 973 qui
2688 905 2832 959 circa
2864 905 3046 974 templi
3072 916 3254 976 portas
3281 908 3522 962 contrusi

1959 1007 2012 1051 et
2043 996 2271 1051 conferti
2296 997 2705 1052 conculcatione
2730 1005 2914 1050 mutua
2944 998 3240 1064 perierunt,
3267 1014 3524 1055 numerus

1961 1089 2026 1142 ad
2085 1088 2304 1157 triginta
2362 1087 2638 1141 hominum
2694 1088 2858 1142 millia
2924 1090 3236 1158 pervenisse
3286 1090 3522 1144 dicatur.

1959 1181 2110 1236 Adeo
2135 1190 2193 1234 ut
2223 1179 2392 1232 festus
2418 1179 2506 1234 ille
2536 1180 2650 1234 dies
2675 1189 2728 1234 et
2756 1181 3024 1235 universa:
3055 1181 3200 1251 genti
3260 1181 3516 1251 lugubris.

1960 1279 2013 1326 et
2036 1272 2263 1341 singulis
2297 1271 2519 1326 familiis
2556 1271 2919 1325 lamentabilis
2953 1271 3136 1326 fuerit.
3196 1271 3321 1326 "me
3366 1270 3524 1328 Josev

1961 1364 2098 1432 phus
2128 1364 2320 1416 iisdem
2348 1361 2461 1416 fere
2496 1362 2677 1416 verbis
2707 1371 2992 1416 memorat.
3033 1362 3239 1418 Interea
3270 1363 3526 1418 Claudius

1961 1453 2254 1525 Agrippam
2290 1455 2537 1525 Agrippae
2565 1453 2730 1508 ﬁlium
2760 1454 3064 1510 Judtcorum
3101 1469 3282 1524 regem
3318 1455 3527 1510 consti-

1965 1549 2085 1608 tuit,
2125 1549 2290 1600 misso
2321 1546 2500 1601 Felice
2545 1545 2639 1615 qui
2685 1545 2881 1602 Judtm:
2905 1546 3064 1600 simul
3099 1555 3153 1601 et
3184 1544 3447 1600 Samaria:
3473 1553 3528 1601 et

1963 1640 2215 1705 Galilatte,
2251 1650 2304 1694 et
2327 1640 2561 1711 regionis
2591 1649 2739 1694 trans
2761 1639 3045 1695 Jordanetn
3069 1640 3178 1712 60
3207 1649 3528 1709 procurator

292 1723 528 1794 πέμψας.
584 1727 871 1796 Διοικήσας
916 1723 973 1780 δέ
1035 1727 1196 1790 αὐτὸς
1258 1728 1356 1798 τὴν
1387 1727 1682 1798 ἡγεμονίαν
1715 1727 1858 1780 ἔτεσι

1972 1743 2131 1788 esset.
2176 1733 2292 1806 Ipse
2352 1748 2476 1788 cum
2525 1733 2781 1788 tredecim
2821 1733 2980 1788 annis
3041 1742 3096 1787 et
3146 1741 3271 1788 oeto
3304 1731 3530 1800 insuper

290 1817 430 1885 τρισὶ
463 1816 562 1869 καλ⁸
588 1817 724 1871 δέκα
747 1819 882 1890 πρὸς
914 1819 1078 1891 μησὶν
1109 1817 1274 1884 ὀκτὼ,
1313 1817 1539 1890 Νέρωνα
1563 1820 1658 1890 τῆς
1687 1819 1861 1891 ἀρχῆς

291 1908 524 1978 διάδοχον
553 1908 866 1963 καταλιπὼν
898 1910 1141 1982 τελευτᾷ.
1225 1954 1234 1963 .

823 2003 1216 2056 ΚΕΦΑΛΑΙΟΝ
1247 2005 1330 2057 Κ¹.

363 2086 465 2146 υἷα
511 2094 614 2147 καὶ
649 2095 796 2167 κατά
825 2096 1066 2167 Νέρωνα
1095 2095 1165 2167 ἐξ
1190 2095 1314 2167 τοῖς
1357 2095 1794 2167 Ἰεροσολύμοις

646 2164 910 2235 ἐπράχθη
933 2164 1071 2236 (Nic.
1113 2165 1183 2218 II.
1219 2165 1283 2218 E.
1310 2181 1370 2230 ιι,
1397 2167 1510 2238 eo).

359 2255 513 2309 Κατὰ
563 2255 623 2310 δὲ
661 2257 887 2328 Νέρωνα
930 2257 1157 2328 Φήλικος
1201 2257 1302 2328 τῆς
1357 2258 1612 2323 Ἰουδαίας
1650 2258 1863 2331 ἐπιτρο-

297 2348 568 2413 πεύοντος,
605 2351 786 2414 αὐτοῖς
830 2351 1034 2422 ῥήμασι
1083 2347 1238 2415 αὖθις
1284 2353 1313 2405 ὁ
1352 2351 1632 2422 Ἰώσηπος,
1663 2352 1760 2424 τὴν
1785 2353 1864 2417 είς

297 2438 551 2511 ἀλλήλους
589 2441 779 2495 στάσιν
804 2441 911 2495 τῶν
944 2442 1131 2511 ἱερέων
1156 2437 1257 2496 ὦδε
1290 2461 1404 2507 πως
1431 2445 1487 2496 ἐν
1521 2445 1748 2515 εἰκοστῷ
1767 2445 1864 2516 τῆς

310 2531 756 2603 Ἀρχαιολογίας
773 2534 1033 2605 γράφειη
1073 2535 1384 2601 Ἐξὰπτεται
1427 2534 1482 2588 δὲ
1517 2537 1733 2600 καὶτοῖς
1764 2537 1864 2608 ἀρ-

298 2624 531 2696 χιερεῦσι
570 2627 760 2690 στάσις
789 2626 924 2697 πρὸς
953 2627 1077 2690 τοὺς
1102 2629 1283 2698 ἱερεῖς,
1312 2628 1405 2680 καὶ
1444 2629 1569 2691 τοὺς
1617 2629 1867 2700 πρώτους

299 2717 386 2774 τοῦ
427 2717 671 2789 πλήθους
724 2717 830 2771 τῶν
867 2718 1524 2790 Ἰεροσολύμων,,έκαστός
1558 2737 1617 2772 τε
1667 2721 1862 2787 αὐτῶν,

303 2812 478 2877 στῖςξος
509 2809 817 2880 ἀνθρώπων
844 2809 952 2862 τῶν
993 2809 1344 2882 θρασυτάτων
1383 2811 1476 2864 καὶ
1503 2812 1866 2882 νεωτεριστῶν

304 2899 470 2971 ἐαυτῷ
503 2903 761 2973 ποιήσας,
789 2899 1010 2972 ἡγεμὼν
1043 2897 1131 2971 ἦν.
1179 2901 1287 2954 Καὶ
1318 2902 1710 2973 συρράσσοντες
1739 2903 1866 2956 ἐκα-

303 2994 552 3062 κολόγουν
581 3011 643 3046 τε
673 2994 951 3064 ἀλλήλους,
987 2995 1081 3047 καὶ
1108 2992 1275 3057 λίθοις
1320 2993 1559 3047 ἕόαλλον.
1602 2995 1659 3047 Ὀ
1684 2995 1726 3048 δ’
1749 2997 1868 3048 ἐπι-

308 3086 530 3159 πλήξων,
561 3081 633 3156 ἦν
658 3085 776 3137 οὐδὲ
809 3080 906 3148 εἷς,
939 3083 1050 3136 ἀλλ’
1083 3083 1158 3148 ὡς
1186 3085 1242 3137 ἐν
1271 3083 1690 3156 ἀπροστατεύτῳ
1719 3085 1867 3138 πόλει

303 3177 444 3231 ταῦτ’
472 3177 783 3246 ἐπράσσετο
823 3175 935 3245 μετ’
961 3173 1226 3240 ἐξουσίας.
1256 3174 1504 3242 Τοσαύτη
1535 3173 1591 3226 δὲ
1613 3175 1738 3237 τοὺς
1765 3175 1864 3246 ἀρ-

307 3272 494 3341 χιερεῖς
532 3266 831 3321 κατέλαϐεν
859 3266 1096 3320 ἀναίδεια
1143 3267 1236 3319 καὶ
1260 3259 1452 3336 τόλμα,
1489 3265 1628 3319 ὥστε
1661 3267 1868 3338 ἐκπέμ-

308 3379 418 3416 πειν
447 3361 671 3423 δούλους
696 3359 930 3430 ἐτόλμων
958 3360 1048 3413 ἐπὶ
1080 3358 1178 3422 τὰς
1205 3358 1432 3422 ἅλωνας,
1471 3359 1595 3423 τοὺς
1633 3357 1869 3430 ληψομέ-

307 3472 418 3518 νους
437 3454 531 3518 τὰς
560 3457 672 3518 τοῖς
702 3453 901 3524 ἱερεῦσι
928 3451 1277 3522 ὀφειλομένας
1303 3450 1550 3515 δεκάτας.
1582 3453 1690 3505 Καὶ
1743 3469 1868 3506 συν-

307 3548 475 3602 έϐαινε
516 3549 652 3612 τοὺς
705 3546 1108 3618 ἀπορουμένους
1157 3545 1265 3598 τῶν
1298 3545 1485 3616 ἱερέων
1525 3544 1615 3599 ὑπ’
1668 3545 1872 3610 ἐνδείας

375 3737 479 3794 (82)
521 3734 689 3805 Τρεῖς
710 3733 1021 3805 μυριάδας.
1074 3735 1216 3805 Idem
1261 3748 1514 3805 numerus
1560 3730 1868 3805 pon_itur_in

315 3799 582 3861 Chronico.
634 3799 738 3859 Sed
776 3799 1042 3873 Iosephus
1087 3806 1140 3858 in
1180 3804 1274 3859 lib.
1307 3819 1345 3858 tt
1395 3803 1470 3856 De
1502 3803 1704 3857 excidio
1751 3799 1870 3873 plus

315 3893 460 3945 quam
490 3880 680 3932 decem
724 3871 1208 3935 milliaJtominum
1252 3875 1522 3928 exstincta
1553 3887 1676 3945 esse
1716 3871 1867 3945 dicit.

318 3942 366 4018 In
395 3947 655 4018 vicesimo
676 3945 1014 4018 autemIibro
1035 3945 1422 4018 Antiquitatunt
1443 3983 1476 4018 ,Α
1492 3943 1583 4012 qui
1607 3942 1729 4018 libri
1755 3948 1876 4018 post

320 4017 591 4071 historiam
625 4016 744 4070 belli
767 4015 972 4069 Iudaici
1001 4015 1068 4068 ab
1094 4031 1158 4070 eo
1176 4010 1477 4080 conscripti
1508 4010 1652 4075 Sunt,
1683 4010 1872 4080 vigin'ti

323 4088 474 4140 millia
499 4088 802 4141 occisorum
827 4095 1092 4140 numerat.
1129 4085 1302 4150 Quem
1337 4085 1552 4151 quidem
1591 4096 1872 4135 numerum

321 4159 460 4225 sequi
518 4157 744 4219 malim,
794 4166 1080 4224 propterea
1125 4155 1268 4225 quod
1325 4155 1382 4210 hi
1437 4153 1560 4208 libri
1607 4152 1875 4222 posterius

321 4228 493 4292 scripti
527 4236 679 4291 sunt,
712 4236 769 4279 ut
795 4227 926 4280 dixi.

387 4289 491 4365 (83)
533 4289 866 4366 Ἀγρίππαν
905 4295 1206 4350 Ἰουδαίων
1233 4294 1554 4362 καθίστησι
1589 4289 1873 4356 βασιλέα.

324 4365 411 4436 llic
441 4369 623 4434 iunior
649 4367 908 4436 Agrippa,
944 4367 990 4436 si
1016 4368 1229 4436 proprie
1252 4367 1568 4434 loquamur,
1603 4377 1874 4436 nunquam

324 4433 617 4491 Judaeorum
656 4433 750 4490 rex
791 4433 911 4491 fuit.
941 4433 1074 4490 Nam
1115 4433 1235 4504 post
1257 4433 1464 4491 obitum
1502 4433 1672 4504 patris
1691 4433 1877 4504 Agrip-

325 4522 428 4574 pas.
455 4509 543 4576 qni
591 4522 733 4560 anno
777 4522 830 4560 tv
869 4507 1076 4560 Claudii
1117 4503 1254 4560 abiit
1284 4523 1314 4560 e
1353 4503 1654 4576 vita,cunt
1703 4503 1878 4576 adhuc

325 4573 522 4631 inlirnia
559 4587 708 4631 esset
731 4586 910 4642 aetate,
943 4577 1196 4632 Claudius
1223 4592 1344 4631 eum
1369 4575 1507 4644 apud
1539 4589 1597 4644 se
1625 4573 1874 4638 detinuit,

328 4660 416 4716 nec
455 4649 503 4700 in
535 4648 706 4714 patris
740 4662 904 4715 regno
938 4650 1224 4702 succedere
1254 4643 1521 4716 permisit.
1561 4643 1755 4697 Postea
1786 4644 1880 4696 dc-

328 4714 498 4772 i’uucto
548 4717 758 4771 Herode
802 4714 1078 4772 Chalcidis
1124 4714 1286 4788 rege,
1332 4715 1588 4788 Claudius
1649 4728 1876 4788 regnum

329 4789 488 4852 patrui
514 4791 562 4842 ei
594 4788 833 4845 donavit.
875 4789 1028 4854 Quod
1061 4784 1314 4854 cum'per
1343 4784 1878 4856 quadriennium_te-

332 4857 539 4918 nuisset.
565 4858 819 4912 Claudius
853 4852 996 4910 anno
1027 4852 1234 4926 imperii
1268 4852 1696 4912 sui'duodecimo
1753 4852 1880 4926 'I_'ra-

332 4929 604 4983 muitidem
638 4944 757 4997 quae
785 4927 1078 4982 tetrarchia
1105 4921 1337 4996 Philippi
1382 4927 1589 4997 fuerat,
1611 4939 1742 4997 cum
1767 4921 1879 4997 _L_y-

337 4997 481 5065 sauia:
516 4993 681 5065 regno
712 4999 760 5051 ei
799 4998 1096 5059 concessit,
1125 4993 1374 5065 adempta
1420 4996 1569 5065 prius
1599 4993 1874 5065 Chalcide.

335 5062 418 5118 ius
441 5062 650 5137 quoque
679 5071 730 5122 itt
762 5068 1038 5135 templum,
1075 5074 1127 5120 et
1154 5062 1524 5137 eligendorum
1563 5064 1875 5137 pontiﬁcum

338 5135 640 5199 potestatem
663 5155 826 5207 quam
857 5138 1095 5192 Herodes
1118 5135 1342 5205 patruus
1369 5137 1650 5207 habuerat,
1681 5135 1731 5186 in
1755 5148 1875 5207 cum

341 5209 615 5278 transtulit.
661 5203 828 5261 Paulo
874 5219 993 5278 post
1037 5203 1178 5278 Nero
1233 5218 1443 5275 partem
1489 5205 1721 5278 Galil-mat
1759 5203 1878 5278 ejus

340 5277 561 5342 adjunxit
595 5293 778 5345 regno,
804 5273 1090 5333 ut'scribit
1121 5273 1384 5346 Josephus
1415 5278 1466 5331 in
1500 5276 1594 5330 lib.
1621 5291 1713 5329 xx.
1749 5273 1878 5340 Qua:

343 5359 448 5418 cum
479 5349 546 5402 ita
581 5349 710 5409 sint.
746 5359 970 5418 apparet
1000 5348 1111 5401 l'alli
1147 5345 1435 5402 Eusebium
1459 5386 1474 5410 ,
1509 5347 1600 5416 qui
1632 5345 1877 5418 buncju-

343 5417 529 5472 niorem
577 5417 868 5490 Agrippam
919 5419 1102 5472 statim
1157 5428 1280 5486 post;
1335 5419 1542 5490 obitum
1585 5420 1776 5490 gpatris
1825 5417 1876 5466 in

345 5500 544 5557 [v'gnum
605 5487 1128 5557 ejus'successisse,
1180 5497 1234 5542 et
1277 5487 1801 5557 regemiudzeorum
1850 5498 1880 5536 a

344 5551 542 5612 Claudio
568 5551 770 5614 factum
804 5575 924 5614 esse
958 5568 1068 5612 tum
1097 5558 1206 5622 hic,
1239 5551 1427 5611 tnm'in
1453 5555 1722 5612 Chronico
1752 5557 1882 5609 scri-

347 5623 440 5677 bat.
471 5630 781 5698 Quanquam
812 5631 914 5684 hoc
948 5630 1064 5683 loco
1097 5629 1357 5683 Eusebius
1392 5639 1576 5696 aperte
1614 5641 1719 5698 non
1752 5625 1882 5698 dicit

347 5699 508 5750 statim
562 5695 680 5769 poSt
722 5699 926 5756 obitum
964 5699 1132 5769 patris
1172 5713 1352 5769 regem
1400 5695 1550 5753 illum
1601 5712 1630 5752 a
1661 5695 1882 5751 Claudio

1895 3067 1937 3122 C

1963 1826 2246 1880 mensibus
2293 1824 2578 1894 imperium
2628 1825 3082 1892 administrasset,
3125 1824 3390 1880 Neronem
3423 1826 3528 1880 im-

1965 1917 2098 1972 peril
2125 1930 2493 1971 successorem
2519 1916 2858 1986 relinquens,
2893 1933 2924 1974 e
2961 1920 3067 1973 vita
3095 1919 3350 1974 decessit.

2551 2007 2779 2064 CAPUT
2819 2007 2939 2063 XX.

2005 2097 2135 2165 Qua:
2156 2109 2278 2154 acta
2317 2102 2421 2155 sint
2459 2098 2847 2169 Hierosolymis
2876 2098 2969 2153 sub
2998 2099 3219 2168 imperio
3260 2094 3512 2153 Neronis.

2035 2259 2267 2316 Neronis
2297 2270 2474 2316 autem
2531 2257 2866 2329 temporibus
2900 2255 3079 2338 elice
3105 2254 3348 2311 Iudaeam
3397 2271 3499 2324 pro

1963 2363 2210 2420 curante,
2240 2353 2401 2406 aliam
2438 2367 2628 2407 rursus
2661 2351 2802 2405 inter
2834 2348 3144 2404 sacerdotes
3166 2356 3406 2402 exortam
3437 2361 3529 2403 se-

1965 2445 2244 2510 ditionem,
2275 2443 2541 2510 Josephus
2575 2443 2627 2497 in
2678 2441 2936 2496 vicesimo
2985 2439 3365 2511 Antiquitatum
3393 2438 3532 2494 libro

1967 2547 2150 2592 narrat
2181 2537 2265 2592 bis
2287 2537 2506 2593 verbis:
2547 2555 2564 2587 ι
2601 2533 2727 2590 Orta
2771 2542 2879 2598 est,
2928 2533 3123 2603 inquit,
3166 2533 3360 2604 ingens
3386 2531 3532 2587 sedi.

1969 2633 2042 2688 tio
2067 2633 2382 2702 pontiﬁcum
2411 2632 2670 2686 adversus
2696 2630 3007 2685 sacerdotes
3028 2628 3396 2697 primoresque
3426 2625 3535 2697 ple-

1966 2725 2051 2780 bis
2083 2725 2596 2796 Hierosolymorum,
2633 2723 2767 2778 adeo
2819 2729 2878 2776 ut
2929 2719 3126 2790 singuli
3176 2718 3386 2773 illorum
3419 2716 3533 2772 col-

1967 2814 2102 2870 lecta
2149 2830 2312 2868 manu
2365 2814 2700 2884 perditorum
2750 2811 3027 2866 hominum
3061 2807 3326 2876 novisque
3374 2806 3536 2860 rebus

1968 2904 2324 2969 stridentium,
2369 2906 2622 2958 ductores
2648 2916 2706 2957 se
2732 2901 2909 2970 palam
2941 2898 3187 2953 ferrent:
3240 2895 3538 2965 congressi-

1971 3012 2076 3067 que
2105 2998 2371 3053 interdum
2397 2994 2661 3051 conviciis
2687 3004 2741 3048 et
2768 2993 3035 3062 lapidibus
3064 3006 3121 3044 se
3151 2998 3340 3044 mutuo
3369 2989 3538 3056 impe-

1973 3098 2150 3143 terent
2179 3105 2193 3143 :
2230 3103 2352 3142 cum
2387 3086 2604 3142 interim
2635 3100 2796 3141 nemo
2841 3092 2985 3138 esset
3015 3082 3105 3152 qui
3145 3095 3238 3136 eos
3284 3079 3536 3148 objurga-

1973 3190 2076 3246 ret,
2107 3179 2200 3237 sed
2227 3189 2482 3250 tanquam
2514 3179 2566 3234 itt
2607 3178 2828 3233 civitate
2865 3175 3009 3232 omni
3044 3183 3253 3229 rectore
3279 3171 3537 3227 destituta

1974 3273 2090 3329 hzec
2131 3273 2382 3327 licentius
2437 3278 2768 3341 agerentur:
2828 3277 2975 3321 tanta
3026 3281 3186 3335 porro
3221 3264 3536 3336 pontiﬁcum

1973 3371 2094 3416 erat
2123 3360 2454 3431 impudentia
2482 3369 2537 3414 et
2561 3358 2812 3424 audacia,
2839 3367 2897 3410 ut
2922 3371 3027 3410 non
3051 3355 3366 3410 dubitarent
3400 3368 3538 3409 'ser-

1975 3469 2076 3508 vos
2106 3467 2235 3507 suos
2262 3451 2328 3506 ad
2356 3465 2515 3505 areas
2557 3450 2793 3514 mittere,
2824 3449 2916 3518 qui
2960 3447 3200 3502 decimas
3245 3445 3543 3500 sacerdoti-

1979 3545 2080 3600 bus
2114 3544 2323 3600 debitas
2356 3551 2630 3614 raperent.
2670 3539 2826 3597 Unde
2855 3540 3058 3596 accidit
3107 3549 3166 3593 ut
3208 3537 3447 3592 nonnulli
3473 3552 3539 3592 ex

1976 3725 2177 3780 factum
2223 3724 2406 3780 fuisse.
2449 3722 2607 3779 Certe
2631 3722 2799 3791 ipsius
2835 3720 3057 3791 Iosephi
3106 3723 3416 3778 testimonio
3449 3725 3542 3780 de-
3615 3710 3627 3724 ’

1978 3796 2268 3850 monstrari
2295 3803 2507 3864 potest,
2537 3793 3119 3864 junioremAgrippam
3146 3809 3253 3849 non
3283 3797 3542 3850 continuo

1977 3875 2096 3934 post
2121 3862 2307 3935 patris
2329 3865 2736 3935 mortemuregia
2755 3862 3044 3935 dignitate
3068 3876 3319 3918 ornatum
3353 3865 3538 3919 fuisse.

1975 3931 2186 3990 Etenim
2204 3933 2466 4003 Josephns
2485 3932 2536 3987 in
2565 3931 2658 3986 lib.
2679 3949 2718 3988 ιι
2746 3931 2821 3985 De
2845 3932 2976 3986 bello
3007 3931 3258 3996 Iudaico,
3284 3949 3404 4002 cap.
3452 3937 3539 4000 l5,

1975 4002 2347 4060 duodecimum
2371 4003 2600 4058 Neronis
2633 4017 2832 4056 annum
2863 4017 2970 4070 quo
2998 4004 3161 4072 coapit
3209 4005 3409 4057 bellum
3441 4002 3540 4058 Ju-

1979 4077 2229 4137 daicum,
2261 4073 2542 4143 componit
2585 4088 2705 4126 cum
2738 4087 2883 4126 anno
2928 4074 3070 4142 regis
3109 4075 3360 4143 Agrippae
3402 4091 3537 4130 ιινιι.

1976 4145 2210 4200 Proinde
2249 4142 2432 4211 ⁸Ῑιιιιὶοι·
2489 4144 2721 4211 Agrippa
2770 4157 2998 4212 regnare
3047 4142 3204 4198 orsus
3258 4154 3342 4198 est
3399 4159 3540 4198 anno

1977 4216 2183 4271 Claudii
2213 4225 2426 4270 octavo.
2464 4213 2634 4268 Porro
2668 4228 2774 4266 non
2824 4215 3130 4283 negaverim
3173 4230 3294 4267 eum
3333 4212 3541 4269 Juda‘o-

1980 4302 2096 4340 rum
2123 4299 2300 4354 regem
2333 4284 2436 4338 dici
2472 4299 2647 4353 posse.
2676 4299 2798 4340 cum
2841 4282 2936 4336 rex
2970 4282 3132 4337 fuerit
3178 4283 3413 4354 Galilaeae
3434 4324 3450 4348 ,
3488 4293 3540 4340 et

1981 4356 2122 4409 inter
2167 4353 2472 4409 .l'udzeorum
2515 4369 2671 4423 reges
2721 4365 3070 4408 recensentur
3120 4370 3148 4406 a
3197 4353 3368 4408 .lusto.
3434 4356 3538 4409 Sed

1979 4440 2117 4501 nego
2146 4426 2293 4478 illutn
2319 4423 2522 4501 indaga:
2558 4440 2736 4501 regem
2768 4439 3004 4501 unquam
3025 4423 3218 4501 fuisse.
3249 4425 3382 4478 Nam
3408 4433 3542 4501 post

1978 4498 2183 4550 obitum
2215 4497 2448 4548 senioris
2474 4496 2740 4564 Agrippae,
2771 4497 2862 4562 qui
2896 4495 3120 4562 contigit
3154 4510 3294 4548 anno
3328 4511 3380 4549 tv
3407 4496 3539 4564 imp.

1978 4565 2211 4630 Claudii,
2251 4564 2432 4619 Judaea
2459 4563 2849 4634 in’pt'ovincia:
2903 4564 3130 4617 fortnam
3179 4566 3392 4618 redacta
3435 4563 3537 4626 est,

1979 4638 2260 4704 missique,
2285 4636 2339 4688 iit
2375 4648 2493 4688 eam
2528 4637 2818 4702 quotannis
2859 4645 3239 4703 procuratores
3285 4635 3539 4699 Ctesaris,

1978 4715 2035 4760 ut
2064 4703 2219 4760 docet
2241 4703 2527 4773 Josephus.

2050 4777 2164 4846 (84)
2195 4772 2822 4846 ΦήλικαχιιιΕΙιι-οηὶεο
2868 4773 3260 4846 ΕυδειιίἰῈθιὶιι
3313 4776 3380 4829 ad
3425 4789 3543 4843 pro-

1979 4843 2312 4901 curat-fortem
2365 4843 2564 4898 Judaeze
2611 4845 2806 4897 missus
2845 4859 2965 4898 esse
3007 4845 3202 4898 dicitur
3233 4863 3260 4897 a
3314 4846 3541 4900 Claudio

1981 4931 2122 4971 anno
2145 4933 2220 4971 tu.
2255 4917 2360 4971 Sed
2403 4918 2453 4967 itt
2487 4915 2722 4968 editione
2747 4913 3004 4983 Scaligeri
3034 4916 3236 4968 rectius
3274 4916 3325 4970 id
3367 4919 3544 4970 ascri-

1981 4987 2126 5041 bitttr
2153 5002 2295 5042 anno
2325 5001 2355 5039 ιι
2387 4985 2619 5040 Claudii.
2655 4986 2842 5038 Verius
2881 4995 3058 5038 tamen
3106 4985 3348 5050 videtur,
3398 4987 3540 5039 Feli-

1980 5070 2095 5111 cem
2131 5073 2274 5111 anno
2301 5055 2511 5112 Claudii
2555 5068 2694 5110 nono
2746 5056 2966 5108 missum
3014 5070 3136 5108 esse
3183 5057 3234 5108 in
3274 5054 3536 5111 Judaeann

1977 5128 2114 5183 Nam
2146 5127 2372 5181 Tacitus
2403 5130 2453 5179 in
2487 5125 2582 5180 lib.
2612 5141 2714 5189 xu,
2747 5126 2892 5180 Sulla
2921 5137 2975 5179 et
3010 5125 3220 5179 Othone
3250 5142 3412 5191 coss.,
3447 5127 3538 5195 qui

1979 5209 2059 5253 est
2110 5213 2285 5252 annus
2329 5212 2362 5249 ιι
2416 5195 2663 5258 Claudii,
2706 5197 2935 5250 Felicem
2975 5196 3300 5264 jampridem
3341 5195 3540 5250 JUtltl‘lS

1979 5269 2289 5338 impositum
2339 5267 2512 5338 fuisse
2551 5268 2708 5329 dicit,
2768 5278 2824 5320 et
2878 5267 2928 5318 in
2975 5281 3097 5334 cap.
3149 5281 3276 5320 xxiv
3307 5271 3536 5338 Actuqu

1979 5336 2344 5408 apostolorum
2387 5336 2838 5408 Pauluscausatn
2899 5352 3063 5406 agens
3096 5339 3234 5406 apud
3291 5337 3537 5408 eumdem

1979 5407 2249 5473 Felicem,
2282 5410 2424 5477 quod
2469 5407 2695 5474 contigit
2735 5421 2879 5460 anno
2915 5409 3120 5462 Claudii
3153 5423 3273 5468 χιιι,
3303 5407 3381 5460 sic
3415 5420 3538 5458 eum
3595 5414 3597 5416 '

1981 5476 2314 5549 alloquitan
2357 5479 2441 5532 Ea:
2480 5477 2656 5549 multis
2699 5478 2853 5531 annis
2893 5487 2941 5532 te
2984 5494 3094 5531 esse
3137 5477 3371 5549 judicent
3414 5476 3540 5549 huic

1981 5546 2122 5620 genti
2143 5551 2336 5620 sciens,
2357 5561 2461 5604 etc.
2485 5546 2750 5602 Caeterum
2789 5549 2988 5603 fallitur
3028 5549 3114 5602 hic
3159 5547 3422 5620 Rutilius,
3449 5546 3539 5612 qui

1985 5618 2095 5675 haec
2128 5621 2287 5674 verba
2311 5618 2528 5687 Josepbi
2563 5634 2682 5674 esse
2709 5620 3060 5682 existimavit,
3087 5635 3206 5672 cum
3242 5620 3347 5672 sint
3373 5618 3543 5671 Euse-

1984 5692 2055 5746 bii
2095 5692 2264 5764 ipsius
2297 5702 2351 5746 ttt
2380 5701 2623 5759 apparet.
