4140 6430
628 289 726 346 191
800 239 825 257 .

1368 287 1639 346 EUSEBH
1674 286 2163 344 CASSARIENSIS
2201 285 2350 343 OPP.
2391 281 2572 339 PARS
2608 281 2649 338 1.
2687 313 2758 325 ——
2793 282 3185 337 HlS'lUlilLA.

3774 290 3875 351 192

627 410 965 466 sacerdotum
1007 407 1219 473 ordine,
1250 407 1446 477 quibus
1498 423 1587 464 res
1624 405 1911 462 familiaris
1944 416 2063 462 erat
2092 422 2172 460 an.

2290 400 2689 474 ἀπολλυμένους
2737 399 2980 471 θεωρεῖν.
3031 398 3217 463 Οὕτως
3258 401 3481 473 ἐκράτει
3522 403 3623 458 τοῦ
3667 405 3873 463 δικαίου

627 502 856 574 gustior,
887 515 999 569 prae
1023 500 1403 554 alimentorum
1434 500 1615 571 inepia
1646 499 1963 555 deﬁcerent.
1991 498 2073 553 ita
2106 513 2193 552 se-

626 593 942 647 ditiosorum
967 590 1222 645 violentia
1238 589 1328 659 jus
1349 590 1536 660 fasque
1557 590 1774 661 penitus
1791 598 2185 659 oppresserat.)

624 678 768 734 Idem
803 682 1037 750 scriptor
1077 682 1175 735 sub
1205 682 1320 736 lucc
1357 690 1597 751 tempora
1625 690 1857 735 turmam
1898 681 2190 752 quamdam

625 786 994 843 grassatorum
1041 774 1438 846 Hierosolymis
1465 775 1740 830 exstitisse
1782 774 1936 839 dicit,
1986 774 2076 842 qui
2112 774 2192 826 in-

627 867 795 921 terdiu
821 868 1007 922 obvios
1037 868 1088 920 in
1117 867 1334 921 civitate
1366 867 1729 921 trucidabant.
1754 865 2035 936 Praecipue
2064 880 2191 920 vero

624 959 718 1021 ait,
758 959 947 1011 diebus
981 959 1132 1011 festis
1162 958 1304 1028 plebi
1361 958 1606 1023 immisti,
1632 959 1775 1013 sicas
1820 957 1918 1013 sub
1949 957 2189 1010 vestibus

621 1051 977 1115 occultantes,
1009 1052 1268 1119 optimum
1299 1064 1570 1121 quemque
1600 1048 1993 1120 percutiebant.
2024 1047 2189 1103 Cum-

621 1160 724 1212 que
747 1144 1009 1198 vulnerati
1047 1144 1290 1213 protinus
1317 1144 1656 1199 corruisseut
1677 1183 1693 1207 ,
1728 1142 1826 1210 ipsi
1855 1157 1975 1196 cum
2006 1150 2190 1195 astan-

621 1236 763 1289 tibus
795 1236 1059 1302 indignari
1086 1250 1144 1290 se
1169 1234 1516 1289 simulabant.
1541 1234 1660 1301 Quo
1688 1232 2188 1299 facto,credulitate

619 1329 894 1382 hominum
924 1329 1054 1383 nihil
1085 1329 1151 1383 de
1180 1329 1245 1384 iis
1262 1328 1467 1382 sinistri
1498 1327 1912 1397 suspicantium,
1936 1327 2029 1379 diu
2058 1324 2184 1380 tecti

620 1418 906 1473 latuerunt.
947 1421 1024 1473 Ac
1054 1419 1284 1487 primum
1314 1420 1529 1488 quidem
1557 1415 1844 1472 Ionatham
1875 1417 2184 1486 pontilicetn

617 1511 684 1562 ab
706 1511 808 1564 illis
837 1511 911 1563 ait
959 1510 1303 1565 interfectum
1340 1511 1528 1569 fuisse.
1560 1510 1757 1564 deinde
1783 1524 1912 1562 vero
1943 1506 2185 1576 complu-

619 1620 703 1657 res
732 1604 865 1656 alios
890 1602 1131 1671 quotidie
1153 1601 1457 1657 confossos.
1484 1602 1631 1656 Adeo
1664 1611 1720 1654 ut
1757 1600 1923 1657 timor
1954 1601 2065 1668 ipsa
2101 1614 2187 1654 ca-

617 1695 859 1749 lamitate
904 1695 1153 1749 acerbior
1200 1704 1365 1762 esset,
1402 1696 1528 1749 dum
1565 1694 1764 1761 singuli
1829 1703 2081 1761 tanquam
2129 1695 2181 1747 in

2295 495 2491 560 παντὸς
2525 497 2558 566 ή
2595 495 2701 547 τῶν
2742 491 3132 558 στασιαζόντων
3174 491 3283 564 βία.
3319 513 3338 546 ι
3383 495 3561 550 Πάλιν
3586 497 3648 550 δέ
3671 500 3875 568 ὁαύτὸς

2293 586 2638 657 συγγραφεὺς
2669 582 2814 638 κατά
2841 585 2966 648 τοὺς
2998 583 3192 648 αὐτοὺς
3216 584 3439 656 χρόνους
3468 587 3531 640 ὲν
3580 588 3874 661 Ἱεροσολύ-

2294 696 2413 750 μοις
2428 678 2731 748 ὑποφυῆναι
2761 676 2967 750 λῃστῶν
2988 694 3040 730 τι
3064 673 3200 741 εἶδος
3223 678 3442 751 ἱστορεῖ,
3474 698 3495 731 ι
3525 681 3577 734 οἳ
3601 681 3871 755 μεθ’ήμέ-

2292 786 2413 842 ραν,
2446 768 2522 833 ῶς
2560 786 2712 842 φησι,
2755 768 2851 822 καὶ
2895 770 2952 821 ἐν
2988 768 3126 841 μέσῃ
3164 772 3227 841 τῇ
3263 770 3411 824 πόλει
3445 773 3709 840 ἐφόνευον
3752 778 3872 842 τοὺς

2292 860 2663 922 συναντῶντας
2684 875 2697 888 '
2737 859 2968 930 μάλιστα
2994 859 3100 931 γὰρ
3124 861 3181 913 ὲν
3209 863 3328 924 ταῖς
3354 864 3577 934 ἑορταῖς
3608 867 3861 938 μιγνυμὲυ

2288 964 2412 1015 νους
2430 950 2507 1022 τῷ
2537 950 2746 1021 πλήθει,
2783 951 2875 1004 καὶ
2909 954 3028 1013 ταῖς
3056 951 3273 1023 ἐσθῆσιν
3302 954 3764 1024 ύποκρύπτοντας
3788 976 3859 1029 μιν

2288 1042 2397 1115 κρὰ
2441 1042 2659 1112 ξιφίδια,
2697 1042 2917 1105 τούτους
2964 1042 3173 1096 νύττειν
3217 1046 3340 1108 τοὺς
3377 1045 3678 1119 διαφόρους

2288 1135 2476 1190 ἔπειτα
2508 1137 2802 1201 πεσόντων,
2825 1137 2988 1208 μέρος
3018 1136 3260 1205 γίνεσθαι
3282 1139 3390 1192 τῶν
3422 1142 3846 1210 ὲπαγανακτούν

2286 1250 2392 1286 των
2452 1230 2645 1294 αὐτοὺς
2667 1230 2792 1293 τοὺς
2812 1229 3238 1300 πεφονευκότας·
3275 1231 3354 1285 διὸ
3387 1234 3483 1286 καὶ
3519 1237 3868 1293 παντάπασιν

2287 1324 2378 1376 ὑπ’
2429 1321 2767 1388 ἀξιοπιστίας
2814 1322 3133 1392 ἀνευρέτους
3180 1324 3451 1391 γενέσθαι.
3499 1327 3729 1397 Πρῶτον
3774 1333 3867 1401 μὲν

2286 1410 2377 1468 οὖν
2428 1414 2519 1468 ὑπ’
2546 1413 2745 1477 αὐτῶν,
2792 1412 3044 1485 Ἰωνάθην
3088 1414 3178 1469 τὸν
3205 1417 3462 1489 ἀρχιερέα
3507 1424 3855 1494 κατασφαγῆο

2286 1524 2396 1568 ναι,
2430 1505 2565 1577 μετά
2592 1505 2635 1558 δ’
2668 1505 2848 1569 αὑτὸν,
2872 1504 2993 1558 καθ’
3012 1505 3221 1577 ἡμέραν
3245 1509 3589 1580 ἀναιρεῖσθαι
3616 1511 3864 1581 πολλοὺς,

2284 1601 2380 1654 καὶ
2427 1600 2535 1653 τῶν
2587 1601 2877 1673 συμφορῶν
2930 1601 3021 1655 τὸν
3080 1601 3243 1672 φόϐον
3280 1598 3415 1656 εἶναι
3453 1604 3862 1678 χαλεπώτερον,

2286 1692 2513 1744 ἑκάστου
2547 1691 2797 1762 καθάπερ
2829 1692 2885 1745 ὲν
2917 1691 3137 1763 πολέμῳ
3169 1690 3292 1745 καθ’
3322 1690 3470 1763 ῶραν
3511 1691 3609 1745 τὸν
3640 1691 3863 1749 Θάνατον

617 1789 730 1841 acie
756 1788 935 1857 positi,
967 1788 1159 1857 quovis
1184 1797 1458 1843 momento
1485 1798 1712 1843 mortem
1748 1787 1848 1841 sibi
1903 1787 2172 1841 imminere

2285 1780 2735 1853 προσδεχομένου.
2766 1755 2797 1832 ἰ

617 1882 919 1935 crederent.

1117 1972 1220 2043 ει
1263 1970 1491 2026 CAPUT
1531 1970 1672 2024 xxr.

677 2063 752 2117 De
782 2064 990 2118 homine
1010 2062 1284 2133 /Egyptio,
1323 2065 1473 2129 cuius
1511 2065 1705 2117 mentio
1727 2064 1789 2131 ﬁt
1816 2064 1871 2116 in
1898 2062 2117 2117 Actibus

1211 2135 1587 2202 apostolorum.

684 2222 879 2278 Paucis
923 2224 1116 2279 deinde
1168 2225 1464 2294 interiectis
1516 2226 1628 2280 haec
1676 2225 1988 2295 subjungit:
2025 2244 2043 2276 ι
2073 2224 2178 2281 Sed

612 2315 800 2380 multo,
832 2314 1031 2382 inquit,
1060 2315 1308 2386 graviore
1330 2316 1485 2370 clade
1523 2314 1740 2371 Judzeos
1770 2313 1958 2370 amixit
2004 2316 2175 2388 Egy-

610 2406 754 2474 ptius
796 2406 1013 2475 quidam
1044 2404 1212 2462 falsus
1243 2407 1526 2476 propheta.
1570 2407 1811 2478 Namque
1835 2410 1880 2463 is
1917 2409 1968 2462 in
2000 2409 2176 2479 regio-

611 2512 734 2551 nem
770 2497 1065 2567 ingressus,
1092 2498 1253 2552 homo
1283 2514 1495 2568 magus,
1531 2514 1652 2553 cum
1678 2500 1988 2568 Opinionem
2016 2508 2178 2568 atque

611 2590 986 2642 auctoritatem
1037 2590 1313 2659 prophetae
1357 2590 1461 2644 sibi
1498 2590 1862 2654 conciliasset,
1892 2606 2060 2660 usque
2108 2592 2175 2646 ad

611 2679 828 2749 triginta
860 2679 1137 2733 hominum
1180 2680 1347 2734 millia
1379 2696 1515 2751 quos
1544 2682 1827 2753 priestigiis
1856 2684 1970 2738 suis
2014 2683 2173 2738 dece-

605 2780 782 2841 perat,
809 2772 1178 2840 congregavit.
1210 2772 1355 2838 Quos
1381 2789 1502 2826 cum
1527 2789 1592 2827 ex
1620 2776 1905 2829 solitudine
1928 2776 1993 2828 ad
2025 2791 2175 2829 mon-

608 2871 714 2915 tem
766 2877 936 2931 usque
978 2863 1254 2918 Olivarum
1315 2864 1682 2933 perduxisset,
1722 2865 1846 2920 inde
1897 2865 1948 2919 in
1988 2867 2172 2920 urbem

605 2953 1101 3025 Hierosolymorum
1159 2957 1460 3027 irrumpere
1513 2966 1807 3023 statuerat,
1847 2957 2174 3029 depulsoque

609 3045 976 3102 Romanorum
1008 3048 1280 3116 praesidio,
1312 3050 1734 3104 dominationem
1773 3065 2060 3120 occupare,
2088 3064 2173 3105 sa-

543 3142 549 3161 ‘
603 3140 801 3195 tellites
816 3154 911 3194 eos
937 3140 1221 3195 habiturus
1239 3140 1328 3209 qui
1358 3155 1540 3195 secum
1559 3141 1614 3195 in
1642 3143 1828 3195 urbem
1857 3142 2167 3198 irruissent.

2808 1956 3202 2011 ΚΕΦΑΛΑΙΟΝ
3228 1957 3357 2010 KA'.

2277 2048 2418 2118 Περὶ
2466 2048 2571 2103 τοῦ
2613 2049 2960 2117 Αἰγυπτίου,
2986 2046 3058 2106 οὗ
3105 2049 3203 2103 καὶ
3248 2050 3366 2104 τῶν
3387 2051 3759 2105 ἀποστόλων
3798 2051 3859 2105 al

2396 2120 2647 2187 Πράξεις
2673 2120 3130 2189 ἐμνημόνευσαν
3159 2120 3298 2192 (Nic.
3332 2121 3402 2177 ll.
3432 2120 3501 2175 E.
3528 2137 3593 2187 ιι,
3619 2120 3738 2193 26).

2360 2210 2517 2282 Ἑξῆς
2568 2211 2624 2265 δὲ
2680 2210 2889 2274 τούτοις
2944 2212 3190 2285 ἐπιφέρει
3261 2212 3379 2284 μεθ’
3431 2213 3602 2287 ἔτερα
3652 2213 3854 2283 λέγων·

2283 2321 2302 2355 ι
2335 2305 2556 2369 Μείζονι
2603 2304 2660 2357 δὲ
2693 2303 2897 2359 τούτων
2942 2304 3121 2377 πληγῇ
3168 2306 3450 2370 Ἰουδαίους
3500 2307 3787 2362 ἐκάκωσεν
3828 2311 3859 2361 6

2276 2398 2569 2467 Δίγύπτιος
2613 2398 3079 2470 ψευδοπροφήτης.
3123 2400 3574 2472 Παραγενόμενος
3614 2400 3726 2473 γὰρ
3779 2402 3857 2464 είς

2274 2492 2372 2562 τὴν
2404 2490 2584 2563 χώραν
2616 2490 2899 2563 ἄνθρωπος
2921 2490 3072 2563 γόης,
3100 2490 3192 2544 καὶ
3220 2493 3498 2562 προεξήτου
3528 2491 3714 2544 πίστιν
3739 2492 3854 2543 Em—

2276 2584 2388 2648 θεὶς
2421 2582 2618 2654 ἐαυτῷ,
2647 2584 2775 2654 περὶ
2801 2581 3156 2654 τρισμυρίους
3188 2583 3285 2652 μὲν
3318 2582 3561 2649 ἀθροίζει
3581 2581 3693 2635 τῶν
3713 2583 3852 2650 ἠπα-

2272 2675 2540 2746 τημένων,
2583 2672 2932 2746 περιαγαγὼν
2978 2673 3021 2727 δ’
3058 2674 3253 2737 αὐτοὺς
3285 2675 3347 2727 ἐκ
3375 2673 3476 2744 τῆς
3509 2673 3751 2745 ἐρημίας
3775 2674 3852 2736 είς

2272 2767 2333 2821 τὸ
2370 2767 2592 2820 Ἐλαιῶν
2624 2767 2955 2837 καλούμενον
2992 2767 3136 2839 ὅρος,
3182 2766 3390 2821 ὲκεῖοεν
3429 2762 3545 2831 οἶός
3575 2783 3638 2819 τε
3673 2761 3741 2838 ἦν
3777 2768 3854 2829 είς

2285 2857 2626 2930 Ἱεροσόλυμα
2664 2858 2952 2931 παρελθεῖν
2982 2858 3280 2928 βιάζεσθαι,
3310 2861 3405 2912 καὶ
3435 2862 3726 2933 κρατήσας
3746 2857 3853 2929 (86)

2273 2949 2373 3019 τῆς
2399 2967 2457 3002 τε
2492 2950 2800 3022 Ῥωμαῖκῆς
2829 2952 3067 3024 φρουρᾶς
3098 2951 3192 3005 καὶ
3223 2952 3315 3005 τοῦ
3349 2952 3525 3024 δήμου
3547 2955 3849 3026 τυραννεῖν,

2273 3039 2551 3115 χρώμενος
2594 3044 2705 3104 τοῖς
2748 3043 3156 3097 συνεισπεσοῦσι
3200 3043 3542 3117 δορυφόροις.
3577 3044 3771 3099 Φθάνει
3803 3044 3855 3098 τ’

2272 3134 2434 3189 αὐτοῦ
2466 3135 2563 3208 τὴν
2602 3136 2780 3208 ὁρμὴν
2821 3136 3007 3207 Φῆλιξ,
3050 3139 3365 3210 ὑπαντήσας
3396 3138 3541 3210 μετὰ
3565 3139 3673 3193 τῶν
3720 3140 3849 3194 Ῥω-

604 3231 802 3286 Verum
853 3230 1008 3286 Felix
1051 3243 1303 3287 conatum
1355 3232 1589 3287 hominis
1624 3234 1916 3301 prazvenit,
1955 3235 2167 3289 obviam

2275 3226 2486 3299 μαῖκῶν
2517 3227 2769 3282 ὁπλιτῶν.
2807 3230 2925 3283 ,Καὶ
2954 3232 3059 3295 πᾶς
3094 3233 3122 3284 6
3152 3230 3323 3302 δῆμος
3370 3233 3725 3306 συνεφήψατο
3756 3233 3849 3303 τῆς

604 3324 862 3379 adversus
912 3339 1036 3379 eum
1067 3339 1385 3394 progressus
1423 3340 1547 3378 cum
1593 3324 1852 3379 Romanis
1886 3325 2168 3385 militibus.

602 3414 669 3469 Et
706 3415 988 3470 universus
1036 3416 1264 3485 populus
1296 3431 1391 3485 pro
1424 3416 1599 3470 salute
1634 3416 1821 3483 patria:
1867 3426 2168 3471 certaturus

603 3507 879 3562 Romanos
907 3519 1127 3563 strenue
1143 3507 1455 3575 adiuvabat.
1480 3507 1647 3562 Facto
1671 3509 1833 3578 igitur
1849 3524 2164 3580 congressu,

599 3598 889 3669 Egyptius
926 3603 1143 3669 quidem
1180 3602 1296 3670 ipse
1335 3618 1455 3657 cum
1509 3603 1694 3672 paucis
1746 3602 1949 3667 evasit;
1982 3602 2163 3656 caeteri

516 3697 525 3707 ‘
598 3691 793 3759 partim
823 3690 1096 3754 trucidati,
1129 3693 1324 3759 partim
1351 3693 1491 3761 capti
1516 3703 1641 3748 sunt
1688 3710 1707 3744 ι
1748 3691 1868 3745 Ιῑτεο
1898 3691 2169 3762 Josephus

600 3780 654 3834 in
682 3782 919 3836 secundo
946 3781 1308 3838 Historiarum
1332 3784 1468 3841 libro
1498 3786 1704 3840 retulit.
1726 3786 1912 3855 Operae
1934 3786 2165 3854 pretium

601 3881 779 3924 autem
822 3871 987 3928 fuerit
1049 3875 1113 3927 iis
1149 3892 1268 3944 quae
1320 3892 1349 3930 a
1378 3876 1615 3949 Joscpho
1649 3878 1714 3933 de
1751 3879 1971 3932 homine
1998 3876 2166 3951 Egy-

596 3964 709 4034 ptio
744 3965 887 4018 dicta
915 3974 1061 4029 Sunt,
1091 3966 1518 4040 illasuhjungcre
1546 3984 1663 4039 qua:
1698 3969 1749 4025 in
1782 3970 2005 4024 Actibus
2034 3984 2166 4037 apo-

597 4055 855 4109 stolorum
885 4056 1090 4125 scripta
1122 4057 1393 4113 habentur
1416 4076 1558 4130 :quo
1589 4061 1709 4117 loco
1742 4062 1991 4115 tribunus
2023 4060 2166 4115 mili-

598 4154 710 4200 tum
743 4147 1133 4218 Hierosolymis
1159 4167 1280 4204 cum
1311 4152 1459 4218 plebs
1483 4153 1745 4207 adversus
1774 4151 1994 4206 Paulum
2021 4151 2164 4205 sedi—

596 4238 795 4293 tionem
828 4241 1175 4306 concitasset,
1200 4242 1378 4297 Felice
1403 4242 1642 4299 Judaaam
1662 4242 2164 4315 procurante,dixit

2272 3320 2505 3391 ἀμύνης,
2566 3319 2727 3381 ὥστε,
2758 3320 3028 3393 συμϐολῆς
3068 3323 3383 3396 γενομένης,
3426 3325 3518 3378 τὸν
3559 3328 3660 3399 μὲν
3686 3325 3847 3395 Αίγύ-

2271 3431 2425 3468 πτιον
2472 3415 2662 3483 φυγεῖν
2718 3414 2836 3485 μετ’
2866 3414 3081 3482 ὀλίγων,
3108 3415 3469 3488 διαφθαρῆναι
3514 3418 3577 3471 δὲ
3617 3419 3711 3471 καὶ
3741 3417 3845 3481 ζω-

2267 3506 2534 3579 γρηθῆναι
2584 3505 2866 3570 πλείστους
2907 3507 3013 3559 τῶν
3056 3507 3151 3559 σὺν
3195 3507 3363 3578 αὐτῷ.
3403 3527 3421 3559 ι
3473 3508 3664 3562 Ταῦτα
3704 3510 3843 3578 ὲντῇ

2262 3598 2488 3671 δευτέρᾳ
2534 3598 2643 3653 τῶν
2678 3598 2979 3667 Ἰστοριῶν
3029 3601 3057 3653 6
3103 3599 3388 3671 Ἰώσηπος’
3450 3602 3745 3672 ἐπιστῆσαι
3789 3600 3843 3653 δὲ

2270 3691 2421 3758 ἄξιον
2449 3691 2559 3763 (87)
2608 3695 2717 3755 τοῖς
2746 3692 2977 3746 ἐνταῦθα
3010 3692 3147 3745 κατά
3175 3693 3267 3745 τὸν
3290 3694 3588 3761 Αίγύπτιον
3620 3693 3840 3762 δεδηλωο

2275 3785 2475 3856 μένοις,
2532 3786 2625 3839 καὶ
2662 3788 2772 3848 τοῖς
2812 3787 2877 3838 -ὲν
2923 3789 3042 3848 ταῖς
3084 3784 3322 3856 Πράξεσι
3359 3785 3467 3839 τῶν
3506 3785 3837 3840 ἀποστόλων.

2275 3877 2441 3931 Ἔνθα
2463 3877 2601 3931 κατὰ
2626 3878 2831 3949 Φήλικα
2861 3875 3087 3930 ὑπὸ.τοῦ
3122 3878 3178 3928 ὲν
3212 3877 3604 3949 Ἱεροσολύμοις
3640 3876 3840 3948 χιλιὰς)⁴

2271 3985 2365 4037 χου
2404 3968 2616 4040 εἴρηται
2648 3967 2725 4038 τῷ
2754 3968 2967 4038 Παύλῳ,
3006 3966 3241 4040 ὁπηνίκα
3279 3969 3708 4034 κατεστασίαζεν
3747 3966 3837 4020 αύ-

2268 4057 2360 4112 τοῦ
2386 4060 2447 4113 τὸ
2469 4059 2575 4114 τῶν
2616 4060 2882 4114 Ἰουδαίων
2906 4060 3105 4132 πλῆθος
3125 4078 3136 4091 ο
3174 4080 3193 4112 ι
3227 4062 3340 4115 Οὐκ
3369 4061 3477 4134 ἄρα
3510 4064 3576 4116 σὺ
3603 4057 3655 4115 εἶ
3685 4062 3713 4115 6
3734 4058 3836 4131 πρὸ

2266 4150 2469 4205 τούτων
2504 4152 2609 4205 τῶν
2635 4151 2855 4223 ήμερῶν
2886 4152 3268 4218 ἀναστατώσας
3304 4154 3408 4226 (88)
3442 4157 3534 4208 καὶ
3557 4151 3832 4224 ἐξαγαγὼν

2266 4244 2347 4308 είς
2396 4242 2494 4315 τὴν
2540 4243 2741 4316 ἔρημον
2792 4245 2918 4308 τοὺς
2965 4246 3423 4317 τετρακισχιλίους
3471 4248 3584 4319 (89)
3641 4246 3831 4317 ἄνδρας

664 4470 775 4543 (85)
808 4470 1051 4524 Νὐττειν
1098 4471 1241 4539 τοὺς
1278 4473 1619 4543 διαφόρους.
1691 4475 1940 4531 Inimicos
2000 4477 2163 4530 vertit

2274 4474 2321 4528 in
2359 4475 2460 4543 hoc
2482 4473 2639 4536 libro,
2663 4486 2782 4541 cap.
2816 4473 2902 4539 18,
2927 4473 3181 4529 dicuntur
3204 4483 3345 4529 noue
3367 4489 3462 4529 seu
3497 4474 3827 4530 observatio-

591 4538 1018 4620 Gelcniusquod
1058 4558 1160 4596 non
1182 4538 1393 4620 probo.
1407 4538 1556 4620 Nam
1576 4538 1716 4612 ’τοὺς
1745 4547 2033 4620 διαφόρους
2065 4545 2160 4602 Jo-

590 4610 792 4687 scpbus
826 4613 960 4687 dixit
989 4627 1083 4678 pro
1117 4610 1240 4687 τους
1262 4614 1635 4687 διαφέροντας.

664 4683 798 4756 (86)-
828 4683 938 4756 Καὶ
980 4682 1307 4751 κρατήσας.
1362 4682 1489 4756 nam:
1535 4699 1615 4740 est
1662 4686 1882 4756 Josephi
1944 4687 2159 4755 vulgata

589 4749 752 4804 editio
786 4752 837 4804 in
875 4752 967 4808 lib.
997 4749 1056 4818 ιί,
1092 4768 1210 4822 cap.
1252 4749 1317 4809 15
1348 4755 1423 4809 De
1470 4758 1600 4811 bello
1625 4749 1877 4820 Iudaico,
1906 4761 1993 4813 cui
2034 4749 2162 4812 cou-

587 4822 950 4893 seritiLcodex
981 4822 1194 4892 Regius.
1231 4824 1337 4879 Sed
1368 4828 1538 4881 nostri
1569 4829 1783 4882 codices
1797 4828 1961 4893 Μυκη
1995 4828 2158 4893 Med.,

588 4906 711 4943 cum
730 4890 874 4971 ~F‘ulrt.
907 4907 970 4971 ac
1006 4890 1172 4971 savii.
1198 4935 1214 4957 ,
1253 4895 1409 4971 aliter
1449 4899 1709 4971 scriptum
1741 4890 2039 4971 exhibent,
2066 4890 2161 4952 xui.

586 4962 983 5039 κρατῆσαι-τῆς
1016 4980 1075 5016 τε
1104 4964 1419 5039 ξΡωμαῖκῆς
1462 4962 1704 5039 φρουρᾶς
1736 4969 1827 5022 καὶ
1852 4968 1955 5039 τοῦ
1988 4970 2159 5039 δῆμου

582 5032 951 5110 τυραννικῶς,
1013 5032 1294 5110 χρώμενος
1354 5032 1965 5110 τοῖςῗσυνεισπεσοῦσιν
2014 5032 2164 5110 δορυ·

629 5101 795 5179 όροις.
825 5101 1156 5179 Subauditur
1186 5116 1363 5159 autem
1398 5108 1506 5160 ἀπὸ
1549 5108 1727 5179 κοινοῦ
1777 5110 1999 5163 verbum
2051 5101 2163 5179 βίἀ-

629 5117 795 5171 οροις.
826 5117 1156 5158 Sunauutlur
1186 5117 1363 5159 autem
1398 5117 1506 5160 απο
1549 5117 1727 5162 κοινου
1777 5117 1999 5163 verbum
2051 5117 2162 5179 βιά-

585 5117 773 5246 ἕεσθαι
796 5174 939 5246 quod
964 5175 1121 5242 paulo
1151 5185 1277 5228 ante
1300 5179 1594 5246 praecessit.
1623 5178 1731 5239 Nec
1773 5180 1928 5233 aliter
1965 5179 2162 5246 legisse

583 5242 800 5295 videtur.
827 5242 1072 5297 Hulinus.
1117 5246 1210 5299 Sic
1239 5242 1383 5300 enim
1414 5248 1574 5302 vertit
1601 5268 1613 5302 :
1654 5248 1888 5302 Paratus
1926 5242 2046 5302 inde
2080 5250 2161 5301 ir—

583 5328 737 5366 ruere
778 5308 1239 5382 Hierosolymam,
1276 5326 1324 5369 et
1371 5320 1423 5370 vi
1472 5334 1532 5370 ac
1576 5329 1830 5382 potestate
1875 5321 2052 5372 urbem
2081 5329 2160 5373 te-

583 5383 1419 5460 nere,simulquegllomanorum
1445 5390 1693 5456 prazsitlia
1733 5405 1795 5443 ac
1841 5389 2042 5459 plebem
2080 5395 2166 5460 ty-‘

581 5455 794 5515 rauuidi
825 5468 937 5507 sua:
961 5453 1263 5521 subjugure.

653 5524 765 5598 (87)
816 5523 1176 5598 Ἐπιστῆοναι
1202 5524 1269 5577 δὲ
1285 5525 1479 5591 ἄξιον.
1510 5526 1736 5598 Proprie
1759 5528 2048 5598 ἐπιστῆσαι
2081 5537 2162 5585 est

582 5594 1011 5667 attendere,_scu
1042 5595 1347 5667 observare.
1391 5598 1483 5653 Sic
1529 5594 1792 5653 Eusebius
1842 5600 1899 5666 in
1939 5594 2034 5654 lib.
2077 5616 2156 5667 ιιι,

580 5677 698 5740 cap.
733 5660 938 5740 ieiuni;
970 5666 1063 5740 καὶ.
1090 5665 1466 5740 ἐπιστήσαντα
1488 5668 1670 5740 κούκέτ’
1694 5667 1759 5721 ἂν
1784 5660 1930 5740 δόξαι
1960 5660 2161 5740 οιαφωέ

566 5735 694 5789 νεῖ)
726 5733 976 5807 ἀλλήλοις
1006 5734 1074 5791 τά
1110 5734 1460 5814 Εὑαγγέλιακ
1480 5739 1616 5797 Hinc
1648 5733 1960 5806 ἐπιστάσεις
1997 5733 2157 5812 supra

2265 4558 2379 4667 nias.
2416 4541 2664 4598 Occurrit
2695 4558 2758 4597 ea
2790 4560 2892 4599 vox
2926 4546 3066 4615 apud
3095 4545 3434 4608 Athenzeum,
3470 4546 3746 4617 Polybium
3772 4552 3822 4599 et

2265 4630 2294 4667 a
2325 4630 2427 4667 nos.

2264 4630 2427 4668 auos.

2334 4683 2446 4756 (88)
2494 4683 2967 4751 Ἀναστατώσας.
3002 4681 3166 4739 Vetus
3196 4684 3467 4756 interpres
3495 4685 3547 4739 in
3576 4700 3695 4751 cap.
3737 4695 3823 4756 ττι

2264 4751 2499 4809 Αείιιιιηι
2550 4755 2915 4822 apostolorum
2962 4756 3158 4819 vertit,
3208 4751 3488 4808 tumultum
3532 4751 3822 4812 concitasti,

2262 4826 2421 4891 male,
2441 4833 2499 4876 ut
2525 4825 2769 4891 equidem
2804 4825 2996 4878 sentio.
3017 4822 3145 4878 Nam
3180 4825 3558 4879 ἀναστατῶσαι
3589 4826 3721 4879 idem
3747 4831 3827 4876 est

2261 4897 2400 4964 quod
2430 4894 2729 4965 ἀνάστατον
2758 4894 3017 4965 ποιῆσαι,
3065 4897 3339 4960 abducere,
3392 4906 3681 4961 asportare.
3726 4892 3825 4965 [ιε.

2262 4962 2367 5033 que
2392 4975 2536 5036 recte
2566 4964 2837 5036 Musculus
2869 4962 3067 5029 vertit,
3105 4967 3194 5036 qui
3234 4976 3401 5019 tecum
3428 4966 3684 5036 excivisti.
3726 4962 3823 5036 Po—

2268 5045 2373 5090 test
2395 5034 2557 5106 eliam
2588 5035 2764 5101 verti,
2799 5036 2887 5106 qui
2917 5034 3215 5088 subvertisti
3262 5046 3486 5104 quatuor
3532 5035 3697 5087 millia
3732 5034 3821 5084 lto—

2264 5107 2484 5175 miuum.
2514 5104 2604 5158 Sic
2636 5106 2778 5158 enim
2812 5104 3121 5175 Hesychius
3165 5106 3555 5173 interpretatur
3596 5106 3820 5158 ἀναστα-

2261 5174 2976 5246 τοῦνταςλὰνατρέποντας,
3012 5186 3064 5229 et
3104 5176 3455 5240 ἀναστάτους,
3493 5188 3821 5246 κατεστραμ-

2305 5246 2475 5307 ἐνους.
2509 5244 2645 5316 Hinc
2674 5244 2763 5314 qui
2792 5262 2899 5299 aere
2920 5248 3094 5301 alieno
3121 5247 3362 5316 Oppressi
3390 5248 3562 5300 solum
3589 5244 3813 5304 vertunt,

2297 5315 3007 5387 ναπατωβῆναιόίριιιιῑιιι·
3081 5327 3216 5372 teste
3286 5315 3704 5387 Harpocratione
3768 5321 3818 5365 et

2260 5396 2483 5442 auctore
2513 5385 2889 5455 Etymologici.

2331 5454 2441 5528 (89)
2487 5450 3026 5528 Τετρακισῇιιὶίους.
3064 5456 3130 5510 At
3164 5456 3432 5524 Iosephus
3470 5456 3681 5526 triginta
3711 5450 3820 5505 mil-w

2260 5526 2635 5580 ita‘hominum
2699 5530 2848 5583 dicit.
2879 5526 3029 5592 Quod
3062 5528 3131 5579 ita
3172 5528 3573 5597 intelligendum
3608 5534 3721 5597 est,
3762 5530 3813 5575 ut

2255 5612 2518 5659 numerus
2547 5598 2761 5666 quidem
2781 5597 3100 5667 promiscua:
3126 5595 3484 5651 multitudinis
3513 5599 3577 5650 ad
3606 5595 3810 5662 triginta

2259 5682 2429 5735 usque
2482 5668 2645 5720 millia
2693 5669 2967 5723 hominum
3023 5670 3363 5735 pervenerit;
3406 5684 3471 5721 ex
3525 5669 3629 5722 illis
3672 5676 3817 5725 νεῖον

2258 5750 2492 5809 quatuor
2536 5746 2740 5794 tantum
2790 5739 2956 5791 millia
3003 5738 3202 5793 iuerint
3259 5737 3600 5794 sicariorum.
3652 5735 3814 5802 Διψιθ
