  <div class='ocr_page' id='page_1' title='image "/cluster/home/n/w/nwhite01/storage/ocr_20150623/20/hvd.32044073501181/111.png"; bbox 0 0 4140 6430; ppageno 0'>
   <div class='ocr_carea' id='block_1_1' title="bbox 641 430 742 487">
    <p class='ocr_par' dir='ltr' id='par_1_1' title="bbox 641 430 742 487">
     <span class='ocr_line' id='line_1_1' title="bbox 641 430 742 487; baseline 0.04 -5"><span class='ocrx_word' id='word_1_1' title='bbox 641 430 742 487; x_wconf 66' lang='lat'><strong>135</strong></span> 
     </span>
    </p>
   </div>
   <div class='ocr_carea' id='block_1_2' title="bbox 1385 427 3195 487">
    <p class='ocr_par' dir='ltr' id='par_1_2' title="bbox 1385 427 3195 487">
     <span class='ocr_line' id='line_1_2' title="bbox 1385 427 3195 487; baseline 0.001 -3"><span class='ocrx_word' id='word_1_2' title='bbox 1385 429 1655 486; x_wconf 78' lang='lat' dir='ltr'><strong>EUSEBll</strong></span> <span class='ocrx_word' id='word_1_3' title='bbox 1694 428 2171 487; x_wconf 64' lang='lat' dir='ltr'><strong>CAESARIENSIS</strong></span> <span class='ocrx_word' id='word_1_4' title='bbox 2207 428 2360 486; x_wconf 89' lang='lat' dir='ltr'><strong>OPP.</strong></span> <span class='ocrx_word' id='word_1_5' title='bbox 2401 427 2579 484; x_wconf 76' lang='lat' dir='ltr'><strong>PARS</strong></span> <span class='ocrx_word' id='word_1_6' title='bbox 2618 429 2659 484; x_wconf 91' lang='lat' dir='ltr'><strong>l.</strong></span> <span class='ocrx_word' id='word_1_7' title='bbox 2697 459 2768 470; x_wconf 91' lang='lat'>—</span> <span class='ocrx_word' id='word_1_8' title='bbox 2805 428 3195 486; x_wconf 71' lang='lat' dir='ltr'><strong>HISTORICA.</strong></span> 
     </span>
    </p>
   </div>
   <div class='ocr_carea' id='block_1_3' title="bbox 3789 435 3891 491">
    <p class='ocr_par' dir='ltr' id='par_1_3' title="bbox 3789 435 3891 491">
     <span class='ocr_line' id='line_1_3' title="bbox 3789 435 3891 491; baseline 0.039 -4"><span class='ocrx_word' id='word_1_9' title='bbox 3789 435 3891 491; x_wconf 70' lang='lat'><strong>{96</strong></span> 
     </span>
    </p>
   </div>
   <div class='ocr_carea' id='block_1_4' title="bbox 637 541 2199 620">
    <p class='ocr_par' dir='ltr' id='par_1_4' title="bbox 637 541 2196 618">
     <span class='ocr_line' id='line_1_4' title="bbox 637 541 2196 618; baseline 0.003 -22"><span class='ocrx_word' id='word_1_10' title='bbox 637 550 849 596; x_wconf 87' lang='lat' dir='ltr'><strong>nentem</strong></span> <span class='ocrx_word' id='word_1_11' title='bbox 870 541 974 597; x_wconf 84' lang='lat' dir='ltr'><strong>sibi</strong></span> <span class='ocrx_word' id='word_1_12' title='bbox 999 549 1224 597; x_wconf 89' lang='lat' dir='ltr'><strong>mortem</strong></span> <span class='ocrx_word' id='word_1_13' title='bbox 1254 544 1600 612; x_wconf 74' lang='lat' dir='ltr'><strong>prtevidebat.</strong></span> <span class='ocrx_word' id='word_1_14' title='bbox 1627 545 1891 613; x_wconf 82' lang='lat' dir='ltr'><strong>Quocu‘ca</strong></span> <span class='ocrx_word' id='word_1_15' title='bbox 1917 557 2196 618; x_wconf 90' lang='lat' dir='ltr'><strong>postquam</strong></span> 
     </span>
    </p>
   </div>
   <div class='ocr_carea' id='block_1_5' title="bbox 2302 541 3887 620">
    <p class='ocr_par' dir='ltr' id='par_1_5' title="bbox 2303 545 3887 620">
     <span class='ocr_line' id='line_1_5' title="bbox 2303 545 3887 620; baseline 0.006 -22"><span class='ocrx_word' id='word_1_16' title='bbox 2303 545 2572 613; x_wconf 80' lang='grc' dir='ltr'><strong>ἐπιλέγων</strong></span> <span class='ocrx_word' id='word_1_17' title='bbox 2613 545 2742 617; x_wconf 82' lang='grc' dir='ltr'><strong>τῷ,‹</strong></span> <span class='ocrx_word' id='word_1_18' title='bbox 2773 548 2867 601; x_wconf 78' lang='grc' dir='ltr'>καὶ</span> <span class='ocrx_word' id='word_1_19' title='bbox 2902 549 3176 619; x_wconf 55' lang='lat' dir='ltr'><strong>epeos:qu</strong></span> <span class='ocrx_word' id='word_1_20' title='bbox 3201 549 3265 603; x_wconf 83' lang='grc' dir='ltr'><strong>ἐκ</strong></span> <span class='ocrx_word' id='word_1_21' title='bbox 3296 551 3578 620; x_wconf 88' lang='grc' dir='ltr'>στόματος</span> <span class='ocrx_word' id='word_1_22' title='bbox 3607 549 3844 616; x_wconf 86' lang='grc' dir='ltr'>λέοντος,</span> <span class='ocrx_word' id='word_1_23' title='bbox 3869 573 3887 608; x_wconf 72' lang='grc' dir='ltr'><strong>ι</strong></span> 
     </span>
    </p>
   </div>
   <div class='ocr_carea' id='block_1_6' title="bbox 636 633 2194 706">
    <p class='ocr_par' dir='ltr' id='par_1_6' title="bbox 636 633 2194 706">
     <span class='ocr_line' id='line_1_6' title="bbox 636 633 2194 706; baseline 0.004 -19"><span class='ocrx_word' id='word_1_24' title='bbox 636 633 774 688; x_wconf 80' lang='lat' dir='ltr'><strong>dixit</strong></span> <span class='ocrx_word' id='word_1_25' title='bbox 800 651 813 688; x_wconf 86' lang='lat'>:</span> <span class='ocrx_word' id='word_1_26' title='bbox 843 653 860 686; x_wconf 79' lang='grc' dir='ltr'><strong>ι</strong></span> <span class='ocrx_word' id='word_1_27' title='bbox 882 634 1168 689; x_wconf 89' lang='lat' dir='ltr'><strong>Liberatus</strong></span> <span class='ocrx_word' id='word_1_28' title='bbox 1191 651 1309 690; x_wconf 91' lang='lat' dir='ltr'><strong>sum</strong></span> <span class='ocrx_word' id='word_1_29' title='bbox 1335 651 1399 690; x_wconf 81' lang='lat' dir='ltr'><strong>ex</strong></span> <span class='ocrx_word' id='word_1_30' title='bbox 1427 653 1520 692; x_wconf 91' lang='lat' dir='ltr'><strong>ore</strong></span> <span class='ocrx_word' id='word_1_31' title='bbox 1546 639 1736 706; x_wconf 93' lang='lat' dir='ltr'><strong>leonis,</strong></span> <span class='ocrx_word' id='word_1_32' title='bbox 1761 658 1779 690; x_wconf 73' lang='grc' dir='ltr'><strong>ι</strong></span> <span class='ocrx_word' id='word_1_33' title='bbox 1808 639 1990 693; x_wconf 93' lang='lat' dir='ltr'><strong>statim</strong></span> <span class='ocrx_word' id='word_1_34' title='bbox 2017 639 2194 693; x_wconf 83' lang='lat' dir='ltr'><strong>addit:</strong></span> 
     </span>
    </p>
   </div>
   <div class='ocr_carea' id='block_1_7' title="bbox 640 726 2202 800">
    <p class='ocr_par' dir='ltr' id='par_1_7' title="bbox 640 726 2202 800">
     <span class='ocr_line' id='line_1_7' title="bbox 640 726 2202 800; baseline 0.002 -19"><span class='ocrx_word' id='word_1_35' title='bbox 640 744 662 781; x_wconf 74' lang='grc' dir='ltr'><strong>ι</strong></span> <span class='ocrx_word' id='word_1_36' title='bbox 698 726 981 782; x_wconf 87' lang='lat' dir='ltr'><strong>Liberabit</strong></span> <span class='ocrx_word' id='word_1_37' title='bbox 1037 743 1123 783; x_wconf 91' lang='lat' dir='ltr'><strong>me</strong></span> <span class='ocrx_word' id='word_1_38' title='bbox 1168 729 1428 784; x_wconf 85' lang='lat' dir='ltr'><strong>Dominus</strong></span> <span class='ocrx_word' id='word_1_39' title='bbox 1467 731 1535 785; x_wconf 90' lang='lat' dir='ltr'><strong>ab</strong></span> <span class='ocrx_word' id='word_1_40' title='bbox 1577 732 1724 785; x_wconf 90' lang='lat' dir='ltr'><strong>omni</strong></span> <span class='ocrx_word' id='word_1_41' title='bbox 1758 746 1920 800; x_wconf 90' lang='lat' dir='ltr'><strong>opere</strong></span> <span class='ocrx_word' id='word_1_42' title='bbox 1961 729 2122 795; x_wconf 88' lang='lat' dir='ltr'><strong>malo,</strong></span> <span class='ocrx_word' id='word_1_43' title='bbox 2147 740 2202 785; x_wconf 91' lang='lat' dir='ltr'><strong>et</strong></span> 
     </span>
    </p>
   </div>
   <div class='ocr_carea' id='block_1_8' title="bbox 635 833 2199 905">
    <p class='ocr_par' dir='ltr' id='par_1_8' title="bbox 635 833 2199 905">
     <span class='ocr_line' id='line_1_8' title="bbox 635 833 2199 905; baseline -0.001 -17"><span class='ocrx_word' id='word_1_44' title='bbox 635 833 874 888; x_wconf 82' lang='lat' dir='ltr'><strong>servabit</strong></span> <span class='ocrx_word' id='word_1_45' title='bbox 895 833 948 886; x_wconf 90' lang='lat' dir='ltr'><strong>in</strong></span> <span class='ocrx_word' id='word_1_46' title='bbox 969 847 1186 901; x_wconf 86' lang='lat' dir='ltr'><strong>regnum</strong></span> <span class='ocrx_word' id='word_1_47' title='bbox 1214 848 1367 887; x_wconf 91' lang='lat' dir='ltr'><strong>suum</strong></span> <span class='ocrx_word' id='word_1_48' title='bbox 1391 834 1666 896; x_wconf 62' lang='lat' dir='ltr'><strong>caeleste,»</strong></span> <span class='ocrx_word' id='word_1_49' title='bbox 1697 834 2017 905; x_wconf 83' lang='lat' dir='ltr'><strong>martyrium</strong></span> <span class='ocrx_word' id='word_1_50' title='bbox 2043 849 2199 888; x_wconf 91' lang='lat' dir='ltr'><strong>suum</strong></span> 
     </span>
    </p>
   </div>
   <div class='ocr_carea' id='block_1_9' title="bbox 635 922 2202 995">
    <p class='ocr_par' dir='ltr' id='par_1_9' title="bbox 635 922 2202 995">
     <span class='ocr_line' id='line_1_9' title="bbox 635 922 2202 995; baseline 0.001 -19"><span class='ocrx_word' id='word_1_51' title='bbox 635 922 855 995; x_wconf 76' lang='lat' dir='ltr'><strong>iamiam</strong></span> <span class='ocrx_word' id='word_1_52' title='bbox 909 923 1099 976; x_wconf 83' lang='lat' dir='ltr'><strong>adfore</strong></span> <span class='ocrx_word' id='word_1_53' title='bbox 1124 923 1455 993; x_wconf 81' lang='lat' dir='ltr'><strong>significans.</strong></span> <span class='ocrx_word' id='word_1_54' title='bbox 1475 924 1626 993; x_wconf 84' lang='lat' dir='ltr'><strong>Quod</strong></span> <span class='ocrx_word' id='word_1_55' title='bbox 1649 925 1865 994; x_wconf 86' lang='lat' dir='ltr'><strong>quidem</strong></span> <span class='ocrx_word' id='word_1_56' title='bbox 1897 926 2060 980; x_wconf 91' lang='lat' dir='ltr'><strong>etiam</strong></span> <span class='ocrx_word' id='word_1_57' title='bbox 2083 927 2202 979; x_wconf 84' lang='lat' dir='ltr'><strong>evi-</strong></span> 
     </span>
    </p>
   </div>
   <div class='ocr_carea' id='block_1_10' title="bbox 636 1013 2199 1085">
    <p class='ocr_par' dir='ltr' id='par_1_10' title="bbox 636 1013 2199 1085">
     <span class='ocr_line' id='line_1_10' title="bbox 636 1013 2199 1085; baseline -0.001 -16"><span class='ocrx_word' id='word_1_58' title='bbox 636 1014 852 1069; x_wconf 89' lang='lat' dir='ltr'><strong>dentius</strong></span> <span class='ocrx_word' id='word_1_59' title='bbox 890 1013 941 1066; x_wconf 92' lang='lat' dir='ltr'><strong>in</strong></span> <span class='ocrx_word' id='word_1_60' title='bbox 975 1014 1165 1068; x_wconf 87' lang='lat' dir='ltr'><strong>eadem</strong></span> <span class='ocrx_word' id='word_1_61' title='bbox 1193 1014 1429 1084; x_wconf 89' lang='lat' dir='ltr'><strong>Epistola</strong></span> <span class='ocrx_word' id='word_1_62' title='bbox 1467 1015 1788 1085; x_wconf 67' lang='lat' dir='ltr'><strong>praedixerat</strong></span> <span class='ocrx_word' id='word_1_63' title='bbox 1831 1015 1916 1070; x_wconf 91' lang='lat' dir='ltr'><strong>his</strong></span> <span class='ocrx_word' id='word_1_64' title='bbox 1969 1015 2149 1070; x_wconf 81' lang='lat' dir='ltr'><strong>verbis</strong></span> <span class='ocrx_word' id='word_1_65' title='bbox 2184 1029 2199 1068; x_wconf 90' lang='lat'><strong>:</strong></span> 
     </span>
    </p>
   </div>
   <div class='ocr_carea' id='block_1_11' title="bbox 645 1103 2201 1178">
    <p class='ocr_par' dir='ltr' id='par_1_11' title="bbox 645 1103 2201 1178">
     <span class='ocr_line' id='line_1_11' title="bbox 645 1103 2201 1178; baseline 0.004 -22"><span class='ocrx_word' id='word_1_66' title='bbox 645 1123 666 1156; x_wconf 72' lang='grc' dir='ltr'><strong>ι</strong></span> <span class='ocrx_word' id='word_1_67' title='bbox 700 1106 813 1176; x_wconf 86' lang='lat' dir='ltr'><strong>Ego</strong></span> <span class='ocrx_word' id='word_1_68' title='bbox 873 1106 1015 1160; x_wconf 92' lang='lat' dir='ltr'><strong>enim</strong></span> <span class='ocrx_word' id='word_1_69' title='bbox 1061 1103 1170 1173; x_wconf 83' lang='lat' dir='ltr'><strong>jam</strong></span> <span class='ocrx_word' id='word_1_70' title='bbox 1224 1106 1454 1171; x_wconf 89' lang='lat' dir='ltr'><strong>delibor,</strong></span> <span class='ocrx_word' id='word_1_71' title='bbox 1483 1115 1537 1160; x_wconf 92' lang='lat' dir='ltr'><strong>et</strong></span> <span class='ocrx_word' id='word_1_72' title='bbox 1589 1116 1799 1178; x_wconf 85' lang='lat' dir='ltr'><strong>tempus</strong></span> <span class='ocrx_word' id='word_1_73' title='bbox 1833 1108 2201 1163; x_wconf 78' lang='lat' dir='ltr'><strong>dissolutionis</strong></span> 
     </span>
    </p>
   </div>
   <div class='ocr_carea' id='block_1_12' title="bbox 636 1196 2198 1266">
    <p class='ocr_par' dir='ltr' id='par_1_12' title="bbox 636 1196 2198 1266">
     <span class='ocr_line' id='line_1_12' title="bbox 636 1196 2198 1266; baseline 0.001 -16"><span class='ocrx_word' id='word_1_74' title='bbox 636 1212 772 1252; x_wconf 67' lang='lat' dir='ltr'><strong>mea:</strong></span> <span class='ocrx_word' id='word_1_75' title='bbox 801 1199 988 1250; x_wconf 86' lang='lat' dir='ltr'><strong>instat.</strong></span> <span class='ocrx_word' id='word_1_76' title='bbox 1016 1216 1034 1247; x_wconf 74' lang='grc' dir='ltr'><strong>ι</strong></span> <span class='ocrx_word' id='word_1_77' title='bbox 1069 1196 1134 1250; x_wconf 85' lang='grc' dir='ltr'>Ει</span> <span class='ocrx_word' id='word_1_78' title='bbox 1167 1197 1219 1250; x_wconf 91' lang='lat' dir='ltr'><strong>in</strong></span> <span class='ocrx_word' id='word_1_79' title='bbox 1248 1197 1348 1250; x_wconf 88' lang='lat' dir='ltr'><strong>hac</strong></span> <span class='ocrx_word' id='word_1_80' title='bbox 1380 1198 1597 1266; x_wconf 76' lang='lat' dir='ltr'><strong>quidem</strong></span> <span class='ocrx_word' id='word_1_81' title='bbox 1637 1201 1875 1254; x_wconf 88' lang='lat' dir='ltr'><strong>secunda</strong></span> <span class='ocrx_word' id='word_1_82' title='bbox 1904 1201 1970 1254; x_wconf 88' lang='lat' dir='ltr'><strong>ad</strong></span> <span class='ocrx_word' id='word_1_83' title='bbox 2015 1199 2198 1254; x_wconf 92' lang='lat' dir='ltr'><strong>Timo-</strong></span> 
     </span>
    </p>
   </div>
   <div class='ocr_carea' id='block_1_13' title="bbox 639 1286 2196 1356">
    <p class='ocr_par' dir='ltr' id='par_1_13' title="bbox 639 1286 2196 1356">
     <span class='ocr_line' id='line_1_13' title="bbox 639 1286 2196 1356; baseline 0.001 -16"><span class='ocrx_word' id='word_1_84' title='bbox 639 1287 821 1341; x_wconf 87' lang='lat' dir='ltr'><strong>theum</strong></span> <span class='ocrx_word' id='word_1_85' title='bbox 847 1286 1102 1355; x_wconf 89' lang='lat' dir='ltr'><strong>Fpistola,</strong></span> <span class='ocrx_word' id='word_1_86' title='bbox 1142 1287 1340 1342; x_wconf 88' lang='lat' dir='ltr'><strong>Lucam</strong></span> <span class='ocrx_word' id='word_1_87' title='bbox 1374 1289 1547 1344; x_wconf 89' lang='lat' dir='ltr'><strong>solum</strong></span> <span class='ocrx_word' id='word_1_88' title='bbox 1581 1289 1683 1344; x_wconf 86' lang='lat' dir='ltr'><strong>sibi</strong></span> <span class='ocrx_word' id='word_1_89' title='bbox 1713 1289 1904 1344; x_wconf 86' lang='lat' dir='ltr'><strong>adesse</strong></span> <span class='ocrx_word' id='word_1_90' title='bbox 1931 1298 2196 1356; x_wconf 88' lang='lat' dir='ltr'><strong>testatur;</strong></span> 
     </span>
    </p>
   </div>
   <div class='ocr_carea' id='block_1_14' title="bbox 637 1374 2201 1448">
    <p class='ocr_par' dir='ltr' id='par_1_14' title="bbox 637 1374 2201 1448">
     <span class='ocr_line' id='line_1_14' title="bbox 637 1374 2201 1448; baseline 0.004 -20"><span class='ocrx_word' id='word_1_91' title='bbox 637 1374 688 1428; x_wconf 89' lang='lat' dir='ltr'><strong>in</strong></span> <span class='ocrx_word' id='word_1_92' title='bbox 719 1375 902 1444; x_wconf 91' lang='lat' dir='ltr'><strong>priore</strong></span> <span class='ocrx_word' id='word_1_93' title='bbox 925 1391 1051 1430; x_wconf 87' lang='lat' dir='ltr'><strong>vero</strong></span> <span class='ocrx_word' id='word_1_94' title='bbox 1081 1376 1395 1432; x_wconf 90' lang='lat' dir='ltr'><strong>defensione</strong></span> <span class='ocrx_word' id='word_1_95' title='bbox 1429 1394 1494 1432; x_wconf 92' lang='lat' dir='ltr'><strong>ne</strong></span> <span class='ocrx_word' id='word_1_96' title='bbox 1537 1380 1683 1433; x_wconf 92' lang='lat' dir='ltr'><strong>hunc</strong></span> <span class='ocrx_word' id='word_1_97' title='bbox 1711 1379 1926 1448; x_wconf 88' lang='lat' dir='ltr'><strong>quidem</strong></span> <span class='ocrx_word' id='word_1_98' title='bbox 1959 1378 2201 1435; x_wconf 81' lang='lat' dir='ltr'><strong>adfuisse</strong></span> 
     </span>
    </p>
   </div>
   <div class='ocr_carea' id='block_1_15' title="bbox 636 1465 2200 1540">
    <p class='ocr_par' dir='ltr' id='par_1_15' title="bbox 636 1465 2200 1540">
     <span class='ocr_line' id='line_1_15' title="bbox 636 1465 2200 1540; baseline 0.004 -22"><span class='ocrx_word' id='word_1_99' title='bbox 636 1465 784 1519; x_wconf 89' lang='lat' dir='ltr'><strong>dicit.</strong></span> <span class='ocrx_word' id='word_1_100' title='bbox 811 1466 980 1532; x_wconf 88' lang='lat' dir='ltr'><strong>Quam</strong></span> <span class='ocrx_word' id='word_1_101' title='bbox 1013 1467 1082 1521; x_wconf 89' lang='lat' dir='ltr'><strong>ob</strong></span> <span class='ocrx_word' id='word_1_102' title='bbox 1111 1482 1330 1521; x_wconf 89' lang='lat' dir='ltr'><strong>causam</strong></span> <span class='ocrx_word' id='word_1_103' title='bbox 1365 1470 1577 1524; x_wconf 90' lang='lat' dir='ltr'><strong>videtur</strong></span> <span class='ocrx_word' id='word_1_104' title='bbox 1607 1469 1784 1525; x_wconf 91' lang='lat' dir='ltr'><strong>Lucas</strong></span> <span class='ocrx_word' id='word_1_105' title='bbox 1813 1471 2046 1525; x_wconf 85' lang='lat' dir='ltr'><strong>Actuum</strong></span> <span class='ocrx_word' id='word_1_106' title='bbox 2073 1485 2200 1540; x_wconf 80' lang='lat' dir='ltr'><strong>apo-</strong></span> 
     </span>
    </p>
   </div>
   <div class='ocr_carea' id='block_1_16' title="bbox 636 1559 2197 1632">
    <p class='ocr_par' dir='ltr' id='par_1_16' title="bbox 636 1559 2197 1632">
     <span class='ocr_line' id='line_1_16' title="bbox 636 1559 2197 1632; baseline 0.003 -18"><span class='ocrx_word' id='word_1_107' title='bbox 636 1559 947 1614; x_wconf 76' lang='lat' dir='ltr'><strong>Stolicorum</strong></span> <span class='ocrx_word' id='word_1_108' title='bbox 979 1560 1261 1616; x_wconf 92' lang='lat' dir='ltr'><strong>historiam</strong></span> <span class='ocrx_word' id='word_1_109' title='bbox 1297 1563 1389 1617; x_wconf 92' lang='lat' dir='ltr'><strong>illo</strong></span> <span class='ocrx_word' id='word_1_110' title='bbox 1419 1573 1660 1632; x_wconf 88' lang='lat' dir='ltr'><strong>tempore</strong></span> <span class='ocrx_word' id='word_1_111' title='bbox 1690 1563 2042 1630; x_wconf 88' lang='lat' dir='ltr'><strong>conclusisse,</strong></span> <span class='ocrx_word' id='word_1_112' title='bbox 2075 1579 2197 1619; x_wconf 90' lang='lat' dir='ltr'><strong>cum</strong></span> 
     </span>
    </p>
   </div>
   <div class='ocr_carea' id='block_1_17' title="bbox 635 1651 2200 1726">
    <p class='ocr_par' dir='ltr' id='par_1_17' title="bbox 635 1651 2200 1726">
     <span class='ocr_line' id='line_1_17' title="bbox 635 1651 2200 1726; baseline 0.003 -22"><span class='ocrx_word' id='word_1_113' title='bbox 635 1651 814 1704; x_wconf 85' lang='lat' dir='ltr'><strong>omnia</strong></span> <span class='ocrx_word' id='word_1_114' title='bbox 844 1666 962 1720; x_wconf 69' lang='lat' dir='ltr'><strong>qua:</strong></span> <span class='ocrx_word' id='word_1_115' title='bbox 1001 1653 1236 1720; x_wconf 90' lang='lat' dir='ltr'><strong>quandiu</strong></span> <span class='ocrx_word' id='word_1_116' title='bbox 1275 1669 1396 1707; x_wconf 92' lang='lat' dir='ltr'><strong>cum</strong></span> <span class='ocrx_word' id='word_1_117' title='bbox 1445 1652 1614 1707; x_wconf 88' lang='lat' dir='ltr'><strong>Paulo</strong></span> <span class='ocrx_word' id='word_1_118' title='bbox 1661 1663 1910 1708; x_wconf 89' lang='lat' dir='ltr'><strong>versatus</strong></span> <span class='ocrx_word' id='word_1_119' title='bbox 1936 1664 2019 1708; x_wconf 91' lang='lat' dir='ltr'><strong>est</strong></span> <span class='ocrx_word' id='word_1_120' title='bbox 2051 1665 2200 1726; x_wconf 85' lang='lat' dir='ltr'><strong>gesta</strong></span> 
     </span>
    </p>
   </div>
   <div class='ocr_carea' id='block_1_18' title="bbox 638 1740 2199 1806">
    <p class='ocr_par' dir='ltr' id='par_1_18' title="bbox 638 1740 2199 1806">
     <span class='ocr_line' id='line_1_18' title="bbox 638 1740 2199 1806; baseline 0.004 -12"><span class='ocrx_word' id='word_1_121' title='bbox 638 1740 870 1806; x_wconf 90' lang='lat' dir='ltr'><strong>fuerant,</strong></span> <span class='ocrx_word' id='word_1_122' title='bbox 903 1753 1400 1799; x_wconf 87' lang='lat' dir='ltr'><strong>commemorasset.</strong></span> <span class='ocrx_word' id='word_1_123' title='bbox 1425 1745 1551 1798; x_wconf 72' lang='lat' dir='ltr'><strong>llrec</strong></span> <span class='ocrx_word' id='word_1_124' title='bbox 1581 1745 1783 1801; x_wconf 89' lang='lat' dir='ltr'><strong>idcirco</strong></span> <span class='ocrx_word' id='word_1_125' title='bbox 1812 1760 1840 1798; x_wconf 91' lang='lat' dir='ltr'><strong>a</strong></span> <span class='ocrx_word' id='word_1_126' title='bbox 1873 1746 2028 1801; x_wconf 89' lang='lat' dir='ltr'><strong>nobis</strong></span> <span class='ocrx_word' id='word_1_127' title='bbox 2053 1747 2199 1801; x_wconf 88' lang='lat' dir='ltr'><strong>dicta</strong></span> 
     </span>
    </p>
   </div>
   <div class='ocr_carea' id='block_1_19' title="bbox 637 1833 2201 1905">
    <p class='ocr_par' dir='ltr' id='par_1_19' title="bbox 637 1833 2201 1905">
     <span class='ocr_line' id='line_1_19' title="bbox 637 1833 2201 1905; baseline 0.005 -21"><span class='ocrx_word' id='word_1_128' title='bbox 637 1838 784 1892; x_wconf 86' lang='lat' dir='ltr'><strong>sunt,</strong></span> <span class='ocrx_word' id='word_1_129' title='bbox 814 1839 873 1883; x_wconf 94' lang='lat' dir='ltr'><strong>ut</strong></span> <span class='ocrx_word' id='word_1_130' title='bbox 899 1833 1246 1888; x_wconf 90' lang='lat' dir='ltr'><strong>ostendamus</strong></span> <span class='ocrx_word' id='word_1_131' title='bbox 1271 1833 1492 1887; x_wconf 85' lang='lat' dir='ltr'><strong>Paulum</strong></span> <span class='ocrx_word' id='word_1_132' title='bbox 1521 1850 1624 1888; x_wconf 91' lang='lat' dir='ltr'><strong>non</strong></span> <span class='ocrx_word' id='word_1_133' title='bbox 1652 1835 1703 1888; x_wconf 92' lang='lat' dir='ltr'><strong>in</strong></span> <span class='ocrx_word' id='word_1_134' title='bbox 1728 1835 1900 1904; x_wconf 89' lang='lat' dir='ltr'><strong>primo</strong></span> <span class='ocrx_word' id='word_1_135' title='bbox 1928 1835 2018 1892; x_wconf 90' lang='lat' dir='ltr'><strong>illo</strong></span> <span class='ocrx_word' id='word_1_136' title='bbox 2047 1835 2201 1905; x_wconf 91' lang='lat' dir='ltr'><strong>cujus</strong></span> 
     </span>
    </p>
   </div>
   <div class='ocr_carea' id='block_1_20' title="bbox 2301 637 3887 714">
    <p class='ocr_par' dir='ltr' id='par_1_20' title="bbox 2301 637 3887 714">
     <span class='ocr_line' id='line_1_20' title="bbox 2301 637 3887 714; baseline 0.004 -26"><span class='ocrx_word' id='word_1_137' title='bbox 2301 638 2363 689; x_wconf 88' lang='grc' dir='ltr'><strong>τό</strong></span> <span class='ocrx_word' id='word_1_138' title='bbox 2382 654 2394 664; x_wconf 90' lang='grc'><strong>·</strong></span> <span class='ocrx_word' id='word_1_139' title='bbox 2425 655 2442 688; x_wconf 78' lang='grc' dir='ltr'><strong>ι</strong></span> <span class='ocrx_word' id='word_1_140' title='bbox 2485 637 2728 690; x_wconf 87' lang='grc' dir='ltr'>Ῥύσεταί</span> <span class='ocrx_word' id='word_1_141' title='bbox 2766 656 2831 708; x_wconf 91' lang='grc' dir='ltr'><strong>με</strong></span> <span class='ocrx_word' id='word_1_142' title='bbox 2858 641 2886 692; x_wconf 88' lang='grc' dir='ltr'>ὁ</span> <span class='ocrx_word' id='word_1_143' title='bbox 2913 639 3113 710; x_wconf 77' lang='grc' dir='ltr'>Κύριος</span> <span class='ocrx_word' id='word_1_144' title='bbox 3149 639 3256 692; x_wconf 84' lang='grc' dir='ltr'><strong>ἀπὸ</strong></span> <span class='ocrx_word' id='word_1_145' title='bbox 3283 643 3486 704; x_wconf 85' lang='grc' dir='ltr'>παντὸς</span> <span class='ocrx_word' id='word_1_146' title='bbox 3517 640 3690 713; x_wconf 76' lang='grc' dir='ltr'>ἔργου</span> <span class='ocrx_word' id='word_1_147' title='bbox 3725 659 3887 714; x_wconf 73' lang='grc' dir='ltr'>πονηο</span> 
     </span>
    </p>
   </div>
   <div class='ocr_carea' id='block_1_21' title="bbox 2305 728 3893 804">
    <p class='ocr_par' dir='ltr' id='par_1_21' title="bbox 2305 728 3893 804">
     <span class='ocr_line' id='line_1_21' title="bbox 2305 728 3893 804; baseline 0.005 -24"><span class='ocrx_word' id='word_1_148' title='bbox 2305 728 2420 802; x_wconf 84' lang='grc' dir='ltr'>ροῦ,</span> <span class='ocrx_word' id='word_1_149' title='bbox 2453 731 2544 783; x_wconf 70' lang='grc' dir='ltr'><strong>καὶ</strong></span> <span class='ocrx_word' id='word_1_150' title='bbox 2573 728 2734 783; x_wconf 83' lang='grc' dir='ltr'>σώσει</span> <span class='ocrx_word' id='word_1_151' title='bbox 2777 732 2854 794; x_wconf 89' lang='grc' dir='ltr'><strong>είς</strong></span> <span class='ocrx_word' id='word_1_152' title='bbox 2881 732 2980 800; x_wconf 79' lang='grc' dir='ltr'>τὴν</span> <span class='ocrx_word' id='word_1_153' title='bbox 3009 731 3282 802; x_wconf 86' lang='grc' dir='ltr'>βασιλείαν</span> <span class='ocrx_word' id='word_1_154' title='bbox 3306 732 3471 786; x_wconf 79' lang='grc' dir='ltr'>αὐτοῦ</span> <span class='ocrx_word' id='word_1_155' title='bbox 3515 733 3624 802; x_wconf 79' lang='grc' dir='ltr'>τὴν</span> <span class='ocrx_word' id='word_1_156' title='bbox 3659 733 3893 804; x_wconf 81' lang='grc' dir='ltr'>ἐπουρά-</span> 
     </span>
    </p>
   </div>
   <div class='ocr_carea' id='block_1_22' title="bbox 2302 821 3893 895">
    <p class='ocr_par' dir='ltr' id='par_1_22' title="bbox 2302 821 3893 895">
     <span class='ocr_line' id='line_1_22' title="bbox 2302 821 3893 895; baseline 0.003 -21"><span class='ocrx_word' id='word_1_157' title='bbox 2302 838 2430 883; x_wconf 87' lang='grc' dir='ltr'>νιον,</span> <span class='ocrx_word' id='word_1_158' title='bbox 2465 841 2482 872; x_wconf 77' lang='grc' dir='ltr'><strong>ι</strong></span> <span class='ocrx_word' id='word_1_159' title='bbox 2519 821 2796 892; x_wconf 80' lang='grc' dir='ltr'><strong>σημαίνων</strong></span> <span class='ocrx_word' id='word_1_160' title='bbox 2821 821 2882 874; x_wconf 85' lang='grc' dir='ltr'>τὸ</span> <span class='ocrx_word' id='word_1_161' title='bbox 2912 823 3219 894; x_wconf 73' lang='grc' dir='ltr'>παραυτίκα</span> <span class='ocrx_word' id='word_1_162' title='bbox 3243 823 3572 895; x_wconf 86' lang='grc' dir='ltr'>μαρτύριον,</span> <span class='ocrx_word' id='word_1_163' title='bbox 3607 823 3638 876; x_wconf 82' lang='grc' dir='ltr'>ὃ</span> <span class='ocrx_word' id='word_1_164' title='bbox 3673 826 3771 878; x_wconf 78' lang='grc' dir='ltr'><strong>καὶ</strong></span> <span class='ocrx_word' id='word_1_165' title='bbox 3798 843 3893 879; x_wconf 87' lang='grc' dir='ltr'>σα-</span> 
     </span>
    </p>
   </div>
   <div class='ocr_carea' id='block_1_23' title="bbox 2304 913 3894 986">
    <p class='ocr_par' dir='ltr' id='par_1_23' title="bbox 2304 913 3894 986">
     <span class='ocr_line' id='line_1_23' title="bbox 2304 913 3894 986; baseline 0.003 -21"><span class='ocrx_word' id='word_1_166' title='bbox 2304 913 2560 985; x_wconf 82' lang='grc' dir='ltr'>φέστερον</span> <span class='ocrx_word' id='word_1_167' title='bbox 2589 916 2646 966; x_wconf 86' lang='grc' dir='ltr'><strong>ἐν</strong></span> <span class='ocrx_word' id='word_1_168' title='bbox 2671 917 2736 985; x_wconf 82' lang='grc' dir='ltr'>τῇ</span> <span class='ocrx_word' id='word_1_169' title='bbox 2757 915 2893 986; x_wconf 71' lang='grc' dir='ltr'>αὐτῇ</span> <span class='ocrx_word' id='word_1_170' title='bbox 2919 914 3169 986; x_wconf 77' lang='grc' dir='ltr'><strong>προλέγει</strong></span> <span class='ocrx_word' id='word_1_171' title='bbox 3191 917 3374 986; x_wconf 76' lang='grc' dir='ltr'>γραφῇ</span> <span class='ocrx_word' id='word_1_172' title='bbox 3397 915 3669 984; x_wconf 58' lang='grc' dir='ltr'>φάσκων</span> <span class='ocrx_word' id='word_1_173' title='bbox 3698 933 3720 967; x_wconf 69' lang='grc' dir='ltr'>ς</span> <span class='ocrx_word' id='word_1_174' title='bbox 3755 915 3894 983; x_wconf 83' lang='grc' dir='ltr'><strong>Ἐγὼ</strong></span> 
     </span>
    </p>
   </div>
   <div class='ocr_carea' id='block_1_24' title="bbox 2302 1006 3893 1079">
    <p class='ocr_par' dir='ltr' id='par_1_24' title="bbox 2302 1006 3893 1079">
     <span class='ocr_line' id='line_1_24' title="bbox 2302 1006 3893 1079; baseline 0.002 -19"><span class='ocrx_word' id='word_1_175' title='bbox 2302 1007 2410 1078; x_wconf 76' lang='grc' dir='ltr'>γὰρ</span> <span class='ocrx_word' id='word_1_176' title='bbox 2442 1008 2538 1078; x_wconf 72' lang='grc' dir='ltr'><strong>ἤδη</strong></span> <span class='ocrx_word' id='word_1_177' title='bbox 2572 1007 2884 1077; x_wconf 88' lang='grc' dir='ltr'>σπένδομαι,</span> <span class='ocrx_word' id='word_1_178' title='bbox 2916 1008 3008 1060; x_wconf 76' lang='grc' dir='ltr'>καὶ</span> <span class='ocrx_word' id='word_1_179' title='bbox 3028 1010 3054 1060; x_wconf 86' lang='grc' dir='ltr'>ὁ</span> <span class='ocrx_word' id='word_1_180' title='bbox 3087 1008 3272 1076; x_wconf 83' lang='grc' dir='ltr'>καιρὸς</span> <span class='ocrx_word' id='word_1_181' title='bbox 3301 1008 3398 1078; x_wconf 88' lang='grc' dir='ltr'><strong>τῆς</strong></span> <span class='ocrx_word' id='word_1_182' title='bbox 3430 1006 3764 1071; x_wconf 84' lang='grc' dir='ltr'>ἀναλύσεώς</span> <span class='ocrx_word' id='word_1_183' title='bbox 3794 1027 3893 1079; x_wconf 88' lang='grc' dir='ltr'><strong>μου</strong></span> 
     </span>
    </p>
   </div>
   <div class='ocr_carea' id='block_1_25' title="bbox 2303 1095 3895 1172">
    <p class='ocr_par' dir='ltr' id='par_1_25' title="bbox 2303 1095 3895 1172">
     <span class='ocr_line' id='line_1_25' title="bbox 2303 1095 3895 1172; baseline 0.002 -20"><span class='ocrx_word' id='word_1_184' title='bbox 2303 1100 2618 1169; x_wconf 75' lang='grc' dir='ltr'><strong>ἐφέστηκεν.</strong></span> <span class='ocrx_word' id='word_1_185' title='bbox 2667 1119 2684 1150; x_wconf 71' lang='grc' dir='ltr'><strong>ι</strong></span> <span class='ocrx_word' id='word_1_186' title='bbox 2721 1099 2832 1152; x_wconf 76' lang='grc' dir='ltr'>Νῦν</span> <span class='ocrx_word' id='word_1_187' title='bbox 2865 1100 2961 1169; x_wconf 80' lang='grc' dir='ltr'><strong>μὲν</strong></span> <span class='ocrx_word' id='word_1_188' title='bbox 2987 1095 3079 1152; x_wconf 82' lang='grc' dir='ltr'>οὗν</span> <span class='ocrx_word' id='word_1_189' title='bbox 3119 1099 3212 1153; x_wconf 79' lang='grc' dir='ltr'>ἐπὶ</span> <span class='ocrx_word' id='word_1_190' title='bbox 3241 1101 3339 1172; x_wconf 82' lang='grc' dir='ltr'><strong>τῆς</strong></span> <span class='ocrx_word' id='word_1_191' title='bbox 3358 1102 3633 1172; x_wconf 84' lang='grc' dir='ltr'>δευτέρας</span> <span class='ocrx_word' id='word_1_192' title='bbox 3649 1102 3895 1156; x_wconf 81' lang='grc' dir='ltr'>Ἐπιστο-</span> 
     </span>
    </p>
   </div>
   <div class='ocr_carea' id='block_1_26' title="bbox 2301 1190 3892 1265">
    <p class='ocr_par' dir='ltr' id='par_1_26' title="bbox 2301 1190 3892 1265">
     <span class='ocr_line' id='line_1_26' title="bbox 2301 1190 3892 1265; baseline 0.004 -23"><span class='ocrx_word' id='word_1_193' title='bbox 2301 1190 2399 1262; x_wconf 86' lang='grc' dir='ltr'><strong>λῆς</strong></span> <span class='ocrx_word' id='word_1_194' title='bbox 2425 1191 2531 1244; x_wconf 80' lang='grc' dir='ltr'><strong>τῶν</strong></span> <span class='ocrx_word' id='word_1_195' title='bbox 2565 1191 2700 1263; x_wconf 83' lang='grc' dir='ltr'>πρὸς</span> <span class='ocrx_word' id='word_1_196' title='bbox 2728 1191 3007 1260; x_wconf 85' lang='grc' dir='ltr'>Τιμόθεον,</span> <span class='ocrx_word' id='word_1_197' title='bbox 3041 1191 3132 1244; x_wconf 80' lang='grc' dir='ltr'><strong>τὸν</strong></span> <span class='ocrx_word' id='word_1_198' title='bbox 3173 1193 3383 1247; x_wconf 82' lang='grc' dir='ltr'>Λουκᾶν</span> <span class='ocrx_word' id='word_1_199' title='bbox 3419 1195 3590 1263; x_wconf 84' lang='grc' dir='ltr'>μόνον</span> <span class='ocrx_word' id='word_1_200' title='bbox 3623 1195 3892 1265; x_wconf 80' lang='grc' dir='ltr'><strong>γράφοντι</strong></span> 
     </span>
    </p>
   </div>
   <div class='ocr_carea' id='block_1_27' title="bbox 2301 1281 3895 1354">
    <p class='ocr_par' dir='ltr' id='par_1_27' title="bbox 2301 1281 3895 1354">
     <span class='ocr_line' id='line_1_27' title="bbox 2301 1281 3895 1354; baseline 0.003 -21"><span class='ocrx_word' id='word_1_201' title='bbox 2301 1281 2449 1352; x_wconf 77' lang='grc' dir='ltr'>αὐτῷ</span> <span class='ocrx_word' id='word_1_202' title='bbox 2492 1285 2727 1334; x_wconf 87' lang='grc' dir='ltr'>συνεῖναι</span> <span class='ocrx_word' id='word_1_203' title='bbox 2775 1281 2941 1352; x_wconf 81' lang='grc' dir='ltr'>δηλοῖ,</span> <span class='ocrx_word' id='word_1_204' title='bbox 2981 1281 3120 1334; x_wconf 86' lang='grc' dir='ltr'><strong>κατά</strong></span> <span class='ocrx_word' id='word_1_205' title='bbox 3155 1281 3210 1334; x_wconf 84' lang='grc' dir='ltr'><strong>δὲ</strong></span> <span class='ocrx_word' id='word_1_206' title='bbox 3234 1283 3332 1352; x_wconf 84' lang='grc' dir='ltr'>τὴν</span> <span class='ocrx_word' id='word_1_207' title='bbox 3371 1283 3659 1354; x_wconf 85' lang='grc' dir='ltr'>προτέραν</span> <span class='ocrx_word' id='word_1_208' title='bbox 3698 1283 3895 1338; x_wconf 85' lang='grc' dir='ltr'>ἀπολο-</span> 
     </span>
    </p>
   </div>
   <div class='ocr_carea' id='block_1_28' title="bbox 2300 1370 3893 1440">
    <p class='ocr_par' dir='ltr' id='par_1_28' title="bbox 2300 1370 3893 1440">
     <span class='ocr_line' id='line_1_28' title="bbox 2300 1370 3893 1440; baseline 0.003 -16"><span class='ocrx_word' id='word_1_209' title='bbox 2300 1370 2425 1440; x_wconf 88' lang='grc' dir='ltr'>γίαν</span> <span class='ocrx_word' id='word_1_210' title='bbox 2468 1374 2589 1426; x_wconf 79' lang='grc' dir='ltr'>οὐδὲ</span> <span class='ocrx_word' id='word_1_211' title='bbox 2624 1373 2830 1426; x_wconf 85' lang='grc' dir='ltr'>τοῦτον.</span> <span class='ocrx_word' id='word_1_212' title='bbox 2863 1372 3022 1427; x_wconf 89' lang='grc' dir='ltr'>Ὅθεν</span> <span class='ocrx_word' id='word_1_213' title='bbox 3052 1373 3272 1437; x_wconf 79' lang='grc' dir='ltr'>εἰκότως</span> <span class='ocrx_word' id='word_1_214' title='bbox 3294 1373 3392 1437; x_wconf 87' lang='grc' dir='ltr'><strong>τάς</strong></span> <span class='ocrx_word' id='word_1_215' title='bbox 3420 1375 3536 1427; x_wconf 82' lang='grc' dir='ltr'>τῶν</span> <span class='ocrx_word' id='word_1_216' title='bbox 3569 1374 3893 1428; x_wconf 81' lang='grc' dir='ltr'>ἀποστόλων</span> 
     </span>
    </p>
   </div>
   <div class='ocr_carea' id='block_1_29' title="bbox 2301 1464 3895 1541">
    <p class='ocr_par' dir='ltr' id='par_1_29' title="bbox 2301 1464 3895 1541">
     <span class='ocr_line' id='line_1_29' title="bbox 2301 1464 3895 1541; baseline 0 -23"><span class='ocrx_word' id='word_1_217' title='bbox 2301 1464 2534 1536; x_wconf 79' lang='grc' dir='ltr'>Πρὰξεις</span> <span class='ocrx_word' id='word_1_218' title='bbox 2571 1468 2656 1520; x_wconf 83' lang='grc' dir='ltr'>ἐπ’</span> <span class='ocrx_word' id='word_1_219' title='bbox 2693 1469 2896 1520; x_wconf 85' lang='grc' dir='ltr'>ἐκεῖνον</span> <span class='ocrx_word' id='word_1_220' title='bbox 2942 1467 2970 1518; x_wconf 83' lang='grc' dir='ltr'>ὁ</span> <span class='ocrx_word' id='word_1_221' title='bbox 3003 1467 3215 1530; x_wconf 78' lang='grc' dir='ltr'><strong>Λουκᾶς</strong></span> <span class='ocrx_word' id='word_1_222' title='bbox 3245 1465 3590 1541; x_wconf 77' lang='grc' dir='ltr'><strong>περιέγραψε</strong></span> <span class='ocrx_word' id='word_1_223' title='bbox 3641 1468 3738 1520; x_wconf 86' lang='grc' dir='ltr'><strong>τὸν</strong></span> <span class='ocrx_word' id='word_1_224' title='bbox 3765 1468 3895 1537; x_wconf 85' lang='grc' dir='ltr'>χρό-</span> 
     </span>
    </p>
   </div>
   <div class='ocr_carea' id='block_1_30' title="bbox 2301 1559 3893 1632">
    <p class='ocr_par' dir='ltr' id='par_1_30' title="bbox 2301 1559 3893 1632">
     <span class='ocr_line' id='line_1_30' title="bbox 2301 1559 3893 1632; baseline 0.001 -21"><span class='ocrx_word' id='word_1_225' title='bbox 2301 1576 2408 1624; x_wconf 85' lang='grc' dir='ltr'>νον,</span> <span class='ocrx_word' id='word_1_226' title='bbox 2439 1560 2536 1630; x_wconf 79' lang='grc' dir='ltr'>τὴν</span> <span class='ocrx_word' id='word_1_227' title='bbox 2569 1559 2758 1632; x_wconf 78' lang='grc' dir='ltr'><strong>μέχρις</strong></span> <span class='ocrx_word' id='word_1_228' title='bbox 2790 1560 2878 1612; x_wconf 84' lang='grc' dir='ltr'><strong>ὅτε</strong></span> <span class='ocrx_word' id='word_1_229' title='bbox 2919 1559 2994 1631; x_wconf 83' lang='grc' dir='ltr'>τῷ</span> <span class='ocrx_word' id='word_1_230' title='bbox 3022 1559 3216 1630; x_wconf 80' lang='grc' dir='ltr'><strong>Παύλῳ</strong></span> <span class='ocrx_word' id='word_1_231' title='bbox 3251 1562 3415 1630; x_wconf 82' lang='grc' dir='ltr'>συνῆν</span> <span class='ocrx_word' id='word_1_232' title='bbox 3460 1559 3719 1630; x_wconf 79' lang='grc' dir='ltr'>ἱστορίαν</span> <span class='ocrx_word' id='word_1_233' title='bbox 3753 1561 3893 1630; x_wconf 69' lang='grc' dir='ltr'><strong>ὑφη-</strong></span> 
     </span>
    </p>
   </div>
   <div class='ocr_carea' id='block_1_31' title="bbox 2300 1649 3888 1723">
    <p class='ocr_par' dir='ltr' id='par_1_31' title="bbox 2300 1649 3888 1723">
     <span class='ocr_line' id='line_1_31' title="bbox 2300 1649 3888 1723; baseline -0.001 -21"><span class='ocrx_word' id='word_1_234' title='bbox 2300 1651 2626 1722; x_wconf 69' lang='grc' dir='ltr'>γησάμενος.</span> <span class='ocrx_word' id='word_1_235' title='bbox 2677 1651 2858 1704; x_wconf 88' lang='grc' dir='ltr'>Ταῦτα</span> <span class='ocrx_word' id='word_1_236' title='bbox 2899 1652 2956 1704; x_wconf 86' lang='grc' dir='ltr'>δὲ</span> <span class='ocrx_word' id='word_1_237' title='bbox 2999 1653 3128 1723; x_wconf 71' lang='grc' dir='ltr'>ἡμῖν</span> <span class='ocrx_word' id='word_1_238' title='bbox 3159 1651 3374 1722; x_wconf 77' lang='grc' dir='ltr'>εἴρηται</span> <span class='ocrx_word' id='word_1_239' title='bbox 3422 1649 3888 1720; x_wconf 84' lang='grc' dir='ltr'>παρισταμένοις,</span> 
     </span>
    </p>
   </div>
   <div class='ocr_carea' id='block_1_32' title="bbox 2299 1741 3890 1815">
    <p class='ocr_par' dir='ltr' id='par_1_32' title="bbox 2299 1741 3890 1815">
     <span class='ocr_line' id='line_1_32' title="bbox 2299 1741 3890 1815; baseline -0.001 -20"><span class='ocrx_word' id='word_1_240' title='bbox 2299 1742 2381 1796; x_wconf 85' lang='grc' dir='ltr'>ὃτι</span> <span class='ocrx_word' id='word_1_241' title='bbox 2425 1745 2498 1815; x_wconf 81' lang='grc' dir='ltr'>μὴ</span> <span class='ocrx_word' id='word_1_242' title='bbox 2538 1743 2658 1796; x_wconf 89' lang='grc' dir='ltr'>καθ’</span> <span class='ocrx_word' id='word_1_243' title='bbox 2680 1745 2746 1813; x_wconf 85' lang='grc' dir='ltr'>ἣν</span> <span class='ocrx_word' id='word_1_244' title='bbox 2774 1745 2802 1796; x_wconf 87' lang='grc' dir='ltr'><strong>ό</strong></span> <span class='ocrx_word' id='word_1_245' title='bbox 2824 1745 3034 1806; x_wconf 81' lang='grc' dir='ltr'>Λουκᾶς</span> <span class='ocrx_word' id='word_1_246' title='bbox 3069 1743 3370 1812; x_wconf 72' lang='grc' dir='ltr'>ἀνέγραψεν</span> <span class='ocrx_word' id='word_1_247' title='bbox 3391 1743 3486 1795; x_wconf 72' lang='grc' dir='ltr'><strong>ἐπὶ</strong></span> <span class='ocrx_word' id='word_1_248' title='bbox 3519 1742 3628 1812; x_wconf 85' lang='grc' dir='ltr'><strong>τῆς</strong></span> <span class='ocrx_word' id='word_1_249' title='bbox 3670 1741 3890 1812; x_wconf 85' lang='grc' dir='ltr'>Ῥώμης</span> 
     </span>
    </p>
   </div>
   <div class='ocr_carea' id='block_1_33' title="bbox 2301 1832 3891 1907">
    <p class='ocr_par' dir='ltr' id='par_1_33' title="bbox 2301 1832 3891 1907">
     <span class='ocr_line' id='line_1_33' title="bbox 2301 1832 3891 1907; baseline -0.001 -21"><span class='ocrx_word' id='word_1_250' title='bbox 2301 1833 2588 1904; x_wconf 78' lang='grc' dir='ltr'>ἐπιδημίαν</span> <span class='ocrx_word' id='word_1_251' title='bbox 2609 1833 2701 1887; x_wconf 91' lang='grc' dir='ltr'><strong>τοῦ</strong></span> <span class='ocrx_word' id='word_1_252' title='bbox 2725 1835 3030 1899; x_wconf 85' lang='grc' dir='ltr'>Παύλου,τδ</span> <span class='ocrx_word' id='word_1_253' title='bbox 3053 1835 3345 1907; x_wconf 84' lang='grc' dir='ltr'>μαρτύριον</span> <span class='ocrx_word' id='word_1_254' title='bbox 3371 1834 3523 1906; x_wconf 79' lang='grc' dir='ltr'>αὐτῷ</span> <span class='ocrx_word' id='word_1_255' title='bbox 3553 1832 3891 1904; x_wconf 75' lang='grc' dir='ltr'>συνεπεράν-</span> 
     </span>
    </p>
   </div>
   <div class='ocr_carea' id='block_1_34' title="bbox 636 1921 2199 2000">
    <p class='ocr_par' dir='ltr' id='par_1_34' title="bbox 636 1921 2199 1997">
     <span class='ocr_line' id='line_1_34' title="bbox 636 1921 2199 1997; baseline 0.003 -22"><span class='ocrx_word' id='word_1_256' title='bbox 636 1922 882 1976; x_wconf 87' lang='lat' dir='ltr'><strong>meminit</strong></span> <span class='ocrx_word' id='word_1_257' title='bbox 909 1921 1106 1986; x_wconf 86' lang='lat' dir='ltr'><strong>Lucas,</strong></span> <span class='ocrx_word' id='word_1_258' title='bbox 1135 1924 1186 1976; x_wconf 92' lang='lat' dir='ltr'><strong>in</strong></span> <span class='ocrx_word' id='word_1_259' title='bbox 1213 1925 1400 1978; x_wconf 90' lang='lat' dir='ltr'><strong>urbem</strong></span> <span class='ocrx_word' id='word_1_260' title='bbox 1427 1926 1651 1980; x_wconf 76' lang='lat' dir='ltr'><strong>Romam</strong></span> <span class='ocrx_word' id='word_1_261' title='bbox 1671 1926 1923 1990; x_wconf 86' lang='lat' dir='ltr'><strong>adventu,</strong></span> <span class='ocrx_word' id='word_1_262' title='bbox 1944 1927 2199 1997; x_wconf 84' lang='lat' dir='ltr'><strong>martyrio</strong></span> 
     </span>
    </p>
   </div>
   <div class='ocr_carea' id='block_1_35' title="bbox 2302 1921 3882 2000">
    <p class='ocr_par' dir='ltr' id='par_1_35' title="bbox 2307 1924 3882 2000">
     <span class='ocr_line' id='line_1_35' title="bbox 2307 1924 3882 2000; baseline -0.001 -21"><span class='ocrx_word' id='word_1_263' title='bbox 2307 1925 2395 1997; x_wconf 89' lang='grc' dir='ltr'>θη.</span> <span class='ocrx_word' id='word_1_264' title='bbox 2426 1928 2586 1990; x_wconf 83' lang='grc' dir='ltr'>Εἰκός</span> <span class='ocrx_word' id='word_1_265' title='bbox 2609 1944 2672 1996; x_wconf 88' lang='grc' dir='ltr'><strong>γε</strong></span> <span class='ocrx_word' id='word_1_266' title='bbox 2698 1944 2780 1980; x_wconf 93' lang='grc' dir='ltr'><strong>τοι</strong></span> <span class='ocrx_word' id='word_1_267' title='bbox 2805 1926 2947 1981; x_wconf 86' lang='grc' dir='ltr'>κατὰ</span> <span class='ocrx_word' id='word_1_268' title='bbox 2989 1927 3085 2000; x_wconf 80' lang='grc' dir='ltr'><strong>μὲν</strong></span> <span class='ocrx_word' id='word_1_269' title='bbox 3110 1927 3283 1999; x_wconf 84' lang='grc' dir='ltr'>ἀρχὰς</span> <span class='ocrx_word' id='word_1_270' title='bbox 3314 1927 3631 1999; x_wconf 73' lang='grc' dir='ltr'>ἠπιώτερον</span> <span class='ocrx_word' id='word_1_271' title='bbox 3657 1924 3754 1979; x_wconf 79' lang='grc' dir='ltr'><strong>τοῦ</strong></span> <span class='ocrx_word' id='word_1_272' title='bbox 3786 1926 3882 1979; x_wconf 64' lang='grc' dir='ltr'><strong>Νέν</strong></span> 
     </span>
    </p>
   </div>
   <div class='ocr_carea' id='block_1_36' title="bbox 638 2013 2203 2089">
    <p class='ocr_par' dir='ltr' id='par_1_36' title="bbox 638 2013 2203 2089">
     <span class='ocr_line' id='line_1_36' title="bbox 638 2013 2203 2089; baseline 0.004 -21"><span class='ocrx_word' id='word_1_273' title='bbox 638 2028 757 2069; x_wconf 91' lang='lat' dir='ltr'><strong>esse</strong></span> <span class='ocrx_word' id='word_1_274' title='bbox 777 2013 1137 2084; x_wconf 88' lang='lat' dir='ltr'><strong>perfunctum.</strong></span> <span class='ocrx_word' id='word_1_275' title='bbox 1163 2015 1369 2086; x_wconf 85' lang='lat' dir='ltr'><strong>Quippe</strong></span> <span class='ocrx_word' id='word_1_276' title='bbox 1396 2019 1678 2086; x_wconf 77' lang='lat' dir='ltr'><strong>probabile</strong></span> <span class='ocrx_word' id='word_1_277' title='bbox 1703 2028 1786 2072; x_wconf 84' lang='lat' dir='ltr'><strong>est</strong></span> <span class='ocrx_word' id='word_1_278' title='bbox 1807 2018 1956 2073; x_wconf 85' lang='lat' dir='ltr'><strong>Pauli</strong></span> <span class='ocrx_word' id='word_1_279' title='bbox 1977 2036 2072 2089; x_wconf 93' lang='lat' dir='ltr'><strong>pro</strong></span> <span class='ocrx_word' id='word_1_280' title='bbox 2097 2019 2203 2074; x_wconf 81' lang='lat' dir='ltr'><strong>fide</strong></span> 
     </span>
    </p>
   </div>
   <div class='ocr_carea' id='block_1_37' title="bbox 637 2105 2205 2184">
    <p class='ocr_par' dir='ltr' id='par_1_37' title="bbox 637 2105 2205 2184">
     <span class='ocr_line' id='line_1_37' title="bbox 637 2105 2205 2184; baseline 0.007 -27"><span class='ocrx_word' id='word_1_281' title='bbox 637 2115 820 2159; x_wconf 76' lang='lat' dir='ltr'><strong>nostra</strong></span> <span class='ocrx_word' id='word_1_282' title='bbox 845 2105 1212 2160; x_wconf 77' lang='lat' dir='ltr'><strong>defensionem</strong></span> <span class='ocrx_word' id='word_1_283' title='bbox 1243 2123 1272 2160; x_wconf 93' lang='lat' dir='ltr'><strong>a</strong></span> <span class='ocrx_word' id='word_1_284' title='bbox 1304 2106 1513 2163; x_wconf 74' lang='lat' dir='ltr'><strong>Nerone</strong></span> <span class='ocrx_word' id='word_1_285' title='bbox 1544 2109 1634 2178; x_wconf 91' lang='lat' dir='ltr'><strong>qui</strong></span> <span class='ocrx_word' id='word_1_286' title='bbox 1663 2111 1807 2164; x_wconf 89' lang='lat' dir='ltr'><strong>circa</strong></span> <span class='ocrx_word' id='word_1_287' title='bbox 1845 2110 1995 2166; x_wconf 90' lang='lat' dir='ltr'><strong>initia</strong></span> <span class='ocrx_word' id='word_1_288' title='bbox 2030 2113 2205 2184; x_wconf 85' lang='lat' dir='ltr'><strong>impe-</strong></span> 
     </span>
    </p>
   </div>
   <div class='ocr_carea' id='block_1_38' title="bbox 640 2198 2198 2272">
    <p class='ocr_par' dir='ltr' id='par_1_38' title="bbox 640 2198 2198 2272">
     <span class='ocr_line' id='line_1_38' title="bbox 640 2198 2198 2272; baseline 0.006 -21"><span class='ocrx_word' id='word_1_289' title='bbox 640 2199 711 2251; x_wconf 88' lang='lat' dir='ltr'><strong>rii</strong></span> <span class='ocrx_word' id='word_1_290' title='bbox 739 2198 1060 2254; x_wconf 85' lang='lat' dir='ltr'><strong>clementius</strong></span> <span class='ocrx_word' id='word_1_291' title='bbox 1084 2215 1141 2254; x_wconf 87' lang='lat' dir='ltr'><strong>se</strong></span> <span class='ocrx_word' id='word_1_292' title='bbox 1167 2203 1413 2269; x_wconf 81' lang='lat' dir='ltr'><strong>gerebat,</strong></span> <span class='ocrx_word' id='word_1_293' title='bbox 1437 2202 1666 2272; x_wconf 83' lang='lat' dir='ltr'><strong>benigne</strong></span> <span class='ocrx_word' id='word_1_294' title='bbox 1689 2203 1976 2258; x_wconf 85' lang='lat' dir='ltr'><strong>admissam</strong></span> <span class='ocrx_word' id='word_1_295' title='bbox 1997 2203 2161 2261; x_wconf 89' lang='lat' dir='ltr'><strong>fuisse</strong></span> <span class='ocrx_word' id='word_1_296' title='bbox 2185 2225 2198 2260; x_wconf 87' lang='lat'><strong>:</strong></span> 
     </span>
    </p>
   </div>
   <div class='ocr_carea' id='block_1_39' title="bbox 637 2291 2199 2360">
    <p class='ocr_par' dir='ltr' id='par_1_39' title="bbox 637 2291 2199 2360">
     <span class='ocr_line' id='line_1_39' title="bbox 637 2291 2199 2360; baseline 0.005 -20"><span class='ocrx_word' id='word_1_297' title='bbox 637 2302 828 2340; x_wconf 83' lang='lat' dir='ltr'><strong>verum</strong></span> <span class='ocrx_word' id='word_1_298' title='bbox 865 2301 986 2340; x_wconf 93' lang='lat' dir='ltr'><strong>cum</strong></span> <span class='ocrx_word' id='word_1_299' title='bbox 1037 2297 1220 2357; x_wconf 91' lang='lat' dir='ltr'><strong>postea</strong></span> <span class='ocrx_word' id='word_1_300' title='bbox 1255 2292 1322 2343; x_wconf 89' lang='lat' dir='ltr'><strong>ad</strong></span> <span class='ocrx_word' id='word_1_301' title='bbox 1372 2291 1646 2344; x_wconf 84' lang='lat' dir='ltr'><strong>teterrima</strong></span> <span class='ocrx_word' id='word_1_302' title='bbox 1682 2306 1909 2360; x_wconf 65' lang='lat' dir='ltr'><strong>quaeque</strong></span> <span class='ocrx_word' id='word_1_303' title='bbox 1957 2292 2199 2348; x_wconf 79' lang='lat' dir='ltr'><strong>facinora</strong></span> 
     </span>
    </p>
   </div>
   <div class='ocr_carea' id='block_1_40' title="bbox 2305 2017 3889 2093">
    <p class='ocr_par' dir='ltr' id='par_1_40' title="bbox 2305 2017 3889 2093">
     <span class='ocr_line' id='line_1_40' title="bbox 2305 2017 3889 2093; baseline 0 -21"><span class='ocrx_word' id='word_1_304' title='bbox 2305 2035 2472 2090; x_wconf 84' lang='grc' dir='ltr'>ρωνος</span> <span class='ocrx_word' id='word_1_305' title='bbox 2502 2019 2862 2091; x_wconf 78' lang='grc' dir='ltr'><strong>διακειμένου,</strong></span> <span class='ocrx_word' id='word_1_306' title='bbox 2899 2023 3026 2093; x_wconf 72' lang='grc' dir='ltr'>ῥᾷον</span> <span class='ocrx_word' id='word_1_307' title='bbox 3055 2021 3150 2092; x_wconf 81' lang='grc' dir='ltr'>τὴν</span> <span class='ocrx_word' id='word_1_308' title='bbox 3183 2023 3322 2093; x_wconf 82' lang='grc' dir='ltr'>ὑπὲρ</span> <span class='ocrx_word' id='word_1_309' title='bbox 3346 2019 3440 2073; x_wconf 82' lang='grc' dir='ltr'><strong>τοῦ</strong></span> <span class='ocrx_word' id='word_1_310' title='bbox 3474 2021 3758 2092; x_wconf 87' lang='grc' dir='ltr'>δόγματος</span> <span class='ocrx_word' id='word_1_311' title='bbox 3793 2017 3889 2072; x_wconf 81' lang='grc' dir='ltr'><strong>τοῦ</strong></span> 
     </span>
    </p>
   </div>
   <div class='ocr_carea' id='block_1_41' title="bbox 2304 2111 3888 2186">
    <p class='ocr_par' dir='ltr' id='par_1_41' title="bbox 2304 2111 3888 2186">
     <span class='ocr_line' id='line_1_41' title="bbox 2304 2111 3888 2186; baseline -0.001 -21"><span class='ocrx_word' id='word_1_312' title='bbox 2304 2111 2514 2166; x_wconf 81' lang='grc' dir='ltr'>Παύλου</span> <span class='ocrx_word' id='word_1_313' title='bbox 2549 2114 2942 2186; x_wconf 81' lang='grc' dir='ltr'>καταδεχθῆναι</span> <span class='ocrx_word' id='word_1_314' title='bbox 2983 2115 3299 2183; x_wconf 86' lang='grc' dir='ltr'>ἀπολογίαν·</span> <span class='ocrx_word' id='word_1_315' title='bbox 3344 2113 3710 2186; x_wconf 85' lang='grc' dir='ltr'>προελθόντος</span> <span class='ocrx_word' id='word_1_316' title='bbox 3732 2111 3788 2165; x_wconf 84' lang='grc' dir='ltr'>δὲ</span> <span class='ocrx_word' id='word_1_317' title='bbox 3810 2113 3888 2176; x_wconf 77' lang='grc' dir='ltr'>εις</span> 
     </span>
    </p>
   </div>
   <div class='ocr_carea' id='block_1_42' title="bbox 2303 2201 3894 2277">
    <p class='ocr_par' dir='ltr' id='par_1_42' title="bbox 2303 2201 3894 2277">
     <span class='ocr_line' id='line_1_42' title="bbox 2303 2201 3894 2277; baseline -0.001 -18"><span class='ocrx_word' id='word_1_318' title='bbox 2303 2204 2591 2276; x_wconf 82' lang='grc' dir='ltr'>ἀθεμίτους</span> <span class='ocrx_word' id='word_1_319' title='bbox 2618 2206 2839 2277; x_wconf 84' lang='grc' dir='ltr'>τόλμας,</span> <span class='ocrx_word' id='word_1_320' title='bbox 2878 2205 3014 2277; x_wconf 83' lang='grc' dir='ltr'>μετὰ</span> <span class='ocrx_word' id='word_1_321' title='bbox 3041 2205 3147 2258; x_wconf 86' lang='grc' dir='ltr'>τῶν</span> <span class='ocrx_word' id='word_1_322' title='bbox 3169 2205 3342 2258; x_wconf 82' lang='grc' dir='ltr'>ἄλλων</span> <span class='ocrx_word' id='word_1_323' title='bbox 3371 2205 3465 2258; x_wconf 71' lang='grc' dir='ltr'>καὶ</span> <span class='ocrx_word' id='word_1_324' title='bbox 3497 2201 3572 2257; x_wconf 74' lang='grc' dir='ltr'>τὰ</span> <span class='ocrx_word' id='word_1_325' title='bbox 3603 2203 3748 2256; x_wconf 89' lang='grc' dir='ltr'><strong>κατά</strong></span> <span class='ocrx_word' id='word_1_326' title='bbox 3781 2203 3894 2257; x_wconf 75' lang='grc' dir='ltr'>τῶν</span> 
     </span>
    </p>
   </div>
   <div class='ocr_carea' id='block_1_43' title="bbox 2303 2297 3234 2370">
    <p class='ocr_par' dir='ltr' id='par_1_43' title="bbox 2303 2297 3234 2370">
     <span class='ocr_line' id='line_1_43' title="bbox 2303 2297 3234 2370; baseline 0.001 -20"><span class='ocrx_word' id='word_1_327' title='bbox 2303 2298 2614 2352; x_wconf 82' lang='grc' dir='ltr'>ἀποστόλων</span> <span class='ocrx_word' id='word_1_328' title='bbox 2640 2298 3045 2370; x_wconf 75' lang='grc' dir='ltr'>ἐγχειρισθῆναι</span> <span class='ocrx_word' id='word_1_329' title='bbox 3077 2297 3234 2370; x_wconf 80' lang='lat'><strong>(90&#39;).</strong></span> 
     </span>
    </p>
   </div>
   <div class='ocr_carea' id='block_1_44' title="bbox 636 2375 3062 2462">
    <p class='ocr_par' dir='ltr' id='par_1_44' title="bbox 636 2375 3062 2462">
     <span class='ocr_line' id='line_1_44' title="bbox 636 2375 3062 2462; baseline 0.005 -28"><span class='ocrx_word' id='word_1_330' title='bbox 636 2380 779 2434; x_wconf 87' lang='lat' dir='ltr'><strong>idem</strong></span> <span class='ocrx_word' id='word_1_331' title='bbox 828 2375 969 2432; x_wconf 85' lang='lat' dir='ltr'><strong>Nero</strong></span> <span class='ocrx_word' id='word_1_332' title='bbox 1014 2382 1369 2450; x_wconf 88' lang='lat' dir='ltr'><strong>prorupisset,</strong></span> <span class='ocrx_word' id='word_1_333' title='bbox 1395 2383 1670 2452; x_wconf 88' lang='lat' dir='ltr'><strong>apostolos</strong></span> <span class='ocrx_word' id='word_1_334' title='bbox 1696 2399 1913 2456; x_wconf 82' lang='lat' dir='ltr'><strong>quoque</strong></span> <span class='ocrx_word' id='word_1_335' title='bbox 1957 2399 2079 2441; x_wconf 91' lang='lat' dir='ltr'><strong>cum</strong></span> <span class='ocrx_word' id='word_1_336' title='bbox 2109 2391 2320 2446; x_wconf 73' lang='lat' dir='ltr'><strong>caeteris</strong></span> <span class='ocrx_word' id='word_1_337' title='bbox 2350 2394 2610 2448; x_wconf 68' lang='lat' dir='ltr'><strong>saevitiam</strong></span> <span class='ocrx_word' id='word_1_338' title='bbox 2643 2393 2757 2461; x_wconf 82' lang='lat' dir='ltr'><strong>ejus</strong></span> <span class='ocrx_word' id='word_1_339' title='bbox 2791 2402 3062 2462; x_wconf 80' lang='lat' dir='ltr'><strong>expertos.</strong></span> 
     </span>
    </p>
   </div>
   <div class='ocr_carea' id='block_1_45' title="bbox 1117 2475 1705 2548">
    <p class='ocr_par' dir='ltr' id='par_1_45' title="bbox 1117 2475 1705 2548">
     <span class='ocr_line' id='line_1_45' title="bbox 1117 2475 1705 2548; baseline -0.002 -15"><span class='ocrx_word' id='word_1_340' title='bbox 1117 2476 1225 2548; x_wconf 76' lang='lat'><strong>63</strong></span> <span class='ocrx_word' id='word_1_341' title='bbox 1260 2475 1488 2534; x_wconf 84' lang='lat' dir='ltr'><strong>CAPUT</strong></span> <span class='ocrx_word' id='word_1_342' title='bbox 1523 2477 1705 2533; x_wconf 81' lang='lat' dir='ltr'><strong>xxut.</strong></span> 
     </span>
    </p>
   </div>
   <div class='ocr_carea' id='block_1_46' title="bbox 705 2569 2125 2641">
    <p class='ocr_par' dir='ltr' id='par_1_46' title="bbox 705 2569 2125 2641">
     <span class='ocr_line' id='line_1_46' title="bbox 705 2569 2125 2641; baseline 0.004 -17"><span class='ocrx_word' id='word_1_343' title='bbox 705 2571 978 2638; x_wconf 83' lang='lat' dir='ltr'><strong>Quomodo</strong></span> <span class='ocrx_word' id='word_1_344' title='bbox 1002 2569 1233 2626; x_wconf 72' lang='lat' dir='ltr'><strong>Iacobus</strong></span> <span class='ocrx_word' id='word_1_345' title='bbox 1262 2571 1350 2637; x_wconf 87' lang='lat' dir='ltr'><strong>qui</strong></span> <span class='ocrx_word' id='word_1_346' title='bbox 1381 2571 1546 2639; x_wconf 76' lang='lat' dir='ltr'><strong>frater</strong></span> <span class='ocrx_word' id='word_1_347' title='bbox 1582 2572 1789 2627; x_wconf 78' lang='lat' dir='ltr'><strong>Domini</strong></span> <span class='ocrx_word' id='word_1_348' title='bbox 1823 2573 1997 2628; x_wconf 72' lang='lat' dir='ltr'><strong>dictus</strong></span> <span class='ocrx_word' id='word_1_349' title='bbox 2027 2584 2125 2641; x_wconf 76' lang='lat' dir='ltr'><strong>est,</strong></span> 
     </span>
    </p>
   </div>
   <div class='ocr_carea' id='block_1_47' title="bbox 1157 2641 1676 2710">
    <p class='ocr_par' dir='ltr' id='par_1_47' title="bbox 1157 2641 1676 2710">
     <span class='ocr_line' id='line_1_47' title="bbox 1157 2641 1676 2710; baseline 0.006 -15"><span class='ocrx_word' id='word_1_350' title='bbox 1157 2644 1465 2710; x_wconf 85' lang='lat' dir='ltr'><strong>martyrium</strong></span> <span class='ocrx_word' id='word_1_351' title='bbox 1498 2641 1676 2698; x_wconf 77' lang='lat' dir='ltr'><strong>subiit.</strong></span> 
     </span>
    </p>
   </div>
   <div class='ocr_carea' id='block_1_48' title="bbox 703 2732 2197 2804">
    <p class='ocr_par' dir='ltr' id='par_1_48' title="bbox 703 2732 2197 2804">
     <span class='ocr_line' id='line_1_48' title="bbox 703 2732 2197 2804; baseline 0 -16"><span class='ocrx_word' id='word_1_352' title='bbox 703 2732 969 2788; x_wconf 61' lang='lat' dir='ltr'><strong>(laterum</strong></span> <span class='ocrx_word' id='word_1_353' title='bbox 1022 2748 1142 2787; x_wconf 88' lang='lat' dir='ltr'><strong>cum</strong></span> <span class='ocrx_word' id='word_1_354' title='bbox 1174 2732 1372 2788; x_wconf 84' lang='lat' dir='ltr'><strong>Paulus</strong></span> <span class='ocrx_word' id='word_1_355' title='bbox 1410 2733 1476 2787; x_wconf 88' lang='lat' dir='ltr'><strong>ad</strong></span> <span class='ocrx_word' id='word_1_356' title='bbox 1512 2733 1780 2788; x_wconf 66' lang='lat' dir='ltr'><strong>Cwsarem</strong></span> <span class='ocrx_word' id='word_1_357' title='bbox 1829 2745 2197 2804; x_wconf 84' lang='lat' dir='ltr'><strong>provocasset,</strong></span> 
     </span>
    </p>
   </div>
   <div class='ocr_carea' id='block_1_49' title="bbox 633 2823 2200 2895">
    <p class='ocr_par' dir='ltr' id='par_1_49' title="bbox 633 2823 2200 2895">
     <span class='ocr_line' id='line_1_49' title="bbox 633 2823 2200 2895; baseline 0.002 -17"><span class='ocrx_word' id='word_1_358' title='bbox 633 2823 970 2895; x_wconf 77' lang='lat' dir='ltr'><strong>Romamque</strong></span> <span class='ocrx_word' id='word_1_359' title='bbox 1002 2841 1030 2878; x_wconf 91' lang='lat' dir='ltr'><strong>a</strong></span> <span class='ocrx_word' id='word_1_360' title='bbox 1060 2823 1221 2879; x_wconf 86' lang='lat' dir='ltr'><strong>Festo</strong></span> <span class='ocrx_word' id='word_1_361' title='bbox 1247 2824 1447 2879; x_wconf 90' lang='lat' dir='ltr'><strong>missus</strong></span> <span class='ocrx_word' id='word_1_362' title='bbox 1474 2834 1636 2889; x_wconf 88' lang='lat' dir='ltr'><strong>esset,</strong></span> <span class='ocrx_word' id='word_1_363' title='bbox 1657 2823 1825 2879; x_wconf 72' lang='lat' dir='ltr'><strong>Judmi</strong></span> <span class='ocrx_word' id='word_1_364' title='bbox 1853 2826 1942 2894; x_wconf 90' lang='lat' dir='ltr'><strong>qui</strong></span> <span class='ocrx_word' id='word_1_365' title='bbox 1974 2826 2200 2881; x_wconf 83' lang='lat' dir='ltr'><strong>insidias</strong></span> 
     </span>
    </p>
   </div>
   <div class='ocr_carea' id='block_1_50' title="bbox 634 2915 2196 2987">
    <p class='ocr_par' dir='ltr' id='par_1_50' title="bbox 634 2915 2196 2987">
     <span class='ocr_line' id='line_1_50' title="bbox 634 2915 2196 2987; baseline 0 -17"><span class='ocrx_word' id='word_1_366' title='bbox 634 2916 733 2987; x_wconf 89' lang='lat' dir='ltr'><strong>ipsi</strong></span> <span class='ocrx_word' id='word_1_367' title='bbox 771 2925 1107 2978; x_wconf 84' lang='lat' dir='ltr'><strong>struxerant,</strong></span> <span class='ocrx_word' id='word_1_368' title='bbox 1148 2931 1241 2986; x_wconf 87' lang='lat' dir='ltr'><strong>spe</strong></span> <span class='ocrx_word' id='word_1_369' title='bbox 1264 2930 1362 2970; x_wconf 88' lang='lat' dir='ltr'><strong>sua</strong></span> <span class='ocrx_word' id='word_1_370' title='bbox 1397 2916 1666 2983; x_wconf 91' lang='lat' dir='ltr'><strong>frustrati,</strong></span> <span class='ocrx_word' id='word_1_371' title='bbox 1702 2918 1754 2970; x_wconf 91' lang='lat' dir='ltr'><strong>in</strong></span> <span class='ocrx_word' id='word_1_372' title='bbox 1784 2915 2044 2972; x_wconf 81' lang='lat' dir='ltr'><strong>Jacobum</strong></span> <span class='ocrx_word' id='word_1_373' title='bbox 2080 2917 2196 2971; x_wconf 88' lang='lat' dir='ltr'><strong>fra-</strong></span> 
     </span>
    </p>
   </div>
   <div class='ocr_carea' id='block_1_51' title="bbox 635 2995 2198 3079">
    <p class='ocr_par' dir='ltr' id='par_1_51' title="bbox 635 2995 2198 3079">
     <span class='ocr_line' id='line_1_51' title="bbox 635 2995 2198 3079; baseline 0.001 -17"><span class='ocrx_word' id='word_1_374' title='bbox 635 3019 770 3063; x_wconf 90' lang='lat' dir='ltr'><strong>trem</strong></span> <span class='ocrx_word' id='word_1_375' title='bbox 798 3007 1135 3074; x_wconf 90' lang='lat' dir='ltr'><strong>Domini,cui</strong></span> <span class='ocrx_word' id='word_1_376' title='bbox 1163 2995 1488 3079; x_wconf 81' lang='lat' dir='ltr'><strong>episcopalis</strong></span> <span class='ocrx_word' id='word_1_377' title='bbox 1515 3006 2018 3079; x_wconf 82' lang='lat' dir='ltr'><strong>Hierosolymorum</strong></span> <span class='ocrx_word' id='word_1_378' title='bbox 2041 3009 2198 3064; x_wconf 86' lang='lat' dir='ltr'><strong>sedes</strong></span> 
     </span>
    </p>
   </div>
   <div class='ocr_carea' id='block_1_52' title="bbox 633 3099 2198 3171">
    <p class='ocr_par' dir='ltr' id='par_1_52' title="bbox 633 3099 2198 3171">
     <span class='ocr_line' id='line_1_52' title="bbox 633 3099 2198 3171; baseline -0.001 -13"><span class='ocrx_word' id='word_1_379' title='bbox 633 3105 702 3158; x_wconf 88' lang='lat' dir='ltr'><strong>ab</strong></span> <span class='ocrx_word' id='word_1_380' title='bbox 739 3101 998 3171; x_wconf 89' lang='lat' dir='ltr'><strong>apostolis</strong></span> <span class='ocrx_word' id='word_1_381' title='bbox 1029 3101 1223 3156; x_wconf 85' lang='lat' dir='ltr'><strong>tradita</strong></span> <span class='ocrx_word' id='word_1_382' title='bbox 1264 3099 1464 3167; x_wconf 90' lang='lat' dir='ltr'><strong>fuerat,</strong></span> <span class='ocrx_word' id='word_1_383' title='bbox 1491 3101 1694 3155; x_wconf 87' lang='lat' dir='ltr'><strong>rabiem</strong></span> <span class='ocrx_word' id='word_1_384' title='bbox 1741 3109 2083 3169; x_wconf 87' lang='lat' dir='ltr'><strong>convertunt,</strong></span> <span class='ocrx_word' id='word_1_385' title='bbox 2115 3113 2198 3157; x_wconf 87' lang='lat' dir='ltr'><strong>at-</strong></span> 
     </span>
    </p>
   </div>
   <div class='ocr_carea' id='block_1_53' title="bbox 633 3189 2195 3266">
    <p class='ocr_par' dir='ltr' id='par_1_53' title="bbox 633 3189 2195 3266">
     <span class='ocr_line' id='line_1_53' title="bbox 633 3189 2195 3266; baseline 0.001 -19"><span class='ocrx_word' id='word_1_386' title='bbox 633 3208 740 3266; x_wconf 84' lang='lat' dir='ltr'><strong>que</strong></span> <span class='ocrx_word' id='word_1_387' title='bbox 772 3189 1013 3250; x_wconf 80' lang='lat' dir='ltr'><strong>hoc&#39;fere</strong></span> <span class='ocrx_word' id='word_1_388' title='bbox 1060 3193 1222 3248; x_wconf 93' lang='lat' dir='ltr'><strong>modo</strong></span> <span class='ocrx_word' id='word_1_389' title='bbox 1255 3193 1404 3248; x_wconf 93' lang='lat' dir='ltr'><strong>illum</strong></span> <span class='ocrx_word' id='word_1_390' title='bbox 1457 3193 1632 3248; x_wconf 83' lang='lat' dir='ltr'><strong>adorti</strong></span> <span class='ocrx_word' id='word_1_391' title='bbox 1677 3204 1821 3249; x_wconf 87' lang='lat' dir='ltr'><strong>sunt.</strong></span> <span class='ocrx_word' id='word_1_392' title='bbox 1870 3194 2195 3251; x_wconf 86' lang='lat' dir='ltr'><strong>Productum</strong></span> 
     </span>
    </p>
   </div>
   <div class='ocr_carea' id='block_1_54' title="bbox 2809 2488 3357 2542">
    <p class='ocr_par' dir='ltr' id='par_1_54' title="bbox 2809 2488 3357 2542">
     <span class='ocr_line' id='line_1_54' title="bbox 2809 2488 3357 2542; baseline 0.002 -2"><span class='ocrx_word' id='word_1_393' title='bbox 2809 2488 3201 2541; x_wconf 74' lang='grc' dir='ltr'><strong>ΚΕΦΑΛΑῙΟΝ</strong></span> <span class='ocrx_word' id='word_1_394' title='bbox 3234 2489 3357 2542; x_wconf 84' lang='grc' dir='ltr'><strong>ΚΓ’.</strong></span> 
     </span>
    </p>
   </div>
   <div class='ocr_carea' id='block_1_55' title="bbox 2316 2579 3623 2650">
    <p class='ocr_par' dir='ltr' id='par_1_55' title="bbox 2316 2579 3623 2650">
     <span class='ocr_line' id='line_1_55' title="bbox 2316 2579 3623 2650; baseline -0.001 -15"><span class='ocrx_word' id='word_1_395' title='bbox 2316 2580 2414 2647; x_wconf 81' lang='grc' dir='ltr'>Ὠς</span> <span class='ocrx_word' id='word_1_396' title='bbox 2438 2580 2846 2650; x_wconf 80' lang='grc' dir='ltr'>ἐμαρτύρησεν</span> <span class='ocrx_word' id='word_1_397' title='bbox 2881 2579 3155 2646; x_wconf 80' lang='grc' dir='ltr'>Ἰάκωϐος</span> <span class='ocrx_word' id='word_1_398' title='bbox 3182 2579 3358 2650; x_wconf 32' lang='lat' dir='ltr'><strong>datm?</strong></span> <span class='ocrx_word' id='word_1_399' title='bbox 3391 2579 3623 2648; x_wconf 78' lang='grc' dir='ltr'><strong>Κυρίου</strong></span> 
     </span>
    </p>
   </div>
   <div class='ocr_carea' id='block_1_56' title="bbox 2540 2648 3630 2720">
    <p class='ocr_par' dir='ltr' id='par_1_56' title="bbox 2540 2648 3630 2720">
     <span class='ocr_line' id='line_1_56' title="bbox 2540 2648 3630 2720; baseline -0.001 -16"><span class='ocrx_word' id='word_1_400' title='bbox 2540 2648 3005 2719; x_wconf 50' lang='grc' dir='ltr'>τίσιες-ἀδελφός</span> <span class='ocrx_word' id='word_1_401' title='bbox 3038 2650 3180 2714; x_wconf 72' lang='lat' dir='ltr'><strong>(Nic.</strong></span> <span class='ocrx_word' id='word_1_402' title='bbox 3211 2648 3284 2707; x_wconf 87' lang='lat' dir='ltr'><strong>H.</strong></span> <span class='ocrx_word' id='word_1_403' title='bbox 3320 2649 3386 2703; x_wconf 85' lang='lat' dir='ltr'><strong>E.</strong></span> <span class='ocrx_word' id='word_1_404' title='bbox 3420 2665 3482 2714; x_wconf 86' lang='lat' dir='ltr'><strong>tt,</strong></span> <span class='ocrx_word' id='word_1_405' title='bbox 3512 2650 3630 2720; x_wconf 80' lang='grc'><strong>58).</strong></span> 
     </span>
    </p>
   </div>
   <div class='ocr_carea' id='block_1_57' title="bbox 2389 2740 3886 2815">
    <p class='ocr_par' dir='ltr' id='par_1_57' title="bbox 2389 2740 3886 2815">
     <span class='ocr_line' id='line_1_57' title="bbox 2389 2740 3886 2815; baseline -0.002 -18"><span class='ocrx_word' id='word_1_406' title='bbox 2389 2743 2628 2797; x_wconf 86' lang='grc' dir='ltr'>Ἰουδαῖοί</span> <span class='ocrx_word' id='word_1_407' title='bbox 2663 2759 2726 2812; x_wconf 89' lang='grc' dir='ltr'><strong>γε</strong></span> <span class='ocrx_word' id='word_1_408' title='bbox 2765 2741 2988 2815; x_wconf 78' lang='grc' dir='ltr'>μὴν,τοῦ</span> <span class='ocrx_word' id='word_1_409' title='bbox 3018 2741 3232 2796; x_wconf 78' lang='grc' dir='ltr'>Παύλου</span> <span class='ocrx_word' id='word_1_410' title='bbox 3267 2741 3521 2814; x_wconf 83' lang='grc' dir='ltr'>Καίσαρα</span> <span class='ocrx_word' id='word_1_411' title='bbox 3556 2740 3886 2796; x_wconf 76' lang='grc' dir='ltr'>ἐπικαλεσα-</span> 
     </span>
    </p>
   </div>
   <div class='ocr_carea' id='block_1_58' title="bbox 2309 2833 3885 2906">
    <p class='ocr_par' dir='ltr' id='par_1_58' title="bbox 2309 2833 3885 2906">
     <span class='ocr_line' id='line_1_58' title="bbox 2309 2833 3885 2906; baseline -0.001 -19"><span class='ocrx_word' id='word_1_412' title='bbox 2309 2834 2470 2906; x_wconf 85' lang='grc' dir='ltr'>μένου</span> <span class='ocrx_word' id='word_1_413' title='bbox 2490 2873 2504 2897; x_wconf 91' lang='grc'><strong>,</strong></span> <span class='ocrx_word' id='word_1_414' title='bbox 2535 2835 2626 2888; x_wconf 88' lang='grc' dir='ltr'><strong>ἐπί</strong></span> <span class='ocrx_word' id='word_1_415' title='bbox 2655 2852 2714 2887; x_wconf 89' lang='grc' dir='ltr'><strong>τε</strong></span> <span class='ocrx_word' id='word_1_416' title='bbox 2743 2835 2844 2906; x_wconf 86' lang='grc' dir='ltr'>τὴν</span> <span class='ocrx_word' id='word_1_417' title='bbox 2881 2833 3166 2904; x_wconf 84' lang='grc' dir='ltr'>Ῥωμαίων</span> <span class='ocrx_word' id='word_1_418' title='bbox 3195 2833 3347 2886; x_wconf 87' lang='grc' dir='ltr'>πόλιν</span> <span class='ocrx_word' id='word_1_419' title='bbox 3387 2834 3492 2887; x_wconf 83' lang='grc' dir='ltr'>ὑπὸ</span> <span class='ocrx_word' id='word_1_420' title='bbox 3533 2835 3752 2905; x_wconf 83' lang='grc' dir='ltr'>Φήστου</span> <span class='ocrx_word' id='word_1_421' title='bbox 3784 2850 3885 2886; x_wconf 78' lang='grc' dir='ltr'>πα-</span> 
     </span>
    </p>
   </div>
   <div class='ocr_carea' id='block_1_59' title="bbox 2307 2921 3887 2997">
    <p class='ocr_par' dir='ltr' id='par_1_59' title="bbox 2307 2921 3887 2997">
     <span class='ocr_line' id='line_1_59' title="bbox 2307 2921 3887 2997; baseline -0.003 -17"><span class='ocrx_word' id='word_1_422' title='bbox 2307 2926 2714 2997; x_wconf 71' lang='grc' dir='ltr'>ραπεμφθέντος</span> <span class='ocrx_word' id='word_1_423' title='bbox 2739 2965 2752 2989; x_wconf 92' lang='grc'><strong>,</strong></span> <span class='ocrx_word' id='word_1_424' title='bbox 2797 2926 2893 2997; x_wconf 85' lang='grc' dir='ltr'><strong>τῆς</strong></span> <span class='ocrx_word' id='word_1_425' title='bbox 2925 2924 3135 2988; x_wconf 78' lang='grc' dir='ltr'>ἐλπίδος</span> <span class='ocrx_word' id='word_1_426' title='bbox 3175 2924 3295 2978; x_wconf 85' lang='grc' dir='ltr'>καθ’</span> <span class='ocrx_word' id='word_1_427' title='bbox 3323 2925 3391 2996; x_wconf 87' lang='grc' dir='ltr'>ἢν</span> <span class='ocrx_word' id='word_1_428' title='bbox 3429 2925 3701 2996; x_wconf 79' lang='grc' dir='ltr'>ἐξήρτυον</span> <span class='ocrx_word' id='word_1_429' title='bbox 3739 2921 3887 2994; x_wconf 77' lang='grc' dir='ltr'><strong>αὺτῷ</strong></span> 
     </span>
    </p>
   </div>
   <div class='ocr_carea' id='block_1_60' title="bbox 2300 3011 3884 3087">
    <p class='ocr_par' dir='ltr' id='par_1_60' title="bbox 2300 3011 3884 3087">
     <span class='ocr_line' id='line_1_60' title="bbox 2300 3011 3884 3087; baseline -0.003 -18"><span class='ocrx_word' id='word_1_430' title='bbox 2300 3016 2400 3087; x_wconf 84' lang='grc' dir='ltr'>τὴν</span> <span class='ocrx_word' id='word_1_431' title='bbox 2433 3015 2723 3086; x_wconf 82' lang='grc' dir='ltr'>ἐπιϐουλὴν</span> <span class='ocrx_word' id='word_1_432' title='bbox 2743 3056 2757 3080; x_wconf 98' lang='grc'><strong>,</strong></span> <span class='ocrx_word' id='word_1_433' title='bbox 2785 3015 3150 3076; x_wconf 86' lang='grc' dir='ltr'>ἀποπεσόντες</span> <span class='ocrx_word' id='word_1_434' title='bbox 3169 3055 3182 3080; x_wconf 92' lang='grc'><strong>,</strong></span> <span class='ocrx_word' id='word_1_435' title='bbox 3211 3014 3304 3068; x_wconf 74' lang='grc' dir='ltr'><strong>ἐπὶ</strong></span> <span class='ocrx_word' id='word_1_436' title='bbox 3345 3014 3605 3069; x_wconf 80' lang='grc' dir='ltr'>Ἰάκωϐον</span> <span class='ocrx_word' id='word_1_437' title='bbox 3656 3013 3748 3067; x_wconf 80' lang='grc' dir='ltr'>τὸν</span> <span class='ocrx_word' id='word_1_438' title='bbox 3791 3011 3884 3066; x_wconf 79' lang='grc' dir='ltr'><strong>τοῦ</strong></span> 
     </span>
    </p>
   </div>
   <div class='ocr_carea' id='block_1_61' title="bbox 2301 3099 3888 3178">
    <p class='ocr_par' dir='ltr' id='par_1_61' title="bbox 2301 3099 3888 3178">
     <span class='ocr_line' id='line_1_61' title="bbox 2301 3099 3888 3178; baseline -0.001 -19"><span class='ocrx_word' id='word_1_439' title='bbox 2301 3107 2504 3178; x_wconf 78' lang='grc' dir='ltr'>Κυρίου</span> <span class='ocrx_word' id='word_1_440' title='bbox 2528 3106 2814 3178; x_wconf 88' lang='grc' dir='ltr'>τρέπονται</span> <span class='ocrx_word' id='word_1_441' title='bbox 2856 3105 3101 3175; x_wconf 73' lang='grc' dir='ltr'>ἀδελφὸν,</span> <span class='ocrx_word' id='word_1_442' title='bbox 3131 3099 3175 3174; x_wconf 80' lang='grc' dir='ltr'><strong>ᾧ</strong></span> <span class='ocrx_word' id='word_1_443' title='bbox 3209 3105 3343 3177; x_wconf 81' lang='grc' dir='ltr'>πρὸς</span> <span class='ocrx_word' id='word_1_444' title='bbox 3368 3106 3476 3159; x_wconf 86' lang='grc' dir='ltr'>τῶν</span> <span class='ocrx_word' id='word_1_445' title='bbox 3502 3105 3824 3160; x_wconf 65' lang='grc' dir='ltr'>ἀποστόλων</span> <span class='ocrx_word' id='word_1_446' title='bbox 3855 3104 3888 3158; x_wconf 81' lang='grc' dir='ltr'><strong>ό</strong></span> 
     </span>
    </p>
   </div>
   <div class='ocr_carea' id='block_1_62' title="bbox 2302 3191 3888 3274">
    <p class='ocr_par' dir='ltr' id='par_1_62' title="bbox 2302 3191 3888 3274">
     <span class='ocr_line' id='line_1_62' title="bbox 2302 3191 3888 3274; baseline -0.004 -23"><span class='ocrx_word' id='word_1_447' title='bbox 2302 3197 2400 3268; x_wconf 85' lang='grc' dir='ltr'><strong>τῆς</strong></span> <span class='ocrx_word' id='word_1_448' title='bbox 2423 3196 2723 3268; x_wconf 81' lang='grc' dir='ltr'>ἐπισκοπῆς</span> <span class='ocrx_word' id='word_1_449' title='bbox 2738 3196 2835 3267; x_wconf 86' lang='grc' dir='ltr'><strong>τῆς</strong></span> <span class='ocrx_word' id='word_1_450' title='bbox 2859 3199 2916 3249; x_wconf 87' lang='grc' dir='ltr'><strong>ἐν</strong></span> <span class='ocrx_word' id='word_1_451' title='bbox 2950 3195 3338 3267; x_wconf 83' lang='grc' dir='ltr'>Ἰεροσολύμοις</span> <span class='ocrx_word' id='word_1_452' title='bbox 3359 3195 3744 3274; x_wconf 74' lang='grc' dir='ltr'>ἐγκεχείριστο</span> <span class='ocrx_word' id='word_1_453' title='bbox 3766 3191 3888 3264; x_wconf 85' lang='grc' dir='ltr'>θρό-</span> 
     </span>
    </p>
   </div>
   <div class='ocr_carea' id='block_1_63' title="bbox 634 3259 2199 3358">
    <p class='ocr_par' dir='ltr' id='par_1_63' title="bbox 634 3285 2198 3357">
     <span class='ocr_line' id='line_1_63' title="bbox 634 3285 2198 3357; baseline 0.001 -16"><span class='ocrx_word' id='word_1_454' title='bbox 634 3289 690 3342; x_wconf 90' lang='lat' dir='ltr'><strong>in</strong></span> <span class='ocrx_word' id='word_1_455' title='bbox 730 3287 1002 3352; x_wconf 90' lang='lat' dir='ltr'><strong>medium,</strong></span> <span class='ocrx_word' id='word_1_456' title='bbox 1040 3285 1312 3357; x_wconf 83' lang='lat' dir='ltr'><strong>abnegare</strong></span> <span class='ocrx_word' id='word_1_457' title='bbox 1368 3286 1529 3340; x_wconf 84' lang='lat' dir='ltr'><strong>fidem</strong></span> <span class='ocrx_word' id='word_1_458' title='bbox 1582 3286 1781 3341; x_wconf 85' lang='lat' dir='ltr'><strong>Christi</strong></span> <span class='ocrx_word' id='word_1_459' title='bbox 1824 3303 2006 3342; x_wconf 88' lang='lat' dir='ltr'><strong>coram</strong></span> <span class='ocrx_word' id='word_1_460' title='bbox 2055 3290 2198 3344; x_wconf 87' lang='lat' dir='ltr'><strong>omni</strong></span> 
     </span>
    </p>
   </div>
   <div class='ocr_carea' id='block_1_64' title="bbox 2302 3259 3882 3358">
    <p class='ocr_par' dir='ltr' id='par_1_64' title="bbox 2302 3259 3882 3358">
     <span class='ocr_line' id='line_1_64' title="bbox 2302 3259 3882 3358; baseline -0.001 -18"><span class='ocrx_word' id='word_1_461' title='bbox 2302 3259 2412 3351; x_wconf 70' lang='grc' dir='ltr'>νος.</span> <span class='ocrx_word' id='word_1_462' title='bbox 2443 3259 2987 3350; x_wconf 31' lang='grc' dir='ltr'>Τοιαῦτανδὲαύτοῖς</span> <span class='ocrx_word' id='word_1_463' title='bbox 3023 3259 3114 3340; x_wconf 76' lang='grc' dir='ltr'><strong>καὶ</strong></span> <span class='ocrx_word' id='word_1_464' title='bbox 3145 3259 3230 3340; x_wconf 66' lang='grc' dir='ltr'><strong>τὰ⁷</strong></span> <span class='ocrx_word' id='word_1_465' title='bbox 3252 3259 3411 3340; x_wconf 31' lang='grc' dir='ltr'>κατὰ*</span> <span class='ocrx_word' id='word_1_466' title='bbox 3436 3259 3635 3341; x_wconf 58' lang='lat' dir='ltr'><strong>totitoti</strong></span> <span class='ocrx_word' id='word_1_467' title='bbox 3681 3259 3882 3358; x_wconf 77' lang='grc' dir='ltr'>τολμή-</span> 
     </span>
    </p>
   </div>
   <div class='ocr_carea' id='block_1_65' title="bbox 634 3377 2201 3450">
    <p class='ocr_par' dir='ltr' id='par_1_65' title="bbox 634 3377 2201 3450">
     <span class='ocr_line' id='line_1_65' title="bbox 634 3377 2201 3450; baseline 0 -16"><span class='ocrx_word' id='word_1_468' title='bbox 634 3378 832 3449; x_wconf 81' lang='lat' dir='ltr'><strong>populo</strong></span> <span class='ocrx_word' id='word_1_469' title='bbox 863 3377 1074 3449; x_wconf 78' lang='lat' dir='ltr'><strong>iubent.</strong></span> <span class='ocrx_word' id='word_1_470' title='bbox 1107 3377 1214 3433; x_wconf 88' lang='lat' dir='ltr'><strong>Sed</strong></span> <span class='ocrx_word' id='word_1_471' title='bbox 1247 3392 1370 3432; x_wconf 91' lang='lat' dir='ltr'><strong>cum</strong></span> <span class='ocrx_word' id='word_1_472' title='bbox 1396 3378 1439 3432; x_wconf 92' lang='lat' dir='ltr'><strong>is</strong></span> <span class='ocrx_word' id='word_1_473' title='bbox 1472 3389 1668 3447; x_wconf 57' lang='lat' dir='ltr'><strong>prater</strong></span> <span class='ocrx_word' id='word_1_474' title='bbox 1705 3379 1944 3433; x_wconf 91' lang='lat' dir='ltr'><strong>omnium</strong></span> <span class='ocrx_word' id='word_1_475' title='bbox 2007 3396 2201 3450; x_wconf 75' lang='lat' dir='ltr'><strong>exspe-</strong></span> 
     </span>
    </p>
   </div>
   <div class='ocr_carea' id='block_1_66' title="bbox 636 3467 2204 3540">
    <p class='ocr_par' dir='ltr' id='par_1_66' title="bbox 636 3467 2204 3540">
     <span class='ocr_line' id='line_1_66' title="bbox 636 3467 2204 3540; baseline -0.001 -14"><span class='ocrx_word' id='word_1_476' title='bbox 636 3473 926 3526; x_wconf 89' lang='lat' dir='ltr'><strong>ctationem</strong></span> <span class='ocrx_word' id='word_1_477' title='bbox 969 3470 1136 3525; x_wconf 89' lang='lat' dir='ltr'><strong>libera</strong></span> <span class='ocrx_word' id='word_1_478' title='bbox 1180 3483 1310 3524; x_wconf 88' lang='lat' dir='ltr'><strong>voce</strong></span> <span class='ocrx_word' id='word_1_479' title='bbox 1339 3481 1394 3524; x_wconf 90' lang='lat' dir='ltr'><strong>et</strong></span> <span class='ocrx_word' id='word_1_480' title='bbox 1447 3467 1648 3538; x_wconf 89' lang='lat' dir='ltr'><strong>majore</strong></span> <span class='ocrx_word' id='word_1_481' title='bbox 1699 3484 1860 3539; x_wconf 90' lang='lat' dir='ltr'><strong>quam</strong></span> <span class='ocrx_word' id='word_1_482' title='bbox 1912 3470 2204 3540; x_wconf 87' lang='lat' dir='ltr'><strong>sperabant</strong></span> 
     </span>
    </p>
   </div>
   <div class='ocr_carea' id='block_1_67' title="bbox 635 3560 2200 3632">
    <p class='ocr_par' dir='ltr' id='par_1_67' title="bbox 635 3560 2200 3632">
     <span class='ocr_line' id='line_1_67' title="bbox 635 3560 2200 3632; baseline -0.003 -12"><span class='ocrx_word' id='word_1_483' title='bbox 635 3567 854 3632; x_wconf 84' lang='lat' dir='ltr'><strong>fiducia,</strong></span> <span class='ocrx_word' id='word_1_484' title='bbox 892 3566 1237 3621; x_wconf 85' lang='lat' dir='ltr'><strong>Servatorem</strong></span> <span class='ocrx_word' id='word_1_485' title='bbox 1285 3579 1350 3619; x_wconf 91' lang='lat' dir='ltr'><strong>ac</strong></span> <span class='ocrx_word' id='word_1_486' title='bbox 1398 3562 1682 3617; x_wconf 90' lang='lat' dir='ltr'><strong>Dominum</strong></span> <span class='ocrx_word' id='word_1_487' title='bbox 1731 3573 1970 3618; x_wconf 91' lang='lat' dir='ltr'><strong>nostrum</strong></span> <span class='ocrx_word' id='word_1_488' title='bbox 2019 3560 2200 3617; x_wconf 84' lang='lat' dir='ltr'><strong>Jesum</strong></span> 
     </span>
    </p>
   </div>
   <div class='ocr_carea' id='block_1_68' title="bbox 638 3653 2202 3714">
    <p class='ocr_par' dir='ltr' id='par_1_68' title="bbox 638 3653 2202 3714">
     <span class='ocr_line' id='line_1_68' title="bbox 638 3653 2202 3714; baseline -0.003 0"><span class='ocrx_word' id='word_1_489' title='bbox 638 3657 733 3714; x_wconf 85' lang='lat' dir='ltr'><strong>Dei</strong></span> <span class='ocrx_word' id='word_1_490' title='bbox 773 3656 966 3713; x_wconf 89' lang='lat' dir='ltr'><strong>Filium</strong></span> <span class='ocrx_word' id='word_1_491' title='bbox 1001 3671 1120 3712; x_wconf 85' lang='lat' dir='ltr'><strong>esse</strong></span> <span class='ocrx_word' id='word_1_492' title='bbox 1146 3671 1330 3711; x_wconf 92' lang='lat' dir='ltr'><strong>coram</strong></span> <span class='ocrx_word' id='word_1_493' title='bbox 1366 3655 1514 3710; x_wconf 89' lang='lat' dir='ltr'><strong>omni</strong></span> <span class='ocrx_word' id='word_1_494' title='bbox 1551 3654 1891 3709; x_wconf 88' lang='lat' dir='ltr'><strong>multitudine</strong></span> <span class='ocrx_word' id='word_1_495' title='bbox 1921 3653 2202 3709; x_wconf 85' lang='lat' dir='ltr'><strong>confessus</strong></span> 
     </span>
    </p>
   </div>
   <div class='ocr_carea' id='block_1_69' title="bbox 635 3748 2200 3819">
    <p class='ocr_par' dir='ltr' id='par_1_69' title="bbox 635 3748 2200 3819">
     <span class='ocr_line' id='line_1_69' title="bbox 635 3748 2200 3819; baseline -0.003 -14"><span class='ocrx_word' id='word_1_496' title='bbox 635 3749 864 3816; x_wconf 81' lang='lat' dir='ltr'><strong>fuisset;</strong></span> <span class='ocrx_word' id='word_1_497' title='bbox 892 3759 1002 3804; x_wconf 94' lang='lat' dir='ltr'><strong>tum</strong></span> <span class='ocrx_word' id='word_1_498' title='bbox 1045 3749 1120 3803; x_wconf 89' lang='lat' dir='ltr'><strong>illi</strong></span> <span class='ocrx_word' id='word_1_499' title='bbox 1154 3749 1507 3819; x_wconf 86' lang='lat' dir='ltr'><strong>impatienter</strong></span> <span class='ocrx_word' id='word_1_500' title='bbox 1553 3748 1792 3804; x_wconf 89' lang='lat' dir='ltr'><strong>ferentes</strong></span> <span class='ocrx_word' id='word_1_501' title='bbox 1834 3748 2200 3801; x_wconf 90' lang='lat' dir='ltr'><strong>testimonium</strong></span> 
     </span>
    </p>
   </div>
   <div class='ocr_carea' id='block_1_70' title="bbox 636 3840 2198 3913">
    <p class='ocr_par' dir='ltr' id='par_1_70' title="bbox 636 3840 2198 3913">
     <span class='ocr_line' id='line_1_70' title="bbox 636 3840 2198 3913; baseline -0.003 -16"><span class='ocrx_word' id='word_1_502' title='bbox 636 3844 768 3897; x_wconf 87' lang='lat' dir='ltr'><strong>tanti</strong></span> <span class='ocrx_word' id='word_1_503' title='bbox 810 3843 933 3908; x_wconf 89' lang='lat' dir='ltr'><strong>viri,</strong></span> <span class='ocrx_word' id='word_1_504' title='bbox 961 3842 1159 3913; x_wconf 90' lang='lat' dir='ltr'><strong>quippe</strong></span> <span class='ocrx_word' id='word_1_505' title='bbox 1197 3843 1288 3912; x_wconf 87' lang='lat' dir='ltr'><strong>qui</strong></span> <span class='ocrx_word' id='word_1_506' title='bbox 1332 3841 1400 3896; x_wconf 92' lang='lat' dir='ltr'><strong>ob</strong></span> <span class='ocrx_word' id='word_1_507' title='bbox 1431 3840 1759 3913; x_wconf 82' lang='lat' dir='ltr'><strong>singularem</strong></span> <span class='ocrx_word' id='word_1_508' title='bbox 1809 3840 2198 3895; x_wconf 76' lang='lat' dir='ltr'><strong>continentiam</strong></span> 
     </span>
    </p>
   </div>
   <div class='ocr_carea' id='block_1_71' title="bbox 636 3928 2202 4007">
    <p class='ocr_par' dir='ltr' id='par_1_71' title="bbox 636 3928 2202 4007">
     <span class='ocr_line' id='line_1_71' title="bbox 636 3928 2202 4007; baseline -0.004 -18"><span class='ocrx_word' id='word_1_509' title='bbox 636 3951 702 3991; x_wconf 89' lang='lat' dir='ltr'><strong>ac</strong></span> <span class='ocrx_word' id='word_1_510' title='bbox 733 3935 1069 4007; x_wconf 80' lang='lat' dir='ltr'><strong>religionem,</strong></span> <span class='ocrx_word' id='word_1_511' title='bbox 1108 3933 1350 3989; x_wconf 92' lang='lat' dir='ltr'><strong>omnium</strong></span> <span class='ocrx_word' id='word_1_512' title='bbox 1381 3930 2003 4001; x_wconf 89' lang='lat' dir='ltr'><strong>consensujustissimus</strong></span> <span class='ocrx_word' id='word_1_513' title='bbox 2035 3928 2202 3983; x_wconf 80' lang='lat' dir='ltr'><strong>habe-</strong></span> 
     </span>
    </p>
   </div>
   <div class='ocr_carea' id='block_1_72' title="bbox 634 4023 2201 4096">
    <p class='ocr_par' dir='ltr' id='par_1_72' title="bbox 634 4023 2201 4096">
     <span class='ocr_line' id='line_1_72' title="bbox 634 4023 2201 4096; baseline -0.006 -13"><span class='ocrx_word' id='word_1_514' title='bbox 634 4029 817 4093; x_wconf 88' lang='lat' dir='ltr'><strong>batur,</strong></span> <span class='ocrx_word' id='word_1_515' title='bbox 850 4036 1062 4096; x_wconf 85' lang='lat' dir='ltr'><strong>arrepta</strong></span> <span class='ocrx_word' id='word_1_516' title='bbox 1090 4043 1155 4081; x_wconf 80' lang='lat' dir='ltr'><strong>ex</strong></span> <span class='ocrx_word' id='word_1_517' title='bbox 1189 4037 1360 4082; x_wconf 90' lang='lat' dir='ltr'><strong>morte</strong></span> <span class='ocrx_word' id='word_1_518' title='bbox 1391 4025 1620 4081; x_wconf 89' lang='lat' dir='ltr'><strong>rectoris</strong></span> <span class='ocrx_word' id='word_1_519' title='bbox 1666 4023 1880 4078; x_wconf 87' lang='lat' dir='ltr'><strong>licentia</strong></span> <span class='ocrx_word' id='word_1_520' title='bbox 1931 4037 2053 4076; x_wconf 89' lang='lat' dir='ltr'><strong>eum</strong></span> <span class='ocrx_word' id='word_1_521' title='bbox 2085 4029 2201 4075; x_wconf 80' lang='lat' dir='ltr'><strong>tru-</strong></span> 
     </span>
    </p>
   </div>
   <div class='ocr_carea' id='block_1_73' title="bbox 634 4111 2200 4189">
    <p class='ocr_par' dir='ltr' id='par_1_73' title="bbox 634 4111 2200 4189">
     <span class='ocr_line' id='line_1_73' title="bbox 634 4111 2200 4189; baseline -0.006 -15"><span class='ocrx_word' id='word_1_522' title='bbox 634 4120 842 4174; x_wconf 87' lang='lat' dir='ltr'><strong>cidant.</strong></span> <span class='ocrx_word' id='word_1_523' title='bbox 870 4117 1076 4189; x_wconf 88' lang='lat' dir='ltr'><strong>Quippe</strong></span> <span class='ocrx_word' id='word_1_524' title='bbox 1118 4134 1214 4188; x_wconf 92' lang='lat' dir='ltr'><strong>per</strong></span> <span class='ocrx_word' id='word_1_525' title='bbox 1251 4119 1392 4172; x_wconf 89' lang='lat' dir='ltr'><strong>idem</strong></span> <span class='ocrx_word' id='word_1_526' title='bbox 1421 4127 1631 4187; x_wconf 88' lang='lat' dir='ltr'><strong>tempus</strong></span> <span class='ocrx_word' id='word_1_527' title='bbox 1667 4124 1883 4170; x_wconf 92' lang='lat' dir='ltr'><strong>mortuo</strong></span> <span class='ocrx_word' id='word_1_528' title='bbox 1935 4114 1988 4167; x_wconf 91' lang='lat' dir='ltr'><strong>in</strong></span> <span class='ocrx_word' id='word_1_529' title='bbox 2019 4111 2200 4166; x_wconf 71' lang='lat' dir='ltr'><strong>Judma</strong></span> 
     </span>
    </p>
   </div>
   <div class='ocr_carea' id='block_1_74' title="bbox 634 4205 2200 4282">
    <p class='ocr_par' dir='ltr' id='par_1_74' title="bbox 634 4205 2200 4282">
     <span class='ocr_line' id='line_1_74' title="bbox 634 4205 2200 4282; baseline -0.006 -15"><span class='ocrx_word' id='word_1_530' title='bbox 634 4211 815 4276; x_wconf 88' lang='lat' dir='ltr'><strong>Festo,</strong></span> <span class='ocrx_word' id='word_1_531' title='bbox 858 4213 1061 4282; x_wconf 89' lang='lat' dir='ltr'><strong>absque</strong></span> <span class='ocrx_word' id='word_1_532' title='bbox 1083 4211 1192 4266; x_wconf 92' lang='lat' dir='ltr'><strong>ullo</strong></span> <span class='ocrx_word' id='word_1_533' title='bbox 1217 4209 1445 4280; x_wconf 67' lang='lat' dir='ltr'><strong>praeside</strong></span> <span class='ocrx_word' id='word_1_534' title='bbox 1469 4223 1533 4263; x_wconf 90' lang='lat' dir='ltr'><strong>ac</strong></span> <span class='ocrx_word' id='word_1_535' title='bbox 1561 4207 1901 4262; x_wconf 88' lang='lat' dir='ltr'><strong>moderatore</strong></span> <span class='ocrx_word' id='word_1_536' title='bbox 1923 4205 2200 4273; x_wconf 86' lang='lat' dir='ltr'><strong>provincia</strong></span> 
     </span>
    </p>
   </div>
   <div class='ocr_carea' id='block_1_75' title="bbox 635 4300 2200 4370">
    <p class='ocr_par' dir='ltr' id='par_1_75' title="bbox 635 4300 2200 4370">
     <span class='ocr_line' id='line_1_75' title="bbox 635 4300 2200 4370; baseline -0.002 -13"><span class='ocrx_word' id='word_1_537' title='bbox 635 4311 995 4357; x_wconf 83' lang='lat' dir='ltr'><strong>remanserat.</strong></span> <span class='ocrx_word' id='word_1_538' title='bbox 1029 4302 1104 4356; x_wconf 82' lang='lat' dir='ltr'><strong>Ac</strong></span> <span class='ocrx_word' id='word_1_539' title='bbox 1128 4301 1239 4370; x_wconf 88' lang='lat' dir='ltr'><strong>jam</strong></span> <span class='ocrx_word' id='word_1_540' title='bbox 1270 4300 1489 4369; x_wconf 86' lang='lat' dir='ltr'><strong>quidem</strong></span> <span class='ocrx_word' id='word_1_541' title='bbox 1514 4300 1767 4370; x_wconf 85' lang='lat' dir='ltr'><strong>superius</strong></span> <span class='ocrx_word' id='word_1_542' title='bbox 1789 4301 2004 4354; x_wconf 87' lang='lat' dir='ltr'><strong>modum</strong></span> <span class='ocrx_word' id='word_1_543' title='bbox 2037 4301 2200 4354; x_wconf 64' lang='lat' dir='ltr'><strong>caedis</strong></span> 
     </span>
    </p>
   </div>
   <div class='ocr_carea' id='block_1_76' title="bbox 633 4391 2198 4461">
    <p class='ocr_par' dir='ltr' id='par_1_76' title="bbox 633 4391 2198 4461">
     <span class='ocr_line' id='line_1_76' title="bbox 633 4391 2198 4461; baseline -0.003 -13"><span class='ocrx_word' id='word_1_544' title='bbox 633 4391 828 4448; x_wconf 86' lang='lat' dir='ltr'><strong>Jacobi</strong></span> <span class='ocrx_word' id='word_1_545' title='bbox 853 4408 917 4447; x_wconf 80' lang='lat' dir='ltr'><strong>ex</strong></span> <span class='ocrx_word' id='word_1_546' title='bbox 951 4391 1131 4446; x_wconf 88' lang='lat' dir='ltr'><strong>allatis</strong></span> <span class='ocrx_word' id='word_1_547' title='bbox 1152 4391 1446 4446; x_wconf 86' lang='lat' dir='ltr'><strong>Clementis</strong></span> <span class='ocrx_word' id='word_1_548' title='bbox 1480 4391 1654 4446; x_wconf 85' lang='lat' dir='ltr'><strong>verbis</strong></span> <span class='ocrx_word' id='word_1_549' title='bbox 1706 4392 2075 4461; x_wconf 84' lang='lat' dir='ltr'><strong>cognovimus,</strong></span> <span class='ocrx_word' id='word_1_550' title='bbox 2111 4391 2198 4459; x_wconf 87' lang='lat' dir='ltr'><strong>qui</strong></span> 
     </span>
    </p>
   </div>
   <div class='ocr_carea' id='block_1_77' title="bbox 634 4481 2200 4552">
    <p class='ocr_par' dir='ltr' id='par_1_77' title="bbox 634 4481 2200 4552">
     <span class='ocr_line' id='line_1_77' title="bbox 634 4481 2200 4552; baseline -0.001 -14"><span class='ocrx_word' id='word_1_551' title='bbox 634 4499 701 4538; x_wconf 84' lang='lat' dir='ltr'><strong>ex</strong></span> <span class='ocrx_word' id='word_1_552' title='bbox 736 4481 916 4552; x_wconf 89' lang='lat' dir='ltr'><strong>templi</strong></span> <span class='ocrx_word' id='word_1_553' title='bbox 967 4481 1181 4552; x_wconf 86' lang='lat' dir='ltr'><strong>fastigio</strong></span> <span class='ocrx_word' id='word_1_554' title='bbox 1229 4495 1352 4536; x_wconf 92' lang='lat' dir='ltr'><strong>eum</strong></span> <span class='ocrx_word' id='word_1_555' title='bbox 1409 4481 1827 4551; x_wconf 68' lang='lat' dir='ltr'><strong>praecipitatum,</strong></span> <span class='ocrx_word' id='word_1_556' title='bbox 1879 4491 1933 4536; x_wconf 89' lang='lat' dir='ltr'><strong>et</strong></span> <span class='ocrx_word' id='word_1_557' title='bbox 1983 4481 2200 4536; x_wconf 87' lang='lat' dir='ltr'><strong>fullonis</strong></span> 
     </span>
    </p>
   </div>
   <div class='ocr_carea' id='block_1_78' title="bbox 2306 3378 3886 3451">
    <p class='ocr_par' dir='ltr' id='par_1_78' title="bbox 2306 3378 3886 3451">
     <span class='ocr_line' id='line_1_78' title="bbox 2306 3378 3886 3451; baseline 0 -19"><span class='ocrx_word' id='word_1_558' title='bbox 2306 3397 2450 3451; x_wconf 85' lang='grc' dir='ltr'>ματα</span> <span class='ocrx_word' id='word_1_559' title='bbox 2466 3381 2598 3450; x_wconf 84' lang='grc'><strong>(91).</strong></span> <span class='ocrx_word' id='word_1_560' title='bbox 2619 3380 2714 3443; x_wconf 81' lang='grc' dir='ltr'><strong>Εἰς</strong></span> <span class='ocrx_word' id='word_1_561' title='bbox 2739 3378 2901 3450; x_wconf 83' lang='grc' dir='ltr'>μέσον</span> <span class='ocrx_word' id='word_1_562' title='bbox 2921 3380 3080 3432; x_wconf 76' lang='grc' dir='ltr'>αὑτὸν</span> <span class='ocrx_word' id='word_1_563' title='bbox 3108 3380 3422 3448; x_wconf 87' lang='grc' dir='ltr'>ἀγαγόντες,</span> <span class='ocrx_word' id='word_1_564' title='bbox 3437 3380 3668 3451; x_wconf 79' lang='grc' dir='ltr'>ἄρνησιν</span> <span class='ocrx_word' id='word_1_565' title='bbox 3693 3381 3791 3450; x_wconf 83' lang='grc' dir='ltr'><strong>τῆς</strong></span> <span class='ocrx_word' id='word_1_566' title='bbox 3805 3380 3886 3441; x_wconf 75' lang='grc' dir='ltr'>εἰς</span> 
     </span>
    </p>
   </div>
   <div class='ocr_carea' id='block_1_79' title="bbox 2301 3469 3880 3544">
    <p class='ocr_par' dir='ltr' id='par_1_79' title="bbox 2301 3469 3880 3544">
     <span class='ocr_line' id='line_1_79' title="bbox 2301 3469 3880 3544; baseline -0.002 -18"><span class='ocrx_word' id='word_1_567' title='bbox 2301 3473 2391 3526; x_wconf 69' lang='grc' dir='ltr'><strong>τὸν</strong></span> <span class='ocrx_word' id='word_1_568' title='bbox 2419 3471 2651 3544; x_wconf 83' lang='grc' dir='ltr'>Χριστὸν</span> <span class='ocrx_word' id='word_1_569' title='bbox 2680 3471 2914 3536; x_wconf 87' lang='grc' dir='ltr'>πίστεως</span> <span class='ocrx_word' id='word_1_570' title='bbox 2957 3471 3049 3524; x_wconf 78' lang='grc' dir='ltr'><strong>ἐπὶ</strong></span> <span class='ocrx_word' id='word_1_571' title='bbox 3092 3472 3289 3536; x_wconf 80' lang='grc' dir='ltr'>παντὸς</span> <span class='ocrx_word' id='word_1_572' title='bbox 3329 3471 3556 3544; x_wconf 77' lang='grc' dir='ltr'>ἐζήτουν</span> <span class='ocrx_word' id='word_1_573' title='bbox 3600 3471 3695 3525; x_wconf 86' lang='grc' dir='ltr'><strong>τοῦ</strong></span> <span class='ocrx_word' id='word_1_574' title='bbox 3729 3469 3880 3524; x_wconf 86' lang='grc' dir='ltr'>λαοῦ.</span> 
     </span>
    </p>
   </div>
   <div class='ocr_carea' id='block_1_80' title="bbox 2303 3561 3884 3638">
    <p class='ocr_par' dir='ltr' id='par_1_80' title="bbox 2303 3561 3884 3638">
     <span class='ocr_line' id='line_1_80' title="bbox 2303 3561 3884 3638; baseline 0.001 -21"><span class='ocrx_word' id='word_1_575' title='bbox 2303 3565 2408 3618; x_wconf 91' lang='grc' dir='ltr'><strong>Τοῦ</strong></span> <span class='ocrx_word' id='word_1_576' title='bbox 2433 3564 2489 3618; x_wconf 83' lang='grc' dir='ltr'>δὲ</span> <span class='ocrx_word' id='word_1_577' title='bbox 2510 3563 2658 3636; x_wconf 74' lang='grc' dir='ltr'>παρὰ</span> <span class='ocrx_word' id='word_1_578' title='bbox 2683 3561 2778 3634; x_wconf 84' lang='grc' dir='ltr'><strong>τὴν</strong></span> <span class='ocrx_word' id='word_1_579' title='bbox 2804 3563 3057 3618; x_wconf 81' lang='grc' dir='ltr'>ἁπάντων</span> <span class='ocrx_word' id='word_1_580' title='bbox 3078 3564 3301 3636; x_wconf 83' lang='grc' dir='ltr'>γνώμην</span> <span class='ocrx_word' id='word_1_581' title='bbox 3328 3564 3592 3638; x_wconf 80' lang='grc' dir='ltr'>ἐλευθέρᾳ</span> <span class='ocrx_word' id='word_1_582' title='bbox 3615 3568 3767 3637; x_wconf 73' lang='grc' dir='ltr'>φωνῇ</span> <span class='ocrx_word' id='word_1_583' title='bbox 3789 3565 3884 3618; x_wconf 80' lang='grc' dir='ltr'><strong>καὶ</strong></span> 
     </span>
    </p>
   </div>
   <div class='ocr_carea' id='block_1_81' title="bbox 2306 3656 3882 3730">
    <p class='ocr_par' dir='ltr' id='par_1_81' title="bbox 2306 3656 3882 3730">
     <span class='ocr_line' id='line_1_81' title="bbox 2306 3656 3882 3730; baseline 0.001 -20"><span class='ocrx_word' id='word_1_584' title='bbox 2306 3657 2504 3729; x_wconf 83' lang='grc' dir='ltr'>μᾶλλον</span> <span class='ocrx_word' id='word_1_585' title='bbox 2526 3657 2558 3728; x_wconf 80' lang='grc' dir='ltr'>ἢ</span> <span class='ocrx_word' id='word_1_586' title='bbox 2582 3656 2979 3729; x_wconf 69' lang='grc' dir='ltr'>προσεδόκησαν</span> <span class='ocrx_word' id='word_1_587' title='bbox 3000 3657 3090 3710; x_wconf 76' lang='grc' dir='ltr'>ἐπὶ</span> <span class='ocrx_word' id='word_1_588' title='bbox 3109 3657 3210 3728; x_wconf 91' lang='grc' dir='ltr'><strong>τῆς</strong></span> <span class='ocrx_word' id='word_1_589' title='bbox 3232 3657 3467 3729; x_wconf 82' lang='grc' dir='ltr'>πληθύος</span> <span class='ocrx_word' id='word_1_590' title='bbox 3495 3659 3720 3730; x_wconf 83' lang='grc' dir='ltr'>ἁπάσης</span> <span class='ocrx_word' id='word_1_591' title='bbox 3743 3658 3882 3728; x_wconf 77' lang='grc' dir='ltr'>παῤ-</span> 
     </span>
    </p>
   </div>
   <div class='ocr_carea' id='block_1_82' title="bbox 2305 3743 3882 3819">
    <p class='ocr_par' dir='ltr' id='par_1_82' title="bbox 2305 3743 3882 3819">
     <span class='ocr_line' id='line_1_82' title="bbox 2305 3743 3882 3819; baseline 0 -20"><span class='ocrx_word' id='word_1_592' title='bbox 2305 3747 2722 3818; x_wconf 81' lang='grc' dir='ltr'>ρησιασαμένου,</span> <span class='ocrx_word' id='word_1_593' title='bbox 2749 3748 2842 3800; x_wconf 71' lang='grc' dir='ltr'><strong>καὶ</strong></span> <span class='ocrx_word' id='word_1_594' title='bbox 2865 3747 3291 3819; x_wconf 78' lang='grc' dir='ltr'>ὁμολογήσαντος</span> <span class='ocrx_word' id='word_1_595' title='bbox 3315 3748 3440 3802; x_wconf 81' lang='grc' dir='ltr'>Υἱὸν</span> <span class='ocrx_word' id='word_1_596' title='bbox 3465 3743 3607 3804; x_wconf 77' lang='grc' dir='ltr'>εἶναι</span> <span class='ocrx_word' id='word_1_597' title='bbox 3635 3748 3728 3803; x_wconf 84' lang='grc' dir='ltr'><strong>τοῦ</strong></span> <span class='ocrx_word' id='word_1_598' title='bbox 3747 3745 3882 3802; x_wconf 78' lang='grc' dir='ltr'>Θεοῦ</span> 
     </span>
    </p>
   </div>
   <div class='ocr_carea' id='block_1_83' title="bbox 2301 3838 3878 3913">
    <p class='ocr_par' dir='ltr' id='par_1_83' title="bbox 2301 3838 3878 3913">
     <span class='ocr_line' id='line_1_83' title="bbox 2301 3838 3878 3913; baseline 0.001 -22"><span class='ocrx_word' id='word_1_599' title='bbox 2301 3839 2391 3892; x_wconf 83' lang='grc' dir='ltr'><strong>τὸν</strong></span> <span class='ocrx_word' id='word_1_600' title='bbox 2424 3839 2650 3910; x_wconf 82' lang='grc' dir='ltr'>Σωτῆρα</span> <span class='ocrx_word' id='word_1_601' title='bbox 2695 3839 2790 3891; x_wconf 74' lang='grc' dir='ltr'>καὶ</span> <span class='ocrx_word' id='word_1_602' title='bbox 2820 3838 3020 3911; x_wconf 79' lang='grc' dir='ltr'>Κύριον</span> <span class='ocrx_word' id='word_1_603' title='bbox 3051 3839 3205 3910; x_wconf 78' lang='grc' dir='ltr'>ἡμῶν</span> <span class='ocrx_word' id='word_1_604' title='bbox 3254 3840 3458 3911; x_wconf 82' lang='grc' dir='ltr'>Ἰησοῦν</span> <span class='ocrx_word' id='word_1_605' title='bbox 3485 3841 3580 3895; x_wconf 81' lang='grc' dir='ltr'><strong>τὸν</strong></span> <span class='ocrx_word' id='word_1_606' title='bbox 3622 3838 3878 3913; x_wconf 79' lang='grc' dir='ltr'>Χριστὸν,</span> 
     </span>
    </p>
   </div>
   <div class='ocr_carea' id='block_1_84' title="bbox 2307 3925 3874 4006">
    <p class='ocr_par' dir='ltr' id='par_1_84' title="bbox 2307 3925 3874 4006">
     <span class='ocr_line' id='line_1_84' title="bbox 2307 3925 3874 4006; baseline 0.001 -22"><span class='ocrx_word' id='word_1_607' title='bbox 2307 3930 2496 4003; x_wconf 84' lang='grc' dir='ltr'>μηκέθ’</span> <span class='ocrx_word' id='word_1_608' title='bbox 2527 3925 2627 3984; x_wconf 76' lang='grc' dir='ltr'>οἷοί</span> <span class='ocrx_word' id='word_1_609' title='bbox 2653 3948 2710 3985; x_wconf 92' lang='grc' dir='ltr'><strong>τε</strong></span> <span class='ocrx_word' id='word_1_610' title='bbox 2734 3934 2830 4001; x_wconf 76' lang='grc' dir='ltr'><strong>τὴν</strong></span> <span class='ocrx_word' id='word_1_611' title='bbox 2858 3930 2952 3984; x_wconf 81' lang='grc' dir='ltr'><strong>τοῦ</strong></span> <span class='ocrx_word' id='word_1_612' title='bbox 2997 3930 3186 4004; x_wconf 85' lang='grc' dir='ltr'>ἀνδρὸς</span> <span class='ocrx_word' id='word_1_613' title='bbox 3219 3934 3521 4005; x_wconf 86' lang='grc' dir='ltr'>μαρτυρίαν</span> <span class='ocrx_word' id='word_1_614' title='bbox 3551 3933 3770 4006; x_wconf 82' lang='grc' dir='ltr'>φέρειν,</span> <span class='ocrx_word' id='word_1_615' title='bbox 3801 3929 3874 4000; x_wconf 85' lang='grc' dir='ltr'>τῷ</span> 
     </span>
    </p>
   </div>
   <div class='ocr_carea' id='block_1_85' title="bbox 2301 4017 3883 4096">
    <p class='ocr_par' dir='ltr' id='par_1_85' title="bbox 2301 4017 3883 4096">
     <span class='ocr_line' id='line_1_85' title="bbox 2301 4017 3883 4096; baseline 0.001 -20"><span class='ocrx_word' id='word_1_616' title='bbox 2301 4023 2632 4076; x_wconf 86' lang='grc' dir='ltr'>δικαιότατον</span> <span class='ocrx_word' id='word_1_617' title='bbox 2673 4022 2832 4078; x_wconf 82' lang='grc' dir='ltr'>αὑτὸν</span> <span class='ocrx_word' id='word_1_618' title='bbox 2871 4022 3022 4094; x_wconf 85' lang='grc' dir='ltr'><strong>παρά</strong></span> <span class='ocrx_word' id='word_1_619' title='bbox 3062 4025 3175 4086; x_wconf 89' lang='grc' dir='ltr'>τοῖς</span> <span class='ocrx_word' id='word_1_620' title='bbox 3215 4025 3347 4075; x_wconf 78' lang='grc' dir='ltr'>πᾶσι</span> <span class='ocrx_word' id='word_1_621' title='bbox 3388 4023 3454 4076; x_wconf 80' lang='grc' dir='ltr'>δι’</span> <span class='ocrx_word' id='word_1_622' title='bbox 3487 4017 3883 4096; x_wconf 80' lang='grc' dir='ltr'>ἀκρότητα,ἦς</span> 
     </span>
    </p>
   </div>
   <div class='ocr_carea' id='block_1_86' title="bbox 2307 4112 3875 4186">
    <p class='ocr_par' dir='ltr' id='par_1_86' title="bbox 2307 4112 3875 4186">
     <span class='ocr_line' id='line_1_86' title="bbox 2307 4112 3875 4186; baseline -0.001 -19"><span class='ocrx_word' id='word_1_623' title='bbox 2307 4115 2490 4186; x_wconf 81' lang='grc' dir='ltr'>μετῄει</span> <span class='ocrx_word' id='word_1_624' title='bbox 2544 4114 2682 4167; x_wconf 81' lang='grc' dir='ltr'>κατὰ</span> <span class='ocrx_word' id='word_1_625' title='bbox 2708 4114 2797 4167; x_wconf 85' lang='grc' dir='ltr'><strong>τὸν</strong></span> <span class='ocrx_word' id='word_1_626' title='bbox 2844 4112 3300 4184; x_wconf 77' lang='grc' dir='ltr'>βίον,φιλοσοφίας</span> <span class='ocrx_word' id='word_1_627' title='bbox 3327 4131 3387 4167; x_wconf 88' lang='grc' dir='ltr'><strong>τε</strong></span> <span class='ocrx_word' id='word_1_628' title='bbox 3433 4116 3525 4168; x_wconf 72' lang='grc' dir='ltr'><strong>καὶ</strong></span> <span class='ocrx_word' id='word_1_629' title='bbox 3573 4113 3875 4176; x_wconf 88' lang='grc' dir='ltr'>θεοσεϐείας</span> 
     </span>
    </p>
   </div>
   <div class='ocr_carea' id='block_1_87' title="bbox 2303 4206 3878 4277">
    <p class='ocr_par' dir='ltr' id='par_1_87' title="bbox 2303 4206 3878 4277">
     <span class='ocr_line' id='line_1_87' title="bbox 2303 4206 3878 4277; baseline -0.001 -17"><span class='ocrx_word' id='word_1_630' title='bbox 2303 4206 2670 4270; x_wconf 82' lang='grc' dir='ltr'>πιστεύεσθαι,</span> <span class='ocrx_word' id='word_1_631' title='bbox 2701 4206 2988 4270; x_wconf 86' lang='grc' dir='ltr'>κτείνουσι,</span> <span class='ocrx_word' id='word_1_632' title='bbox 3021 4206 3210 4277; x_wconf 76' lang='grc' dir='ltr'>καιρὸν</span> <span class='ocrx_word' id='word_1_633' title='bbox 3241 4209 3321 4271; x_wconf 83' lang='grc' dir='ltr'><strong>είς</strong></span> <span class='ocrx_word' id='word_1_634' title='bbox 3350 4206 3599 4273; x_wconf 83' lang='grc' dir='ltr'>ἐξουσίαν</span> <span class='ocrx_word' id='word_1_635' title='bbox 3626 4206 3878 4267; x_wconf 85' lang='grc' dir='ltr'>λαϐόντες</span> 
     </span>
    </p>
   </div>
   <div class='ocr_carea' id='block_1_88' title="bbox 2300 4297 3872 4373">
    <p class='ocr_par' dir='ltr' id='par_1_88' title="bbox 2300 4297 3872 4373">
     <span class='ocr_line' id='line_1_88' title="bbox 2300 4297 3872 4373; baseline -0.003 -19"><span class='ocrx_word' id='word_1_636' title='bbox 2300 4301 2398 4373; x_wconf 82' lang='grc' dir='ltr'>τὴν</span> <span class='ocrx_word' id='word_1_637' title='bbox 2425 4301 2706 4373; x_wconf 84' lang='grc' dir='ltr'>ἀναρχίαν,</span> <span class='ocrx_word' id='word_1_638' title='bbox 2737 4301 2818 4353; x_wconf 85' lang='grc' dir='ltr'><strong>ὅτι</strong></span> <span class='ocrx_word' id='word_1_639' title='bbox 2856 4299 2918 4371; x_wconf 83' lang='grc' dir='ltr'><strong>δὴ</strong></span> <span class='ocrx_word' id='word_1_640' title='bbox 2954 4298 3044 4352; x_wconf 86' lang='grc' dir='ltr'><strong>τοῦ</strong></span> <span class='ocrx_word' id='word_1_641' title='bbox 3079 4300 3284 4371; x_wconf 83' lang='grc' dir='ltr'>Φήστου</span> <span class='ocrx_word' id='word_1_642' title='bbox 3315 4300 3434 4352; x_wconf 80' lang='grc' dir='ltr'>κατ’</span> <span class='ocrx_word' id='word_1_643' title='bbox 3469 4299 3602 4352; x_wconf 81' lang='grc' dir='ltr'>αὐτὸ</span> <span class='ocrx_word' id='word_1_644' title='bbox 3629 4297 3722 4352; x_wconf 89' lang='grc' dir='ltr'><strong>τοῦ</strong></span> <span class='ocrx_word' id='word_1_645' title='bbox 3755 4313 3872 4350; x_wconf 87' lang='grc' dir='ltr'>και-</span> 
     </span>
    </p>
   </div>
   <div class='ocr_carea' id='block_1_89' title="bbox 2306 4387 3879 4462">
    <p class='ocr_par' dir='ltr' id='par_1_89' title="bbox 2306 4387 3879 4462">
     <span class='ocr_line' id='line_1_89' title="bbox 2306 4387 3879 4462; baseline -0.004 -18"><span class='ocrx_word' id='word_1_646' title='bbox 2306 4390 2398 4462; x_wconf 88' lang='grc' dir='ltr'><strong>ροῦ</strong></span> <span class='ocrx_word' id='word_1_647' title='bbox 2419 4391 2509 4443; x_wconf 71' lang='grc' dir='ltr'><strong>ἐπὶ</strong></span> <span class='ocrx_word' id='word_1_648' title='bbox 2529 4391 2628 4460; x_wconf 87' lang='grc' dir='ltr'><strong>τῆς</strong></span> <span class='ocrx_word' id='word_1_649' title='bbox 2662 4388 2920 4452; x_wconf 84' lang='grc' dir='ltr'>Ἰουδαίας</span> <span class='ocrx_word' id='word_1_650' title='bbox 2942 4387 3378 4459; x_wconf 83' lang='grc' dir='ltr'>τελευτήσαντος,</span> <span class='ocrx_word' id='word_1_651' title='bbox 3402 4387 3616 4460; x_wconf 77' lang='grc' dir='ltr'>ἄναρχα</span> <span class='ocrx_word' id='word_1_652' title='bbox 3656 4387 3747 4442; x_wconf 72' lang='grc' dir='ltr'><strong>καὶ</strong></span> <span class='ocrx_word' id='word_1_653' title='bbox 3784 4387 3879 4440; x_wconf 71' lang='grc' dir='ltr'>ἀνε-</span> 
     </span>
    </p>
   </div>
   <div class='ocr_carea' id='block_1_90' title="bbox 2303 4479 3874 4555">
    <p class='ocr_par' dir='ltr' id='par_1_90' title="bbox 2303 4479 3874 4555">
     <span class='ocr_line' id='line_1_90' title="bbox 2303 4479 3874 4555; baseline -0.003 -19"><span class='ocrx_word' id='word_1_654' title='bbox 2303 4483 2668 4555; x_wconf 86' lang='grc' dir='ltr'>επιτρόπευτα</span> <span class='ocrx_word' id='word_1_655' title='bbox 2699 4482 2766 4535; x_wconf 76' lang='grc' dir='ltr'>τὰ</span> <span class='ocrx_word' id='word_1_656' title='bbox 2793 4481 2893 4551; x_wconf 86' lang='grc' dir='ltr'><strong>τῆς</strong></span> <span class='ocrx_word' id='word_1_657' title='bbox 2937 4480 3123 4534; x_wconf 77' lang='grc' dir='ltr'>αὐτόθι</span> <span class='ocrx_word' id='word_1_658' title='bbox 3157 4479 3473 4551; x_wconf 77' lang='grc' dir='ltr'>διοικήσεως</span> <span class='ocrx_word' id='word_1_659' title='bbox 3505 4480 3874 4550; x_wconf 76' lang='grc' dir='ltr'>καθειστήκει.</span> 
     </span>
    </p>
   </div>
   <div class='ocr_carea' id='block_1_91' title="bbox 633 4570 2199 4662">
    <p class='ocr_par' dir='ltr' id='par_1_91' title="bbox 633 4571 2198 4643">
     <span class='ocr_line' id='line_1_91' title="bbox 633 4571 2198 4643; baseline -0.002 -16"><span class='ocrx_word' id='word_1_660' title='bbox 633 4583 789 4629; x_wconf 84' lang='lat' dir='ltr'><strong>vecte</strong></span> <span class='ocrx_word' id='word_1_661' title='bbox 815 4586 1129 4643; x_wconf 90' lang='lat' dir='ltr'><strong>percussum</strong></span> <span class='ocrx_word' id='word_1_662' title='bbox 1157 4572 1428 4627; x_wconf 83' lang='lat' dir='ltr'><strong>interiisse</strong></span> <span class='ocrx_word' id='word_1_663' title='bbox 1457 4580 1682 4626; x_wconf 91' lang='lat' dir='ltr'><strong>testatus</strong></span> <span class='ocrx_word' id='word_1_664' title='bbox 1708 4581 1810 4626; x_wconf 90' lang='lat' dir='ltr'><strong>est.</strong></span> <span class='ocrx_word' id='word_1_665' title='bbox 1829 4571 1934 4626; x_wconf 89' lang='lat' dir='ltr'><strong>Sed</strong></span> <span class='ocrx_word' id='word_1_666' title='bbox 1961 4572 2198 4626; x_wconf 91' lang='lat' dir='ltr'><strong>omnium</strong></span> 
     </span>
    </p>
   </div>
   <div class='ocr_carea' id='block_1_92' title="bbox 2302 4570 3872 4662">
    <p class='ocr_par' dir='ltr' id='par_1_92' title="bbox 2304 4570 3872 4646">
     <span class='ocr_line' id='line_1_92' title="bbox 2304 4570 3872 4646; baseline -0.004 -17"><span class='ocrx_word' id='word_1_667' title='bbox 2304 4576 2407 4629; x_wconf 83' lang='grc' dir='ltr'>Τὸν</span> <span class='ocrx_word' id='word_1_668' title='bbox 2429 4576 2486 4629; x_wconf 83' lang='grc' dir='ltr'>δὲ</span> <span class='ocrx_word' id='word_1_669' title='bbox 2514 4575 2614 4646; x_wconf 87' lang='grc' dir='ltr'><strong>τῆς</strong></span> <span class='ocrx_word' id='word_1_670' title='bbox 2646 4575 2740 4628; x_wconf 82' lang='grc' dir='ltr'><strong>τοῦ</strong></span> <span class='ocrx_word' id='word_1_671' title='bbox 2782 4572 3034 4628; x_wconf 87' lang='grc' dir='ltr'>Ἰακώϐου</span> <span class='ocrx_word' id='word_1_672' title='bbox 3077 4571 3332 4643; x_wconf 86' lang='grc' dir='ltr'>τελευτῆς</span> <span class='ocrx_word' id='word_1_673' title='bbox 3365 4571 3596 4644; x_wconf 87' lang='grc' dir='ltr'>τρόπον,</span> <span class='ocrx_word' id='word_1_674' title='bbox 3638 4573 3737 4643; x_wconf 73' lang='grc' dir='ltr'>ἤδη</span> <span class='ocrx_word' id='word_1_675' title='bbox 3777 4570 3872 4641; x_wconf 81' lang='grc' dir='ltr'>μὲν</span> 
     </span>
    </p>
   </div>
   <div class='ocr_carea' id='block_1_93' title="bbox 637 4662 2200 4733">
    <p class='ocr_par' dir='ltr' id='par_1_93' title="bbox 637 4662 2200 4733">
     <span class='ocr_line' id='line_1_93' title="bbox 637 4662 2200 4733; baseline 0 -15"><span class='ocrx_word' id='word_1_676' title='bbox 637 4664 1046 4720; x_wconf 84' lang='lat' dir='ltr'><strong>accuratissime</strong></span> <span class='ocrx_word' id='word_1_677' title='bbox 1077 4663 1410 4733; x_wconf 63' lang='lat' dir='ltr'><strong>l-legesippus</strong></span> <span class='ocrx_word' id='word_1_678' title='bbox 1446 4663 1536 4732; x_wconf 92' lang='lat' dir='ltr'><strong>qui</strong></span> <span class='ocrx_word' id='word_1_679' title='bbox 1587 4662 1949 4732; x_wconf 86' lang='lat' dir='ltr'><strong>apostolorum</strong></span> <span class='ocrx_word' id='word_1_680' title='bbox 1994 4673 2200 4732; x_wconf 86' lang='lat' dir='ltr'><strong>tempo-</strong></span> 
     </span>
    </p>
   </div>
   <div class='ocr_carea' id='block_1_94' title="bbox 637 4753 2200 4824">
    <p class='ocr_par' dir='ltr' id='par_1_94' title="bbox 637 4753 2200 4824">
     <span class='ocr_line' id='line_1_94' title="bbox 637 4753 2200 4824; baseline -0.001 -16"><span class='ocrx_word' id='word_1_681' title='bbox 637 4755 786 4810; x_wconf 90' lang='lat' dir='ltr'><strong>ribus</strong></span> <span class='ocrx_word' id='word_1_682' title='bbox 810 4754 1089 4824; x_wconf 82' lang='lat' dir='ltr'><strong>proximus</strong></span> <span class='ocrx_word' id='word_1_683' title='bbox 1125 4753 1242 4820; x_wconf 90' lang='lat' dir='ltr'><strong>fuit,</strong></span> <span class='ocrx_word' id='word_1_684' title='bbox 1271 4755 1324 4808; x_wconf 92' lang='lat' dir='ltr'><strong>in</strong></span> <span class='ocrx_word' id='word_1_685' title='bbox 1373 4755 1560 4824; x_wconf 90' lang='lat' dir='ltr'><strong>quinto</strong></span> <span class='ocrx_word' id='word_1_686' title='bbox 1587 4753 2098 4808; x_wconf 83' lang='lat' dir='ltr'><strong>Commentariorum</strong></span> <span class='ocrx_word' id='word_1_687' title='bbox 2132 4753 2200 4807; x_wconf 59' lang='lat' dir='ltr'><strong>lio</strong></span> 
     </span>
    </p>
   </div>
   <div class='ocr_carea' id='block_1_95' title="bbox 635 4844 2196 4917">
    <p class='ocr_par' dir='ltr' id='par_1_95' title="bbox 635 4844 2196 4917">
     <span class='ocr_line' id='line_1_95' title="bbox 635 4844 2196 4917; baseline -0.001 -15"><span class='ocrx_word' id='word_1_688' title='bbox 635 4844 736 4902; x_wconf 87' lang='lat' dir='ltr'><strong>bro</strong></span> <span class='ocrx_word' id='word_1_689' title='bbox 779 4847 845 4902; x_wconf 88' lang='lat' dir='ltr'><strong>de</strong></span> <span class='ocrx_word' id='word_1_690' title='bbox 877 4845 1081 4902; x_wconf 78' lang='lat' dir='ltr'><strong>Jacobo</strong></span> <span class='ocrx_word' id='word_1_691' title='bbox 1135 4847 1468 4917; x_wconf 70' lang='lat' dir='ltr'><strong>praescripsit</strong></span> <span class='ocrx_word' id='word_1_692' title='bbox 1495 4847 1578 4901; x_wconf 92' lang='lat' dir='ltr'><strong>his</strong></span> <span class='ocrx_word' id='word_1_693' title='bbox 1611 4845 1792 4901; x_wconf 87' lang='lat' dir='ltr'><strong>verbis</strong></span> <span class='ocrx_word' id='word_1_694' title='bbox 1824 4861 1839 4900; x_wconf 93' lang='lat'><strong>:</strong></span> <span class='ocrx_word' id='word_1_695' title='bbox 1870 4863 1888 4896; x_wconf 77' lang='grc' dir='ltr'><strong>ι</strong></span> <span class='ocrx_word' id='word_1_696' title='bbox 1921 4844 2196 4908; x_wconf 67' lang='lat' dir='ltr'><strong>Ecclesiae,</strong></span> 
     </span>
    </p>
   </div>
   <div class='ocr_carea' id='block_1_96' title="bbox 637 4937 2201 5008">
    <p class='ocr_par' dir='ltr' id='par_1_96' title="bbox 637 4937 2201 5008">
     <span class='ocr_line' id='line_1_96' title="bbox 637 4937 2201 5008; baseline 0 -16"><span class='ocrx_word' id='word_1_697' title='bbox 637 4937 834 5008; x_wconf 88' lang='lat' dir='ltr'><strong>inquit,</strong></span> <span class='ocrx_word' id='word_1_698' title='bbox 861 4938 1380 4993; x_wconf 89' lang='lat' dir='ltr'><strong>administrationem</strong></span> <span class='ocrx_word' id='word_1_699' title='bbox 1418 4953 1523 4992; x_wconf 89' lang='lat' dir='ltr'><strong>una</strong></span> <span class='ocrx_word' id='word_1_700' title='bbox 1560 4953 1681 4992; x_wconf 91' lang='lat' dir='ltr'><strong>cum</strong></span> <span class='ocrx_word' id='word_1_701' title='bbox 1727 4937 1983 5007; x_wconf 81' lang='lat' dir='ltr'><strong>apOstolis</strong></span> <span class='ocrx_word' id='word_1_702' title='bbox 2015 4953 2201 4992; x_wconf 87' lang='lat' dir='ltr'><strong>susce-</strong></span> 
     </span>
    </p>
   </div>
   <div class='ocr_carea' id='block_1_97' title="bbox 636 5028 2194 5101">
    <p class='ocr_par' dir='ltr' id='par_1_97' title="bbox 636 5028 2194 5101">
     <span class='ocr_line' id='line_1_97' title="bbox 636 5028 2194 5101; baseline 0.001 -18"><span class='ocrx_word' id='word_1_703' title='bbox 636 5031 714 5100; x_wconf 87' lang='lat' dir='ltr'><strong>pit</strong></span> <span class='ocrx_word' id='word_1_704' title='bbox 741 5029 976 5086; x_wconf 84' lang='lat' dir='ltr'><strong>Jacobus</strong></span> <span class='ocrx_word' id='word_1_705' title='bbox 1016 5029 1186 5087; x_wconf 88' lang='lat' dir='ltr'><strong>frater</strong></span> <span class='ocrx_word' id='word_1_706' title='bbox 1230 5029 1467 5096; x_wconf 91' lang='lat' dir='ltr'><strong>Domini,</strong></span> <span class='ocrx_word' id='word_1_707' title='bbox 1506 5030 1597 5100; x_wconf 90' lang='lat' dir='ltr'><strong>qui</strong></span> <span class='ocrx_word' id='word_1_708' title='bbox 1627 5030 1739 5101; x_wconf 87' lang='lat' dir='ltr'><strong>jam</strong></span> <span class='ocrx_word' id='word_1_709' title='bbox 1771 5028 1896 5084; x_wconf 88' lang='lat' dir='ltr'><strong>inde</strong></span> <span class='ocrx_word' id='word_1_710' title='bbox 1929 5045 1959 5084; x_wconf 92' lang='lat' dir='ltr'><strong>a</strong></span> <span class='ocrx_word' id='word_1_711' title='bbox 1989 5028 2194 5085; x_wconf 83' lang='lat' dir='ltr'><strong>Christi</strong></span> 
     </span>
    </p>
   </div>
   <div class='ocr_carea' id='block_1_98' title="bbox 710 5215 2202 5289">
    <p class='ocr_par' dir='ltr' id='par_1_98' title="bbox 710 5215 2202 5289">
     <span class='ocr_line' id='line_1_98' title="bbox 710 5215 2202 5289; baseline -0.003 -15"><span class='ocrx_word' id='word_1_712' title='bbox 710 5218 846 5289; x_wconf 80' lang='lat'><strong>(90‘)</strong></span> <span class='ocrx_word' id='word_1_713' title='bbox 862 5219 1348 5288; x_wconf 76' lang='grc' dir='ltr'>Ἐτχειρισθῆναι.</span> <span class='ocrx_word' id='word_1_714' title='bbox 1364 5219 1418 5273; x_wconf 87' lang='grc' dir='ltr'>1η</span> <span class='ocrx_word' id='word_1_715' title='bbox 1447 5228 1678 5288; x_wconf 91' lang='lat' dir='ltr'><strong>quatuor</strong></span> <span class='ocrx_word' id='word_1_716' title='bbox 1699 5218 1902 5272; x_wconf 85' lang='lat' dir='ltr'><strong>nostris</strong></span> <span class='ocrx_word' id='word_1_717' title='bbox 1925 5215 2202 5272; x_wconf 88' lang='lat' dir='ltr'><strong>codicibus</strong></span> 
     </span>
    </p>
   </div>
   <div class='ocr_carea' id='block_1_99' title="bbox 637 5289 2200 5357">
    <p class='ocr_par' dir='ltr' id='par_1_99' title="bbox 637 5289 2200 5357">
     <span class='ocr_line' id='line_1_99' title="bbox 637 5289 2200 5357; baseline -0.003 -13"><span class='ocrx_word' id='word_1_718' title='bbox 637 5289 802 5354; x_wconf 85' lang='lat' dir='ltr'><strong>Maz.,</strong></span> <span class='ocrx_word' id='word_1_719' title='bbox 846 5289 1162 5354; x_wconf 73' lang='lat' dir='ltr'><strong>Med.,l&quot;ult.</strong></span> <span class='ocrx_word' id='word_1_720' title='bbox 1223 5306 1287 5343; x_wconf 88' lang='lat' dir='ltr'><strong>ac</strong></span> <span class='ocrx_word' id='word_1_721' title='bbox 1328 5289 1497 5343; x_wconf 89' lang='lat' dir='ltr'><strong>Savil.</strong></span> <span class='ocrx_word' id='word_1_722' title='bbox 1551 5290 1815 5356; x_wconf 87' lang='lat' dir='ltr'><strong>scriptum</strong></span> <span class='ocrx_word' id='word_1_723' title='bbox 1872 5298 1954 5342; x_wconf 89' lang='lat' dir='ltr'><strong>est</strong></span> <span class='ocrx_word' id='word_1_724' title='bbox 1994 5289 2200 5357; x_wconf 85' lang='grc' dir='ltr'>ἐπιχει-</span> 
     </span>
    </p>
   </div>
   <div class='ocr_carea' id='block_1_100' title="bbox 642 5358 2203 5432">
    <p class='ocr_par' dir='ltr' id='par_1_100' title="bbox 642 5358 2203 5432">
     <span class='ocr_line' id='line_1_100' title="bbox 642 5358 2203 5432; baseline -0.001 -20"><span class='ocrx_word' id='word_1_725' title='bbox 642 5361 822 5432; x_wconf 87' lang='grc' dir='ltr'>ρῆσαι.</span> <span class='ocrx_word' id='word_1_726' title='bbox 851 5359 1020 5424; x_wconf 87' lang='lat' dir='ltr'><strong>Quam</strong></span> <span class='ocrx_word' id='word_1_727' title='bbox 1054 5360 1334 5432; x_wconf 71' lang='lat' dir='ltr'><strong>lectionem</strong></span> <span class='ocrx_word' id='word_1_728' title='bbox 1371 5360 1423 5412; x_wconf 94' lang='lat' dir='ltr'><strong>in</strong></span> <span class='ocrx_word' id='word_1_729' title='bbox 1468 5358 2114 5432; x_wconf 78' lang='lat' dir='ltr'><strong>qui_l_)usdam_eodicibus</strong></span> <span class='ocrx_word' id='word_1_730' title='bbox 2145 5370 2203 5411; x_wconf 87' lang='lat' dir='ltr'><strong>se</strong></span> 
     </span>
    </p>
   </div>
   <div class='ocr_carea' id='block_1_101' title="bbox 636 5426 2196 5498">
    <p class='ocr_par' dir='ltr' id='par_1_101' title="bbox 636 5426 2196 5498">
     <span class='ocr_line' id='line_1_101' title="bbox 636 5426 2196 5498; baseline -0.004 -14"><span class='ocrx_word' id='word_1_731' title='bbox 636 5426 904 5498; x_wconf 69' lang='lat' dir='ltr'><strong>reperisse</strong></span> <span class='ocrx_word' id='word_1_732' title='bbox 934 5439 1156 5482; x_wconf 88' lang='lat' dir='ltr'><strong>testatur</strong></span> <span class='ocrx_word' id='word_1_733' title='bbox 1189 5426 1512 5497; x_wconf 82' lang='lat' dir='ltr'><strong>Stephanus.</strong></span> <span class='ocrx_word' id='word_1_734' title='bbox 1549 5426 1745 5498; x_wconf 86' lang='lat' dir='ltr'><strong>Verum</strong></span> <span class='ocrx_word' id='word_1_735' title='bbox 1769 5429 1814 5480; x_wconf 89' lang='lat' dir='ltr'><strong>si</strong></span> <span class='ocrx_word' id='word_1_736' title='bbox 1839 5429 1909 5498; x_wconf 81' lang='lat' dir='ltr'><strong>ita</strong></span> <span class='ocrx_word' id='word_1_737' title='bbox 1936 5428 2196 5498; x_wconf 76' lang='lat' dir='ltr'><strong>legamus,</strong></span> 
     </span>
    </p>
   </div>
   <div class='ocr_carea' id='block_1_102' title="bbox 639 5495 2197 5570">
    <p class='ocr_par' dir='ltr' id='par_1_102' title="bbox 639 5495 2197 5570">
     <span class='ocr_line' id='line_1_102' title="bbox 639 5495 2197 5570; baseline -0.003 -17"><span class='ocrx_word' id='word_1_738' title='bbox 639 5495 948 5570; x_wconf 80' lang='lat' dir='ltr'><strong>necessario</strong></span> <span class='ocrx_word' id='word_1_739' title='bbox 979 5495 1325 5570; x_wconf 81' lang='lat' dir='ltr'><strong>scribendum</strong></span> <span class='ocrx_word' id='word_1_740' title='bbox 1365 5501 1477 5570; x_wconf 71' lang='lat' dir='ltr'><strong>erit</strong></span> <span class='ocrx_word' id='word_1_741' title='bbox 1498 5497 1827 5570; x_wconf 87' lang='grc' dir='ltr'>προελθόντα</span> <span class='ocrx_word' id='word_1_742' title='bbox 1863 5496 1925 5570; x_wconf 82' lang='grc' dir='ltr'>δὲ</span> <span class='ocrx_word' id='word_1_743' title='bbox 1965 5501 2043 5560; x_wconf 85' lang='grc' dir='ltr'>εἰς</span> <span class='ocrx_word' id='word_1_744' title='bbox 2073 5495 2197 5550; x_wconf 88' lang='grc' dir='ltr'>ἀθε-</span> 
     </span>
    </p>
   </div>
   <div class='ocr_carea' id='block_1_103' title="bbox 643 5567 2195 5640">
    <p class='ocr_par' dir='ltr' id='par_1_103' title="bbox 643 5567 2195 5640">
     <span class='ocr_line' id='line_1_103' title="bbox 643 5567 2195 5640; baseline -0.002 -18"><span class='ocrx_word' id='word_1_745' title='bbox 643 5571 828 5638; x_wconf 83' lang='grc' dir='ltr'>μίτους</span> <span class='ocrx_word' id='word_1_746' title='bbox 861 5568 1074 5640; x_wconf 83' lang='grc' dir='ltr'>τόλμας,</span> <span class='ocrx_word' id='word_1_747' title='bbox 1110 5580 1214 5622; x_wconf 90' lang='lat' dir='ltr'><strong>etc.</strong></span> <span class='ocrx_word' id='word_1_748' title='bbox 1240 5567 1754 5640; x_wconf 57' lang='lat' dir='ltr'><strong>CerteNice&#39;phorus</strong></span> <span class='ocrx_word' id='word_1_749' title='bbox 1786 5570 1836 5620; x_wconf 90' lang='lat' dir='ltr'><strong>in</strong></span> <span class='ocrx_word' id='word_1_750' title='bbox 1858 5568 1956 5640; x_wconf 78' lang='lat' dir='ltr'><strong>lib.</strong></span> <span class='ocrx_word' id='word_1_751' title='bbox 1989 5582 2195 5640; x_wconf 41' lang='grc' dir='ltr'><strong>κηρίῳ.</strong></span> 
     </span>
    </p>
   </div>
   <div class='ocr_carea' id='block_1_104' title="bbox 639 5637 2198 5708">
    <p class='ocr_par' dir='ltr' id='par_1_104' title="bbox 639 5637 2198 5708">
     <span class='ocr_line' id='line_1_104' title="bbox 639 5637 2198 5708; baseline -0.002 -17"><span class='ocrx_word' id='word_1_752' title='bbox 639 5637 731 5704; x_wconf 69' lang='grc'>34,</span> <span class='ocrx_word' id='word_1_753' title='bbox 758 5643 828 5692; x_wconf 91' lang='lat' dir='ltr'><strong>ita</strong></span> <span class='ocrx_word' id='word_1_754' title='bbox 860 5637 1067 5695; x_wconf 82' lang='lat' dir='ltr'><strong>videtur</strong></span> <span class='ocrx_word' id='word_1_755' title='bbox 1104 5641 1316 5708; x_wconf 69' lang='lat' dir='ltr'><strong>legisse.</strong></span> <span class='ocrx_word' id='word_1_756' title='bbox 1365 5638 1456 5690; x_wconf 87' lang='lat' dir='ltr'><strong>Sic</strong></span> <span class='ocrx_word' id='word_1_757' title='bbox 1496 5639 1640 5690; x_wconf 88' lang='lat' dir='ltr'><strong>enim</strong></span> <span class='ocrx_word' id='word_1_758' title='bbox 1679 5637 1822 5708; x_wconf 78' lang='lat' dir='ltr'><strong>hunc</strong></span> <span class='ocrx_word' id='word_1_759' title='bbox 1846 5637 2070 5708; x_wconf 57' lang='lat' dir='ltr'><strong>Eusebii</strong></span> <span class='ocrx_word' id='word_1_760' title='bbox 2117 5638 2198 5708; x_wconf 87' lang='lat' dir='ltr'><strong>lo-</strong></span> 
     </span>
    </p>
   </div>
   <div class='ocr_carea' id='block_1_105' title="bbox 641 5705 2200 5778">
    <p class='ocr_par' dir='ltr' id='par_1_105' title="bbox 641 5705 2200 5778">
     <span class='ocr_line' id='line_1_105' title="bbox 641 5705 2200 5778; baseline 0.001 -19"><span class='ocrx_word' id='word_1_761' title='bbox 641 5726 764 5778; x_wconf 72' lang='lat' dir='ltr'><strong>rum</strong></span> <span class='ocrx_word' id='word_1_762' title='bbox 797 5705 1173 5778; x_wconf 38' lang='lat' dir='ltr'><strong>interpolavit‘.‘</strong></span> <span class='ocrx_word' id='word_1_763' title='bbox 1198 5710 1276 5772; x_wconf 90' lang='grc' dir='ltr'><strong>είς</strong></span> <span class='ocrx_word' id='word_1_764' title='bbox 1301 5707 1344 5760; x_wconf 91' lang='grc' dir='ltr'>δ’</span> <span class='ocrx_word' id='word_1_765' title='bbox 1371 5707 1660 5778; x_wconf 87' lang='grc' dir='ltr'>ἀθεμίτους</span> <span class='ocrx_word' id='word_1_766' title='bbox 1683 5705 2025 5778; x_wconf 78' lang='grc' dir='ltr'>ἐξοκείλαντα</span> <span class='ocrx_word' id='word_1_767' title='bbox 2067 5707 2200 5777; x_wconf 78' lang='grc' dir='ltr'>πρά-</span> 
     </span>
    </p>
   </div>
   <div class='ocr_carea' id='block_1_106' title="bbox 643 5776 2202 5849">
    <p class='ocr_par' dir='ltr' id='par_1_106' title="bbox 643 5776 2202 5849">
     <span class='ocr_line' id='line_1_106' title="bbox 643 5776 2202 5849; baseline -0.003 -17"><span class='ocrx_word' id='word_1_768' title='bbox 643 5777 771 5849; x_wconf 63' lang='grc' dir='ltr'>ξεις,</span> <span class='ocrx_word' id='word_1_769' title='bbox 813 5776 952 5849; x_wconf 64' lang='grc' dir='ltr'>μετὰ</span> <span class='ocrx_word' id='word_1_770' title='bbox 978 5779 1084 5832; x_wconf 80' lang='grc' dir='ltr'><strong>τῶν</strong></span> <span class='ocrx_word' id='word_1_771' title='bbox 1113 5779 1284 5832; x_wconf 80' lang='grc' dir='ltr'>ἄλλων</span> <span class='ocrx_word' id='word_1_772' title='bbox 1310 5778 1401 5831; x_wconf 71' lang='grc' dir='ltr'>καὶ</span> <span class='ocrx_word' id='word_1_773' title='bbox 1422 5776 1517 5841; x_wconf 76' lang='grc' dir='ltr'>τὰς</span> <span class='ocrx_word' id='word_1_774' title='bbox 1537 5778 1644 5830; x_wconf 81' lang='grc' dir='ltr'>τῶν</span> <span class='ocrx_word' id='word_1_775' title='bbox 1663 5776 1970 5830; x_wconf 80' lang='grc' dir='ltr'>ἀποστόλων</span> <span class='ocrx_word' id='word_1_776' title='bbox 1996 5776 2202 5829; x_wconf 80' lang='grc' dir='ltr'>ἐπιτολ-</span> 
     </span>
    </p>
   </div>
   <div class='ocr_carea' id='block_1_107' title="bbox 646 5848 1079 5918">
    <p class='ocr_par' dir='ltr' id='par_1_107' title="bbox 646 5848 1079 5918">
     <span class='ocr_line' id='line_1_107' title="bbox 646 5848 1079 5918; baseline 0.014 -20"><span class='ocrx_word' id='word_1_777' title='bbox 646 5848 822 5918; x_wconf 82' lang='grc' dir='ltr'>μῆσαι</span> <span class='ocrx_word' id='word_1_778' title='bbox 847 5850 1079 5918; x_wconf 68' lang='grc' dir='ltr'>σφαγάς.</span> 
     </span>
    </p>
   </div>
   <div class='ocr_carea' id='block_1_108' title="bbox 712 5914 2198 5987">
    <p class='ocr_par' dir='ltr' id='par_1_108' title="bbox 712 5914 2198 5987">
     <span class='ocr_line' id='line_1_108' title="bbox 712 5914 2198 5987; baseline -0.001 -12"><span class='ocrx_word' id='word_1_779' title='bbox 712 5914 821 5978; x_wconf 75' lang='lat' dir='ltr'><strong>l9l)</strong></span> <span class='ocrx_word' id='word_1_780' title='bbox 847 5914 1002 5981; x_wconf 60' lang='lat' dir='ltr'><strong>Vulg.</strong></span> <span class='ocrx_word' id='word_1_781' title='bbox 1019 5921 1088 5972; x_wconf 83' lang='grc' dir='ltr'>τὰ</span> <span class='ocrx_word' id='word_1_782' title='bbox 1101 5917 1245 5974; x_wconf 82' lang='grc' dir='ltr'>κατὰ</span> <span class='ocrx_word' id='word_1_783' title='bbox 1257 5920 1467 5975; x_wconf 80' lang='grc' dir='ltr'>τούτου</span> <span class='ocrx_word' id='word_1_784' title='bbox 1486 5916 1766 5987; x_wconf 71' lang='grc' dir='ltr'>τολμᾶται</span> <span class='ocrx_word' id='word_1_785' title='bbox 1777 5957 1789 5972; x_wconf 93' lang='grc'><strong>.</strong></span> <span class='ocrx_word' id='word_1_786' title='bbox 1811 5916 2052 5986; x_wconf 86' lang='lat' dir='ltr'><strong>Quatuor</strong></span> <span class='ocrx_word' id='word_1_787' title='bbox 2069 5932 2198 5975; x_wconf 84' lang='lat' dir='ltr'><strong>nos-</strong></span> 
     </span>
    </p>
   </div>
   <div class='ocr_carea' id='block_1_109' title="bbox 2307 4659 3870 4737">
    <p class='ocr_par' dir='ltr' id='par_1_109' title="bbox 2307 4659 3870 4737">
     <span class='ocr_line' id='line_1_109' title="bbox 2307 4659 3870 4737; baseline -0.004 -19"><span class='ocrx_word' id='word_1_788' title='bbox 2307 4666 2565 4737; x_wconf 86' lang='grc' dir='ltr'>πρότερον</span> <span class='ocrx_word' id='word_1_789' title='bbox 2597 4665 2652 4717; x_wconf 87' lang='grc' dir='ltr'>αἱ</span> <span class='ocrx_word' id='word_1_790' title='bbox 2696 4663 3084 4736; x_wconf 84' lang='grc' dir='ltr'>παρατεθεῖσαι</span> <span class='ocrx_word' id='word_1_791' title='bbox 3115 4661 3208 4715; x_wconf 84' lang='grc' dir='ltr'><strong>τοῦ</strong></span> <span class='ocrx_word' id='word_1_792' title='bbox 3245 4661 3564 4732; x_wconf 78' lang='grc' dir='ltr'>Κλήμεντος</span> <span class='ocrx_word' id='word_1_793' title='bbox 3590 4661 3761 4732; x_wconf 77' lang='grc' dir='ltr'>φωναὶ</span> <span class='ocrx_word' id='word_1_794' title='bbox 3789 4659 3870 4712; x_wconf 86' lang='grc' dir='ltr'>δε-</span> 
     </span>
    </p>
   </div>
   <div class='ocr_carea' id='block_1_110' title="bbox 2303 4755 3870 4830">
    <p class='ocr_par' dir='ltr' id='par_1_110' title="bbox 2303 4755 3870 4830">
     <span class='ocr_line' id='line_1_110' title="bbox 2303 4755 3870 4830; baseline -0.006 -18"><span class='ocrx_word' id='word_1_795' title='bbox 2303 4759 2626 4830; x_wconf 87' lang='grc' dir='ltr'>δηλώκασιν,</span> <span class='ocrx_word' id='word_1_796' title='bbox 2655 4759 2761 4812; x_wconf 86' lang='grc' dir='ltr'><strong>ἀπὸ</strong></span> <span class='ocrx_word' id='word_1_797' title='bbox 2799 4757 2892 4811; x_wconf 89' lang='grc' dir='ltr'><strong>τοῦ</strong></span> <span class='ocrx_word' id='word_1_798' title='bbox 2933 4756 3224 4829; x_wconf 89' lang='grc' dir='ltr'>πτερυγίου</span> <span class='ocrx_word' id='word_1_799' title='bbox 3267 4755 3580 4828; x_wconf 77' lang='grc' dir='ltr'>βεϐλῆσθαι,</span> <span class='ocrx_word' id='word_1_800' title='bbox 3630 4755 3768 4825; x_wconf 81' lang='grc' dir='ltr'>ξύλῳ</span> <span class='ocrx_word' id='word_1_801' title='bbox 3810 4769 3870 4804; x_wconf 75' lang='grc' dir='ltr'><strong>τε</strong></span> 
     </span>
    </p>
   </div>
   <div class='ocr_carea' id='block_1_111' title="bbox 2302 4848 3864 4922">
    <p class='ocr_par' dir='ltr' id='par_1_111' title="bbox 2302 4848 3864 4922">
     <span class='ocr_line' id='line_1_111' title="bbox 2302 4848 3864 4922; baseline -0.003 -21"><span class='ocrx_word' id='word_1_802' title='bbox 2302 4851 2401 4919; x_wconf 86' lang='grc' dir='ltr'>τὴν</span> <span class='ocrx_word' id='word_1_803' title='bbox 2451 4849 2586 4922; x_wconf 77' lang='grc' dir='ltr'>πρὸς</span> <span class='ocrx_word' id='word_1_804' title='bbox 2637 4849 2862 4905; x_wconf 81' lang='grc' dir='ltr'>θάνατον</span> <span class='ocrx_word' id='word_1_805' title='bbox 2916 4848 3221 4919; x_wconf 86' lang='grc' dir='ltr'>πεπλῆχθαι</span> <span class='ocrx_word' id='word_1_806' title='bbox 3282 4849 3443 4903; x_wconf 73' lang='grc' dir='ltr'>αὐτὸν</span> <span class='ocrx_word' id='word_1_807' title='bbox 3504 4848 3864 4921; x_wconf 80' lang='grc' dir='ltr'>ἱστορηκότος.</span> 
     </span>
    </p>
   </div>
   <div class='ocr_carea' id='block_1_112' title="bbox 2315 4934 3868 5012">
    <p class='ocr_par' dir='ltr' id='par_1_112' title="bbox 2315 4934 3868 5012">
     <span class='ocr_line' id='line_1_112' title="bbox 2315 4934 3868 5012; baseline -0.005 -20"><span class='ocrx_word' id='word_1_808' title='bbox 2315 4939 2702 5012; x_wconf 81' lang='grc' dir='ltr'>’Δκριϐέστατά</span> <span class='ocrx_word' id='word_1_809' title='bbox 2716 4956 2778 5007; x_wconf 91' lang='grc' dir='ltr'><strong>γε</strong></span> <span class='ocrx_word' id='word_1_810' title='bbox 2803 4939 2906 5010; x_wconf 83' lang='grc' dir='ltr'><strong>μὴν</strong></span> <span class='ocrx_word' id='word_1_811' title='bbox 2925 4938 2992 4992; x_wconf 84' lang='grc' dir='ltr'>τὰ</span> <span class='ocrx_word' id='word_1_812' title='bbox 3019 4940 3138 4992; x_wconf 86' lang='grc' dir='ltr'>κατ’</span> <span class='ocrx_word' id='word_1_813' title='bbox 3160 4939 3319 4992; x_wconf 79' lang='grc' dir='ltr'>αὑτὸν</span> <span class='ocrx_word' id='word_1_814' title='bbox 3345 4940 3372 4991; x_wconf 89' lang='grc' dir='ltr'><strong>ὀ</strong></span> <span class='ocrx_word' id='word_1_815' title='bbox 3404 4940 3746 5009; x_wconf 83' lang='grc' dir='ltr'>Ἡγήσιππος</span> <span class='ocrx_word' id='word_1_816' title='bbox 3778 4934 3868 4988; x_wconf 77' lang='grc' dir='ltr'>ἐπὶ</span> 
     </span>
    </p>
   </div>
   <div class='ocr_carea' id='block_1_113' title="bbox 2299 5025 3862 5106">
    <p class='ocr_par' dir='ltr' id='par_1_113' title="bbox 2299 5025 3862 5106">
     <span class='ocr_line' id='line_1_113' title="bbox 2299 5025 3862 5106; baseline -0.004 -19"><span class='ocrx_word' id='word_1_817' title='bbox 2299 5032 2395 5103; x_wconf 78' lang='grc' dir='ltr'><strong>τῆς</strong></span> <span class='ocrx_word' id='word_1_818' title='bbox 2422 5031 2641 5104; x_wconf 87' lang='grc' dir='ltr'>πρώτης</span> <span class='ocrx_word' id='word_1_819' title='bbox 2668 5031 2773 5084; x_wconf 84' lang='grc' dir='ltr'><strong>τῶν</strong></span> <span class='ocrx_word' id='word_1_820' title='bbox 2798 5029 3105 5084; x_wconf 80' lang='grc' dir='ltr'>ἀποστόλων</span> <span class='ocrx_word' id='word_1_821' title='bbox 3149 5029 3438 5102; x_wconf 86' lang='grc' dir='ltr'>γενόμενος</span> <span class='ocrx_word' id='word_1_822' title='bbox 3465 5030 3711 5102; x_wconf 89' lang='grc' dir='ltr'>διαδοχῆς</span> <span class='ocrx_word' id='word_1_823' title='bbox 3736 5025 3862 5106; x_wconf 68' lang='grc'><strong>(92)⁹</strong></span> 
     </span>
    </p>
   </div>
   <div class='ocr_carea' id='block_1_114' title="bbox 2307 5207 3864 5286">
    <p class='ocr_par' dir='ltr' id='par_1_114' title="bbox 2307 5207 3864 5286">
     <span class='ocr_line' id='line_1_114' title="bbox 2307 5207 3864 5286; baseline -0.008 -17"><span class='ocrx_word' id='word_1_824' title='bbox 2307 5215 2375 5269; x_wconf 91' lang='lat' dir='ltr'><strong>tri</strong></span> <span class='ocrx_word' id='word_1_825' title='bbox 2397 5214 2608 5269; x_wconf 89' lang='lat' dir='ltr'><strong>codices</strong></span> <span class='ocrx_word' id='word_1_826' title='bbox 2625 5212 2759 5286; x_wconf 62' lang='lat' dir='ltr'><strong>Maa.</strong></span> <span class='ocrx_word' id='word_1_827' title='bbox 2779 5253 2793 5277; x_wconf 91' lang='lat'><strong>,</strong></span> <span class='ocrx_word' id='word_1_828' title='bbox 2815 5213 3030 5286; x_wconf 50' lang='lat' dir='ltr'><strong>Medic&quot;</strong></span> <span class='ocrx_word' id='word_1_829' title='bbox 3061 5213 3197 5270; x_wconf 77' lang='lat' dir='ltr'><strong>Fuit.</strong></span> <span class='ocrx_word' id='word_1_830' title='bbox 3222 5221 3275 5268; x_wconf 90' lang='lat' dir='ltr'><strong>et</strong></span> <span class='ocrx_word' id='word_1_831' title='bbox 3296 5211 3464 5286; x_wconf 85' lang='lat' dir='ltr'><strong>Savil.</strong></span> <span class='ocrx_word' id='word_1_832' title='bbox 3483 5226 3583 5286; x_wconf 86' lang='lat' dir='ltr'><strong>pro</strong></span> <span class='ocrx_word' id='word_1_833' title='bbox 3610 5207 3864 5286; x_wconf 73' lang='grc' dir='ltr'>τολμᾶται</span> 
     </span>
    </p>
   </div>
   <div class='ocr_carea' id='block_1_115' title="bbox 2307 5283 3864 5354">
    <p class='ocr_par' dir='ltr' id='par_1_115' title="bbox 2307 5283 3864 5354">
     <span class='ocr_line' id='line_1_115' title="bbox 2307 5283 3864 5354; baseline -0.007 -15"><span class='ocrx_word' id='word_1_834' title='bbox 2307 5283 2846 5354; x_wconf 78' lang='lat' dir='ltr'><strong>scriptumexhibeut</strong></span> <span class='ocrx_word' id='word_1_835' title='bbox 2871 5283 3212 5354; x_wconf 80' lang='grc' dir='ltr'>τολμήματα.</span> <span class='ocrx_word' id='word_1_836' title='bbox 3238 5284 3388 5350; x_wconf 85' lang='lat' dir='ltr'><strong>Quod</strong></span> <span class='ocrx_word' id='word_1_837' title='bbox 3413 5285 3662 5354; x_wconf 81' lang='lat' dir='ltr'><strong>equidem</strong></span> <span class='ocrx_word' id='word_1_838' title='bbox 3703 5283 3864 5354; x_wconf 73' lang='lat' dir='ltr'><strong>magis</strong></span> 
     </span>
    </p>
   </div>
   <div class='ocr_carea' id='block_1_116' title="bbox 2309 5351 3864 5424">
    <p class='ocr_par' dir='ltr' id='par_1_116' title="bbox 2309 5351 3864 5424">
     <span class='ocr_line' id='line_1_116' title="bbox 2309 5351 3864 5424; baseline -0.005 -17"><span class='ocrx_word' id='word_1_839' title='bbox 2309 5351 2497 5424; x_wconf 80' lang='lat' dir='ltr'><strong>probo.</strong></span> <span class='ocrx_word' id='word_1_840' title='bbox 2536 5353 2666 5424; x_wconf 82' lang='lat' dir='ltr'><strong>Nam</strong></span> <span class='ocrx_word' id='word_1_841' title='bbox 2700 5355 2743 5408; x_wconf 90' lang='lat' dir='ltr'><strong>si</strong></span> <span class='ocrx_word' id='word_1_842' title='bbox 2770 5351 3374 5424; x_wconf 57' lang='lat' dir='ltr'><strong>solita-rutlegerimus.</strong></span> <span class='ocrx_word' id='word_1_843' title='bbox 3404 5351 3730 5424; x_wconf 85' lang='lat' dir='ltr'><strong>superﬂuum</strong></span> <span class='ocrx_word' id='word_1_844' title='bbox 3757 5351 3864 5424; x_wconf 75' lang='lat' dir='ltr'><strong>erit</strong></span> 
     </span>
    </p>
   </div>
   <div class='ocr_carea' id='block_1_117' title="bbox 2295 5419 3862 5489">
    <p class='ocr_par' dir='ltr' id='par_1_117' title="bbox 2295 5419 3862 5489">
     <span class='ocr_line' id='line_1_117' title="bbox 2295 5419 3862 5489; baseline -0.004 -10"><span class='ocrx_word' id='word_1_845' title='bbox 2295 5419 2384 5489; x_wconf 79' lang='grc' dir='ltr'><strong>τὰ,</strong></span> <span class='ocrx_word' id='word_1_846' title='bbox 2404 5441 2525 5477; x_wconf 89' lang='lat' dir='ltr'><strong>cum</strong></span> <span class='ocrx_word' id='word_1_847' title='bbox 2549 5423 2777 5477; x_wconf 78' lang='lat' dir='ltr'><strong>sufﬁciat</strong></span> <span class='ocrx_word' id='word_1_848' title='bbox 2791 5419 2877 5477; x_wconf 60' lang='lat' dir='ltr'><strong>dii</strong></span> <span class='ocrx_word' id='word_1_849' title='bbox 2886 5426 2989 5478; x_wconf 86' lang='lat' dir='ltr'><strong>isse</strong></span> <span class='ocrx_word' id='word_1_850' title='bbox 3011 5419 3234 5477; x_wconf 75' lang='grc' dir='ltr'>τοιαῦτα</span> <span class='ocrx_word' id='word_1_851' title='bbox 3250 5424 3305 5476; x_wconf 80' lang='grc' dir='ltr'>δὲ</span> <span class='ocrx_word' id='word_1_852' title='bbox 3323 5423 3502 5484; x_wconf 78' lang='grc' dir='ltr'>αὐτοῖς</span> <span class='ocrx_word' id='word_1_853' title='bbox 3525 5421 3665 5475; x_wconf 85' lang='grc' dir='ltr'>κατὰ</span> <span class='ocrx_word' id='word_1_854' title='bbox 3683 5419 3862 5472; x_wconf 89' lang='grc' dir='ltr'>τούτου</span> 
     </span>
    </p>
   </div>
   <div class='ocr_carea' id='block_1_118' title="bbox 2295 5491 3861 5565">
    <p class='ocr_par' dir='ltr' id='par_1_118' title="bbox 2295 5491 3861 5565">
     <span class='ocr_line' id='line_1_118' title="bbox 2295 5491 3861 5565; baseline -0.004 -17"><span class='ocrx_word' id='word_1_855' title='bbox 2295 5496 2577 5565; x_wconf 81' lang='grc' dir='ltr'>τολμᾶται.</span> <span class='ocrx_word' id='word_1_856' title='bbox 2625 5495 2788 5565; x_wconf 82' lang='lat' dir='ltr'><strong>l’aulo</strong></span> <span class='ocrx_word' id='word_1_857' title='bbox 2830 5504 2956 5546; x_wconf 88' lang='lat' dir='ltr'><strong>ante</strong></span> <span class='ocrx_word' id='word_1_858' title='bbox 3000 5494 3161 5546; x_wconf 89' lang='lat' dir='ltr'><strong>iidem</strong></span> <span class='ocrx_word' id='word_1_859' title='bbox 3203 5496 3419 5548; x_wconf 89' lang='lat' dir='ltr'><strong>codices</strong></span> <span class='ocrx_word' id='word_1_860' title='bbox 3452 5491 3768 5565; x_wconf 54' lang='lat' dir='ltr'><strong>Mazualed.</strong></span> <span class='ocrx_word' id='word_1_861' title='bbox 3801 5497 3861 5541; x_wconf 87' lang='lat' dir='ltr'><strong>ac</strong></span> 
     </span>
    </p>
   </div>
   <div class='ocr_carea' id='block_1_119' title="bbox 2294 5561 3856 5633">
    <p class='ocr_par' dir='ltr' id='par_1_119' title="bbox 2294 5561 3856 5633">
     <span class='ocr_line' id='line_1_119' title="bbox 2294 5561 3856 5633; baseline -0.008 -13"><span class='ocrx_word' id='word_1_862' title='bbox 2294 5561 2426 5620; x_wconf 63' lang='lat' dir='ltr'><strong>Fului.</strong></span> <span class='ocrx_word' id='word_1_863' title='bbox 2441 5581 2556 5630; x_wconf 84' lang='lat' dir='ltr'><strong>,pro</strong></span> <span class='ocrx_word' id='word_1_864' title='bbox 2568 5563 2941 5633; x_wconf 82' lang='grc' dir='ltr'>ἐγκεχείριστο</span> <span class='ocrx_word' id='word_1_865' title='bbox 2956 5565 3214 5633; x_wconf 81' lang='lat' dir='ltr'><strong>scriptum</strong></span> <span class='ocrx_word' id='word_1_866' title='bbox 3232 5565 3433 5617; x_wconf 87' lang='lat' dir='ltr'><strong>habent</strong></span> <span class='ocrx_word' id='word_1_867' title='bbox 3448 5561 3856 5633; x_wconf 68' lang='grc' dir='ltr'>ἐγκεχείρισταξ.</span> 
     </span>
    </p>
   </div>
   <div class='ocr_carea' id='block_1_120' title="bbox 2366 5625 3860 5709">
    <p class='ocr_par' dir='ltr' id='par_1_120' title="bbox 2366 5625 3860 5709">
     <span class='ocr_line' id='line_1_120' title="bbox 2366 5625 3860 5709; baseline -0.009 -19"><span class='ocrx_word' id='word_1_868' title='bbox 2366 5625 2475 5702; x_wconf 72' lang='grc'><strong>(92)</strong></span> <span class='ocrx_word' id='word_1_869' title='bbox 2493 5635 2544 5685; x_wconf 90' lang='grc' dir='ltr'><strong><em>Ὁ</em></strong></span> <span class='ocrx_word' id='word_1_870' title='bbox 2559 5625 2939 5709; x_wconf 57' lang='grc' dir='ltr'>Ἡγήσιππος</span> <span class='ocrx_word' id='word_1_871' title='bbox 2953 5632 3056 5709; x_wconf 56' lang='grc' dir='ltr'>ἐπέ</span> <span class='ocrx_word' id='word_1_872' title='bbox 3069 5625 3193 5709; x_wconf 38' lang='grc' dir='ltr'>’τῆ-ς</span> <span class='ocrx_word' id='word_1_873' title='bbox 3210 5633 3443 5709; x_wconf 80' lang='grc' dir='ltr'>πρώτης</span> <span class='ocrx_word' id='word_1_874' title='bbox 3470 5625 3860 5709; x_wconf 43' lang='lat' dir='ltr'><strong>{animum</strong></span> 
     </span>
    </p>
   </div>
   <div class='ocr_carea' id='block_1_121' title="bbox 2292 5702 3854 5774">
    <p class='ocr_par' dir='ltr' id='par_1_121' title="bbox 2292 5702 3854 5774">
     <span class='ocr_line' id='line_1_121' title="bbox 2292 5702 3854 5774; baseline -0.004 -15"><span class='ocrx_word' id='word_1_875' title='bbox 2292 5709 2418 5759; x_wconf 77' lang='grc' dir='ltr'><strong>λων</strong></span> <span class='ocrx_word' id='word_1_876' title='bbox 2455 5706 2770 5774; x_wconf 71' lang='grc' dir='ltr'>γενόμενος</span> <span class='ocrx_word' id='word_1_877' title='bbox 2811 5702 3113 5772; x_wconf 78' lang='grc' dir='ltr'>διαδοχῆς.</span> <span class='ocrx_word' id='word_1_878' title='bbox 3147 5704 3372 5758; x_wconf 77' lang='lat' dir='ltr'><strong>Rulinus</strong></span> <span class='ocrx_word' id='word_1_879' title='bbox 3409 5707 3604 5774; x_wconf 70' lang='lat' dir='ltr'><strong>legisse</strong></span> <span class='ocrx_word' id='word_1_880' title='bbox 3638 5702 3854 5774; x_wconf 42' lang='lat' dir='ltr'><strong>vldg&#39;tllr.</strong></span> 
     </span>
    </p>
   </div>
   <div class='ocr_carea' id='block_1_122' title="bbox 2295 5770 3860 5846">
    <p class='ocr_par' dir='ltr' id='par_1_122' title="bbox 2295 5770 3860 5846">
     <span class='ocr_line' id='line_1_122' title="bbox 2295 5770 3860 5846; baseline -0.008 -17"><span class='ocrx_word' id='word_1_881' title='bbox 2295 5770 2473 5846; x_wconf 74' lang='grc' dir='ltr'>ἐπὶ</span> <span class='ocrx_word' id='word_1_882' title='bbox 2519 5770 2706 5846; x_wconf 83' lang='grc' dir='ltr'>πρώτῃ</span> <span class='ocrx_word' id='word_1_883' title='bbox 2751 5770 3108 5846; x_wconf 23' lang='grc' dir='ltr'>διαδοχῇζίὸἰο</span> <span class='ocrx_word' id='word_1_884' title='bbox 3135 5774 3277 5826; x_wconf 89' lang='lat' dir='ltr'><strong>enim</strong></span> <span class='ocrx_word' id='word_1_885' title='bbox 3311 5770 3513 5846; x_wconf 61' lang='lat' dir='ltr'><strong>vertit;</strong></span> <span class='ocrx_word' id='word_1_886' title='bbox 3551 5770 3860 5840; x_wconf 68' lang='lat' dir='ltr'><strong>Hegesippus</strong></span> 
     </span>
    </p>
   </div>
   <div class='ocr_carea' id='block_1_123' title="bbox 2293 5843 3858 5915">
    <p class='ocr_par' dir='ltr' id='par_1_123' title="bbox 2293 5843 3858 5915">
     <span class='ocr_line' id='line_1_123' title="bbox 2293 5843 3858 5915; baseline -0.01 -14"><span class='ocrx_word' id='word_1_887' title='bbox 2293 5843 2404 5914; x_wconf 57' lang='lat' dir='ltr'><strong>qui”</strong></span> <span class='ocrx_word' id='word_1_888' title='bbox 2433 5843 2575 5915; x_wconf 53' lang='grc' dir='ltr'><strong>ρων</strong></span> <span class='ocrx_word' id='word_1_889' title='bbox 2604 5843 2762 5913; x_wconf 44' lang='lat' dir='ltr'><strong>quas.</strong></span> <span class='ocrx_word' id='word_1_890' title='bbox 2790 5855 2967 5898; x_wconf 75' lang='lat' dir='ltr'><strong>statim</strong></span> <span class='ocrx_word' id='word_1_891' title='bbox 3020 5843 3216 5914; x_wconf 70' lang='lat' dir='ltr'><strong>prima;</strong></span> <span class='ocrx_word' id='word_1_892' title='bbox 3253 5845 3613 5913; x_wconf 82' lang='lat' dir='ltr'><strong>apostolorum</strong></span> <span class='ocrx_word' id='word_1_893' title='bbox 3665 5849 3858 5894; x_wconf 57' lang='lat' dir='ltr'><strong>suae»</strong></span> 
     </span>
    </p>
   </div>
  </div>
