4140 6430
653 368 750 423 199

1385 369 1652 426 EUSEBII
1690 369 2168 426 C/ESARIENSIS
2207 367 2357 425 OPP.
2400 369 2579 424 PARS
2618 369 2654 422 I.
2700 401 2771 409 —
2808 370 3199 426 HISTORICA.

3771 381 3863 439 2’0

649 486 887 543 nonnulli
912 501 1097 541 eormn
1130 483 1314 541 Jesum
1353 502 1540 541 revera
1573 489 1847 543 Christum
1875 501 1997 543 esse
2024 486 2192 542 credi-

2311 484 2496 538 τοῦτον
2538 482 2678 539 εἶναι
2708 487 2798 540 τὸν
2844 488 3089 558 Σωτῆρα.
3139 487 3228 554 Ἐξ
3270 478 3344 540 ὧν
3373 505 3516 552 τινες
3543 489 3864 552 ἐπίστευσαν»

648 582 863 636 derunt.
907 579 1081 650 Supra
1109 579 1328 648 scriptae
1357 596 1486 635 vero
1517 589 1676 636 secta:
1706 596 1808 637 nec
1852 580 2210 636 resurrectio-

647 686 794 737 nem,
828 685 926 726 nec
972 671 1213 725 futurum
1248 672 1460 727 'Christi
1494 673 1782 727 adventum
1815 681 1874 727 ut
1917 671 2212 741 unicuique

643 777 742 832 pro
776 761 983 816 meritis
1009 763 1308 816 mercedem
1336 764 1563 831 tribuat,
1587 754 1906 818 credebant.
1936 763 2210 832 Quotquot

643 870 774 909 vero
809 869 873 909 ex
902 855 968 909 iis
998 855 1370 920 crediderunt,
1406 853 1589 910 Jacobi
1620 871 1780 926 opera
1812 871 1875 909 ac
1906 857 2210 910 ministerio

644 948 829 1017 utique
868 946 1233 1002 crediderunt.
1258 945 1391 1002 Cum
1424 963 1554 1018 ergo
1597 948 1750 1002 multi
1782 962 1848 1002 ex
1891 948 2020 1016 ipsis
2047 949 2209 1004 etiam

641 1041 971 1110 primoribus
1011 1040 1322 1105 crederent,
1360 1040 1677 1094 tumultuari
1725 1052 2008 1112 coeperunt
2036 1041 2208 1096 Judaei

641 1142 695 1188 et
731 1134 926 1188 scribre
977 1147 1039 1187 ac
1081 1132 1382 1188 Pharisaei:
1417 1146 1482 1187 eo
1517 1133 1628 1202 jam
1673 1144 1893 1188 ventum
1929 1150 2050 1190 esse
2099 1135 2210 1190 cla-

641 1234 869 1289 mantes,
903 1234 960 1277 ut
989 1238 1154 1293 prope
1180 1224 1357 1278 omnis
1391 1224 1619 1294 p0pulus
1653 1223 1835 1279 Jesum
1870 1226 2024 1294 quasi
2050 1225 2209 1280 Chri-

639 1327 785 1371 Stum
819 1325 1188 1386 exspectaret.
1237 1315 1471 1372 Proinde
1505 1318 1557 1370 iu
1593 1333 1754 1370 unum
1783 1318 2090 1388 congregati
2120 1315 2209 1370 Ja-

641 1407 836 1461 cohum
867 1408 1086 1469 adeunt,
1108 1407 1299 1475 hisque
1323 1421 1444 1461 eum
1468 1405 1652 1460 verbis
1674 1406 1997 1476 compellant
2027 1424 2039 1458 :
2075 1405 2208 1458 lior-

639 1509 818 1553 tamur
847 1510 920 1564 te,
952 1500 1226 1568 inquiunt,
1268 1510 1325 1552 ut
1355 1499 1536 1568 populi
1579 1513 1819 1555 errorem
1854 1499 2204 1568 comprimas,

637 1593 729 1661 qui
763 1593 952 1647 falsam
977 1595 1042 1646 de
1057 1591 1182 1647 Jesu
1213 1591 1520 1660 Opinionem
1547 1590 1785 1657 imbibit,
1809 1592 2032 1660 perinde
2053 1592 2203 1661 quasi

637 1683 885 1738 Christus
915 1693 1078 1739 esset.
1131 1684 1403 1740 Persuade
1446 1684 1609 1754 igitur
1652 1684 1905 1739 omnibus
1932 1684 2023 1755 qui
2064 1683 2205 1740 festo

636 1771 858 1828 Paschre
890 1775 974 1829 die
1005 1776 1110 1830 huc
1145 1776 1489 1842 conveniunt,
1531 1785 1589 1830 ut
1635 1777 1700 1831 de
1723 1775 1850 1831 Jesu
1886 1787 2033 1833 recte
2082 1791 2208 1832 sen-

2317 581 2398 634 ὅτι
2439 579 2642 652 Ἰησοῦς
2669 582 2814 634 ἐστιν
2839 581 2867 632 6
2900 581 3151 652 Χριστός.
3187 582 3250 633 Αἱ
3278 580 3333 633 δὲ
3353 581 3591 652 αἱρέσεις
3619 585 3672 636 αἱ
3700 601 3867 657 προει-

2321 670 2573 743 ρημέναι,
2608 670 2708 723 οὐκ
2749 670 3031 724 ἐπίστευον
3059 670 3183 725 οὔτε
3205 671 3499 726 ἀνάστασιν
3527 673 3622 744 (1-),
3653 674 3768 730 οὕτε
3791 683 3865 749 ὲρ-

2317 764 2542 837 χύμενον
2591 763 2879 817 ἀποδοῦναι
2929 765 3142 835 ἑκάστῳ
3201 765 3340 818 κατὰ
3389 764 3456 819 τὰ
3514 765 3646 837 ἔργα
3699 769 3866 830 αὑτοῦ.

2319 855 2469 908 Ὅσοι
2502 852 2676 906 δὲκαὶ
2715 853 3069 918 ἐπίστευσαν,
3120 854 3207 908 διὰ
3255 855 3508 909 Ἰάκωϐον
3543 857 3636 927 (2).
3673 859 3868 916 Πολλῶν

2315 941 2407 998 οὖν
2439 946 2532 999 καὶ
2568 945 2676 997 τῶν
2703 945 2975 1015 ἀρχόντων
3009 945 3390 1009 πιστευόντων,
3431 942 3500 1018 ἦν
3533 947 3752 1019 θόρυϐος
3776 953 3869 1010 τῶν

2327 1037 2593 1090 Ἰουδαίων
2621 1036 2714 1090 καὶ
2738 1035 3112 1107 γραμματέων
3141 1036 3234 1090 καὶ
3263 1039 3572 1107 Φαρισαίων
3604 1039 3870 1111 λεγόντων,

2313 1130 2394 1183 ὅτι
2425 1129 2723 1183 κινδυνεύει
2749 1131 2857 1192 πᾶς
2886 1131 2914 1182 ὁ
2945 1129 3072 1193 λαὸς
3112 1130 3315 1200 Ἰησοῦν
3343 1130 3434 1183 τὸν
3464 1131 3694 1201 Χριστὸν
3717 1151 3868 1204 προσ.

2312 1222 2494 1292 δοκᾷν.
2530 1216 2754 1290 Ἔλεγον
2785 1217 2878 1274 οὖν
2909 1220 3250 1284 συνελθόντες
3279 1221 3356 1291 τῷ
3393 1221 3630 1294 Ἰακώϐῳ
3653 1241 3666 1253 ⁸
3703 1225 3869 1296 Παρα-

2313 1314 2477 1368 καλοῦ
2487 1314 2583 1384 μέν
2607 1331 2686 1377 σε,
2712 1313 2932 1384 ἐπίσχες
2954 1312 3043 1366 τὸν
3064 1313 3191 1366 λαὸν
3221 1314 3340 1366 ἐπεὶ
3367 1314 3645 1387 ἐπλανήθη
3677 1319 3751 1382 εἰς
3777 1319 3869 1391 Ἰη.

2315 1404 2460 1470 σοῦν,
2489 1406 2563 1470 ὼς
2595 1405 2756 1459 αὐτοῦ
2791 1407 2940 1470 ὄντος
2968 1406 3061 1460 τοῦ
3088 1406 3341 1478 Χριστοῦ.
3371 1407 3794 1479 Παρακαλοῦμέν
3817 1429 3870 1465 σε

2313 1502 2496 1551 πεῖσαι
2547 1499 2750 1562 πάντας
2801 1500 2926 1561 τοὺς
2965 1499 3219 1562 ἐλθόντας
3260 1501 3339 1562 εἰς
3389 1499 3491 1571 τὴν
3539 1500 3743 1571 ἡμέραν
3785 1502 3868 1556 τοῦ

2312 1592 2504 1662 Πάσχα
2525 1593 2650 1662 περὶ
2678 1592 2872 1662 Ἰησοῦ.
2892 1593 2980 1644 Σοὶ
3004 1593 3110 1665 γὰρ
3137 1592 3335 1656 πάντες
3357 1592 3676 1663 πειθόμεθα.
3695 1595 3870 1665 Ἡμεῖς

2309 1684 2416 1755 γὰρ
2453 1682 2832 1755 μαρτυροῦμεν
2872 1701 2951 1737 σοι
2981 1685 3072 1736 καὶ
3107 1686 3213 1747 πᾶς
3248 1687 3275 1736 6
3300 1683 3445 1749 λαός,
3481 1685 3560 1736 ὅτι
3587 1683 3780 1748 δίκαιος
3807 1683 3868 1750 εἴ,

2310 1777 2403 1829 καὶ
2434 1777 2514 1830 ὅτι
2541 1777 2827 1848 πρόσωπον
2864 1779 2922 1830 οὐ
2969 1776 3280 1848 λαμϐάνεις.
3323 1779 3514 1830 Πεῖσον
3548 1772 3639 1832 οὗν
3679 1780 3738 1832 σὺ
3787 1780 3869 1833 τὸν

637 1863 792 1917 tiant.
847 1864 964 1917 Tibi
1018 1865 1162 1918 enim
1215 1880 1402 1920 omnes
1457 1865 1617 1920 fidem
1656 1867 1941 1932 habemus,
1984 1874 2192 1923 etcum

2309 1865 2463 1935 ὄχλον
2489 1867 2614 1937 περὶ
2642 1866 2815 1937 Ἰησοῦ
2847 1866 2920 1938 μὴ
2952 1867 3269 1921 πλανᾶσθαι.
3301 1868 3409 1920 Καὶ
3434 1867 3544 1940 γὰρ
3572 1870 3676 1932 πᾶς
3706 1869 3731 1920 6
3755 1869 3869 1933 λαὸς

635 1956 890 2011 universo
919 1958 1114 2028 populo
1165 1959 1267 2014 hoc
1307 1959 1398 2013 tibi
1439 1959 1804 2013 testimonium
1840 1959 2203 2028 perhibemus,

627 2047 987 2119 justissimum
1024 2060 1073 2105 te
1108 2050 1284 2104 virum
1312 2065 1459 2116 esse,
1497 2066 1598 2106 nec
1636 2051 1800 2105 ullum
1829 2053 1969 2120 apud
2002 2060 2052 2106 te
2081 2065 2205 2120 per-

633 2155 891 2197 sonarum
927 2143 1216 2196 discrimen
1253 2143 1453 2200 valere.
1482 2143 1718 2198 Proinde
1758 2142 1898 2212 plebi
1939 2144 2204 2213 persuade

632 2249 702 2288 ne
728 2235 869 2288 circa
898 2233 1080 2288 Jesum
1115 2234 1370 2302 deinceps
1397 2235 1632 2289 aberret.
1682 2232 1813 2288 Nam
1839 2243 1894 2288 et
1919 2236 2203 2291 universus

631 2324 880 2396 populus‘.
897 2336 952 2379 et
971 2340 1068 2379 nos
1089 2325 1318 2380 libenter
1341 2325 1436 2380 tibi
1461 2325 1928 2394 obtemperantes.
1953 2327 2203 2383 Ascende

630 2417 796 2486 igitur
822 2418 872 2470 iu
903 2417 1177 2488 fastigium
1198 2417 1403 2486 templi,
1424 2425 1482 2471 ut
1505 2417 1557 2471 in
1581 2416 1795 2471 sublimi
1826 2417 1945 2473 loco
1973 2419 2198 2486 positus,

629 2507 700 2562 ab
761 2509 1012 2564 omnibus
1071 2509 1311 2579 conspici
1364 2519 1418 2563 et
1495 2509 1737 2564 exaudiri
1799 2508 1957 2564 facile
2001 2511 2196 2576 possis.

626 2597 762 2654 Nam
791 2599 1061 2670 paschalis
1103 2600 1465 2654 solemnitatis
1513 2602 1714 2671 gratia,
1742 2610 1950 2654 cunctm
1987 2599 2200 2656 Judteo-

627 2709 745 2747 rum
785 2693 957 2748 tribus
995 2702 1048 2746 et
1070 2707 1134 2746 ex
1168 2693 1418 2762 gentibus
1450 2708 1556 2746 non
1599 2693 1754 2761 pauci
1788 2693 1894 2746 huc
1927 2707 2198 2747 convene-

627 2793 772 2838 runt.
832 2783 1081 2840 Posthmc
1113 2783 1410 2853 supradicti
1444 2783 1634 2838 scriba:
1678 2792 1733 2837 et
1775 2782 2028 2838 Pharisaei
2071 2798 2196 2838 cum

623 2875 884 2930 Jacobum
942 2876 994 2929 in
1039 2875 1260 2943 fastigio
1295 2875 1473 2946 templi
1519 2875 1905 2942 collocassent,
1940 2886 2196 2932 contenta

624 2981 755 3022 voce
786 2967 864 3022 sic
896 2981 1016 3021 eum
1060 2966 1258 3036 alloqui
1314 2975 1638 3036 coeperunt:
1673 2967 1718 3023 Ο
1763 2967 1916 3021 Juste
1959 2967 2050 3022 cui
2095 2981 2196 3022 nos

623 3075 812 3115 omnes
845 3061 1002 3114 tidem
1027 3060 1286 3114 adhibere
1316 3075 1416 3129 par
1440 3069 1543 3124 est,
1565 3059 1999 3128 quandoquidem
2023 3073 2196 3130 popu-

622 3150 708 3206 lus
738 3151 916 3205 omnis
958 3159 1124 3212 errat.
1177 3147 1362 3205 Jesum
1411 3158 1628 3204 sectans
1686 3148 2025 3212 crucifixum,
2059 3149 2201 3222 doce

622 3257 722 3298 nos
753 3244 896 3311 quod
925 3242 994 3295 sit
1023 3240 1218 3296 ostium
1252 3239 1377 3295 Jesu
1412 3239 1586 3295 suﬂixi
1621 3240 1792 3294 cruci.
1840 3240 1991 3295 Tunc
2027 3239 2188 3296 Jaco-
2218 3215 2260 3270 θ’

621 3335 722 3390 bus
768 3335 912 3389 edita
955 3349 1084 3389 voce
1133 3334 1199 3388 iis
1254 3334 1569 3403 respondit:
1611 3353 1631 3385 ι
1667 3333 1804 3400 Quid
1836 3348 1941 3401 me,
1988 3333 2183 3403 inquit,

619 3459 703 3504 est
724 3449 1071 3516 introductio,
1099 3463 1192 3504 seu
1221 3448 1490 3502 institutio
1513 3455 1675 3518 atque
1698 3447 1949 3502 initiatio.
1975 3445 2182 3504 Ostium

623 3520 790 3588 igitur
817 3519 1015 3572 Christi
1068 3519 1200 3572 nihil
1233 3529 1314 3572 est
1347 3518 1490 3571 aliud
1533 3532 1694 3587 quam
1748 3519 1880 3572 fides
1915 3518 1992 3588 ini
2015 3519 2180 3583 Deum

620 3587 833 3643 Patrem
865 3599 918 3641 et
949 3589 1004 3642 in
1039 3589 1233 3642 Filium
1263 3603 1326 3642 ac
1372 3588 1630 3657 Spiritum
1671 3597 1940 3645 sanctum.
1973 3587 2048 3641 De
2083 3589 2184 3644 hoc

618 3660 758 3713 ostio
798 3658 996 3712 dicitur
1029 3660 1082 3713 in
1114 3658 1379 3713 Psalmis:
1413 3656 1544 3712 Ηωσ
1578 3667 1650 3711 est
1686 3666 1839 3726 porta
1886 3657 2096 3712 Domini
2134 3669 2181 3714 et

613 3728 746 3799 justi
782 3731 1047 3782 intrabunt
1083 3745 1173 3798 per
1197 3745 1334 3790 eam,
1365 3737 1425 3783 ut
1457 3727 1968 3799 explicat_Clemeu§
1995 3729 2048 3782 in
2089 3729 2181 3782 lib.

620 3796 672 3852 vi
700 3796 1107 3867 Στρωματέων.
1134 3799 1196 3852 Ει
1221 3799 1420 3852 ostium
1444 3799 1658 3867 quidem
1681 3796 1906 3852 Joannis
1935 3797 2187 3868 Baptista:

619 3876 735 3922 erat
773 3871 1122 3936 pomi-tentia;
1174 3868 1374 3923 Christi
1419 3884 1549 3923 vero
1581 3871 1780 3922 ostium
1821 3875 1903 3922 est
1945 3869 2190 3924 remissio

619 3949 958 4010 peccatorum
995 3955 1114 4006 qua:
1149 3938 1206 3992 tit
1241 3955 1335 4008 per
1370 3939 1716 4010 baptismum.

689 4009 766 4079 (1.)
805 4011 926 4062 Dim
971 4005 1292 4063 ἐπίστευόν
1322 4005 1460 4063 οὔτέ
1507 4009 1866 4063 ἀνάστασιν.
1904 4005 2038 4061 Male
2081 4008 2190 4062 Ru-

620 4078 779 4141 finus,
811 4095 1041 4149 euiuque
1072 4089 1291 4134 secutus
1318 4080 1864 4149 ChristOphorsonus,
1892 4079 2052 4149 vertit
2085 4096 2188 4133 non

617 4146 971 4220 crediderunt,
997 4151 1145 4217 quasi
1175 4151 1442 4220 legeretur
1475 4146 1574 4202 οὐκ
1611 4148 1956 4220 ἐπίστευσαν.
2002 4146 2186 4220 [mage

616 4219 809 4272 melius
847 4216 1117 4274 Masculus
1167 4216 1329 4274 vertit
1379 4236 1482 4272 non
1525 4221 1764 4272 credunt.
1814 4218 1946 4271 Nam
1993 4216 2180 4272 Graeca

617 4302 722 4342 vox
766 4289 905 4341 hanc
938 4290 1100 4342 habet
1133 4290 1607 4359 significationem.
1634 4288 1851 4342 Falsum
1893 4297 2183 4359 taineuest

616 4371 708 4412 eas
752 4367 929 4412 sectas
988 4375 1093 4412 non
1146 4357 1443 4413 credidisse
1504 4359 1984 4413 resurrectionem.
2049 4357 2182 4412 Nam

615 4427 868 4481 Pharisa-i
901 4443 1018 4482 eam
1059 4429 1372 4482 credebant.

709 4500 761 4567 '2)
800 4499 961 4552 Ὅσοι
982 4498 1050 4551 δὲ
1089 4499 1186 4551 καὶ
1208 4499 1596 4562 ἐπίστευσαν,
1627 4496 1721 4550 διὰ
1756 4495 2036 4550 Ἰάκωϐον.
2068 4496 2179 4550 Vox

2307 1957 2400 2010 καὶ
2430 1957 2626 2021 πάντες
2655 1957 2953 2029 πειθόμεθα
2987 1976 3087 2011 σοι.
3132 1958 3294 2028 Στῆθι
3322 1954 3414 2011 οὖν
3447 1961 3538 2015 ἐπὶ
3585 1959 3643 2012 τὸ
3682 1962 3867 2033 πτερύ-

2305 2066 2420 2118 γιον
2453 2048 2545 2102 τοῦ
2575 2049 2742 2120 ἱεροῦ,
2773 2049 2859 2102 ἵνα
2891 2048 3095 2103 ἄνωθεν
3126 2043 3192 2123 ᾖς
3226 2050 3524 2120 ἐπιφανὴς,
3557 2050 3648 2103 καὶ
3749 2050 3866 2103 stici-

2306 2139 2514 2194 κουστά
2557 2157 2648 2195 σου
2698 2140 2766 2195 τά
2812 2142 3033 2213 ῥήματα
3075 2141 3236 2208 παντὶ
3279 2140 3356 2211 τῷ
3385 2141 3519 2212 λαῷ.
3557 2141 3651 2194 Διά
3681 2143 3783 2214 γὰρ
3813 2142 3866 2196 τὸ

2309 2233 2502 2304 Πάσχα
2532 2233 2918 2304 συνεληλύθασι
2944 2234 3110 2286 πᾶσαι
3154 2234 3209 2287 αἱ
3244 2233 3405 2302 φυλαὶ
3462 2232 3600 2304 μετὰ
3635 2235 3724 2286 καὶ
3767 2234 3866 2288 τῶν

2302 2325 2587 2398 ἐθνῶν
2622 2327 2894 2397 Ἐστησαν
2921 2323 3012 2380 οὖν
3045 2327 3094 2379 oi
3123 2326 3509 2398 προειρημένοι
3537 2330 3864 2398 γραμματεῖς

2301 2419 2394 2473 καὶ
2420 2421 2695 2490 Φαρισαῖοι
2721 2418 2812 2471 τὸν
2841 2418 3091 2472 Ἰάκωὸον
3110 2420 3199 2472 ἐπὶ
3223 2419 3281 2471 τὸ
3306 2419 3596 2490 πτερύγιον
3616 2419 3704 2472 τοῦ
3725 2419 3861 2484 ναοῦ,

2300 2508 2394 2562 καὶ
2419 2508 2653 2580 ἔκραξαν
2676 2506 2821 2578 αὐτῷ
2847 2509 2940 2560 καὶ
2972 2503 3122 2560 εἶπον
3140 2524 3154 2537 ·
3173 2507 3374 2569 Δίκαιε,
3407 2502 3451 2574 ᾧ
3480 2508 3678 2569 πάντες
3698 2505 3863 2559 πείθε-

2301 2600 2423 2653 σθαι
2451 2601 2768 2671 ὀφείλομεν,
2800 2601 2920 2652 ἐπεὶ
2957 2603 2984 2654 6
3012 2600 3135 2663 λαὸς
3170 2601 3438 2654 πλανᾶται
3479 2601 3651 2654 ὀπίσω
3703 2597 3860 2669 Ἰησοῦ

2297 2689 2390 2742 τοῦ
2427 2691 2852 2762 σταυρωθέντος,
2889 2691 3216 2760 ἀπάγγειλον
3251 2692 3379 2761 ἡμῖν
3421 2691 3508 2755 τίς
3545 2693 3577 2762 ἡ
3609 2691 3741 2762 θύρα
3776 2687 3860 2742 τοῦ

2311 2782 2484 2851 Ἰησοῦ
2510 2783 2601 2835 τοῦ
2635 2783 3054 2854 σταυρωθέντος.
3087 2783 3196 2836 Καὶ
3236 2783 3572 2854 ἀπεκρίνατο
3599 2785 3742 2853 φωνῇ
3774 2797 3860 2851 με·

2295 2874 2437 2945 γὰλῃ
2455 2891 2468 2904 ·
2505 2875 2568 2927 Τί
2593 2892 2658 2945 με
2680 2876 2988 2945 ὲπερωτᾶτε
3014 2875 3141 2947 περὶ
3175 2873 3348 2945 Ἰησοῦ
3376 2874 3469 2928 τοῦ
3503 2875 3632 2927 Υἱοῢ
3659 2872 3746 2927 τοῦ
3775 2874 3860 2925 άν-

2297 2965 2548 3036 θρώπου;
2584 2967 2677 3019 καὶ
2705 2967 2864 3030 αὐτὸς
2887 2966 3117 3036 κάθηται
3148 2967 3205 3019 ἐν
3231 2966 3307 3037 τῷ
3337 2967 3396 3019 οὐ
3407 2965 3556 3037 ρανῷ
3601 2968 3663 3019 ὲκ
3688 2963 3861 3029 δεξιῶν

2294 3057 2392 3126 τῆς
2423 3056 2664 3128 μεγάλης
2688 3058 2984 3129 δυνάμεως,
3004 3059 3096 3110 καὶ
3125 3057 3304 3128 μέλλει
3333 3057 3591 3128 ἔρχεσθαι
3648 3057 3734 3110 ἐπὶ
3763 3055 3860 3108 τῶν

2294 3150 2530 3220 νεφελῶν
2558 3149 2650 3203 τοῦ
2677 3150 2924 3222 ούρανοῦ.
2949 3151 3057 3203 Καὶ
3087 3150 3294 3204 πολλῶν
3326 3149 3856 3222 πληροφορηθέντων,

2294 3244 2384 3296 καὶ
2415 3242 2743 3309 δοξαζόντων
2775 3244 2958 3314 ἐπικτῇ
2995 3243 3265 3314 μαρτυρίᾳ
3312 3243 3404 3296 τοῦ
3449 3242 3704 3296 Ἰακώόου
3728 3281 3741 3301 ,
3773 3242 3857 3293 καὶ

2292 3333 2554 3402 λεγόντων
2579 3333 2653 3403 (4)
2699 3333 2923 3388 Ὡσαννὰ
2951 3333 3026 3405 (5)
3051 3333 3130 3405 τῷ
3161 3334 3259 3404 υἱῷ
3287 3332 3466 3397 Δαϐιδ,
3501 3333 3620 3386 τότε
3645 3333 3794 3385 πάλιν
3813 3327 3858 3382 οι

2362 3448 2437 3522 (4)
2478 3450 2591 3503 Καὶ
2616 3451 2916 3520 λεγόντων
2965 3452 3222 3506 Ὡσαννὰ
3249 3451 3328 3518 τῷ
3369 3452 3476 3518 υἱῷ
3507 3452 3700 3508 Δαϐίδ.
3735 3451 3855 3522 Sca-

2290 3520 2425 3588 liger
2456 3522 2508 3575 in
2554 3522 3104 3576 Animadversionibus
3148 3523 3459 3576 Eusebianis
3507 3524 3621 3578 hzec
3668 3526 3730 3576 de
3772 3521 3855 3576 Ja-

2288 3592 2427 3662 cobo
2461 3592 2600 3645 dicta
2649 3606 2769 3645 esse
2813 3593 3180 3658 existimavit;
3217 3595 3300 3646 cui
3339 3595 3390 3647 in
3425 3609 3492 3647 eo
3532 3593 3740 3662 quidem
3783 3593 3854 3644 fa-

2288 3661 2390 3734 cile
2420 3662 2712 3734 assentior:
2739 3662 2846 3734 Sed
2872 3665 3013 3734 quod
3048 3673 3208 3733 negat
3253 3665 3390 3719 idem
3435 3664 3683 3734 Scaliger
3711 3662 3855 3716 Jaco-

2291 3731 2418 3802 hum
2468 3731 2634 3784 tilium
2684 3730 2851 3802 David
2889 3730 3004 3786 idici
3057 3730 3329 3802 poiuisse,
3381 3736 3431 3787 in
3483 3730 3853 3801 lioc'graviter

2292 3800 2682 3872 hallucinatur.
2715 3801 2839 3856 Fuit
2882 3803 3024 3857 enim
3059 3800 3299 3857 'Jacobus
3344 3805 3485 3859 lilius
3527 3800 3764 3872 Josephi,
3791 3819 3850 3856 ac

2292 3871 2519 3938 proinde
2545 3873 2806 3927 oriundus
2833 3887 2896 3925 ex
2927 3873 3093 3940 stirpe
3121 3872 3304 3927 David.
3327 3873 3496 3929 Porro
3525 3871 3848 3929 verissimum

2291 3951 2374 4011 est
2399 3943 2544 4010 quod
2575 3944 2646 3995 ait
2683 3942 2944 4008 Scaliger,
2972 3959 3064 3997 eos
3098 3946 3185 4011 qui
3213 3940 3430 3999 Osanna
3461 3944 3844 4005 acclamahant,

2292 4010 2499 4078 palmas
2545 4013 2791 4066 manibus
2821 4023 3032 4081 gestare
3074 4010 3340 4071 debuisse.
3391 4016 3488 4069 Cui
3530 4017 3604 4069 rei
3655 4016 3848 4067 illustre

2288 4081 2594 4153 exemplum
2635 4093 2717 4136 est
2758 4083 2808 4135 in
2838 4081 3125 4153 Itinerario
3158 4082 3646 4153 Hierosolymilano
3685 4085 3844 4136 Auto-

2289 4151 2398 4222 nini
2450 4153 2731 4222 monachi,
2784 4168 2907 4222 pag.
2938 4151 3027 4206 '50.
3068 4151 3142 4207 Ex
3189 4169 3295 4221 quo
3332 4151 3610 4217 disiziiiiiis,
3651 4167 3843 4206 morcnt

2287 4219 2414 4293 olim
2444 4219 2609 4275 fuisse
2653 4219 3108 4293 Christianorum,
3151 4219 3216 4278 ut
3237 4224 3507 4293 episcopis
3536 4241 3599 4280 ac
3633 4224 3846 4292 presby-

2289 4290 2421 4344 teris
2476 4291 2881 4346 advenieutibus
2945 4293 3160 4347 obviam
3227 4290 3582 4362 procedentes
3635 4290 3844 4348 honoris

2289 4373 2484 4420 causa.
2522 4363 2885 4416 acclamarent
2917 4363 3151 4416 Osanna.
3195 4363 3281 4417 Ibi
3328 4375 3573 4418 venerunt
3612 4363 3841 4417 mulieres

2287 4430 2343 4480 in
2369 4445 2639 4484 occursum
2667 4431 2810 4484 nobis
2831 4448 2947 4484 cum
2971 4433 3279 4497 infantibus,
3309 4435 3512 4501 palmas
3540 4437 3590 4486 in
3615 4432 3842 4486 manibus

2290 4508 2539 4570 tenentes,
2565 4511 2609 4553 et
2637 4501 2894 4566 ampullas
2919 4519 3037 4555 cum
3063 4519 3273 4557 rosaceo
3308 4505 3452 4567 oleo;
3495 4517 3543 4557 et
3575 4513 3840 4570 prostrata:

687 4499 761 4608 $2)
800 4499 961 4552 Ὅσοι
982 4499 1050 4551 δὲ
1089 4499 1186 4551 καὶ
1208 4499 1596 4562 ἐπίστευσαν,
1627 4499 1721 4550 διὰ
1756 4499 2036 4550 Ἰάκωϐον.
2068 4499 2179 4550 Vox
2290 4508 2539 4562 tenentes,
2565 4511 2609 4553 et
2637 4501 2894 4566 ampullas
2919 4519 3037 4555 cum
3063 4519 3273 4557 rosaceo
3308 4499 3452 4567 oleo;
3495 4517 3543 4557 et
3575 4513 3838 4570 prostrata:

613 4571 938 4623 ὲπ.στευσαν
967 4572 1156 4643 iterum
1191 4574 1481 4643 repetenda
1517 4579 1600 4643 est
1625 4571 1813 4643 {quod
1854 4567 2061 4643 virgula
2096 4567 2181 4620 illa
2213 4561 2257 4617 D
2283 4568 2497 4643 pedibus
2549 4571 2768 4643 nostris,
2803 4573 3022 4643 plantas
3075 4583 3282 4626 nostras
3328 4573 3621 4643 augebant,
3663 4581 3838 4625 canta-

613 4655 734 4711 quze
775 4643 825 4695 in
864 4635 1438 4711 manuscriptis'etiam
1484 4635 2015 4711 codicih’usuappicta
2060 4647 2179 4700 est,

613 4705 747 4765 satis
773 4711 1035 4765 declarat.
1079 4705 1504 4764 lii—vetustisimo
1534 4709 1720 4763 codice
1761 4705 2030 4760 Mazarin
2063 4717 2184 4776 post

611 4782 935 4834 ἐπίστευσαν
961 4790 1217 4850 punctum
1251 4781 1543 4849 ascriptum
1566 4788 1648 4833 cst
1675 4779 1936 4850 ad‘pedes
1965 4776 2178 4850 litterae,

611 4855 752 4921 quod
790 4847 1005 4920 virgula:
1049 4861 1245 4904 nostra:
1285 4847 1604 4921 respondet,
1645 4859 1698 4903 et
1736 4847 1921 4903 Grzrce
1955 4848 2178 4921 quidem

610 4918 832 4976 vocatur
879 4918 1233 4992 ύποστιγμή,
1284 4937 1313 4974 a
1362 4919 1570 4974 Latinis
1635 4928 1815 4974 autem
1880 4918 2178 4971 subdistin-

609 4994 730 5044 clio.

680 5061 756 5133 (5)
793 5062 952 5116 Μετὰ
984 5061 1079 5133 καὶ
1111 5059 1227 5114 τῶν
1255 5060 1484 5133 ἐθνῶν,
1505 5058 1696 5113 Merito
1725 5056 2056 5133 Scaligerum
2091 5056 2176 5133 hic

609 5129 955 5199 reprehendit
987 5132 1275 5202 Dionysius
1310 5132 1581 5202 Petavius,
1623 5131 1767 5198 quod
1816 5136 2065 5202 negasset
2114 5129 2176 5180 li-

610 5196 787 5273 cuisse
814 5203 905 5256 ulli
937 5196 1413 5273 gentili'iuteresse
1448 5201 1598 5254 festis
1628 5196 2171 5273 diebus_Juda;0rum.

609 5270 740 5324 Nam
783 5269 975 5339 printer
1020 5275 1192 5326 locum
1237 5271 1383 5325 illum
1433 5284 1590 5340 quem
1634 5270 1767 5323 citat
1805 5269 2061 5322 Petavius
2085 5283 2170 5340 _ex

609 5336 894 5410 Evang'elio
923 5343 1143 5397 Joannis
1174 5357 1292 5410 cap.
1318 5358 1391 5396 xu
1410 5380 1424 5404 ,
1450 5336 1702 5409 plurima
1747 5347 2039 5410 suppetunt
2077 5336 2170 5390 Jo-

606 5409 1124 5481 sephi’testimonia,
1159 5429 1190 5466 e
1232 5409 1427 5479 quibus
1460 5411 1740 5475 discimus,
1779 5409 2172 5481 gentilesﬁzy-

608 5477 812 5536 tuorum
844 5483 1167 5537 solemnitati
1215 5477 1410 5550 sinpius
1446 5477 1968 5535 interfuisse—Certe
2007 5477 2172 5533 Vitel-

606 5551 742 5624 lius,
795 5553 998 5620 legatus
1047 5551 1243 5624 Syrite,
1296 5554 1453 5624 l'esto
1483 5551 1703 5624 Paschal
1759 5552 2035 5616 ingressus
2084 5557 2166 5603 est

607 5619 995 5691 Hierosolyma,
1045 5619 1103 5679 ei
1141 5640 1168 5676 a
1201 5621 1399 5677 Judzeis
1447 5621 1742 5675 honoriﬁce
1775 5631 2058 5689 exceptus,
2111 5627 2170 5691 ut

606 5689 797 5762 legitur
845 5689 894 5747 in
950 5695 1043 5748 lib.
1073 5709 1200 5748 xvttt
1240 5693 1516 5762 Originum
1550 5691 1920 5762 Iudaicarum,
1957 5705 2076 5760 cap.

607 5755 745 5838 ldeiu
773 5765 836 5819 de
881 5762 1174 5831 Quadrato,
1223 5755 1396 5834 legale
1439 5762 1644 5832 Syriae,
1686 5761 1740 5817 in
1787 5755 1880 5814 lib.
1909 5775 1980 5814 xx
2027 5755 2168 5816 scri-

606 5838 697 5883 οιι.

2287 4637 2732 4713 ὺιιλιιᾳιιελιιιιθιια
2771 4639 3089 4711 Αῧθῃμτὶιιεα
3143 4637 3421 4710 psallentes
3466 4645 3838 4713 antiplionam:

2284 4725 2302 4757 ι
2333 4707 2604 4782 Benedicti
2633 4707 2730 4762 "vos
2773 4728 2805 4764 a
2850 4707 3104 4776 Uomino,
3143 4707 3556 4782 'benedictusque
3585 4707 3836 4782 adventus

2279 4787 2460 4838 vester,
2488 4778 2697 4832 Osanna
2746 4781 2798 4833 in
2862 4783 3101 4836 excelsis.
3137 4803 3155 4835 ι
3212 4784 3353 4835 Idem
3400 4778 3636 4836 testatur
3680 4781 3831 4835 etiam

2278 4845 2636 4917 Hieronymus
2695 4849 2747 4902 in
2795 4867 2910 4913 cap.
2959 4867 3046 4904 xxi
3099 4853 3338 4906 Matt/nvi
3377 4869 3396 4906 :
3449 4852 3665 4906 Videant
3721 4866 3834 4915 ergo

2276 4918 2503 4991 eiiiscoiii
2534 4931 2589 4991 et
2607 4921 2985 4991 quantumlibet
3014 4925 3181 4974 sancti
3210 4922 3464 4982 homines.
3493 4940 3609 4976 cum
3648 4932 3833 4991 quanto

2275 4988 2507 5058 periculo
2538 4989 2638 5040 dici
2667 4990 2765 5041 ista
2789 4989 2887 5042 sibi
2914 4994 3223 5058 patiantur:
3261 4994 3305 5045 si
3339 4992 3586 5053 Domino,
3621 4988 3700 5044 cui
3729 5003 3832 5042 vere

2275 5057 2372 5108 hoc
2401 5058 2670 5109 dicebatur
2694 5060 2840 5127 (quia
2882 5057 3101 5112 necdum
3158 5074 3269 5114 erat
3311 5063 3483 5116 solida
3524 5061 3829 5116 credentium

2274 5127 2425 5196 ﬁdes)
2474 5143 2566 5193 pro
2611 5128 2820 5180 crimine
2860 5131 3176 5196 impingitur.
3219 5132 3481 5186 Caeterum
3519 5147 3672 5186 voces
3720 5131 3828 5181 illas

2275 5194 2490 5269 Osanna
2521 5196 2631 5263 ﬁlio
2661 5196 2848 5269 David,
2892 5194 3042 5269 quas
3074 5215 3103 5252 a
3139 5202 3460 5269 quihusdam
3507 5201 3700 5256 Judaeis
3745 5214 3830 5269 ac-

2273 5266 2532 5339 clamatas
2559 5277 2681 5319 tunc
2705 5265 2871 5339 fuisse
2894 5265 3024 5321 dicit
3050 5265 3399 5339 l-legesiiipus,
3427 5289 3530 5325 nou
3571 5268 3826 5324 iuuuerito

2271 5337 2395 5409 quis
2414 5337 2680 5390 existimet
2694 5338 2757 5409 de
2776 5336 2986 5392 Christo
3005 5343 3179 5408 potius
3196 5336 3354 5409 quam
3378 5336 3443 5398 de
3462 5343 3656 5395 Jacohu
3678 5339 3825 5409 iutel:

2271 5405 2672 5480 ligioportere.
2702 5405 2832 5460 Nam
2879 5405 3265 5480 cum'Jacobus
3300 5413 3350 5465 iu
3402 5413 3615 5480 fastigio
3651 5405 3822 5475 templi

2270 5476 2493 5544 positus,
2523 5476 2708 5530 Jesqu
2747 5491 2932 5531 revera
2968 5479 3238 5533 Christum
3276 5497 3395 5537 esse
3427 5498 3489 5536 ac
3521 5476 3824 5545 Redempto-

2271 5561 2382 5600 rem
2431 5547 2648 5615 generis
2695 5545 2915 5617 humani
2964 5550 3341 5617 praedicasset,
3390 5552 3558 5607 Judaei
3612 5550 3818 5617 quidam

2267 5617 2469 5688 Christi
2525 5617 2703 5688 [idem~
2729 5616 3142 5688 amplectentes,
3195 5622 3500 5676 acclamare
3549 5616 3823 5688 cmperuut

2267 5686 2484 5767 Osanna
2519 5687 2629 5739 tilio
2677 5685 2878 5751 David,
2930 5687 2982 5742 id
3009 5695 3114 5751 est,
3149 5690 3278 5746 Jesu
3309 5692 3525 5747 Christo
3561 5685 3732 5761 palma
3770 5692 3823 5738 et

2267 5767 2514 5812 VlClOl‘la.

2344 5828 2417 5899 t5)
2467 5825 2742 5882 Ὡσαννά.
2784 5824 2841 5881 lu
2900 5831 3151 5888 omnibus
3188 5836 3391 5888 nostris
3433 5828 3822 5887 exemolaribus
