4140 6430
528 374 635 431 203

1248 368 1524 428 EUSEBII
1563 365 2044 427 CESARIENSIS
2082 363 2235 424 OPP.
2275 362 2461 419 PARS
2499 358 2540 419 1.
2580 395 2649 407 --
2687 361 3085 421 HISTORICA.

3702 360 3811 420 204

524 487 892 547 commendati
948 497 1097 553 sunt,
1148 496 1404 543 contenta
1452 463 1641 544 voce:
1689 486 1946 552 Parcite,
2024 485 2101 536 iu-

2212 480 2417 552 ἀληθὴς
2460 478 2736 544 Ἰουδαίοις
2763 497 2822 534 τε
2849 478 2945 535 καὶ
2970 478 3199 551 Ἕλλησι
3232 471 3546 552 γεγένηται,
3581 477 3665 533 ὅτι
3704 478 3812 549 Ἰη-

521 582 660 653 quit,
696 581 826 651 quid
864 580 1090 635 facitis?
1122 580 1311 635 Justus
1336 588 1460 634 orat
1506 589 1607 646 pro
1652 574 1832 631 vobis.
1876 570 2104 631 Interim

525 691 665 730 unus
699 689 765 729 ex
808 674 877 729 iis
912 673 1065 739 fullo,
1101 683 1322 743 arrepto
1368 672 1513 726 fuste
1557 684 1666 738 quo
1702 678 1882 725 vestes
1916 667 2104 738 espri-

467 780 470 783 '
521 778 671 822 mere
708 763 939 829 solebat,
972 774 1137 834 caput
1163 764 1302 819 .lusti
1330 763 1624 834 percussit.
1649 760 1831 830 Atque
1858 760 1933 816 ita
1965 759 2103 815 felici

521 859 787 931 martyrio
820 859 988 913 vitam
1022 855 1183 911 llniit.
1224 847 1481 926 Sepultus
1525 863 1611 911 est
1643 854 1833 910 eodem
1871 853 1925 907 in
1963 853 2106 915 loco,

521 959 822 1019 manetque
859 950 1034 1005 adhuc
1061 948 1251 1018 cippus
1277 946 1422 1000 illius
1454 959 1624 1014 prope
1678 942 1961 1013 templum.
2008 940 2107 994 llic

520 1039 757 1096 Jacobus
790 1049 901 1093 tum
934 1036 1136 1093 Judaeis
1172 1046 1281 1090 tttm
1324 1037 1533 1091 Graecis
1586 1033 1832 1103 locuples
1881 1031 1983 1085 fuit
2024 1039 2110 1085 te-

520 1137 639 1201 stis,
669 1132 856 1190 Jesnm
897 1147 1024 1187 vere
1048 1146 1089 1188 ι.
1115 1133 1332 1187 tristum
1371 1129 1559 1185 fuisse.
1612 1127 1723 1184 Nec
1781 1126 1950 1182 multo
1983 1133 2109 1195 post

522 1222 735 1283 obsidio
789 1224 1135 1295 Vespasiani,
1187 1233 1241 1278 et
1291 1223 1605 1278 Judarorum
1646 1219 1941 1289 captivitas
1976 1218 2107 1271 sub-

522 1329 709 1375 secuta
742 1329 844 1375 est.
873 1338 892 1371 ι
920 1318 1044 1372 llaec
1080 1317 1416 1389 llegesippus
1438 1330 1663 1385 prorsus
1680 1327 1801 1368 cum
1830 1312 2106 1367 Clemente

527 1411 905 1475 consentiens,
962 1409 1123 1479 paulo
1181 1409 1355 1463 fusius
1409 1406 1613 1460 retulit.
1662 1404 1836 1460 Porro
1869 1401 2105 1459 Iacobus

519 1506 591 1557 ob
620 1501 950 1572 singularem
988 1502 1257 1571 justitiam
1293 1500 1429 1554 adeo
1458 1497 1692 1553 celebris
1740 1497 2105 1581 apttdptnnes

521 1605 577 1649 et
633 1593 972 1649 admirabilis
1026 1593 1146 1659 fuit,
1204 1600 1261 1645 ut
1312 1589 1625 1645 Jttdteorum
1690 1586 2101 1657 prudentissimi

521 1687 663 1742 hanc
696 1685 866 1742 fuisse
896 1700 1120 1740 causam
1151 1682 1583 1738 existimaverunt
1618 1689 1822 1736 secutae.
1850 1695 1975 1734 mox
2003 1678 2103 1733 ob-

523 1776 754 1833 sidionis
804 1775 1331 1847 Hierosolymorum.
1376 1771 1550 1839 Quam
1600 1771 1820 1841 quidem
1881 1786 1988 1826 non
2032 1770 2103 1824 ob

525 1867 673 1923 aliud
699 1867 801 1921 sibi
832 1867 1127 1938 contigisse
1157 1881 1317 1935 quam
1351 1876 1573 1935 prOpter
1621 1863 1800 1919 scelus
1846 1863 1900 1918 in
1948 1861 2104 1917 Jaco-

520 1960 651 2015 bum
687 1957 1005 2034 admissum,
1043 1958 1159 2027 ipse
1195 1957 1359 2012 etiam
1388 1953 1656 2024 Josephus
1676 1955 1885 2025 scripto
1917 1954 2103 2009 testari

526 2049 752 2106 minime
785 2049 1075 2117 dubitavit,
1113 2065 1234 2105 cum
1262 2049 1381 2104 ait:
1416 2070 1433 2101 ι
1464 2046 1592 2103 llaec
1625 2048 1808 2102 omnia
1856 2046 2103 2117 contige—

521 2151 654 2202 runt
715 2140 916 2197 ludatis
972 2152 1193 2212 propter
1251 2140 1513 2197 Jacobum
1562 2138 1821 2202 Iustum,
1876 2138 2102 2193 fratrem

521 2234 649 2289 .lcsu
681 2234 778 2304 qui
829 2232 1033 2288 dicitur
1058 2229 1334 2288 Christus.
1369 2229 1471 2297 Qui
1502 2244 1626 2284 cum
1661 2235 1806 2283 esset
1854 2227 2102 2281 omnium

518 2342 792 2388 consensu
815 2325 1179 2398 iustissimus,
1208 2322 1560 2387 nihilominus
1589 2336 1619 2374 a
1648 2317 1851 2375 Judmis
1880 2328 2104 2374 necatus

518 2420 721 2477 fuerat.
755 2437 775 2470 ι
816 2418 961 2473 Idem
991 2417 1044 2472 in
1076 2415 1335 2472 vicesimo
1363 2412 1765 2483 Antiquitatum
1794 2412 1932 2466 libro
1965 2425 2106 2464 mor-

521 2510 793 2568 temillius
806 2518 1196 2564 commemorat
1213 2507 1297 2561 his
1309 2505 1491 2561 verbis
1512 2523 1526 2561 :
1568 2523 1586 2557 ι
1617 2504 1904 2574 Comperta
1929 2504 2104 2559 morti:

522 2604 671 2661 Festi
724 2604 907 2658 Caesar
964 2600 1220 2655 Albinum
1273 2597 1694 2653 Procuratorem
1755 2597 1809 2651 in
1860 2595 2102 2651 Judmam

524 2698 716 2753 mittit.
747 2696 958 2750 interea
1002 2695 1231 2748 Ananus
1276 2692 1461 2761 junior
1497 2706 1661 2761 quem
1725 2688 2102 2760 pontiﬁcatum

532 2791 815 2862 accepisse
847 2790 956 2859 jam
991 2787 1250 2851 diximus,
1281 2786 1365 2839 vir
1392 2786 1566 2839 audax
1625 2785 1894 2855 imprimis
1922 2798 1985 2839 ac
2020 2793 2102 2839 te-

524 2881 816 2944 merarius,
848 2880 960 2953 66
985 2888 1039 2934 et
1069 2877 1161 2948 qui
1200 2886 1405 2932 sectam
1447 2874 1873 2931 Sadducazorum
1908 2889 2105 2945 seque-

526 2975 707 3039 batur,
748 2989 886 3044 quos
915 2972 1135 3042 quidem
1166 2986 1277 3040 prta
1311 2971 1534 3027 caneris
1567 2967 1771 3027 Iudaeis
1798 2971 1851 3027 in
1880 2969 2102 3039 iudiciis

522 3066 845 3122 exercendis
882 3064 1118 3119 immites
1144 3077 1265 3119 esse
1292 3077 1458 3131 supra
1503 3062 1810 3128 retulimus,
1840 3073 2102 3133 opportu-

2217 573 2344 639 σοῦς
2402 576 2432 628 6
2482 573 2718 646 Χριστός
2778 575 2946 627 ἐστιν.
2980 572 3091 626 Kal.
3153 571 3349 638 εὐθὺς,
3402 570 3816 636 Οὐεσπασιανὸς

2212 669 2493 740 πολιορκεί
2560 667 2758 729 αὐτούς
2839 667 2975 736 (15).
3040 683 3058 717 ι
3125 663 3313 719 Ταῦτα
3403 665 3489 720 διὰ
3571 662 3814 728 πλάτους

2211 761 2421 832 συνῳδὰ
2468 760 2544 832 τῷ
2614 777 2678 830 γε
2746 758 3024 831 Κλήμεντι
3053 758 3150 811 καὶ⁵
3192 757 3222 810 6
3286 758 3648 829 Ἡγήσιππος.
3685 756 3818 816 ,Οὖ-

2208 870 2285 907 τω
2342 854 2403 906 δὲ
2454 852 2563 926 ἄρα
2635 850 2938 923 θαυμάσιός
3011 867 3096 915 τις
3172 847 3273 923 ἦν,
3338 851 3433 906 καὶ
3493 850 3648 923 παρὰ
3701 852 3818 916 τοῖς

2205 943 2385 1006 ἄλλοις
2436 943 2639 997 ἅπασιν
2673 942 2765 994 ἐπὶ
2805 939 3123 1011 δικαιοσύνῃ
3168 939 3396 1012 βεϐόητο
3438 941 3466 994 6
3524 939 3811 1006 Ἰάκωϐος,

2207 1035 2284 1099 ὡς
2340 1036 2436 1089 κα)⁸
2503 1034 2631 1097 τοὺς
2704 1031 2972 1087 Ἰουδαίων
3031 1031 3308 1105 ἔμφρονας
3340 1031 3616 1100 δοξάζειν,
3671 1031 3814 1086 ταύ-

2207 1146 2304 1201 την
2330 1126 2468 1181 εἶναι
2494 1128 2594 1199 τὴν
2618 1126 2797 1181 αἰτίαν
2823 1128 2924 1198 τῆς
2953 1128 3296 1200 παραχρῆμα
3325 1126 3464 1199 μετὰ
3488 1125 3553 1180 τὸ
3589 1124 3809 1199 μαρτύ-

2212 1236 2323 1292 ριον
2357 1218 2522 1272 αὐτοῦ
2550 1218 2865 1290 πολιορκίας
2899 1218 3000 1288 τῆς
3040 1216 3421 1290 Ἰερουσαλὴμ,
3458 1218 3525 1290 ἣν
3558 1217 3624 1272 δι’
3653 1218 3812 1272 οὐδὲν

2206 1313 2392 1385 ἕτερον
2424 1312 2608 1375 αὐτοῖς
2653 1311 3006 1382 συμϐῆναι,ἥ
3040 1311 3127 1365 διὰ
3161 1310 3223 1365 τὸ
3254 1311 3376 1365 κατ’
3403 1309 3569 1364 αὐτοῦ
3595 1310 3811 1381 τολμη-
3864 1346 3872 1352 ε

2207 1405 2299 1459 θὲν
2326 1407 2476 1475 ἄγος.
2516 1405 2575 1458 '0
2602 1404 2733 1473 γοῦν
2779 1405 3042 1476 Ἰώσηπος
3083 1403 3193 1475 (14)
3228 1404 3330 1458 οὐκ
3369 1403 3666 1476 ἀπώκνησε
3707 1404 3812 1457 καὶ

2206 1499 2350 1553 τοῦτ’
2381 1497 2676 1570 ἐγγράφως
2700 1493 3200 1567 ὲπιμαρτύρασθαι,
3222 1494 3288 1547 δι’
3312 1487 3386 1549 ὧν
3413 1510 3547 1564 φησι
3570 1493 3772 1559 λέξεων
3791 1510 3807 1525 ο

2212 1611 2230 1642 t
2276 1590 2463 1644 Ταῦτα
2507 1589 2564 1642 δὲ
2618 1588 2963 1660 συμϐέϐηκεν
3000 1587 3312 1652 Ἰουδαίοις,
3359 1585 3479 1640 κατ’
3524 1586 3813 1658 ἐκδίκησιν

2219 1682 2477 1739 Ἰακώϐου
2504 1681 2599 1736 τοῦ
2631 1681 2861 1746 δικαίου,
2895 1680 2954 1745 ὃς
2998 1676 3066 1752 ἦν
3100 1679 3326 1749 ἁδελφὸς
3372 1678 3549 1752 Ἰησοῦ
3577 1679 3671 1734 τοῦ
3710 1680 3805 1733 λε-

2206 1777 2438 1849 γομένου
2467 1774 2704 1849 Χριστοῦ
2725 1792 2738 1805 ο
2773 1774 3072 1846 ἐπειδήπερ
3100 1772 3441 1827 δικαιότατον
3479 1771 3644 1827 αὐτὸν
3674 1772 3807 1827 ὄντα

2206 1870 2256 1922 οἱ
2296 1868 2538 1922 Ἰουδαῖοι
2580 1866 2928 1921 ἀπέκτειναν.
2974 1884 2992 1917 ι
3037 1864 3094 1918 '0
3124 1863 3169 1916 δ’
3203 1862 3367 1928 αὐτὸς
3396 1864 3605 1918 καὶτὸν
3634 1863 3809 1919 θάνα-

2205 1977 2299 2013 τον
2343 1957 2511 2012 αὑτοῦ
2560 1958 2619 2011 ὲν
2666 1956 2899 2027 εἰκοστῷ
2945 1956 3045 2026 τῆς
3080 1955 3490 2028 Ἀρχαιολογίας
3536 1955 3687 2028 δηλοῖ
3716 1956 3810 2013 διὰ

2205 2051 2410 2105 τούτων
2434 2068 2447 2080 ·
2490 2049 2763 2121 «Πέμπει
2799 2049 2862 2102 δὲ
2889 2049 3109 2121 Καῖσαρ
3150 2048 3390 2102 Ἀλϐῖνον
3421 2051 3503 2114 είς
3533 2049 3630 2122 τὴν
3676 2051 3810 2104 Ἰουο

2205 2143 2362 2199 δαίαν
2407 2142 2668 2214 ἔπαρχον,
2695 2141 2910 2213 Φήστου
2938 2140 3036 2213 τὴν
3078 2140 3334 2213 τελευτὴν
3379 2141 3702 2213 πυθόμενος.
3749 2144 3808 2196 '0

2205 2237 2261 2290 δὲ
2301 2235 2563 2308 νεώτερος
2602 2236 2851 2301 Ἀνανος,
2894 2235 2953 2289 ὃν
2996 2235 3095 2308 τὴν
3141 2236 3548 2309 ἀρχιερωσύνην
3576 2236 3806 2308 εἴπομεν

2209 2328 2622 2401 παρειληφέναι,
2655 2327 2861 2399 θρασὺς
2905 2323 2975 2401 ἦν
3025 2327 3116 2383 τὸν
3168 2328 3370 2400 τρόπον
3398 2330 3495 2383 καὶ
3525 2327 3806 2400 τολμητὴς

2206 2420 2589 2490 διαφερόντως.
2618 2420 2841 2492 Αἵρεσιν
2866 2419 2924 2474 δὲ
2958 2420 3143 2492 μετῄει
3168 2419 3264 2493 τὴν
3296 2403 3692 2484 Σαδδουκαίων,
3723 2419 3805 2473 οἴ-

2209 2526 2318 2581 περ
2350 2511 2457 2563 εἰσὶ
2496 2511 2623 2581 περὶ
2665 2510 2765 2574 τὰς
2812 2510 3023 2582 κρίσεις
3071 2510 3213 2581 ὠμοὶ
3253 2510 3406 2581 παρὰ
3438 2510 3646 2575 πάντας
3676 2510 3807 2575 τοὺς

2219 2600 2522 2665 Ἰουδαίους,
2547 2599 2730 2665 καθὼς
2761 2600 2861 2674 ἠδη
2887 2599 3292 2673 δεδηλώκαμεν.
3324 2603 3455 2655 ’Ἀτε
3486 2601 3551 2675 δὴ
3579 2598 3673 2657 οὖν
3692 2618 3809 2656 τοι-

2205 2692 2362 2756 οῦτος
2387 2691 2462 2746 ὣν
2491 2694 2519 2746 6
2546 2694 2795 2757 Ἄνανος,
2826 2693 3057 2765 νομίσας
3085 2693 3231 2765 ἔχειν
3260 2694 3451 2766 καιρὸν
3473 2694 3800 2766 ἐπιτήδειον,

2204 2784 2293 2840 διὰ
2320 2785 2383 2839 τὸ
2410 2785 2665 2840 τεθνάναι
2691 2787 2787 2858 μὲν
2814 2788 3043 2858 Φῆστον,
3081 2786 3319 2841 Ἀλϐῖνον
3341 2787 3397 2842 δὲ
3429 2786 3509 2842 ἔτι
3537 2787 3679 2841 κατὰ
3701 2789 3803 2859 τὴν

2205 2879 2322 2932 ὁδὸν
2352 2879 2639 2951 ὑπάρχειν,
2672 2879 2884 2944 καθίζει
2920 2879 3193 2953 συνέδριον
3223 2879 3446 2953 κριτῶν.
3476 2880 3589 2934 Καὶ
3621 2898 3806 2954 παραυ

2205 2971 2391 3042 γαγὼν
2421 2974 2499 3035 είς
2528 2972 2660 3025 αὐτὸ
2688 2972 2779 3025 τὸν
2813 2971 3040 3041 ἀδελφὸν
3078 2970 3253 3043 Ἰησοῦ
3286 2971 3381 3025 τοῦ
3421 2970 3661 3045 Χριστοῦ
3705 2972 3798 3025 λε·-

2204 3063 2458 3134 γομένου,
2496 3062 2751 3128 Ἰάκωϐος
2779 3064 2952 3135 ὄνομα
2979 3063 3148 3134 αὐτῷ,
3180 3063 3274 3117 καί
3298 3081 3447 3128 τινας
3473 3064 3696 3137 ἑτέρους
3723 3063 3803 3128 ὡς

522 3174 650 3212 unm
694 3157 797 3212 sibi
853 3166 1064 3224 tempus
1108 3155 1303 3211 adesse
1362 3164 1538 3221 ratus,
1585 3169 1652 3211 eo
1705 3155 1848 3224 quod
1906 3153 2100 3211 Festus

2208 3155 2712 3228 παρανομησάντων
2741 3156 3074 3229 κατηγορίαν
3095 3158 3482 3229 ποιησάμενος,
3507 3156 3799 3229 παρέδωκε

523 3252 738 3323 quidem
769 3250 1018 3317 obiisset,
1061 3249 1293 3308 Albinus
1326 3264 1456 3307 vero
1483 3248 1660 3305 adhuc
1705 3248 1811 3304 iter
1861 3246 2088 3315 faceret,

525 3452 794 3522 excisam?
818 3450 922 3506 Sed
958 3466 1131 3522 neque
1163 3450 1458 3507 verisimile
1487 3461 1593 3518 est,
1628 3451 1772 3522 quod
1803 3451 1877 3505 ait
1917 3449 2099 3522 Hege-

523 3524 737 3593 sippus,
767 3519 1232 3590 Jacobutn’juxta
1295 3522 1549 3591 templum
1595 3519 1879 3593 se—pultum’
1911 3519 2096 3577 fuisse.

520 3591 657 3646 Nam
715 3591 883 3647 ludazi
938 3603 1092 3646 extra
1146 3594 1334 3646 urbem
1375 3606 1605 3660 corpora
1662 3592 1989 3653 condebant,
2045 3601 2103 3646 ut

521 3663 781 3730 colligere
831 3672 915 3715 est
964 3673 1075 3715 tum
1130 3677 1197 3717 ex
1228 3661 1541 3731 Evangelio,
1593 3669 1705 3717 tum
1753 3678 1818 3716 ex
1853 3661 2102 3727 sepulcro

524 3733 763 3793 Helenae.
794 3732 1191 3786 Adiabenorum
1225 3731 1443 3799 regina),
1497 3732 1561 3787 de
1588 3746 1697 3801 quo
1741 3735 1991 3801 superius
2022 3734 2103 3785 lo-

525 3802 635 3856 cuti
667 3818 870 3857 sumus.
904 3801 1092 3857 Merito
1124 3803 1289 3871 igitur
1317 3801 1541 3856 Iluliutts
1583 3813 1749 3859 totam
1781 3804 1920 3856 hanc
1956 3803 2100 3871 peri-

526 3888 699 3942 copcn
746 3874 807 3943 in
850 3872 1097 3943 versione
1158 3888 1253 3928 sua
1300 3873 1666 3943 przetermisit.
1736 3871 2102 3943 Hieronymus

527 3941 657 3997 vero
711 3944 764 3997 in
799 3942 937 3996 libro
986 3941 1063 3998 De
1108 3942 1453 4012 scriptoribus
1502 3942 1908 4007 ecclesiasticis,
1946 3941 2102 4010 cuius

528 4013 764 4067 maxima
805 4028 929 4081 pars
959 4028 1025 4067 ex
1065 4011 1301 4068 Historia
1350 4011 1704 4069 ecclesiastica
1748 4012 1967 4067 Eusebii
2005 4028 2101 4066 tto-

527 4084 627 4137 stri
660 4086 941 4149 desumpta
989 4094 1096 4146 est,
1141 4085 1257 4139 haec
1302 4081 1585 4152 llcgesippi
1637 4082 1801 4138 verba
1833 4083 2100 4151 interpre-

526 4163 649 4208 tans
692 4155 768 4208 ita
812 4152 1114 4207 entollivit:
1153 4153 1388 4206 Tttulum
1446 4169 1608 4221 usque
1655 4155 1723 4207 ad
1774 4154 2100 4206 obsidionem

528 4222 661 4288 Titi,
702 4234 748 4277 et
784 4223 1025 4275 ultimam
1061 4222 1347 4284 Hadriani,
1390 4223 1725 4276 notissimum
1752 4222 1956 4275 habuit.
2002 4221 2100 4275 Ubi

526 4301 721 4346 tamen
746 4294 872 4347 illud
904 4293 1133 4359 probare
1179 4309 1285 4345 non
1338 4306 1580 4360 possunt,
1636 4292 1779 4362 quod
1812 4296 1878 4346 de
1913 4293 2100 4346 ultima

528 4361 790 4417 Hadriani
821 4363 1101 4417 obsidione
1131 4363 1282 4417 dicit.
1311 4362 1445 4415 Nam
1471 4364 1523 4415 in
1548 4376 1613 4415 eo
1641 4361 1859 4416 secutus
1898 4373 1978 4416 est
2013 4376 2103 4415 er-

526 4446 707 4487 rorem
735 4430 971 4494 Eusebii,
1020 4446 1181 4500 quem
1223 4432 1550 4499 jampridem
1599 4432 1688 4485 alii
1725 4431 2099 4486 confutaruut.

2197 3250 2664 3323 λευσθησομένους
2692 3249 2821 3323 (l5).
2857 3250 3012 3304 Ὅσοι
3057 3250 3115 3303 δὲ
3143 3248 3359 3304 ἐδόκουν
3393 3248 3799 3303 ἐπιεικέστατοι

2205 3462 2313 3508 tem
2347 3452 2412 3508 de
2449 3453 2725 3524 gentibus.
2753 3452 2980 3508 Ruﬁnus
3005 3468 3221 3524 quoque
3255 3463 3311 3508 et
3340 3452 3681 3524 Nicephorus
3699 3468 3797 3513 eas

2204 3537 2368 3577 voces
2399 3538 2502 3576 non
2541 3523 2763 3577 habent.

2276 3590 2388 3665 (1})
2430 3592 2492 3647 Ὀ
2522 3593 2669 3663 γοῦν
2704 3592 3016 3663 Ἰώσηπος.
3044 3593 3187 3649 Ητεο
3222 3602 3307 3649 est
3336 3594 3605 3664 scriptura
3641 3595 3794 3649 codi-

2204 3662 2487 3733 cis‘Regii.
2513 3662 2540 3716 a
2570 3677 2671 3731 qua
2702 3665 2981 3733 paululum
3012 3666 3343 3719 dissentiunt
3374 3662 3543 3720 nostri
3571 3666 3793 3722 codices

2205 3732 2433 3797 Mazar;
2465 3732 2627 3797 Mem,
2665 3732 2803 3801 Fuit.
2856 3750 2920 3789 ac
2980 3734 3187 3790 Savilii.
3251 3736 3343 3791 Sic
3389 3735 3535 3791 enim
3589 3736 3795 3792 habent

2216 3803 2435 3876 Ἀμέλει
2464 3804 2527 3872 γέ
2544 3820 2627 3876 τοι
2658 3809 2750 3859 καὶ
2772 3806 2800 3857 6
2837 3803 3118 3876 Ἰώσηπος.

2326 3823 2435 3857 εΛει
2464 3823 2527 3872 γε
2544 3823 2627 3857 τοι
2658 3823 2750 3859 και
2772 3823 2800 3857 ο
2843 3823 3118 3876 ἰωσηπος.

2276 3823 2387 3948 ὃὸ)
2434 3874 2752 3948 Παρέδωκε
2797 3872 3360 3948 λευσθησομένουςἱ
3424 3874 3563 3948 Quid
3613 3875 3792 3948 magis

2204 3945 2541 4000 contrarium
2582 3961 2706 4001 esse
2742 3956 2940 4015 potest,
2968 3961 3130 4015 quam
3178 3947 3292 4000 hzcc
3335 3945 3555 4016 Josephj
3599 3954 3652 4000 et
3698 3947 3788 4002 illa

2206 4016 2501 4087 llegesippi
2529 4013 2797 4071 narratio?
2828 4015 2959 4070 Nam
2990 4013 3256 4087 Josephns
3272 4013 3500 4087 quidem
3526 4013 3789 4071 Iacobum

2209 4084 2524 4156 damnatum
2555 4100 2678 4141 esse
2706 4086 2895 4142 scribit
2924 4087 2979 4141 in
3009 4085 3225 4156 publico
3265 4084 3574 4141 Judaeorum
3603 4088 3787 4156 consi-

2207 4155 2321 4222 lio;
2359 4156 2703 4226 Hegesippus
2722 4171 2982 4226 veroper
3010 4154 3349 4212 seditionem
3396 4170 3461 4210 ae
3496 4154 3787 4211 tumultum

2209 4226 2390 4295 p0puli
2421 4227 2683 4298 occisum.
2725 4225 2793 4280 Et
2828 4225 3170 4298 llegesippus
3189 4227 3409 4296 quidem
3449 4225 3592 4281 l‘uste
3621 4225 3786 4298 fullo-

2210 4294 2295 4351 nis
2322 4306 2572 4351 necatum
2617 4296 2669 4350 itt
2725 4294 3070 4352 media'urbe
3100 4317 3119 4366 ι
3145 4294 3413 4366 Josepltus
3438 4295 3785 4366 autemlapi-

2208 4366 2393 4421 datum
2447 4366 2766 4421 occubuisse
2809 4375 3018 4421 narrat.
3069 4365 3471 4421 Fiebat'autem
3527 4365 3789 4435 lapidatio

2208 4447 2362 4490 extra
2413 4448 2599 4504 portas
2647 4437 2905 4499 civitatis,
2938 4448 2999 4491 ut
3026 4445 3212 4491 notum
3258 4445 3362 4492 est.
3412 4434 3593 4491 Porro
3627 4434 3785 4496 lose-

525 4502 700 4595 gorro
748 4500 1130 4595 Hierony‘mus‘
1162 4503 1374 4595 titulum
1422 4502 1591 4566 dixit,
1640 4516 1739 4583 pro
1773 4516 1840 4556 eo
1868 4504 2011 4584 quod
2047 4503 2098 4555 itt
2136 4540 2179 4595 ι)
2209 4507 2347 4587 phus
2376 4500 2577 4595 annum
2612 4520 2725 4588 quo
2756 4516 3115 4595 mortuusest
3137 4504 3396 4595 Iacobus,
3446 4505 3660 4595 duabus
3688 4522 3783 4561 now

525 4573 719 4629 Graeco
748 4579 833 4644 est
862 4570 1179 4644 «amati
1205 4586 1381 4644 quam,
1410 4586 1593 4627 vocent
1640 4570 1695 4644 in
1735 4570 2103 4644 vetustissimo

526 4645 716 4698 codice
763 4642 1039 4701 Mazarino
1069 4642 1173 4697 hoc
1214 4642 1499 4711 scltoliutny
1533 4643 1831 4711 ascriptum
1874 4643 2050 4696 invctti
2086 4659 2100 4695 :

536 4712 731 4786 'lstéw
764 4711 1100 4786 δτιήρτήλη
1132 4711 1270 4786 αίέτη
1299 4711 1441 4786 λίθος
1469 4707 1537 4786 ἦν
1574 4707 1840 4786 auersas,
1870 4713 2096 4786 intrrat;

525 4784 633 4854 φὴν
661 4783 799 4854 έχων
821 4778 1099 4906 ἰδ’δνοῗιί
1117 4783 1210 4836 τοῦ
1243 4778 1585 4854 τεθαμμένου
1614 4778 1902 4836 Ἰακώϐου.
1922 4778 2014 4851 Ἐξ
2041 4778 2101 4838 οῦ

525 4853 623 4906 καὶ
668 4856 749 4906 ἐτι
783 4852 878 4906 νῦν
919 4855 969 4906 οί
1053 4855 1315 4906 οιστιανοὶ
1345 4854 1404 4906 ὲν
1448 4857 1559 4906 τοῖς
1597 4854 1874 4906 μνήμασιν
1924 4854 2101 4906 αὐτῶν

524 4852 623 4925 καὶ
668 4852 749 4907 ἔτι
783 4852 878 4907 νῦν
919 4855 969 4907 οί
999 4852 1315 4925 Χριστιανοὶ
1345 4852 1404 4907 ὲν
1429 4852 1559 4918 τοῖς
1596 4854 1874 4925 μνήμασιν
1924 4854 2102 4908 αὐτῶν

450 4966 457 4975 .
526 4924 708 5004 λίθους
735 4924 965 5004 ίστᾷσιν,
991 4924 1089 5003 καὶ
1110 4923 1143 4995 ἢ
1165 4927 1468 5004 γρά-μματα
1493 4927 1550 5004 ἐν
1574 4923 1758 4987 αὐτοῖς
1775 4925 2098 5004 γράφουσιν,

526 4996 563 5065 ἢ
587 4996 648 5049 τὸ
673 4998 897 5067 σημεῖον
924 4993 1019 5047 τοῦ
1054 4993 1292 5067 σταυροῦ
1325 4993 1772 5067 ἐγχαράττουσιν.
1817 4993 2099 5050 Sciendum

526 5077 603 5120 est
629 5066 930 5120 columnam
957 5066 1094 5118 lianc
1124 5066 1258 5118 nihil
1295 5068 1441 5136 at'itttl
1470 5066 1638 5136 fuisse
1681 5082 1838 5135 quam
1875 5067 2099 5135 lapidem

527 5137 833 5205 informant,
866 5138 921 5189 in
949 5151 1050 5205 quo
1078 5152 1265 5190 nomen
1293 5133 1484 5189 Jacobi
1521 5136 1631 5189 illic
1667 5133 1860 5204 scpulti
1889 5133 1999 5189 erat
2027 5139 2103 5189 iu-

526 5202 716 5261 cisum.
745 5202 899 5259 Unda
928 5202 978 5260 et
1001 5204 1283 5260 Christiani
1315 5206 1370 5259 in
1398 5205 1653 5271 sepulcris
1679 5202 1787 5260 suis
1810 5207 2100 5260 etiamnum

525 5276 728 5345 lapides
751 5286 1012 5345 statuunt,
1041 5278 1095 5329 in
1119 5276 1306 5345 quibus
1332 5288 1421 5329 aut
1449 5276 1655 5329 litteras
1680 5279 1985 5343 inscribere,
2007 5285 2099 5330 aut

526 5344 698 5401 crucis
724 5344 950 5415 ﬁguram
981 5344 1275 5412 insculpere
1309 5356 1709 5401 consueverunt.

600 5416 710 5486 (l5)
737 5416 1306 5489 ΙΙολιορκεῖαὺτούς.
1335 5416 1773 5489 ϐοιίοχλιὶεείιιε,
1824 5417 2102 5489 πολιορκεί

523 5486 624 5560 τὴν
647 5486 928 5560 Ἰουδαίαν
943 5487 1354 5560 αἰχμαλωτίσας
1379 5486 1595 5560 αὐτούς.
1655 5487 1847 5560 Verum
1884 5486 1992 5544 tres
2024 5507 2103 5543 re-

526 5557 683 5631 liqui,
712 5557 1054 5631 Maz.,iMed.
1103 5575 1167 5614 ac
1200 5557 1436 5624 Fukctii,
1469 5572 1632 5612 voces
1676 5557 1797 5631 illas
1831 5559 1931 5631 τὴν
1973 5561 2101 5613 Ἰου-

524 5627 687 5702 δοιίανΔ
710 5628 1116 5702 αἰχμαλωτίσας
1161 5646 1264 5683 non
1315 5639 1638 5702 agnoscunt.
1684 5630 1765 5702 Ac
1810 5627 1931 5686 meo
1979 5633 2100 5700 qni-

530 5702 652 5753 dem
670 5698 879 5769 judicio
900 5714 1119 5768 prorsus
1144 5698 1430 5769 superﬂuae
1476 5709 1601 5753 sunt
1636 5707 1691 5753 et
1726 5698 1964 5756 insulsae.
1996 5698 2100 5754 ἰκε-

530 5784 635 5842 qtt-c
679 5772 822 5824 enim
867 5768 1054 5826 Graece
1090 5768 1221 5826 dici
1253 5778 1429 5842 pOtest
1454 5769 1776 5842 Δπολιορκεῖν
1812 5771 1912 5842 τὴν
1966 5772 2098 5825 Ἰου-

528 5837 704 5896 δαίαν.
742 5856 861 5895 cum
898 5842 948 5895 id
983 5845 1202 5899 verbum
1229 5837 1295 5897 de
1327 5839 1551 5898 urbibus
1597 5837 1833 5910 dicatur,
1865 5837 1972 5899 non
2009 5858 2100 5898 au-

2215 4577 2283 4630 tis
2315 4577 2467 4631 nobis
2504 4576 2839 4647 designavit.
2882 4576 3197 4647 pontiﬁcatu
3226 4576 3437 4643 scilicet
3480 4576 3680 4647 Auani,
3729 4585 3784 4630 et

2211 4647 2440 4701 adventu
2487 4644 2666 4700 Albini
2695 4646 2747 4701 itt
2778 4644 3041 4703 Judaeam.
3088 4646 3354 4702 Eusebius
3398 4648 3449 4700 in
3492 4644 3778 4712 Chronico,

2210 4717 2461 4771 Albinum
2501 4716 2663 4771 Festo
2698 4719 3031 4772 successisse
3066 4718 3264 4772 scribit
3299 4731 3443 4771 anno
3474 4730 3522 4769 νι
3563 4717 3780 4784 imperii

2211 4785 2462 4842 Neronis.
2490 4787 2637 4841 Idem
2680 4796 2856 4858 tamen
2894 4786 3079 4858 Jacobi
3125 4787 3443 4858 martyrium
3470 4783 3781 4858 confert‘in

2210 4872 2409 4910 annum
2441 4865 2775 4925 sequentem.
2808 4856 2962 4923 Quod
2994 4853 3284 4927 manifeste
3304 4867 3506 4927 pugnat
3533 4869 3657 4910 cum
3682 4853 3781 4909 Ju-

2210 4929 2401 4995 sepho,
2432 4929 2522 4996 qui
2551 4927 2748 4982 diserte
2774 4936 3004 4981 testatur
3032 4925 3579 4981 Jacobnm'uecatum
3609 4927 3785 4996 prius-

2210 5013 2372 5067 quam
2402 4998 2629 5051 Albinus
2652 4997 2705 5051 in
2733 4998 3063 5067 provinciam
3094 4998 3352 5052 venisset.
3382 4996 3581 5052 Eodem
3614 4997 3783 5066 igitur

2210 5065 2351 5120 anno
2386 5068 2599 5121 ittitium
2625 5068 2803 5120 Albini
2839 5076 2891 5121 et
2923 5065 3108 5122 Jacobi
3148 5068 3348 5122 caedent
3386 5066 3650 5120 Eusebius
3692 5069 3781 5121 in-

2210 5139 2427 5192 cludere
2470 5138 2750 5192 debuerat.
2827 5136 3023 5192 Verum
3068 5137 3329 5192 reclamat
3376 5136 3670 5203 Baronius;
3722 5149 3782 5193 et

2207 5206 2398 5279 Jacobi
2428 5208 2757 5279 martyrium
2788 5223 2934 5262 anno
2965 5209 3197 5278 septimo
3224 5207 3456 5262 Neronis
3483 5207 3780 5276 contigisse

2209 5277 2421 5348 probat,
2456 5277 2663 5331 tum'ex
2699 5292 2967 5332 consensu
3007 5279 3246 5348 omnium
3276 5288 3539 5343 veterum,
3564 5285 3676 5331 tutu
3708 5294 3779 5333 ex

2207 5346 2429 5417 Iosephi
2462 5348 2598 5403 libro
2630 5348 2867 5403 secundo
2899 5348 2972 5402 De
3001 5348 3133 5403 bello
3159 5346 3415 5412 Iudaico,
3446 5348 3622 5417 capite
3647 5347 3780 5402 duo-

2208 5420 2442 5473 decimo.
2494 5418 2614 5489 Ego
2672 5433 2811 5489 vero
2861 5418 3265 5489 Hieronymum,
3312 5417 3677 5487 Nicephorum
3721 5427 3778 5472 et

2207 5490 2341 5542 alios
2369 5490 2459 5558 qui
2490 5488 2703 5543 Eusebii
2750 5487 3261 5543 Chronicon‘secuti
3294 5499 3441 5553 sunt,
3476 5497 3529 5543 et
3562 5490 3776 5542 exscri-

2208 5568 2452 5629 pseruut,
2485 5574 2589 5613 non
2618 5560 2866 5629 discussa
2910 5561 3027 5625 ejus
3071 5562 3362 5629 sententia,
3393 5558 3534 5612 haud
3583 5574 3776 5612 nume-

2210 5628 2407 5683 randos
2435 5637 2585 5698 puto.
2609 5628 2831 5695 Josephi
2881 5639 3063 5682 autem
3110 5628 3258 5681 locus
3310 5631 3442 5683 nihil
3475 5630 3617 5682 aliud
3649 5645 3775 5697 pro-

2209 5702 2297 5752 bat
2330 5713 2491 5767 quant
2535 5699 2788 5768 Albinum
2836 5708 3029 5766 quarto
3064 5713 3207 5752 anno
3257 5711 3540 5768 antequam
3570 5700 3769 5754 bellum

2209 5767 2899 5839 inchoareturpludaicum,
2930 5780 2985 5822 et
3030 5769 3258 5839 septimo
3306 5780 3594 5839 antequam
3638 5771 3769 5824 urbs

2208 5852 2514 5910 caperetur,
2563 5838 2728 5897 fuisse
2778 5841 3061 5909 praesidem
3115 5837 3331 5896 δυόωσι.
3384 5837 3578 5897 Verum
3607 5854 3768 5896 exeo
