4140 6430
309 343 392 397 ει
410 345 450 398 7
1383 337 1742 396 ΗΙδΤΟΡιΙΕ
1784 338 1936 396 ECCI

2040 337 2354 396 ilASTlCrE
2395 339 2525 400 LIB.
2567 339 2660 396 lli.
3523 335 3627 389 2l8

311 475 450 512 νων
487 459 649 516 αὐτοῦ
667 457 1073 530 Πράξεω,καὶ
1103 457 1163 512 τὸ
1191 457 1313 512 κατ’
1351 456 1513 512 αὐτὸν
1552 455 1936 528 ὠνομασμένον

2047 456 2217 514 libros
2245 456 2511 512 censitam
2551 469 2661 508 non
2688 467 2809 508 esse
2863 466 2893 506 a
2951 446 3250 521 majoribus
3299 447 3625 518 accepimus.

315 551 748 626 εὐαγγέλιον,
769 552 906 608 τότε
939 550 1228 622 λεγόμενον
1271 547 1435 604 αὐτοῦ
1482 547 1801 618 Κήρυγμα,
1845 548 1936 601 καί⁵

2045 549 2150 604 Sed
2178 557 2355 604 tamen
2389 563 2512 604 cum
2541 547 2688 603 milis
2716 561 2837 603 esse
2870 543 3152 598 videretur
3173 556 3335 612 quam
3356 540 3627 612 plurimis,

320 646 447 720 τὴν
471 645 1237 717 καλουμένηνᾌποκαλινψιν
1265 641 1394 713 (39),
1413 641 1520 694 οὐδ’
1545 641 1679 703 ὅλως
1707 642 1764 692 ἐν
1787 640 1937 694 καθο-

321 734 525 799 λικοῖς
549 735 707 805 ῐσμεν
738 731 1167 804 παραδεδομένα,
1204 731 1285 784 ὅτι
1318 731 1458 802 μήτε
1500 728 1766 800 ἀρχαίων,
1793 728 1932 798 μήτε

323 824 461 878 τῶν
487 824 609 879 καθ’
632 825 779 896 ἡμᾶς
807 838 890 884 τις
920 819 1372 892 ἐκκλησιαστικὸς
1404 819 1771 889 συγγραφεὺς,
1816 819 1937 880 ταῖς

323 917 406 982 εξ
443 916 624 970 αὐτῶν
654 915 1024 986 συνεκρήσατο
1060 912 1403 984 μαρτυρίαις.
1441 909 1741 983 Προϊούσης
1761 909 1817 962 δὲ
1839 911 1937 980 τῆς

325 1009 598 1082 ἱστορίας
630 1008 765 1079 (40),
795 1006 1072 1079 προῦργου
1115 1006 1411 1076 ποιήσομαι
1449 1004 1545 1056 σὺν
1599 1005 1720 1065 ταῖς
1759 1001 1936 1056 διαδο-

326 1105 476 1172 χαῖς
509 1094 986 1172 ὑποσημήνασθαί,
1017 1097 1160 1160 τινες
1184 1096 1292 1149 τῶν
1318 1094 1458 1149 κατὰ
1482 1095 1707 1166 χρόνους
1747 1089 1940 1166 ἔκκλη-

329 1192 650 1246 σιαστικῶν
674 1189 1034 1261 συγγραφέων
1071 1187 1284 1250 ὁποίαις
1312 1187 1603 1257 κέχρηνται
1649 1185 1757 1240 τῶν
1791 1188 1938 1240 ἀντι-

329 1283 695 1355 λεγομένων,
729 1281 849 1334 τίνα
879 1297 938 1333 τε
972 1280 1102 1349 ’περὶ⁸
1130 1279 1239 1332 τῶν
1288 1277 1619 1350 ὲνδιαθήκων
1670 1278 1764 1332 καὶ
1808 1279 1936 1350 ὁμοε-

333 1372 699 1447 λογουμένων
723 1371 953 1445 Γραφῶν
978 1411 992 1434 ,
1021 1371 1114 1424 καὶ
1143 1371 1242 1423 ὅσα
1274 1372 1401 1442 περὶ
1434 1370 1542 1425 τῶν
1581 1369 1655 1442 μὴ
1681 1370 1936 1426 τοιούτων

335 1469 541 1532 αὐτοῖς
596 1465 829 1538 εἴρηται.
869 1462 1031 1517 Ἀλλὰ
1063 1461 1133 1515 τὰ
1167 1462 1263 1533 μὲν
1292 1461 1663 1534 ὀνομαζόμενα
1701 1463 1933 1532 Πέτρου,

333 1551 427 1611 ὧν
462 1559 594 1630 μίαν
632 1561 798 1631 μόνην
829 1555 1056 1628 γνησίαν
1081 1553 1253 1631 ἔγνων
1271 1548 1618 1624 Ἐπιστολὴν,
1662 1555 1757 1608 καὶ
1786 1553 1936 1626 παρὰ

335 1647 467 1709 τοῖς
482 1645 648 1699 πάλαι
672 1644 1060 1718 πρεσϐυτέροις
1077 1641 1511 1713 ὁμολογουμένην
1528 1641 1659 1714 (Al),
1677 1643 1932 1697 τοσαῦτα.

341 1735 463 1792 Τοῦ
485 1737 543 1792 δὲ
566 1738 776 1791 Παύλου
804 1734 1058 1808 πρόδηλοι
1079 1733 1174 1787 καὶ
1201 1735 1408 1803 σαφεῖς,
1436 1735 1492 1787 oti
1516 1734 1932 1808 δεκατέσσαρες.

2045 656 2150 696 una
2197 656 2321 696 cum
2362 640 2584 711 reliquis
2621 654 2792 695 sacrae
2847 637 3146 706 Scriptura:
3201 634 3352 689 libris
3391 633 3631 688 studiose

2044 731 2283 786 lectitata
2311 741 2413 786 est.
2445 731 2669 786 Librum
2703 744 2833 786 vero
2879 729 2972 800 qui
3026 727 3188 780 Actus
3226 721 3372 778 Petri
3410 725 3626 786 dicitur,

2043 833 2098 878 et
2129 822 2474 894 Evangelium
2506 823 2624 893 ejus
2656 822 2875 878 nomine
2904 819 3248 890 inscriptum,
3281 814 3633 869 Praedicatio-

2044 915 2125 969 nis
2152 930 2366 986 quoque
2405 926 2460 970 et
2495 915 2844 970 Revelatiouis
2885 913 3128 982 ejusdem
3173 909 3364 971 libros,
3394 922 3494 977 pro
3541 921 3631 962 ca-

2045 1005 2258 1061 tholicis
2323 1006 2538 1077 scriptis
2598 1022 2873 1076 nunquam
2921 1018 3044 1058 esse
3105 1001 3322 1058 habitos
3393 1006 3626 1063 constat,

2041 1098 2476 1168 quandoquidem
2512 1113 2614 1154 nec
2659 1098 3016 1153 vetustiorum
3071 1095 3360 1165 quisquam
3396 1105 3496 1145 nec
3553 1104 3634 1145 re-

2042 1191 2344 1246 centiorum
2396 1191 2654 1245 Ecclesiae
2709 1190 3059 1260 scriptorum,
3095 1187 3381 1256 desumpta
3441 1199 3506 1239 ex
3564 1183 3630 1240 iis

2044 1283 2198 1339 libris
2225 1284 2533 1339 testimonio
2571 1299 2699 1338 usus
2733 1283 2854 1338 fuit.
2895 1281 3065 1336 Porro
3100 1279 3427 1349 procedente
3473 1278 3627 1332 deiu-

2043 1391 2172 1446 ceps
2197 1391 2359 1445 opere
2387 1376 2674 1445 diligenter
2705 1375 3040 1430 indicaturus
3067 1387 3188 1426 sum
3221 1387 3324 1426 una
3353 1387 3476 1424 cum
3508 1385 3629 1424 sue-

2042 1466 2380 1523 cessionibus
2438 1465 2830 1536 apostolorum,
2902 1464 2993 1535 qui
3077 1461 3308 1518 subinde
3375 1459 3630 1514 Ecclesia:

2040 1560 2356 1629 scriptores,
2389 1558 2784 1628 scripturarum
2844 1558 2907 1613 de
2937 1556 3132 1627 quibus
3189 1554 3504 1623 ambigitur,
3538 1570 3630 1606 au-

2042 1653 2296 1706 ctoritate
2323 1651 2433 1706 sint
2469 1651 2550 1706 usi
2588 1669 2602 1706 :
2640 1659 2695 1706 et
2720 1665 2967 1721 quamam
2996 1649 3070 1702 illi
3097 1656 3208 1702 tum
3239 1647 3304 1702 de
3327 1645 3630 1716 Scripturis

2043 1743 2322 1801 canonicis
2349 1753 2402 1799 et
2430 1743 2671 1798 omnium
2722 1758 2987 1798 consensu
3015 1741 3250 1810 receptis
3296 1748 3408 1794 tum
3450 1740 3516 1794 de
3560 1739 3630 1793 iis

347 1833 482 1885 Ὀτι
525 1849 589 1900 γε
631 1833 736 1902 μήν
773 1845 919 1892 τινες
962 1827 1262 1898 ὴθετήκασι
1321 1825 1416 1897 τὴν
1457 1827 1594 1900 πρὸς
1633 1828 1936 1902 Ἐϐραίους,

2042 1847 2160 1903 quae
2193 1848 2300 1889 non
2341 1843 2468 1889 sunt
2505 1831 2792 1900 ejusmodi,
2825 1835 2876 1887 in
2909 1832 3022 1886 suis
3054 1831 3208 1885 libris
3241 1830 3631 1899 pronuntiave-

345 1924 494 1994 πρὸς
527 1917 626 1994 τῆς
661 1924 946 1994 Ῥωμαίων
985 1923 1312 1997 Ἐκκλησίας
1346 1925 1457 1998 (42)
1491 1924 1566 1990 ὡς
1616 1927 1689 2000 μὴ
1724 1927 1938 1981 Παύλου

344 2009 523 2068 οὖσαν
584 2012 750 2085 αὐτὴν
817 2014 1190 2084 ἀντιλέγεσθαι
1247 2017 1554 2088 φήσαντες,
1611 2018 1670 2069 οὐ
1734 2017 1940 2072 δίκαιον

345 2105 585 2172 ἀγνοεῖν.
627 2105 735 2158 Καὶ
767 2103 836 2158 τὰ
861 2105 988 2176 περὶ
1015 2104 1217 2175 ταύτης
1240 2105 1296 2158 δὲ
1325 2109 1435 2170 τοῖς
1462 2105 1566 2178 πρὸ
1597 2107 1756 2178 ἡμῶν
1793 2110 1941 2180 εἰρη-

351 2195 516 2264 μένα,
552 2197 688 2250 κατὰ
710 2195 898 2267 καιρὸν
932 2195 1340 2268 παραθήσομαι.
1374 2197 1507 2250 Οὐδὲ
1541 2198 1647 2268 μὴν
1670 2197 1769 2261 τὰς
1795 2198 1940 2266 λεγο-

353 2287 526 2356 μένας
556 2283 717 2340 αύτοῦ
749 2283 1022 2356 Πράξεις,
1048 2291 1105 2341 ὲν
1135 2289 1558 2359 ἀναμφιλέκτοις
1606 2291 1935 2362 παρείληφα.

363 2380 524 2432 Ἐπεὶ
552 2380 608 2432 δὲ
640 2380 668 2431 ὁ
698 2381 858 2443 αὐτὸς
900 2379 1221 2444 Ἀπόστολος
1252 2383 1309 2436 ἐν
1334 2385 1452 2445 ταῖς
1481 2384 1572 2435 ἐπὶ
1599 2383 1742 2436 τέλει
1772 2400 1939 2454 προσ-

359 2475 554 2544 ρήσεσι
585 2473 684 2543 τῆς
717 2473 850 2548 πρὸς
889 2473 1192 2544 Ῥωμαίους
1214 2515 1228 2538 ,
1267 2476 1486 2546 μνήμην
1521 2475 1810 2548 πεποίηται
1844 2494 1939 2548 με·

353 2567 425 2619 τὰ
452 2564 560 2618 τῶν
594 2563 767 2618 ἄλλων
799 2565 892 2619 καὶ⁵
923 2565 1120 2637 Ἑρμᾶ,
1154 2559 1216 2619 οὗ
1248 2583 1411 2635 φασιν
1443 2567 1708 2637 ὑπάρχειν
1741 2567 1800 2620 τὸ
1842 2567 1936 2620 τοῦ

357 2655 645 2725 ΠοιμέιὉς
663 2645 864 2726 βιϐλίον
894 2655 1027 2727 (i5),
1068 2657 1238 2710 ἰστέον
1253 2655 1328 2720 ὡς
1356 2656 1448 2708 καὶ
1487 2656 1640 2709 τοῦτο
1673 2657 1810 2729 πρὸς
1839 2657 1938 2728 μέν

349 2763 514 2799 τινων
546 2744 935 2807 ἀντιλέλεκται,
981 2745 1047 2797 δι’
1076 2743 1167 2808 οὓς
1189 2744 1288 2797 οὐκ
1314 2743 1379 2797 ἂν
1400 2745 1456 2795 ἐν
1489 2742 1938 2813 ὁμολογουμένοις

349 2837 554 2908 τεθείη,
591 2837 682 2906 ὑφ’
709 2837 910 2908 ἐτέρων
938 2835 994 2888 δὲ
1030 2835 1455 2905 ἀναγκαιότατον
1487 2831 1568 2897 οἷς
1593 2834 1826 2905 μάλιστα
1856 2835 1939 2888 δεῖ

357 2926 746 2998 ποιχειὼσεΐος
779 2928 1175 3000 εἰσαγωγικῆς,
1207 2927 1481 2998 κέκριται.
1517 2926 1680 2980 Ὅθεν
1713 2926 1814 2998 ἤδη
1841 2928 1936 2980 καὶ

354 3019 413 3071 ὲν
446 3013 792 3084 Ἐκκλησίαις
809 3013 965 3086 ἴομεν
985 3016 1116 3071 αὐτὸ
1147 3017 1633 3089 δεδημοσιωμένον
1655 3057 1668 3079 ,
1700 3017 1796 3070 καὶ
1827 3015 1937 3069 τῶν

354 3111 732 3165 παλαιοτάτων
763 3111 818 3164 δὲ
851 3109 1210 3182 συγγραφέων
1237 3109 1610 3181 κεχρημένους
1654 3108 1806 3174 τινὰς
1839 3109 1938 3162 αὐ-

354 3200 433 3272 τῷ
456 3202 783 3274 κατείληφα.
815 3201 1004 3256 Ταῦτα
1048 3203 1128 3265 είς
1162 3203 1505 3272 παράστασιν
1547 3201 1658 3255 τῶν
1691 3220 1747 3255 τε
1787 3203 1942 3257 ἀνανο

351 3296 629 3366 τιρῤήτων
660 3295 754 3349 καὶ
794 3294 903 3347 τῶν
949 3295 1022 3367 μὴ
1071 3295 1222 3366 παρὰ
1275 3296 1439 3348 πᾶσιν
1486 3295 1935 3368 ὁμολογουμένων

352 3384 514 3438 θείων
537 3387 898 3458 γραμμάτων,
931 3385 1188 3458 εἰρήσθω.

2041 1927 2171 1980 rint.
2225 1925 2290 1980 Et
2321 1923 2434 1980 bare
2488 1924 2706 1994 quidem
2735 1931 2864 1978 sunt
2925 1937 3046 1992 qum
3084 1921 3230 1976 Petri
3275 1920 3490 1974 nomine
3517 1919 3632 1974 cir-

2042 2015 2453 2078 cumferuntur,
2488 2029 2556 2069 ex
2587 2014 2786 2084 quibus
2829 2029 2990 2068 unam
3020 2014 3284 2068 duntaxat
3335 2011 3627 2082 Epistolatn

2042 2107 2109 2160 ab
2137 2106 2380 2175 antiquis
2408 2105 2576 2159 etiam
2625 2105 2880 2160 Patribus
2929 2120 3028 2174 pro
3081 2119 3336 2174 germana
3391 2104 3628 2159 habitam

2040 2214 2160 2254 esse
2199 2199 2447 2268 cognovi.
2479 2196 2626 2253 Pauli
2653 2212 2784 2252 vero
2813 2197 3222 2267 quatuordecim
3243 2196 3497 2264 Epistolac
3528 2211 3627 2250 no-

2044 2302 2110 2346 ta:
2144 2300 2270 2346 sunt
2303 2290 2554 2344 omnibus
2613 2301 2668 2343 et
2709 2289 3027 2360 perspicuze.
3087 2287 3376 2343 Sciendum
3446 2297 3626 2344 tamen

2041 2393 2124 2438 est
2159 2380 2452 2452 Epistolam
2489 2380 2554 2435 ad
2603 2379 2857 2435 Hebrzeos
2885 2395 2912 2433 a
2944 2379 3217 2434 nonnullis
3245 2379 3364 2433 ideo
3389 2393 3509 2433 esse
3545 2394 3629 2432 re-

2041 2473 2337 2544 pudiatam,
2369 2473 2512 2542 quod
2544 2473 2789 2528 dicerent
2834 2485 2954 2526 eam
2979 2471 3046 2525 ab
3081 2470 3325 2526 Ecclesia
3380 2470 3624 2526 Romana

2039 2577 2144 2633 pro
2171 2573 2320 2620 certa
2350 2580 2412 2617 ac
2445 2564 2673 2634 genuina
2707 2562 2854 2616 Pauli
2878 2563 3112 2632 Epistola
3153 2578 3256 2618 non
3287 2563 3490 2618 haberi.
3521 2564 3628 2619 Sed

2041 2653 2106 2709 de
2133 2653 2238 2709 ista
2271 2654 2491 2724 quidem
2525 2654 2655 2724 quid
2702 2665 2916 2708 veteres
2959 2655 3307 2721 tradiderint,
3356 2670 3456 2709 suo
3489 2664 3626 2709 tem-

2038 2756 2172 2810 pore
2205 2742 2566 2814 proferemus.
2599 2743 2750 2810 Quod
2784 2752 2998 2812 spectat
3027 2746 3090 2798 ad
3114 2744 3307 2800 librum
3340 2746 3431 2814 qui
3465 2744 3626 2800 Actus

2043 2833 2205 2889 Pauli
2231 2834 2563 2897 inscribitur,
2590 2848 2766 2904 neque
2797 2834 2947 2889 illum
2979 2835 3122 2890 inter
3151 2835 3466 2893 indubitata:
3495 2838 3621 2895 fidei

2039 2938 2094 2984 et
2155 2927 2496 2983 auctoritatis
2546 2926 2715 2982 libros
2754 2927 3086 2997 accepimus.
3159 2928 3426 2996 Quoniam
3497 2945 3626 2986 vero

2043 3021 2318 3090 aposmlus
2341 3020 2540 3075 Paulus
2573 3020 2625 3074 in
2657 3021 3076 3076 salutationibus
3129 3022 3234 3076 illis
3262 3037 3384 3092 quae
3414 3024 3516 3078 sub
3565 3024 3628 3077 li-

2044 3130 2164 3170 nem
2203 3111 2461 3184 Epistola:
2484 3113 2551 3168 ad
2588 3112 2863 3168 Romanos
2901 3113 3172 3185 leguntur,
3214 3116 3358 3170 inter
3397 3127 3626 3173 caeteros

2043 3205 2377 3260 mentionem
2413 3205 2542 3260 fecit
2587 3204 2817 3272 llermaz,
2856 3206 3010 3278 cujus
3037 3221 3158 3261 esse
3197 3205 3374 3262 fertur
3401 3210 3446 3264 is
3491 3210 3625 3264 liber

2039 3297 2132 3363 qni
2160 3295 2357 3348 Pastor
2386 3294 2680 3364 inscriptus
2705 3303 2809 3361 est,
2835 3295 3115 3351 sciendum
3147 3300 3232 3348 est.
3258 3308 3382 3346 eum
3418 3292 3620 3348 librum

2039 3402 2070 3441 a
2095 3386 2374 3442 nonnullis
2395 3387 2612 3457 quidem
2637 3390 2687 3443 in
2706 3389 2932 3444 dubium
2953 3403 3074 3443 esse
3091 3397 3421 3443 revocatum.
3437 3386 3634 3454 Quant-

352 3477 541 3532 (ιιι-ειη
621 3478 758 3532 inter
818 3494 1045 3550 recepta
1095 3479 1436 3534 auctoritatis
1489 3480 1652 3534 libros
1703 3481 1913 3534 censeri
1965 3495 2074 3534 non
2134 3487 2330 3549 potest.
2381 3479 2463 3535 Ab
2497 3479 2617 3534 aliis
2647 3493 2780 3536 vero
2843 3479 3082 3535 maxime
3154 3479 3495 3535 necessarius
3542 3479 3625 3546 ju-

355 3571 587 3666 dicatq,
625 3576 692 3631 iis
720 3553 1022 3645 pmscrtim
1049 3577 1138 3647 qui
1167 3577 1358 3647 primis
1404 3576 1680 3646 religionis
1741 3588 1938 3632 nostra:
1994 3575 2280 3632 elementis
2331 3576 2646 3632 instituendi
2701 3585 2848 3633 sunt.
2881 3575 3037 3632 Unde
3073 3577 3235 3631 etiam
3270 3578 3321 3631 in
3359 3576 3623 3632 Ecclesiis

442 3691 556 3762 ('59)
597 3691 668 3764 Td
692 3692 1118 3764 talsro'peror
1147 3693 1333 3764 αὑτοῦ
1369 3693 1654 3764 Κήρυγμα
1686 3696 1782 3750 καὶ
1825 3695 1941 3764 τὴν

354 3761 739 3834 καλουμένην
764 3761 1198 3834 Ἀποσιάλυψιικ
1229 3763 1394 3819 Miror
1413 3761 1554 3834 quod
1571 3761 1659 3822 hic
1679 3761 1940 3824 Eusebius

354 3833 509 3905 dicit,
542 3833 687 3905 Petri
719 3833 916 3888 librum
938 3836 1032 3903 qui
1060 3833 1348 3904 Κήρυγμιι
1371 3833 1672 3900 dicebatur,
1712 3835 1937 3905 ejuSque

357 3902 788 3974 Apocalypsima
821 3902 1039 3960 nemine
1079 3902 1808 3974 veterum!presbyterorum
1853 3902 1933 3961 ci-

361 3975 487 4027 tari.
518 3971 678 4044 Certe
710 3972 961 4028 Clemens
1003 3975 1058 4030 in
1110 3975 1262 4029 libris
1308 3971 1737 4044 lii/polyposeon,
1790 3975 1933 4031 Petri

358 4043 723 4114 Apocalypsim
755 4043 961 4114 laudat,
997 4045 1275 4114 testeipso
1305 4043 1537 4098 Eusebio
1583 4046 1635 4099 in
1695 4061 1817 4114 cap.
1875 4045 1938 4099 l4

358 4113 482 4184 libri
506 4112 583 4167 vt.
615 4112 773 4184 Quod
807 4123 1013 4178 spectat
1049 4115 1115 4169 ad
1149 4113 1347 4168 librum
1380 4115 1474 4182 qui
1504 4112 1812 4184 Κήρυγμᾱ,
1841 4130 1934 4171 seu

356 4181 682 4236 Prredicario
738 4181 883 4236 Petri
932 4185 1238 4245 dicebatur,
1287 4181 1492 4238 citatur
1523 4181 1801 4240 etiani'ab
1833 4202 1932 4241 eo-

357 4255 475 4308 dem
525 4253 808 4324 Clemente
851 4257 903 4308 in
953 4255 1108 4309 libris
1147 4253 1576 4324 Ilypolyposeon,
1607 4256 1721 4310 sive
1751 4261 1803 4309 in
1828 4259 1935 4312 Ex-

357 4325 558 4392 cerptis
597 4323 886 4388 ΊἸιροιίοῐῖ,
920 4335 976 4378 ut
1012 4323 1256 4378 dicemus
1311 4323 1377 4378 ad
1418 4339 1536 4392 cap.
1590 4325 1658 4378 14
1727 4324 1823 4382 lib.
1854 4341 1928 4381 Vt.

355 4392 620 4461 Origenes
675 4409 889 4462 quoque
942 4396 994 4448 in
1070 4405 1212 4449 tonio
1271 4409 1369 4448 xm
1422 4393 1822 4460 Expositianum
1879 4399 1933 4449 in

355 4464 582 4518 Joannis
627 4463 993 4534 Evangelium,
1023 4466 1354 4520 mentionem
1405 4463 1536 4518 facit
1577 4465 1738 4531 hujus
1785 4467 1928 4530 libri,

357 4545 410 4588 et
441 4549 508 4588 ex
533 4551 597 4591 e0
634 4514 842 4605 prol’eart
877 4514 1279 4600 testimonium;
1315 4536 1408 4589 sed
1443 4514 1797 4605 utrumr'libcr
1835 4514 1928 4590 ille
1967 4514 2006 4568 θ

357 4604 644 4674 genuinus
675 4606 766 4669 sit,
805 4620 871 4659 an
921 4606 1142 4670 nothus,
1192 4621 1259 4658 an
1307 4607 1530 4670 mixtus,
1567 4604 1693 4659 alibi
1744 4622 1804 4660 se
1859 4607 1938 4659 di-

355 4685 568 4729 cturum
613 4675 918 4746 pollicetur.
953 4675 1120 4730 Vetus
1143 4685 1334 4730 auctor
1363 4676 1414 4746 in
1451 4685 1688 4746 tractatu
1725 4675 1802 4730 De
1832 4677 1939 4729 Im:-

2046 3698 2209 3752 vertit
2241 3713 2252 3748 :
2287 3696 2409 3750 Scio
2433 3707 2606 3751 tamen
2641 3696 2782 3760 apud
2807 3695 3022 3751 Latinos
3057 3695 3121 3749 de
3151 3712 3211 3749 ea
3245 3711 3362 3764 qua:
3404 3696 3474 3747 ad
3518 3694 3623 3750 Ile-

2043 3768 2210 3822 ιιι-ωσι
2241 3768 2550 3821 inseribitur
2584 3768 2762 3820 haberi
2809 3769 3213 3820 dubitationem.
3242 3766 3460 3832 Optime
3501 3781 3619 3820 meo

2043 3838 2260 3903 quidem
2305 3837 2532 3904 judicio.
2586 3835 2718 3890 Nam
2764 3837 3033 3906 Eusebius
3085 3835 3406 3906 Ῥωμαίους
3425 3849 3622 3906 vocare

2042 3908 2182 3961 solet
2230 3922 2420 3961 omnes
2473 3906 2721 3965 Latinos.
2770 3916 2828 3960 ut
2871 3907 2920 3958 in
2968 3905 3063 3960 lib.
3118 3904 3343 3971 u,'cap.
3384 3904 3474 3968 25,
3527 3906 3618 3960 ubi

2045 3975 2438 4030 Tertullianum
2490 3986 2646 4028 vocat
2690 3974 3010 4039 Romanum,
3063 3974 3252 4027 τούτου
3296 3974 3353 4026 δὲ
3388 3974 3550 4028 πάλιν
3592 3977 3622 4029 ὁ

2054 4048 2318 4118 Ῥωμαῖος
2351 4044 2760 4118 Τερτυζλιανόλς,
2807 4055 2914 4118 etc.
2951 4045 3019 4118 Et
3051 4047 3101 4098 in
3135 4061 3254 4118 cap.
3288 4044 3324 4118 2
3370 4045 3617 4118 ejusdem

2048 4113 2175 4170 libri
2209 4117 2276 4172 de
2311 4113 2499 4170 eodem
2533 4114 2864 4170 Tertulliano
2903 4115 2973 4169 ita
3009 4115 3264 4185 loquitur,
3296 4113 3433 4185 ἀνὴρ
3462 4114 3618 4185 τάπτε

2037 4186 2174 4241 ἄλλα
2199 4184 2432 4250 ἔνδοξος,
2459 4185 2679 4240 καὶτῶν
2704 4185 2936 4256 μάλιστα
2960 4186 3052 4256 ἐπὶ
3086 4182 3302 4256 Ῥώμης
3323 4182 3617 4256 λαμπρῶν.

2038 4258 2094 4311 Si
2123 4257 2244 4326 quis
2297 4267 2476 4311 tamen
2525 4255 2783 4311 “ornante
2816 4257 2969 4310 urbis
3001 4255 3301 4326 Ecclesiaui
3349 4256 3452 4309 hoc
3500 4259 3617 4308 loco

2039 4325 2344 4398 intelligere
2372 4327 2648 4389 maluerit,
2681 4327 2931 4398 equidem
2961 4325 3252 4398 non‘valde
3285 4326 3614 4398 repugnabo.

2035 4399 2088 4450 ld
2117 4395 2262 4452 enim
2288 4398 2528 4452 sensisse
2557 4397 2772 4450 videtur
2791 4395 2955 4449 Caius
2977 4396 3030 4448 in
3055 4395 3425 4463 disputatione
3451 4409 3615 4463 quam

2037 4469 2251 4538 scripsit
2277 4466 2464 4538 Roma:
2489 4468 2759 4538 Adversus
2784 4465 3057 4538 Iit-actum.
3087 4466 3225 4538 Ejus
3248 4466 3412 4538 verba
3438 4465 3618 4538 habes

2044 4534 2181 4590 infra
2211 4538 2264 4591 in
2301 4536 2397 4590 lib.
2438 4552 2510 4599 vi,
2543 4552 2663 4607 cap.
2688 4535 2778 4589 20.
2817 4535 3162 4607 Ροιι-οῄιιυιιο
3189 4534 3402 4589 Eusebii
3438 4534 3614 4607 locum

2042 4607 2221 4661 innuit
2265 4603 2632 4661 Theodoritus
2691 4607 2743 4658 in
2786 4605 3052 4674 prommio
3101 4603 3617 4658 Commentariorum

2039 4679 2092 4729 in
2127 4677 2424 4747 Epistulam
2459 4679 2529 4730 ad
2561 4675 2840 4747 llebrafos,
2877 4675 2974 4747 ubi
3008 4675 3085 4729 ait
3133 4675 3426 4730 Eusebium
3475 4675 3615 4730 hanc

358 4747 534 4817 reticis
569 4745 675 4801 nan
716 4747 1325 4814 rebaptizandis,‘qnem
1370 4745 1938 4817 NicolausﬂRigaltius
2027 4745 2322 4817 Epistulam
2355 4745 2789 4817 Pu_lI|0_apOSIU|0
2821 4745 3180 4817 adjudicassc.

356 4816 605 4888 _cdidit_in
647 4817 791 4871 notis
816 4817 929 4870 suis
961 4818 1029 4869 ad
1069 4818 1429 4888 Cyprianum,
1461 4817 1603 4888 l_i_unc
1634 4816 1833 4871 librum
1863 4819 1931 4888 ab

356 4885 628 4942 haereticis
655 4888 948 4942 conlictum
991 4885 1126 4941 esse
1145 4895 1376 4941 testatur
1403 4905 1417 4940 :
1457 4885 1552 4938 Est
1581 4897 1753 4939 autem
1779 4886 1937 4939 adul-

355 4956 511 5009 terini
545 4956 723 5026 hujus,
755 4959 860 5009 imo
882 4957 1189 5011 internecivi
1217 4957 1565 5027 baptismatis,
1589 4959 1633 5008 si
1651 4959 1769 5025 quis
1797 4957 1934 5010 alius

353 5035 563 5088 auctor,
595 5037 706 5098 tum
743 5027 898 5080 etiam
933 5028 1151 5098 quidam
1181 5028 1244 5080 ab
1293 5028 1479 5098 iisdem
1515 5027 1642 5094 ipsis
1671 5027 1936 5080 haereticis

353 5108 579 5167 propter.
609 5097 748 5167 hunc
784 5097 1020 5150 eumdem
1064 5113 1294 5151 errorem
1341 5097 1598 5167 con/ictus
1647 5098 1798 5162 liber,
1841 5113 1933 5167 qut

355 5165 667 5237 inscribitur
700 5166 844 5220 Petri
890 5168 1221 5236 prwdicatio.
1256 5169 1497 5237 Denique
1523 5165 1930 5224 Lactantius—in

355 5235 448 5289 lib.
478 5240 553 5300 Iv,
586 5251 706 5305 cap.
739 5237 831 5296 20.
868 5235 1032 5306 hujus
1069 5239 1189 5292 libri
1219 5235 1549 5292 mentionem
1580 5238 1732 5294 facit.

391 5309 536 5380 ’(40)
569 5309 907 5376 Προϊούσης
937 5307 1008 5361 δὲ
1033 5308 1143 5378 τῆς
1179 5309 1466 5377 ἱστορίας.
1508 5307 1747 5364 Pessime
1788 5311 1931 5364 hunc

356 5376 530 5431 locum
577 5382 918 5446 interpretati
965 5376 1101 5434 sunt
1124 5376 1349 5433 llulinus
1382 5390 1436 5433 et
1468 5380 1930 5448 Christophorso-

357 5463 481 5514 IIIIS,
503 5457 558 5501 ut
587 5450 834 5503 eruditus
857 5448 1026 5505 lector
1049 5450 1208 5505 facile
1239 5451 1623 5518 deprehendet,
1653 5451 1698 5504 si
1727 5451 1930 5505 utrius-

351 5533 461 5586 que
487 5519 791 5573 versionem
821 5520 1110 5576 consulere
1133 5521 1366 5576 voluerit

426 5587 540 5659 (Μ)
575 5589 745 5661 Πᾴρὰ
769 5589 892 5656 τοῖς
917 5591 1102 5646 πάλαι
1147 5591 1572 5660 πρεσϐυτέροις
1600 5593 1930 5661 ὀμολοτουυ

353 5657 564 5728 μένην.
618 5657 806 5716 deic.
857 5657 1276 5716 Mazarinus'ac
1324 5657 1493 5723 Medi,
1540 5657 1661 5716 eum
1703 5657 1838 5717 Fuit.
1872 5674 1927 5716 et

357 5728 553 5805 S.t_vil._,
588 5731 846 5805 scripturn
883 5732 1088 5805 habent
1113 5731 1558 5805 ᾡμολογημένην.

428 5800 542 5871 (ιε)
578 5800 735 5869 Πρὸς
767 5800 874 5870 τῆς
917 5800 1234 5875 Ῥωμαίώικ
1276 5800 1649 5871 Ἐκὶιληηὲνίαςκ
1699 5803 1924 5857 Rufinus

2108 4816 2220 4888 (45)
2265 4815 2444 4886 Ἑρμᾶ
2470 4813 2542 4872 οὗ
2572 4813 2761 4888 φασιν
2779 4815 3074 4885 ὑπάρχειν
3102 4816 3166 4888 τὸ
3188 4815 3294 4869 τοῦ
3325 4814 3616 4888 Horat-fro;-

2031 4886 2294 4952 βιϐλίον.
2323 4889 2554 4953 Quidam
2585 4886 2908 4940 existimant
2943 4891 3082 4940 hunc
3126 4887 3349 4951 librum,
3400 4887 3488 4956 qui
3531 4887 3614 4940 di-

2036 4961 2182 5012 citur
2229 4956 2444 5018 Pastor,
2490 4972 2598 5010 non
2640 4961 2708 5012 ab
2739 4956 2950 5026 "llerma
3005 4957 3094 5010 illo
3149 4956 3307 5026 cujus
3362 4957 3610 5012 meminit

2039 5027 2237 5084 Paulus
2269 5029 2324 5082 in
2346 5027 2586 5096 Epistola
2633 5029 2699 5081 ad
2735 5025 3026 5090 Romanos,
3055 5031 3150 5082 sed
3176 5030 3245 5080 ab
3275 5027 3381 5080 alio
3413 5027 3612 5083 Herma

2037 5100 2207 5153 inulto
2241 5100 2549 5168 recentiore
2584 5100 2850 5168 scriptum
2888 5097 3075 5161 fuisse,
3112 5097 3202 5167 qui
3248 5097 3328 5168 Pii
3377 5096 3614 5161 Romani

2036 5170 2321 5238 pontificis
2356 5167 2527 5221 frater
2560 5168 2681 5232 fuit,
2702 5167 2768 5221 fut
2797 5169 2964 5222 tradit
2995 5179 3184 5238 auctor
3215 5167 3337 5221 libri
3375 5169 3447 5221 De
3476 5183 3613 5238 pon-

2034 5235 2260 5308 tiﬁcibus
2293 5237 2568 5291 Romanis.
2609 5240 2799 5292 Exstat
2823 5238 2980 5292 hodie
3008 5238 3095 5291 hic
3127 5235 3371 5292 Pastoris
3397 5238 3532 5292 liber
3555 5237 3610 5293 in

2035 5309 2285 5363 Latinum
2330 5323 2640 5363 sermonem
2673 5309 2992 5373 translatus,
3016 5310 3243 5378 ejusque
3278 5309 3610 5362 testimoniis

2033 5391 2258 5434 utuntur
2285 5379 2572 5449 Origenes,
2603 5379 2840 5434 lrenzeus
2882 5388 2937 5432 et
2981 5381 3335 5433 Athanasius.
3382 5378 3613 5449 llulinns

2033 5451 2087 5504 in
2121 5447 2570 5519 Interpretittione
2607 5449 2864 5519 Symboli,
2904 5449 3046 5504 inter
3086 5450 3252 5504 libros
3293 5449 3386 5518 qui
3426 5449 3478 5502 in
3511 5447 3613 5501 Ec-

2030 5522 2197 5591 clesia
2238 5521 2455 5590 quidem
2505 5521 2776 5591 leguntur,
2816 5522 3196 5574 auctoritatem
3231 5530 3410 5591 tamen
3441 5532 3612 5591 sacrae

2030 5586 2329 5661 Scriptura:
2373 5606 2482 5646 non
2528 5586 2749 5657 habent,
2805 5591 3310 5661 memoratulihrum
3354 5586 3612 5661 Pastoris

2030 5677 2123 5785 ἵξῃ
2157 5658 2457 5743 :Hermetis,
2494 5663 2587 5733 qui
2631 5663 2834 5719 dicitur
2884 5660 3020 5717 Duw
3079 5659 3185 5714 l’iw
3216 5659 3298 5713 vel
3337 5658 3612 5714 ludit-ium

2079 5746 2194 5785 em.

2079 5746 2194 5788 ειη.
