4140 6430
509 390 618 446 9ίο
1220 378 1494 438 EUSEBII
1529 376 2014 436 CESARIENSIS
2051 374 2205 433 OPP.
2242 371 2428 430 PARS
2466 371 2508 429 l.
2549 403 2620 415 -—-
2657 370 3054 430 IIISTORICA.
3677 373 3788 429 220

512 523 636 561 εηιιι
665 503 881 576 publice
907 503 1010 574 legi
1035 502 1426 574 comperimus,
1459 511 1516 558 et
1571 503 1833 574 quosdam
1861 517 1924 558 ex
1983 499 2368 556 vetustissimis
2419 497 2794 566 scriptoribus,
2850 496 3018 567 ipsius
3073 495 3382 551 testimonio
3438 509 3563 550 usos
3598 494 3784 551 fuisse.

511 603 687 668 Atque
718 601 832 654 haec
849 599 916 656 de
946 599 1255 655 discrimine
1279 598 1717 670 Scripturarum,
1746 613 1866 668 qua:
1896 597 1977 653 vel
2011 605 2244 668 recepta:
2302 595 2444 666 apud
2503 609 2693 650 omnes
2737 593 3104 666 auctoritatis,
3163 591 3246 647 vel
3305 592 3480 649 dubia:
3523 601 3575 647 et
3617 591 3782 646 vacilv

511 691 676 750 laniis
699 694 838 766 apud
867 694 1158 764 plerosque
1184 693 1306 748 fidei
1333 693 1621 759 habentur,
1648 695 1912 750 hactenus
1943 694 2085 750 dicta
2119 693 2247 748 sint.

1043 785 1148 854 73
1189 783 1421 840 CAPUT
1471 784 1562 840 tv.

2737 782 3132 836 ΚΕΦΑΛΑῘΟΝ
3172 783 3244 834 A'.

770 877 846 932 De
874 877 1046 948 prima
1097 877 1456 946 apostolorum
1499 879 1846 935 successione.

586 1028 759 1084 Porro
788 1028 1014 1085 Paulum
1055 1032 1306 1099 gentibus
1337 1032 1746 1102 praedicantem,
1780 1031 1850 1087 ab
1902 1031 2096 1088 Hiero-

516 1121 738 1193 solymis
795 1131 850 1178 et
918 1122 1165 1179 ﬁnitimis
1230 1107 1367 1180 locis
1428 1139 1601 1194 usque
1667 1125 1733 1179 ad
1789 1124 2095 1196 Illyricum,

519 1213 884 1270 Ecclesiarnm
969 1215 1171 1287 ubique
1261 1216 1612 1272 fundamenta
1677 1215 1911 1285 iecisse,
1981 1228 2096 1273 tum

517 1321 585 1359 ex
665 1307 833 1377 ipsius
904 1309 1086 1364 verbis
1126 1316 1387 1375 constat,
1444 1317 1556 1363 tum
1609 1322 1675 1362 ex
1748 1309 1815 1364 iis
1870 1324 1990 1380 quae
2067 1324 2097 1364 a

519 1396 663 1451 Luca
735 1400 789 1453 in
844 1399 1072 1455 Actibus
1130 1400 1460 1456 referuntur.
1549 1393 1756 1468 Quibus
1836 1403 1964 1457 item
2043 1402 2096 1457 in

519 1489 818 1556 provinciis
847 1488 1041 1546 Petrus
1064 1491 1340 1547 Christum
1369 1492 1572 1549 Judaeis
1615 1493 1938 1563 praadicans,
1997 1509 2099 1549 no-

523 1577 571 1629 vi
609 1575 854 1633 Fmderis
879 1579 1183 1634 doctrinam
1217 1581 1528 1648 tradiderit,
1558 1583 1693 1637 satis
1728 1593 1916 1651 aperte
1942 1583 2098 1640 colli-

521 1668 668 1729 gitur
697 1683 764 1723 ex
795 1684 857 1723 ea
893 1669 1130 1738 Epistola
1159 1685 1280 1742 quae
1308 1673 1407 1741 ipsi
1457 1672 1525 1729 ab
1555 1675 1825 1740 omnibus,
1860 1687 1918 1729 ut
1963 1675 2102 1742 dixi,

517 1757 637 1810 sine
690 1762 1059 1814 controversia
1125 1762 1419 1816 ascribitur
1465 1780 1480 1817 :
1535 1779 1698 1834 quam
1749 1766 1966 1833 quidem
2011 1766 2102 1823 ille

519 1847 763 1904 llebrazis
798 1866 894 1920 per
920 1849 1178 1917 Pontum,
1199 1852 1492 1920 Galatiam,
1521 1856 1936 1926 Cappadociam,
1973 1873 2099 1928 per-

519 1955 626 2007 que
651 1939 838 1994 Asiam
873 1951 1036 2010 atque
1092 1943 1399 2015 Bithyniam
1437 1946 1489 2000 in
1520 1947 1859 2016 dispersione
1892 1951 2100 2018 agenti-

519 2029 620 2082 bus
652 2030 863 2084 scribit.
893 2034 1034 2098 Quot
1064 2048 1192 2088 vero
1237 2044 1292 2088 et
1322 2037 1541 2105 quinam
1599 2037 1792 2092 horum
1827 2039 2101 2108 apostolo-

523 2135 642 2174 rum
672 2122 785 2176 veri
837 2121 1157 2188 imitatores,
1195 2128 1510 2182 corumdem
1539 2127 1741 2198 judicio
1788 2130 1932 2199 digni
1963 2128 2106 2198 judi-

517 2213 625 2267 cati
659 2214 789 2280 sint,
823 2216 911 2284 qui
947 2214 1198 2272 fundatas
1223 2219 1290 2272 ab
1331 2218 1460 2288 ipsis
1517 2221 1784 2276 Ecclesia-3
1840 2224 2096 2291 pastorali

519 2303 697 2359 cilicio
727 2306 1116 2375 gubernarent,
1165 2324 1508 2379 nequaquam
1543 2309 1702 2366 facile
1743 2321 1826 2366 est
1861 2313 2044 2367 dicere
2081 2333 2094 2366 :

520 2407 885 2467 prmterquam
918 2400 1059 2467 illos,
1109 2417 1246 2471 quos
1287 2418 1353 2456 ex
1406 2403 1576 2471 ipsius
1626 2405 1870 2473 Apostoli
1921 2405 2099 2460 verbis

521 2488 678 2545 facile
706 2491 884 2560 quivis
912 2495 1084 2563 possit
1116 2495 1394 2564 colligere.
1429 2496 1598 2566 llujus
1639 2499 1782 2552 enim
1821 2513 1987 2568 prope
2019 2499 2099 2550 in-

521 2583 885 2638 numerabiles
904 2584 1200 2653 adjutores,
1237 2597 1310 2649 et,
1347 2597 1403 2642 ut
1439 2589 1552 2657 ipse
1581 2580 1841 2652 nominat,
1875 2590 2100 2643 commi-

521 2679 718 2730 litones
767 2679 1028 2733 fuerunt:
1071 2665 1307 2749 quorum
1355 2680 1442 2734 ille
1478 2684 1763 2751 plerosque
1807 2682 2098 2736 immortali

524 2766 890 2836 Epistolarum
931 2786 1152 2825 suarum
1209 2772 1518 2828 testimonio
1551 2783 1794 2840 ornatos,
1829 2785 2100 2844 perpetua:

525 2861 808 2916 hominum
838 2865 1116 2918 memorias
1142 2865 1564 2919 commendavit.
1599 2865 1704 2920 Sed
1749 2877 1803 2921 et
1831 2866 2002 2921 Lucas
2045 2867 2098 2921 in

520 2955 751 3010 Actibus
781 2956 1068 3026 discipulos
1097 2957 1247 3013 Pauli
1279 2974 1626 3022 enumerans,
1657 2959 1897 3026 singulos
1928 2961 2101 3015 norni-

524 3048 690 3101 natim
725 3047 980 3118 appellat.
1017 3049 1095 3104 Ex
1122 3050 1205 3104 his
1233 3050 1550 3105 Timotheus
1572 3051 1788 3120 quidem
1816 3051 2100 3122 Ephesina:

526 3137 784 3193 Ecclesia:
838 3139 1211 3209 episcopatum
1268 3142 1477 3210 primus
1534 3146 1810 3214 accepisse
1864 3145 2097 3212 dicitur,

526 3230 989 3298 quemadmodum
1044 3232 1207 3286 etiam
1264 3232 1417 3289 Titus
1469 3234 1662 3290 insula:
1710 3237 1883 3291 Creta
1921 3236 2108 3292 Eccle-

525 3335 551 3372 s
577 3335 732 3374 arum
783 3322 1076 3391 episcopus
1121 3321 1289 3378 fuisse
1339 3336 1691 3380 memoratur.
1733 3326 1908 3385 Lucas
1951 3342 2104 3392 vero,

457 3491 464 3496 ι
524 3413 690 3466 domo
721 3413 1112 3480 Antiochenus,
1137 3424 1254 3470 arte
1283 3418 1550 3485 medicus,
1585 3421 1676 3489 qui
1705 3429 1756 3474 et
1787 3435 1909 3474 cum
1939 3417 2108 3476 Paulo

2202 877 2340 943 Περὶ
2372 875 2478 944 τῆς
2505 873 2738 944 πρώτης
2788 875 3162 1013 ιέποῧτόὶὶωζ)
3202 873 3480 944 διαδοχῆς
3542 872 3678 944 (Nic.
3711 872 3762 928 Η

2272 1039 2393 1092 Ὅτι
2429 1039 2526 1107 μὲν
2559 1032 2652 1091 οὖν
2688 1039 2798 1100 τοῖς
2830 1035 2889 1102 ἐξ
2936 1035 3106 1089 ἐθνῶν
3141 1035 3434 1107 κηρύσσων
3477 1037 3504 1090 ὁ
3540 1034 3756 1099 Παῦλος

2197 1128 2325 1191 τοὺς
2367 1128 2476 1180 ἀπὸ
2514 1126 2872 1198 Ἰερουσαλὴμ
2902 1127 2996 1179 καὶ
3045 1127 3230 1198 κύκλῳ
3283 1127 3442 1198 μέχρι
3489 1127 3582 1181 τοῦ
3625 1127 3792 1181 Ἱλλυ-

2200 1218 2352 1291 ρικοῦ
2369 1217 2477 1272 τῶν
2500 1217 2834 1288 Ἑκκλησιῶν
2865 1217 3265 1290 καταϐέϐληται
3299 1217 3604 1289 θεμελίους,
3625 1219 3789 1290 δῆλον

2199 1314 2261 1366 ὲκ
2279 1312 2386 1364 τῶν
2403 1310 2565 1364 αὐτοῦ
2584 1311 2778 1380 γένοιτ’
2805 1310 2870 1364 ἂν
2888 1309 3100 1380 φωνῶν,
3123 1310 3217 1363 καὶ
3244 1311 3338 1381 ἀφ’
3355 1305 3430 1365 ὧν
3443 1313 3471 1364 ὁ
3485 1314 3697 1376 Λουκᾶς
3729 1317 3788 1366 ἐν

2197 1409 2319 1470 ταῖς
2349 1393 2618 1476 Πρὰξεσίν
2660 1402 2961 1474 ἱστόρησεν.
2993 1403 3103 1455 Καὶ
3136 1403 3198 1454 ὲκ
3224 1401 3332 1455 τῶν
3365 1403 3571 1475 Πέτρου
3603 1403 3658 1456 δὲ
3699 1403 3788 1455 λέ-

2199 1495 2356 1562 ξεων,
2385 1496 2442 1547 ὲν
2471 1493 2694 1556 ὁπόσαις
2709 1492 2803 1545 καὶ
2818 1484 2972 1554 οὗτος
3003 1489 3292 1559 ἐπαρχίαις
3316 1491 3441 1555 τοὺς
3471 1492 3533 1542 ὲκ
3565 1505 3787 1561 περιτο-

2203 1585 2412 1658 μῆςτον
2431 1584 2662 1654 Χριστὸν
2687 1580 3190 1653 εὐαγγελιζόμενος,
3209 1582 3298 1634 τὸν
3325 1582 3424 1652 τῆς
3445 1581 3632 1651 καινῆς
3661 1583 3791 1633 Δια-

2201 1678 2376 1750 θήκης
2414 1676 2696 1749 παρεδίδου
2729 1675 2904 1744 λόγον,
2953 1676 3121 1744 σαφὲς
3155 1675 3219 1729 ἂν
3254 1675 3338 1743 εἴη
3359 1712 3370 1733 ,
3413 1675 3505 1742 ἀφ’
3531 1669 3599 1744 ἦς
3629 1674 3786 1744 είρή-

2199 1787 2373 1840 καμεν
2421 1767 2859 1839 ὁμολογουμένης
2910 1766 3073 1819 αὑτοῦ
3091 1765 3426 1835 Ἐπιστολῆς,
3467 1766 3535 1836 ἢν
3563 1767 3676 1828 τοῖς
3724 1766 3786 1828 ἐξ

2213 1859 2474 1930 Ἐϐραίων
2504 1857 2616 1928 (44)
2657 1853 2808 1909 οὖσιν
2842 1857 2899 1907 ὲν
2941 1855 3212 1926 διασπορᾷ
3247 1855 3448 1908 Πόντου
3484 1856 3575 1908 καὶ
3613 1854 3787 1907 Γαλα-

2199 1952 2353 2013 τίας,
2401 1948 2793 2011 Καππαδοκίας
2847 1965 2905 2001 τε
2960 1948 3052 2000 καὶ
3101 1947 3284 2010 ⁹Ασίας
3349 1947 3443 2001 καὶ
3492 1945 3780 2008 Βιθυνίας,

2203 2041 2423 2109 γράφει.
2460 2040 2614 2092 Ὅσοι
2647 2038 2702 2091 δὲ
2740 2038 2968 2099 τούτων,
3007 2037 3097 2090 καὶ
3125 2038 3269 2100 τίνες
3299 2038 3506 2108 γνήσιοι
3546 2035 3786 2106 ζηλωταὶ

2204 2132 2503 2199 γεγονότες,
2543 2130 2640 2191 τὰς
2674 2130 2808 2201 πρὸς
2854 2129 3030 2182 αὐτῶν
3081 2128 3383 2200 ίδρυθείσας
3437 2129 3611 2182 ἱκανοὶ
3659 2145 3783 2181 ποι-

2208 2223 2416 2292 μαίνειν
2452 2221 2883 2292 ἐδοκιμάσθησαν
2906 2215 3249 2289 Ἑκκλησίας,
3271 2221 3331 2273 ού
3367 2220 3548 2290 ρᾁιον
3585 2222 3780 2285 εἰπεῖν,

2208 2315 2280 2384 μὴ
2311 2315 2389 2366 ὅτι
2423 2330 2485 2382 γε
2518 2314 2675 2376 ὅσους
2708 2312 2770 2365 ἂν
2804 2329 2888 2374 τις
2921 2314 2982 2364 ἐκ
3015 2314 3121 2364 τῶν
3169 2313 3380 2366 Παύλου
3415 2311 3606 2380 φωνῶν
3651 2314 3783 2366 ἁνα-

2203 2405 2423 2471 λέξοιτο.
2461 2404 2661 2458 Τούτου
2711 2405 2819 2473 γὰρ
2868 2401 2959 2458 οὖν
3007 2405 3188 2476 μυρίοι
3243 2407 3524 2477 συνεργοὶ,
3562 2407 3654 2458 καὶ
3703 2405 3779 2468 ὡς

2204 2497 2366 2559 αὐτὸς
2426 2497 2675 2567 ὠνόμασε
2752 2497 3143 2565 συστρατιῶται
3219 2498 3538 2569 γεγόνασιν,
3595 2493 3670 2552 ὧν
3729 2499 3777 2550 oi

2205 2588 2422 2650 πλείους
2454 2588 2688 2659 ἀλήστου
2727 2589 2862 2660 πρὸς
2899 2589 3059 2642 αύτοῦ
3095 2592 3312 2661 μνήμης
3355 2590 3632 2658 ⁸ἰχξίωνται,
3663 2589 3780 2658 διη-

2204 2681 2333 2750 νεκῆ
2375 2681 2470 2751 τὴν
2513 2682 2638 2752 περὶ
2668 2681 2841 2734 αὐτῶν
2887 2683 3188 2754 μαρτυρίαν
3226 2686 3344 2746 ταῖς
3363 2682 3780 2747 ἱδίαιςἘπιστο-

2201 2774 2320 2835 λαῖς
2359 2773 2837 2841 ὲγκαταλέξαντος.
2866 2776 2939 2827 Ού
2976 2775 3080 2845 μὴν
3119 2773 3251 2827 ἀλλὰ
3279 2775 3372 2827 καὶ
3413 2775 3440 2826 ό
3473 2775 3685 2835 Λουκᾶς
3721 2774 3778 2826 ἐν

2203 2870 2320 2929 ταῖς
2351 2865 2585 2937 Πρὰξεσι
2631 2866 2754 2929 τοὺς
2794 2865 3098 2936 γνωρίμους
3136 2865 3298 2918 αὑτοῦ
3342 2864 3674 2933 καταλέγων,
3720 2863 3779 2927 ἐξ

2203 2955 2462 3024 ὀνόματος
2491 2955 2668 3007 αὐτῶν
2698 2956 3040 3026 μνημονεύει.
3066 2954 3324 3026 Τιμόθεός
3351 2972 3414 3023 γε
3451 2955 3555 3025 μὴν
3584 2954 3680 3024 τῆς
3722 2955 3780 3006 ἐν

2216 3046 2424 3117 Ἐφέσῳ
2458 3047 2746 3117 παροικίας
2780 3048 3069 3118 ἱστορεῖται
3103 3047 3316 3118 πρῶτος
3348 3047 3443 3117 τὴν
3479 3046 3779 3116 ἐπισκοπὴν

2205 3137 2496 3208 εἰληχέναι,
2528 3138 2604 3202 ὼς
2643 3140 2734 3192 καὶ
2765 3139 2923 3202 Τίτος
2950 3138 3056 3191 τῶν
3082 3136 3780 3209 ὲπὶΚρήτηςἙκκλησιῶν.

2203 3229 2415 3294 Λουκᾶς
2442 3230 2498 3283 δὲ
2525 3229 2584 3282 τὸ
2619 3231 2716 3302 μὲν
2750 3231 2904 3299 γένος
2931 3230 3004 3283 ὢν
3035 3229 3142 3283 τῶν
3170 3230 3262 3282 ἀπ’
3301 3230 3648 3299 Ἄντιοχείας,
3680 3229 3783 3301 τὴν

2203 3321 2259 3375 δὲ
2305 3323 2613 3393 ἐπιστήμην
2659 3324 2872 3394 ἰατρὸς,
2921 3323 2990 3376 τὰ
3041 3322 3267 3376 πλεῖστα
3325 3320 3664 3390 συγγεγονὼς
3705 3321 3786 3392 τῷ

2205 3413 2424 3483 Παύλῳ,
2457 3415 2549 3466 καὶ
2587 3418 2699 3478 τοῖς
2731 3415 2936 3477 λοιποῖς
2979 3415 3034 3468 δὲ
3081 3416 3141 3467 ού
3173 3414 3466 3486 παρέργως
3508 3413 3615 3466 τῶν
3645 3414 3784 3466 ἀπο·

523 3506 615 3556 diu
661 3505 1108 3576 eonjunetissime
1149 3509 1304 3568 vixit.
1331 3519 1384 3563 et
1431 3525 1554 3564 cum
1593 3511 1817 3580 reliquis
1845 3511 2101 3580 apostolis

2208 3505 2408 3558 στόλων
2454 3505 2780 3576 ὡμιληκὼς,
2829 3503 2898 3578 ἦς
2936 3507 3042 3559 ἀπὸ
3105 3507 3310 3558 τούτων
3375 3505 3788 3576 προσεκτήσατο

522 3591 768 3648 studiose
808 3603 1054 3652 versatus
1080 3605 1184 3662 est,
1217 3599 1350 3655 artis
1402 3599 1546 3656 illius
1575 3601 1642 3654 ad
1695 3603 1966 3657 sanandos
1999 3603 2100 3658 ho-

527 3681 732 3737 minum
768 3686 984 3742 animos
1013 3689 1296 3757 instituta),
1323 3707 1486 3761 quam
1510 3692 1611 3746 sibi
1640 3706 1702 3747 ex
1727 3693 2098 3762 apostolorum

525 3775 776 3832 doctrina
813 3795 1246 3851 comparaverat,
1280 3786 1420 3840 duos
1447 3785 1602 3842 nobis
1639 3786 1808 3842 libros
1841 3787 2101 3842 divinitus

528 3867 821 3934 inspiratos
850 3872 1089 3942 reliquit.
1142 3876 1290 3930 Alter
1352 3892 1538 3932 eorum
1583 3877 1932 3949 Evangelittm
1993 3887 2101 3946 est,

525 3964 670 4024 quod
704 3962 922 4032 quidem
953 3966 1025 4020 ita
1049 3981 1108 4022 se
1135 3985 1358 4037 prorsus
1375 3986 1631 4027 exarasse
1659 3981 1905 4036 testatur,
1943 3982 2104 4042 prout

527 4055 596 4106 ab
657 4053 790 4124 ipsis
837 4059 986 4114 verbi
1045 4061 1212 4117 divini
1270 4065 1556 4131 ministris,
1614 4074 1668 4119 et
1717 4065 1806 4134 qui
1849 4064 1916 4118 ab
1949 4065 2104 4119 initio

527 4145 806 4201 Christum
838 4149 1110 4218 viderant,
1157 4164 1444 4222 acceperat
1475 4168 1490 4206 :
1528 4169 1664 4222 quos
1712 4153 1876 4208 etiam
1913 4169 2103 4209 omnes

525 4253 585 4289 se
613 4237 724 4307 jam
743 4239 942 4294 dudum
959 4251 1288 4299 assectatum
1303 4259 1424 4299 esse
1449 4246 1755 4314 profitetur.
1788 4245 1941 4299 Alter
1965 4245 2103 4300 liber

529 4327 847 4384 inscribitur
889 4329 1056 4387 Actus
1082 4334 1469 4402 apostolorum,
1525 4351 1662 4406 quos
1715 4335 1804 4390 ille
1847 4352 1950 4391 non
1990 4337 2102 4405 jam

524 4418 803 4475 auditione
832 4431 1104 4490 acceptos,
1136 4427 1230 4479 sed
1266 4426 1439 4481 oculis
1483 4427 1596 4481 suis
1638 4435 1912 4496 spectatos
1961 4430 2102 4481 scri-

525 4517 635 4585 ptis
662 4515 906 4571 tradidit.
941 4516 1109 4588 l-lujus
1135 4533 1299 4586 porro
1327 4520 1672 4590 Evangelium
1702 4521 1900 4576 aiunta
1936 4521 2102 4576 Paulo

526 4608 801 4678 designari
826 4607 1044 4665 solitum
1075 4625 1216 4676 esse,
1251 4613 1463 4682 quoties
1507 4622 1764 4682 tanquam
1791 4615 1857 4667 de
1881 4615 2100 4685 proprio

526 4701 761 4770 quodam
790 4701 1080 4772 Evangelia
1113 4721 1416 4761 sermonem
1457 4707 1680 4771 faciens,
1724 4707 1896 4762 dicit:
1935 4726 1956 4759 ι
1997 4710 2100 4762 Se-

529 4791 767 4847 cundum
824 4791 1172 4864 Evangel'um
1239 4811 1436 4851 meum.
1480 4815 1496 4848 ι
1555 4797 1631 4852 Ex
1709 4797 1817 4868 74
1874 4797 2102 4866 reliquis

2202 3596 2389 3666 ψυχῶν
2439 3598 2870 3668 θεραπευτικῆς,
2916 3600 2974 3651 ἐν
3025 3599 3174 3652 δυσὶν
3220 3601 3359 3668 ἡμῖν
3411 3597 3787 3666 ὑποδείγματα

2203 3687 2580 3753 θεοπνεύστοις
2627 3690 2978 3744 καταλέλοιπε
3015 3690 3271 3760 βιϐλίοις·
3321 3689 3396 3759 τῷ
3439 3706 3498 3741 τε
3538 3689 3784 3757 Εὐαγγέ-

2204 3780 2333 3849 λίῳ,
2369 3781 2395 3834 ὃ
2447 3783 2540 3835 καὶ
2591 3783 2825 3853 χαράξαι
2879 3783 3242 3857 μαρτύρεται,
3297 3782 3436 3835 καθα
3494 3782 3788 3853 παρέδοντο

2207 3876 2353 3944 αὐτῷ
2399 3877 2447 3928 οἱ
2478 3877 2730 3947 ἁπαρχῆς
2764 3875 3027 3930 αὐτόπται
3075 3875 3167 3928 καὶ
3202 3875 3468 3946 ὑπηρέται
3501 3874 3784 3944 γενόμενοι

2206 3967 2297 4020 τοῦ
2327 3967 2509 4035 λόγου,
2537 3963 2616 4030 οἷς
2659 3969 2751 4022 καί
2797 3986 2958 4039 φησιν
2996 3967 3272 4020 ὲπάνωθεν
3321 3968 3489 4020 ἆπασι
3537 3983 3786 4038 παρηκο-

2210 4059 2548 4129 λουθηκέναι,
2600 4062 2692 4113 καὶ
2721 4063 2839 4124 ταῖς
2877 4060 2983 4113 τῶν
3031 4059 3341 4113 ἀποστόλων
3384 4059 3686 4129 Πρὰξεσιν,
3721 4059 3788 4123 ἃς

2208 4153 2390 4204 ούκέτι
2437 4152 2501 4204 δι’
2551 4153 2750 4221 ἀκοῆς,
2799 4151 3092 4221 ὀφθαλμοῖς
3125 4152 3179 4204 δὲ
3227 4152 3407 4214 αὐτοῖς
3459 4150 3787 4222 παραλαϐὼν

2214 4242 2556 4306 συνετάξατο.
2588 4243 2722 4294 Φασὶ
2761 4242 2816 4294 δὲ
2850 4242 2924 4304 ὡς
2948 4243 3054 4313 ἄρα
3082 4241 3174 4294 τοῦ
3211 4241 3329 4295 κατ’
3363 4241 3522 4294 αὑτὸν
3552 4241 3790 4310 Εύαγγε-

2210 4335 2322 4388 λίου
2355 4334 2711 4406 μνημονεύειν
2739 4334 2766 4385 ὁ
2795 4332 3003 4398 Παῦλος
3035 4333 3242 4396 εἴωθεν,
3283 4334 3518 4403 ὁπηνίκα
3547 4332 3622 4395 ὡς
3657 4333 3788 4404 περὶ

2213 4427 2338 4480 ίδὶου
2380 4428 2524 4490 τινος
2569 4426 2898 4496 Εὑαγγελίου
2955 4427 3181 4497 γράφων
3238 4425 3423 4492 ἕλεγεο
3474 4446 3490 4474 ι
3525 4426 3680 4478 Κατὰ
3728 4424 3788 4478 τὺ

2211 4520 2541 4588 Εύαγγέλιόν
2595 4537 2715 4590 μου.
2740 4541 2758 4570 ο
2808 4517 2928 4571 Τῶν
2967 4519 3022 4571 δὲ
3067 4518 3266 4571 λοιπῶν
3323 4517 3630 4570 ἀκολούθων
3693 4517 3786 4570 τοῦ

2210 4615 2441 4678 Παύλου,
2479 4615 2728 4686 Κρίσκης
2758 4615 2855 4683 μὲν
2886 4615 2975 4666 ἐπὶ
3019 4613 3115 4677 τὰς
3156 4613 3384 4676 Γαλλίας
3418 4613 3527 4683 (αξ-5)
3576 4613 3785 4667 στειὶὰ-

2212 4725 2369 4779 μενος
2398 4707 2488 4760 ὑπ’
2522 4706 2684 4759 αὑτοῦ
2723 4709 3102 4777 μαρτυρεῖται,
3134 4708 3288 4768 Αἶνος
3320 4706 3375 4758 δὲ
3416 4702 3476 4759 οὗ
3515 4706 3786 4776 μέμνηται

2212 4801 2458 4862 συνόντος
2486 4801 2577 4851 ἐπὶ
2623 4799 2838 4870 Ῥώμης
2860 4785 3007 4868 αὑτῷ
3042 4797 3181 4851 κατὰ
3215 4799 3310 4869 τὴν
3353 4797 3610 4868 δευτέραν
3651 4798 3787 4870 πρὸς

604 4914 718 4986 (Η)
757 4916 871 4968 Ἦν
924 4915 1048 4982 τοῖς
1208 4919 1510 4993 ’.Εὔραίωκ
1548 4919 1618 4993 Ita
1663 4921 1831 4993 code-1t"
1883 4919 2100 4993 Regius.

2215 4933 2359 4977 teres
2388 4924 2666 4993 quidam,
2698 4931 2866 4993 atque
2911 4920 3086 4993 inAhis
3136 4917 3421 4993 Eusebius,
3473 4917 3786 4993 legissenvi-

531 4989 1228 5058 Yerumqngnorreliqui
1281 4992 1479 5043 diserte
1508 4989 1770 5058 scriptum
1819 4991 2022 5043 habent
2047 4993 2104 5044 ὲν

530 5054 566 5131 ᾗ
594 5058 706 5131 τοῖς
731 5057 797 5131 ἐξ
825 5055 1119 5131 Ἐϐραίων,
1143 5061 1426 5131 etc.Quant
1459 5054 1785 5129 script-urant
1815 5060 2107 5114 confirmat

528 5119 956 5199 é'tiathiitlinus
981 5143 999 5182 :
1024 5119 1128 5182 Sed
1162 5140 1208 5182 et
1250 5119 1440 5182 Petrus
1474 5133 1529 5182 in
1568 5119 1757 5199 quibus
1795 5132 1951 5184 etiam
1998 5132 2107 5196 ipse

534 5198 814 5268 provinciis
847 5199 928 5252 Itis
956 5201 1044 5268 qui
1089 5216 1154 5253 ea:
1183 5198 1586 5254 circumcisione
1608 5211 1752 5259 sunt,
1794 5202 2108 5266 prwtiicave-

530 5267 608 5342 fit
651 5267 941 5342 Christum,
970 5267 1199 5342 propriis
1232 5271 1440 5342 vocibus
1473 5271 1525 5321 in
1560 5287 1620 5342 ea_
1665 5270 1904 5339 Epistola
1946 5287 2106 5342 quant

534 5341 702 5406 ipsius
731 5340 938 5392 nomine
978 5339 1171 5406 absque
1199 5341 1542 5407 ambiguitate
1573 5340 1764 5393 claruit
1799 5356 1931 5403 esse,
1958 5339 2092 5394 'desi.

531 5420 658 5479 gnat
688 5425 707 5463 :
735 5410 787 5462 in
827 5427 930 5479 qua
961 5411 1030 5463 ad
1063 5426 1149 5464 eus
1177 5411 1265 5478 qui
1295 5411 1350 5462 in
1384 5411 1706 5475 dispersione
1729 5421 1876 5470 sunt,
1903 5413 2106 5474 scribit;

534 5485 651 5533 sine
677 5480 839 5532 dubio
884 5479 1156 5534 llebra'os.
1196 5479 1304 5547 Ipsi
1349 5482 1535 5532 ctenim
1571 5481 1794 5548 dispersi
1839 5482 2108 5544 dicuntur,

534 5561 806 5621 tanquam
827 5551 1052 5618 propriis
1076 5552 1308 5621 _sedibus__
1337 5551 1497 5621 pulsi,
1546 5559 1593 5603 ct
1630 5553 1785 5618 positi
1813 5551 1867 5604 in
1909 5553 2109 5620 disper-

536 5617 684 5674 sione
710 5630 768 5674 ut
794 5620 900 5686 ipse
925 5617 1025 5681 ait,
1065 5618 1243 5683 I’onti,
1267 5617 1516 5681 Galatiw,
1544 5617 1650 5675 etc.

597 5689 714 5760 (45)
746 5691 1014 5760 Κρίσκης
1037 5688 1153 5759 μὲν
1182 5689 1280 5760 ἐπὶ
1309 5690 1412 5754 τὰς
1437 5691 1726 5758 Γαλλίας.
1760 5689 1929 5748 Locus
1954 5691 2104 5747 Pauli

537 5759 718 5815 exStat
763 5759 816 5812 in
865 5763 1164 5830 posteriore
1201 5759 1438 5826 Epistula
1487 5763 1550 5814 ad
1599 5760 1966 5830 Timotheum,
2009 5765 2098 5818 ubi

539 5831 699 5886 hodie
729 5831 944 5901 quidem
975 5830 1436 5902 ΙρειιυγΚρίσκης
1463 5832 1844 5896 εΞςΓαλατίαν.
1875 5835 1979 5889 Sed
2008 5848 2098 5888 vc-

2211 4987 2516 5056 dentur'ei;
2549 4987 2796 5046 Γαλλίαν.
2836 4991 2899 5045 Ει
2944 4990 3023 5042 sic
3049 4988 3394 5043 scribendum
3427 5001 3549 5040 esse
3574 4990 3626 5040 in
3660 4987 3786 5054 Epi-

2211 5064 2346 5118 stola
2374 5064 2544 5122 Pauli.
2580 5062 2858 5118 contendit
2887 5059 3219 5130 Epiphanius
3261 5059 3313 5110 in
3363 5057 3554 5110 hzeresi
3588 5057 3787 5125 Mogo-

2211 5149 2356 5201 rnm,
2405 5148 2629 5187 numero
2675 5133 2758 5185 Η.
2809 5132 3030 5185 Eusebii
3073 5130 3403 5201 scripturam
3441 5138 3666 5201 secutus
3701 5137 3787 5180 est

2215 5197 2573 5274 Hieronymus
2605 5203 2656 5256 in
2689 5199 3502 5274 Catalogo,_eptsqtteinterpres
3523 5197 3788 5274 _Sophr_ov

2215 5278 2334 5328 nius
2359 5266 2432 5329 ρι’
2448 5274 2537 5326 alii
2567 5266 2916 5326 recentiores.
2948 5266 3142 5325 Verior
3164 5279 3340 5321 tamen
3367 5276 3452 5320 est
3489 5266 3661 5320 altera
3710 5267 3790 5320 le-

2208 5346 2317 5397 Clio
2345 5347 2424 5408 είς
2456 5343 2554 5414 τὴν
2595 5343 2884 5405 Γαλατίαν,
2909 5339 3407 5414 _qttatn_contirtnat
3430 5337 3783 5414 Clemens-in
3810 5404 3820 5410 _

2211 5405 2680 5468 (Zonstitulionibus
2716 5405 3037 5478 apostolicis.
3071 5407 3434 5462 Theodoritus
3463 5409 3515 5461 in
3547 5407 3666 5460 loco
3693 5405 3786 5478 illo

2214 5483 2274 5537 B.
2333 5485 2480 5537 Pauli
2528 5483 2654 5552 legit
2708 5477 2924 5551 quidem
2971 5478 3260 5552 Γαλατίαν,
3315 5478 3407 5531 sed
3456 5492 3528 5552 eo
3564 5477 3785 5529 nomine

2212 5555 2417 5608 Callias
2443 5556 2513 5607 ait
2543 5545 3098 5622 significari,ad_quas
3130 5549 3327 5622 missus
3347 5545 3780 5622 erat_Crescens.

2208 5626 2370 5680 Certe
2397 5624 2532 5681 Galli
2568 5616 2919 5695 Crescentem
2950 5616 3063 5695 sibi
3112 5618 3411 5695 vindicant,
3449 5616 3786 5695 Viennenses

2207 5708 2258 5749 et
2289 5695 2602 5763 Moguntiui.
2647 5692 2779 5747 Vide
2807 5691 3087 5748 Serariutn
3119 5690 3173 5746 in
3218 5688 3310 5744 lib.
3354 5701 3396 5743 ll
3441 5687 3781 5758 Moguntina-

2207 5784 2318 5820 rum
2349 5767 2738 5837 tmtiquitatum.
