4140 6430
365 386 368 389 _
389 315 501 371 sat

1394 314 1746 373 HISTORIA}
1787 313 2350 372 ECCLESIASTlCE
2391 311 2520 369 LIB.
2560 312 2650 370 Ill.

3547 315 3655 372 222

392 436 661 508 Τιμόθεον
684 435 1024 510 Ἐπιστολὴν,
1045 435 1260 510 πρῶτος
1294 437 1434 510 μετά
1470 438 1676 510 Πέτρον
1708 436 1809 508 τῆς
1849 437 1976 490 Ῥω-

2086 435 2239 490 Pauli
2271 434 2563 490 comitibus
2593 431 2859 488 Crescens
2904 433 3124 504 quidem
3153 434 3220 489 ab
3262 448 3329 491 eo
3362 434 3559 490 missus
3606 437 3656 489 in

395 530 577 602 μαίων
609 530 933 601 Ἐκκλησίας
968 530 1067 602 τὴν
1099 529 1403 602 ἐπισκοπὴν
1429 531 1528 601 ἤδη
1563 530 1827 602 πρότερον
1854 528 1982 601 κλη-

396 619 599 692 ρωθεὶς
638 619 952 692 δεδήλωται.
1008 620 1169 673 Ἀλλὰ
1214 620 1309 673 καὶ
1359 621 1388 671 ὁ
1421 618 1653 690 Κλήμης
1703 617 1802 687 τῆς
1845 618 1978 670 Ῥω-

400 712 578 783 μαίων
627 713 719 767 καὶ
759 712 922 776 αὐτὸς
962 712 1284 784 Ἐκκλησίας
1317 711 1499 784 τρίτος
1535 709 1831 772 ἐπίσκοπος
1879 727 1981 764 κα-

393 806 618 870 ταστὰς,
654 806 868 860 Παύλου
901 806 1159 878 συνεργὸς
1205 807 1295 859 καὶ
1329 803 1666 876 συναθλητὴς
1697 804 1978 872 γεγονέναι

398 897 535 968 πρὸς
603 897 766 950 αὐτοῦ
835 900 1209 968 μαρτυρεῖται.
1271 897 1394 950 Ἐπὶ
1460 895 1671 959 τούτοις
1736 895 1833 948 καὶ
1887 894 1978 948 τὸν

405 989 462 1042 Ἀ
476 991 824 1060 ρειοπαγίτην
858 989 1085 1052 ἐκεῖνον,
1116 988 1390 1052 Διονύσιος
1434 988 1603 1060 ὄνομα
1637 985 1803 1057 αὐτῷ,
1835 987 1894 1040 ὃν
1922 988 1980 1041 ἐν

395 1081 636 1151 Πράξεσι
682 1082 819 1152 μετά
847 1082 944 1152 τὴν
971 1081 1028 1132 ὲν
1067 1081 1259 1152 Ἀρείῳ
1305 1080 1464 1150 πάγῳ
1491 1080 1627 1152 πρὸς
1667 1078 1981 1150 Ἀθηναίους

394 1174 611 1227 Παύλου
660 1172 1018 1244 δημηγορίαν,
1067 1171 1281 1242 πρῶτον
1348 1171 1636 1224 πιστεῦσαι
1684 1169 1795 1240 (46)
1853 1169 1979 1224 ἀνέ-

391 1261 601 1332 γραψεν
630 1264 660 1315 ὁ
684 1260 1034 1330 Λουκάς,τῆς
1066 1261 1124 1312 ἐν
1167 1259 1419 1331 Ἀθήναις
1479 1259 1802 1330 Ἐκκλησίας
1832 1259 1982 1330 πρῶ-

391 1371 485 1407 τον
531 1353 847 1419 ἐπίσκοπον,
893 1352 1138 1424 ἀρχαίων
1184 1370 1269 1416 τις
1317 1352 1505 1424 ἕτερος
1561 1352 1836 1416 Διονύσιος
1880 1354 1981 1424 τῆς

392 1443 699 1514 Κορινθίων
768 1443 1065 1515 παροικίας
1134 1443 1340 1514 ποιμὴν
1400 1445 1602 1516 ἱστορεῖ
1673 1443 1977 1512 γεγονέναι.

402 1534 567 1588 Ἀλλὰ
588 1535 698 1608 γὰρ
725 1535 828 1607 ὁδῷ
856 1537 1260 1606 προϐαίνουσιν,
1287 1538 1378 1590 ἐπὶ
1406 1536 1598 1610 καιροῦ
1622 1535 1691 1590 τά
1717 1537 1816 1608 τῆς
1840 1537 1982 1590 κατά

389 1627 618 1698 χρόνους
677 1626 783 1680 τῶν
835 1628 1146 1681 ἀποστόλων
1201 1628 1452 1698 διαδοχῆς
1503 1629 1633 1698 ἡμῖν
1677 1629 1976 1700 εἰρήσεται.

389 1717 507 1775 Νῦν
529 1719 587 1774 δὲ
616 1720 710 1774 ἐπὶ⁵
732 1720 800 1776 τὰ
830 1718 957 1792 ἑξῆς
986 1722 1154 1794 ἴωμεν
1178 1722 1276 1793 τῆς
1308 1720 1567 1793 ἱστορίας.

929 1987 1324 2041 ΚΕΦΑΛΛῘΟΝ
1363 1987 1439 2042 Ε’.

395 2079 534 2148 Περὶ
586 2078 696 2146 τῆς
730 2077 879 2147 μετὰ
918 2078 1024 2133 τὸν
1059 2076 1646 2148 Χριστὸνηύστάτηςλ
1684 2076 1977 2134 Ἰουδαίων

675 2146 1022 2218 πολιορκίας
1043 2146 1178 2220 (Nic.
1217 2149 1290 2203 II.
1319 2147 1386 2202 Ε.
1425 2165 1506 2211 ttt,
1535 2146 1684 2217 3-8).

464 2239 620 2294 Μετά
665 2240 892 2312 Νέρωνα
923 2240 1055 2294 δέκα
1086 2239 1220 2311 πρὸς
1272 2239 1448 2310 τρισὶν
1486 2239 1628 2293 ἔτεσι
1675 2239 1772 2311 τὴν
1804 2241 1978 2313 ἀρχὴν

395 2330 861 2404 ὲπικρατήσαντα,
901 2332 1008 2385 τῶν
1030 2331 1171 2403 ἀμφὶ
1197 2331 1406 2385 Γάλϐαν
1437 2331 1530 2384 καὶ
1562 2331 1774 2385 Ὄθωνα
1807 2334 1980 2385 ιἐνιαυ⁸

397 2425 484 2477 τὸν
524 2424 616 2476 ἐπὶ
651 2423 814 2494 μησὶν
856 2423 914 2488 ἒξ
946 2423 1361 2494 διαγενομένων,
1406 2424 1812 2488 Οὐεσπασιανὸς
1860 2427 1979 2488 ταῖς

396 2513 537 2567 κατά
573 2515 840 2569 Ἰουδαῖων
869 2515 1702 2588 παρατάξεσι.λαμπρυνόμενος,
1733 2516 1980 2586 βασιλεὺς

397 2610 480 2661 ἐπ’
508 2607 679 2676 αὐτῆς
721 2607 1100 2663 ἀναδείκνυται
1147 2609 1248 2680 τῆς
1293 2609 1581 2672 Ἰουδαίας,
1625 2609 1981 2680 αὐτοκράτωρ

397 2699 532 2770 πῴς
558 2699 666 2753 τῶν
700 2699 883 2752 αὐτόθι
915 2701 1292 2771 στρατοπέδων
1327 2699 1726 2772 ἀναγορευθείς.
1748 2702 1858 2771 Τὴν
1886 2700 1980 2752 ἐπὶ

407 2787 627 2862 Ῥώμης
659 2785 752 2844 οὖν
781 2789 982 2843 αὐτίκα
1011 2789 1383 2861 στειλάμενος,
1419 2790 1564 2861 Τίτῳ
1596 2789 1674 2861 τῷ
1709 2790 1858 2844 παιδὶ
1889 2789 1980 2844 τὸν

395 2879 537 2934 κατά
575 2879 843 2933 Ἰουδαίων
869 2878 1161 2951 ἐγχειρίζει
1188 2880 1441 2951 πόλεμον.
1475 2879 1631 2935 Μετά
1658 2897 1718 2948 γε
1752 2879 1856 2951 μὴν
1883 2879 1981 2951 τὴν

393 2972 489 3026 τοῦ
521 2972 772 3044 Σωτῆρος
798 2971 953 3044 ήμῶν
977 2969 1260 3040 ἀνάληψιν,
1295 2970 1561 3024 Ἰουδαίων
1594 2969 1730 3042 πρὸς
1756 2970 1832 3041 τῷ
1863 2971 1980 3022 κατ’

396 3063 562 3118 αὐτοῦ
589 3063 918 3136 τολμήματι,
957 3065 1057 3135 ἤδη
1089 3065 1182 3117 καὶ
1216 3062 1358 3118 κατά
1401 3063 1509 3117 τῶν
1539 3063 1851 3118 ἀποστόλων
1882 3064 1981 3116 αὐ-

2081 526 2288 583 Gallias
2338 526 2492 581 Pauli
2538 525 2708 596 ipsius
2752 524 3066 580 testimonio
3117 527 3445 582 declaratur.
3491 527 3656 581 Linus

2077 634 2229 684 vero,
2265 633 2427 689 quem
2490 619 2544 672 in
2606 614 2842 671 secunda
2899 617 2966 671 ad
3015 617 3361 673 Timotheum
3419 617 3655 687 Epistola

2079 709 2264 764 Romae
2293 725 2476 765 secum
2514 708 2722 764 versari
2757 716 3012 772 testatur,
3040 709 3249 778 primus
3270 718 3392 778 post
3415 708 3657 777 Petrum,

2079 810 2139 854 ιιι
2166 815 2327 870 supra
2358 801 2469 870 jam
2529 800 2786 865 diximus,
2830 799 3085 856 Ecclesia:
3143 799 3399 856 llorname
3447 800 3662 868 episco-

2080 899 2261 959 patum
2288 891 2514 958 adeptus
2541 897 2644 944 est.
2680 888 2934 944 Clemens
2968 905 3208 960 quoque,
3241 891 3287 943 is
3337 890 3426 958 qni
3470 891 3662 945 tertius

2081 981 2338 1036 Ecclesiae
2365 981 2624 1035 Romanae
2640 983 2926 1049 episcOpus
2949 989 3030 1037 est
3061 982 3410 1044 constitutus,
3445 982 3664 1051 adjutor

2080 1072 2228 1128 Pauli
2274 1073 2569 1140 sociusque
2601 1071 2962 1126 certaminum
3023 1069 3214 1136 fuisse,
3259 1072 3543 1140 ipsiusntet
3584 1080 3662 1124 te-

2079 1164 2336 1218 stimonio
2387 1163 2722 1233 perhibetur.
2772 1162 3015 1231 Denique
3068 1163 3453 1232 Areopagitam
3512 1162 3658 1216 illum

2082 1255 2298 1310 nomine
2359 1255 2700 1327 Dionysium,
2746 1270 2908 1326 quem
2959 1267 3085 1328 post
3134 1257 3456 1312 concionem
3513 1255 3660 1308 illam

2080 1364 2242 1418 quam
2291 1347 2491 1402 Paulus
2527 1349 2579 1402 in
2614 1349 2895 1421 Areopago
2928 1351 2994 1403 ad
3042 1349 3399 1405 Athenienses
3447 1347 3660 1412 habuit,

2079 1440 2312 1510 primum
2343 1439 2640 1494 credidisse
2672 1440 2850 1497 Lucas
2877 1441 2928 1495 in
2975 1441 3201 1495 Actibus
3235 1440 3450 1505 scribit,
3488 1440 3662 1494 Athe-

2081 1534 2284 1589 niensis
2327 1532 2583 1588 Ecclesia:
2630 1537 2862 1604 primum
2917 1537 3232 1606 episcOpum
3275 1533 3448 1589 fuisse
3497 1534 3664 1595 tradit

2081 1625 2221 1680 alter
2278 1625 2498 1694 quidam
2551 1627 2842 1697 Dionysius
2889 1627 3295 1683 Corinthiorum
3355 1627 3659 1696 episcopus,

2083 1716 2492 1786 antiquissimus
2512 1717 2765 1787 scriptor.
2790 1717 2894 1774 Sed
2917 1719 3135 1789 quinam
3172 1717 3403 1774 subinde
3450 1735 3547 1788 per
3573 1733 3666 1773 or-

2007 1795 2050 1850 Β
2079 1807 2256 1862 dinem
2277 1816 2575 1878 temporum
2593 1807 2855 1877 apostolis
2882 1809 3272 1874 successerint,
3293 1810 3345 1863 in
3373 1822 3663 1879 progressu

2077 1900 2256 1970 operis
2283 1915 2384 1956 suo
2408 1901 2523 1957 loco
2549 1897 2809 1958 dicemus.
2839 1903 2992 1957 Nunc
3029 1903 3094 1957 ad
3129 1901 3330 1972 reliqua
3354 1916 3661 1974 pergamus.

2704 1994 2933 2051 CAPUT
2973 1995 3032 2049 V.

2079 2084 2155 2141 De
2204 2099 2467 2154 postrema
2519 2085 2828 2143 Juda‘arum
2876 2089 3259 2158 expugnatione
3309 2096 3422 2157 post
3467 2083 3664 2139 Christi

2767 2175 2963 2212 ιιεεεηι.

2151 2245 2279 2302 Post
2303 2247 2598 2314 Neronem,
2625 2249 2715 2318 qui
2751 2265 2846 2319 per
2870 2248 3143 2316 tredecim
3167 2263 3341 2304 annos
3373 2247 3661 2319 imperium

2083 2340 2275 2403 tenuit,
2310 2356 2430 2394 cum
2457 2340 2626 2395 Galba
2650 2351 2811 2410 atque
2839 2339 2980 2396 Otho
3014 2356 3159 2395 anno
3191 2343 3455 2396 duntaxat
3485 2349 3541 2395 ct
3567 2354 3665 2398 sex

2084 2431 2356 2486 mensibus
2397 2441 2737 2502 regnassent,
2801 2430 3166 2500 Vespasianus
3214 2431 3264 2485 in
3317 2431 3526 2499 prmliis
3569 2431 3666 2481 ad-

2085 2519 2511 2576 versnsJudaeos
2547 2530 2845 2591 spectatus,
2890 2524 3186 2592 imperator
3226 2521 3278 2575 in
3313 2521 3427 2589 ipsa
3477 2519 3661 2574 .lndaea

2084 2611 2151 2665 ab
2175 2613 2416 2666 exercitu
2455 2614 2548 2682 qui
2589 2613 2697 2667 illic
2741 2621 2883 2676 erat,
2919 2612 3287 2668 renuntiatur.
3320 2612 3420 2677 Qui
3470 2609 3659 2665 (cnfe-

2085 2703 2206 2755 stim
2243 2701 2466 2756 Romam
2495 2718 2685 2758 versus
2716 2703 3068 2767 contendens,
3099 2718 3289 2758 curam
3314 2701 3442 2756 belli
3471 2701 3663 2754 adver-

2084 2808 2176 2852 sus
2204 2790 2419 2848 Indicos
2462 2792 2582 2848 Tito
2628 2793 2738 2848 [ilio
2785 2795 3078 2849 commisit.
3118 2796 3289 2849 Porro
3332 2809 3454 2848 cum
3491 2791 3660 2847 Judaei

2085 2893 2206 2956 post
2241 2883 2554 2939 Servatoris
2585 2883 2757 2939 nostri
2785 2885 2834 2938 in
2861 2883 3028 2940 caelos
3056 2899 3364 2948 ascensum,
3400 2899 3504 2938 non
3532 2898 3664 2937 ροη-

2089 2975 2221 3028 teuti
2271 2990 2335 3028 eo
2371 2975 2580 3031 scelere
2636 2976 2780 3047 quod
2818 2976 2870 3031 in
2903 2975 3080 3046 ipsum
3140 2976 3494 3039 admiserant,
3545 2973 3663 3042 ejus

2087 3085 2302 3140 quoque
2336 3069 2610 3140 apostolos
2641 3069 2938 3138 smpissime
2960 3069 3172 3142 insidiis
3192 3067 3563 3138 appetissem;
3598 3079 3661 3120 ac

394 3158 491 3211 τοῦ
531 3158 788 3220 πλείστας
813 3159 942 3220 ὅσας
975 3156 1268 3220 ἐπιϐουλὰς
1304 3157 1803 3230 μεμηχανημένων,
1835 3155 1976 3227 πρώ-

2083 3165 2318 3234 primum
2347 3165 2567 3233 quidem
2601 3165 2935 3232 Stephanum
2987 3161 3254 3230 lapidibus
3286 3161 3597 3217 obruisscut
3643 3178 3658 3214 :

393 3269 488 3304 του
513 3267 573 3304 τε
617 3249 889 3319 Στεφάνου
918 3249 1084 3313 λίθοις
1117 3250 1206 3303 ὑπ’
1238 3248 1415 3303 αὐτῶν
1451 3250 1819 3321 ἀνῃρημένου,
1861 3243 1980 3301 εἶτα

393 3343 451 3394 δὲ
497 3344 614 3413 μετ’
648 3342 808 3394 αὑτὸν
844 3341 1121 3407 Ἰακώϐου,
1159 3342 1216 3405 ὃς
1245 3337 1312 3412 ἦν
1350 3341 1632 3395 Ζεϐεδαίου
1679 3342 1776 3412 μὲν
1814 3344 1974 3406 παῖς,

394 3433 620 3503 ἁδελφὸς
645 3433 700 3486 δὲ
737 3433 1004 3495 Ἰωάννου,
1036 3431 1133 3503 τὴν
1164 3432 1403 3503 κεφαλὴν
1435 3433 1860 3504 ἀποτμηθέντος,
1885 3433 1977 3486 ἐπὶ

393 3524 530 3576 πᾶσι
563 3541 620 3577 τε
655 3523 910 3577 Ἰακώϐου
939 3522 1033 3576 τοῦ
1065 3523 1156 3576 τὸν
1183 3522 1369 3578 αὐτόθι
1394 3523 1494 3594 τῆς
1518 3523 1823 3592 ἐπισκοπῆς
1853 3523 1977 3597 θρό-

391 3634 504 3681 νον,
533 3615 749 3689 πρώτου
786 3615 922 3687 μετά
957 3614 1054 3686 τὴν
1090 3615 1184 3669 τοῦ
1223 3615 1474 3686 Σωτῆρος
1510 3615 1664 3686 ἡμῶν
1711 3615 1975 3685 ἀνάληψιν

394 3708 835 3780 κεκληρωμένοι),
879 3708 970 3762 τὸν
1003 3706 1417 3780 προδηλωθέντα
1465 3707 1665 3778 τρόπον
1709 3707 1974 3778 μεταλλά-

393 3801 606 3867 ξαντος,
633 3800 741 3853 τῶν
789 3818 848 3853 τε
879 3799 1082 3854 λοιπῶν
1126 3800 1437 3854 ἀποστόλων
1475 3800 1643 3870 μυρία
1683 3801 1760 3863 εἰς
1807 3797 1972 3852 θάνα-

391 3910 484 3946 τον
538 3891 1090 3963 ὲπιϐεϐουλευμὲνων,
1135 3893 1228 3945 καὶ
1285 3892 1386 3958 τῆς
1435 3893 1533 3962 μὲν
1572 3891 1828 3954 Ἰουδαίας
1872 3891 1976 3961 γῆς

396 3987 837 4060 ἀπεληλαμένων,
862 3987 955 4040 ἐπὶ
984 3986 1039 4039 δὲ
1065 3989 1129 4056 τῇ
1161 3985 1256 4039 τοῦ
1279 3984 1634 4057 κηρύγματος
1661 3982 1976 4054 διδασκαλίᾳ

395 4080 494 4152 τὴν
523 4079 603 4142 είς
632 4077 920 4148 σύμπαντα
954 4075 1022 4129 τὰ
1066 4075 1190 4146 ἔθνη
1226 4072 1591 4145 στειλαμένων
1627 4073 1850 4144 πορείαν
1882 4075 1975 4126 σὺν

393 4170 616 4240 δυνάμει
666 4167 759 4222 τοῦ
818 4166 1051 4239 Χριστοῦ
1111 4169 1380 4238 φήσαντος
1432 4166 1654 4228 αὐτοῖς’
1717 4183 1736 4215 ι
1765 4165 1974 4235 Πορευ·

395 4261 581 4324 θέντες
613 4258 989 4332 μαθητεύσατε
1040 4259 1218 4313 πάντα
1267 4260 1336 4312 τὰ
1379 4259 1506 4329 ἔθνη
1546 4261 1604 4312 ἐν
1631 4257 1708 4328 τῷ
1753 4257 1974 4328 ὀνόματί

397 4372 516 4424 μου·
542 4373 560 4404 ι
597 4353 658 4406 οὐ
697 4352 803 4425 μὴν
842 4352 978 4406 ἀλλὰ
1023 4352 1119 4406 καὶ
1150 4350 1244 4406 τοῦ
1281 4351 1410 4404 λαοῦ
1448 4352 1546 4422 τῆς
1586 4353 1643 4404 ὲν
1686 4349 1976 4422 Ἰεροσολύ-

396 4461 516 4515 μοις
569 4443 922 4516 Ἐκκλησίας,
972 4444 1114 4498 κατά
1163 4460 1282 4496 τινα
1333 4441 1578 4514 χρησμὸν
1627 4444 1737 4505 τοῖς
1787 4441 1974 4496 αὐτόθι

391 4535 632 4607 δοκίμοις
663 4537 733 4589 δι’
755 4533 1150 4605 ἀποκαλύψεως
1182 4534 1425 4598 δοθέντα,
1467 4533 1574 4604 πρὸ
1605 4533 1700 4586 τοῦ
1736 4533 1971 4604 πολέμου

398 4628 796 4701 μεταναστῆναι
850 4629 949 4700 τῆς
997 4629 1229 4692 πόλεως,
1276 4627 1369 4681 καί
1421 4645 1541 4681 τινα
1587 4627 1686 4697 τῆς
1736 4626 1973 4698 Περαίας

394 4721 550 4774 πόλιν
585 4723 752 4774 οἰκεῖν
795 4720 1255 4790 κεκελευσμένου,
1304 4719 1512 4772 Πέλλαν
1556 4718 1726 4789 αὐτὴν
1770 4719 1972 4790 ὀνομάτ

396 4810 580 4875 ζουσιν
627 4811 759 4882 (47),
801 4812 858 4864 ὲν
983 4812 1092 4864 τῶν
1138 4813 1216 4874 είς
1260 4811 1492 4883 Χριστὸν
1535 4811 1974 4867 πεπιστευκότων

467 5000 581 5074 (46)
642 5002 893 5074 Πρῶτοι(
931 5000 1273 5074 πιστεῦσαι.
1321 5001 1490 5074 Antea
1518 5001 1737 5074 editum
1759 5001 1978 5074 πρῶτον

396 5073 696 5128 ιπίσκοπον
714 5072 1205 5137 πιστεῦσαιῃινίὺιιδ
1222 5073 1428 5134 verbis;
1455 5087 1683 5140 quorum
1708 5072 1816 5126 duo
1838 5075 1978 5142 prie-

400 5161 457 5199 ra
485 5146 537 5198 in
588 5144 802 5199 lineolis
822 5143 1109 5196 subuotata
1143 5151 1286 5199 sunt.
1319 5151 1373 5196 et
1399 5142 1465 5195 ad
1497 5142 1797 5211 marginem
1837 5145 1976 5197 scri-

395 5223 544 5284 ptum
586 5224 671 5268 est
711 5229 775 5267 ea
807 5211 1238 5281 superfluaesse.
1266 5212 1427 5267 Certe
1447 5211 1973 5282 Christophorsonus

397 5285 452 5338 in
475 5285 928 5354 interpretatione
959 5299 1052 5336 sua
1081 5293 1367 5351 utramque
1388 5296 1571 5336 vocem
1599 5285 1969 5351 praetermisit.

399 5355 510 5423 Ego
559 5369 688 5409 vero
743 5354 1098 5420 posteriorem
1167 5355 1451 5416 duntaxat,
1506 5368 1696 5420 nempe
1750 5354 1975 5407 ἐπίσκο-

397 5441 519 5487 πον,
575 5425 1009 5494 expungendum,
1049 5423 1310 5494 priorem
1366 5438 1494 5476 vero
1553 5438 1674 5494 esse
1737 5427 1976 5478 retinen-

395 5497 518 5548 dam
552 5505 700 5561 puto.
734 5493 899 5562 quue
925 5493 1218 5547 confirmat
1264 5495 1446 5548 versio
1478 5493 1681 5560 Rufini,
1710 5494 1798 5562 qui
1829 5495 1974 5548 hunc

398 5563 574 5619 locum
603 5564 675 5617 ita
703 5565 1091 5632 interpretatus
1113 5572 1198 5617 est
1225 5581 1237 5616 :
1265 5562 1368 5633 Sed
1392 5573 1440 5616 et
1470 5564 1780 5633 Dionysium
1807 5565 1974 5616 Areo-

395 5635 626 5704 pagitam
659 5635 800 5702 atmd
832 5635 1086 5696 Athenas,
1120 5649 1272 5704 quem
1303 5632 1474 5686 Lucas
1509 5632 1714 5702 scripsit
1743 5635 1970 5700 primum

399 5703 572 5758 Paulo
601 5705 917 5772 praedicante
959 5705 1263 5764 credidisse,
1309 5711 1414 5759 etc.
1447 5704 1832 5770 Conjectttratn
1870 5719 1968 5757 no-

396 5787 566 5830 Stram
615 5777 772 5836 plane
799 5775 1138 5841 confirmant
1169 5776 1328 5832 codd.
1365 5773 1525 5843 Mam,
1567 5774 1775 5831 Med.et
1807 5772 1968 5841 Fuk.,

2083 3254 2280 3311 deinde
2308 3253 2572 3311 Iacobum
2625 3255 2870 3310 Zebcdmi
2916 3253 3110 3322 filitnn,
3159 3253 3385 3308 Joannis
3431 3253 3658 3307 fratrem

2079 3348 2260 3418 capite
2324 3356 2716 3403 truncasscnt:
2747 3361 2810 3401 ac
2859 3354 3136 3415 postremo
3183 3344 3447 3401 Iacobum
3505 3345 3657 3399 illum

2080 3439 2167 3510 qui
2199 3440 2405 3508 primus
2432 3447 2551 3508 post
2583 3453 2872 3492 ascensum
2911 3436 3122 3490 Domini
3155 3437 3518 3506 episcopalem
3556 3435 3659 3488 Ec~

2079 3530 2256 3586 clcsia:
2292 3530 2433 3584 illius
2455 3530 2639 3584 sedem
2672 3529 2926 3596 obtinuit,
2962 3544 3027 3583 eo
3073 3544 3234 3600 quem
3267 3528 3506 3582 diximus
3551 3542 3662 3582 mo-

2079 3623 2147 3677 do
2170 3623 2529 3692 peremissent
2566 3643 2577 3676 :
2612 3637 2735 3676 cum
2771 3622 2964 3690 reliqui
2998 3622 3124 3675 item
3171 3620 3403 3690 apostoli
3432 3619 3658 3673 infinitis

2079 3729 2246 3783 prope
2278 3713 2457 3768 modis
2494 3727 2602 3766 non
2642 3712 2760 3766 sine
2809 3727 3000 3781 magno
3031 3712 3156 3765 vita:
3197 3725 3309 3765 sua:
3341 3709 3656 3764 discrimine

2079 3805 2146 3857 ab
2173 3804 2366 3858 iisdem
2398 3803 2576 3857 vexati
2601 3810 2803 3867 essent,
2829 3811 2884 3856 et
2909 3816 2974 3855 ex
3003 3800 3184 3856 Jndzea
3215 3799 3406 3870 fugati,
3435 3801 3498 3854 ad
3517 3813 3656 3868 pra:-

2079 3894 2363 3948 dieandam
2397 3893 2673 3963 Evangelii
2698 3893 3002 3947 doctrinam
3025 3907 3216 3947 omnes
3238 3893 3442 3961 ubique
3479 3903 3654 3945 terra-

2081 4003 2195 4041 rum
2225 3996 2412 4056 gentes
2433 3987 2584 4041 adire
2608 3986 2924 4053 conpissent,
2948 3985 3068 4039 freti
3091 3985 3326 4054 potentia
3345 3985 3546 4039 Christi
3564 3982 3653 4053 qui

2078 4080 2184 4150 75
2241 4079 2369 4134 olim
2435 4078 2564 4147 ipsis
2619 4077 2875 4132 dixerat:
2912 4077 3164 4131 «Euntes
3217 4078 3406 4131 docete
3455 4091 3649 4130 omnes

2076 4180 2265 4240 gentes
2291 4169 2342 4222 in
2375 4169 2595 4223 nomine
2623 4183 2766 4235 meo;
2794 4187 2810 4221 ι
2843 4169 2955 4223 ‘sed
2990 4179 3190 4225 etcum
3221 4169 3474 4222 universa
3505 4167 3656 4236 plebs

2080 4260 2312 4316 lidelium
2381 4261 2638 4316 Ecclesia:
2706 4259 3245 4332 liierosolymitauae,
3307 4276 3375 4315 ex
3430 4259 3657 4315 oraculo

2077 4355 2222 4424 quod
2276 4355 2409 4410 viris
2459 4354 2787 4425 quibusdam
2817 4353 3178 4409 sanctissimis
3227 4352 3486 4407 divinitus
3536 4350 3653 4406 edi-.

2009 4475 2049 4530 ο
2083 4457 2192 4502 tum
2220 4445 2420 4513 fuerat,
2471 4455 2598 4502 ante
2624 4447 2840 4501 initiutn
2892 4445 3015 4500 belli
3043 4459 3108 4500 ex
3141 4444 3360 4498 civitate
3399 4444 3653 4511 migrare,

2080 4549 2134 4592 et
2206 4539 2464 4609 oppidum
2529 4539 2802 4608 quoddam
2870 4547 3019 4591 trans
3079 4534 3393 4599 Jordanem,
3453 4533 3654 4590 Pellam

2083 4631 2319 4696 nomine,
2353 4630 2763 4700 incolerejussa
2805 4628 3030 4694 fuisset;
3079 4628 3303 4698 jamque
3347 4640 3534 4682 omnes
3563 4625 3654 4694 qui

2083 4722 2135 4776 in
2195 4722 2472 4777 Christum
2539 4721 2915 4782 crediderant,
2986 4719 3188 4775 relictis
3243 4717 3654 4793 Hierosolymis,

2080 4814 2238 4870 sedes
2267 4830 2395 4871 suas
2428 4813 2627 4870 Pellam
2661 4813 3096 4870 transtulissent:
3129 4810 3201 4868 ita
3239 4823 3294 4868 et
3318 4811 3464 4882 regia
3495 4810 3652 4875 urbe,

2082 5002 2137 5057 in
2173 4999 2368 5069 quibus
2400 4996 2604 5069 diserte
2629 4995 2891 5069 scribitur
2914 4993 3128 5069 πρῶτον
3150 4991 3459 5069 πιστεῦσαι.
3485 4989 3656 5045 Porro

2083 5063 2227 5126 ltun'c
2262 5067 2479 5122 Eusebii
2503 5067 2678 5120 locum
2713 5067 2764 5120 in
2791 5063 2970 5120 mente
3000 5066 3188 5117 habuit
3212 5063 3500 5125 Maximus,
3526 5077 3650 5114 cum

2080 5143 2157 5196 ait
2192 5142 2242 5195 in
2267 5138 2490 5208 prologo
2513 5135 3021 5208 Commentariorum
3049 5137 3101 5186 in
3135 5133 3446 5208 Dionysium
3487 5131 3653 5208 areo-

2078 5202 2307 5280 pagitain
2335 5223 2354 5260 :
2380 5206 2813 5280 Μνημονεύει-δὲ
2841 5204 2934 5280 του
2977 5203 3385 5280 Ἀρειοπαγίῃυ
3418 5202 3513 5280 καὶ
3543 5204 3654 5254 Διο-

2079 5271 2259 5344 νύσιος
2275 5271 2500 5350 ἀρχαῖος
2511 5271 2824 5350 ’Κορινθίων
2841 5271 3158 5350 ἐπίσκοπος,
3171 5275 3282 5350 καὶ.Δ
3295 5271 3654 5350 [ξολύκαρπος

2078 5354 2136 5404 ἐν
2171 5354 2234 5422 τῇ
2277 5344 2413 5421 π’ρδς
2453 5344 2768 5422 ’ᾼθηναίρυς
2800 5345 3078 5416 ἐπιστολῇ.
3121 5345 3219 5400 Ubi
3254 5344 3481 5398 delenda
3521 5354 3653 5414 puto

2079 5417 2390 5476 btec"ver'ba
2421 5419 2516 5472 καὶ
2547 5417 2922 5487 Πολύκαρπος.

2147 5493 2259 5560 (47)
2311 5488 2560 5560 Πέλλαν.
2600 5481 3256 5560 αὺτὴίχένομάζουσιν.
3296 5483 3439 5560 Idem
3489 5481 3655 5560 tradit

2077 5552 2414 5631 Epiphanius
2445 5561 2497 5613 in
2551 5552 2750 5631 haeresi
2799 5552 3206 5631 Nagaraeorum,
3250 5569 3367 5631 cap.
3407 5552 3656 5631 7,-Chri-

2076 5622 2282 5686 stiaitos
2306 5630 2516 5684 scilicet
2544 5629 2634 5698 qui
2667 5626 3056 5697 Hierosolymis
3086 5625 3423 5698 habitabant.
3443 5625 3526 5698 ile
3550 5622 3655 5676 im-

2074 5703 2313 5758 minente
2341 5691 2619 5755 obsidione
2647 5713 2676 5752 a
2714 5691 2933 5753 Christo
2959 5697 3331 5764 praemonitos,
3362 5691 3563 5748 Peliam
3591 5705 3655 5746 so

2071 5772 2384 5828 contulisse.
2411 5773 2465 5825 In
2502 5770 2638 5824 libro
2669 5779 2847 5825 autent
2889 5767 2963 5822 De
3003 5765 3320 5836 ponderibus
3353 5773 3401 5819 et
3439 5778 3658 5818 mensu-
