4140 6430
473 369 584 425 223

1217 359 1486 420 EUSEBII
1525 357 2024 418 CESARIENSIS'
2047 354 2198 412 OPP.
2238 351 2420 413 PARS
2459 355 2500 410 Ι.
2539 341 3021 412 —HISTORICA.

3648 353 3756 410 ΞΜ

475 495 598 553 quae
630 478 796 536 totius
821 477 1002 549 gentis
1030 484 1318 548 caputest.
1347 483 1405 532 et
1432 475 1684 531 universa
1713 470 1898 528 Iudaea
1925 471 2059 527 viris

2164 469 2265 522 ἀπὸ
2297 468 2395 539 τῆς
2428 466 2780 541 Ἰερουσαλὴμ
2814 465 3261 538 μετῳκισμένων,
3289 465 3438 520 ῶσάν
3471 468 3752 535 παντελῶς

477 571 689 628 sanctis
721 570 1002 634 destituta,
1036 577 1148 624 tum
1189 566 1404 623 demum
1451 565 1634 620 divina
1669 565 1793 624 illos
1832 563 1966 619 ultio
1994 561 2067 617 ob

477 672 557 718 tot
582 661 819 717 admissa
849 667 962 715 tum
991 660 1045 714 in
1070 657 1376 722 Christum,
1416 665 1529 712 tum
1561 657 1614 711 in
1647 655 1764 726 ejus
1792 653 2066 722 apostolos

475 752 683 808 scelera
719 748 1006 820 corripuit,
1034 757 1312 818 totamque
1336 745 1481 802 illam
1508 746 1796 816 impiorum
1822 745 2065 800 sobolem

476 841 718 898 funditus
745 840 962 897 delevit.
1013 837 1080 894 Et
1123 845 1257 909 quot
1303 837 1524 908 quidem
1565 849 1892 907 quantaeque
1937 845 2066 892 tunc

477 935 821 990 calamitates
863 933 1134 987 universae
1183 931 1330 1002 genti
1373 931 1572 1000 ubique
1601 930 1930 1000 contigerint
1962 947 1977 985 :
2011 940 2066 984 et

474 1027 752 1096 quomodo
817 1025 873 1079 bi
929 1012 1204 1094 praecipue
1265 1022 1358 1092 qui
1423 1019 1664 1076 Judaaam
1717 1021 2063 1088 incolebant,

477 1117 738 1172 extremis
793 1114 1041 1170 cladibus
1093 1113 1341 1181 oppressi
1393 1114 1539 1178 sint;
1594 1124 1729 1182 quot
1781 1112 2063 1168 hominum

479 1209 646 1264 millia
678 1223 801 1264 cum
831 1206 1013 1277 pueris
1043 1204 1210 1258 simul
1243 1220 1308 1259 ac.
1343 1203 1559 1258 feminis
1583 1203 1730 1259 ferro
1755 1215 1807 1258 et
1839 1203 1980 1261 fante
2009 1215 2066 1259 et

475 1301 742 1372 cujusque
771 1300 913 1355 modi
961 1299 1154 1359 tuortis
1187 1297 1479 1368 generibus
1528 1296 1886 1352 occubuerint
1917 1313 1930 1350 :
1971 1315 2063 1352 ur-

478 1395 624 1448 bium
656 1401 922 1463 pratterea
949 1389 1306 1446 Iudaicarum
1357 1395 1493 1458 quot
1536 1386 1834 1457 qualesque
1863 1386 2065 1442 fuerint

476 1486 915 1556 oppugnationes
945 1507 957 1540 :
991 1491 1128 1555 quot
1156 1497 1428 1553 quamque
1467 1479 1804 1536 incredibilia
1831 1479 1970 1534 mala
2010 1480 2060 1534 hi

475 1579 570 1647 qui
605 1578 979 1648 Hierosolyma
1014 1585 1271 1646 tanquam
1313 1575 1367 1628 in
1403 1573 1822 1628 munitissimam
1872 1573 2060 1628 urbem

477 1685 536 1724 se
573 1677 921 1739 receperant,
979 1665 1156 1722 oculis
1200 1669 1314 1720 suis
1351 1664 1695 1732 aspexerint;
1759 1662 1882 1732 quis
1937 1662 2059 1718 belli

481 1761 648 1816 totius
686 1760 844 1825 ordo,
872 1758 996 1830 quis
1023 1757 1358 1828 singularum
1393 1771 1573 1810 rerum
1603 1753 1770 1810 fuerit
1796 1763 2018 1810 eventus
2043 1771 2056 1818 ;

475 1855 712 1925 denique
773 1852 1235 1924 quemadmodum
1304 1850 1639 1905 abominatio
1708 1847 2059 1902 desolationis

475 1963 636 2017 quam
660 1946 936 2018 propheta:
966 1945 1349 2014 prmdixerant,
1384 1943 1436 1996 in
1463 1943 1578 2012 ipso
1609 1941 1880 2010 quondam
1915 1939 2059 2004 cele-

478 2039 719 2093 berrimo
782 2037 876 2092 Dei
947 2037 1150 2104 templo
1217 2034 1514 2090 constituta
1586 2032 1678 2096 sit,
1752 2025 1878 2085 tunc
1937 2046 2060 2085 cum

477 2132 815 2186 chtructum
867 2127 1111 2183 funditus
1157 2135 1320 2195 atque
1367 2123 1619 2179 incendio
1679 2131 2060 2190 consumptum

477 2230 562 2275 est
604 2237 618 2274 :
655 2220 963 2288 cuicunque
1029 2219 1285 2282 libuerit,
1357 2216 1516 2270 facile
1569 2226 1653 2270 est
1713 2230 1777 2269 ex
1839 2213 2058 2282 Josephi

481 2315 726 2369 Historia
775 2321 1034 2368 accurate
1079 2325 1431 2381 cognoscere.
1485 2309 1726 2377 Qualiter
1757 2323 1887 2362 vero
1922 2306 2061 2360 idem

475 2410 712 2478 scriptor
762 2421 937 2476 usque
981 2406 1050 2461 ad
1098 2405 1287 2461 tricies
1321 2413 1552 2460 centena
1587 2403 1863 2457 hominum
1897 2400 2060 2454 millia

475 2501 568 2571 qui
624 2516 692 2556 ex
749 2501 1000 2555 universa
1054 2497 1242 2554 Judma
1290 2497 1358 2553 ad
1413 2497 1555 2552 diem
1590 2495 1786 2550 festum
1842 2493 2064 2549 Pascha:

475 2596 878 2661 conﬂuxerant,
940 2590 1335 2662 Hierosolymis
1397 2598 1655 2659 tauquam
1723 2588 1776 2641 in
1839 2600 2062 2642 carcere

476 2687 684 2742 inclusa
717 2685 885 2741 fuisse
916 2690 1331 2746 commemorat,
1359 2694 1537 2751 Opera:
1569 2678 1801 2747 pretium
1827 2685 1910 2732 est
1934 2691 2062 2746 pro-

476 2780 604 2836 latis
632 2778 804 2848 ipsius
828 2776 1011 2832 verbis
1043 2776 1356 2830 ostendere.
1419 2772 1630 2842 Quippe
1665 2784 1877 2840 mquum
1921 2779 2059 2833 erat,

477 2882 540 2928 ut
571 2871 774 2942 quibus
804 2870 998 2926 diebus
1027 2867 1318 2938 benignum
1345 2865 1590 2921 omnium
1631 2863 1984 2920 Servatorem
2009 2873 2064 2918 et

474 2964 756 3020 Christum
787 2960 878 3016 Dei
897 2959 1082 3017 Jesum
1115 2970 1291 3014 morte
1319 2957 1639 3020 affecerant,
1665 2957 1855 3011 iisdem
1875 2969 2063 3010 omnes

475 3055 629 3112 velut
659 3055 716 3110 in
742 3069 912 3109 unum
951 3065 1227 3109 carcerem
1257 3051 1498 3107 contrusi
1527 3093 1540 3116 ,
1587 3065 1616 3103 a
1641 3048 1820 3102 divina
1847 3049 2057 3118 iustitia

2169 559 2587 614 ἐπιλελοιπότων
2619 558 2791 628 ἀγίων
2822 557 3030 629 ἀνδρῶν
3060 559 3228 629 αὐτήν
3261 576 3318 612 τε
3345 559 3445 629 τὴν
3487 559 3757 615 Ἰουδαίων

2170 652 2456 725 βασιλικὴν
2493 650 2829 725 μητρόπολιν
2867 651 2962 704 καὶ
3015 650 3311 723 σύμπασαν
3351 651 3450 722 τὴν
3489 652 3757 707 Ἰουδαίαν

2168 747 2291 818 γῆν,
2326 749 2359 818 ἡ
2393 747 2458 800 ὲκ
2489 745 2624 799 Θεοῦ
2663 745 2788 816 δίκη
2821 743 3006 798 λοιπὸν
3044 743 3243 808 αὐτοὺς
3270 745 3364 799 ἅτε
3409 743 3646 800 τοσαῦτα
3679 747 3759 812 είς

2166 853 2226 890 τε
2271 836 2361 890 τὸν
2402 837 2637 910 Χριστὸν
2689 837 2782 889 καὶ
2826 836 2952 901 τοὺς
2999 835 3330 900 ἀποστόλους
3373 837 3538 891 αὐτοῦ
3577 856 3762 910 παρη-

2167 929 2474 1000 νομηκότας
2523 929 2745 1002 μετῄει,
2791 928 2901 982 τῶν
2951 928 3166 984 ἀσεϐῶν
3215 929 3383 1002 ἄρδην
3425 928 3526 1001 τὴν
3564 929 3760 1000 γενεὰν

2167 1023 2338 1093 αὐτὴν
2382 1023 2598 1096 ἐκείνην
2625 1024 2683 1090 ἐξ
2725 1021 3028 1094 ἀνθρώπων
3077 1023 3434 1094 ἀφανίζουσα.
3465 1024 3606 1076 Ὅσα
3657 1022 3759 1094 μὲν

2165 1112 2260 1170 οὖν
2285 1115 2541 1186 τηνικάδε
2573 1114 2714 1170 κατά
2748 1115 2926 1170 πάντα
2953 1115 3114 1169 τόπον
3152 1116 3259 1186 ὅλῳ
3288 1115 3366 1186 τῷ
3394 1114 3536 1169 ἔθνει
3565 1119 3758 1186 συνερ-

2168 1207 2272 1278 ῥύη
2305 1206 2472 1269 κακὰ,
2500 1208 2648 1270 ὅπως
2687 1224 2744 1260 τε
2777 1203 2844 1261 αὖ
2883 1205 3117 1278 μάλιστα
3150 1208 3199 1260 oi
3245 1207 3343 1278 τῆς
3377 1207 3634 1270 Ἰουδαίας
3676 1209 3756 1260 oi-

2167 1301 2394 1371 κήτορες
2423 1301 2503 1363 είς
2547 1298 2776 1369 ἕσίατον
2830 1298 3238 1371 περιηλάθησαν
3277 1300 3592 1372 συμφορῶν,
3633 1302 3759 1355 ὁπό-

2167 1407 2258 1446 σαι
2292 1408 2350 1444 τε
2394 1391 2654 1463 μυριάδες
2682 1391 2880 1463 ἡϐηδὸν
2906 1389 3150 1458 γυναιξὶν
3181 1392 3296 1463 ἅμα
3327 1393 3420 1446 καὶ
3463 1394 3639 1458 παισὶ,
3676 1393 3760 1460 ξί-

2166 1501 2255 1552 φει
2308 1484 2403 1538 καὶ
2442 1483 2586 1554 λιμῷ
2627 1484 2722 1537 καὶ
2760 1483 2974 1554 μυρίοις
3022 1481 3204 1546 ἄλλοις
3265 1483 3758 1554 περιπεπτὼκασιν

2165 1577 2328 1631 εἴδεσι
2357 1576 2609 1641 θανάτου,
2635 1574 2844 1630 πόλεών
2870 1593 2927 1628 τε
2963 1575 3268 1630 Ἰουδαϊκῶν
3298 1577 3419 1630 ὅσαι
3442 1593 3498 1629 τε
3526 1577 3618 1630 καὶ
3641 1571 3756 1630 οἷαι

2165 1669 2421 1739 γεγόνασι
2472 1669 2803 1740 πολιορκίαι,
2843 1670 2979 1723 ἀλλὰ
3015 1672 3109 1724 καὶ
3155 1670 3324 1724 όπόσα
3371 1673 3420 1724 οἱ
3465 1673 3551 1724 ἐπ’
3583 1672 3756 1744 αὐτὴν

2165 1762 2262 1834 τὴν
2312 1760 2668 1834 Ἰερουσαλὴμ
2710 1760 2856 1814 ὼσὰν
2908 1761 3000 1814 ἐπὶ
3041 1760 3370 1832 μητρόπολιν
3403 1763 3756 1832 ὀχυρωτάτην

2166 1852 2660 1922 καταπεφευγότες,
2689 1852 2838 1905 δεινά
2866 1853 2962 1906 καὶ
2980 1852 3120 1925 πέρα
3137 1853 3324 1906 δεινῶν
3343 1853 3638 1924 ἑωράκασι,
3656 1851 3754 1908 τοῦ

2163 1963 2221 1999 τε
2241 1945 2444 2008 παντὸς
2457 1944 2694 2015 πολέμου
2714 1943 2804 1997 τὸν
2819 1945 3040 2015 τρόπον,
3066 1945 3158 1998 καὶ
3189 1945 3296 1998 τῶν
3331 1947 3388 1998 έν
3404 1946 3577 2017 τούτῳ
3595 1964 3756 2016 γεγε-

2163 2036 2410 2110 νημένων
2444 2041 2501 2090 ὲν
2537 2037 2693 2108 μέρει
2715 2037 2950 2101 ἕκαστα,
2981 2036 3074 2089 καὶ
3121 2037 3197 2100 ὡς
3228 2036 3320 2089 ἐπὶ
3336 2038 3480 2090 τέλει
3525 2038 3584 2091 τὸ
3618 2038 3756 2110 πρὸς

2163 2129 2270 2184 τῶν
2315 2127 2610 2200 προφητῶν
2659 2128 3096 2199 ἀνηγορευμένον
3147 2128 3425 2199 βδέλυγμα
3472 2129 3572 2200 τῆς
3619 2133 3754 2202 ἐρη-

2167 2219 2418 2290 μώσεως,
2459 2220 2516 2272 ὲν
2546 2217 2695 2290 αὑτῷ
2737 2219 2972 2289 κατέστη
3005 2219 3082 2289 τῷ
3117 2218 3281 2272 πάλαι
3311 2218 3404 2272 τοῦ
3431 2219 3567 2273 Θεοῦ
3605 2237 3754 2293 περι--

2164 2311 2340 2381 ϐοὴτῳ
2373 2310 2498 2381 νεῷ,
2531 2311 2764 2382 παντελῆ
2798 2309 3003 2383 φθορὰν
3042 2311 3138 2365 καὶ
3180 2311 3487 2383 ἀφανισμὸν
3525 2312 3753 2384 ἔσχατον

2161 2403 2254 2456 τὸν
2281 2402 2369 2456 διὰ
2405 2403 2578 2475 πυρὸς
2621 2403 2996 2474 ὑπομείναντι,
3031 2403 3296 2476 πάρεστιν
3335 2405 3442 2475 ὅτῳ
3478 2405 3630 2474 φίλον
3663 2408 3752 2461 ἐπ’

2163 2494 2387 2566 ἀκριϐὲς
2423 2496 2485 2548 ὲκ
2519 2495 2618 2565 τῆς
2647 2494 2725 2566 τῷ
2759 2496 3008 2567 Ἰωσήπῳ
3035 2495 3340 2568 γραφείσης
3388 2497 3750 2563 ἀναλέξασθαι

2177 2586 2457 2658 Ἱστορίας.
2501 2587 2588 2649 Ὠς
2621 2586 2677 2639 δὲ
2703 2585 2862 2650 αὐτὸς
2895 2580 3051 2650 οὗτος
3079 2585 3186 2640 τῶν
3215 2587 3613 2659 ἀθροισθέντων
3644 2590 3753 2644 ἀπὸ

2160 2679 2259 2748 τῆς
2312 2677 2571 2742 Ἰουδαίας
2617 2679 2835 2750 ἀπάσης
2879 2679 2936 2732 ὲν
2983 2679 3222 2750 ἡμέραις
3266 2679 3366 2751 τῆς
3419 2680 3512 2734 τοῦ
3559 2676 3752 2754 Πάσχα

2163 2770 2373 2842 ἑορτῆς,
2411 2769 2600 2842 ῶσπερ
2642 2772 2698 2823 ὲν
2733 2771 2954 2843 εἱρκτῇ,
2985 2772 3226 2843 ῥήμασιν
3257 2773 3462 2838 αὐτοῖς,
3497 2775 3753 2828 ἀποκλει-

2164 2862 2355 2934 σθῆναι
2419 2863 2498 2927 είς
2558 2862 2626 2916 τὰ
2671 2863 3018 2935 Ἰεροσόλυμα
3075 2865 3217 2936 ἀμφὶ
3265 2866 3587 2938 τριακοσίας
3649 2885 3751 2938 μυ⁶

2163 2955 2353 3026 ριάδας
2379 2953 2440 3006 τὺ
2465 2953 2670 3024 πλῆθος
2697 2956 2916 3027 ἱστορεῖ,
2942 2958 3239 3027 ἀναγκαῖον
3267 2959 3746 3032 ὑποσημὴνασθαι.

2160 3045 2315 3116 Χρῆν
2353 3045 2482 3114 γοῦν
2533 3045 2676 3116 (48),
2729 3047 2787 3100 ὲν
2825 3045 2913 3112 αἷς
2962 3048 3194 3122 ἡμέραις
3240 3049 3331 3103 τὸν
3369 3052 3588 3107 πάντων
3634 3053 3747 3107 Σω-

476 3149 701 3204 sceleris
738 3147 820 3202 sui
859 3159 1076 3216 poenam
1124 3143 1458 3213 exciperent.
1517 3142 1706 3208 Porro,
1737 3140 1954 3196 omissis
1994 3141 2059 3194 iis

2164 3135 2303 3208 τῆρα
2351 3137 2446 3190 καὶ
2490 3137 2784 3210 εὐεργέτην
2815 3138 2906 3193 τὸν
2952 3141 3185 3212 Χριστὸν
3230 3142 3322 3195 τὸν
3365 3143 3460 3197 τοῦ
3500 3141 3637 3198 Θεοῦ
3679 3145 3752 3198 τὰ

469 3239 634 3297 malis
687 3251 1027 3310 quaecunque
1099 3235 1174 3290 illi
1228 3244 1324 3289 aut
1379 3235 1527 3288 ferro
1578 3242 1673 3287 aut
1721 3233 1828 3287 alio
1863 3231 2058 3301 quovis

476 3346 678 3404 genere
728 3329 1042 3401 singillatim
1099 3327 1342 3397 perpessi
1407 3335 1574 3393 sunt,
1639 3341 1734 3380 eas
1791 3325 2059 3379 duntaxat

475 3420 814 3475 calamitates
841 3416 1349 3474 commemoraudas
1387 3427 1548 3486 puto,
1589 3430 1727 3486 quas
1761 3415 1876 3469 dira
1912 3413 2056 3469 fame

475 3510 718 3582 oppressi
770 3508 1111 3580 pertulerunt
1166 3507 1276 3578 76
1304 3523 1319 3562 :
1349 3515 1409 3560 ut
1454 3505 1542 3561 vel
1583 3521 1647 3561 ex
1695 3505 1781 3561 bis
1825 3505 2058 3561 lectores

476 3602 649 3658 nostri
714 3601 902 3672 operis
947 3601 1288 3672 intelligant,
1342 3613 1450 3668 quo
1502 3607 1660 3668 pacto
1720 3597 1941 3651 admissi
2003 3597 2052 3650 in

475 3693 757 3750 Christum
814 3693 908 3749 Dei
969 3691 1168 3763 piaculi
1221 3705 1412 3762 pmnas
1471 3690 1538 3746 ab
1595 3689 1700 3744 illis
1749 3703 1854 3743 non
1903 3688 2059 3758 longe

475 3796 658 3856 postea
696 3787 918 3841 caeleste
950 3783 1160 3840 Numen
1189 3783 1436 3852 expetiit.

2165 3229 2307 3284 κατὰ
2338 3229 2399 3282 τὸ
2429 3230 2602 3294 πάθος
2636 3230 3021 3298 διατέθεινται,
3068 3237 3188 3299 ταῖς
3219 3235 3408 3301 αὑταῖς
3455 3235 3643 3312 ὥσπερ
3691 3241 3750 3294 ὲν

2164 3320 2352 3393 εἱρκτῇ
2387 3320 2892 3388 κατακλεισθέντας,
2927 3324 3018 3377 τὸν
3061 3325 3382 3396 μετελθόντα
3414 3329 3610 3394 αὐτοὺς
3638 3332 3750 3384 ὃλερ

2166 3413 2292 3485 θρον
2328 3415 2464 3487 πρὸς
2502 3416 2600 3486 τῆς
2633 3415 2782 3480 θείας
2817 3416 2972 3487 δίκης
3009 3418 3416 3484 καταδέξασθαι.
3457 3421 3751 3493 Παρελθὼν

2164 3505 2228 3577 δὴ
2265 3505 2336 3559 τὰ
2359 3506 2468 3560 τῶν
2509 3508 2565 3560 ὲν
2605 3508 2758 3580 μέρει
2808 3508 3228 3580 συμϐεϐηκότων
3273 3513 3476 3578 αὐτοῖς,
3525 3515 3624 3568 ὅσα
3662 3516 3751 3570 δια

2165 3597 2355 3667 ξίφους
2387 3599 2480 3652 καὶ
2519 3597 2665 3669 ἄλλῳ
2707 3617 2784 3670 τῳ
2815 3599 3001 3671 τρόπῳ
3044 3604 3162 3656 κατ’
3202 3602 3382 3655 αὐτῶν
3430 3605 3750 3679 ἐγκεχείρη-

2164 3705 2286 3757 ται,
2340 3690 2508 3761 μόνας
2553 3689 2651 3754 τὰς
2689 3689 2777 3743 διὰ
2827 3690 2920 3744 τοῦ
2969 3691 3128 3762 λιμοῦ
3171 3693 3463 3762 ἀναγκαῖον
3509 3697 3747 3768 ἡγοῦμαι

2164 3781 2448 3852 συμφορὰς
2484 3779 2852 3851 παραθέσθαι,
2898 3782 2973 3846 ὡς
3017 3783 3082 3836 ἂν
3120 3785 3184 3837 ὲκ
3233 3785 3434 3856 μέρους
3477 3787 3652 3858 ἔχοιεν
3697 3790 3749 3843 οι

473 3881 604 3952 τῇδε
639 3882 704 3952 τῇ
739 3883 924 3953 γραφῇ
968 3880 1386 3950 ἐντυγχάνοντες
1432 3877 1650 3941 εἰδέναι,
1678 3878 1826 3941 ὅπως
1867 3877 2064 3941 αὐτοὺς
2115 3877 2214 3948 τῆς
2267 3879 2346 3942 είς
2396 3878 2485 3931 τὸν
2547 3878 2780 3950 Χριστὸν
2824 3878 2918 3932 τοῦ
2968 3879 3101 3933 Θεοῦ
3143 3885 3488 3955 παρανομίας
3519 3888 3619 3941 οὐκ
3666 3889 3747 3952 είς

480 3975 691 4047 μακρὸν
718 3976 752 4046 ἡ
783 3976 848 4028 ἐκ
874 3973 1008 4028 Θεοῦ
1043 3974 1270 4046 μετῆλθε
1304 3974 1564 4044 τιμωρία.

1081 4084 1308 4140 CAPUT
1367 4083 1452 4142 Vl.

765 4179 838 4234 De
881 4181 1021 4250 {tunc
1067 4195 1186 4249 quae
1231 4177 1448 4234 Judazos
1493 4178 1770 4247 oppressit.

555 4337 788 4408 Agedum
833 4351 986 4406 ergo,
1044 4349 1258 4406 sumpto
1313 4337 1513 4393 iterum
1555 4336 1746 4407 quinto
1790 4337 2058 4392 Historia-

477 4447 596 4484 rum
623 4427 846 4499 Iosephi
879 4429 1044 4494 libro,
1074 4429 1376 4485 luctuosam
1410 4427 1487 4483 rei
1530 4438 1694 4500 gesta:
1733 4430 2055 4500 tragoediam

480 4523 797 4579 recitemus.
833 4539 852 4574 ι
895 4519 1193 4576 Ditioribus
1228 4521 1449 4590 quidem
1475 4560 1491 4585 ,
1545 4535 1766 4575 manere
1831 4521 2055 4590 perinde

2692 4081 3080 4134 KEMAAtoN
3125 4057 3213 4149 ςῖιζ

2160 4171 2301 4239 Περὶ
2328 4172 2435 4227 τοῦ
2465 4172 2790 4241 πιέσαντος
2846 4177 3066 4312 αὺῶοὺς
3120 4177 3298 4246 λιμοῦ
3337 4178 3474 4246 (Nic.
3544 4180 3617 4236 II.
3675 4182 3742 4241 E.

2797 4262 2878 4309 ιιι,
2977 4287 2989 4300 ,

2797 4262 2878 4309 ιιι,
2911 4262 2989 4309 υ),

2233 4332 2369 4408 Φέρε
2401 4334 2464 4406 δὴ
2504 4332 2596 4390 οῦν
2621 4337 2730 4389 τῶν
2773 4338 3044 4410 Ἰστοριῶν
3072 4342 3170 4408 τὴν
3201 4341 3457 4414 πέμπτην
3504 4344 3597 4397 τοῦ
3635 4347 3747 4400 Ἰω-

2165 4423 2338 4494 σήπου
2389 4425 2526 4496 μετά
2561 4429 2749 4498 χεῖρας
2777 4427 2931 4494 ἀῦθις
2959 4431 3264 4499 ἀναλαϐὼν,
3301 4436 3410 4491 τῶν
3453 4438 3575 4493 τότε
3603 4457 3745 4512 πρα-

2161 4514 2395 4586 χθέντων
2436 4517 2609 4573 δίελθε
2634 4522 2734 4592 τὴν
2771 4523 3106 4596 τραγῳδίαν·
3148 4545 3166 4578 ι
3195 4525 3319 4593 Τοῖς
3346 4547 3408 4598 γε
3441 4531 3547 4602 μὴν
3585 4534 3749 4589 εὐπόο

477 4615 773 4670 exitiosum
815 4623 955 4670 erat.
991 4611 1125 4668 Nam
1183 4620 1404 4682 propter
1427 4611 1647 4676 divitias
1698 4611 2055 4675 necabantur,

2165 4625 2306 4679 ροις,
2351 4610 2504 4680 φησι,
2551 4611 2735 4666 καὶτὸ
2783 4615 2964 4685 μένειν
3000 4617 3136 4689 πρὸς
3174 4619 3450 4688 ἀπωλείας
3493 4625 3609 4680 ἴσον
3651 4622 3741 4698 ἦν.

477 4705 632 4775 quasi
687 4703 1028 4775 transfugere
1070 4704 1138 4758 ad
1189 4703 1372 4758 hostes
1418 4702 1733 4759 voluissent.
1785 4701 2056 4757 Cteterum

481 4795 643 4851 simul
672 4811 796 4853 cum
835 4796 1017 4868 inopia
1045 4796 1328 4852 crescebat
1351 4796 1400 4850 in
1439 4796 1553 4850 dies
1585 4793 1742 4848 furor
1770 4793 2058 4848 seditioso-

475 4973 576 5038 νὴ,
604 4972 810 5028 Christi
839 4972 1131 5045 discipulos
1163 4974 1229 5028 ab
1265 4973 1454 5045 angelo
1489 4973 1817 5045 admonitos,
1849 4973 2052 5045 Pellam

482 5045 745 5113 migrasse
777 5043 966 5099 scribit
991 5061 1004 5095 :
1033 5055 1222 5113 postea
1248 5042 1374 5099 vero
1392 5061 1515 5099 cum
1543 5042 2058 5098 lladriatntsﬂiero-

477 5117 686 5186 solyma
711 5114 1086 5186 instaurasset,
1125 5126 1181 5169 et
1207 5131 1271 5171 ex
1306 5130 1404 5169 suo
1435 5118 1651 5186 nomine
1690 5113 1890 5168 Ailiam
1913 5115 2057 5186 colo-

480 5183 630 5238 nia'tu
662 5183 1007 5253 appellasset.
1037 5200 1103 5240 eo
1128 5201 1371 5240 reversos
1393 5199 1535 5239 esse.
1575 5185 1749 5240 Porto
1788 5200 1910 5238 cum
1947 5185 2057 5238 Eu-

479 5256 663 5309 sebius
687 5255 889 5310 nullum
927 5254 1084 5321 hujus
1107 5257 1184 5311 rei
1206 5258 1338 5311 citet
1383 5265 1681 5316 auctorem.
1710 5256 1844 5310 satis
1886 5271 2058 5323 appa-

479 5338 563 5396 ret
594 5325 740 5379 illum
768 5343 832 5380 ex
862 5336 1100 5380 veterum
1137 5327 1426 5396 traditione
1464 5326 1565 5396 ista
1593 5326 1899 5396 scripsisse,
1933 5341 2054 5379 cum

477 5395 681 5466 alioqui
711 5396 824 5466 ipse
861 5397 1073 5466 vicinus
1103 5405 1246 5450 esset
1278 5396 1344 5450 iis
1372 5395 1528 5450 locis.

549 5464 856 5537 (43)7Xpﬁr
901 5465 1070 5535 γοῦν.
1112 5468 1250 5537 Ante
1313 5468 1441 5537 haec
1463 5467 1623 5519 verba
1673 5464 2056 5537 Cltristopl:o_r-

477 5535 646 5590 sonus
673 5536 846 5591 locum
877 5537 1143 5600 integrum
1173 5535 1392 5605 Josephi
1430 5535 1658 5590 inseruit
1690 5552 1754 5590 ex
1774 5536 1865 5589 lib.
1898 5550 1947 5590 τι
1979 5535 2058 5590 De

479 5607 616 5659 bello
653 5605 908 5669 Iudaico,
949 5618 1138 5660 contra
1169 5607 1327 5661 (idem
1367 5607 1862 5674 rnanuscriptorum
1906 5609 2055 5659 codi-

479 5692 638 5746 cum,
658 5688 716 5746 et
739 5677 945 5746 absque
975 5675 1079 5730 ulla
1124 5677 1462 5746 necessitate.
1499 5676 1656 5731 Certe
1693 5690 1789 5729 nee
1830 5675 2056 5730 llutinus

480 5744 1159 5829 ueehNieepbo—rus'illum
1205 5744 1430 5829 dese-piri
1476 5748 1648 5829 lor-tun
1689 5747 2053 5829 inseruerunt,

477 5829 537 5874 οι
582 5815 860 5876 Eusebius
891 5819 1022 5875 satis
1060 5819 1244 5878 habuit
1290 5818 1442 5873 illum
1488 5819 1751 5884 iudicare,
1805 5827 1857 5872 et
1894 5817 2056 5873 verba

2165 4700 2442 4774 Προφάσει
2487 4702 2598 4775 γὰρ
2642 4705 2968 4777 αὐτομολίας
3010 4711 3262 4782 ἀνῃρεῖτό
3291 4731 3373 4778 τις
3401 4715 3487 4768 διὰ
3523 4717 3622 4790 τὴν
3650 4721 3744 4774 οὑ-

2167 4795 2306 4848 σίαν.
2340 4795 2429 4867 Τῷ
2472 4796 2614 4867 λιμῷ
2645 4797 2699 4850 δὲ
2739 4801 2772 4870 ἡ
2807 4800 3032 4855 ἀπόνοια
3064 4803 3171 4856 τῶν
3229 4808 3567 4864 στασιαστῶν
3620 4828 3742 4865 συνο

2159 4971 2502 5053 quzmlamnex
2557 4987 2638 5053 eu.
2666 4973 3014 5053 depromere,
3058 4987 3113 5029 ut
3154 4985 3287 5053 _suu_t
3321 4977 3632 5053 illatiisrrap
3681 4982 3739 5034 έν

2160 5044 2370 5116 είρκτῇτ
2391 5043 2520 5116 Quae
2551 5043 2767 5116 quidem
2795 5044 3020 5113 ipsatnet
3057 5047 3217 5100 verba
3251 5047 3470 5116 Josephi
3509 5043 3630 5104 esse
3656 5066 3735 5105 sa-

2163 5112 2231 5194 ns
2262 5112 2520 5194 indicavit
2570 5112 2832 5194 bittsehius
2873 5130 2997 5194 cum
3041 5117 3208 5194 dixit:
3241 5112 3450 5194 Ὥσπερ
3467 5121 3524 5172 έν
3547 5123 3736 5194 είρκτῇ

2161 5184 2402 5263 ῥήμασιν
2454 5183 2636 5263 ait-toi;
2669 5183 3094 5263 ἀποκλεισθῑιναι
3145 5190 3330 5263 είς-τὰ
3393 5177 3739 5263 Ἰεροσόλυμᾶ

2159 5253 2301 5332 ἀμφὶ
2347 5253 2667 5332 τριακοσίας
2727 5253 3001 5332 μυριάδας
3040 5258 3104 5332 τὸ
3151 5258 3354 5330 πλῆθος
3401 5253 3620 5332 ἱστορεῖ.
3662 5253 3738 5318 Ἰιι

2161 5325 2390 5402 Vulgatis
2422 5326 2750 5378 editionihus
2777 5325 3000 5402 deerant
3039 5330 3123 5402 hac
3149 5325 3321 5402 voces
3344 5325 3584 5402 ῥήμασιν
3643 5334 3740 5387 αὺ-

2159 5395 2293 5464 τοῖς,
2327 5409 2462 5462 quas
2499 5411 2596 5448 nos
2633 5411 2700 5448 ex
2741 5400 2971 5451 vetustis
3008 5401 3284 5453 codicibus
3308 5395 3468 5464 Maii,
3510 5401 3649 5457 Med.
3683 5412 3737 5457 et

2165 5463 2300 5540 Ριιις.
2353 5465 2740 5540 suppletimus.
2796 5467 3018 5522 Easdem
3055 5471 3228 5540 etiam_
3276 5463 3650 5540 veres’reperi
3686 5474 3738 5527 in

2163 5538 2350 5610 codice
2422 5536 2619 5610 lﬂiegio,
2662 5551 2827 5610 _quo_
2859 5553 3005 5610 usus
3050 5549 3134 5592 cst
3197 5537 3331 5595 Rob.
3408 5536 3736 5610 Stephanus.

2163 5604 2262 5678 Qui
2323 5605 2567 5673 proiecto
2621 5607 2782 5678 uituis
2816 5606 3037 5678 indulsit
3085 5612 3415 5678 conjecturae
3445 5604 3580 5676 stuc,
3610 5615 3737 5667 dum

2164 5674 2265 5729 has
2338 5688 2499 5730 voces
2547 5677 2810 5744 expuuxit
2862 5676 3007 5740 hinc,
3068 5689 3124 5732 et
3167 5674 3325 5744 paulo
3386 5682 3522 5736 infra
3567 5674 3737 5736 resti-

2164 5695 2265 5729 nas
2338 5695 2499 5730 voces
2547 5695 2810 5744 expuuxtt
2862 5695 3007 5740 utne,
3068 5695 3124 5732 et
3203 5695 3325 5734 aulo
3386 5695 3522 5736 Intra
3576 5695 3737 5736 resu-

2162 5745 2294 5824 t_nit,
2359 5747 2459 5824 hoc
2517 5749 2724 5824 nitido:
2791 5746 3085 5824 ἀναγκαῖον
3138 5695 3198 5824 ὃς
3263 5753 3739 5824 ῥήμασινγαύτοίς

2165 5814 2647 5888 ὑποσημὴνασθαι,
2672 5827 2858 5874 contra
2883 5814 3292 5876 ﬁdemmnnium
3317 5814 3738 5894 Uxetnplaritnu,
