4140 6430
318 307 435 362 9.ὲὸ

1324 311 1677 370 1118⁷1⁷0ῐίιῶ
1716 313 2280 370 ECCLESIASTICAS
2322 313 2451 370 LIB.
2493 314 2584 372 111.

3499 323 3632 380 ταδ’

321 426 569 499 ἤκμαζε,
592 428 684 482 καὶ
726 429 847 482 καθ’
871 430 1080 502 ἡμέραν
1117 433 1401 506 ἀμφότερα
1430 433 1825 508 προσεξεγάπο
1856 437 1911 490 τέ

2028 450 2170 503 rum,
2201 445 2256 493 et
2287 446 2581 507 utrumque
2611 432 2812 492 malum
2849 440 3024 510 magis
3055 454 3119 498 ac
3161 442 3334 512 magis
3365 445 3606 514 quotidie

317 518 498 574 δεινά.
529 520 764 593 Φανερδς
804 521 904 592 μέν
940 539 1002 592 γε
1043 524 1279 596 οὐδαμοῦ
1327 530 1471 591 σῖτος
1524 523 1614 599 ἦν,
1655 527 1921 600 ἐπεισπη-

317 611 524 678 δῶντες
572 613 629 666 δέ
674 613 974 686 διηρεύνων
1030 615 1130 681 τάς
1174 617 1369 681 οἰκίας.
1421 619 1633 672 Ἔπειθ’
1669 619 1920 691 εὑρόντες

324 703 454 776 μὲν,
480 703 557 769 ὡς
586 705 997 778 ἀρνησαμένους
1025 706 1294 778 ᾐκίζοντο·
1330 710 1404 782 μὴ
1447 709 1701 783 εὑρόντες
1731 711 1809 775 δὲ,
1844 711 1920 775 ὠς

319 796 752 868 ἐπιμελέστερον
826 799 1138 871 κρύψαντας
1205 801 1542 869 ἐϐασάνιζον.
1610 804 1918 877 Τεκμήριον

319 885 385 938 δέ
422 886 518 940 τοῦ
558 890 608 940 τ’
640 888 781 960 ἔχειν
823 891 917 943 καὶ
952 891 1047 963 μὴ,
1092 893 1161 946 τά
1193 893 1421 964 σώματα
1454 894 1563 948 τῶν
1593 894 1794 949 ἀθλίων
1823 892 1912 966 ἦν.

318 971 428 1031 ’Ὧν
468 981 519 1032 οἱ
563 982 659 1051 μὲν
705 982 786 1035 ἐτι
837 983 1198 1050 συνεστῶτες,
1247 986 1496 1058 εὐπορεῖν
1543 987 1750 1059 τροφῆς
1805 988 1917 1041 ἐδό-

318 1091 479 1135 κουν,
516 1075 567 1127 οί
612 1074 899 1146 τηκόμενοι
938 1076 994 1130 δὲ
1035 1077 1168 1149 ἤδη,
1217 1077 1596 1150 παρωδεύοντο
1631 1079 1774 1151 (69),
1821 1078 1916 1132 καὶ

321 1167 559 1220 κτείνειν
613 1166 806 1235 ἄλογον
871 1168 1045 1222 ἐδόκει
1107 1169 1236 1233 τοὺς
1299 1170 1390 1224 ὑπ’
1447 1169 1654 1234 ἐνδείας
1720 1170 1912 1244 τεθνη·

324 1258 586 1328 ξομένους
658 1259 874 1315 αὐτίκα.
947 1262 1135 1315 Πολλοὶ
1167 1263 1223 1316 δὲ
1280 1261 1455 1335 λάθρα
1527 1263 1624 1326 τὰς
1693 1264 1915 1336 κτήσεις

322 1349 444 1411 ἑνὸς
480 1349 1005 1422 ἀντικατηλλάξαντο
1045 1353 1268 1426 μέτρου,
1303 1354 1491 1428 πυρῶν
1527 1355 1646 1426 μὲν,
1676 1355 1724 1407 εί
1753 1352 1915 1406 πλου-

322 1439 574 1511 σιώτεροι
613 1443 927 1512 τυγχάνοιεν
955 1444 1125 1508 ὄντες,
1153 1446 1203 1497 οἱ
1231 1445 1287 1498 δέ
1325 1446 1661 1518 πενέστεροι,
1696 1444 1908 1516 κριθῆς.

324 1537 561 1593 Ἔπειτα
616 1536 1030 1602 κατακλείοντες
1078 1539 1303 1603 ἑαυτοὺς
1353 1541 1432 1604 είς
1483 1541 1551 1594 τά
1607 1543 1911 1614 μυχαίτατα

321 1629 431 1684 τῶν
465 1632 672 1696 οἰκιῶν,
701 1632 841 1696 τινὲς
879 1631 977 1703 μὲν
1005 1632 1095 1685 ὑπ’
1117 1633 1292 1704 ἄκρας
1322 1633 1545 1701 ἐνδείας,
1579 1638 1911 1709 ἀνέργαστον

321 1722 411 1774 τδν
448 1726 593 1777 σῖτον
622 1723 828 1796 ἢσθιον,
859 1724 908 1776 of
941 1723 996 1776 δὲ
1031 1722 1282 1788 ἔπεσσον,
1309 1725 1384 1790 ὼς
1415 1727 1448 1797 ἦ
1478 1744 1536 1780 τε
1569 1728 1782 1800 ἀνάγκη
1817 1732 1909 1784 καὶ

320 1817 381 1868 et.
409 1816 530 1880 δέος
561 1816 811 1888 παρῄνει.
854 1815 964 1869 Καὶ
1010 1815 1258 1888 τράπεζα
1295 1816 1394 1888 μὲν
1446 1819 1683 1891 οὐδαμοῦ
1735 1839 1908 1894 παρε-
1940 1795 1981 1849 Β

1969 1951 1972 1958 ,
2011 1903 2230 1957 intimos
2259 1901 2455 1956 mdium
2503 1918 2756 1960 recessus
2817 1919 2940 1960 sese
2990 1904 3294 1971 abdentes,
3354 1906 3596 1962 nonnulli

317 1907 520 1974 τίθετο,
559 1907 655 1961 τοῦ
703 1907 763 1961 δὲ
797 1907 969 1980 πυρὸς
1021 1907 1341 1977 ἐφέλκοντες
1383 1909 1516 1981 (ὅθ),
1553 1910 1628 1964 ἔτ’
1667 1911 1796 1983 ὠμά
1842 1913 1908 1968 τὰ

321 2002 469 2054 σιτία
501 1999 820 2072 διήρπαζον.
855 2000 1091 2071 Ἐλεεινὴ
1116 1999 1159 2053 δ’
1180 1995 1248 2072 ἦν
1279 2002 1312 2072 ἠ
1338 2004 1512 2073 τροφὴ
1540 2003 1633 2057 καὶ¹
1658 2005 1907 2076 δακρύων

314 2093 468 2158 ἄξιος
501 2095 535 2164 ἡ
580 2093 696 2156 θέα,
728 2093 836 2146 τῶν
867 2092 964 2163 μὲν
1002 2092 1388 2163 δυνατωτέρων
1420 2093 1904 2161 πλεονεκτούντων,

317 2187 428 2241 τίὲν
461 2187 519 2241 δέ
548 2185 787 2240 ἀσθενῶν
818 2186 1175 2260 ὀδυρομένων.
1217 2185 1441 2240 Πάντων
1486 2189 1582 2257 μὲν
1613 2188 1676 2260 δὴ
1720 2190 1907 2243 παθῶν

316 2281 680 2351 ὑπερίσταται
731 2277 916 2348 λιμός·
969 2277 1123 2331 οὐδὲν
1169 2277 1215 2331 δ’
1263 2277 1437 2342 οὑτως
1487 2279 1780 2334 ἀπόλλυσιν
1833 2282 1909 2346 ὡς

315 2375 473 2428 atad).
499 2374 572 2427 Τὸ
600 2373 708 2445 γάρ
737 2371 907 2437 άλλως
941 2372 1204 2444 ἐντροπῆς
1239 2372 1407 2440 ἀξιον,
1447 2374 1504 2426 ἐν
1538 2373 1710 2445 τούτῳ
1743 2393 1909 2428 κατα·

315 2464 621 2536 φρονεῖται.
662 2462 921 2525 Γυναῖκες
958 2462 1088 2531 γοῦν
1115 2462 1345 2536 ἀνδρῶν,
1381 2464 1475 2516 καὶ
1512 2463 1698 2526 παῖδες
1746 2465 1908 2518 πατέ-

315 2574 454 2629 ρων,
483 2555 576 2609 καὶ
604 2554 665 2607 τὸ
697 2554 1066 2623 οἰκτρότατον,
1103 2556 1337 2627 μητέρες
1366 2557 1576 2629 νηπίων
1601 2556 1907 2628 ἐξήρπαζον

313 2650 382 2714 ἐξ
424 2648 602 2703 αὐτῶν
633 2646 742 2700 τῶν
776 2647 1058 2718 στομάτων
1105 2648 1203 2712 τάς
1234 2649 1456 2722 τροφάς.
1489 2650 1597 2702 Καὶ
1635 2650 1742 2702 τῶν
1788 2650 1908 2720 φιλ-

313 2741 497 2793 τάτων
519 2740 577 2790 ἐν
605 2737 761 2809 χερσὶ
792 2738 1227 2809 μαραινομένων,
1249 2739 1350 2792 οὑκ
1377 2735 1444 2811 ἦν
1469 2741 1634 2810 φειδὼ
1657 2741 1784 2804 τοὺς
1812 2739 1905 2794 τοῦ

315 2826 422 2899 ζῇν
479 2827 774 2898 ἀφελέσθαι
821 2828 1183 2901 σταλαγμούς.
1231 2831 1470 2885 Τοιαῦτα
1515 2831 1570 2884 δὲ
1612 2831 1902 2896 ἐσθίοντες,

317 2921 472 2991 ὅμως
503 2921 564 2974 οὑ
595 2921 958 2976 διελάνθανον.
1005 2922 1288 2994 Πανταχοῦ
1326 2923 1370 2976 δ’
1396 2919 1488 2977 οὖν
1529 2924 1815 2994 ἐφίσταντο
1855 2926 1905 2976 οἱ

319 3012 645 3067 στασιασταὶ
681 3013 777 3066 καὶ
819 3012 1022 3068 τούτων
1068 3016 1188 3077 ταῖς
1219 3016 1521 3086 ἁρπαγαῖς.
1571 3016 1762 3070 Ὁπότε
1797 3016 1905 3088 γὰρ

2023 526 2461 596 ingravescebat.
2510 524 2578 581 Et
2617 526 2796 596 palam
2841 528 3063 598 quidem
3117 532 3325 587 nullum
3373 533 3426 587 in
3474 533 3606 590 urbe

2021 616 2347 673 frumentum
2376 630 2514 674 erat.
2545 617 2652 674 Sed
2685 619 2929 677 seditiosi
2967 624 3242 679 irruentes
3285 624 3340 679 in
3385 626 3603 690 domos,

2019 710 2202 765 omnia
2233 711 2662 768 scrutabantur:
2690 719 2745 768 et
2770 711 2818 768 si
2849 713 2978 783 quid
3019 716 3376 785 reperissent,
3405 717 3602 773 aedium

2019 801 2294 864 dominos,
2329 809 2516 872 utpote
2545 803 2640 873 qui
2671 803 3008 860 frumentum
3057 819 3118 860 se
3152 804 3361 860 habere
3410 823 3605 878 negas-

2021 901 2165 959 sent,
2212 893 2511 948 crudeliter
2543 894 2932 949 verberabant.
2971 896 3130 961 Quod
3181 896 3228 950 si
3263 895 3406 951 forte
3468 895 3604 952 nihil

2019 984 2360 1052 invenerant,
2380 985 2537 1056 quasi
2556 984 2872 1056 diligentius
2899 987 3290 1054 occultassent,
3319 990 3604 1045 tormentis

2016 1077 2425 1132 excruciabant.
2460 1075 2630 1133 Porro
2662 1093 2728 1132 an
2762 1078 2914 1134 cibos
2964 1078 3251 1144 haberent,
3283 1093 3472 1144 necne,
3516 1079 3604 1133 in-

2016 1169 2160 1222 dicio
2208 1178 2368 1224 erant
2404 1183 2634 1240 corpora
2667 1171 3019 1226 miserorum.
3076 1169 3214 1225 Nam
3272 1172 3363 1240 qui
3424 1171 3603 1226 adhuc

2018 1259 2172 1313 firma
2231 1270 2390 1314 erant
2441 1261 2783 1327 valetudine,
2835 1276 2931 1316 eos
2992 1262 3377 1318 alimentorum
3442 1265 3598 1334 copia

2015 1348 2292 1405 abundare
2322 1350 2640 1406 censebant.
2670 1351 2770 1418 Qui
2813 1366 2943 1406 vero
2969 1351 3082 1422 jam
3119 1353 3602 1420 contabescerent,

2014 1455 2108 1495 eos
2152 1442 2348 1496 missos
2392 1440 2686 1498 faciebant.
2750 1439 2963 1513 Quippe
3010 1458 3040 1497 a
3104 1445 3316 1498 ratione
3361 1444 3600 1500 alienum

2015 1533 2328 1597 videbatur,
2368 1534 2620 1590 homines
2661 1535 3001 1607 jamjamque
3053 1551 3167 1605 prae
3218 1536 3399 1591 inedia
3443 1537 3607 1593 mori-

2017 1636 2188 1690 turos,
2224 1625 2372 1680 ferro
2405 1627 2925 1698 interficere.1Multi
2958 1644 3090 1686 vero
3130 1630 3271 1685 clam
3307 1629 3600 1686 facultates

2014 1735 2142 1774 suas
2193 1734 2300 1772 uno
2342 1717 2596 1774 frumenti
2648 1721 2896 1790 quidem,
2933 1723 2978 1777 si
3011 1723 3212 1778 divites
3271 1733 3479 1788 essent,
3512 1724 3599 1779 sin

2013 1824 2298 1879 pauperes,
2355 1809 2546 1864 hordei
2606 1811 2786 1866 modio
2827 1812 3230 1881 permutabant.
3292 1815 3497 1870 Deinde
3544 1817 3598 1868 in

2011 1995 2227 2065 quidem
2258 1993 2422 2051 famis
2457 1995 2647 2051 ultima
2681 1999 3012 2054 necessitate
3042 1997 3218 2056 adacti
3246 1999 3430 2071 fruges
3457 2015 3596 2055 non-

2011 2086 2138 2141 dum
2166 2087 2380 2142 molitas
2403 2087 2791 2154 comedebant;
2829 2089 2919 2145 alii
2955 2105 3087 2146 vero
3116 2106 3311 2161 panem
3342 2093 3599 2148 conﬁcie-

2010 2179 2160 2244 bant,
2193 2189 2456 2248 quantum
2501 2183 2802 2236 necessitas
2850 2191 3137 2250 metusque
3191 2183 3477 2238 suadebat.
3527 2183 3594 2237 Et

2011 2286 2194 2324 mensa
2253 2273 2470 2340 quidem
2535 2271 2724 2326 nullibi
2775 2274 3189 2341 apponebatur:
3230 2274 3324 2328 sed
3388 2275 3597 2330 crudos

2009 2364 2184 2420 adhuc
2211 2366 2362 2421 cibos
2403 2381 2470 2421 ex
2524 2366 2649 2435 igne
2680 2366 3064 2422 abstrahentes
3111 2368 3312 2439 singuli
3365 2369 3599 2438 diripie-

2012 2455 2160 2510 bant.
2197 2456 2526 2513 Miserabilis
2559 2473 2724 2528 porro
2751 2468 2872 2512 erat
2916 2458 3177 2514 alimonia
3208 2499 3222 2524 ,
3259 2460 3597 2530 dignumque

2012 2551 2266 2624 Iacrymis
2319 2551 2741 2622 spectaculum:
2777 2567 2897 2607 cum
2959 2552 3300 2608 valentiores
3375 2554 3593 2623 quidem

2009 2653 2205 2698 cuncta
2234 2643 2613 2713 praeriperent,
2654 2642 2988 2699 infirmiores
3033 2658 3165 2697 vero
3219 2643 3392 2697 vicem
3440 2657 3593 2698 suam

2011 2734 2279 2790 dolerent.
2313 2733 2519 2790 Omnes
2549 2734 2766 2804 quidem
2795 2735 2962 2790 animi
2999 2735 3226 2791 affectus
3255 2735 3411 2804 longe
3437 2747 3598 2805 supe-

2009 2839 2095 2883 rat
2127 2829 2298 2884 famcs
2333 2845 2346 2882 :
2373 2830 2578 2884 nullum
2613 2839 2792 2884 tamen
2819 2844 2972 2900 aeque
2996 2833 3195 2885 evertit
3229 2845 3293 2884 ac
3319 2844 3588 2884 verecun-

2008 2923 2180 2975 diam.
2247 2921 2381 2975 Nam
2415 2921 2674 2992 quidquid
2723 2921 2872 2976 alias
2903 2926 3109 2977 honore
3154 2922 3374 2992 dignum
3411 2931 3494 2976 est
3531 2936 3598 2977 ac

2007 3014 2341 3104 reverentia,
2369 3015 2421 3068 in
2453 3015 2610 3069 famis
2639 3015 2964 3070 necessitate
2993 3016 3384 3069 contemnitur.
3421 3015 3590 3070 Deni-

316 3105 587 3160 κατίδοιεν
620 3106 1118 3180 ἀποκεκλεισμένην
1145 3107 1342 3172 οἰκίαν,
1374 3111 1598 3179 σημεῖον
1627 3105 1694 3180 ἦν
1722 3109 1900 3173 τοῦτο,

2012 3123 2112 3176 que
2136 3122 2333 3162 uxores
2358 3106 2510 3171 viris,
2547 3107 2638 3160 filii
2667 3107 3021 3177 parentibus,
3079 3115 3132 3160 et
3177 3108 3320 3176 quod
3348 3107 3593 3161 omnium

315 3199 446 3263 τοὺς
488 3199 632 3253 ἔνδον
681 3199 1084 3270 προσφέρεσθαι
1127 3201 1354 3271 τροφήν.
1399 3199 1617 3265 Εὐθέως
1654 3201 1710 3254 δὲ
1757 3202 1904 3255 εἱσα-

319 3293 583 3364 ράξαντες
614 3293 713 3356 τάς
752 3293 923 3364 θύρας
967 3292 1102 3364 (5f),
1135 3294 1434 3365 εἰσεπήδων
1465 3294 1558 3348 καὶ
1610 3294 1768 3365 μόνον
1804 3296 1904 3348 οὑκ

319 3385 384 3438 ἐκ
428 3385 538 3438 τῶν
583 3385 878 3456 φαρύγγων
927 3384 1303 3450 ἀναθλίϐοντες
1355 3386 1481 3450 τοὺς
1521 3386 1749 3451 ἀκόλους
1778 3387 1903 3440 ἀνέ-

323 3493 505 3546 φερον,
545 3474 863 3529 Ἑτύπτοντο
902 3475 960 3529 δὲ
987 3476 1244 3547 γέροντες
1283 3477 1631 3547 ἀντεχόμενοι
1676 3478 1783 3530 τῶν
1826 3495 1905 3528 σι-

319 3567 470 3629 τίων,
515 3567 609 3618 καὶ
647 3566 823 3636 κόμης
885 3566 1295 3636 ἐσπαράσσοντο
1357 3567 1644 3634 γυναῖκες,
1696 3583 1903 3634 συγκα-

320 3654 617 3708 λύπτουσαι
649 3656 720 3708 τά
759 3658 815 3708 ἐν
844 3655 1032 3728 χερσίν
1054 3670 1067 3684 '
1099 3655 1220 3709 οὐδέ
1247 3673 1332 3721 τις
1366 3652 1435 3727 ἦν
1471 3654 1651 3721 οἶκτος
1692 3657 1901 3720 πολιᾶς,

322 3747 354 3818 ἢ
397 3748 624 3817 νηπίων,
665 3748 798 3802 ἀλλὰ
847 3749 1260 3820 συνεπαίροντες
1305 3749 1373 3802 τά
1419 3749 1589 3821 νήπια
1639 3749 1751 3820 (52)
1797 3751 1906 3803 τῶν

320 3839 530 3910 ψωμῶν
577 3839 994 3911 ἐκκρεμάμενα,
1051 3840 1327 3892 κατέσειον
1386 3841 1467 3904 είς
1529 3840 1750 3909 ἔδαφος,
1794 3842 1906 3904 τοῖς

325 3931 379 3984 δὲ
406 3930 640 4000 φθάσασι
681 3931 779 4003 τὴν
811 3931 1102 4002 εἰσδρομὴν
1128 3931 1307 3985 αὑτῶν
1339 3931 1431 3986 καὶ
1473 3931 1906 4003 προκαταπιοῦσι

319 4023 384 4075 τὸ
415 4021 889 4096 ἁρπαγησόμενον,
927 4011 1008 4085 ὡς
1054 4021 1401 4092 ἀδικηθέντες
1442 4018 1581 4094 ἦσαν
1618 4023 1904 4094 ὠμότεροι.

324 4113 514 4176 Δεινάς
539 4113 595 4166 δὲ
621 4113 868 4184 βασάνων
901 4113 1053 4176 ὁδοὺς
1079 4114 1335 4167 ἐπενόουν
1365 4115 1503 4186 πρὸς
1541 4114 1765 4186 ἔρευναν
1791 4132 1909 4186 τρο-

327 4205 453 4275 φῆς,
493 4204 702 4276 ὀρόϐοις
735 4206 832 4276 μὲν
861 4205 1268 4275 ἐμφράττοντες
1296 4208 1409 4269 τοῖς
1444 4205 1648 4269 ἀθλίοις
1676 4206 1785 4259 τῶν
1825 4209 1910 4260 ai-

327 4298 485 4351 δοίων
509 4297 635 4363 τοὺς
668 4298 888 4370 πόρους,
935 4298 1152 4369 ῥάϐδοις
1197 4299 1252 4352 δὲ
1279 4297 1482 4365 ὀξείαις
1523 4299 1909 4373 ἀναπείροντες

326 4389 424 4453 τὰς
445 4389 626 4461 ἕδρας.
670 4390 712 4442 Τ
717 4389 751 4442 ἀ
794 4392 995 4462 φρικτὰ
1026 4390 1083 4444 δὲ
1116 4391 1209 4444 καὶ
1241 4393 1430 4456 ἀκοαῖς
1473 4391 1675 4462 ἔπασχέ
1709 4409 1790 4456 τις
1828 4395 1909 4455 εἰς

2009 3197 2585 3254 ιιιοκῑηιοιιιίεθιτιιιίιο
2615 3208 2753 3264 erat,
2801 3207 3007 3254 matres
3059 3197 3358 3254 infantibus
3405 3201 3591 3254 cibum

2006 3307 2070 3346 ex
2105 3292 2212 3362 77
2238 3291 2353 3360 ipso
2383 3307 2477 3346 ore
2511 3290 2821 3361 rapiebant.
2854 3291 2920 3346 Et
2946 3291 3416 3346 mareesccntibus
3448 3292 3597 3346 inter

2005 3385 2229 3441 brachia
2263 3385 2473 3450 liberis,
2518 3385 2719 3440 vitales
2755 3385 2912 3440 lactis
2957 3395 3141 3456 guttas
3195 3386 3437 3440 adimere
3485 3400 3590 3439 non

2006 3478 2248 3547 pigebat.
2317 3477 2634 3548 llujusmodi
2693 3477 2848 3532 cibos
2891 3478 3017 3532 dum
3071 3486 3380 3546 caperent,
3423 3475 3596 3531 latere

2009 3577 2319 3623 tamennon
2354 3577 2626 3638 poterant.
2657 3568 2789 3622 Nam
2822 3569 3026 3638 ubique
3049 3569 3438 3624 seditiosorum
3478 3583 3595 3621 nta-

2009 3675 2132 3724 nus,
2164 3661 2359 3730 prada:
2391 3662 2617 3717 istorum
2669 3675 2730 3716 ac
2777 3661 2982 3732 rapinis
3017 3660 3594 3730 imminebat:quippe

2009 3752 2062 3806 hi
2094 3753 2266 3807 sicubi
2302 3752 2543 3807 clausam
2588 3753 2814 3808 domum
2862 3762 3291 3822 conspexerant,
3350 3767 3445 3808 eos
3499 3751 3592 3821 qui

2011 3845 2158 3898 intus
2190 3852 2414 3910 essent,
2447 3845 2629 3899 cibum
2671 3859 2891 3899 sumere
2935 3845 3040 3898 hoc
3096 3844 3301 3900 indicio
3347 3845 3595 3914 suspica-

2009 3936 2244 3996 bantur,
2296 3936 2592 4007 statimque
2637 3936 2878 3991 effractis
2909 3935 3118 3991 foribus
3164 3936 3488 4002 irruebant,
3539 3943 3597 3990 et

2009 4044 2175 4098 prope
2232 4044 2297 4084 ex
2355 4029 2484 4098 ipsis
2531 4029 2778 4084 faucibus
2829 4043 3091 4097 expressa
3131 4029 3377 4084 ciborum
3419 4027 3594 4083 frusta

2012 4121 2360 4176 revocabant.
2400 4120 2742 4192 Vapulabant
2771 4135 2929 4176 senes
2961 4121 3051 4190 qui
3081 4135 3262 4176 escam
3294 4136 3323 4175 e
3345 4119 3595 4175 manibus

2011 4211 2282 4266 dimittere
2307 4209 2586 4265 nolebant.
2618 4209 2870 4266 Mulieres
2903 4225 3128 4281 quoque
3156 4211 3496 4266 occultantes
3527 4223 3592 4276 ea

2011 4319 2131 4374 qua:
2159 4303 2212 4357 in
2238 4302 2489 4358 manibus
2520 4303 2813 4368 habebant,
2846 4303 3052 4374 sparsis
3097 4303 3342 4358 crinibus
3390 4311 3574 4373 rapta-

2012 4397 2233 4451 bantur.
2279 4395 2434 4450 Nulla
2482 4410 2768 4459 canorum,
2823 4395 2966 4449 nulla
3005 4393 3247 4449 infantia:
3305 4395 3587 4450 miseratio

325 4481 713 4553 ἐξομολόγησιν
742 4481 858 4546 sva;
883 4481 1048 4555 ἄρτου
1084 4483 1178 4537 καὶ
1208 4485 1295 4537 ἵνα
1333 4483 1548 4558 μηνύσῃ
1576 4484 1752 4556 δράκα
1785 4485 1911 4555 μίαν

2021 4495 2142 4542 erat
2171 4504 2185 4540 :
2213 4487 2308 4542 sed
2371 4496 2556 4555 raptos
2603 4486 2658 4540 in
2708 4486 2940 4541 sublime
2981 4486 3237 4557 parvulos
3281 4500 3403 4540 cum
3463 4485 3596 4555 ipsis

323 4576 714 4648 κεκρυμμένην
759 4576 1021 4647 ἀλφίτων.
1057 4577 1118 4629 Oi
1156 4577 1478 4647 βασανισταὶ
1520 4577 1564 4631 δ’
1610 4579 1712 4630 οὑκ
1755 4579 1906 4630 ἐπεί-

325 4685 458 4727 νων,
507 4669 603 4721 καὶ
634 4668 742 4740 γάρ
767 4667 830 4722 ἂν
856 4664 1018 4742 ἦττον
1062 4668 1212 4740 ὠμὸν
1257 4665 1325 4742 ἦν
1365 4669 1426 4722 τὸ
1462 4670 1580 4742 μετ’
1623 4670 1869 4742 ἀνάγκης
1894 4711 1907 4736 ,

401 4848 513 4919 (49)
548 4848 721 4915 Ἤδη.
743 4861 748 4864 '
770 4848 1203 4916 παρωδεύοντο.
1233 4849 1401 4903 Prava
1432 4849 1590 4918 huius
1615 4848 1715 4901 loci
1747 4849 1918 4904 inter-

332 4922 553 4988 pum-tio
579 4935 700 4988 qua:
733 4921 960 4973 habeatur
991 4923 1042 4974 in
1071 4921 1313 4974 editione
1347 4919 1632 4987 Stephani,
1665 4919 1914 4973 Christo-

334 4991 664 5058 pborsonum
713 4989 764 5042 in
816 5005 1056 5043 errorem
1109 4991 1342 5044 induxit.
1393 4991 1555 5058 Atqui
1599 4989 1758 5042 facile
1799 5000 1919 5044 erat

334 5076 452 5130 eam
510 5061 794 5130 restituere
841 5061 892 5111 in
938 5059 1082 5113 hunc
1139 5060 1379 5125 modum,
1429 5061 1480 5113 οί
1527 5059 1824 5130 τηκόμενοι
1859 5059 1916 5112 δὲ

335 5128 458 5200 ἥδη,
486 5129 880 5200 παρωδεύοντο,
925 5130 1290 5200 ιιιίερτίὒίιιιι·
1342 5131 1482 5198 apud
1524 5128 1914 5200 Nicephoruut,

337 5211 386 5252 et
429 5199 480 5251 in
511 5199 693 5252 codice
718 5201 852 5252 Maz.
890 5208 942 5254 ef
969 5199 1107 5253 Med.

407 5269 518 5340 (ῥυ)
557 5268 666 5322 Τυῦ
689 5268 756 5322 δὲ
781 5269 968 5337 πτιφὸς
993 5269 1370 5338 ἐφέλκοντες.
1405 5267 1733 5340 Nicephorus
1761 5270 1920 5324 habet

341 5338 681 5410 ὑφέλκοντες.
753 5343 856 5393 Sed
937 5341 1383 5410 vulgatailectio
1423 5338 1630 5410 (Inagis
1707 5341 1912 5410 placet,

340 5409 534 5480 quippe
596 5426 715 5478 qua:
787 5409 1095 5480 violentiam
1167 5409 1328 5464 famis
1388 5409 1587 5465 clarius
1646 5409 1910 5480 designat.

339 5479 570 5547 Singuli,
625 5482 798 5549 inquit
853 5479 1138 5549 Iosephus,
1179 5483 1377 5535 crudos
1418 5481 1594 5535 adhuc
1636 5490 1691 5536 et
1742 5479 1911 5536 semi-

340 5561 521 5621 coctos
576 5550 726 5604 cibos
783 5551 848 5604 ad
899 5566 1018 5605 sese
1064 5550 1408 5604 attraltebant
1453 5568 1516 5621 ac
1563 5551 1910 5621 diripiebant.

341 5616 396 5669 Ill
428 5621 615 5692 ‘enint_
643 5621 948 5688 significant
998 5635 1169 5692 voces
1212 5621 1316 5692 illa:
1377 5616 1696 5690 ἐφέλκοντες
1758 5621 1912 5692 διήρ-

342 5687 531 5752 παζον.
585 5687 734 5756 Quod
779 5701 957 5745 tamen
994 5706 1096 5745 nec
1140 5689 1366 5745 Rufinus
1401 5687 1498 5746 nec
1531 5687 1914 5760 Christopltur-

344 5771 507 5814 sonus
535 5760 939 5828 intellexerunt,
971 5771 1029 5817 ut
1060 5775 1127 5816 ex
1159 5762 1438 5832 utriusque
1472 5761 1717 5818 versione
1751 5775 1914 5830 appa-

2016 4579 2213 4648 quibus
2239 4581 2462 4648 penduli
2515 4579 2859 4634 inhaerebant
2902 4578 3184 4642 buecellis,
3244 4577 3360 4632 solo
3405 4577 3597 4632 allide-

2019 4673 2173 4726 bant.
2231 4670 2288 4725 Si
2320 4672 2412 4742 qui
2443 4685 2575 4725 vero
2629 4671 2904 4725 incursum
2959 4685 3145 4725 eorum
3181 4664 3593 4739 praévenissent,

2017 4857 2120 4903 ret.
2156 4847 2290 4902 Nam
2333 4847 2862 4914 Christophorsonus
2906 4845 3087 4911 vertit,
3121 4845 3278 4900 ’aride
3312 4862 3402 4900 ore
3451 4846 3598 4901 abri-

2014 4921 2242 4986 piebaut,
2277 4919 2420 4987 quod
2451 4934 2480 4972 a
2531 4928 2709 4972 mente
2748 4917 2966 4984 .Ioseplti
3013 4917 3169 4986 longe
3205 4919 3378 4971 abest.
3415 4917 3599 4987 Signi-

2017 4991 2142 5043 ficat
2166 4990 2312 5042 enitn
2355 4987 2646 5057 Iosephus,
2691 4989 2916 5041 miseros
2947 4988 3066 5042 illus
3100 4987 3300 5057 cibaria
3346 4987 3446 5041 sibi
3473 5003 3595 5039 mtt-

2019 5069 2108 5112 tuo
2136 5061 2400 5126 rapuisse.
2437 5056 2598 5125 quue
2647 5073 2715 5112 ex
2751 5059 3104 5127 sequentibus
3155 5056 3372 5126 Josepbi
3414 5058 3600 5127 verbis

2017 5129 2304 5185 manifeste
2357 5129 2720 5183 convincitur.
2787 5126 2841 5180 In
2899 5128 3084 5181 codice
3141 5127 3273 5180 Maz.
3337 5135 3392 5180 et
3451 5126 3594 5181 Med.

2017 5198 2213 5322 lsi-gitlur
2273 5197 2623 5267 ἀφέλκοντες.
2670 5197 2761 5253 Sic
2815 5198 2980 5252 etiam
3034 5197 3088 5252 iu
3149 5198 3307 5254 codd.
3355 5196 3488 5250 Fufi.
3536 5203 3594 5250 et

2059 5283 2139 5321 an
2170 5311 2185 5322 .

2059 5283 2185 5325 λνιι.

2085 5338 2195 5409 (Si)
2228 5338 2676 5406 Εἰσαράξαντες
2713 5340 2821 5404 τὰς
2863 5338 3066 5404 θύρας.
3107 5336 3198 5392 Sic
3231 5335 3498 5409 Iosephus
3531 5348 3598 5391 ac

2012 5405 2386 5477 Nicephorius;
2413 5412 2482 5462 ita
2517 5425 2732 5478 quoque
2754 5411 2909 5463 codd.
2947 5410 3149 5462 Mazar.
3181 5417 3234 5460 et
3266 5405 3425 5470 Fuk.,
3451 5406 3597 5478 hanc

2014 5477 2549 5549 lectionemiotmtes’
2584 5481 2907 5549 interpretes
2961 5495 3067 5534 uno
3101 5493 3366 5549 consensu
3423 5477 3595 5549 secuti

2011 5559 2156 5602 sunt.
2198 5549 2252 5601 In
2284 5548 2542 5621 (Medicam
2573 5545 2962 5621 εἰσαράξαντες
2999 5550 3245 5604 habetur.
3271 5547 3436 5612 Editi,
3470 5545 3599 5612 ἐξά-

2015 5635 2208 5689 ραντες
2238 5619 2336 5683 τὰς
2360 5622 2565 5691 χεῖρας.

2081 5691 2198 5760 (52)
2227 5691 2300 5743 Τὰ
2319 5685 2522 5756 νῆπὶα.
2555 5689 2745 5762 Melius
2767 5689 2905 5762 apud
2929 5687 3220 5755 Josephum
3241 5696 3297 5744 et
3323 5685 3602 5758 Nicephoe

2012 5759 2130 5816 rtttu
2165 5761 2362 5833 legitur
2389 5763 2459 5813 τὰ
2497 5759 2706 5815 παιδία.
2800 5759 2814 5762 ’
3354 5803 3356 5806 .
