4140 6430
509 325 613 382 221

1223 314 1500 374 EUSEBH
1539 309 2027 374 CJESARIENSIS
2066 309 2218 368 OPP.
2261 309 2445 368 PARS
2483 312 2524 370 Ι.
2564 342 2634 356 --
2671 311 3063 374 IllSTORlCA.
3116 395 3119 398 _

3678 323 3786 381 223

512 447 675 515 idque
697 441 840 514 quod
860 439 958 513 ipsi
983 439 1193 512 rapturi
1218 447 1392 503 erant,
1421 435 1689 508 deglutire
1713 443 2084 506 occupassent,

2200 433 2572 504 γυμνάζοντες
2619 434 2678 488 δὲ
2714 435 2813 507 τὴν
2846 435 3126 500 ἀπόνοιαν,
3178 438 3271 491 καὶ
3323 443 3791 512 προπαρασκευά-

511 551 608 592 eos
636 535 794 604 longe
825 530 1174 587 inhumanius
1199 528 1529 592 tractabant,
1563 526 1715 598 quasi
1749 524 2002 594 iniuriam
2026 528 2094 578 ab

512 628 580 684 iis
608 627 965 696 accepissent.
1030 623 1201 677 Porro
1251 624 1371 677 dira
1431 632 1822 675 tormentorum
1895 634 2094 690 genera

516 719 904 788 excogitabant
939 717 1006 770 ad
1058 713 1528 785 pervestigandum
1576 712 1913 766 alimentum.
1959 709 2095 764 Nam

512 813 726 869 miseris
757 811 1096 872 hominibus,
1132 811 1279 879 ipsos
1298 807 1517 877 quidem
1537 805 1853 874 genitaliqu
1883 814 2095 860 meatus

524 905 675 960 ervis
703 904 1069 967 obturabant;
1102 903 1345 971 podicem
1392 915 1519 956 vero
1552 899 1840 970 praeacutis
1869 899 2097 953 sudibus

512 995 922 1063 transligebaut.
956 991 1134 1062 thue
1165 1007 1360 1063 panem
1411 1007 1576 1044 unum
1623 1006 1682 1045 se
1728 990 1929 1044 habere
1971 991 2095 1058 quis

509 1086 800 1152 fateretur,
833 1098 922 1140 aut
967 1087 1225 1155 pugillum
1266 1084 1460 1138 farina:
1496 1084 1770 1139 occultum
1805 1085 2091 1148 indicaret,

512 1194 574 1232 ea
609 1179 920 1243 perferebat
961 1195 1081 1247 quae
1115 1178 1199 1232 rel
1234 1179 1351 1245 ipso
1391 1179 1574 1232 auditu
1618 1178 1900 1231 horrorem
1943 1180 2095 1230 incu-

514 1273 676 1326 tiunt.
711 1270 933 1324 Interim
973 1282 1208 1324 tortores
1231 1271 1331 1338 ipsi
1368 1270 1596 1339 penuria
1629 1268 1850 1323 minime
1875 1269 2094 1323 labora-

508 1364 665 1420 bant.
694 1363 870 1416 Minus
899 1362 1043 1416 enim
1071 1363 1292 1417 crudele
1323 1364 1496 1416 visum
1528 1361 1743 1426 fuisset,
1775 1361 1816 1415 si
1852 1361 2092 1415 necessi-

513 1463 622 1511 tate
651 1456 831 1508 adacti
865 1456 989 1507 talia
1033 1465 1466 1524 perpetrassent.
1512 1455 1618 1510 Sed
1652 1456 1700 1508 id
1731 1453 2002 1523 agebant,
2037 1463 2093 1506 ut

511 1549 795 1601 audaciam
827 1563 978 1600 suam
1020 1546 1327 1613 huiusmodi
1357 1548 1756 1601 exercitatione
1799 1546 2092 1600 conﬁrma-

515 1651 656 1705 rent,
693 1648 748 1694 et
776 1648 1142 1693 commeatum
1172 1639 1274 1693 sibi
1312 1640 1363 1693 in
1401 1639 1599 1692 multos
1643 1639 1763 1691 dies
1804 1652 2089 1704 compara--

516 1744 660 1789 rent.
695 1734 772 1787 Ac
799 1734 844 1786 si
872 1734 962 1800 qui
999 1742 1161 1786 noctu
1197 1747 1371 1800 usque
1400 1732 1466 1784 ad
1503 1731 1768 1785 stationes
1819 1729 2090 1782 Rotnano-

510 1844 628 1881 rum
674 1834 1032 1894 erepserant,
1082 1827 1380 1895 agrestium
1435 1823 1642 1877 olcrum
1695 1832 1748 1875 et
1799 1821 2088 1875 herbarum

507 1919 939 1985 colligcudarum
993 1933 1204 1971 causa:
1244 1926 1596 1971 occurrentes
1641 1916 1706 1968 iis
1755 1917 1845 1982 qui
1896 1929 1952 1969 se
1979 1914 2089 1981 iam

505 2008 741 2063 hostium
779 2022 970 2060 manus
1009 2005 1266 2074 effugisse
1290 2006 1626 2067 credebant,
1657 2004 1919 2073 quidquid
1949 2014 2093 2057 attu-

505 2101 706 2165 lerant,
740 2100 1099 2169 deripiebanl.
1125 2099 1263 2164 Quin
1286 2099 1450 2152 etiam
1483 2097 1918 2166 supplicantibus
1949 2113 2090 2166 saepe

507 2195 745 2260 miseris,
782 2203 837 2248 ct
875 2208 972 2262 per
1018 2191 1358 2246 tremendum
1395 2190 1484 2243 Dei
1519 2205 1711 2243 nomen
1751 2190 2092 2244 obsecranti-

508 2287 630 2349 bus,
661 2295 718 2340 ut
745 2295 957 2354 partem
997 2298 1206 2346 eorum,
1233 2297 1353 2351 qua:
1384 2297 1504 2335 cum
1537 2282 1659 2335 vitae
1688 2281 1929 2350 perieulo
1952 2291 2092 2335 attu-

507 2381 704 2440 lerant,
725 2376 825 2429 sibi
861 2373 1245 2437 concederent,
1271 2372 1402 2425 nihil
1433 2385 1657 2441 prorsus
1687 2372 2086 2442 impertierunt.

504 2467 949 2536 Gratandtltnqttc
977 2475 1098 2520 erat
1127 2465 1170 2518 si
1199 2463 1437 2534 spoliati,
1481 2480 1587 2518 non
1627 2464 1788 2518 etiam
1825 2480 2089 2518 necaren-

510 2559 857 2614 luchinde
908 2555 1207 2622 interiectis
1250 2556 1573 2625 quibusdam
1623 2556 1737 2611 haec
1788 2555 2089 2627 subiungit:

515 2646 743 2703 «Judaeis
759 2663 886 2702 vero
916 2647 1078 2700 simul
1115 2662 1236 2700 cum
1276 2646 1584 2715 egrediendi
1624 2647 1878 2702 facultate
1903 2691 1918 2714 ,
1963 2662 2088 2716 spes

504 2758 716 2814 quoque
747 2741 925 2795 omnis
949 2738 1138 2794 salutis
1183 2741 1446 2809 praeclusa
1489 2751 1630 2795 erat.
1672 2741 1736 2795 Et
1783 2747 2084 2808 augescens

503 2834 699 2900 fames,
728 2851 825 2903 per
854 2834 1046 2889 domos
1082 2841 1137 2886 et
1183 2832 1421 2887 familias
1471 2834 1725 2902 populum
1756 2833 2086 2901 depasceba-

507 2939 612 2985 tur.
661 2931 738 2984 Ac
792 2938 931 2983 tecta
969 2923 1380 2998 quidem'plcna
1444 2936 1600 2982 erant
1649 2927 1967 2982 mulieribus
2030 2937 2085 2981 et

513 3023 815 3078 infantibus
844 3021 986 3075 fame
1017 3020 1223 3074 enectis
1261 3035 1276 3072 :
1322 3019 1636 3089 angiportus
1683 3035 1812 3074 vero
1863 3018 2084 3073 senibus

2199 524 2384 590 ζοντες
2433 527 2647 588 ἑαυτοῖς
2692 527 2909 591 εἰςτὰς
2943 526 3073 598 ἑξῆς
3104 528 3315 600 ἡμέρας
3344 530 3551 598 ἐφόδια.
3587 531 3711 595 Τοῖς
3745 532 3790 584 δ’

2198 617 2292 671 ἐπὶ
2333 619 2430 690 τὴν
2473 620 2758 689 Ῥωμαίων
2794 621 3033 692 φρουράν
3063 621 3276 693 νύκτωρ
3307 621 3666 694 ἐξερπύσασιν
3699 623 3794 678 ἐπὶ

2197 711 2445 782 λαχάνων
2497 712 2761 782 συλλογὴν
2801 715 3009 784 ἀγρίων
3057 716 3152 768 καὶ
3202 715 3360 779 πόας,
3410 717 3792 780 ὑπαντῶντες,

2197 805 2272 858 ὅτ’
2328 804 2425 877 ἤδη
2491 805 2911 874 διαπεφευγέναι
2981 808 3108 871 τοὺς
3169 808 3461 879 πολεμίους
3530 809 3788 875 ἐδόκουν,

2198 897 2522 969 ἀφήρπαζον
2551 898 2618 951 τὰ
2664 899 3021 969 κομισθέντα,
3064 901 3158 954 καὶ
3203 900 3461 966 πολλάκις
3517 903 3794 957 ἱκετευόν-

2197 1007 2326 1052 των,
2362 992 2455 1044 καὶ
2484 991 2544 1043 τὸ
2589 993 2946 1062 φρικτότατον
2993 993 3438 1064 ἐπικαλουμένων
3479 995 3650 1067 ὄνομα
3689 995 3790 1050 τοῦ

2197 1077 2331 1130 Θεοῦ
2373 1079 2692 1149 μεταδοῦναί
2719 1098 2771 1134 τι
2805 1082 2969 1153 μέρος
3003 1083 3213 1148 αὐτοῖς,
3248 1078 3323 1138 ὧν
3349 1086 3792 1152 κινδυνεύσαντες

2198 1171 2456 1241 ἤνεγκαν,
2499 1172 2770 1226 οὐδοτιοῦν
2815 1174 3130 1245 μετέδοσαν.
3183 1177 3491 1246 Ἀγαπητὸν
3524 1177 3569 1230 δ’
3603 1167 3692 1248 ἦν,
3725 1179 3789 1232 τὸ

2200 1260 2274 1331 μὴ
2328 1263 2419 1314 καὶ
2470 1262 2906 1333 προσαπολέσθαι
2965 1264 3402 1336 σεσυλημένον.»
3455 1265 3678 1331 Τούτοις
3728 1267 3787 1321 δὲ

2201 1351 2316 1422 μεθ’
2341 1352 2502 1425 ἕτερα
2535 1355 2784 1426 ἐπιφέρει
2819 1355 3027 1424 λέγων·
3057 1377 3074 1408 ι
3114 1357 3387 1422 Ἰουδαίοις
3421 1359 3478 1412 δὲ
3513 1361 3648 1430 μετὰ
3675 1361 3787 1414 τῶν

2196 1445 2388 1509 ἐξόδιον
2423 1448 2676 1520 ἀπεκόπη
2714 1451 2864 1502 πᾶσα
2901 1451 3175 1522 σωτηρίας
3206 1451 3380 1515 ἐλπίς.
3413 1454 3520 1506 Καὶ
3549 1453 3789 1524 βαθύνας

2195 1537 2386 1591 ἑαυτὸν
2411 1541 2438 1590 ὁ
2464 1537 2653 1609 λιμὸς,
2696 1540 2817 1593 κατ’
2857 1540 3037 1604 οἴκους
3090 1542 3184 1594 καὶ
3235 1541 3426 1610 γενεὰς
3471 1543 3563 1596 τὸν
3610 1541 3786 1614 δῆμον

2194 1628 2540 1686 ἐπεϐόσκετο.
2583 1632 2691 1685 Καὶ
2728 1632 2795 1685 τά
2844 1633 2939 1703 μὲν
2968 1633 3099 1705 τέγη
3135 1633 3461 1704 πεπλήρωτο
3507 1636 3786 1704 γυναικῶν

2194 1723 2287 1775 καὶ
2317 1722 2532 1793 βρεφῶν
2565 1723 2894 1796 λελυμένων,
2917 1728 2966 1780 οἱ
3006 1731 3270 1782 στενωποὶ
3303 1731 3358 1782 δέ
3385 1731 3656 1801 γερόντων
3697 1748 3786 1784 νε-

2195 1816 2361 1887 κρῶν.
2403 1817 2597 1881 Παῖδες
2629 1817 2686 1870 δέ
2718 1820 2811 1872 καὶ
2856 1821 3062 1874 νεανίαι
3097 1821 3432 1887 διοιδοῦντες,
3478 1822 3666 1896 ῶσπερ
3701 1823 3784 1877 εἴ·

2192 1909 2336 1962 δωλα
2381 1909 2520 1963 κατὰ
2547 1911 2646 1974 τὰς
2695 1913 2900 1984 ἀγορὰς
2936 1914 3241 1968 ἀνειλοῦντο
3288 1916 3382 1968 καὶ
3423 1915 3779 1979 κατέπιπτον,

2193 2001 2313 2054 ὅποι
2344 2001 2465 2055 τινὰ
2506 2001 2565 2054 τὸ
2600 2002 2767 2067 πάθος
2799 2005 3240 2076 καταλαμϐάνοι’
3293 2008 3519 2062 θάπτειν
3564 2009 3623 2062 δὲ
3657 2010 3784 2073 τοῦς

2194 2095 2589 2164 προσήκοντας,
2619 2094 2741 2148 οὔτε
2775 2096 2957 2166 ἴσχυον
2985 2101 3032 2150 οἱ
3074 2099 3392 2170 κάμνοντες,
3430 2101 3525 2153 καὶ
3552 2101 3612 2153 τὸ
3644 2101 3787 2154 διευ⁹

2191 2186 2378 2240 τονοῦν
2407 2185 2590 2252 ὤκνει,
2621 2188 2710 2241 διά
2741 2207 2798 2242 τε
2839 2191 2898 2243 τὸ
2930 2190 3134 2262 πλῆθος
3176 2192 3283 2246 τῶν
3317 2193 3544 2265 νεκρῶν,
3577 2196 3670 2249 καὶ
3719 2195 3784 2249 τὸ

2193 2277 2336 2331 κατά
2384 2281 2523 2348 σφᾶς
2574 2281 2790 2351 ἄδηλον.
2856 2283 3050 2336 Πολλοὶ
3097 2283 3226 2353 γοῦν
3293 2290 3408 2351 τοῖς
3459 2288 3550 2340 ὑπ’
3600 2288 3783 2345 αὐτῶν

2193 2372 2552 2444 θαπτομένοις
2598 2375 3036 2447 ἐπαπέθνησκον,
3077 2377 3261 2431 πολλοὶ
3291 2379 3334 2432 δ’
3358 2379 3450 2432 ἐπὶ
3482 2379 3580 2444 τὰς
3605 2379 3782 2453 θήκας

2192 2468 2320 2539 πρὶν
2350 2468 2637 2539 ἐπιστῆναι
2668 2469 2728 2520 τὸ
2770 2467 2968 2539 χρεὼν,
3003 2471 3288 2543 προῆλθον.
3321 2471 3458 2526 Ούτε
3492 2474 3550 2527 δὲ
3583 2473 3782 2546 θρῆνος

2191 2559 2248 2611 ἐν
2273 2561 2392 2623 ταῖς
2432 2563 2755 2630 συμφοραῖς,
2783 2559 2905 2614 οῦτε
2940 2561 3244 2634 ὀλοφυρμὸς
3278 2559 3367 2636 ἦν,
3401 2564 3537 2618 ἀλλὰ
3567 2568 3595 2618 ὁ
3623 2566 3782 2637 λιμὸς

2190 2651 2386 2722 ἤλεγχε
2428 2651 2498 2704 τὰ
2546 2651 2714 2723 πάθη.
2767 2653 2963 2723 Ξηροῖς
3015 2653 3071 2706 δὲ
3128 2657 3240 2717 τοῖς
3288 2654 3529 2725 ὄμμασιν
3579 2655 3689 2725 (55)
3729 2658 3778 2711 oi

2189 2743 2643 2806 δυσθανατοῦντες
2695 2743 2952 2817 ἐφεώρων
2997 2745 3124 2810 τοὺς
3171 2745 3482 2814 φθάσαντας
3531 2748 3780 2802 ἀναπαύ-

2190 2835 2404 2889 σασθαι.
2434 2835 2629 2888 Βαθεῖα
2655 2835 2710 2888 δέ
2743 2835 2840 2906 τὴν
2876 2836 3028 2888 πόλιν
3062 2841 3304 2909 περιεῖχε
3353 2840 3507 2912 σιγὴ,
3551 2840 3646 2893 καί⁵
3682 2841 3779 2909 νὺξ

2190 2928 2423 2982 θανάτου
2459 2929 2724 2998 γέμουσα.
2777 2929 2889 2982 Καὶ
2928 2929 3137 2983 τούτων
3185 2933 3233 2985 οἱ
3280 2931 3474 3005 λῃσταὶ
3522 2933 3776 3003 χαλεπώ-

2188 3037 2354 3094 τεροι.
2413 3021 2912 3093 Τυμϐωρυχοῦντες
2965 3022 3097 3090 γοῦν
3149 3022 3248 3087 τὰς
3307 3025 3520 3089 οἰκίας,
3569 3024 3782 3080 ἐσύλων

503 3116 735 3170 mortuis
772 3113 978 3168 referti.
1005 3111 1164 3166 Pueri
1197 3124 1378 3166 autem
1418 3123 1462 3166 el
1491 3112 1682 3178 adulti,
1703 3112 1900 3182 turgidi
1938 3112 2083 3167 velut

2188 3118 2311 3179 τοὺς
2346 3117 2592 3187 νεκροὺς,
2629 3116 2721 3169 καὶ
2749 3115 2815 3169 τά
2857 3115 3190 3187 καλύμματα
3222 3117 3333 3171 τῶν
3378 3119 3645 3189 σωμάτων
3675 3137 3776 3174 πε-

501 3205 794 3262 simulacra
828 3203 1071 3274 quwdam
1097 3218 1194 3271 per
1227 3202 1345 3258 fora
1375 3202 1731 3267 oberrabant,
1761 3212 1816 3256 et
1857 3204 2084 3257 ubicun-

501 3311 605 3366 que
642 3296 764 3365 quis
800 3295 918 3348 labe
973 3305 1261 3363 correptus
1311 3292 1524 3358 fuerat,
1557 3293 1866 3350 corruebat.
1913 3291 2084 3347 Porro

499 3389 938 3459 propinquorum
992 3387 1262 3440 cadavera
1315 3385 1548 3454 sepelire
1601 3400 1778 3455 neque
1831 3385 2087 3440 volebant

503 3481 618 3554 78
648 3481 776 3551 aegri
808 3489 901 3534 :ct
928 3479 1019 3548 qui
1049 3479 1228 3534 adhuc
1264 3479 1488 3548 integris
1523 3477 1730 3531 viribus
1763 3486 1940 3543 erant,
1971 3487 2084 3530 tum

499 3573 852 3629 multitudine
887 3584 1256 3635 mortuorum,
1279 3581 1395 3624 tum
1425 3569 1570 3637 quod
1601 3569 1702 3623 sibi
1742 3569 1842 3639 ipsi
1877 3577 2082 3624 metue-

500 3675 668 3732 rent,
734 3665 1212 3720 absterrebantur.
1275 3662 1528 3731 Plerique
1569 3661 1715 3716 enim
1770 3662 1894 3714 dum
1951 3661 2087 3714 alios

497 3760 820 3831 sepelirent,
884 3758 987 3826 ipsi
1059 3768 1290 3812 mortem
1345 3755 1628 3810 obierant.
1699 3752 1849 3808 Mulli
1917 3755 2084 3809 etiam

496 3861 790 3922 antequam
839 3849 1020 3905 fatalis
1060 3851 1192 3904 hora
1221 3847 1457 3912 adesset,
1517 3847 1584 3901 ad
1648 3847 1896 3916 sepulcra
1931 3847 2084 3902 locu-

496 3946 687 4014 losque
719 3942 1404 4012 properarunt..C-.cterum
1436 3955 1534 3994 nec
1562 3941 1738 3996 luctus
1770 3941 1820 3992 in
1844 3940 1910 3994 iis
1938 3940 2087 3994 cala-

496 4035 800 4097 mitatibus,
839 4047 937 4088 nec
971 4042 1196 4102 questus
1236 4043 1358 4088 erat
1401 4031 1576 4098 ullus;
1634 4032 1729 4087 sed
1776 4030 2085 4099 huiusmodi

496 4128 806 4182 animorum
859 4123 1087 4179 allectus
1129 4123 1304 4178 fames
1362 4131 1739 4192 superaverat.
1804 4123 1939 4177 Nam
1995 4122 2084 4192 qui

495 4232 640 4288 aegre
664 4217 842 4271 adhuc
872 4216 1128 4287 spiritum
1157 4215 1486 4280 trahebant,
1522 4215 1684 4271 siccis
1728 4217 1903 4271 oculis
1943 4217 2087 4286 aspi-

498 4312 721 4367 ciebant
753 4323 872 4372 eos,
907 4309 998 4378 qui
1028 4307 1139 4363 fato
1173 4309 1409 4364 celerius
1441 4308 1645 4373 functi,
1673 4321 1936 4379 perpetua
1972 4310 2084 4378 iam

499 4403 683 4474 quiete
727 4402 1063 4456 fruerentur.
1117 4403 1302 4456 Altum
1353 4416 1486 4457 vero
1535 4403 1810 4457 silentium
1864 4413 1917 4457 et
1965 4405 2080 4458 dira

2193 3208 2524 3280 ρισπῶντες,
2579 3207 2717 3279 μετὰ
2773 3208 3006 3276 γέλωτος
3045 3208 3292 3279 ἐξῄεσαν.
3339 3203 3448 3274 Τάς
3487 3228 3546 3264 τε
3590 3211 3778 3283 ἀκμὰς

2185 3305 2293 3357 τῶν
2339 3303 2506 3373 ξιφῶν
2720 3299 3041 3373 ἐδοκίμαζον
3088 3303 3145 3354 ἐν
3194 3305 3305 3366 τοῖς
3345 3301 3628 3374 πτώμασι,
3681 3303 3776 3357 καί

2185 3411 2340 3459 τινας
2396 3394 2503 3446 τῶν
2539 3393 2886 3466 ἐρριμμένων
2944 3394 3022 3447 ἔτι
3068 3391 3273 3458 ζῶντας
3323 3393 3633 3465 διήλαυνον,
3682 3395 3777 3448 ἐπὶ

2187 3486 2351 3556 πείρᾳ
2377 3485 2473 3538 τοῦ
2503 3485 2742 3557 σιδήρου.
2772 3486 2910 3549 Τοὺς
2939 3485 2993 3538 δὲ
3027 3486 3367 3550 ἱκετεύοντας
3389 3486 3591 3559 χρῆσαί
3619 3504 3776 3556 σφισι

2185 3576 2363 3641 δεξιὰν
2395 3578 2487 3630 καὶ
2517 3576 2698 3646 ξίφος,
2732 3576 2810 3648 τῷ
2843 3576 2985 3648 λιμῴ
3026 3577 3317 3631 κατέλιπον
3359 3579 3778 3651 ὑπερηφανοῦν-

2185 3686 2294 3732 τες.
2324 3669 2433 3722 Ka‘t
2479 3669 2587 3722 τῶν
2632 3669 2968 3722 ἐκπνεόντων
3013 3669 3261 3732 ἕκαστος,
3316 3669 3501 3733 ἀτενὲς
3549 3672 3627 3733 είς
3680 3671 3777 3724 τὸν

2186 3759 2313 3813 ναὸν
2355 3757 2570 3830 ἐφεώρα
2606 3759 2742 3829 (55),
2788 3759 2913 3821 τοὺς
2957 3759 3292 3821 στασιαστὰς
3336 3757 3544 3822 ζῶντας
3582 3758 3763 3813 ἀπολι-

2188 3851 2325 3905 πών.
2369 3853 2432 3903 0i.
2459 3851 2516 3905 δὲ
2541 3851 2602 3904 τὸ
2643 3852 2739 3922 μὲν
2774 3850 3008 3922 πρῶτον,
3039 3853 3102 3904 ἐκ
3133 3833 3235 3904 τοῦ.
3267 3850 3525 3921 δημοσίου
3568 3851 3774 3920 θησαυο

2189 3941 2284 4015 ροῦ
2331 3942 2553 3996 θάπτειν
2594 3941 2842 3995 ἐκέλευον
2879 3943 3004 4006 τοὺς
3057 3943 3305 4014 νεκροὺς,
3357 3945 3454 4014 τὴν
3483 3938 3656 4014 ὀσμὴν
3711 3945 3774 3997 οὑ

2187 4032 2478 4103 φέροντες·
2516 4031 2686 4085 ἔπειθ’
2726 4032 2802 4096 ὡς
2842 4033 2903 4085 οὐ
2947 4032 3230 4104 διήρκουν,
3272 4033 3382 4086 ἀπὸ
3426 4033 3532 4086 τῶν
3577 4033 3772 4103 τειχῶν

2187 4123 2445 4195 ἔρριπτον
2474 4127 2553 4187 εἰς
2579 4124 2676 4186 τὰς
2707 4126 3015 4194 φάραγγας.
3068 4123 3303 4196 Περιῖὼν
3334 4123 3389 4176 δὲ
3421 4121 3626 4186 ταύτας
3657 4122 3770 4194 (Siti)

2187 4218 2216 4270 ό
2248 4219 2439 4280 Τῖτος,
2481 4217 2556 4280 ὡς
2618 4217 2880 4270 ἐθεάσατο
2934 4217 3322 4288 πεπλησμένας
3374 4215 3482 4269 τῶν
3536 4217 3767 4287 νεκρῶν,

2188 4310 2282 4362 καὶ
2311 4309 2477 4378 βαθὺν
2510 4309 2679 4381 ἰχῶρα
2711 4307 3001 4382 μυδώντων
3044 4308 3134 4361 τὸν
3165 4307 3500 4380 ὑπορρέοντα
3526 4307 3633 4361 τῶν
3667 4325 3746 4361 σω

2192 4402 2398 4472 μάτων,
2425 4401 2677 4466 ἐστέναξέ
2711 4419 2768 4456 τε
2800 4401 2894 4455 καὶ
2927 4401 3026 4464 τὰς
3059 4403 3247 4472 χεῖρας
3284 4401 3569 4465 ἀνατείνας
3609 4417 3742 4453 κατε

495 4495 744 4567 quzetlam
772 4495 965 4550 mortis
993 4494 1171 4562 caligo
1206 4495 1479 4550 civitatem
1515 4495 1821 4552 obsederat.
1860 4495 1966 4551 Sed
1992 4497 2074 4552 his

2188 4492 2500 4564 μαρτύρατο
2517 4493 2607 4546 τὸν
2629 4493 2782 4560 Θεὸν,
2803 4493 2878 4556 ὡς
2907 4493 3008 4546 οὐκ
3031 4495 3113 4563 εἰή
3132 4491 3190 4544 τὸ
3205 4491 3364 4562 ἔργον
3389 4491 3573 4544 αὐτοῦ.
3588 4511 3607 4541 ι
3639 4490 3748 4544 Τού

499 4586 659 4640 malis
691 4584 970 4655 graviores
1004 4593 1163 4639 erant
1199 4585 1503 4654 praedones.
1532 4582 1759 4641 Eﬂ'ossis
1791 4587 1934 4641 enim
1960 4588 2072 4657 ,do-

566 4788 904 4864 (53)311p_07(
930 4787 1056 4864 τοῖς
1071 4787 1351 4864 aliteran».
1374 4787 1429 4841 ln
1454 4783 1690 4864 Josepho
1712 4785 2078 4864 etNire‘phoro

496 4858 712 4918 additur
742 4862 835 4915 καὶ
859 4861 1115 4931 σεσηρόσι
1146 4861 1259 4931 τοῖς
1281 4858 1545 4929 ὄμμασιν,
1567 4859 1619 4912 id
1645 4867 1728 4931 est
1763 4859 2076 4911 renidentes.

498 4934 633 4988 Male
685 4932 942 4987 Gelenius
979 4927 1072 4984 “ea
1137 4927 1372 4999 Just-ptri
1427 4931 1586 4983 verba
1659 4930 2072 4999 interpretatur.

497 5003 660 5060 Paulo
693 5011 814 5070 post
851 5002 904 5054 in
935 5000 1113 5054 codic.
1151 4997 1285 5054 Mai.
1331 5009 1383 5054 et
1423 4999 1564 5053 Med.
1611 4999 1872 5070 srribitur
1909 4997 2076 5070 ἐφεώ-

499 5068 789 5194 ρίωνιιτοὺς
843 5069 1174 5139 φθάσαντας.
1233 5073 1410 5141 Atque
1469 5072 1541 5124 ita
1611 5068 1771 5124 codd.
1835 5069 1971 5123 Fuk.
2019 5079 2074 5123 et

499 5161 623 5194 ...ενι
655 5183 668 5194 ο

499 5145 668 5202 Savil.

564 5211 678 5285 (54')
704 5212 916 5282 Ἀκμὰς
933 5211 1053 5266 τῶν
1073 5210 1461 5285 ξιφῶν-...Αριιιί
1481 5209 1804 5285 Δ,ΙοεερὶιιιηιΔ
1818 5210 2076 5285 scribitur

493 5280 714 5356 αἰχμάς.
737 5280 842 5356 Set!
868 5280 1178 5356 nostrorum
1205 5281 1450 5336 codicum
1479 5281 1838 5356 ler_tio_m_agis
1875 5280 2071 5356 placet.

490 5348 663 5415 Graeci
695 5355 838 5407 enim
882 5354 1067 5424 ἀκμήν
1103 5355 1312 5424 dicunt.
1353 5367 1516 5420 quam
1545 5349 1722 5404 Latini
1754 5348 1944 5403 aciem.
2002 5348 2071 5404 Ut

491 5442 612 5480 cum
649 5425 832 5479 dicunt
852 5423 944 5494 ἐπὶ
964 5422 1130 5494 ’ξυροῦ
1160 5424 1332 5494 ἀκμῇ.

562 5475 810 5568 (35iqu
841 5475 948 5568 τόις
979 5475 1130 5568 iacio?-
1171 5475 1417 5561 ἐῴεῶρα.
1465 5489 1705 5546 Notanda
1740 5498 1823 5545 est
1881 5489 2068 5568 religio

490 5562 819 5626 Iudaeorum,
855 5565 944 5632 qui
989 5565 1295 5632 ubicunque
1349 5573 1614 5624 terrarum
1653 5571 1854 5626 essent,
1899 5562 2068 5616 oculis

491 5636 543 5690 in
564 5638 749 5689 urbem
801 5650 1010 5688 sacram
1061 5645 1115 5687 et
1170 5635 1223 5686 in
1275 5632 1530 5701 templum
1563 5633 1862 5695 conversis,
1898 5633 2064 5685 Deum

495 5707 764 5772 supplices
816 5707 1065 5759 orabant.
1117 5703 1286 5769 Cujus
1335 5701 1844 5772 morisexemplupi
1875 5711 1958 5755 est
2013 5703 2064 5756 in

488 5771 665 5843 capite
705 5790 751 5831 rt
787 5774 1020 5831 Danielis
1050 5791 1062 5828 :
1107 5773 1337 5845 Εῑσῆλθε
1373 5772 1467 5829 τὸν
1495 5771 1641 5830 οἷκον
1670 5771 1853 5829 αὑτοῦ·
1891 5773 1985 5828 καὶ
2010 5773 2064 5826 αἱ

2178 4604 2294 4649 τοις
2329 4585 2569 4640 ἐπειπών
2593 4603 2711 4640 τινα
2739 4584 2962 4657 μεταξὺ,
2986 4586 3260 4658 ἐπιφέρει,
3278 4583 3472 4654 λέγων·
3510 4602 3528 4634 ι
3559 4583 3674 4636 Ούκ
3702 4582 3769 4637 ἂν

2187 4789 2401 4861 θυρίδες
2434 4789 2776 4861 ἀνεῳγμέναι
2803 4786 2972 4861 αὐτῷ
3010 4789 3065 4861 ἐν
3113 4790 3246 4861 τοῖς,
3277 4789 3546 4860 ὑπερώοις
3597 4790 3763 4846 αὐτοῦ

2186 4859 2475 4933 κατέναντιΔ
2512 4859 2885 4933 Ἰερουσαλήμ·
2938 4859 3032 4933 καὶ
3077 4860 3303 4933 καιροὺς
3324 4859 3475 4933 τρεῖς
3513 4861 3616 4932 τῆς
3638 4864 3784 4933 ήμέη

2185 4948 2285 5003 ρας
2315 4925 2680 5003 ἦνίκάμπτων
2704 4925 2884 5003 ἐπὶςτά
2913 4930 3114 4997 γόνατα
3143 4925 3328 5003 αὑτοῦ.
3355 4925 3431 4982 Ad
3463 4925 3785 5003 qureret-ba;

2183 4987 2718 5071 irul'at'Hieronymus
2743 5019 2754 5052 :
2782 4987 3113 5054 Omt'anlein
3132 5002 3418 5054 secundum
3448 4987 3784 5070 ναῖ’(υεεριιιηιΙ

2182 5071 2302 5147 Dei,
2331 5074 2572 5147 diemque
2613 5071 2934 5147 Salomonis.
2966 5073 3056 5147 qni
3093 5071 3562 5147 con-traieniplum
3605 5072 3784 5147 omni,

2178 5141 2305 5211 dum
2335 5159 2445 5195 esse
2496 5143 2791 5211 adnwnnil.
2842 5141 2934 5194 Sic
2965 5142 3130 5211 etiam
3159 5141 3238 5211 _in
3293 5141 3480 5196 Esdrm
3512 5158 3632 5211 cap.
3685 5141 3782 5207 ιν,ξ

2173 5209 2392 5280 juvenis
2421 5213 2508 5266 ille
2544 5210 2759 5265 Judteus
2791 5212 2962 5266 oculis
2993 5210 3046 5264 in
3071 5208 3267 5264 cmlum
3309 5211 3533 5265 sublatis
3570 5208 3782 5274 versus.

2178 5281 2473 5337 Jerusalem
2529 5283 2692 5335 Deum
2741 5282 2989 5335 laudasse
3029 5281 3246 5334 dicitur.
3275 5282 3452 5348 Atque
3488 5284 3616 5338 hinc
3645 5300 3763 5336 ma-

2179 5369 2340 5407 nasse
2372 5354 2502 5406 mihi
2543 5354 2754 5406 videtur
2805 5353 3141 5422 consuetudo
3181 5351 3635 5417 Christianorum,
3668 5354 3763 5422 qui

2179 5425 2245 5476 ad
2270 5436 2448 5477 ortum
2482 5422 2610 5476 solis
2641 5423 2886 5476 conversi
2929 5421 3096 5475 Deum
3132 5424 3384 5487 orabant,
3419 5439 3568 5477 tuorc
3597 5421 3762 5477 acce-

2178 5505 2268 5561 pto
2303 5511 2329 5544 a
2374 5491 2578 5547 Jtidmis
2635 5495 2724 5562 qui
2781 5508 2844 5546 ex
2905 5491 3323 5546 circumcisiOne
3364 5495 3432 5547 ad
3481 5495 3760 5549 Christum

2179 5567 2524 5618 transierant.

2245 5635 2357 5701 (56)
2410 5630 2658 5700 Περιῖὼν
2686 5630 2752 5684 δὲ
2772 5633 3010 5697 ταύτας.
3048 5632 3139 5686 Sic
3168 5647 3231 5686 ex
3265 5630 3406 5694 Josei
3431 5633 3499 5688 bo
3521 5635 3762 5689 scribi-n.

2177 5704 2300 5756 dum
2325 5715 2429 5765 est,
2463 5717 2516 5756 et
2560 5705 2638 5757 sic
2678 5707 2838 5759 codd.
2884 5704 3046 5760 Μυκ..
3079 5701 3127 5757 Μ
3151 5705 3246 5767 ι‹1.,
3313 5701 3443 5757 μοι,
3494 5720 3546 5762 ct
3581 5707 3756 5762 Savil.

2176 5775 2309 5832 Male
2338 5777 2582 5831 ediderat
2615 5775 2923 5844 Stephanus
2979 5774 3252 5842 περιιδὼν.
3748 5804 3761 5826 ι
