4140 6430
542 323 640 379 25!

1250 316 1525 375 EUSEBII
1563 316 2048 375 CAESARIENSIS
2087 316 2238 374 OPP.
2279 316 2467 374 PARS
2505 320 2544 376 Ι.
2587 350 2656 362 -—
2696 318 3094 378 HlSTOBlC-A.

3705 323 3816 378 233

539 441 776 498 ciebant.
824 436 1110 494 Nonnullis
1153 446 1367 493 vetusta
1404 437 1534 494 freni
1589 441 1951 510 praesegmina
2001 439 2118 494 usui

2225 440 2405 512 εὑρεῖν
2451 438 2619 494 σιτίον
2670 438 2780 510 (60)
2871 440 3053 503 ἄλλοις
3107 436 3330 504 ἐκοπία,
3391 438 3730 510 πανταχόθεν
3771 437 3821 496 δ’

543 533 712 588 fuere.
761 530 993 599 Quidam
1042 529 1187 585 enim
1220 543 1345 584 cum
1398 527 1734 585 festucarum
1786 528 2126 585 levissimum

539 625 750 696 pondus
781 623 1149 694 collegissent,
1187 632 1422 694 quatuor
1471 621 1668 677 Atticis
1701 622 1982 678 drachmis
2036 638 2129 678 ve-

543 716 896 772 numdabant.
949 716 1054 771 Sed
1091 717 1220 786 quid
1250 731 1386 786 opus
1410 727 1496 772 est
1533 715 1926 784 impudentiam
1967 724 2128 785 atque

543 811 944 879 improbitatem
973 809 1132 863 famis
1161 809 1216 863 in
1251 809 1415 864 rebus
1446 807 1762 862 inanimatis
1795 807 2127 863 ostendere?

544 903 779 957 Facinus
827 901 1076 956 dicturus
1115 917 1270 965 sum,
1299 901 1608 971 cnjusmodi
1645 915 1745 954 nec
1791 899 1932 970 apud
1977 899 2128 954 Grae-

547 1010 639 1049 cos
669 1009 769 1050 nec
834 996 974 1064 apud
1011 993 1276 1049 barbaros
1304 1002 1515 1063 gestum
1555 991 1724 1048 fuisse
1746 1000 2113 1057 memoratur,

542 1095 596 1140 et
624 1087 768 1156 quod
804 1096 915 1139 tum
945 1086 1094 1140 dictu
1121 1086 1451 1140 horrendum
1478 1125 1496 1152 ,
1529 1095 1640 1140 tum
1674 1087 1862 1142 auditu
1898 1087 2129 1143 incredi-

543 1177 652 1232 bile
695 1177 986 1231 videbitur.
1040 1177 1226 1246 Itaque
1280 1176 1454 1232 libens
1502 1187 1652 1234 certe
1704 1180 2126 1234 acerbissimum

542 1269 686 1324 hunc
713 1283 901 1324 casum
931 1269 1152 1324 silentio
1189 1269 1571 1337 praeteriissem
1594 1311 1611 1338 ,
1645 1286 1712 1326 ne
1742 1272 1943 1339 posteri
1975 1271 2130 1326 fabu-

542 1361 623 1417 las
651 1376 714 1417 ac
747 1371 996 1432 portenta
1031 1377 1117 1416 me
1150 1361 1298 1432 loqui
1327 1362 1664 1426 existiment,
1687 1363 1788 1417 nisi
1820 1378 1886 1418 ex
1921 1374 2123 1420 nostra:

541 1454 719 1508 aetatis
749 1454 1064 1509 hominibus
1113 1462 1278 1509 testes
1317 1454 1576 1510 haberem
1617 1470 1782 1526 prope
1822 1456 2132 1511 intmmera-

542 1546 700 1602 biles.
733 1547 1002 1602 Caaterum
1049 1547 1166 1602 leve
1202 1561 1264 1601 ae
1313 1547 1566 1619 frigidum
1597 1548 1869 1618 quoddam
1894 1549 2125 1604 nlIieium

543 1638 732 1707 patria:
781 1648 1142 1708 praestarem,
1189 1639 1236 1693 si
1272 1655 1392 1707 qua:
1430 1639 1571 1694 mala
1621 1656 1680 1695 re
1719 1640 1837 1710 ipsa
1873 1657 2126 1710 perpessa

540 1741 646 1795 est,
676 1732 924 1785 oratione
963 1731 1389 1786 dissimularem.
1439 1731 1634 1786 Mulier
1668 1735 1913 1802 quietiam
1952 1733 2120 1786 Maria

2230 529 2434 600 ἄπορον
2473 523 2544 599 ἦν
2574 528 2676 599 ήδη
2712 529 2806 582 κα)⁸
2841 528 2904 581 τὸ
2931 529 3129 600 εὑρεῖν,
3161 530 3190 582 ὁ
3216 527 3371 600 λιμὸς
3397 528 3453 581 δὲ
3489 527 3581 582 διὰ
3609 529 3822 599 σπλάγ-

2231 638 2370 691 χνων
2409 637 2470 673 τε
2504 620 2599 674 καὶ
2632 620 2845 691 μυελῶν
2874 619 3100 692 ἐχώρει,
3146 621 3239 674 καὶ
3281 620 3376 675 τοῦ
3418 619 3576 692 λιμοῦ
3619 622 3823 692 μᾶλλον

2230 712 2540 779 ἐξεκαίοντο
2575 715 2624 766 oi.
2670 715 2854 785 θυμοὶ,
2889 714 3190 784 σύμϐουλον
3231 714 3470 768 λαϐοῦσα
3506 715 3605 786 τὴν
3649 715 3822 788 ὀργὴν

2233 803 2372 875 μετὰ
2401 805 2501 874 τῆς
2545 807 2814 875 ἀνάγκης,
2856 806 2948 859 ἐπὶ
2986 807 3086 878 τὴν
3129 806 3289 875 φύσιν
3334 804 3550 878 ἐχώρει.
3603 809 3714 862 Κα)⁸
3759 808 3825 863 τὸ

2227 896 2439 962 τέκνον,
2480 893 2547 968 ἦν
2594 897 2638 950 δ’
2671 899 2804 969 αὐτῇ
2859 901 2989 962 παῖς
3028 898 3387 968 ὑπομάσθιος,
3431 900 3820 972 ἁρπασαμένη,

2237 1007 2255 1040 ι
2286 988 2516 1060 Βρέφος,
2548 984 2722 1050 εἶπεν,
2741 990 2944 1056 ἄθλιον,
2964 991 3022 1044 ὲν
3044 990 3264 1062 πολέμῳ
3281 993 3375 1045 καὶ
3389 991 3534 1063 λιμῷ
3562 993 3658 1046 καὶ
3690 993 3824 1048 στά-

2231 1097 2333 1145 σει,
2370 1080 2472 1132 τίνι
2504 1096 2564 1132 σε
2605 1081 2785 1150 τηρῶς
2820 1080 2888 1135 τὰ
2924 1082 3022 1152 μὲν
3062 1082 3212 1155 παρὰ
3247 1083 3566 1154 Ῥωμαίοις,
3605 1083 3823 1138 δουλεία

2230 1172 2336 1226 κᾶν
2363 1172 2618 1243 ζήσωμεν
2657 1175 2743 1224 ἐπ’
2770 1173 2952 1236 αὐτοῖς
2979 1173 3112 1245 (Gl),
3146 1175 3337 1245 φθάνει
3371 1175 3426 1229 δὲ
3452 1176 3544 1228 καὶ
3575 1176 3820 1232 δουλείαν

2228 1265 2257 1316 ὁ
2287 1263 2464 1334 λιμὸς,
2494 1265 2544 1316 oi
2595 1264 2915 1318 στασιασταὶ⁵
2962 1264 3017 1318 δὲ
3050 1265 3375 1337 ἀμφοτέρων
3421 1266 3815 1340 χαλεπώτεροι.

2234 1355 2365 1419 Ἴθι,
2399 1355 2556 1425 γενοῦ
2593 1374 2682 1427 μοι
2730 1357 2938 1431 τροφὴ,
2984 1357 3223 1422 καὶτοῖς
3273 1361 3622 1423 στασιασταῖς
3671 1361 3822 1431 ὲρινι-
3870 1425 3886 1446 ι

2227 1447 2322 1510 vii;
2357 1446 2490 1518 (62),
2525 1447 2618 1500 καὶ
2649 1447 2727 1517 τῷ
2757 1447 2856 1516 βίῳ
2904 1445 3091 1516 μῦθος,
3130 1447 3158 1498 ὁ
3195 1446 3356 1517 μόνος
3401 1446 3663 1501 ἐλλείπων
3694 1449 3819 1512 ταῖς

2241 1539 2506 1593 Ἰουδαίων
2541 1543 2864 1610 συμφοραῖς.
2889 1556 2909 1591 ι
2940 1541 3048 1593 Καὶ
3075 1539 3228 1592 ταῦθ’
3247 1540 3363 1610 ἅμα
3391 1539 3644 1608 λέγουσα,
3669 1539 3820 1594 κτεί-

2226 1647 2306 1684 νει
2339 1631 2429 1686 τὸν
2472 1631 2605 1685 υἱόν.
2643 1631 2854 1684 Ἐπειτ’
2895 1633 3212 1704 ὀπτήσασα,
3254 1629 3315 1684 τὸ
3354 1630 3453 1702 μὲν
3480 1631 3652 1702 ἥμισυ
3678 1648 3818 1687 κατ-

2229 1723 2426 1788 εσθίει,
2475 1723 2534 1776 τὸ
2578 1723 2634 1776 δὲ
2666 1724 2849 1778 λοιπὸν
2878 1724 3328 1795 κατακαλύψασα,
3369 1725 3682 1796 ἐφύλαττεν.
3710 1724 3822 1778 Εὑ-

541 1823 785 1888 nomine,
819 1822 1062 1877 Eleazari
1092 1823 1226 1887 tilia,
1253 1839 1320 1877 ex
1351 1823 1572 1891 regione
1592 1839 1713 1892 quae
1748 1831 1898 1879 trans
1927 1823 2119 1879 Jorda-

2225 1815 2358 1880 θέως
2389 1815 2432 1869 δ’
2467 1818 2515 1868 οί
2565 1817 2886 1869 στασιασταὶ
2935 1815 3222 1888 παρῆσαν,
3264 1819 3358 1871 καὶ
3402 1817 3503 1888 τῆς
3550 1816 3816 1887 ἀθεμίτου

542 1930 668 1968 nem
699 1915 802 1969 sita
843 1925 944 1975 est,
980 1915 1097 1968 vico
1129 1914 1423 1980 Bathczor,
1461 1930 1582 1984 quae
1615 1931 1716 1970 vox
1759 1916 1976 1986 hyssopi
2022 1916 2120 1972 da-

544 2021 689 2060 mum
725 2006 1018 2076 signiﬁcat,
1080 2021 1278 2076 genere
1305 2015 1467 2076 atque
1507 2005 1701 2076 opibus
1729 2007 1976 2074 iiIUstris,
2001 2023 2121 2061 cum

543 2097 919 2168 Hierosolyma
970 2098 1338 2169 perfugisset,
1378 2115 1486 2152 una
1536 2114 1660 2153 cum
1703 2099 1912 2168 reliqua
1957 2099 2126 2153 homi-

544 2205 671 2243 num
701 2191 1049 2244 multitudine
1080 2192 1304 2246 obsessa
1333 2192 1642 2245 tenebatur.
1672 2189 1840 2258 llujus
1861 2189 2120 2258 reliquam

541 2296 759 2337 omnem
795 2281 1192 2352 supellcctilem
1219 2323 1234 2347 ,
1285 2296 1448 2350 quam
1483 2282 1570 2335 illa
1605 2298 1669 2336 ex
1705 2281 1963 2337 ulteriore
2003 2281 2124 2338 Jor-

542 2373 697 2428 danis
730 2373 848 2443 ripa
898 2374 1099 2443 raptim
1148 2373 1436 2429 collectam
1467 2373 1520 2428 in
1553 2375 1744 2429 urbem
1797 2374 2120 2440 advexerat,

537 2468 648 2537 jam
685 2467 903 2543 tyranni
955 2467 1315 2538 diripuerant.
1365 2463 1520 2536 ipsas
1569 2477 1750 2522 autem
1800 2483 2120 2537 magnarum

541 2572 703 2626 opum
724 2557 1081 2628 reliquias,et
1108 2557 1372 2627 quidquid
1421 2557 1666 2612 alimenti
1699 2559 1812 2628 ipsa
1856 2560 1957 2613 sibi
1988 2574 2124 2614 con-

541 2649 762 2716 quirere
794 2655 1048 2718 poterat,
1082 2649 1360 2704 irruentes
1391 2648 1638 2717 quotidie
1680 2650 1948 2706 satellites
1973 2649 2124 2705 aufe-

541 2745 756 2799 rebant.
792 2744 864 2798 Ea
909 2759 996 2798 res
1041 2743 1293 2797 mulieris
1327 2743 1568 2797 animmn
1597 2745 1952 2799 acerbissima
1990 2761 2125 2814 qua-

541 2839 664 2892 dam
713 2837 1084 2907 indignatione
1131 2836 1448 2891 commovit.
1487 2836 1564 2891 .13
1596 2851 1971 2905 sa-penumero
1997 2853 2128 2892 con-

541 2929 697 2983 viciis
735 2937 790 2982 ct
831 2928 968 2982 diris
1003 2927 1489 2997 imprecationibus
1535 2928 1822 2996 prmdancs
1857 2929 1922 2984 de
1963 2929 2124 2984 indu-

539 3020 674 3076 stria
704 3019 758 3074 in
783 3020 1127 3089 scmetipsam
1149 3017 1559 3074 incitabat.Sed
1582 3033 1704 3074 cum
1733 3021 2123 3076 nemoillorum

541 3125 638 3166 seu
685 3111 764 3165 ira
810 3124 905 3165 seu
942 3110 1294 3166 miseratione
1335 3122 1664 3178 comnwtus,
1710 3113 1881 3181 ipsam
1917 3114 2125 3168 interti-

2226 1907 2451 1977 κνίσσης
2491 1907 2816 1971 σπάσαντες,
2860 1908 3115 1977 ἠπείλουν
3157 1911 3206 1962 εί
3249 1910 3323 1981 μὴ
3358 1909 3553 1976 δείξειε
3597 1910 3659 1964 τὸ
3705 1927 3816 1964 πα-

2229 1999 2618 2072 ρασκευασθὲν,
2648 2000 2982 2070 ἀποσφάξειν
3027 2001 3198 2072 αὐτὴν
3239 2001 3460 2066 εὐθέως.
3497 2003 3563 2055 Ἦ
3609 2002 3668 2055 δὲ
3715 2001 3815 2056 καὶ

2229 2096 2423 2163 μοῖραν
2451 2093 2634 2156 αὐτοῖς
2668 2092 2900 2147 εἰποῦσα
2944 2094 3115 2167 καλὴν
3153 2095 3548 2166 τετηρηκέναι,
3589 2094 3660 2148 τὰ
3703 2093 3816 2148 λεί-

2223 2178 2369 2247 ψανα
2399 2179 2491 2232 τοῦ
2525 2181 2716 2233 τέκνου
2750 2181 3158 2252 διανεκάλυψεν.
3184 2184 3321 2247 Τοὺς
3348 2184 3392 2237 δ’
3416 2183 3617 2248 εὐθέως
3641 2185 3813 2256 φρίκη

2225 2273 2320 2324 καὶ
2385 2273 2595 2343 φρενῶν
2660 2273 2914 2339 ἔκστασις
2973 2275 3131 2347 ᾕρει,
3194 2277 3288 2330 καὶ
3343 2278 3496 2350 παρὰ
3543 2278 3641 2350 τὴν
3691 2279 3815 2349 δψιν

2225 2364 2592 2436 ἐπεπήγεσαν.
2613 2367 2674 2419 Ἡ
2695 2367 2762 2431 δ’,
2789 2386 2806 2417 ι
2841 2368 3023 2438 Ἐμὸν,
3042 2368 3168 2439 ἔφη,
3192 2369 3350 2422 τοῦτο
3377 2370 3438 2423 τὸ
3465 2371 3654 2424 τέκνον
3681 2371 3818 2442 γνή-

2227 2473 2362 2522 σιον,
2402 2459 2496 2511 καὶ
2533 2458 2592 2512 τὸ
2632 2458 2794 2532 ἔργον
2830 2461 2982 2532 ἐμόν.
3027 2463 3397 2530 Φάγετε,⁹κα“ι
3436 2463 3544 2535 γὰρ
3575 2461 3687 2532 ἐγὼ
3721 2464 3815 2534 es-

2225 2552 2435 2624 ϐρωκα.
2474 2553 2564 2623 Μὴ
2615 2553 2845 2625 γένησθε
2902 2555 3040 2626 μήτε
3092 2553 3473 2627 μαλακώτεροι
3519 2557 3813 2625 γυναικὸς,

2229 2643 2366 2714 μήτε
2411 2644 2850 2716 συμπαθέστεροι
2896 2646 3120 2717 μητρός.
3158 2647 3219 2700 El
3255 2647 3298 2700 δ’
3349 2648 3508 2718 ὑμεῖς
3545 2647 3812 2712 εὐσεϐεῖς,

2226 2734 2322 2786 καὶ
2365 2733 2463 2806 τὴν
2497 2734 2637 2806 ἐμὴν
2670 2737 3082 2808 ἀποστρέφεσθε
3117 2737 3326 2801 θυσίαν,
3359 2738 3468 2808 ἐγὼ
3507 2740 3604 2810 μὲν
3639 2741 3813 2812 ἥμισυ

2228 2824 2502 2896 βέϐρωκα,
2526 2828 2618 2880 καὶ
2645 2827 2704 2881 τὺ
2717 2827 2899 2882 λοιπὸν
2929 2829 2974 2883 δ’
3002 2830 3125 2901 ἐμοὶ
3148 2832 3404 2902 μεινάτω.
3431 2850 3450 2884 ι
3474 2833 3629 2888 Μετὰ
3661 2833 3814 2888 ταῦθ’

2225 2919 2274 2970 οί
2315 2920 2411 2990 μὲν
2450 2921 2744 2992 τρέμοντες
2776 2922 3021 2994 ἐξῄεσαν,
3060 2927 3198 2997 πρὸς
3228 2925 3285 2980 ἒν
3315 2928 3473 2982 τοῦτο
3502 2928 3684 2993 δειλοὶ,
3719 2932 3815 2986 καὶ

2231 3010 2383 3080 μόλις
2408 3011 2613 3084 ταύτης
2635 3015 2736 3085 τῆς
2763 3019 2969 3090 τροφῆς
2993 3021 3059 3090 τῇ
3095 3020 3260 3091 μητρὶ
3290 3023 3811 3094 παραχωρήσαντες,

2241 3103 2576 3178 Ἀνεπλήσθη
2613 3107 2658 3160 δ’
2703 3109 2902 3173 εὐθέως
2945 3110 3040 3180 ὅλη
3069 3111 3162 3164 τοῦ
3205 3111 3408 3182 μύσους
3440 3114 3472 3185 ἡ
3508 3114 3680 3182 πόλις,
3717 3117 3815 3172 καὶ

540 3213 730 3268 ceret,
767 3204 1102 3270 taederetque
1148 3201 1323 3270 ipsam
1367 3201 1490 3257 aliis
1536 3202 1718 3256 cibum
1751 3218 1946 3272 parare
1971 3245 1984 3269 ,
2021 3219 2119 3259 nec

2229 3197 2332 3264 πρὸ
2377 3198 2642 3269 ὀμμάτων
2688 3200 2916 3266 ἕκαστος
2959 3179 3233 3267 τὸπάθος
3275 3179 3692 3277 ἀναλαμϐάνων,
3733 3207 3814 3273 ὡς

521 3309 671 3350 vero
699 3293 809 3364 jam
840 3295 1068 3364 parandi
1102 3294 1242 3350 ullus
1272 3299 1464 3350 modus
1497 3305 1808 3366 superesset
1838 3312 1852 3348 :
1887 3311 2122 3364 cumque

540 3385 763 3442 interim
797 3385 968 3440 fames
1006 3385 1317 3440 visceribus
1357 3401 1422 3442 ae
1457 3386 1573 3457 80
1611 3385 1860 3442 medullis
1905 3387 2122 3455 penitus

541 3477 841 3546 insideret,
872 3487 926 3532 et
967 3479 1266 3548 indignatio
1308 3479 1470 3549 longe
1517 3479 1691 3550 magis
1721 3493 1885 3549 quam
1936 3478 2121 3534 inedia

533 3570 920 3626 οριῐσττθεοθτει
940 3575 966 3634 ,‘
988 3570 1182 3625 mulier
1231 3571 1386 3625 malis
1439 3569 1838 3627 consultoribus
1889 3585 1985 3625 usa
2036 3571 2121 3625 fu-

543 3677 669 3719 rore
694 3678 758 3717 ac
786 3662 1114 3717 necessitate
1139 3703 1154 3728 ,
1197 3661 1460 3716 adversus
1489 3671 1740 3715 naturam
1782 3661 1954 3730 ipsam
1992 3676 2124 3715 con-

542 3755 806 3823 surrexit;
859 3761 1186 3823 arreptoque
1243 3752 1354 3806 filio
1399 3767 1558 3822 quem
1611 3753 1786 3806 adhuc
1835 3751 2118 3806 lactentem

2227 3291 2360 3362 παρ’
2402 3291 2553 3364 αὐτῷ
2595 3293 2860 3365 τολμηθὲν
2904 3296 3024 3369 (65)
3071 3296 3258 3362 δεινῶς
3306 3299 3546 3370 ἔφριττε.
3600 3301 3814 3372 Σπουδὴ

2228 3380 2284 3434 δὲ
2315 3382 2498 3437 λοιπὸν
2529 3385 2637 3438 τῶν
2673 3385 3049 3456 λιμωττόντων
3089 3391 3182 3444 ἐπὶ
3213 3391 3303 3445 τὸν
3337 3390 3564 3446 θάνατον
3593 3388 3681 3466 ἦν,
3714 3412 3811 3448 και

2229 3476 2579 3547 μακαρισμὸς
2609 3476 2718 3530 τῶν
2759 3478 3081 3547 φθασάντων
3128 3485 3256 3556 πρὶν
3283 3482 3515 3538 ἀκοῦσαι
3545 3486 3639 3540 καί⁴
3683 3486 3810 3541 θεάς

2227 3566 2422 3621 σασθαι
2458 3568 2604 3622 κακά
2627 3568 2945 3640 τηλικαῦτα.
2971 3592 2990 3624 ι
3025 3575 3260 3630 Τοιαῦτα
3295 3578 3395 3649 τῆς
3434 3578 3529 3632 Ίοι
3543 3580 3704 3637 ἳαίων
3728 3583 3810 3644 είς

2225 3657 2315 3712 τὸν
2341 3660 2574 3732 Χριστὸν
2601 3660 2697 3715 τοῦ
2729 3662 2863 3718 Θεοῦ
2894 3659 3234 3740 παρανομίας
3265 3687 3324 3723 τε
3364 3672 3458 3724 καὶ
3489 3672 3518 3726 δ
3545 3673 3810 3740 ισσεϐείας

2225 3751 2539 3825 τάπίχειρα.

541 3847 776 3902 habebat
804 3865 818 3901 :
844 3845 1183 3901 lnfortunate
1222 3861 1378 3916 puer,
1404 3847 1578 3916 inquit
1604 3885 1621 3913 ,
1653 3847 1793 3901 inter
1823 3855 1898 3899 tot
1939 3844 2060 3899 belli
2089 3883 2106 3910 ,
2142 3845 2321 3909 laniis,
2380 3862 2443 3901 ac
2501 3848 2786 3904 seditionis
2814 3849 2975 3916 mala,
3020 3851 3122 3905 "cui
3155 3863 3206 3907 te
3243 3869 3453 3909 servem
3477 3856 3497 3908 ῖ
3520 3857 3672 3925 Apud
3698 3855 3809 3909 Ro-

542 3953 733 3994 manos
769 3939 1029 4008 quidem,
1065 3941 1278 3995 tametsi
1333 3939 1513 3994 virere
1573 3939 1749 4004 detur,
1798 3939 2035 3994 servitus
2094 3953 2191 3992 nos
2247 3949 2448 3993 nmuet.
2484 3940 2588 3995 Sed
2640 3957 2781 3997 nunc
2829 3945 3143 3998 servitutem
3195 3947 3365 4016 ipsam
3419 3949 3676 4016 prtevenit
3727 3948 3812 4003 fa-

539 4047 658 4087 mes
699 4049 713 4085 :
754 4031 965 4088 factiosi
1013 4046 1145 4087 vero
1188 4041 1414 4102 utraque
1471 4033 1780 4088 calamitate
1826 4032 2136 4086 acerbiores
2188 4041 2332 4088 sunt.
2385 4032 2616 4100 Proinde
2671 4045 2788 4090 esto
2840 4036 2968 4089 mihi
3019 4019 3238 4106 quidem
3299 4037 3493 4102 cibus,
3561 4040 3808 4098 factiosis

539 4138 673 4178 vero
717 4123 893 4190 furia,
931 4123 1242 4178 hominibus
1274 4133 1452 4178 autem
1518 4122 1697 4177 fabula
1725 4162 1742 4188 ,
1796 4121 1940 4192 quod
1996 4121 2170 4176 solum
2217 4121 2390 4176 adhuc
2439 4123 2593 4177 deest
2635 4123 2881 4178 cladibus
2919 4123 3252 4180 Iudaeorum.
3304 4124 3428 4181 llzec
3465 4126 3693 4195 dicens,
3737 4130 3804 4184 5-

539 4219 668 4277 llum
699 4219 926 4290 jugulat.
961 4217 1186 4273 Coctum
1213 4217 1406 4272 deinde
1455 4217 1570 4285 ipse
1627 4217 1842 4284 quidem
1897 4215 2175 4269 dimidiam
2220 4227 2427 4284 partem
2473 4217 2709 4271 comedit
2739 4235 2752 4272 :
2788 4218 2931 4286 quod
2967 4217 3228 4290 reliquum
3257 4228 3395 4285 erat,
3424 4232 3671 4292 opertum
3725 4223 3810 4280 in-

541 4315 700 4371 terim
759 4313 1038 4370 servabat.
1082 4313 1216 4367 Cum
1269 4325 1398 4368 ecce
1448 4319 1673 4380 repente
1725 4311 2118 4380 superveniunt
2169 4311 2453 4376 seditiosi,
2488 4319 2543 4366 et
2578 4310 2996 4366 sceleratissimo
3055 4313 3244 4369 nidore
3301 4315 3521 4370 naribus
3586 4317 3801 4385 hausto,

542 4418 772 4465 mortem
811 4406 1030 4462 mulieri
1064 4408 1250 4462 statim
1285 4408 1586 4471 minantur,
1645 4406 1748 4462 nisi
1804 4407 1984 4462 cibum
2033 4407 2192 4476 quem
2246 4416 2555 4478 paraverat.
2588 4407 2688 4464 sibi
2731 4408 3032 4464 exhiberet.
3064 4410 3133 4463 At
3163 4409 3274 4476 illa,
3303 4410 3500 4466 bonam
3525 4413 3656 4484 ipsis
3678 4429 3806 4485 par-

611 4568 722 4640 (60)
757 4567 973 4640 Εύρεῖν
1001 4567 1214 4640 artior,
1251 4569 1484 4636 ἄλλοις.
1527 4569 1579 4624 Id
1628 4577 1712 4624 est
1751 4569 2114 4639 praedonibus,

2225 4567 2355 4623 Dido
2379 4568 2488 4640 ait:

539 4654 648 4693 non
666 4641 798 4710 sibi.
823 4639 1003 4710 itaque
1019 4640 1135 4710 non
1169 4639 1344 4710 placet
1374 4640 1534 4694 lectio
1558 4640 1644 4692 illa
1671 4655 1788 4710 quae
1816 4640 1881 4693 ad
1907 4641 2109 4708 margi-

543 4724 668 4764 nem
719 4707 971 4765 editionis
1004 4707 1334 4765 Genevensis
1385 4711 1672 4764 ascribitur
1707 4708 1902 4773 ἄλλως,
1949 4707 2110 4778 quam

542 4780 778 4835 Sarilius
811 4794 1022 4849 quoque
1071 4780 1137 4833 ad
1177 4795 1328 4834 oram
1353 4779 1472 4833 libri
1507 4781 1586 4834 sui
1628 4782 1898 4848 apposuit.
1943 4779 2112 4833 Porro

540 4849 755 4904 codices
787 4853 951 4904 nostri
1001 4849 1164 4914 Mam,
1197 4849 1332 4904 Med.
1363 4865 1426 4904 ac
1463 4849 1596 4904 Fuk.
1627 4849 1872 4904 voculam
1917 4850 2002 4902 hic
2031 4850 2113 4903 in-

543 4919 1029 4991 terseruntret'ipeiv
1060 4937 1113 4972 τι
1156 4919 1328 4991 σιτίον
1375 4921 1552 4983 ἄλλοις
1585 4921 1801 4983 ἐκοπία,
1847 4922 2112 4988 quomodo

538 4988 736 5060 legitur
773 4988 935 5060 etiam
973 4992 1114 5060 apud
1155 4989 1542 5060 Nicephorum.

610 5058 719 5130 (6i)
751 5058 1039 5130 Ζήσωμεί·
1065 5059 1156 5113 ἐπ’
1195 5058 1420 5126 αὐτοῖς.
1453 5062 1544 5116 Sir:
1577 5059 1716 5130 apud
1749 5058 2108 5130 Nicephorum

537 5126 755 5198 legitur,
780 5126 940 5198 atque
973 5135 1042 5183 ita
1071 5132 1237 5185 codex
1262 5130 1420 5192 Μαι,
1466 5126 1695 5185 Μοιίξοι,
1732 5129 1942 5186 Savilti.
1975 5126 2110 5181 Vul-

537 5197 911 5269 gatazloseplti
941 5202 1232 5262 editiOnes,
1261 5202 1348 5253 ἐπ’
1373 5201 1588 5263 αὐτούς.

608 5269 720 5341 (62)
761 5272 889 5337 Τοῖς
933 5270 1332 5337 στασιασταῖς
1370 5271 1631 5338 ἐριννύς.
1682 5269 1922 5339 Erinnyn
1975 5268 2113 5323 dixit

531 5337 804 5409 Iosephus
857 5358 960 5394 non
1015 5343 1204 5395 eodem
1241 5337 1407 5395 sensu
1446 5355 1553 5408 quo
1605 5341 1802 5403 Graeci,
1833 5337 1921 5407 qui
1979 5343 2108 5409 deas

535 5408 795 5476 quasdam
823 5413 961 5480 apud
994 5412 1195 5465 inferos
1237 5426 1354 5464 esse
1412 5411 1720 5473 credebant,
1764 5425 1884 5477 quze
1913 5408 2106 5465 noxios

536 5481 784 5535 homines
831 5497 893 5535 ac
943 5483 1210 5550 praecipue
1263 5481 1426 5534 caedis
1470 5496 1590 5534 reos
1629 5491 2102 5550 persequerentur.

538 5552 646 5606 Sed
677 5552 917 5622 Erinnyn
944 5547 1209 5622 dixitpro
1248 5551 1454 5622 ποινήν.
1491 5547 1798 5604 Credebant
1839 5552 1982 5622 enim
2007 5547 2104 5622 J_u-_

533 5622 653 5683 dzei,
701 5618 923 5690 perinde
979 5638 1041 5675 ac
1070 5618 1267 5682 Graeci.
1309 5618 1531 5674 umbras
1570 5634 1756 5674 eorum
1798 5621 1890 5687 qui
1937 5618 2106 5690 occisi

537 5689 771 5757 fuerant,
818 5692 1068 5761 persequi
1122 5690 1493 5745 interfectores
1529 5705 1675 5752 suos,
1714 5699 1766 5761 et
1796 5704 1985 5756 pennas
2039 5689 2108 5742 ab

534 5761 640 5814 illis
666 5760 1101 5832 capuSrcre.Sic
1145 5762 1284 5831 apud
1318 5761 1598 5833 Virgilium
1638 5762 1690 5816 in
1735 5760 1874 5815 libro
1909 5769 2106 5830 quarto

2399 4638 2656 4692 Omnibus
2683 4640 2866 4692 umbra
2893 4639 3023 4694 locis
3047 4640 3230 4693 adero.

2222 4708 2420 4763 Eodem
2455 4724 2614 4783 sensu
2675 4709 2881 4783 accipio
2931 4712 3090 4763 verba
3155 4711 3240 4783 illa
3273 4726 3393 4776 ante
3441 4711 3690 4783 leguntur
3742 4715 3796 4770 in

2219 4795 2338 4848 cap.
2377 4795 2426 4832 Iv
2452 4778 2778 4850 ,Geneseos:
2829 4779 3249 4850 Voxisnngniuis
3279 4783 3466 4850 fratris
3494 4778 3577 4837 iui
3604 4785 3800 4839 clamat

2221 4850 2399 4924 adure
2425 4849 2488 4902 de
2511 4860 2671 4924 terra.
2697 4849 2750 4903 Id
2767 4859 2895 4924 est:
2929 4849 3120 4924 Frater
3153 4849 3287 4905 tuus
3311 4867 3481 4924 quem,
3504 4855 3667 4924 impie
3700 4871 3799 4909 oe-

2219 4920 2420 4982 cidisti,
2434 4921 2680 4994 postulat
2698 4920 2912 4994 utillmn
2935 4922 3184 4994 ulciscar,
3199 4922 3434 4994 agundis
3452 4920 3594 4978 illius
3609 4939 3798 4994 premis

2214 4999 2326 5063 ate
2359 4993 2592 5059 exigant.
2642 4991 2901 5063 Sequitur
2945 4990 3182 5063 deinde:
3233 4990 3406 5063 Vagus
3448 5002 3497 5047 et
3541 4990 3797 5063 profugus

2212 5061 2326 5133 eris
2353 5076 2515 5133 super
2543 5069 2759 5112 terram.
2800 5060 2852 5112 LI
2910 5069 3014 5125 est,
3049 5062 3234 5114 umbra
3272 5062 3454 5117 fratris
3513 5064 3586 5116 tui
3633 5060 3796 5133 quem

2210 5130 2480 5252 (ficcidisti,
2545 5139 2902 5199 persequetur
2969 5141 3018 5184 te
3084 5133 3313 5200 ubique,
3366 5142 3420 5187 et
3461 5130 3670 5188 adcrif
3711 5137 3795 5188 in-

2235 5209 2378 5252 esta.

2235 5209 2378 5253 esta.

2283 5267 2395 5342 (65)
2422 5270 2576 5342 _IIap'
2618 5268 2779 5334 αὐτῷ
2807 5266 3122 5339 τολμηθὲν.
3160 5270 3214 5324 1η
3266 5269 3571 5342 Νῑςθριιοτο
3603 5272 3798 5342 legitur

2211 5339 2341 5410 παρ’
2374 5339 2561 5403 αὐτοῦ,
2597 5343 2866 5410 quomodo
2897 5343 3120 5394 ltutinus
3163 5352 3218 5394 et
3253 5339 3511 5398 Gelenius
3545 5344 3596 5397 in
3634 5339 3793 5398 ,Ιοῦσ-

2215 5409 2335 5484 pho
2370 5411 2619 5464 videntur
2669 5409 2882 5480 legisse.
2921 5409 3072 5484 Ferri
3133 5422 3312 5465 tamen
3360 5416 3793 5484 potestAvulgata

2217 5481 2406 5542 lectio;
2457 5491 2513 5535 ut
2545 5495 2738 5534 sensus
2775 5483 2866 5545 sit,
2899 5481 3138 5550 singulos
3173 5483 3321 5537 cives
3351 5481 3498 5538 tanto
3533 5481 3794 5538 facinoris

2216 5550 2357 5604 illius
2399 5551 2624 5623 horrore
2654 5551 2928 5617 perculsos
2967 5551 3160 5613 fuisse,
3198 5555 3351 5621 quasi
3381 5553 3518 5623 apud
3549 5568 3607 5608 se
3637 5562 3692 5607 et
3737 5556 3790 5608 in

2216 5622 2450 5689 propriis
2501 5621 2707 5674 :edibus
2771 5631 3139 5689 perpetratum
3198 5621 3427 5678 tuissetf
3474 5622 3678 5678 'l‘amen
3735 5624 3791 5678 in

2214 5691 2388 5766 cod_i_e.
2441 5690 2578 5766 Mal.
2623 5700 2676 5766 et
2737 5690 2874 5766 Med.
2932 5691 3193 5766 scribitur
3255 5694 3387 5766 γάρ’
3447 5693 3614 5749 αὐτοῦ
3665 5694 3791 5749 τολ-

2215 5759 2405 5832 μηθὲν.
2436 5762 2610 5832 Atque
2641 5762 2711 5816 ita
2747 5764 2914 5818 codex
2954 5759 3187 5817 Fuketii.
