4096 6446
291 271 415 328 233
1295 269 1640 328 HISTORIA)
1680 270 2234 329 ECCLESIASTICA‘S
2277 269 2400 326 LIB.
2442 271 2528 327 III.
2987 295 2996 303 ε
3462 270 3568 336 23‘

295 395 418 440 tem
455 399 536 440 .se
597 399 908 444 reservasse
959 390 1330 458 respondens,
1381 389 1641 459 reliquias
1688 389 1784 444 filii
1839 390 1922 443 sui
1986 390 2206 444 detexit.
2271 386 2476 442 Ilorror
2525 389 2812 444 confestim
2868 401 3160 461 stuporque
3197 409 3290 450 eos
3345 396 3564 454 invasit.

296 477 544 534 Stabant
571 482 879 550 spectaculo
907 483 1140 537 attoniti.
1175 482 1313 537 Tum
1353 484 1569 547 mulier,
1597 483 1769 548 Meus,
1802 483 1996 553 inquit,
2038 494 2124 539 est
2150 485 2316 549 filius,
2345 499 2523 536 meum
2576 484 2676 538 hoc
2731 482 2962 538 facinus.
3004 486 3158 541 Edite
3184 502 3300 552 vos,
3350 492 3566 558 quando

306 584 374 628 et
418 575 536 644 ipsa
569 577 803 630 comedi.
849 576 1027 632 Nolite
1071 587 1162 632 aut
1213 579 1412 634 femina
1458 579 1756 645 molliores,
1792 588 1886 632 aut
1917 586 2089 633 matre
2121 578 2466 648 benigniores
2515 576 2706 631 videri.
2763 577 2916 642 Quod
2973 578 3018 632 si
3060 577 3295 635 fortasse
3331 581 3565 650 religiosi

296 665 480 729 estis,
515 674 568 719 et
613 666 683 719 ab
727 681 822 721 esu
870 669 1101 723 victima:
1158 685 1292 725 meas
1348 670 1693 736 abhorretis,
1748 684 1847 742 ego
1909 670 2184 725 dimidiam
2228 669 2444 738 quidem
2487 677 2694 739 partem
2733 665 2846 736 jam
2899 671 3247 740 consumpsi,
3301 671 3563 742 reliquum

297 758 533 826 perinde
581 758 712 812 mihi
762 769 997 815 maneat.
1054 761 1182 815 Post
1224 763 1340 817 haec
1386 762 1461 816 illi
1501 774 1795 818 trementes
1852 763 2209 827 abscessere,
2269 764 2336 817 ad
2398 762 2500 816 hoc
2551 777 2718 816 unum
2765 761 2943 831 pavidi
2991 773 3151 832 atque
3191 763 3469 831 imbelles,
3512 779 3564 820 et

301 849 414 902 hoc
445 863 649 918 genere
677 849 921 905 alimenti
951 865 1092 920 atgre
1166 863 1326 908 matri
1376 862 1586 908 relicto.
1641 853 1806 908 Fama
1867 855 2124 909 continuo
2176 856 2312 908 tanti
2382 853 2602 909 sceleris
2641 869 2740 923 per
2785 863 2954 909 totam
3005 856 3278 910 civitatem
3324 858 3565 925 dispersa

299 947 390 993 est
415 979 430 1003 ,
465 949 520 993 et
544 939 780 1008 quisque
815 939 1026 996 facinus
1054 941 1182 996 illud
1209 952 1339 998 ante
1381 944 1573 998 oculos
1609 959 1914 1014 proponens
1944 986 1959 1010 ,
2001 955 2256 1015 tanquam
2313 960 2340 998 a
2391 944 2569 1014 seipso
2618 955 2989 1014 perpetratum
3040 956 3182 1000 esset
3209 987 3226 1012 ,
3285 947 3562 1001 horrebat.

298 1029 518 1084 Exinde
543 1031 729 1084 cuncti
760 1030 902 1085 fame
930 1035 1172 1104 Oppressi
1205 1035 1272 1088 ad
1331 1046 1564 1091 mortem
1623 1039 1768 1089 omni
1812 1037 1991 1091 studio
2046 1038 2482 1100 contendebant,
2548 1046 2604 1090 et
2651 1039 2836 1092 beatos
2891 1036 3012 1090 illos
3071 1039 3407 1103 censebant,
3469 1040 3560 1106 qui

298 1133 598 1191 antequam
649 1133 829 1178 tantas
862 1126 1198 1181 calamitates
1244 1139 1336 1180 aut
1369 1129 1542 1182 oculis
1573 1137 1664 1181 aut
1689 1129 1876 1184 auditu
1911 1132 2290 1199 accepissent,
2323 1130 2433 1183 fato
2466 1130 2678 1198 abrepti
2729 1129 2966 1183 fuerant.
3019 1131 3186 1200 Igitur
3248 1131 3557 1188 Judazorum

298 1219 484 1273 scelus
540 1228 706 1286 atque
766 1220 1098 1288 impietatem
1155 1223 1412 1276 adversus
1439 1222 1606 1280 Deum
1661 1221 1844 1278 Jesum
1880 1224 2166 1280 Christum
2201 1223 2511 1293 huiusmodi
2537 1223 2667 1277 ultio
2695 1232 2987 1278 consecuta
3018 1233 3123 1277 est.
3467 1205 3475 1214 ’
3514 1233 3522 1240 ·

841 1311 1235 1366 ΚΕΦΑΛΑΙΟΝ
1274 1317 1351 1368 Z'.

299 1401 439 1467 Περὶ
461 1399 584 1454 τῶν
600 1401 979 1470 τοῦξΧριστοῦ
993 1404 1526 1475 προρῤήσεων(Νἱ‹“.
1548 1404 1598 1460 Η
1605 1407 1677 1462 .E
1684 1452 1695 1464 .
1714 1411 1884 1480 ttl,.l).

367 1514 706 1586 Παραθεῖναι
751 1515 794 1567 δ’
821 1516 1003 1581 αὐτοῖς
1043 1517 1217 1584 ἄξιον,
1245 1519 1341 1590 τὴν
1374 1521 1576 1593 ἀψευδῆ
1625 1523 1718 1575 τοῦ
1765 1525 1874 1576 Σωδ

298 1606 462 1680 τῆμος
495 1609 528 1678 ἡ
540 1607 656 1676 μῶν
695 1609 1022 1681 πρόρρησιν,
1051 1610 1115 1663 δι’
1138 1607 1208 1684 ἦς
1238 1613 1376 1666 αὑτά
1407 1614 1575 1668 ταῦτα
1606 1616 1754 1686 δηλοῖ
1783 1610 1883 1669 ὧδέ

300 1715 416 1761 πως
451 1699 844 1770 προφητεύων
888 1719 906 1752 ι
939 1703 1076 1755 Οὐαὶ
1119 1703 1176 1756 δὲ
1228 1707 1347 1767 ταῖς
1391 1705 1449 1757 ὲν
1481 1707 1679 1778 γαστρὶ
1728 1709 1885 1778 ἐχού-

303 1808 421 1854 σαις
455 1793 550 1845 καὶ
578 1795 700 1857 ταῖς
728 1793 1085 1861 θηλαζούσαις
1121 1797 1178 1848 ὲν
1206 1798 1446 1862 ἐκείναις.
1469 1803 1588 1860 ταῖς
1613 1800 1846 1873 ἡμέραις
1865 1817 1878 1830 ·

301 1886 672 1957 προσεύχεσθε
703 1888 780 1951 δὲ,
813 1888 896 1940 ἵνα
930 1889 1005 1959 μὴ
1065 1890 1280 1960 γένηται
1320 1891 1474 1962 ὑμῶν
1516 1893 1548 1963 ἡ
1591 1894 1734 1965 φυγὴ
1771 1913 1884 1966 χει-

305 1979 508 2049 μῶνος,
568 1980 702 2051 μηδὲ
773 1981 1045 2053 σαϐϐάτῳ.
1113 1983 1306 2040 Ἔσται
1359 1985 1467 2057 γάρ
1522 1984 1642 2040 τότε
1708 1988 1884 2059 θλίψις

303 2068 533 2140 μεγάλη,
579 2070 664 2122 οἵα
697 2070 795 2123 οὐκ
827 2070 1042 2138 ἐγένετο
1073 2073 1166 2124 ἀπ’
1201 2074 1376 2144 ἀρχῆς
1416 2075 1619 2146 κόσμου
1651 2077 1757 2142 ἕως
1789 2079 1880 2132 τοῦ

302 2161 413 2225 νῦν,
457 2161 580 2214 οὐδὲ
636 2162 709 2233 μὴ
754 2164 992 2234 γένηται.
1022 2181 1040 2214 ι
1099 2162 1424 2234 Συναγαγὼν
1465 2168 1522 2220 δὲ
1576 2171 1751 2224 πάντα
1793 2173 1882 2224 τὸν

301 2251 404 2305 τῶν
435 2253 795 2326 ἀνῃρημένων
847 2255 1074 2328 ἀριθμὸν
1113 2261 1141 2312 ὁ
1175 2263 1549 2332 συγγραφεὺς,
1596 2262 1736 2333 λιμῷ
1790 2267 1882 2316 καὶ

303 2340 440 2419 ξίφει
493 2345 762 2418 μυριάδας
798 2347 989 2401 ἑκατὸν
1017 2351 1112 2403 καὶ
1139 2351 1269 2405 δέκα
1307 2352 1667 2424 διαφθαρῆναί
1718 2371 1878 2424 φησι,

299 2437 422 2499 τοὺς
455 2436 513 2489 δὲ
541 2437 762 2501 λοιποὺς
800 2440 1115 2505 στασιώδεις
1145 2444 1240 2496 καὶ
1279 2443 1619 2514 λῃστρικοὺς,
1653 2446 1756 2499 ὑπὸ
1787 2447 1879 2499 ἀλ-

301 2528 476 2598 λὴλων
512 2529 652 2600 μετά
685 2530 782 2602 τὴν
815 2533 1016 2587 ἅλωσιν
1048 2535 1507 2606 ἐνδεικνυμένους,
1549 2539 1876 2611 ἀνῃρῆσθαι,

299 2620 408 2671 τῶν
450 2620 506 2672 δὲ
551 2619 688 2675 νέων
717 2623 843 2686 τοὺς
876 2623 1241 2694 ὑψηλοτάτους
1279 2627 1373 2680 καὶ
1418 2626 1599 2680 κάλλει
1630 2629 1876 2699 σώματος

302 2708 676 2780 διαφέροντας,
727 2713 1053 2783 τετηρῆσθαι
1107 2714 1387 2786 θριάμϐῳ,
1441 2717 1535 2770 τοῦ
1582 2718 1636 2771 δὲ
1689 2719 1873 2773 λοιποῦ

303 2801 570 2873 πλήθους,
618 2805 744 2867 τοὺς
790 2805 928 2877 ὑπὲρ
973 2808 1339 2862 ἑπτακαίδεκα
1373 2810 1488 2881 ἔτη,
1519 2811 1770 2883 δεσμίους
1799 2815 1876 2878 εἰς

300 2894 523 2947 rixas"
548 2895 822 2964 Αἴγυπτον
855 2897 991 2967 ἔργα
1041 2900 1528 2972 παραπεμφθῆναι,
1563 2901 1778 2966 πλείους
1821 2902 1875 2956 δὲ

302 2988 379 3049 εἰς
409 2988 507 3051 τὰς
568 2989 833 3059 ἐπαρχίας
879 2989 1289 3063 διανενεμῆσθαι
1332 2992 1770 3064 φθαρησομένους
1819 2998 1874 3049 ἐν

299 3084 408 3144 τοῖς
467 3081 718 3152 θεάτροις
773 3083 973 3155 σιδήρῳ
1019 3084 1114 3138 καὶ
1161 3085 1400 3158 θηρίοις,
1449 3087 1575 3150 τοὺς
1637 3087 1681 3140 δ’
1728 3089 1876 3151 ἐντὸς

298 3173 670 3227 ἑπτακαίδεκα
720 3174 877 3238 ἑτῶν,
927 3173 1304 3247 αἰχμαλώτους
1368 3177 1633 3249 ἀχθέντας
1686 3180 1874 3233 διαπε-

297 3264 568 3335 πρᾶσθαι,
615 3266 818 3322 τούτων
869 3268 923 3320 δὲ
959 3268 1134 3340 μόνων
1182 3267 1272 3323 τὸν
1318 3270 1568 3343 ἀριθμὸν,
1610 3273 1689 3335 είς
1721 3272 1873 3326 ἐννέα

297 3357 568 3426 μυριάδας
606 3357 715 3429 (64)
758 3359 966 3430 ἀνδρῶν
999 3360 1345 3432 συναχθῆναι.
1376 3363 1560 3416 Ταῦτα
1588 3363 1644 3416 δὲ
1686 3363 1873 3417 τοῦτον

295 3445 546 3516 ἐπράχθη
603 3447 694 3499 τὸν
742 3449 962 3519 τρόπον,
1019 3450 1256 3522 δευτέρῳ
1310 3453 1411 3522 τῆς
1463 3453 1871 3509 Οὐεσπασιανοῦ

293 3535 572 3605 βασιλείας
617 3538 748 3604 ἔτει,
797 3539 1101 3604 ἀκολούθως
1135 3544 1254 3606 ταῖς
1291 3547 1728 3614 προγνωστικαῖς
1777 3546 1870 3599 τοῦ

291 3632 497 3703 Κυρίου
530 3634 624 3687 καὶ
653 3635 905 3706 Σωτῆρος
932 3634 1089 3706 ἡμῶν
1131 3637 1302 3708 Ἰησοῦ
1349 3639 1583 3710 Χριστοῦ
1625 3642 1870 3713 προρρή-

291 3739 459 3789 σεσιν,
509 3726 632 3796 θείᾳ
673 3727 898 3797 δυνάμει
939 3727 1126 3799 ὥσπερ
1173 3729 1272 3800 ἤδη
1322 3729 1562 3801 παρόντα
1592 3749 1870 3803 προεωρα-

287 3817 446 3880 κὸτος
481 3817 643 3880 αὐτὰ,
675 3817 1139 3890 ἑπιδακρύσαντός
1169 3838 1227 3873 τε
1262 3821 1354 3874 καὶ
1385 3822 1866 3893 ἀποκλαυσαμένου

289 3909 428 3962 κατὰ
464 3910 567 3980 τὴν
613 3909 720 3963 τῶν
759 3911 917 3982 ἱερῶν
967 3911 1362 3980 εὐαγγελιστῶν
1396 3913 1434 3964 Γ
1441 3915 1637 3985 ραιρὴν,
1677 3913 1726 3966 οἳ
1773 3913 1866 3968 καὶ

286 4001 456 4063 αὑτὰς
489 4000 654 4052 αὑτοῦ
697 4001 1111 4072 παρατέθεινται
1139 4002 1238 4066 τὰς
1265 4002 1454 4070 λέξεις,
1480 4005 1601 4058 τοτὲ
1636 4006 1734 4076 μὲν
1765 4007 1866 4078 φή-

287 4107 477 4154 σαντος
512 4090 586 4152 ῶς
626 4091 761 4162 πρὸς
795 4091 961 4163 αὐτὴν
992 4093 1090 4164 τὴν
1123 4093 1506 4167 Ἰερουσαλήμο
1541 4113 1560 4145 ι
1587 4099 1648 4149 Ei
1696 4097 1865 4166 ἔγνως

286 4183 378 4234 καί
407 4200 472 4251 γε
505 4184 567 4236 σὺ
601 4185 657 4235 ἐν
797 4184 982 4256 ἡμέρα
1021 4185 1189 4256 ταύτῃ
1219 4187 1288 4240 τὰ
1322 4187 1454 4263 πρὸς
1484 4189 1705 4261 εἰρήνην
1743 4207 1822 4243 σοι
1846 4208 1861 4223 ο

284 4273 380 4326 νῦν
406 4274 465 4326 δὲ
501 4273 706 4346 ἐκρύϐη
737 4274 844 4327 ἀπὸ
869 4275 1160 4346 ὀφθαλμῶν
1193 4295 1307 4335 σου.
1334 4280 1453 4332 ’Ότι
1482 4279 1703 4349 ἥξουσιν
1732 4282 1864 4352 ημέο

289 4383 376 4437 ραι
415 4366 510 4417 ἐπὶ
545 4365 625 4429 σὲ,
656 4368 747 4419 καὶ
787 4368 1137 4440 περιϐαλοῦσί
1175 4387 1254 4423 σοι
1297 4371 1345 4424 οἱ
1391 4371 1574 4442 ἐχθροί
1619 4390 1712 4425 σου
1759 4374 1857 4443 χά-

287 4475 463 4530 ρακα,
509 4458 603 4511 καὶ
660 4459 1124 4531 περικυκλώσουσί
1185 4479 1264 4526 σε,
1314 4461 1410 4516 καὶ
1466 4463 1743 4531 συνέξουσί
1799 4482 1858 4518 σε

287 4548 572 4613 πάντοθεν,
617 4549 709 4602 καὶ
762 4551 1037 4620 ἑδαφιοῦσί
1087 4569 1144 4605 σε
1189 4554 1280 4606 καὶ
1332 4553 1399 4607 τά
1447 4553 1612 4608 τέκνα
1676 4573 1796 4608 σουο
1837 4577 1852 4606 ι

286 4639 402 4690 τοτὲ
431 4637 510 4700 δὲ,
538 4637 613 4702 ὡς
641 4639 766 4710 περὶ
789 4638 881 4690 τοῦ
917 4638 1072 4692 λαοῦο
1109 4659 1126 4690 ‹
1157 4641 1344 4694 Ἔσται
1376 4641 1483 4712 γὰρ
1513 4643 1724 4713 ἀνάγκη
1765 4659 1859 4712 με·

286 4729 420 4800 γάλη
457 4731 551 4782 ἐπὶ
597 4729 693 4799 τῆς
745 4732 876 4800 γῆς,
926 4731 1018 4784 καὶ
1072 4732 1207 4803 ὀργὴ
1239 4732 1317 4803 τῷ
1353 4731 1467 4804 λαῷ
1514 4731 1708 4804 τούτῳ.
1746 4734 1857 4786 Καὶ

287 4820 575 4874 πεσοῦνται
605 4823 661 4876 ὲν
695 4823 919 4893 στόματι
962 4823 1235 4894 μαχαίρας
1284 4825 1377 4877 καὶ
1420 4825 1857 4896 αἰχμαλωτισθή-

291 4929 465 4965 σονται
502 4915 581 4976 εἰς
631 4915 803 4967 πάντα
847 4915 916 4967 τὰ
958 4913 1084 4986 ἔθνη
1110 4933 1122 4944 ·
1169 4916 1262 4968 καὶ
1301 4916 1652 4987 Ἰερουσαλὴμ
1700 4917 1852 4969 ἔσται

289 5005 596 5074 πατουμένη
638 5005 740 5058 ὑπὸ
783 5005 970 5068 ἐθνῶν,
1001 5007 1160 5078 ἄχρις
1194 5002 1254 5060 οὗ
1293 5007 1618 5079 πληρωθῶσι
1671 5011 1850 5080 καιροὶ

290 5093 508 5147 ἐθνῶν.)
553 5094 662 5146 Καὶ
708 5094 898 5148 πάλιν
939 5114 956 5146 ‹
992 5096 1157 5148 Ὅταν
1186 5097 1241 5149 δὲ
1289 5097 1433 5167 ἴδητε
1479 5098 1849 5168 κυκλουμένην

290 5185 387 5238 ὑπὸ
428 5185 804 5258 στρατοπέδων
836 5185 933 5256 τὴν
974 5186 1343 5259 Ἰερουσαλὴμ,
1375 5189 1492 5241 τότε
1539 5190 1730 5257 γνῶτε,
1769 5190 1850 5240 ὅτι

1908 1325 1957 1380 Α

2593 1311 2822 1372 CAPUT
2861 1315 2963 1369 VII.

2397 1409 2473 1464 De
2496 1411 2920 1480 prmdictionibus
2948 1407 3166 1464 Cltrim.

2060 1521 2248 1592 Opera:
2288 1521 2522 1589 pretium
2569 1531 2745 1575 autem
2785 1521 2949 1576 fuerit
2995 1522 3081 1576 his
3120 1522 3412 1594 adiungere
3439 1541 3559 1583 cer-

1991 1612 2259 1668 tissimum
2286 1612 2597 1667 Servatoris
2627 1613 2795 1667 nostri
2825 1613 3129 1681 oraculum,
3159 1630 3264 1683 quo
3290 1615 3405 1672 hinc
3439 1618 3555 1687 ipsa

1989 1705 2311 1775 praedixerat
2345 1694 2430 1758 his
2458 1705 2637 1759 verbis
2674 1723 2687 1758 :
2725 1724 2741 1755 ι
2789 1705 2876 1760 Vae
2932 1708 3336 1778 praegnantibus
3371 1719 3425 1764 et
3455 1727 3556 1766 nu—

1990 1796 2216 1850 tricibus
2262 1795 2315 1850 in
2366 1796 2475 1850 illis
2519 1796 2729 1850 diebus.
2764 1785 2926 1852 Orate
2969 1808 3150 1853 autem
3182 1815 3250 1854 ne
3284 1799 3410 1871 fuga
3445 1802 3550 1873 81

1989 1899 2165 1944 vestra
2198 1890 2475 1960 contingat
2501 1891 2678 1944 hieme
2704 1891 2788 1945 vel
2816 1891 3076 1947 Sabbato.
3110 1894 3226 1949 Erit
3257 1897 3402 1951 enim
3428 1907 3558 1952 tunc

1986 1980 2247 2049 temporis
2274 1979 2553 2034 calamitas
2586 1994 2782 2049 magna
2807 2019 2823 2043 ,
2856 1981 3160 2050 cujusmodi
3191 1983 3428 2038 nondum
3455 1982 3556 2037 fuit

1987 2072 2056 2125 ab
2089 2072 2245 2126 initio
2295 2072 2478 2126 mundi
2507 2110 2524 2137 ,
2564 2086 2660 2126 nec
2708 2071 2934 2140 posthac
2960 2072 3084 2127 erit.
3140 2091 3159 2126 ι
3208 2071 3383 2130 Porro
3411 2075 3552 2130 idem

1986 2163 2077 2217 ille
2125 2162 2367 2216 historia:
2400 2161 2633 2228 scriptor
2680 2162 2996 2217 universum
3043 2178 3328 2218 numerum
3360 2180 3551 2220 eorum

1985 2253 2074 2319 qui
2109 2250 2190 2304 vel
2223 2250 2403 2319 gladio
2445 2251 2527 2304 vel
2566 2251 2707 2303 fame
2729 2250 3040 2319 perierunt,
3074 2252 3231 2306 simul
3267 2252 3551 2324 colligens,

1983 2344 2241 2398 undecies
2268 2353 2490 2397 centena
2529 2345 2805 2398 hominum
2844 2343 3011 2396 millia
3056 2344 3281 2411 periisse
3317 2346 3550 2400 scribit:

1986 2435 2285 2490 seditiosos
2326 2449 2455 2489 vero
2480 2444 2531 2488 et
2564 2435 2844 2502 praedones
2882 2435 2974 2504 qui
3009 2435 3410 2504 superfuerant,
3431 2449 3554 2504 post
3621 2487 3624 2490 .

1981 2533 2133 2588 urbis
2157 2532 2427 2587 excidium
2459 2540 2642 2584 mutuo
2675 2529 2870 2584 indicio
2900 2527 3206 2590 damnatos,
3243 2539 3430 2595 pmnas
3455 2527 3553 2582 dce

1982 2628 2125 2681 disse
2155 2643 2169 2680 :
2197 2636 2251 2681 et
2275 2640 2340 2678 ex
2386 2623 2672 2692 iuventute
2705 2621 2921 2689 quidem
2947 2634 3062 2683 eos,
3094 2619 3186 2687 qui
3219 2621 3552 2688 proceritate

1907 2713 1948 2766 Β
1977 2719 2225 2788 corporis
2251 2726 2306 2770 et
2328 2715 2501 2770 forma
2536 2714 2750 2769 caeteris
2779 2721 3122 2782 praestarent,
3157 2711 3224 2766 ad
3254 2726 3549 2766 ornamen-

1981 2818 2091 2862 tum
2130 2806 2388 2876 triumphi
2429 2813 2777 2862 reservatos:
2811 2818 2877 2857 ex
2909 2805 3117 2872 reliqua
3171 2812 3355 2858 autem
3412 2803 3550 2856 mul-

1980 2899 2209 2954 titudine
2237 2914 2350 2965 eos,
2389 2899 2480 2967 qui
2508 2897 2794 2966 septimum
2835 2897 3111 2950 decimum
3138 2896 3313 2949 aetatis
3346 2911 3549 2949 annum

1979 2999 2350 3052 excesserant,
2385 2988 2596 3042 vinctos
2621 2986 2686 3040 ad
2718 2985 2934 3040 metalla
2964 2985 3266 3039 exercenda
3308 2985 3359 3039 in
3382 2983 3551 3056 Egy-

1979 3093 2129 3151 ptum
2166 3084 2460 3152 perductos
2487 3097 2610 3134 esse
2657 3098 2671 3135 :
2722 3079 2989 3151 plurimos
3021 3095 3150 3135 vero
3177 3094 3283 3148 per
3329 3082 3549 3149 provin-

1977 3175 2089 3228 cias
2138 3175 2497 3239 distributos,
2547 3174 2637 3243 qui
2691 3174 2744 3227 in
2793 3173 3030 3242 publicis
3081 3173 3404 3242 spectaculis
3453 3183 3549 3226 aut

1978 3266 2131 3322 ferro
2159 3277 2251 3322 aut
2280 3267 2469 3321 bestiis
2495 3273 2945 3320 consumerentur
2981 3283 2994 3318 :
3033 3265 3344 3332 quicunque
3366 3274 3544 3318 autent

1976 3359 2216 3414 minores
2260 3366 2441 3412 eSSent
2473 3358 2629 3411 annis
2671 3356 3057 3426 septemdecim
3083 3394 3100 3421 ,
3133 3370 3228 3411 eos
3275 3356 3328 3410 in
3376 3359 3548 3411 servi-

1974 3459 2142 3505 tutem
2177 3450 2442 3504 abductos
2473 3446 2574 3502 sub
2601 3461 2803 3502 corona
2851 3448 3103 3503 veniisse.
3150 3445 3390 3513 Quorum
3424 3447 3547 3515 qui-

1973 3543 2090 3598 dem
2124 3555 2408 3595 numerum
2437 3541 2502 3594 ad
2534 3538 2825 3608 nonaginta
2856 3552 3026 3606 usque
3062 3538 3344 3593 hominum
3371 3537 3542 3591 milia

1972 3635 2282 3704 pervenisse
2322 3632 2576 3686 afﬁrmat.
2618 3632 2684 3686 Et
2714 3632 2828 3685 haec
2856 3631 3074 3699 quidem
3115 3645 3255 3684 anno
3301 3632 3544 3684 secundo

1969 3726 2307 3796 principatus
2336 3722 2656 3792 Vespasiani
2690 3721 2912 3790 Augusti
2941 3720 3009 3774 ad
3036 3721 3179 3774 hunc
3209 3722 3427 3774 modum
3457 3737 3546 3789 ge-

1970 3829 2052 3872 sta
2086 3825 2252 3880 sunt,
2276 3814 2431 3882 juxta
2475 3813 2790 3869 Servatoris
2828 3811 3017 3866 nostri
3058 3811 3405 3866 vaticinium.
3436 3814 3538 3878 Qui

1969 3907 2148 3962 divina
2183 3907 2440 3976 praeditus
2462 3905 2682 3969 virtute,
2709 3919 2773 3958 ea
2809 3917 2928 3971 qua:
2963 3910 3185 3956 ventura
3217 3912 3393 3966 erant,
3418 3912 3542 3958 tan-

1970 4015 2131 4068 quam
2163 3996 2452 4067 praesentia
2481 3995 2650 4049 multo
2675 4003 2802 4049 ante
2831 3993 3158 4063 prmviderat
3185 4011 3200 4049 :
3235 4005 3290 4049 et
3322 3994 3540 4069 illacry-

1969 4103 2146 4145 matus
2180 4088 2357 4143 fuerat
2389 4096 2550 4156 atque
2583 4086 2954 4155 ingemuerat,
2993 4094 3051 4137 ut
3081 4085 3537 4156 evangelistarum

1967 4183 2165 4252 scripta
2201 4190 2487 4235 testantur.
2525 4177 2588 4234 Hi
2614 4178 2758 4232 enim
2808 4179 2922 4245 ipsa
2954 4172 3345 4245 quoque‘illius
3373 4178 3537 4232 verba

1967 4274 2310 4339 retulerunt,
2343 4271 2540 4339 quibus
2576 4269 2736 4324 modo
2769 4268 3046 4322 civitatem
3094 4267 3264 4337 ipsam
3295 4271 3538 4338 compel-

1965 4368 2121 4434 lans,
2155 4365 2335 4420 aiebat
2359 4363 2403 4396 ³ο
2440 4386 2451 4417 ;
2483 4381 2502 4413 ι
2543 4361 2601 4416 Si
2644 4361 2991 4430 cognovisses
3033 4368 3087 4412 et
3137 4369 3192 4433 tu
3223 4360 3392 4430 in‘die
3443 4362 3538 4416 illo

1964 4475 2085 4529 qua:
2135 4459 2200 4513 ad
2232 4470 2425 4527 pacem
2461 4465 2606 4509 tuam
2641 4453 2969 4509 conducunt.
2996 4451 3146 4506 Nunc
3177 4462 3361 4507 autem
3393 4454 3534 4509 abs-

1959 4550 2175 4603 condita
2225 4557 2352 4601 sunt
2400 4545 2467 4599 ab
2500 4543 2673 4599 oculis
2717 4543 2824 4597 tuis
2856 4560 2867 4595 :
2899 4542 3024 4608 quia
3045 4542 3266 4616 venient
3299 4544 3415 4598 dies
3445 4560 3537 4598 su-

1959 4653 2055 4708 per
2088 4648 2159 4702 te,
2196 4646 2250 4692 et
2284 4635 2706 4692 circumdabunt
2735 4642 2785 4687 te
2816 4632 3017 4688 inimici
3055 4634 3127 4688 tui
3152 4634 3316 4699 vallo,
3347 4646 3402 4691 et
3426 4637 3536 4691 cin-

1959 4737 2084 4798 gent
2115 4737 2164 4782 te
2201 4728 2437 4796 undique
2462 4767 2477 4788 ,
2523 4735 2577 4779 et
2608 4725 2994 4793 expugnahunt
3031 4732 3082 4780 te
3106 4764 3120 4789 ,
3153 4734 3204 4779 et
3231 4726 3352 4781 solo
3387 4728 3531 4781 adre.-

1960 4822 2202 4888 quahunt
2227 4860 2243 4883 ,
2280 4830 2336 4873 et
2383 4818 2522 4872 ﬁlios
2573 4827 2693 4870 tuos
2726 4815 2952 4879 elident;
2989 4834 3008 4868 ι
3043 4817 3206 4872 modo
3233 4818 3300 4873 de
3333 4819 3532 4888 populo

1959 4911 2076 4980 ipso
2125 4909 2304 4963 aiebat
2337 4927 2351 4962 :
2389 4927 2406 4959 ι
2444 4908 2565 4960 Erit
2603 4905 2747 4961 enim
2794 4904 2973 4961 clades
3002 4922 3194 4977 magna
3228 4917 3284 4962 et
3312 4907 3395 4964 ira
3435 4910 3526 4964 Dei

1956 5003 2214 5055 adversus
2263 5001 2408 5054 hunc
2442 4999 2733 5068 populum;
2769 5007 2824 5053 et
2854 4999 3046 5052 cadent
3101 4999 3152 5051 in
3188 5013 3284 5053 ore
3314 5001 3474 5070 gladii
3507 5038 3526 5068 ,

1956 5104 2010 5148 et
2034 5095 2229 5162 captivi
2260 5094 2526 5148 ducentur
2558 5093 2612 5144 in
2637 5107 2828 5146 omnes
2855 5099 3063 5160 gentes.
3111 5091 3177 5145 Et
3226 5090 3526 5148 Jerusalem

1959 5185 2257 5239 calcabitur
2297 5201 2327 5238 a
2379 5183 2627 5254 gentibus
2653 5228 2666 5251 ,
2701 5185 2870 5238 donec
2914 5181 3239 5251 impleantur
3283 5193 3523 5255 tempora
3611 5231 3614 5236 .

289 5276 504 5346 ὴγγικεν
540 5278 570 5347 ἡ
613 5278 886 5347 ἐρήμωσις
918 5277 1107 5347 αὐτῆς.
1138 5298 1153 5330 ι
1188 5279 1490 5352 Συγκρίνας
1524 5280 1581 5333 δέ
1626 5297 1709 5344 τις
1754 5279 1850 5342 τάς

1970 5278 2218 5348 gentium.
2258 5295 2276 5328 ›
2309 5275 2376 5330 Et
2409 5291 2637 5330 rursus:
2690 5295 2708 5326 ι
2754 5276 2887 5331 Cum
2919 5283 3096 5329 autent
3125 5275 3368 5332 videritis
3412 5278 3527 5331 cir«

350 5390 395 5422 ³⁸
420 5389 554 5444 Luc.
583 5405 695 5444 xix.

353 5503 461 5576 (64)
487 5505 591 5568 Elg-
611 5503 788 5576 ὲιςνέα
811 5502 1129 5576 μυριάδας,
1152 5502 1521 5557 I-Iallucinatur
1548 5503 1832 5576 Eusebius.

287 5569 460 5642 Neque
488 5577 628 5628 enim
659 5569 922 5641 Iosephus
964 5578 1064 5627 huc
1104 5575 1251 5636 dicit,
1294 5576 1385 5626 sed
1430 5585 1637 5628 tantum
1689 5575 1833 5629 affir-

289 5655 407 5711 mat,
440 5658 724 5699 numerum
763 5659 951 5697 eorum
987 5644 1076 5712 qui
1111 5655 1222 5696 toto
1262 5642 1383 5696 belli
1424 5655 1661 5712 tempore
1692 5646 1832 5713 capti

289 5724 399 5769 sunt
439 5732 468 5769 a
509 5713 790 5773 Romanis,
846 5715 911 5766 ad
965 5714 1252 5783 nonaginta
1314 5723 1520 5782 septem
1563 5716 1836 5770 hominum

672 5806 947 5867 Ps'reon.
998 5806 1112 5866 Gn.
1161 5799 1302 5868 XX.

1941 5503 2103 5560 millia
2143 5506 2474 5573 pervenisse.
2510 5503 2689 5561 Locus
2718 5514 2799 5560 est
2832 5506 2883 5560 in
2928 5504 3031 5559 nne
3057 5505 3180 5560 libri
3227 5522 3298 5558 vr.
3332 5503 3521 5571 Itaque

1944 5575 2138 5629 merito
2187 5575 2711 5644 (Thristophorsonus
2758 5579 2858 5632 hoc
2912 5577 3031 5631 loco
3087 5577 3303 5630 Eusebii
3348 5577 3519 5628 verba

1945 5645 2332 5713 aliqnantulum
2372 5649 2699 5703 itnmutavit.
