4140 6430
604 324 727 391 Ἔδει

1326 330 1595 388 EUSEBII
1631 328 2106 387 CIESARIENSIS
2146 326 2299 385 OPP.
2338 324 2520 383 PARS
2557 329 2598 386 1.
2641 359 2708 369 ——
2748 328 3143 390 HISTORICA.

3766 316 3877 398 est;

617 451 865 508 cumdari
895 450 963 507 ab
1020 449 1260 506 exercitu
1292 449 1632 517 Jerusalem,
1686 461 1811 507 tunc
1848 453 2041 507 scitote
2064 453 2167 523 qui:

2293 449 2386 503 τοῦ
2419 448 2669 519 Σωτῆρος
2697 451 2730 520 ἡ
2741 448 2856 519 μῶν
2885 450 3057 517 λέξεις
3084 453 3203 514 ταῖς
3246 451 3457 517 λοιπαῖς
3498 452 3591 506 τοῦ
3627 470 3873 528 συγγρα-

622 542 1078 613 appmpinquavit
1121 541 1384 595 desolatio
1430 542 1550 611 ejus
1592 543 1661 596 “.
1718 560 1738 595 ι
1784 542 1939 608 Quod
1974 542 2019 597 si
2067 542 2191 611 quis

621 629 933 690 Servatoris
982 633 1156 690 nostri
1192 634 1354 689 verba
1387 650 1509 688 cum
1540 636 1606 690 iis
1636 642 1939 707 comparet,
1974 650 2093 705 quae
2122 636 2189 691 ab

621 729 843 797 eodem}
870 727 1150 794 Scriptore
1200 728 1265 781 de
1300 727 1556 781 universo
1591 725 1733 781 bello
1763 737 2188 782 commemorata

616 830 767 888 sunt,
798 821 917 874 ﬁeri
949 835 1053 875 non
1088 829 1265 888 potest
1292 819 1421 887 quin
1456 818 1756 872 admiretur
1784 819 2186 889 prrescientiam

615 931 683 971 ac
733 914 1138 983 prazdictionem
1183 911 1493 967 Servatoris
1538 912 1755 977 nostri,
1793 926 2026 981 eamque
2062 927 2188 968 vere

616 1008 860 1061 divinam
892 1014 947 1060 et
979 1019 1139 1074 supra
1184 1003 1295 1073 82
1346 1003 1570 1057 modum
1604 1004 1929 1072 stupendam
1961 1019 2082 1059 esse
2110 1004 2187 1057 fa-

614 1109 813 1156 teatur.
847 1100 926 1153 Ac
959 1099 1026 1152 de
1071 1097 1137 1151 iis
1168 1096 1382 1165 quidem
1422 1111 1542 1165 quae
1572 1096 1842 1151 universae
1873 1095 2185 1151 Judazorum

611 1191 759 1261 genti
802 1200 921 1261 post
953 1189 1261 1259 passionem
1314 1188 1525 1242 Domini
1555 1188 1939 1258 contigerunt,
1976 1198 2032 1242 et
2062 1197 2187 1258 post

612 1296 773 1337 voces
815 1280 939 1335 illas
971 1279 1166 1349 quibus
1218 1277 1486 1331 latronem
1520 1278 1737 1347 quidem
1768 1288 1823 1332 et
1850 1278 2182 1332 homicidam

610 1372 806 1427 mortis
843 1369 1107 1438 supplicio
1140 1367 1383 1432 liberari,
1421 1368 1596 1436 ipsum
1636 1382 1765 1423 vero
1796 1379 2072 1422 auctorem
2104 1369 2185 1421 vi-

608 1472 676 1517 tae
702 1480 732 1519 e
759 1463 936 1517 medio
966 1460 1077 1515 tolli
1106 1460 1337 1531 populus
1370 1461 1551 1515 omnis
1600 1460 2057 1526 succlamaverat,
2089 1458 2181 1516 Jo-

606 1556 761 1624 seplil
806 1554 1105 1609 narrationi
1133 1552 1430 1621 quidquam
1476 1550 1676 1608 addere
1710 1552 1931 1608 minime
1954 1567 2180 1609 necesse

603 1658 706 1703 est.
738 1645 829 1702 Illa
862 1661 988 1701 vero
1017 1646 1253 1713 adjicere
1295 1660 1507 1714 aequum
1541 1644 1703 1699 fuerit
1729 1683 1745 1708 ,
1779 1646 1975 1714 quibus
2009 1646 2179 1701 divini

604 1736 857 1792 Numinis
888 1734 1173 1789 clementia
1202 1748 1269 1787 ac
1294 1732 1637 1802 providentia
1669 1734 1980 1789 declaratur
2014 1753 2028 1789 :
2058 1750 2178 1805 qua:

592 1829 820 1899 ,quidem
851 1836 973 1896 post
996 1825 1270 1897 piaculum
1304 1824 1357 1879 in
1388 1824 1670 1879 Christum
1701 1826 2175 1898 admissum,qua-
2208 1806 2251 1861 Β

603 1918 854 1989 draginta
878 1931 1144 1971 annorum
1175 1916 1352 1985 spatio
1375 1958 1390 1983 ,
1426 1916 1658 1970 exitium
1690 1916 1905 1972 illorum
1940 1919 2169 1975 distulit.

603 2012 724 2080 Quo
756 2011 809 2065 in
840 2020 1081 2079 tempore
1112 2008 1345 2075 apostoli
1384 2024 1451 2064 ac
1496 2007 1749 2078 discipuli
1793 2024 1928 2079 pene
1956 2026 2169 2075 omnes,

601 2115 658 2159 et
700 2101 936 2157 Jacobus
966 2100 1083 2170 ipse
1112 2100 1318 2168 primus
1351 2098 1453 2155 loci
1486 2099 1631 2155 illius
1660 2101 1969 2172 episcopus,
2004 2103 2050 2159 is
2078 2104 2170 2175 qui

600 2197 775 2252 frater
809 2194 1021 2249 Domini
1060 2192 1365 2258 dicebatur,
1397 2193 1574 2249 adhuc
1602 2195 1923 2265 superstites
1948 2236 1963 2262 ,
2004 2205 2061 2251 et
2113 2198 2171 2252 in

601 2290 720 2358 ipsa
770 2285 1269 2356 Hierosolymorum
1324 2284 1542 2340 civitate
1589 2286 1887 2356 degentes,
1922 2288 2172 2344 lirmissi-

600 2395 748 2435 mum
785 2377 887 2433 loci
909 2378 1295 2431 munimentum
1315 2379 1647 2445 perstabant,
1674 2394 1795 2432 cum
1827 2380 2008 2434 divina
2036 2381 2169 2436 Pro-

600 2470 839 2523 videntia
867 2470 1044 2523 adhuc
1068 2483 1162 2523 eos
1194 2469 1588 2538 patientissime
1622 2472 1937 2539 sustineret,
1960 2474 2002 2527 si
2031 2473 2172 2530 forte

600 2562 1018 2615 commissorum
1050 2559 1337 2614 criminum
1384 2562 1759 2630 pmnitentiam
1800 2576 2046 2634 agentes,
2071 2580 2171 2620 ve-

600 2654 745 2707 niam
791 2662 847 2705 et
888 2652 1115 2706 salutem
1145 2654 1407 2719 consequi
1452 2664 1671 2722 possent
1705 2672 1718 2707 :
1757 2670 1987 2725 cumque
2014 2658 2162 2726 ejus-

595 2745 741 2799 modi
781 2745 1046 2813 patientia
1096 2745 1320 2799 minime
1378 2756 1633 2801 contenta
1668 2747 1764 2801 Dei
1808 2749 2158 2820 benignitas,

598 2838 887 2892 horrendis
919 2838 1241 2907 quibusdam
1290 2838 1457 2908 signis
1486 2855 1550 2895 ac
1584 2842 1852 2908 portentis
1900 2842 2163 2899 divinitus

594 2928 779 2990 editis,
813 2927 1151 2982 calamitates
1176 2927 1329 2996 ipsis,
1364 2928 1467 2983 nisi
1495 2931 1865 2998 paauitentiam
1896 2932 2158 3002 egissent,

2294 542 2435 611 φέως
2476 542 2735 613 ἱστορίαις
2778 545 2896 605 ταῖς
2920 544 3047 614 περὶ¹
3091 542 3182 595 τοῦ
3216 545 3417 607 παντὸς
3448 545 3705 616 πολέμου,
3750 548 3874 610 πῶς

2290 635 2389 688 οὐκ
2419 635 2483 689 ἂν
2516 634 2972 706 ἀποθαυμάσειεν,
3016 634 3164 688 θείαν
3192 636 3266 699 ὡς
3301 635 3513 709 ἀληθῶς
3560 639 3652 691 καὶ
3702 640 3877 711 ὑπερ-

2292 727 2440 795 φυῶς
2470 727 2767 799 παράδοξον
2794 728 2892 799 τὴν
2916 728 3217 799 πρόγνωσίν
3242 746 3299 780 τε
3328 728 3420 781 καὶ
3446 730 3746 802 πρόρρησιν
3771 730 3872 785 τοῦ

2293 822 2540 892 Σωτῆρος
2577 821 2733 893 ἡμῶν
2762 822 3117 892 ὁμολογήσας.
3157 822 3294 891 Περὶ
3324 822 3421 892 μὲν
3459 818 3550 875 οὖν
3586 823 3693 875 τῶν
3726 825 3871 894 μετά

2288 913 2349 964 τὸ
2384 914 2647 984 σωτήριον
2676 912 2845 977 πάθος
2883 913 2977 967 καὶ
3018 912 3114 975 τὰς
3161 914 3341 981 φωνὰς
3377 915 3591 977 ὲκείνας
3632 916 3689 969 ἐν
3717 912 3805 979 αἷς
3832 918 3871 987 ἠ

2288 1004 2396 1056 τῶν
2429 1003 2693 1058 Ἰουδαίων
2728 1003 2935 1073 πληθὺς
2966 1004 3055 1057 τὸν
3089 1003 3185 1074 μὲν
3223 1002 3423 1076 λῃστὴν
3456 1005 3547 1058 καὶ
3574 1006 3735 1074 φονέα
3771 1004 3869 1057 τοῦ

2289 1093 2515 1147 Θανάτου
2568 1095 2913 1167 παρῄτηται,
2959 1094 3049 1147 τὸν
3097 1094 3152 1147 δὲ
3198 1095 3437 1165 ἀρχηγὸν
3486 1097 3583 1166 τῆς
3627 1095 3772 1166 ζωῆς
3803 1096 3870 1162 ἐξ

2286 1186 2465 1239 αὐτῶν
2510 1186 2780 1239 ἱκέτευσεν
2824 1186 3075 1257 ἀρθῆναι,
3118 1186 3194 1256 τῷ
3244 1187 3405 1239 παντὶ
3442 1187 3868 1259 συμϐεϐηκότων

2288 1278 2456 1343 ἔθνει,
2496 1279 2646 1333 οὐδὲν
2680 1280 2744 1333 ἂν
2789 1279 2896 1331 δέοι
2942 1282 3061 1342 ταῖς
3108 1279 3370 1349 ἱστορίαις
3411 1279 3680 1347 ἐπιλέγειν
3724 1280 3869 1349 (65).

2286 1368 2471 1423 Ταῦτα
2495 1371 2537 1423 δ’
2566 1368 2632 1423 ἂν
2660 1371 2745 1439 εἴη
2773 1370 2978 1422 δίκαιον
3019 1369 3097 1421 ἔτι
3146 1369 3473 1441 προσθῆναι,
3502 1369 3537 1423 ἃ
3570 1369 3763 1437 γένοιτ’
3793 1369 3866 1423 ἂν

2286 1462 2668 1533 παραστατικά
2737 1461 3140 1531 φιλανθρωπίας
3189 1462 3287 1532 τῆς
3338 1461 3653 1529 παναγάθου
3722 1478 3865 1532 προ-

2285 1555 2451 1619 νοίας,
2479 1554 2887 1626 τεσσαράκοντα
2917 1556 3000 1625 ἐφ’
3041 1555 3180 1619 ὅλοις
3222 1555 3366 1609 ἔτεσι
3398 1554 3531 1626 μετά
3573 1555 3670 1625 τὴν
3716 1554 3868 1607 κατά

2282 1647 2377 1700 τοῦ
2408 1644 2641 1719 Χριστοῦ
2672 1647 2897 1718 τόλμαν,
2928 1648 3018 1700 τὸν
3042 1646 3158 1700 κατ’
3186 1646 3365 1702 αὐτῶν
3389 1645 3605 1717 ὄλεθρον
3626 1644 3865 1718 ὑπερθε-

2286 1741 2479 1809 μένης,
2523 1741 2580 1794 ὲν
2626 1738 2770 1802 ὅσοις
2824 1738 2931 1793 τῶν
2976 1738 3289 1793 ἀποστόλων
3316 1737 3410 1791 καὶ
3452 1737 3559 1790 τῶν
3600 1735 3865 1809 μαθητῶν

2280 1832 2525 1895 πλείους,
2564 1831 2815 1896 Ἰἀκωϐός
2858 1848 2916 1883 τε
2962 1832 3122 1893 αὐτὸς
3148 1834 3176 1885 ὁ
3222 1830 3345 1902 τῇδε
3381 1830 3593 1898 πρῶτος
3633 1831 3863 1884 ἐπίσκο-

2278 1942 2407 1990 πος,
2451 1922 2543 1975 τοῦ
2587 1922 2790 1993 Κυρίου
2837 1922 3185 1993 χρηματίζων
3232 1922 3484 1992 ἀδελφὸς,
3515 1921 3592 1975 ἔτι
3633 1922 3709 1993 τῷ
3755 1922 3863 1994 βίῳ

2279 2017 2584 2088 περιόντες,
2635 2017 2727 2069 καὶ
2760 2017 2843 2068 ἐπ’
2884 2017 3052 2087 αὐτῆς
3085 2016 3184 2085 τῆς
3224 2014 3607 2088 Ἱεροσολύμων
3648 2014 3862 2078 πόλεως

2277 2109 2374 2173 τὰς
2407 2108 2684 2179 διατριϐὰς
2725 2107 3055 2178 ποιούμενοι,
3094 2108 3253 2178 ἕρκος
3292 2107 3479 2178 ὥσπερ
3514 2106 3862 2178 ὀχυρώτατον

2275 2200 2581 2272 παρέμενον
2628 2198 2705 2270 τῷ
2749 2199 2933 2270 τόπῳ,
2976 2200 3073 2270 τῆς
3130 2199 3279 2263 θείας
3330 2198 3635 2269 ἐπισκοπῆς
3683 2198 3861 2249 εἰσέτι

2273 2292 2395 2347 τότε
2446 2290 2933 2363 μακροθυμούσης,
2975 2292 3022 2343 εί
3057 2290 3163 2361 ἄρα
3192 2289 3321 2342 ποτὲ
3356 2288 3629 2359 δυνηθεῖεν
3662 2289 3745 2356 ἐφ’
3772 2281 3861 2350 οἷς

2276 2384 2505 2454 ἔδρασαν
2564 2384 3026 2453 μετανοήσαντες,
3077 2380 3403 2451 συγγνώμης
3444 2382 3537 2433 καὶ
3582 2379 3859 2449 σωτηρίας

2276 2478 2477 2544 τυχεῖν,
2523 2475 2614 2527 καὶ
2666 2474 2797 2545 πρὸς
2848 2475 2914 2544 τῇ
2960 2471 3192 2542 τοσαύτῃ
3242 2471 3622 2543 μακροθυμίᾳ,
3673 2487 3858 2541 παρα-

2276 2566 2457 2632 sago»;
2502 2566 2798 2637 θεοσημίας
2845 2566 2949 2619 τῶν
2992 2565 3288 2635 μελλόντων
3339 2564 3521 2626 αὐτοῖς
3561 2563 3634 2634 μὴ
3682 2579 3853 2632 μετα-

2279 2662 2499 2730 νοήσασι
2554 2658 2925 2729 συμϐήσεσθαι
2983 2656 3421 2728 παρασχομένης.
3460 2656 3526 2707 Ἃ
3569 2655 3661 2707 καὶ
3711 2652 3856 2707 αὐτὰ

2274 2752 2491 2822 μνήμης
2541 2750 2819 2821 ἠξιωμένα
2871 2748 3005 2819 πρὸς
3051 2748 3143 2801 τοῦ
3192 2746 3556 2817 δεδηλωμένον
3610 2762 3856 2817 συγγρα-

2271 2841 2444 2910 φέως,
2501 2841 2648 2895 οὐδὲν
2705 2836 2815 2893 οἷον
2875 2844 2986 2905 τοῖς
3034 2840 3159 2911 τῇδε
3210 2837 3489 2909 προσιοῦσι
3542 2839 3609 2907 τῇ
3663 2838 3851 2906 γραφῇ

2269 2934 2608 3005 παραθεῖναι.

593 3032 887 3075 eventuras
916 3021 1325 3091 prreuuntiaret.
1372 3022 1501 3089 Qua:
1534 3024 1750 3091 quidem
1790 3026 1940 3096 signa
1974 3042 2096 3082 cum
2146 3041 2177 3081 ιι
2239 3028 2551 3097 supradicto
2609 3026 2851 3081 historia:
2889 3026 3158 3096 scriptore
3191 3024 3388 3080 litteris
3438 3021 3687 3077 mandata
3712 3020 3849 3076 sinu

601 3132 707 3169 non
745 3115 1150 3170 incommodum
1190 3112 1355 3166 fuerit
1406 3117 1573 3169 nostri
1608 3133 1823 3190 quoque
1869 3124 2047 3192 operis
2077 3122 2373 3178 lectoribus
2407 3120 2667 3174 exhibere

1197 3207 1422 3262 CAPUT
1454 3208 1584 3265 Vill.

1055 3298 1131 3350 De
1160 3298 1325 3367 signis
1350 3307 1471 3351 ante
1497 3297 1707 3351 bellum.

668 3395 894 3467 Sumpto
927 3397 1091 3464 igitur
1130 3396 1180 3449 in
1226 3409 1419 3449 manus
1471 3395 1610 3449 libro
1637 3436 1651 3459 ,
1684 3396 1850 3450 recita
1882 3395 2012 3451 mihi
2044 3410 2161 3465 qum

595 3490 649 3544 in
682 3500 836 3544 sexto
869 3489 1229 3544 Historiarum
1257 3489 1528 3542 volumine
1570 3486 1884 3542 referuntur
1929 3488 2012 3543 his
2043 3504 2162 3543 ver-

589 3582 705 3638 bis:
743 3599 761 3632 t
789 3581 854 3635 Et
876 3583 1029 3638 falsis
1060 3583 1274 3651 quidem
1327 3583 1433 3637 illis
1478 3582 1713 3647 vatibus,
1776 3599 1941 3651 seque
1994 3600 2023 3637 a
2056 3584 2163 3640 Deo

590 3677 787 3731 missos
834 3676 1226 3730 mentientibus
1253 3716 1267 3740 ,
1318 3674 1503 3730 infelix
1546 3676 1776 3744 populus
1815 3675 1975 3730 ﬁdem
2008 3678 2161 3731 adhi-

589 3767 774 3821 bebat.
816 3766 1172 3821 Evideutibus
1199 3777 1379 3821 autem
1408 3768 1689 3838 prodigiis,
1721 3777 1775 3821 et
1807 3766 2044 3822 futuram
2076 3785 2163 3823 so-

589 3858 874 3913 litudinem
906 3860 1417 3928 przenuntiantibus,
1443 3873 1619 3928 neque
1648 3860 2008 3914 advertebant
2039 3861 2158 3915 ani-

594 3965 709 4005 mos
755 3964 930 4020 neque
965 3952 1279 4006 credebant.
1314 3951 1419 4006 Sed
1468 3960 1723 4021 tanquam
1753 3952 1994 4015 attoniti,
2024 3968 2158 4006 ocu-

588 4041 767 4111 lisque
784 4051 839 4096 et
859 4053 1040 4096 mente
1057 4044 1221 4112 capti,
1243 4044 1409 4111 ipsius
1429 4044 1518 4097 Dei
1539 4044 1806 4112 praeconia
1825 4059 1889 4098 ac
1903 4045 2159 4099 vaticinia

590 4136 815 4203 insuper
850 4134 1187 4195 habuerunt;
1228 4136 1461 4201 primum
1507 4150 1628 4188 cmn
1673 4150 1836 4203 supra
1880 4136 2159 4191 civitatem

589 4225 740 4278 stetit
770 4225 920 4277 sidus
942 4223 1116 4277 simile
1138 4224 1337 4293 gladio,
1360 4232 1415 4279 et
1450 4225 1577 4279 anni
1606 4226 1782 4295 spatio
1814 4225 2008 4281 ardere
2035 4240 2158 4294 per—

587 4317 858 4371 severavit
884 4323 1154 4384 cometes;
1202 4314 1396 4371 deinde
1444 4331 1567 4371 cum
1618 4328 1745 4372 ante
1795 4318 2155 4372 deiectionem

585 4407 901 4475 primosque
952 4405 1075 4460 belli
1131 4413 1348 4468 motus,
1401 4406 1597 4475 pOpulo
1650 4407 1716 4461 ad
1768 4405 1965 4462 festum
2015 4408 2156 4463 diem

583 4500 913 4568 Azymorum
963 4506 1331 4567 congregato,
1379 4506 1533 4552 sexto
1590 4498 1713 4554 idus
1762 4499 1967 4568 Aprilis
2020 4499 2154 4554 hora

2801 3205 3193 3261 ΚΕΦΑΛΑΙΟΝ
3228 3205 3308 3257 ην.

2260 3302 2399 3370 Περὶ
2418 3301 2532 3355 τῶι·
2553 3300 2663 3368 πρὸ
2683 3300 2789 3353 τοῦ
2805 3299 3067 3369 πολέμου
3084 3298 3347 3367 σημείων
3362 3297 3500 3368 (Nic.
3524 3294 3592 3349 II.
3605 3292 3848 3363 Enni).

2333 3396 2443 3449 Καὶ
2476 3394 2539 3465 δὴ
2576 3393 2753 3446 λαϐὼν
2798 3390 3068 3459 ἀνάγνωθι
3119 3390 3187 3443 τὰ
3220 3390 3359 3443 κατὰ
3408 3390 3505 3461 τὴν
3531 3390 3692 3459 ἕκτην
3736 3389 3849 3440 τῶν

2275 3485 2567 3555 Ἰστοριῶν
2590 3484 2736 3555 αύτῷ
2766 3483 3107 3555 δεδηλωμένα
3139 3484 3194 3535 ἐν
3226 3483 3452 3547 τούτοις·
3484 3500 3503 3533 ι
3554 3482 3657 3533 Τὸν
3711 3480 3847 3550 γοῦν

2264 3580 2442 3633 ἄθλιον
2473 3578 2661 3648 δῆμον,
2690 3580 2737 3629 οἱ
2793 3577 2888 3646 μὲν
2918 3575 3228 3638 ἀπατεῶνες
3263 3576 3355 3627 καὶ
3384 3574 3846 3643 καταψευδόμενοι

2264 3670 2355 3723 τοῦ
2375 3669 2529 3731 Θεοῦ,
2560 3667 2859 3738 τηνικαῦτα
2884 3666 3235 3737 παρέπειθον,
3262 3669 3371 3728 τοῖς
3394 3664 3436 3719 δ’
3468 3666 3719 3736 ἐναργέσι
3747 3667 3844 3718 καὶ

2263 3764 2692 3837 προσημαίνουσι
2722 3763 2819 3833 τὴν
2856 3761 3147 3833 μέλλουσαν
3177 3759 3393 3813 ἔσεσθαι
3428 3762 3521 3831 έρη
3533 3762 3657 3831 μίαν
3686 3760 3844 3828 τέρα-

2264 3875 2346 3911 οιν
2393 3855 2515 3909 οὔτε
2562 3857 2847 3926 προσεῖχον
2887 3852 3010 3905 οῦτε
3049 3852 3348 3917 ἐπίστευον,
3389 3852 3501 3905 ἀλλ’
3542 3852 3616 3913 ὼς
3673 3852 3840 3921 ἐμϐε-

2262 3946 2636 4019 ϐροντημένοι,
2668 3945 2761 3996 καὶ
2800 3946 2935 4013 μήτε
2966 3942 3187 4013 ὄμματα
3224 3944 3356 4012 μήτε
3391 3926 3565 4012 ᾦυχὴν
3602 3940 3838 4010 ἔχοντες,

2260 4039 2367 4093 τῶν
2410 4038 2503 4092 τοῦ
2553 4036 2686 4090 Θεοῦ
2723 4036 3088 4107 κηρυγμάτων
3141 4035 3468 4105 παρήκουον·
3512 4032 3669 4086 τοῦτο
3714 4032 3836 4105 μὲν,

2263 4134 2350 4186 ὅτε
2390 4131 2498 4202 (66)
2531 4131 2669 4201 ὑπὲρ
2694 4128 2790 4198 τὴν
2817 4128 2965 4179 πόλιν
2996 4128 3193 4197 ἄστρον
3225 4126 3353 4195 ἔστη
3383 4125 3626 4196 ῥομφαία
3660 4141 3838 4196 παραυ

2261 4224 2506 4294 πλήσιον,
2538 4224 2631 4276 καὶ
2657 4222 2989 4293 παρατείνας
3029 4220 3115 4271 ἐπ’
3144 4219 3384 4272 ἐνιαυτὸν
3420 4219 3690 4290 κομήτης·
3711 4214 3839 4270 τοῦ-

2258 4334 2318 4370 το
2339 4317 2382 4369 δ’
2417 4316 2576 4387 ἡνίκα
2612 4316 2716 4385 πρὸ
2768 4314 2867 4384 τῆς
2907 4311 3256 4373 ἀποστάσεως
3301 4310 3393 4363 και)⁵
3433 4310 3526 4363 τοῦ
3570 4311 3703 4382 πρὸς
3742 4310 3838 4363 τὸν

2260 4406 2493 4475 πόλεμον
2517 4405 2833 4475 κινήματος,
2865 4399 3250 4474 ἀθροιζομένου
3290 4402 3383 4454 τοῦ
3416 4400 3546 4455 λαοῦ
3570 4401 3703 4473 πρὸς
3736 4399 3835 4472 τὴν

2258 4497 2367 4550 τῶν
2395 4496 2616 4567 ἀζύμων
2649 4496 2863 4567 ἑορτὴν,
2904 4494 3063 4567 ὀγδόῃ
3090 4493 3349 4546 Ξανθικοῦ
3381 4494 3546 4564 μηνὸς
3574 4493 3712 4546 κατά
3742 4511 3834 4547 νυ-

585 4588 759 4641 noctis
807 4604 947 4643 nona
974 4629 990 4653 ,
1032 4598 1181 4643 tanta
1218 4598 1438 4660 repente
1481 4589 1570 4644 lux
1618 4592 1761 4647 circa
1800 4592 1969 4647 altare
2015 4603 2151 4647 tem-

2271 4593 2385 4655 ιιτὸς
2438 4591 2661 4659 ὲννάτην
2710 4588 2877 4661 ὥραν,
2923 4588 3143 4641 τοσοῦτο
3202 4588 3315 4657 φῶς
3367 4586 3696 4656 περιέλαμψε
3740 4587 3833 4639 τὸν

583 4680 842 4749 piumque
898 4681 1228 4735 circumfusa
1290 4691 1413 4747 est,
1469 4692 1527 4736 ut
1588 4683 1675 4738 die
1720 4683 1831 4753 jam
1894 4685 2151 4738 clarissi-

587 4787 709 4824 IIIUS
753 4786 875 4826 esse
932 4772 1209 4826 videretur
1266 4791 1280 4827 :
1329 4787 1502 4843 eaque
1561 4774 1648 4829 lux
1718 4777 1864 4831 horze
1915 4778 2022 4848 83
2082 4779 2154 4832 ili-

586 4861 764 4914 midite
823 4860 998 4928 spatio
1024 4864 1339 4929 permansit.
1400 4865 1552 4930 Quod
1612 4866 1879 4934 imperitis
1932 4867 2151 4935 quidem

585 4950 786 5005 bonum
851 4965 1009 5005 omen
1064 4966 1185 5008 esse
1257 4954 1544 5011 videbatur
1615 4972 1629 5009 :
1697 4957 1789 5011 sed
1866 4971 2146 5013 sacrorum

651 5086 695 5117 “
727 5086 857 5141 an.
896 5103 1007 5142 xxi.

655 5226 909 5298 (65)Ταῗς
945 5230 1231 5296 ἱστορίαις
1250 5230 1570 5300 ἐπιλέγειν.
1597 5231 1729 5285 Male
1760 5230 2141 5300 Chrismphor-

579 5312 746 5351 sonus
774 5301 938 5352 vertit
966 5304 1018 5352 in
1046 5302 1143 5352 huc
1165 5301 1385 5353 historia
1416 5304 1669 5356 disserere
1693 5319 1796 5357 non
1823 5312 1896 5355 est
1930 5303 2143 5355 omnino

580 5383 803 5422 necesse.
844 5367 1061 5423 Rectius
1090 5370 1391 5434 Musonius,
1419 5388 1523 5425 non
1568 5388 1695 5438 opus
1733 5382 1805 5425 est
1835 5383 1887 5424 ut
1912 5371 2143 5423 historiis

579 5439 837 5492 addamus
891 5440 1113 5504 aliquid.
1153 5441 1419 5494 Historias
1462 5449 1619 5495 vocat
1668 5441 1932 5495 Eusebius
1981 5440 2146 5493 libros

579 5509 799 5581 Josephi
839 5507 915 5560 De
948 5511 1151 5562 excidio
1179 5512 1325 5563 urbis
1367 5510 1886 5581 Hierosolymitanw,
1919 5528 2024 5566 non
2055 5512 2145 5564 hi.

577 5578 996 5650 storiaiitsu_am,
1021 5588 1078 5650 ut
1111 5580 1319 5650 putavit
1350 5578 1898 5650 Christophorsonus.

649 5648 761 5719 (66)
792 5644 948 5717 Vulg.
974 5644 1148 5720 τοῦτο
1167 5649 1286 5718 μὲν
1307 5650 1419 5705 ὅτι.
1448 5644 1639 5705 Scribe
1663 5652 1774 5717 ὅτε,
1797 5663 1854 5705 ιιι
1887 5660 1970 5707 est
2001 5648 2139 5720 apud

574 5716 870 5785 Josepliutn
903 5716 954 5772 in
985 5716 1189 5791 lib.vn,
1214 5735 1335 5790 pag.
1357 5720 1482 5775 960.
1502 5716 1772 5775 Cmtcrum
1810 5716 2142 5791 Nicephorius

575 5792 791 5860 quidem
827 5799 1031 5847 astrum
1066 5789 1178 5866 hoc
1220 5789 1396 5862 gladio
1441 5792 1637 5863 simile,
1685 5804 1737 5850 et
1770 5789 2011 5851 cometen
2050 5792 2139 5860 qui

2264 4683 2443 4755 βωμὸν
2494 4682 2587 4734 καὶ
2628 4681 2719 4733 τὸν
2749 4680 2895 4744 ναὸν,
2950 4680 3024 4741 ὡς
3066 4678 3240 4731 δοκεῖν
3272 4678 3485 4748 ἡμέραν
3518 4674 3652 4730 εἶναι
3694 4677 3834 4746 λαμ-

2261 4774 2434 4847 πράν·
2470 4774 2563 4825 καὶ
2593 4771 2749 4824 τοῦτο
2782 4769 3097 4841 παρέτεινεν
3153 4770 3234 4837 ἐφ’
3276 4768 3524 4838 ἡμίσειαν
3552 4767 3717 4837 ὤραν.
3764 4771 3829 4818 ὐ

2257 4862 2367 4928 τοῖς
2399 4865 2495 4935 μὲν
2528 4863 2773 4933 ἀπείροις
2808 4860 3008 4929 ἀγαθὸν
3041 4860 3216 4912 ἐδόκει
3255 4858 3413 4921 εἶναι,
3455 4859 3566 4919 τοῖς
3591 4856 3645 4909 δὲ
3680 4860 3827 4927 ἱερο-

2258 4954 2640 5029 γραμματεῦσι
2679 4954 2788 5023 (67)
2848 4952 2952 5023 πρὸ
3010 4952 3115 5003 τῶν
3164 4950 3577 5021 ἀποϐεϐηκότων
3623 4948 3828 5012 εὐθέως

2252 5243 2347 5295 per
2381 5245 2579 5281 annum
2623 5229 2940 5281 continuum
2978 5228 3244 5297 apparuit,
3276 5246 3438 5282 unum
3465 5229 3714 5300 idemque
3751 5232 3827 5285 si-

2252 5304 2349 5353 dus
2380 5316 2501 5351 esse
2530 5300 2881 5360 existimavit,
2919 5315 3021 5351 non
3054 5310 3217 5361 recte,
3248 5311 3299 5350 ut
3330 5302 3541 5365 opinor.

2323 5369 2433 5440 (67)
2464 5369 2591 5434 Τοῖς
2619 5367 2687 5420 δὲ
2714 5369 3260 5440 ἱερογραμματεῦσι.
3291 5368 3438 5436 Legi:
3472 5370 3667 5435 perito:
3700 5383 3824 5425 ver-

2254 5440 2319 5494 tit
2351 5439 2598 5501 Rutinus,
2651 5454 2769 5509 non,
2810 5441 2967 5493 male.
3007 5439 3210 5492 Scriba:
3248 5442 3392 5493 enim
3437 5441 3575 5509 apud
3606 5440 3826 5495 Judaaos

2254 5513 2415 5563 iidem
2445 5518 2600 5562 erant
2650 5522 2714 5561 ac
2763 5508 2893 5578 legis
2938 5508 3095 5575 periti
3140 5523 3231 5563 seu
3274 5509 3406 5577 legis
3460 5508 3731 5570 doctores,
3764 5521 3819 5562 u'

2255 5589 2405 5633 recte
2435 5580 2637 5632 notavit
2662 5577 2915 5632 Petavius
2949 5579 2999 5630 in
3034 5578 3591 5634 animadversionibus
3621 5577 3683 5630 ad
3710 5579 3818 5631 hrc-

2255 5650 2416 5704 resim
2444 5664 2511 5702 xv
2540 5648 2852 5718 Epiphanii.‘
2873 5648 3074 5701 Horum
3105 5663 3299 5702 munus
3323 5660 3439 5703 erat
3468 5662 3651 5703 sacros
3687 5648 3823 5718 legis

2256 5718 2421 5774 libros
2451 5722 2746 5779 custodire.
2792 5720 3117 5786 eosdemque
3163 5718 3342 5787 regere
3385 5733 3571 5774 coram
3626 5717 3823 5785 popqu

2256 5792 2311 5844 in
2356 5788 2554 5860 templo
2609 5801 2663 5844 et
2704 5790 2757 5844 in
2801 5802 3089 5859 synagoga.
3156 5786 3308 5845 Unde
3368 5789 3422 5845 itt
3486 5790 3661 5857 capite
3726 5802 3825 5841 vnt
