4140 6430
517 371 628 437 ⁸2³59

1226 374 1496 431 EUSEBll
1536 374 2017 434 exesaaleusis
2057 375 2208 434 ope.
2249 374 2431 432 mas
2469 377 2509 432 ι.
2551 409 2622 420 -
2661 360 3082 436 ιιιδτοιιιοΑᾳ

3663 386 3770 441 240

524 494 725 551 bellum
781 500 928 549 esset
980 503 1256 557 exortum,
1311 495 1487 548 adlmc
1537 504 1728 562 pacata
1779 498 1999 551 civitate
2037 506 2090 551 et

2197 495 2343 566 φωνὴ
2376 497 2468 548 ἐπὶ
2529 496 2872 568 Ἰεροσόλυμα
2903 499 2996 552 καὶ
3029 497 3117 549 τὸν
3155 496 3296 561 ναὸν,
3328 499 3476 570 φωνὴ
3511 500 3600 552 ἐπὶ
3633 520 3769 570 νυμ-

523 604 706 643 reruin
741 585 982 640 omnium
1039 586 1209 654 copiis
1240 585 1578 650 abundante,
1622 601 1744 642 cum
1782 589 1848 644 ad
1897 587 2094 644 festum

534 679 678 732 diem
729 675 976 729 venisset
1025 690 1132 744 quo
1187 675 1536 730 tabernacula
1593 677 1645 732 in
1694 678 1952 733 honorem
2006 679 2096 734 Dei

521 767 677 839 juxta
710 767 966 836 templum
999 766 1159 836 deligi
1205 767 1272 820 ab
1303 767 1554 822 omnibus
1588 783 1706 824 mos
1744 781 1848 834 est,
1881 780 2098 839 repente

523 859 833 914 exclamare
861 859 1026 926 carpit
1055 875 1068 910 :
1121 857 1235 911 Vox
1268 859 1334 911 ab
1363 859 1603 922 oriente,
1633 875 1735 913 vox
1770 862 1837 915 ab
1873 876 2094 924 occasu,

522 967 626 1006 vox
668 966 697 1005 a
729 957 960 1019 quatuor
1003 951 1177 1004 ventis
1214 967 1226 1003 :
1277 965 1378 1003 vox
1426 950 1475 1004 in
1524 942 1895 1023 Hierosolyma
1949 963 2002 1006 et
2045 953 2096 1006 in

524 1040 802 1110 templum,
849 1053 951 1092 vox
1007 1040 1057 1092 in
1111 1054 1341 1109 sponsos
1393 1047 1449 1094 et
1493 1041 1544 1093 in
1595 1055 1847 1110 sponsas,
1902 1057 2001 1097 vox
2040 1043 2091 1096 in

523 1133 837 1187 universmn
891 1132 1172 1201 populum.
1211 1131 1379 1201 quue
1429 1143 1595 1188 noctu
1623 1145 1678 1188 et
1716 1134 1950 1190 interdiu
1987 1135 2097 1190 cla-

523 1224 727 1278 mitans
774 1237 964 1276 omnes
1009 1222 1248 1277 civitatis
1294 1223 1446 1278 vicos
1498 1225 1788 1281 circuibat.
1842 1222 2093 1280 Nonnulli

520 1331 650 1370 vero
679 1331 741 1370 ex
776 1316 1108 1386 primoribus
1156 1316 1340 1386 populi
1392 1316 1670 1372 diritatem
1707 1318 1906 1372 ominis
1952 1333 2097 1388 :egre

522 1406 786 1472 ferentes,
818 1408 1091 1463 hominem
1121 1409 1453 1479 corripiunt,
1505 1409 1804 1478 multisque
1855 1411 2096 1465 verberi-

518 1502 622 1556 bus
650 1501 913 1556 alliciunt.
945 1503 1013 1556 At
1044 1502 1135 1556 ille
1161 1517 1261 1558 nec
1295 1517 1393 1572 pro
1424 1516 1483 1557 se
1513 1503 1810 1574 quidquam
1863 1505 2093 1569 locutus,

521 1606 622 1645 nec
646 1606 738 1645 eos
769 1593 860 1661 qui
890 1593 1068 1662 ipsum
1097 1594 1485 1660 verberabant,
1533 1594 1785 1662 privatim
1832 1595 2094 1664 depreca-

521 1689 628 1746 tus,
656 1683 844 1737 eadem
877 1698 996 1752 qua:
1029 1683 1183 1752 prius
1214 1683 1379 1740 verba
1429 1683 1728 1740 inclamare
1779 1701 1884 1740 non
1922 1687 2094 1741 desti-

520 1773 606 1826 tit.
637 1772 872 1828 Proinde
925 1775 1281 1844 magistratus
1331 1773 1665 1843 Judreorum,
1700 1778 1827 1841 rati,
1865 1779 1916 1833 id
1950 1779 2092 1849 quod

2201 587 2357 656 φίους
2390 588 2483 640 καὶ
2509 586 2745 658 νύμφας,
2776 589 2926 658 φωνὴ
2961 588 3053 640 ἐπὶ
3095 587 3270 640 πάντα
3309 588 3397 641 τὸν
3421 589 3566 642 λαόν.
3603 591 3771 644 Τοῦτο

2201 678 2316 748 μεθ’
2367 679 2577 750 ἡμέραν
2629 679 2723 730 καὶ
2762 678 2976 748 νύκτωρ
3005 677 3145 730 κατὰ
3173 677 3379 741 πάντας
3411 679 3536 742 τους
3571 696 3772 734 στενω-

2200 771 2331 830 ποὺς
2373 768 2590 838 περιῄει
2636 766 2942 839 κεκραγώς.
2973 767 3092 820 Τῶν
3125 768 3168 819 δ’
3201 769 3481 839 ἐπισήμων
3503 770 3647 833 τινὲς
3672 769 3770 840 δη-

2203 861 2378 931 μοτῶν
2402 861 2874 930 ἀγανακτήσαντες
2913 860 3048 930 πρὸς
3082 859 3141 910 τὸ
3173 860 3510 931 κακόφημον,
3541 862 3634 914 καὶ
3675 862 3771 934 ὀρ-

2198 950 2472 1020 γισθέντες
2499 950 2605 1021 (75)
2637 951 3062 1021 συλλαμϐάνουσι
3089 951 3176 1003 τὸν
3211 951 3513 1021 ἄνθρωπον,
3544 953 3638 1006 καὶ
3665 953 3772 1006 δει-

2199 1046 2314 1106 ναῖς
2339 1043 2451 1112 ἆμα
2478 1043 2572 1095 καὶ
2608 1043 2827 1106 πολλαῖς
2865 1042 3162 1106 αἰκίζονται
3188 1042 3442 1112 πληγαῖς.
3485 1042 3546 1097 '0
3576 1045 3631 1096 δὲ
3658 1044 3769 1098 οἱθ⁹

2199 1133 2337 1204 ὑπὲρ
2369 1133 2560 1186 ἑαυτοῦ
2597 1133 2988 1203 φθεγξάμενος,
3016 1132 3139 1185 οὔτε
3176 1132 3281 1202 ἰδία
3315 1133 3452 1202 πρὸς
3491 1135 3614 1195 τοὺς
3645 1134 3772 1186 παί-

2197 1242 2357 1287 οντας
2399 1225 2533 1295 (74),
2576 1226 2640 1287 ἃς
2681 1226 2772 1278 καὶ
2811 1225 3073 1296 πρότερον
3120 1225 3302 1295 φωνὰς
3359 1225 3495 1294 βοῶν
3526 1225 3765 1281 διετέλει.

2197 1317 2532 1388 Νομίοαντες
2562 1317 2604 1368 δ’
2639 1318 2686 1369 οἱ
2714 1316 2970 1388 ἄρχοντες
2999 1317 3130 1387 (75),
3157 1318 3290 1388 ὅπερ
3311 1312 3397 1387 ἦν,
3423 1317 3769 1386 δαιμονιώτε-

2198 1427 2288 1481 ρον
2327 1405 2463 1462 εἷναι
2518 1410 2724 1480 κίνημα
2770 1409 3015 1480 τάνδρὸς,
3064 1410 3284 1478 ἄγουσιν
3332 1409 3490 1462 αὐτὸν
3537 1411 3626 1462 ἐπὶ
3679 1411 3770 1462 τὸν

2198 1499 2346 1569 παρᾶ
2391 1498 2680 1568 Ῥωμαίοις
2734 1497 2971 1569 ἔπαρχον
3009 1499 3144 1569 (76)·
3197 1497 3324 1551 ἔνθα
3355 1497 3570 1569 μάστιξι
3609 1500 3770 1571 μέχρι

2195 1590 2394 1644 ὀστέων
2426 1591 2771 1672 ῥαινόμενος,
2817 1589 2928 1643 οὗθ’
2986 1591 3261 1646 ἱκέτευσεν
3303 1591 3412 1645 οὔτ’
3453 1592 3769 1664 ἐδάκρυσεν,

2195 1682 2306 1736 ἀλλ’
2337 1683 2411 1746 ὡς
2437 1683 2561 1752 ὲνῆν
2593 1683 2825 1753 μάλιστα
2858 1683 2955 1755 τὴν
3003 1685 3184 1755 φωνὴν
3219 1684 3586 1755 ὀλοφυρτικῶς
3621 1703 3762 1757 παρ⁴

2194 1773 2473 1843 εγκλίνων,
2527 1773 2665 1844 πρὸς
2703 1772 2936 1842 ἑκάστην
2976 1773 3308 1844 ἀπεκρίνατο
3332 1773 3560 1846 πληγήν·
3587 1793 3604 1825 ‹
3626 1770 3691 1825 Αἵ
3715 1770 3774 1826 αἱ

518 1873 659 1929 erat,
695 1865 935 1918 divinum
968 1865 1258 1934 quemdam
1312 1881 1434 1920 esse
1487 1867 1720 1922 hominis
1753 1878 1960 1923 motum
2012 1880 2093 1923 at-

2208 1865 2618 1935 Ὶεροσολύμοις·
2657 1883 2674 1912 ι
2707 1863 2930 1933 ’Ἕτερον
2953 1863 3007 1916 δέ
3038 1881 3091 1916 τι
3124 1863 3314 1916 τούτου
3344 1862 3772 1935 παραδοξότερον

519 1971 625 2026 que
647 1956 906 2020 aﬂlatum,
940 1972 1064 2010 eum
1094 1959 1160 2011 ad
1203 1959 1487 2027 praesidem
1539 1957 1843 2014 Romanum
1899 1963 2094 2030 perdu-

519 2056 672 2102 cunt.
701 2048 854 2117 Apud
883 2047 994 2118 84
1022 2064 1186 2118 quem
1226 2049 1412 2119 ﬂagris
1443 2050 1511 2104 ad
1548 2052 1752 2106 ossium
1782 2068 1958 2123 usque
1992 2053 2092 2108 de-

522 2139 876 2193 nudationem
924 2139 1178 2202 laniatus,
1227 2154 1330 2196 nec
1398 2156 1607 2211 preces,
1673 2157 1771 2197 nec
1825 2143 2094 2214 lacrymas

523 2231 660 2285 ullas
693 2230 901 2286 effudit.
953 2231 1058 2286 Sed
1094 2241 1356 2301 quantum
1409 2235 1644 2289 maxime
1676 2244 1891 2304 poterat
1930 2237 2092 2290 ﬂebili

523 2339 588 2376 ac
619 2322 834 2390 lugubri
883 2324 1042 2377 modo
1071 2338 1259 2378 vocem
1294 2324 1594 2389 inﬁcetens,
1629 2326 1694 2380 ad
1727 2326 1938 2396 singula
1966 2343 2092 2382 ver-

519 2417 648 2472 bera
666 2414 948 2469 accinebat
973 2432 986 2467 :
1009 2415 1141 2482 νω,
1166 2431 1243 2468 ναι
1269 2415 1656 2488 Hierosolymis
1679 2418 1693 2471 !
1750 2419 1906 2474 Aliud
1928 2421 2091 2474 etiam

521 2507 715 2576 majori
775 2504 1136 2560 admiratione
1180 2506 1400 2576 dignum
1457 2510 1526 2563 ab
1578 2510 1771 2564 eodem
1825 2511 2090 2580 scriptore

526 2607 886 2654 memoratur.
927 2597 1217 2653 Oraculum
1268 2599 1474 2654 scilicet
1503 2602 1772 2669 quoddam
1813 2602 1865 2655 in
1917 2603 2092 2658 sacris

524 2689 680 2744 libris
718 2699 995 2758 repertum
1035 2688 1221 2754 fuisse,
1257 2705 1363 2758 quo
1394 2690 1809 2757 praedicebatur,
1839 2691 1946 2744 illis
1985 2691 2090 2744 cir-

521 2783 663 2835 citer
694 2780 1030 2850 temporibus
1060 2782 1346 2848 quemdam
1375 2796 1440 2834 ex
1472 2782 1710 2850 ipsorum
1750 2783 1948 2837 linibus
1973 2798 2094 2852 pro-

521 2871 726 2926 fectum
777 2871 924 2926 orbis
971 2881 1240 2924 terrarum
1295 2870 1520 2938 imperio
1565 2872 1886 2940 potiturum.
1932 2873 2088 2939 Quod

522 2963 614 3016 ille
642 2962 857 3032 quidem
886 2963 1120 3046 scriptqr
1161 2961 1212 3014 in
1249 2959 1585 3030 Vespasiano
1635 2965 1912 3032 expletum
1966 2981 2088 3020 esse

521 3057 876 3112 existimavit.
915 3058 1114 3113 Verum
1155 3059 1526 3129 Vespasianus
1571 3074 1675 3113 non
1730 3059 1896 3113 totius
1939 3060 2088 3115 orbis

2194 1963 2222 2013 ὁ
2255 1961 2414 2024 αὐτὸς
2461 1960 2663 2029 ἱστορεῖ
2690 1956 3058 2028 συγγραφεὺς,
3090 1955 3338 2026 χρησμόν
3375 1973 3494 2008 τινα
3547 1955 3770 2024 φάσκων

2195 2057 2251 2108 ὲν
2290 2054 2454 2125 ἱεροῖς
2495 2051 2815 2123 γράμμασιν
2849 2047 3110 2119 εὑρῆσθαι
3143 2045 3482 2117 περιέχοντα,
3514 2046 3588 2109 ὡς
3631 2045 3771 2100 κατὰ

2193 2146 2282 2198 τὸν
2316 2143 2504 2216 καιρὸν
2549 2143 2750 2194 ἐκεῖνον
2808 2139 2916 2192 ἀπὸ
2966 2137 3064 2206 τῆς
3114 2137 3296 2208 χώρας
3331 2137 3508 2190 αὐτῶν
3542 2137 3651 2207 (77)
3686 2153 3770 2199 τις

2197 2238 2348 2310 ἄρξει
2378 2236 2476 2308 τῆς
2513 2237 2854 2308 οἰκουμένηςο
2884 2234 2941 2286 ὃν
2987 2233 3146 2296 αὐτὸς
3184 2233 3282 2302 μὲν
3312 2231 3404 2283 ἐπὶ
3437 2231 3774 2283 Οὐεσπασια-

2197 2332 2282 2384 νὸν
2313 2328 2703 2399 πεπληρῶσθαι
2733 2326 3029 2396 ὲξείληφεν.
3075 2323 3321 2392 Ἀλλόὐχ
3349 2323 3566 2391 ἁπάσης
3596 2339 3659 2390 γε
3684 2317 3771 2375 οὗ·

2194 2441 2284 2487 τος
2367 2422 2530 2492 μόνης
2560 2417 2693 2492 ἦρξε
2738 2419 2836 2488 τῆς
2863 2417 2966 2470 ὑπὸ
2993 2415 3316 2486 Ῥωμαίους.
3354 2416 3693 2485 Δικαιότερον
3723 2415 3769 2467 δ’

2195 2514 2258 2567 ἂν
2279 2516 2369 2567 ἐπὶ
2391 2515 2482 2566 τὸν
2511 2512 2741 2584 Χριστὸν
2775 2509 3054 2579 ἀναχθείη,
3091 2508 3224 2578 πρὸς
3246 2506 3304 2559 ὃν
3337 2505 3519 2576 εἴρητο
3549 2506 3650 2558 ὑπὸ
3673 2504 3766 2558 τοῦ

2198 2606 2428 2676 Πατρός·
2469 2623 2486 2655 ‹
2527 2605 2758 2674 Αἷτησαι
2784 2603 2911 2674 παρ’
2939 2601 3096 2672 ἐμοῦ,
3127 2601 3220 2652 καὶ
3245 2597 3399 2651 δώσω
3425 2616 3502 2651 σοι
3529 2597 3654 2667 ἔθνη
3671 2599 3767 2668 τὴν

2196 2693 2556 2764 κληρονομίαν
2590 2708 2703 2753 σου,
2741 2691 2834 2742 καὶ
2857 2691 2953 2760 τὴν
2984 2688 3310 2758 κατάσχεσίν
3335 2705 3424 2740 σου
3457 2687 3523 2740 τὰ
3557 2688 3766 2758 πέρατα

2193 2785 2290 2854 τῆς
2313 2785 2464 2854 γῆς.»
2487 2779 2561 2836 Οῦ
2587 2783 2649 2853 δὴ
2680 2784 2800 2836 κατ’
2829 2783 2960 2835 αὐτὸ
2982 2782 3043 2853 δὴ
3078 2783 3256 2834 έκεῖνο
3286 2779 3380 2833 τοῦ
3421 2779 3610 2851 καιροῦ
3639 2799 3655 2830 ι
3684 2781 3765 2843 εἰς

2196 2877 2373 2927 πᾶσαν
2405 2875 2501 2944 τὴν
2524 2874 2624 2944 γῆν
2641 2872 2864 2942 ἐξῆλθεν
2895 2874 2922 2924 ὁ
2946 2871 3177 2940 φθόγγος
3206 2871 3314 2924 τῶν
3349 2869 3508 2941 ἱερῶν
3540 2869 3768 2922 ἀποστό-

2195 2965 2324 3028 λων,
2361 2966 2454 3016 καὶ
2489 2965 2566 3026 εἰς
2605 2962 2674 3016 τὰ
2707 2963 2917 3034 πέρατα
2951 2962 3050 3031 τῆς
3099 2958 3420 3029 οἰκουμένης
3451 2957 3520 3010 τὰ
3551 2959 3766 3028 ῥήματα

2196 3059 2399 3113 αὐτῶν.
2450 3078 2468 3110 ι

521 3161 812 3217 terrarum,
861 3153 953 3208 sed
991 3153 1294 3209 Romanum
1355 3154 1617 3207 duntaxat
1692 3153 2012 3220 imperium;
2046 3156 2303 3210 obtinuit.
2344 3155 2566 3210 Rectius
2622 3168 2756 3222 ergo
2800 3151 2852 3205 id
2902 3150 3173 3206 referatur
3212 3150 3278 3203 ad
3338 3146 3636 3209 Christum,
3679 3148 3769 3203 cui

521 3245 724 3299 dictum
778 3257 860 3300 est
909 3261 938 3300 a
993 3247 1193 3302 Patre:
1229 3267 1246 3300 ι
1281 3245 1496 3301 Postnla
1546 3262 1575 3300 a
1625 3261 1731 3309 me,
1782 3257 1836 3300 et
1887 3247 2026 3303 dabo
2059 3250 2153 3304 tibi
2200 3259 2387 3320 gentes
2447 3247 2818 3302 hazreditatem
2871 3253 3038 3306 tuam,
3087 3251 3140 3295 et
3186 3238 3581 3310 possessionem
3623 3245 3767 3290 tuam

517 3337 783 3390 terminos
831 3346 988 3392 terra:
1026 3339 1107 3407 δ’,
1147 3357 1166 3390 ι
1201 3347 1256 3392 et
1303 3355 1396 3408 per
1453 3339 1612 3408 cujus
1662 3339 1934 3410 apostolos
1972 3342 2120 3397 circa
2169 3342 2308 3398 idem
2367 3352 2578 3413 tempus
2607 3358 2624 3392 ι
2662 3339 2715 3393 in
2749 3351 2963 3394 onmem
3015 3344 3212 3389 terrain
3257 3333 3464 3388 exierat
3497 3345 3681 3396 sonus,
3714 3339 3771 3382 et

523 3429 590 3483 ad
621 3430 754 3484 ﬂues
791 3431 940 3486 orbis
983 3440 1244 3486 terrarum
1276 3433 1437 3486 verba
1474 3438 1925 3502 pervenerant”.
1966 3457 1984 3490 ι

1127 3522 1356 3578 CAPUT
1404 3524 1496 3578 IX.

598 3609 677 3667 De
710 3612 942 3685 Jorepho
977 3623 1028 3668 cl
1059 3614 1121 3669 de
1168 3616 1316 3669 libris
1363 3632 1490 3686 quos
1519 3617 1740 3686 scriptos
1790 3617 2020 3687 reliquit.

596 3766 766 3823 Porro
815 3769 898 3824 his
941 3769 1100 3824 rebus
1151 3769 1366 3824 tandem
1417 3769 1482 3823 ad
1527 3771 1732 3826 exitum
1786 3770 2090 3839 perductis,

524 3859 721 3912 rationi
753 3869 1178 3915 consentaneum
1211 3861 1428 3916 videtur
1469 3861 1534 3915 de
1564 3859 1803 3930 Josepho
1837 3862 1954 3930 ipso
2000 3863 2089 3929 qni

523 3950 763 4005 historiae
792 3965 951 4020 quam
993 3966 1103 4021 prae
1151 3953 1402 4006 manibus
1432 3953 1699 4007 habemus
1753 3961 1960 4006 tantum
1995 3953 2091 4005 ad-

514 4041 818 4113 iumentum
871 4043 1118 4108 contulit,
1173 4044 1294 4114 quis
1343 4055 1397 4099 et
1449 4044 1610 4106 unde,
1660 4060 1838 4113 quove
1885 4058 2086 4113 genere

521 4142 816 4205 prognatus
843 4134 1026 4197 fuerit,
1063 4150 1358 4204 exponere.
1395 4134 1450 4188 ld
1491 4151 1617 4190 vero
1647 4137 1812 4191 etiam
1843 4135 1958 4204 ipse
1999 4136 2091 4188 de-

518 4221 689 4277 clarat
717 4223 782 4276 de
817 4238 876 4277 se
907 4222 1141 4292 loquens
1171 4224 1257 4278 his
1289 4225 1470 4278 verbis
1497 4242 1509 4278 :
1558 4243 1576 4278 ι
1621 4223 1914 4292 Josephus,
1964 4225 2093 4278 Mat-

523 4311 706 4366 tathize
744 4312 905 4377 lilius,
931 4313 1149 4368 natione
1180 4314 1457 4380 Hebraeus,
1487 4316 1650 4368 domo
1699 4315 2090 4386 Hierosolymi-

529 4412 704 4470 lanus,
735 4419 802 4459 ex
828 4421 1056 4461 numero
1082 4407 1448 4474 sacerdotum,
1493 4407 1586 4476 qui
1630 4415 1685 4462 et
1719 4407 1875 4461 initio
1903 4409 2093 4462 adver-

592 4499 637 4531 ³²
673 4498 817 4554 Psal.
853 4515 914 4556 tt.
991 4501 1037 4534 ³³
1068 4500 1212 4554 Psal.
1239 4517 1398 4555 xvm.

2736 3521 3128 3576 ΚΕΦΛΛΑΙΟΝ
3157 3523 3232 3575 6'.

2202 3614 2340 3683 Περὶ
2392 3613 2704 3680 Ἰωσήπου,
2736 3617 2832 3666 καὶ
2857 3606 2944 3665 ὦν
2977 3612 3256 3665 κατέλιπε
3303 3609 3775 3681 συγγραμμάτων

2704 3684 2844 3752 (Nic.
2876 3683 2947 3738 ιι.
2983 3683 3046 3736 E.
3072 3697 3132 3748 ιι,
3167 3684 3276 3750 l8).

2280 3777 2403 3830 Ἐπὶ
2433 3774 2643 3839 τούτοις
2681 3775 2867 3838 πᾶσιν,
2907 3773 3056 3840 ἄξιον
3106 3773 3225 3844 μηδ’
3259 3772 3416 3825 αὐτὸν
3447 3770 3539 3823 τὸν
3586 3768 3772 3840 Ἰώση-

2199 3886 2316 3930 πον,
2342 3868 2575 3921 τοσαῦτα
2600 3871 2664 3938 τῇ
2703 3869 2838 3938 μετά
2853 3869 3040 3938 χεῖρας
3062 3865 3336 3936 συμϐεόλη
3346 3864 3504 3934 μένον
3543 3861 3772 3933 ἱστορίᾳ,

2195 3960 2388 4014 ὁπόθεν
2413 3977 2473 4013 τε
2498 3960 2591 4012 καὶ
2616 3960 2707 4028 ἀφ’
2731 3959 2842 4012 οἴου
2867 3958 3058 4026 γένους
3087 3956 3330 4027 ὡρμᾶτο,
3356 3957 3587 4024 ἀγνοεῖν.
3611 3953 3774 4022 Δηλοῖ

2190 4052 2246 4104 δὲ
2304 4049 2461 4103 πάλιν
2521 4048 2681 4111 αὐτὸς
2715 4046 2998 4100 καὶτοῦτο
3040 4046 3213 4114 λέγων
3261 4038 3383 4098 ὦδε·
3423 4063 3441 4096 ‹
3507 4041 3774 4112 Ἰώσηπος

2191 4140 2501 4196 Ματταθίου
2531 4144 2657 4204 παῖς
2683 4139 2813 4209 (78),
2847 4139 2904 4204 ἐξ
2947 4136 3331 4209 Ἱεροσολύμων
3371 4135 3570 4208 ἱερεὺς,
3610 4133 3775 4198 αὑτός

2191 4248 2250 4283 τε
2290 4231 2593 4302 Ῥωμαίους
2629 4230 2943 4300 πολεμήσας
2976 4228 3259 4298 ταπρῶτα,
3290 4229 3384 4280 καὶ
3416 4230 3524 4289 τοῖς
3545 4225 3773 4295 ὕστερον

2199 4319 2524 4391 παρατυχὼν
2552 4319 2609 4384 ἐξ
2635 4319 2898 4390 ἀνάγκης.
2942 4340 2960 4370 ι
2987 4319 3236 4372 Μάλιστα
3265 4318 3320 4370 δὲ
3353 4317 3462 4370 τῶν
3483 4319 3601 4370 κατ’
3628 4318 3774 4370 inre-'-

2200 4427 2257 4463 νο
2289 4411 2478 4482 καιροῦ
2514 4411 2782 4464 Ἰουδαίων
2805 4410 2864 4463 οὐ
2901 4410 3051 4482 παρὰ
3087 4411 3269 4480 μόνοις
3293 4411 3404 4471 τοῖς
3437 4407 3769 4480 ὁμοεθνέσιν,

592 4595 704 4665 (75)
740 4595 848 4665 Καὶ
882 4595 1276 4664 ὀργισθέντες.
1311 4595 1468 4649 Prior
1502 4611 1604 4648 vox
1651 4595 1802 4649 deest
1829 4597 1880 4650 in
1913 4597 2093 4649 codice

2202 4594 2353 4649 cibus
2382 4591 2581 4665 nostris
2616 4590 2778 4657 Maz.,
2812 4591 3046 4665 M_ed._et
3074 4588 3209 4665 Fuk.
3242 4587 3329 4665 h_’c
3359 4587 3508 4641 locus
3533 4585 3772 4665 ita_legi-

486 4662 490 4672 ’
522 4662 712 4733 Regio.
730 4662 993 4734 Josephus
1024 4682 1121 4721 nec
1152 4670 1385 4734 priorem
1416 4680 1513 4720 nec
1541 4668 1892 4734 posteriorem
1933 4681 2097 4734 agno-

522 4735 658 4799 scit;
693 4736 778 4787 cui
813 4739 1080 4790 consentit
1112 4738 1280 4792 codex
1312 4734 1446 4790 Maz.
1477 4746 1531 4789 et
1576 4734 1708 4788 Fuk.
1739 4736 1794 4789 lu
1830 4736 1964 4789 Med.
2003 4737 2097 4789 ad-

523 4806 720 4858 duntur
739 4805 809 4874 ad
841 4807 1156 4874 marginem.
1467 4863 1470 4866 ,

483 4881 486 4890 “
595 4875 706 4943 (74)
738 4873 896 4943 Vulg.
930 4873 1080 4943 πλοὸς
1118 4876 1260 4942 τοὺς
1291 4877 1613 4944 παρόντας.
1645 4875 1999 4928 Scrihendum
2019 4883 2102 4929 est

525 4945 803 5007 παίοντας,
839 4957 896 4998 ut
919 4947 1114 5014 legitur
1141 4948 1278 5014 apud
1306 4945 1630 5014 Josephum;
1655 4961 1960 5015 quanquam
1988 4945 2097 4998 Ru-

527 5016 668 5068 tinus
696 5017 962 5083 vulgatam
995 5019 1278 5070 lectionem
1312 5025 1534 5070 secutus
1565 5027 1667 5070 est.

598 5084 708 5155 (75)
745 5088 808 5138 υἱ
851 5084 1159 5154 ἄρχοντες.
1200 5087 1252 5140 Id
1293 5096 1373 5140 est
1414 5087 1762 5155 magistratus
1804 5084 2101 5155 leutpli,et

487 5159 492 5168 '
523 5154 804 5224 pontiﬁces
825 5167 892 5222 et:
912 5157 1123 5211 scribae.
1152 5157 1214 5210 lli
1241 5158 1383 5210 enim
1423 5154 1579 5210 erant
1617 5158 1964 5225 magistratus
2005 5154 2099 5209 Ju-

484 5227 486 5229 ’
524 5226 784 5286 datorum,
817 5241 981 5292 penes
1021 5242 1156 5296 quos
1199 5235 1315 5281 erat
1342 5226 1674 5294 iurisdictio.

592 5296 704 5364 (76)
743 5295 1060 5364 Ἔπαρχον.
1095 5297 1564 5362 Rulinusjudicem
1587 5296 1764 5360 vertit,
1797 5305 1960 5351 recte.
1985 5295 2098 5349 Cm-

528 5366 625 5419 teri
657 5366 983 5433 interpretes
1009 5371 1309 5435 pra’feclum
1339 5367 1788 5434 interpretantur,
1821 5366 1968 5435 gravi
2007 5381 2095 5418 er-

527 5450 671 5488 rore.
705 5435 751 5488 ls
798 5447 914 5489 erat
948 5434 1173 5490 Albinus
1210 5451 1406 5502 prmscs
1449 5446 1501 5488 et
1530 5447 1844 5504 procurator
1873 5434 2091 5488 Judmm.

485 5504 692 5558 ’Recle
740 5507 902 5575 igitur
945 5505 1214 5559 Mttsculus
1257 5506 1531 5574 prwsidem
1586 5505 1879 5558 Iiomauum
1929 5505 2094 5558 inter-

525 5583 765 5639 pretatus
790 5584 890 5629 est.
915 5575 1064 5640 Quod
1096 5575 1300 5630 idcirco
1336 5577 1656 5628 iuononilnm
1683 5575 2010 5636 existimavi,
2037 5584 2092 5626 ut

528 5647 694 5697 lector
725 5655 982 5714 agnosCat
1029 5644 1325 5698 Musonium
1385 5645 1651 5714 plerisque
1690 5644 1741 5697 in
1787 5646 1923 5698 locis
1973 5645 2091 5698 l'eli-

527 5716 640 5766 cius
673 5718 893 5768 vertisse
924 5732 1079 5780 quam
1117 5717 1682 5780 (Ihristophorsonum.

484 5797 506 5862 ἰ
594 5783 706 5853 ι”’7)
751 5784 846 5850 Ὠς
887 5784 1001 5838 ἀπὸ
1049 5785 1158 5854 τῆς
1198 5784 1388 5853 κόψας
1425 5783 1620 5838 αὐτῶν
1659 5801 1764 5850 τις.
1807 5783 1861 5838 lu
1900 5783 2096 5840 codici-

2204 4675 2287 4716 tur
2337 4678 2401 4718 ac
2433 4655 2776 4730 distinguitur
2803 4678 2815 4712 :
2841 4662 2914 4724 ὡς
2955 4660 3062 4713 ἀπὸ
3090 4659 3186 4728 τῆς
3212 4658 3408 4730 ,χώρας
3448 4673 3533 4719 τις
3569 4655 3768 4730 αῦτῶν.

2199 4733 2350 4805 ἄρξει
2381 4733 2477 4803 τῆς
2510 4724 2854 4805 οἰκουμένης.
2890 4732 3072 4805 ⁸Αυμιεξ
3107 4724 3176 4783 ita
3211 4724 3404 4797 legitur
3448 4728 3587 4805 apud
3615 4724 3773 4805 δοξε-

2199 4795 2364 4873 phum
2406 4795 2528 4872 pag.
2561 4795 2686 4873 96f.
2725 4795 3058 4873 Nicephorits
3081 4795 3292 4873 quoque
3338 4795 3773 4873 ea_mdem_tr_aje-

2201 4864 2433 4928 etiOIiem
2476 4864 2718 4934 retinuit,
2745 4864 2991 4938 quamvis
3034 4864 3251 4934 Josephi
3295 4867 3456 4938 verba
3490 4864 3767 4938 paululum

2200 4943 2528 4996 immutavit.
2565 4933 2730 4993 Porro
2756 4933 2808 4994 in
2835 4941 3019 4993 codice
3050 4933 3218 5004 Regio
3251 4951 3313 4990 ac
3336 4936 3472 4988 Μαι.
3503 4933 3586 4996 τίς
3621 4935 3771 4986 acui-

2201 5023 2304 5067 tur.
2352 5012 2534 5080 Neque
2568 5011 2702 5064 idin
2743 5012 2842 5063 hoe
2901 5009 3073 5061 solum
3130 5008 3278 5080 loco,
3305 5009 3398 5060 sed
3450 5004 3769 5080 semper_iu

2202 5084 2388 5136 iisdem
2430 5073 2576 5135 libris
2611 5080 2682 5132 ita
2719 5081 2834 5133 lieri
2875 5078 3178 5141 observavi,
3210 5077 3335 5130 licet
3381 5075 3524 5130 nulla
3565 5073 3635 5129 Sit
3684 5073 3770 5126 in-

2207 5152 2518 5207 terroaatio.

2270 5211 2382 5289 (78)
2414 5220 2749 5274 Ματταθίου
2788 5219 2948 5289 παῖς.
2992 5217 3050 5289 lu
3105 5213 3518 5289 codiceuﬂegjo
3570 5211 3770 5289 legitur

2198 5284 2460 5345 Ματθίου.
2484 5291 2546 5343 Et
2575 5292 2670 5343 ista
2704 5291 2838 5356 apud
2865 5287 3154 5354 Josephum
3193 5288 3243 5339 in
3285 5287 3420 5338 libro
3445 5284 3519 5356 De
3545 5285 3646 5356 vita
3667 5298 3769 5356 sua

2201 5371 2252 5415 et
2301 5363 2352 5414 in
2393 5361 2654 5430 prommio
2689 5352 3060 5430 Historiarum
3077 5357 3196 5410 belli
3221 5356 3452 5430 {adnieh
3483 5354 3635 5430 Apud
3665 5352 3768 5430 St)-

2199 5421 2481 5499 phrouium
2515 5428 2808 5499 quoqnein
2857 5427 2993 5499 libro
3013 5425 3494 5499 _DeAs_criptoribus_
3523 5421 3771 5499 ecclesia-

2197 5491 2341 5554 SIicis
2371 5491 2931 5566 εισι-ίί)ὶίιιι·”⁹1ὠσηπος
2977 5491 3402 5566 Ματθίουίυίός.
3454 5492 3564 5566 Nec
3612 5491 3770 5543 aliter

2198 5580 2351 5623 vocat
2399 5569 2731 5621 Sozomenus
2784 5564 2941 5619 initio
2981 5566 3099 5618 libri
3154 5565 3334 5632 primi.
3366 5564 3594 5618 Ruﬁnus
3634 5574 3770 5629 quo-

2198 5655 2302 5706 (ιω
2332 5639 2606 5692 Matthiam
2641 5645 2796 5706 vocat
2837 5645 3047 5706 patrem
3095 5633 3652 5706 Josepliizloseph‘us,
3684 5633 3767 5706 in—

2197 5700 2335 5779 quit,
2391 5707 2631 5761 Matt/tia:
2654 5700 2914 5779 filium—ea“
2961 5700 3344 5779 Hierosolymis
3385 5700 3657 5779 sacerdos.
3690 5700 3763 5753 lla

2199 5771 2454 5836 scribitur
2480 5780 2534 5835 in
2560 5771 2760 5846 optimo
2789 5775 2978 5832 codice
3017 5771 3340 5831 Parisiensis
3385 5771 3657 5828 Ecclesia}.
