4140 6430
367 373 472 430 2“

1367 375 1711 432 HISTORle
1754 375 2306 434 ECCLESIASTICzE
2349 375 2474 430 LIB.
2515 373 2601 428 111.

3518 364 3628 419 223

367 491 510 546 ἀλλὰ
530 494 622 546 καὶ
653 495 803 564 παρὰ
840 494 1127 565 Ῥωμαίοις
1151 493 1372 561 γέγονεν
1400 498 1537 566 ἀνὴρ
1554 487 1944 559 ὲπιδοξὸιξατος,

2062 510 2155 550 sus
2205 493 2480 547 Romanos
2514 487 2770 559 pugnavi,
2805 495 2859 541 et
2894 484 3056 539 rebus
3099 483 3306 552 postca‘
3330 486 3493 552 gestis
3527 504 3624 540 nt-

364 586 452 651 ὡς
477 588 636 641 αὑτὸν
667 589 762 659 μὲν
795 588 1046 640 ἀναθέσει
1069 588 1382 659 ἀνδριάντος
1410 588 1502 640 ἐπὶ
1533 589 1633 658 τῆς
1684 591 1952 660 Ρωμαίων

363 679 664 750 τιμηθῆναι
699 679 927 742 πόλεως,
965 682 1093 742 τοὺς
1119 679 1175 732 δὲ
1203 679 1640 744 σπουδασθέντας
1683 681 1830 754 αὐτῷ
1864 681 1951 734 λό-

366 791 499 841 γους
557 772 904 843 βιϐλιοθήκης
950 772 1264 842 ἀξιωθῆναι.
1319 768 1483 836 Οὗτος
1537 773 1599 844 δὴ
1645 776 1822 826 πᾶσαν
1853 775 1951 847 τὴν

379 861 714 928 Ἰουδαῒκὴν
768 864 1209 934 Ἀρχίιιολογίαν
1242 865 1298 916 ὲν
1326 864 1465 926 ὅλοις
1513 864 1684 917 εἴκοσι
1723 866 1954 919 καταϐέ-

368 954 561 1026 ϐληται
591 954 1006 1026 συγγράμμασι,
1035 956 1132 1028 τὴν
1156 957 1202 1009 δ’
1248 956 1546 1024 Ἱστορίαν
1582 956 1686 1010 τοῦ
1711 958 1829 1010 κατ’
1858 959 1952 1010 αὐ-

365 1045 458 1098 τὸν
503 1044 835 1100 Ἰουδαϊκοῦ
886 1045 1153 1115 πολέμου
1201 1049 1256 1100 ἐν
1304 1046 1444 1100 ἑπτὰ
1491 1047 1624 1117 (79),
1667 1047 1703 1103 ἃ.
1759 1051 1851 1102 καὶ
1891 1052 1948 1102 οὐ

370 1139 533 1209 μόνον
574 1142 642 1209 τῇ
700 1138 986 1205 Ἑλλήνων,
1045 1138 1181 1192 ἀλλὰ
1225 1141 1320 1194 καὶ
1352 1144 1416 1212 τῇ
1435 1125 1648 1213 πατρίῳ
1684 1145 1831 1213 φωνῇ
1856 1161 1954 1196 πα·

370 1228 622 1299 ραδοῦναι
659 1229 822 1295 αὐτὸς
860 1228 1034 1300 ἐαυτῷ
1064 1233 1349 1303 μαρτυρεῖ,
1377 1230 1526 1295 ἄξιός
1558 1249 1621 1300 γε
1648 1230 1723 1285 ὢν
1747 1232 1833 1285 διὰ
1883 1232 1952 1286 τὰ

364 1319 532 1372 λοιπὰ
583 1317 953 1373 πιστεύεσθαι.
1011 1320 1121 1372 Καὶ
1178 1321 1339 1390 ἕτερα
1391 1321 1446 1372 δὲ
1506 1319 1667 1373 αὐτοῦ
1729 1320 1950 1390 φέρεται

366 1409 605 1478 σπουδῆς
639 1407 762 1473 ἄξια
791 1409 905 1470 δύο,
931 1407 999 1460 τὰ
1043 1407 1183 1475 Περὶ
1225 1407 1336 1474 τῆς
1386 1406 1688 1461 Ἰουδαίων
1715 1406 1951 1474 ἀρχαιοτ-

362 1516 566 1566 τητος,
613 1499 670 1550 ὲν
715 1493 796 1560 οἷς
846 1496 938 1550 καὶ
983 1497 1332 1568 ἀντιρρήσεις
1381 1495 1516 1568 πρὸς
1580 1495 1818 1548 Ἀπίωνα
1859 1494 1950 1547 τὸν

363 1587 752 1658 γραμματικὸν
803 1587 945 1641 κατᾶ
1005 1585 1271 1639 Ἰουδαίων
1322 1584 1576 1655 τηνικάδε
1619 1583 1950 1649 συντάξαντα

363 1679 524 1747 λόγον
557 1679 668 1749 (80)
690 1678 1000 1749 πεποίηται,
1036 1677 1130 1730 καὶ
1164 1675 1302 1747 πρὸς
1335 1674 1547 1740 ἄλλους,
1577 1676 1625 1728 οἳ
1648 1673 1948 1728 διαϐάλλειν

366 1770 463 1822 καὶ
483 1768 634 1821 αὐτοὶ
657 1768 724 1821 τὰ
759 1767 963 1840 πάτρια
991 1767 1103 1838 (8|)
1132 1765 1225 1819 τοῦ
1275 1767 1542 1820 Ἰουδαίων
1587 1765 1772 1829 ἔθνους
1797 1767 1945 1818 ἐπει-

2058 586 2314 641 cessitate
2344 591 2566 638 coaetus
2599 578 2845 635 interfui.
2884 596 2902 630 ι
2940 575 3040 634 Hic
3068 575 3173 640 vir,
3201 578 3439 631 omnium
3491 588 3621 634 tunc

2057 675 2317 746 temporis
2341 671 2649 728 Judaeorum
2682 667 3160 741 praestantissimus
3192 667 3310 732 fuit,
3337 683 3441 723 non
3463 670 3620 725 modo

2055 762 2399 837 popularium
2447 777 2694 823 suorum,
2735 759 2828 813 sed
2863 759 3025 812 etiam
3062 756 3426 812 Romanorum
3475 759 3622 829 judi-

2055 859 2141 914 cio
2175 875 2189 912 :
2221 858 2356 911 adeo
2385 864 2444 909 nt
2477 856 2590 926 ipse
2623 854 2836 922 quidem
2871 853 2925 906 in
2958 852 3092 906 urbe
3134 850 3302 904 Roma
3333 860 3512 906 statua
3534 854 3624 907 do-

2056 959 2214 1004 natus
2247 949 2340 1011 sit,
2375 947 2498 1002 libri
2530 961 2660 1000 vero
2694 946 2759 999 ab
2791 959 2854 999 eo
2885 944 3179 1010 conscripti
3215 945 3265 997 in
3297 943 3624 999 bibliotheca

2056 1039 2268 1110 publica
2300 1039 2501 1094 fuerint
2533 1037 2805 1092 collocati.
2836 1035 3067 1102 Scripsit
3095 1045 3271 1088 autem
3317 1035 3623 1105 Antiquita-

2055 1145 2128 1188 tes
2157 1132 2371 1202 quidem
2401 1129 2662 1183 Judaicas
2695 1129 2886 1196 viginti
2914 1127 3067 1182 libris
3101 1144 3116 1192 ;
3150 1126 3446 1180 Ilistoriam
3495 1141 3624 1180 vero

2056 1223 2173 1277 belli
2203 1221 2443 1288 Iudaici,
2500 1221 2643 1290 quod
2683 1234 2711 1272 a
2746 1218 3011 1272 Romanis
3057 1234 3151 1271 sua
3204 1228 3367 1272 mtate
3412 1224 3625 1286 gestum

2054 1323 2160 1379 est,
2193 1321 2398 1378 septem
2441 1309 2814 1364 voluminibus
2849 1309 3166 1379 complexus
3195 1319 3298 1372 est,
3333 1323 3492 1376 quam
3517 1323 3624 1363 non

2053 1405 2228 1460 solum
2263 1403 2474 1469 Grzeco,
2501 1403 2594 1456 sed
2627 1402 2788 1456 etiam
2825 1403 3006 1470 patrio
3043 1416 3293 1454 sermone
3323 1401 3391 1454 ab
3421 1416 3478 1454 se
3509 1400 3636 1454 e.di-.

2056 1506 2162 1550 tam
2195 1510 2315 1550 esse
2341 1503 2576 1549 testatur
2608 1493 2858 1564 :j'dignns
2903 1493 3128 1546 omnino
3158 1493 3242 1545 cui
3283 1504 3336 1545 et
3369 1492 3456 1546 hic
3489 1490 3648 1546 etin.

2053 1585 2268 1641 caneris
2300 1585 2435 1640 tides
2469 1584 2753 1638 habeatur.
2785 1583 3008 1637 Exstant
3046 1582 3208 1636 etiam
3249 1582 3354 1636 duo
3381 1581 3650 1652 ejusdem.

2053 1678 2174 1732 libri
2219 1677 2295 1730 De
2337 1674 2646 1730 Jmltrorum
2678 1684 2928 1730 vetustate
2958 1676 3098 1729 lectu
3132 1674 3242 1745 85
3295 1673 3648 1744 dignissimi-

2053 1768 2108 1823 In
2145 1769 2341 1838 quibus
2375 1777 2427 1823 et
2458 1767 2654 1837 Apioni
2683 1766 3040 1837 grammatico
3070 1767 3365 1836 respondet
3403 1767 3492 1834 qui
3535 1765 3623 1819 illa

369 1859 633 1930 ράθησαν.
672 1859 891 1912 Τούτων
935 1861 992 1912 ὲν
1040 1857 1118 1928 τῷ
1166 1857 1418 1928 προτέρῳ
1445 1857 1535 1910 τὸν
1569 1855 1798 1927 ἀριθμὸν
1848 1855 1944 1926 τῆς

2051 1869 2210 1913 atate
2242 1857 2492 1912 volumen
2547 1857 2812 1910 adversus
2861 1853 3073 1910 Judaens
3115 1863 3514 1924 composuerat,
3573 1861 3631 1907 et

365 1949 665 2019 λεγομένης
699 1949 938 2011 Παλαιᾱὶς
970 1945 1078 2000 τῶν
1115 1947 1447 2018 ὲνδιαθήκων
1475 1946 1706 2018 Γραφῶν
1743 1945 1942 2017 τίθησι,

366 2043 487 2093 τίνα
520 2041 648 2112 παρ’
695 2040 964 2112 Ἑϐραίοις
992 2039 1380 2111 ἁναντίῤῥητα,
1420 2039 1494 2102 ὡς
1523 2038 1591 2092 ἂν
1620 2038 1681 2103 ἐξ
1714 2039 1948 2110 ἀρχαίας

368 2131 742 2202 παραδόσεως,
770 2131 951 2194 αὐτοῖς
974 2131 1181 2200 ῥήμασι
1213 2129 1300 2182 διὰ
1325 2129 1529 2182 τούτων
1556 2128 1839 2186 διδάσκων.

2055 1951 2178 2005 aliis
2207 1948 2480 2004 nonnullis
2511 1947 2603 2017 qui
2651 1944 2958 2000 Judaeorum
2995 1946 3235 2015 origines
3269 1946 3494 2014 perinde
3530 1960 3626 1999 ca-

2055 2041 2306 2095 lumniari
2334 2047 2698 2094 tentaverant.
2732 2035 2790 2093 lu
2818 2039 3002 2108 priore
3033 2047 3212 2093 autem
3238 2032 3432 2093 li'ornm
3465 2039 3632 2093 lihro-
3659 2083 3667 2087 .

2055 2148 2200 2197 rum,
2227 2145 2513 2185 numerum
2544 2145 2828 2185 sacrorum
2862 2129 3194 2182 voluminum
3223 2128 3421 2196 quibus
3465 2127 3630 2182 Vetus

365 2225 773 2282 TeStamentum
807 2235 1043 2295 constat,
1072 2241 1318 2295 quaenam
1356 2227 1468 2280 sint
1499 2227 1638 2297 apud
1682 2225 1936 2285 Hebraeos
1961 2238 2118 2284 extra
2160 2242 2380 2284 omnem
2447 2225 2873 2291 controversiam
2933 2226 3130 2295 posita,
3178 2232 3362 2292 utpote
3427 2239 3453 2274 a
3515 2239 3630 2274 ma-

357 2319 574 2386 joribus
600 2319 824 2384 tradita,
852 2318 1095 2374 declarat
1119 2318 1207 2372 his
1237 2317 1444 2373 verbis.

922 2410 1320 2463 ΚΕΦΑΛΑΙΟΝ
1341 2412 1395 2463 I'.

368 2505 563 2569 Ὅπως
593 2501 714 2556 τῶν
741 2502 913 2558 θείωι⁸
953 2521 1075 2571 μνη
1123 2503 1314 2556 oratiu
1357 2503 1612 2566 ,ϐιϐλίων
1657 2503 1952 2573 Ἰώσηπος

765 2573 768 2576 ⁴
863 2572 1000 2625 (Nic.
1041 2521 1117 2625 ιίί
1145 2571 1210 2625 Ε.
1251 2589 1335 2625 ιιι.
1371 2573 1446 2625 9).

863 2572 1000 2643 (Nic.
1041 2571 1113 2628 Η.
1145 2571 1210 2626 Ε.
1251 2589 1335 2637 ιιι,
1371 2573 1446 2642 9).

444 2687 460 2716 ι
501 2667 576 2719 Οὑ
628 2665 882 2738 μυριάδες
918 2661 1012 2718 οὖν
1057 2667 1162 2719 εἱσι
1202 2665 1418 2735 βιϐλίων
1454 2669 1582 2737 παρ’
1617 2667 1748 2737 ἡμῖν
1771 2668 1949 2738 ἀσυμ-

365 2752 560 2821 φώνων
605 2755 699 2805 καὶ
735 2752 1076 2824 μαχομένων,
1123 2753 1216 2807 δύο
1239 2754 1296 2808 δὲ
1335 2755 1473 2825 μόνα
1507 2756 1643 2826 πρὸς
1670 2759 1780 2820 τοῖς
1800 2757 1946 2809 εἴκοςι

363 2861 419 2896 σι
451 2843 561 2914 (89.)
616 2844 814 2914 βιϐλία,
867 2845 961 2898 τοῦ
996 2845 1198 2909 παντὸς
1240 2845 1432 2916 ἔχοντα
1473 2847 1664 2919 χρόνου
1691 2847 1788 2919 τὴν
1822 2849 1952 2902 ἀνα-

361 2935 603 3007 γραφὴν,
634 2936 704 2988 τά
728 2937 952 3000 δικαίως
983 2936 1100 2990 θεῖα
1133 2937 1563 3008 πεπιστευμένα.
1597 2940 1708 2994 Καὶ
1743 2939 1948 2994 τούτων

364 3030 531 3082 πέντε
569 3029 666 3099 μέν
705 3030 821 3081 ἐστι
851 3029 921 3083 τὰ
956 3030 1258 3095 Μωῦσέως,
1310 3029 1346 3083 ἃ
1386 3030 1513 3094 τούς
1541 3049 1601 3084 τε
1631 3032 1828 3104 νόμους
1855 3051 1951 3087 πε-

365 3121 536 3193 ριέχει
570 3122 664 3174 καὶ
702 3121 798 3191 τὴν
817 3122 917 3191 τῆς
947 3121 1392 3194 ἁνθρωπογονίας
1421 3125 1738 3196 παράδοσιν,
1788 3127 1948 3198 μέχρι

360 3213 465 3282 τῆς
487 3213 650 3266 αὑτοῦ
673 3213 946 3284 τελευτῆς.
983 3210 1150 3278 Οὗτος
1179 3217 1207 3266 δ
1259 3216 1450 3286 χρόνος
1486 3217 1770 3271 ἀπολείπει
1797 3237 1950 3292 τρισ-

362 3306 548 3375 χιλίων
581 3307 757 3374 ὀλίγον
789 3307 926 3362 ὲτῶν
962 3307 1094 3378 (83).
1145 3307 1276 3361 Ἀπὸ
1308 3308 1364 3362 δὲ
1405 3311 1504 3379 τῆς
1552 3311 1828 3375 Μωῡσέως
1869 3329 1951 3364 τε·

362 3397 558 3468 Βυτῆς
615 3397 774 3470 μέχρι
818 3399 920 3468 τῆς
981 3399 1361 3471 Ἀρταξέρξου,
1406 3399 1500 3454 τοῦ
1549 3402 1688 3472 μετὰ
1742 3402 1948 3475 Ξέρξην

363 3489 592 3561 Περσῶν
623 3488 904 3559 βασιλέως,
930 3490 978 3542 οἱ
1003 3491 1142 3559 μετὰ
1167 3493 1408 3562 Μωῦσῆν
1434 3492 1710 3563 προφῆται
1731 3493 1801 3546 τὰ
1826 3495 1945 3548 κατ’

365 3582 563 3644 αὐτοὺς
607 3580 917 3651 πραχθέντα
956 3581 1301 3654 συνέγραψαν
1323 3585 1381 3636 ὲν
1405 3585 1549 3656 τρισὶ
1580 3585 1674 3637 καὶ
1705 3584 1835 3639 δέκα
1864 3585 1945 3657 βι-

366 3672 554 3736 ϐλίοις.
593 3675 659 3725 Αἰ
697 3673 753 3728 δὲ
787 3674 970 3727 λοιπαὶ
1003 3675 1287 3747 τέσσαρες,
1325 3676 1527 3746 ὕμνους
1552 3679 1632 3740 εἰς
1660 3678 1749 3732 τὸν
1791 3679 1942 3745 Θεὸν,

439 3919 553 3987 (79)
588 3918 742 3990 Vulg.
779 3920 849 3974 ὲν
878 3919 1025 3974 ἑπτὰ
1046 3919 1270 3990 λόγοις.
1295 3915 1576 3990 Posterior
1591 3930 1703 3990 νριιΔ
1718 3916 1941 3990 delenda

366 3983 484 4051 est,
520 3983 811 4056 quam'nec
841 3990 1040 4057 Regius
1083 3983 1250 4043 codex
1304 3986 1566 4057 agnoscit.
1613 3983 1944 4041 Subauditur

370 4055 553 4114 antem
583 4055 1024 4132 συγγράμμασιν.
1051 4057 1329 4132 Atque‘ita
1368 4055 1652 4132 legendum
1688 4072 1810 4111 esse
1849 4072 1944 4126 ap-

367 4139 521 4199 paret
545 4143 609 4183 ex
649 4125 858 4199 iis'qn'm
883 4125 1202 4196 sequuntur,
1227 4126 1273 4199 ἃ⁸
1306 4125 1420 4199 καί,
1451 4133 1556 4199 etc.

444 4198 554 4269 (80)
594 4195 980 4266 Συι-τᾶξαντα
1023 4200 1227 4269 λόγον,
1257 4196 1313 4250 In
1358 4195 1666 4269 l‘ficeplmm
1692 4196 1947 4269 scribitur

365 4264 577 4336 λόγους.
605 4269 756 4335 Quod
781 4264 1119 4325 conﬁrmare
1133 4268 1347 4320 videtur
1376 4264 1662 4335 Iosephus,
1694 4267 1784 4337 qui
1830 4267 1947 4336 plu-

368 4355 456 4393 res
513 4340 679 4393 libros
733 4351 920 4395 contra
973 4337 1283 4393 Judaeorum
1341 4346 1556 4406 gentem
1608 4338 1676 4391 ab
1738 4337 1945 4406 Apione

370 4409 604 4477 scriptos
637 4425 758 4463 esse
787 4418 1032 4464 testatur.
1076 4406 1358 4476 Vulgatam
1402 4416 1581 4477 tamen
1618 4407 1942 4477 scripturam

2675 2400 2906 2457 CAPUT
2956 2400 3021 2454 Χ.

2059 2499 2336 2566 Quomodo
2375 2499 2515 2552 idem
2541 2496 2802 2562 Josephus
2827 2493 3124 2566 divinorum
3179 2493 3436 2547 librorum
3483 2509 3630 2546 men-

2637 2569 2829 2619 tionem
2853 2564 3054 2633 fecerit.

2131 2679 2150 2713 ι
2200 2660 2355 2731 Apud
2405 2675 2524 2726 nos,
2573 2658 2770 2727 inquit,
2819 2669 3165 2725 nequaquam
3219 2655 3632 2712 innumerabilis

2056 2762 2140 2808 est
2169 2753 2429 2807 librorum
2466 2747 2758 2804 multitudo
2787 2745 3227 2800 dissentientium
3275 2754 3437 2812 atque
3490 2746 3633 2800 inter

2055 2860 2113 2900 se
2144 2842 2500 2915 pugnantium
2527 2856 2544 2907 ;
2577 2838 2676 2894 sed
2709 2837 2818 2893 duo
2851 2836 3122 2889 duntaxat
3169 2843 3224 2890 et
3268 2836 3458 2906 viginti
3484 2836 3628 2904 libri,

2052 2940 2222 2993 totius
2254 2933 2517 3007 prieteriti
2555 2929 2816 3000 temporis
2845 2927 3131 2982 historiam
3184 2928 3628 2998 complectentes,

2054 3033 2144 3102 qui
2173 3029 2367 3086 merito
2395 3027 2694 3083 creduntur
2727 3020 2919 3077 divini.
2970 3020 3049 3074 Ex
3095 3021 3181 3074 bis
3217 3021 3459 3090 quinque
3505 3023 3631 3090 qui-

2054 3126 2172 3179 dem
2203 3133 2331 3179 sunt
2360 3120 2544 3184 Mosis,
2570 3117 2661 3188 qui
2693 3125 2747 3171 et
2798 3115 2940 3184 leges
2984 3115 3287 3178 continent,
3331 3123 3382 3168 et
3428 3115 3627 3168 seriem

2056 3231 2237 3270 rerum
2267 3224 2571 3286 gestarum,
2602 3226 2630 3263 a
2662 3209 2884 3263 conditu
2935 3209 3153 3276 generis
3187 3207 3412 3262 humani
3457 3221 3629 3274 usque

2058 3312 2122 3364 ad
2147 3311 2315 3379 ipsius
2349 3307 2513 3364 Mosis
2547 3307 2843 3362 interitum.
2872 3304 3050 3374 Atque
3093 3305 3195 3359 hoc
3229 3304 3463 3373 Spatium
3488 3312 3628 3356 tem—-

2056 3405 2206 3475 poris
2244 3403 2346 3457 tria
2383 3401 2776 3472 propemodum
2829 3413 3095 3452 annorum
3143 3396 3312 3451 millia
3375 3409 3625 3464 compre-

2057 3496 2266 3552 hendit.
2295 3495 2337 3548 A
2374 3492 2537 3549 Mosis
2570 3505 2750 3546 autem
2777 3491 2999 3547 interitu
3032 3492 3098 3545 ad
3128 3489 3419 3559 imperium
3451 3501 3624 3556 usque

2055 3589 2404 3656 Artaxerxis,
2444 3588 2536 3658 qui
2581 3597 2703 3656 post
2746 3587 2976 3642 Xerxem
3025 3585 3266 3656 regnavit
3309 3582 3452 3652 apud
3484 3579 3630 3649 .Pcr-

2055 3697 2163 3750 sas,
2211 3683 2495 3753 propheta:
2539 3683 2629 3752 qui
2679 3680 2812 3736 Mosi
2863 3692 3200 3745 successere,
3228 3692 3314 3732 res
3342 3691 3437 3730 sua
3468 3683 3629 3730 aetate

2052 3933 2209 3993 versu
2223 3924 2422 3993 scripta
2444 3923 2622 3978 laudat
2640 3924 2861 3979 Pbotius
2884 3926 2936 3978 in
2959 3923 3308 3985 Bibliotheca,
3343 3938 3465 3988 cap.
3486 3923 3624 3993 279;

2052 4001 2106 4062 et
2155 3989 2513 4062 llerapollinis
2575 3995 2932 4051 Grammatici
2984 3994 3124 4062 Περὶ
3193 3995 3455 4060 πατρίων
3516 3991 3628 4060 τῆς

2064 4059 2544 4133 ’ᾼλεξανδρείας,
2588 4065 2926 4119 Cliristodori
2964 4059 3178 4133 quoque
3225 4059 3393 4133 poene
3446 4059 3626 4130 plures

2048 4129 2310 4191 ejusmodi
2340 4129 2531 4187 libros
2575 4136 2706 4188 citat
2771 4129 2996 4190 Suidas.
3023 4129 3234 4189 Unicus
3279 4129 3454 4187 hodie
3489 4133 3625 4187 liber

2046 4199 2233 4274 Oedipi
2266 4205 2568 4274 exstathoc
2597 4205 2753 4258 titulo
2783 4207 3094 4274 inscriptus.

2117 4269 2229 4340 (82)
2267 4273 2381 4344 Δύο
2406 4272 2497 4344 ⁸δὲ
2539 4276 2699 4342 μόνα
2738 4275 2886 4344 πρὸς
2937 4269 3059 4341 τοῖς
3116 4275 3333 4328 εἴκοσι.
3378 4269 3622 4326 Totidem

2046 4349 2204 4414 erant
2233 4343 2374 4411 apud
2404 4342 2660 4398 llebraaos
2695 4342 2814 4400 libri
2839 4347 3003 4407 sacri,
3037 4357 3169 4414 quot
3199 4345 3470 4414 elementa
3526 4355 3622 4414 seu

2047 4410 2344 4483 litteraa,ut
2373 4416 2528 4468 docet
2557 4415 2820 4483 Origenes
2856 4417 2907 4469 in
2944 4410 3261 4482 expositione
3289 4411 3447 4483 primi
3482 4411 3623 4479 psal-

367 4475 556 4559 tnetur
609 4480 969 4552 Hieronymus
1023 4478 1078 4533 in
1127 4475 1409 4546 catalogo,
1459 4475 1550 4530 ubi
1599 4479 1664 4532 de
1719 4475 1941 4547 Joscphi
1977 4505 2021 4559 ι)
2051 4481 2168 4545 mi,
2207 4475 2746 4559 ethllieronymus’in
2779 4475 3043 4559 ProazmiO
3077 4475 3423 4559 galeato',__ubi
3458 4475 3624 4559 etiam

366 4549 606 4614 scriptis.

440 4618 552 4689 (81)
592 4621 667 4674 Τὰ
711 4619 944 4688 πάτρια.
974 4619 1302 4686 interpretes
1339 4633 1546 4684 omnes,
1580 4617 1796 4689 Langus
1833 4621 1939 4673 sc'-

367 4688 539 4751 licet,
566 4689 841 4745 Musculus
887 4701 940 4746 et
995 4689 1519 4758 Christophorsonus
1554 4703 1676 4742 cum
1723 4688 1938 4752 Rufino,

365 4760 567 4823 patrios
621 4763 752 4813 ritus
801 4761 1115 4814 etinstt'tula
1154 4759 1493 4827 interpretati
1542 4767 1688 4812 sunt.
1741 4759 1940 4814 Verum

367 4831 470 4900 icoc
496 4832 754 4900 vocabulo
787 4831 1016 4900 amplius
1063 4830 1264 4898 aliquid
1316 4829 1614 4897 significari
1665 4829 1937 4900 existimo.

365 4898 501 4970 Nam
533 4898 802 4970 Josephus
829 4898 1271 4970 in'libriscontra
1309 4900 1586 4966 Apionem,
1615 4913 1721 4952 non
1756 4899 1822 4953 iis
1846 4915 1941 4952 so-

364 4968 476 5024 lum
529 4968 814 5038 respdndet
857 4971 947 5040 qui
977 4968 1280 5040 Judzeormn
1318 4970 1463 5039 leges
1498 4979 1659 5036 atque
1690 4970 1936 5023 instituta

365 5041 677 5094 calumniati
711 5039 944 5098 fuerant.
970 5040 1062 5093 sed
1095 5039 1362 5108 prtecipue
1393 5040 1655 5108 adversus
1673 5054 1766 5093 eos
1798 5041 1935 5094 scri-

365 5109 480 5180 bit,
534 5112 625 5180 qui
680 5112 745 5164 de
801 5112 1010 5179 origine
1053 5107 1212 5180 atque
1255 5107 1578 5177 antiquitate
1627 5107 1936 5164 Judaaorum

367 5179 500 5233 falsa
525 5178 772 5249 quantum
804 5178 1094 5235 commenti
1127 5178 1386 5242 inerant,
1429 5190 1488 5233 ut
1519 5188 1664 5247 patet
1696 5195 1762 5234 ex
1798 5180 1936 5234 libro

366 5251 564 5318 primo.
603 5251 716 5304 Sub
772 5251 932 5305 tinem
985 5261 1167 5304 autem
1212 5249 1433 5303 secundi
1489 5249 1612 5304 libri
1651 5251 1938 5319 respondet

365 5320 669 5391 Apollonio,
696 5320 892 5391 Moloni
921 5329 974 5374 et
1004 5319 1344 5391 Lysimacho,
1377 5320 1467 5387 qui
1499 5322 1566 5373 de
1609 5320 1812 5390 legibus
1850 5321 1932 5373 in-

365 5390 676 5460 stitutisque
700 5389 1002 5445 Jndaeorum
1031 5389 1165 5444 falsa
1197 5391 1440 5458 quaedam
1473 5389 1931 5460 conscripserant.

365 5459 789 5532 Πάτριαίίεἰιιιι·
820 5461 924 5515 hoc
983 5462 1100 5532 loco
1146 5470 1433 5532 utrumque
1486 5459 1758 5532 designat,
1793 5462 1935 5515 anti—

367 5529 625 5598 quitatem
651 5529 861 5586 scilicet
889 5541 943 5584 et
982 5531 1143 5600 leges.
1179 5529 1375 5583 Notum
1409 5539 1492 5584 est
1514 5529 1936 5586 velitnediocriq

366 5613 445 5672 ter
495 5602 670 5655 doctis
694 5643 708 5666 ,
746 5601 946 5672 πάτρια
976 5601 1114 5653 sumi
1166 5615 1263 5668 pro
1310 5602 1731 5672 antiquitatibus,
1761 5615 1934 5670 enqne

371 5670 526 5724 titulo
559 5672 708 5725 multi
769 5670 908 5741 apud
963 5680 1176 5725 veteres
1222 5672 1507 5724 exstabant
1557 5671 1698 5736 libri,
1735 5675 1928 5738 partim

364 5742 536 5795 Soluta
567 5745 834 5804 oratione,
869 5743 1060 5808 partim
1088 5741 1331 5794 versibus
1355 5741 1562 5806 scripti.
1599 5742 1688 5794 Sic
1718 5742 1930 5794 llernue

367 5811 740 5882 Hermopolim
786 5810 1006 5882 Πάτρια
1053 5811 1160 5882 τῆς
1213 5812 1652 5880 Ἐρμοιιπόλεως
1700 5813 1944 5868 iambico.

2053 4560 2164 4604 tres
2192 4552 2411 4606 ordines
2438 4550 2715 4608 sacrorum
2760 4550 3092 4608 voluminum
3119 4555 3258 4622 apud
3291 4551 3410 4605 illos
3453 4550 3623 4605 fuisse

2048 4629 2300 4693 testatur.
2332 4622 2544 4678 Primus
2584 4627 2718 4678 ordo
2746 4625 2918 4693 legem
2955 4623 3295 4684 continebat,
3349 4623 3622 4693 secundus

2044 4691 2360 4764 prophetas,
2393 4695 2586 4748 tertius
2628 4690 3018 4764 bagiograplia.
3051 4693 3181 4764 Quae
3231 4708 3351 4746 cum
3387 4690 3623 4764 Josepho

2046 4759 2248 4828 optime
2278 4765 2624 4826 conveniunt,
2676 4768 2769 4818 sed
2793 4759 3008 4818 'in'hoc
3035 4759 3312 4821 ditiorum,
3354 4762 3496 4828 quod
3529 4759 3622 4814 Jo-

2045 4831 2247 4899 sephus
2275 4834 2494 4900 quidem
2534 4834 2788 4888 tredecim
2844 4835 3013 4890 libros
3057 4834 3280 4887 secundi
3310 4831 3516 4885 ordinis
3548 4833 3623 4884 fa-

2043 4902 2138 4967 cit,
2197 4914 2415 4957 secutus
2463 4905 2672 4958 scilicet
2721 4906 2920 4959 seriem
2973 4914 3306 4973 temporum,
3359 4903 3412 4954 in
3456 4904 3620 4954 tertio

2044 4982 2222 5042 autem
2251 4975 2439 5028 ordine
2463 4984 2696 5042 quatuor
2727 4986 2932 5030 tantum
2962 4982 3210 5028 recenset
3241 4973 3426 5036 libros,
3463 4973 3622 5025 aliter

2043 5056 2104 5115 ac
2131 5041 2492 5115 Ilieronymns
2524 5054 2634 5098 tum
2662 5045 2714 5098 in
2754 5046 2847 5098 illo
2879 5045 3166 5106 Protendo,
3204 5054 3313 5096 tum
3353 5044 3406 5096 in
3431 5045 3623 5115 ιιι-(ιτα.

2041 5113 2180 5185 tione
2206 5112 2256 5164 iu
2287 5112 2556 5185 Danielcm
2578 5154 2592 5176 ,
2631 5117 2722 5182 qui
2746 5126 2870 5169 octo
2903 5117 3118 5185 quidem
3143 5112 3622 5185 prophetarum_'li-_-

2042 5183 2168 5256 liros
2193 5193 2474 5256 nutrierat,
2509 5182 2993 5256 hagiographqrum
3038 5194 3218 5256 autem
3247 5182 3471 5238 novem.
3510 5182 3616 5235 Sed

2041 5250 2308 5323 losephns
2341 5254 2535 5307 librum
2568 5250 2729 5310 Iosue
2758 5250 2811 5310 et
2841 5255 3114 5319 Jndicum,
3150 5254 3360 5323 Regum
3394 5257 3520 5306 item
3552 5269 3616 5307 ac

2039 5319 2484 5392 Paralipomenon
2537 5325 2702 5380 libros
2752 5337 2806 5380 et
2854 5327 3081 5380 Esdram
3121 5319 3265 5378 inte}
3294 5325 3613 5393 pmpbetica

2038 5393 2312 5446 volumina
2341 5397 2648 5462 reposuisse
2699 5397 2930 5461 videtur,
2963 5412 3069 5450 non
3121 5396 3263 5464 quod
3305 5393 3616 5464 proplietias

2039 5463 2404 5536 continerent,
2433 5467 2890 5534 quemadmodum
2926 5463 3316 5536 prophetarum
3339 5463 3484 5528 libri,
3518 5465 3614 5516 sed

2037 5533 2158 5588 ideo
2192 5536 2333 5602 quod
2365 5549 2392 5586 a
2429 5533 2706 5604 prophetis
2736 5533 3262 5604 essent’conscripti.

2105 5604 2226 5678 (83)
2264 5602 2612 5678 Τρισχιλίων
2660 5608 2865 5678 ὀλίγον
3094 5602 3173 5678 ln'
3205 5605 3375 5678 tribus
3416 5602 3615 5678 nostris

2035 5676 2314 5728 codicibus
2367 5677 2528 5738 Μυκη
2564 5678 2702 5730 Med.
2750 5674 2833 5731 ac.
2882 5677 3051 5731 Savil.
3092 5677 3162 5728 ita
3214 5674 3473 5729 scribitur
3526 5675 3620 5731 hic:

2035 5745 2183 5802 locus
2213 5763 2226 5802 :
2265 5746 2570 5800 Ἀπολείπει
2600 5748 2908 5820 τρισχιλίων
2947 5748 3111 5818 ὀλίγῳ
3137 5742 3292 5799 ἑτῶν.
