4140 6430
364 333 478 390 319

1371 314 1730 386 HISTORIA-3
1773 329 2333 387 ECCLESIASTICIE
2373 330 2501 388 LIB.
2544 330 2632 386 tu.

3521 341 3630 404 250

367 459 513 528 πρὸς
541 454 879 538 τοῖςοεῐκοσιν
910 453 1233 524 ἀποπλήσας
1265 453 1358 525 ἔτη
1393 452 1501 527 (95)
1538 453 1760 524 τελευτᾷ
1786 493 1799 517 ,
1833 453 1948 507 δια-

2055 455 2263 510 exactis
2291 453 2424 508 abiit
2449 466 2480 507 e
2503 452 2639 506 vita.
2675 450 2773 505 Cui
2804 452 3074 508 secundus
3123 455 3316 511 ordine
3365 463 3632 518 successit

364 545 583 606 δέγεται
611 548 656 600 δ’
681 547 842 603 αὑτὸν
868 545 1116 618 δεύτερος
1157 544 1390 609 Ἀὄίλιος
1421 546 1557 616 (95).

905 636 1302 689 ΚΕΦΑΛΑῘΟΝ
1329 635 1433 690 ΙΕ’.

498 728 593 794 Ὧς
624 730 820 796 τρίτος
860 728 1160 797 Ῥωμαίων
1188 728 1525 796 ἐπίσκοπος
1553 729 1820 799 Κλήμης.

438 821 734 890 Δωδεκάτῳ
760 821 815 874 δὲ
849 821 958 874 ἔτει
987 821 1088 891 τῆς
1123 821 1291 891 αὐτῆς
1326 823 1641 893 ἡγεμονίας,
1675 823 1772 894 τῆς
1817 823 1950 876 Ῥω-

367 915 548 985 μαίων
605 914 930 985 Ἐκκλησίας
984 913 1340 985 Ἀνέγκλητον
1385 915 1561 968 ἐτεσιν
1619 917 1950 970 ὲπισκοπεύ-

366 1023 538 1058 σαντα
580 1005 845 1068 δεκαδυο,
898 1003 1200 1074 διαδέχεται
1235 1005 1500 1076 Κλήμης.
1551 1007 1648 1059 Ὃν
1695 1008 1950 1078 συνεργὸν

363 1096 564 1149 ἑαυτοῦ
597 1095 848 1165 γενέσθαι
872 1094 1252 1165 Φιλιππησίοις
1288 1096 1618 1150 ἐπιστέλλων
1658 1100 1685 1150 ὁ
1715 1099 1951 1152 ἀπόστο-

362 1189 456 1252 λος
485 1188 728 1242 διδάσκει
758 1188 932 1258 λέγων
957 1205 970 1220 ·
1013 1207 1030 1239 ι
1062 1188 1216 1242 Μετὰ
1250 1189 1344 1242 καὶ
1372 1189 1688 1261 Κλήμεντος
1719 1192 1812 1245 καὶ
1844 1191 1952 1245 τῶν

359 1281 563 1334 λοιπῶν
590 1280 867 1352 συνεργῶν
895 1299 1016 1352 μου,
1041 1273 1115 1334 ὧν
1133 1281 1201 1334 τὰ
1223 1281 1462 1352 ὀνόματα
1482 1283 1539 1336 ὲν
1562 1282 1726 1354 βίϐλῳ
1748 1282 1910 1354 ζωῆς.
1927 1303 1945 1336 ›

859 1456 1258 1509 uenenum:
1301 1457 1382 1524 ις,-

648 1547 788 1618 Περὶ
818 1547 929 1617 τῆς
948 1546 1293 1617 Κλήμεντος
1323 1547 1664 1616 ἐπιστολῆς.

433 1639 638 1695 Τούτου
669 1641 734 1713 δὴ
776 1635 871 1694 οὗν
905 1639 998 1693 τοῦ
1041 1639 1357 1710 Κλήμεντος
1401 1639 1805 1712 ὁμολογουμένη
1853 1641 1950 1712 μία

360 1733 621 1806 ἐπιστολὴ
662 1735 888 1808 φέρεται
914 1776 928 1801 ,
967 1733 1178 1804 μεγάλη
1211 1750 1269 1785 τε
1299 1731 1708 1804 καὶιθαυμασία
1729 1775 1742 1798 ,
1771 1734 1837 1804 ἣν
1873 1733 1950 1798 ῶς

2052 544 2278 600 Avilius.
2739 601 2743 608 ς

2650 632 2879 691 CAPUT
2920 635 3033 691 XV.

2054 724 2124 780 Ut
2167 729 2350 786 tertius
2385 727 2644 785 Ecclesia-
2676 731 2927 785 Romana?
2945 731 3215 800 episcopus
3247 732 3347 800 fuit
3369 731 3624 791 Clemens.

2124 816 2283 872 Anno
2339 829 2519 874 autem
2575 822 2818 891 ejusdem
2868 821 3215 890 imperatoris
3264 823 3625 893 duodecimo,

2051 910 2405 980 Anencletus,
2435 915 2643 969 exactis
2671 915 2725 968 in
2758 915 3076 984 episcopatu
3110 917 3268 970 annis
3296 916 3576 971 duodecim
3607 957 3625 984 ,

2051 1019 2424 1061 successorem
2483 1009 2705 1078 reliquit
2760 1009 3115 1066 Clementem.
3183 1010 3353 1077 Quem
3408 1013 3625 1081 quidem

2051 1099 2250 1154 Paulus
2275 1101 2555 1169 apostolus
2580 1103 2632 1155 in
2655 1102 2894 1172 Epistola
2921 1105 2988 1157 ad
3007 1103 3384 1174 Philippenses
3400 1105 3626 1176 scripta,

2051 1191 2356 1261 adjutorem
2391 1208 2551 1268 suqm
2608 1193 2775 1249 fuisse
2826 1194 2986 1250 docet
3035 1195 3122 1250 his
3175 1194 3401 1251 verbis:
3435 1213 3454 1246 ι
3491 1195 3627 1252 Cum

2049 1283 2348 1352 Clemente,
2390 1286 2586 1354 inquit,
2617 1293 2671 1340 et
2696 1287 2910 1341 cazteris
2954 1287 3292 1357 adjutoribus
3330 1286 3466 1345 meis
3493 1301 3628 1360 quo:

2050 1389 2168 1429 rum
2203 1375 2420 1430 nomina
2462 1385 2590 1430 sunt
2618 1377 2671 1430 in
2703 1376 2840 1431 libro
2862 1377 3006 1432 vitaz.
3049 1396 3069 1428 ι

2562 1469 2676 1538 ss
2709 1467 2935 1525 CAPUT
2972 1467 3110 1522 XVI.
3312 1501 3346 1532 ..

2506 1558 2586 1613 De
2607 1559 2826 1628 epistola
2852 1560 3153 1618 Clementis.

2121 1649 2292 1722 Hujus
2323 1650 2617 1707 Clementis
2669 1660 2847 1707 exstat
2883 1652 3112 1722 epistola
3144 1653 3211 1707 ab
3243 1653 3496 1709 omnibus
3520 1669 3628 1710 uno

2050 1759 2314 1800 consensu
2345 1753 2563 1812 recepta
2600 1763 2612 1798 :
2645 1745 2844 1798 eximia
2878 1760 3101 1813 prorsus
3145 1753 3308 1813 atque
3336 1745 3626 1810 mirabilis,

361 1827 472 1879 ἀπὸ
501 1827 600 1898 τῆς
636 1825 921 1897 Ῥωμαίων
965 1824 1293 1896 Ἐκκλησίας
1337 1827 1402 1895 τῇ
1444 1823 1744 1895 Κορινθίων
1775 1825 1946 1878 διετυο

2053 1850 2210 1901 quam
2252 1834 2471 1888 nomine
2515 1833 2779 1889 Ecclesia:
2829 1835 3090 1890 Romanae
3117 1835 3184 1889 ad
3217 1835 3627 1892 Corinthiorum

363 1919 606 1984 πὼσατο,
644 1919 886 1982 στάσεως
915 1918 1170 1988 τηνικάδε
1200 1916 1339 1971 κατὰ
1371 1917 1468 1988 τὴν
1499 1917 1759 1988 Κόρινθον
1791 1935 1946 1987 γενο-

365 2009 556 2080 μένης.
612 2009 830 2080 Ταύτην
867 2008 924 2060 δὲ
959 2008 1054 2061 καὶ
1097 2009 1155 2061 ὲν
1190 2008 1470 2072 πλείσταις
1500 2008 1816 2079 ἐκκλησίαις
1855 2011 1947 2063 ἐπὶ

361 2101 455 2154 τοῦ
494 2101 676 2154 κοινοῦ
708 2101 1202 2172 δεδημοσιευμένην
1235 2101 1399 2155 πάλαι
1431 2119 1488 2154 τε
1524 2104 1615 2156 καὶ
1649 2102 1768 2155 καθ’
1801 2105 1946 2174 ἡμᾶς

359 2195 562 2258 αὐτοὺς
593 2194 857 2264 ἔγνωμεν.
915 2193 1025 2246 Καὶ
1073 2195 1156 2247 ὅτι
1204 2193 1344 2247 κατὰ
1381 2195 1472 2248 τὸν
1511 2194 1838 2266 δηλούμενον
1877 2195 1946 2249 τὰ

356 2285 461 2354 τῆς
495 2285 795 2357 Κορινθίων
833 2286 1086 2340 κεκίνητο
1149 2287 1423 2352 στάσεως,
1467 2286 1762 2360 ἀξιόχρεως
1804 2289 1945 2362 μάρ-

357 2393 459 2440 τυς
483 2377 512 2430 ὁ
545 2377 911 2449 Ἡγήσιππος.

379 2452 386 2457 ’
505 2455 509 2458 ’
893 2470 1286 2524 ΚΕΦΑΛΛΙΟΝ
1317 2471 1414 2524 IZ'.

356 2560 504 2626 Περὶ
524 2563 628 2616 τοῦ
648 2561 795 2616 κατὰ
808 2561 1458 2632 Δομετιαιίύνδιωγμοῦ(
1468 2562 1579 2618 Nic.
1600 2563 1646 2616 Η
1656 2609 1666 2619 .
1689 2562 1751 2616 Ε.
1773 2565 1940 2637 ιιι,9).

435 2653 644 2725 Πολλὴν
688 2672 750 2724 γε
793 2655 898 2726 μὴν
934 2655 1043 2727 (96)
1085 2657 1165 2720 εἰς
1198 2655 1426 2719 πολλοὺς
1475 2655 1884 2728 ἐπιδειξάμενος
1919 2659 1946 2709 ὁ
2024 2652 2032 2662 ’

360 2743 686 2812 Δομετιανὸς
721 2743 1001 2815 ὠμότητα,
1034 2745 1134 2798 οὐκ
1164 2745 1342 2814 ὀλίγον
1372 2762 1432 2798 τε
1463 2744 1571 2798 τῶν
1603 2745 1696 2797 ἐπὶ
1729 2743 1946 2816 Ῥώμης

362 2832 708 2904 εὐπατριδῶν
748 2833 857 2904 (97)
904 2834 997 2890 καὶ
1043 2836 1330 2906 ἐπισήμων
1370 2834 1577 2905 ἀνδρῶν
1635 2833 1841 2904 πλῆθος
1885 2835 1945 2887 οὐ

364 2922 486 2994 μετ’
511 2922 731 2993 εὐλόγου
763 2925 995 2995 κρίσεως
1028 2926 1373 2989 ἀποκτείνας,
1409 2925 1633 2997 μυρίους
1669 2942 1726 2977 τε
1755 2925 1946 2987 ἄλλους

363 3014 648 3084 ἐπιςανεῖς
680 3014 880 3086 ἄνδρας
921 3019 1042 3080 ταῖς
1084 3017 1223 3088 ὑπὲρ
1270 3018 1366 3087 τὴν
1411 3017 1629 3088 ὲνορίαν-
1665 3017 1949 3088 ζημιώσας

364 3108 567 3175 φυγαῖς
596 3108 686 3161 καὶ
721 3111 838 3171 ταῖς
861 3106 971 3162 τῶν
1004 3108 1198 3162 οὐσιῶν
1232 3108 1521 3173 ἀποϐολαῖς
1553 3109 1826 3175 ἀναιτίως,
1857 3127 1947 3163 τε-

2052 1926 2351 1980 Ecclesiam
2390 1927 2629 1995 scripsit,
2657 1942 2779 1980 cum
2816 1928 2957 1996 apud
2992 1941 3086 1981 eos
3131 1928 3313 1997 gravis
3351 1937 3496 1982 esset
3527 1943 3626 1982 ex-

2052 2028 2170 2073 orta
2198 2017 2487 2072 dissensio.
2521 2018 2669 2072 Ilauc
2694 2018 2745 2071 in
2778 2017 3056 2088 plerisque
3080 2019 3330 2074 ecclesiis
3362 2028 3416 2072 ct
3442 2027 3628 2075 nostra

2048 2121 2102 2166 et
2135 2111 2401 2181 superiori
2462 2110 2725 2164 memoria
2788 2111 2968 2179 palam
3005 2110 3222 2164 recitari
3273 2110 3628 2166 consuevisse

2049 2205 2432 2273 comperimus.
2476 2204 2646 2259 Porro
2701 2201 2998 2272 supradicti
3031 2201 3326 2256 Clementis
3388 2210 3630 2272 tempore

2049 2293 2373 2351 seditionem
2406 2295 2549 2349 inter
2576 2292 2886 2348 Corinthios
2921 2307 3043 2348 esse
3079 2303 3435 2362 commotam,
3476 2293 3628 2350 loru-

2053 2383 2390 2456 pletissimus
2428 2384 2582 2440 testis
2623 2393 2706 2438 est
2741 2380 3096 2452 Ilegcsippus.

2615 2471 2846 2529 CAPUT
2897 2470 3061 2526 XVII.

2143 2564 2218 2619 De
2241 2563 2598 2632 persecutione
2623 2561 3052 2616 Christianorum
3083 2560 3178 2615 sub
3206 2559 3534 2616 Domitiano.

2120 2656 2190 2708 At
2217 2655 2563 2710 Domitianus
2594 2669 2720 2709 cum
2750 2653 2860 2724 jam
2883 2652 3050 2708 multa
3085 2653 3138 2707 in
3185 2654 3388 2706 multos
3436 2653 3630 2708 crude-

2050 2747 2216 2801 litatis
2251 2761 2363 2801 sua:
2390 2745 2687 2815 specimina
2748 2745 3031 2808 edidisset,
3082 2758 3181 2798 nec
3234 2757 3436 2813 paucos
3468 2743 3626 2799 noni-

2049 2839 2177 2893 lium
2217 2848 2379 2906 atque
2413 2835 2704 2892 illustrium
2741 2835 2985 2889 virorqu
3027 2835 3179 2889 urbis
3220 2835 3403 2888 Romae
3429 2832 3628 2903 injuste

2050 2929 2439 2992 interemisset,
2465 2927 2602 2982 alios
2625 2937 2889 2996 prmtcrea
2924 2924 3351 2979 innumerabiles
3399 2938 3630 2980 summa)

2051 3021 2325 3090 dignitatis
2339 3023 2484 3075 viros
2507 3019 2633 3072 licet
2658 3019 2898 3073 insontes
2933 3016 3122 3072 exsilio
3143 3025 3200 3072 et
3221 3017 3484 3071 bonorum
3505 3029 3629 3085 pro—

2051 3114 2347 3184 scriptione
2377 3112 2691 3177 multasset,
2724 3112 2790 3165 ad
2828 3119 3135 3163 extremum
3172 3107 3494 3163 Neroniana:
3525 3107 3628 3160 int-

360 3201 566 3255 λευτῶν
612 3203 711 3272 τῆς
748 3200 999 3272 Νέρωνος
1045 3201 1360 3273 Οεοεχθρίας
1404 3219 1462 3255 τε
1514 3203 1608 3255 καὶ
1653 3203 1947 3274 Θεομαχίας

2054 3176 2294 3274 pietatis,
2335 3203 2569 3272 bellique
2598 3213 2654 3256 et
2677 3176 2789 3257 οι]ἰὶ
2837 3203 3103 3256 adversus
3158 3200 3325 3255 Deum
3354 3239 3370 3266 ,
3409 3213 3630 3254 succes-

360 3293 602 3366 διάδοχον
629 3293 818 3348 ἑαυτὸν
844 3297 1230 3366 κατεστήσατο.
1268 3295 1527 3369 Δεύτερος
1552 3296 1685 3367 δῆτα
1712 3297 1800 3348 τὸν
1827 3295 1945 3349 καθ’

361 3480 612 3552 Μάρκον,
648 3489 707 3533 ut
733 3479 1244 3552 lecitrNicephorus.
1273 3481 1410 3536 Vide
1447 3481 1667 3536 Seldeni
1695 3492 1850 3539 notas
1877 3485 1944 3539 ad

367 3551 702 3619 Entycbium
739 3551 1106 3619 patriarcham
1143 3551 1597 3606 Alexandrinum.

437 3621 548 3695 (95)
595 3622 708 3695 Δύο
748 3619 898 3695 προς
941 3620 1766 3695 τοῖς-εἴκοσιν-ἀποπλήσας
1813 3626 1941 3695 ἐτη.

363 3690 547 3763 Nostri
575 3691 802 3763 codices
851 3691 1014 3753 Mam,
1053 3691 1194 3763 Med.
1220 3761 1226 3763 Α
1249 3709 1313 3745 ac
1363 3692 1527 3763 Fuk.,
1556 3690 1816 3763 scriptum
1848 3690 1945 3751 ha-

365 3763 496 3834 bent
527 3761 621 3814 δύο
663 3762 800 3834 πρὸς
831 3763 1032 3834 εζκοσιν
1064 3761 1388 3834 ,ἀναπλήσας
1421 3762 1537 3833 ἔτη.
1586 3761 1852 3819 Praeterea
1886 3767 1940 3822 in

363 3833 570 3901 aptium
600 3833 788 3886 codice
833 3831 998 3895 IlIaz.,
1028 3833 1200 3885 εἴκοσι
1246 3831 1514 3887 scribitur
1534 3836 1736 3902 absque
1764 3853 1812 3887 ν.
1850 3837 1946 3890 Λιέ

365 3917 473 3971 que
502 3902 577 3956 ita
608 3917 824 3972 semper
854 3904 959 3957 hoc
985 3919 1186 3956 nomen
1209 3904 1261 3957 in
1293 3919 1357 3957 eo
1375 3904 1562 3958 codice
1586 3909 1941 3972 perscriptum

364 3973 846 4045 essepbservavi,
873 3974 1142 4045 quamvis,
1177 3988 1409 4045 sequens
1441 3976 1607 4028 dictio
1665 3977 1886 4045 incipiat
1913 3993 1941 4029 a

363 4042 560 4165 vocali.
596 4045 677 4096 Ac
717 4043 852 4098 mihi
885 4043 1105 4112 quidem
1131 4044 1440 4114 hujusmodi
1479 4047 1752 4114 scriptura
1775 4042 1946 4118 inagis

365 4129 460 4165 D70
501 4122 646 4165 ntur.

403 4122 646 4166 rebatur.

364 4129 879 4253 Ρῒῖἕὲἰυέίεύτερος
944 4182 1210 4250 Ἀϐίλιος.
1270 4180 1425 4237 Hunc
1476 4185 1705 4239 Abilinm
1749 4196 1944 4240 vocant

365 4253 596 4307 Bulinus
628 4265 682 4308 et
719 4255 913 4321 reliqui
935 4254 1284 4317 interpretes,
1318 4255 1538 4324 ipseque
1579 4259 1716 4309 adeo
1749 4257 1939 4311 Hiero-

365 4340 559 4393 nyutus
587 4327 640 4378 in
668 4324 945 4391 Chronico,
979 4325 1158 4377 minus
1187 4333 1354 4389 recte,
1387 4337 1444 4380 ut
1465 4328 1713 4394 equidem
1745 4329 1940 4382 sentio.

361 4395 598 4448 Acilium
637 4395 780 4450 enim
821 4395 926 4450 dici
955 4396 1374 4463 oportuit,quod
1410 4412 1606 4450 nomen
1637 4397 1940 4452 Romanum

2058 3311 2235 3352 sorem
2263 3297 2500 3367 seipsum
2531 3295 2813 3366 professus
2842 3303 2947 3350 est.
2980 3292 3187 3364 Quippe
3217 3293 3305 3348 hic
3354 3292 3628 3347 secundus

2055 3481 2245 3548 incipit
2279 3482 2346 3535 ab
2379 3482 2466 3538 his
2491 3483 2670 3538 verbis
2695 3501 2709 3537 :
2743 3481 2928 3536 Verum
2956 3482 3019 3534 de
3045 3481 3298 3535 seditione
3321 3480 3463 3548 facta
3486 3480 3627 3548 apud

2055 3552 2377 3618 Corinthios,
2408 3554 2860 3622 quemadmodum
2891 3553 2940 3604 itt
2972 3551 3108 3606 Maz.
3147 3566 3211 3610 ac
3263 3549 3401 3622 Fuk.
3447 3553 3624 3605 cuilic.

2053 3624 2254 3676 factum
2287 3621 2593 3678 observavi.
2635 3623 2924 3692 Vulgarem
2976 3631 3153 3676 tamen
3206 3621 3536 3692 scripturam
3564 3637 3628 3676 ac

2053 3693 2453 3748 distinctionem
2490 3695 2659 3758 magis
2690 3696 2878 3762 probo.

2125 3764 2210 3835 (97
2250 3763 2370 3816 Τῶν
2414 3763 2512 3835 ἐπὶ
2552 3759 2778 3833 Ῥώμης
2819 3761 3212 3831 εὐπατριδῶν.
3247 3759 3630 3835 Cbristopbor-

2051 3830 2218 3888 sonus
2267 3833 2520 3900 patricios
2556 3830 2740 3897 vertit,
2790 3849 2985 3901 magno
3015 3830 3249 3884 errore.
3288 3830 3388 3894 Qui
3445 3841 3628 3887 tamen

2051 3919 2204 3957 error
2231 3904 2534 3957 communis
2563 3912 2647 3957 est
2700 3903 2797 3972 ipsi
2846 3918 2970 3956 cum
3012 3903 3284 3972 plerisque
3317 3901 3630 3972 interpreti-

2050 3975 2152 4027 bus
2181 3973 2370 4028 Crtece
2406 3970 2765 4027 doctissimis.
2793 3970 3095 4041 Gregorius
3145 3970 3536 4041 Nazianzenus
3572 3971 3628 4026 in

2047 4046 2290 4117 oratione
2319 4042 2826 4117 18ε11αροένοςγτις
2864 4038 2932 4114 ἦν
2981 4043 3087 4096 τῶν
3132 4040 3490 4117 εὐπατριδῶν.
3521 4039 3630 4093 Bil-

2056 4115 2159 4168 lius
2184 4114 2572 4181 interpretatur
2593 4116 2814 4182 patricio
2837 4131 3021 4183 genere
3048 4125 3242 4177 ortam,
3277 4114 3624 4183 pa‘rjermt'c.

2054 4185 2198 4238 Idem
2233 4179 2525 4252 Gregorius
2552 4179 2601 4237 iu
2625 4179 2872 4238 oratione
2895 4179 3316 4252 qttmlragesiuin
3340 4201 3353 4238 :
3374 4179 3458 4250 Μὴ
3477 4185 3625 4238 ἀπα-

2053 4254 2250 4328 ξιώβῃς
2275 4253 2746 4328 σρμδαπτισθῆγριι
2775 4255 2986 4325 πένητι,
3005 4254 3271 4328 ,πλούσιος
3295 4253 3390 4328 ὼν,
3411 4257 3439 4306 ὁ
3459 4255 3629 4309 εὐπα-

2054 4325 2240 4397 τρίδης
2261 4325 2338 4395 τῷ
2360 4325 2624 4394 δυσγενεῐ.
2660 4325 2758 4397 Hic
2791 4329 2954 4397 etiam
3001 4325 3188 4379 Billins
3215 4327 3472 4397 patricius
3499 4341 3627 4379 Ver-

2054 4394 2135 4450 tit.
2167 4394 2527 4452 Patierrore
2583 4396 2746 4449 vertit
2801 4394 3331 4464 Christopborsonus
3383 4395 3627 4450 Socratis

363 4472 470 4529 est,
500 4466 727 4536 perinde
772 4481 836 4520 ac
863 4464 1134 4536 _Annia_n_i,
1173 4468 1265 4533 qui
1301 4473 1431 4520 ante
1454 4467 1686 4520 Aviliutn
1716 4471 1929 4536 episco-
1963 4474 2006 4528 D
2036 4467 2211 4521 locum
2257 4466 2308 4518 iu
2341 4466 2432 4520 lib.
2472 4483 2543 4530 vi,
2579 4465 2946 4536 ubiJoanues
2990 4468 3410 4536 Chrysostomus
3439 4469 3628 4519 oriun-

363 4549 466 4603 pus
502 4533 723 4589 ’I‘uerat.
775 4534 984 4609 avibus
1036 4534 1282 4609 Flaccus,
1341 4537 1628 4609 praefectus
1685 4533 1926 4609 IE'gypti,

365 4616 699 4659 memoratur
724 4621 753 4660 a
783 4604 1034 4661 Philone.
1064 4605 1232 4659 Porro
1264 4604 1504 4674 capitum
1530 4606 1663 4662 ordo
1703 4604 1810 4663 1ιυῖ
1828 4604 1947 4663 loco

362 4677 718 4746 perturbatus
760 4685 878 4731 erat
923 4675 976 4731 in
1009 4675 1391 4746 _editionibns.
1426 4677 1559 4729 Nam
1597 4677 1778 4745 priore
1826 4680 1946 4733 loco

363 4744 601 4813 positum
643 4757 948 4815 eratcaput
985 4744 1116 4799 illud
1145 4745 1212 4800 de
1238 4748 1585 4802 successione
1601 4744 1788 4810 ’Avilii,
1824 4751 1950 4803 Ale-

367 4817 754 4888 Xandrinorum
783 4817 1055 4888 episcopi;
1078 4817 1416 4888 sequebatur
1462 4817 1658 4888 deinde
1690 4829 1855 4888 caput
1881 4821 1948 4872 de

367 4886 688 4954 pontiﬁcatu
734 4887 1040 4942 Anencleti.
1075 4885 1184 4940 Nos
1221 4901 1287 4939 ex
1320 4889 1440 4940 rod.
1488 4887 1629 4941 Maz.
1687 4885 1948 4953 et‘Fuk.,

368 4969 556 5010 verum
592 4959 837 5011 ordinent
894 4956 1250 5012 restituimus.
1303 4957 1400 5011 Est
1446 4967 1628 5012 autem
1659 4959 1748 5013 hic
1796 4975 1951 5014 error

365 5027 804 5100 antiquissimus.
842 5028 982 5100 Nam,
1008 5038 1063 5082 et
1111 5028 1163 5080 in
1194 5028 1376 5082 indice
1410 5030 1646 5100 capitum
1683 5030 1776 5100 qui
1813 5045 1950 5098 prae-

366 5095 508 5167 ﬁxos
531 5105 610 5167 est
651 5099 745 5153 lib.
777 5115 859 5162 ιιι,
885 5099 938 5152 in
972 5098 1426 5166 interpretatione
1452 5095 1654 5167 liulini,
1677 5095 1951 5155 etin—om-

366 5166 533 5238 nibus
560 5166 764 5224 Grzecis
794 5169 1217 5238 ,exemplaribus
1247 5179 1614 5238 praeterquam
1642 5166 1647 5167 ί
1673 5172 1726 5224 in
1783 5170 1947 5236 Fuk.,

369 5235 514 5310 idem
539 5254 696 5293 error
723 5235 1133 5305 admissusesl.
1161 5235 1272 5294 Sed
1302 5241 1355 5293 in
1393 5235 1624 5308 corpore
1661 5243 1776 5310 ipso
1805 5242 1947 5305 libri,

366 5303 507 5359 Maz.
539 5311 730 5384 codex,
757 5310 848 5384 qui
876 5303 1117 5378 capitum
1149 5310 1336 5384 titulos
1362 5311 1478 5366 suis
1495 5303 1637 5367 locis
1662 5303 1954 5384 diligenter

369 5378 652 5448 appositos
690 5378 871 5448 habet,
902 5395 1150 5436 errorem
1188 5383 1334 5436 hunc
1368 5385 1702 5436 emendavit.

441 5446 552 5519 (96)
579 5448 831 5522 Πολλήν
858 5446 946 5522 τε
963 5450 1111 5519 μήν.
1160 5450 1298 5506 Male
1329 5451 1578 5506 «Rutinus
1622 5456 1735 5508 haec
1788 5453 1952 5507 verba

368 5530 490 5592 esse
515 5525 735 5592 putavit
770 5521 1092 5592 Hegesippi,
1129 5536 1292 5590 quem
1324 5522 1376 5575 in
1412 5525 1517 5577 line
1539 5525 1835 5592 superioris
1861 5540 1954 5576 ca-

369 5587 501 5662 pitis
525 5591 767 5645 laudavit
817 5587 1107 5646 Eusebius.
1145 5587 1220 5646 Ex
1254 5608 1362 5661 quo
1404 5603 1551 5662 patet
1591 5587 1841 5648 [inlinunt
1876 5594 1950 5647 ita

369 5659 590 5729 legisse,
623 5671 678 5714 ut
717 5663 949 5718 habetur
985 5664 1036 5714 in
1071 5659 1285 5717 nostris
1307 5659 1586 5719 codicibus
1614 5664 1776 5729 Maz.,
1810 5664 1948 5717 Med.

369 5743 431 5780 ac
464 5729 489 5781 ιη
506 5728 617 5806 ult._,
637 5729 895 5806 μάρτυςδ
923 5733 1272 5803 Ἡγήσιππος
1293 5733 1488 5806 λέγων·
1514 5734 1718 5804 Πολλὴν
1737 5728 1800 5803 γε
1822 5735 1949 5806 μήν,

374 5807 480 5872 etc.
517 5803 655 5872 Quin
685 5805 849 5859 etiam
883 5805 938 5859 in
967 5815 1173 5874 optimo
1202 5807 1395 5862 codice
1430 5805 1630 5874 Ruﬁni,
1662 5803 1834 5878 eaput
1861 5806 1948 5875 I'l,

2055 4538 2152 4608 dus
2207 4536 2372 4608 fuisse
2421 4536 2617 4591 dicitur
2648 4535 2708 4602 ὲξ
2757 4535 3118 4608 εὐπατριδῶν.
3157 4537 3209 4589 In
3243 4538 3328 4591 bis
3371 4538 3626 4592 oumibus

2054 4607 2192 4660 locis
2224 4607 2450 4659 nobilem
2486 4609 2622 4661 verti
2658 4607 3068 4675 oportuit,’nou
3103 4607 3410 4673 patricium.
3447 4608 3513 4660 Et
3542 4608 3623 4661 sic

2057 4675 2288 4730 liuliuus
2335 4677 2537 4745 optime
2569 4679 2729 4731 vertit
2765 4679 2907 4730 hunc
2941 4677 3157 4730 Eusebii
3185 4679 3387 4739 locum,
3418 4687 3471 4731 et
3501 4677 3628 4731 Ilie-

2056 4747 2398 4818 tonymusriu
2455 4746 2736 4810 Chronico,
2773 4763 2913 4800 anno
2950 4762 3042 4800 Vill
3066 4746 3404 4818 (Domitiani:
3439 4747 3626 4800 Domi-

2056 4817 2232 4870 tianus
2279 4817 2534 4885 plurimos
2580 4819 2835 4882 nobilium
2867 4820 2920 4871 in
2961 4817 3206 4872 exsilium
3258 4819 3418 4869 mittit
3465 4828 3622 4887 atque

2054 4887 2635 4958 οεεὶαἱι.Εὐπατρίδης
2668 4889 2813 4942 enim
2855 4888 2996 4942 idem
3040 4897 3123 4940 est
3175 4903 3236 4941 ac
3283 4887 3530 4958 εὐγενής,
3567 4897 3626 4942 ut

2055 4961 2213 5012 docet
2240 4957 2536 5027 Gregorius
2563 4957 2695 5013 Νη.
2727 4966 2836 5010 tum
2867 4959 2918 5010 iit
2957 4959 3204 5012 oratione
3236 4973 3400 5028 supra
3437 4957 3622 5025 citata,

2059 5030 2242 5081 tumin
2271 5029 2512 5083 carmine
2545 5029 2777 5083 iambico
2809 5029 2894 5085 I9.
2924 5029 3075 5096 Quod
3105 5028 3148 5082 si
3189 5030 3312 5094 quis
3347 5028 3625 5083 existimat

2057 5099 2313 5169 patricios
2345 5108 2400 5153 et
2434 5098 2644 5153 nobiles
2672 5101 2806 5154 nihil
2850 5101 2991 5154 inter
3025 5113 3082 5154 se
3114 5100 3355 5169 dill'erre,
3389 5101 3432 5153 is
3458 5101 3624 5153 vehe-

2057 5167 2267 5224 incnter
2291 5170 2511 5222 fallitur.
2541 5169 2811 5224 Patricius
2840 5173 2982 5224 enim
3008 5168 3148 5238 apud
3173 5167 3444 5222 Romanos
3478 5170 3625 5223 dice-

2055 5241 2240 5312 batur,
2272 5241 2362 5309 qui
2396 5250 2513 5294 erat
2541 5256 2606 5294 ex
2657 5253 2812 5311 gente
2864 5243 3110 5312 patricia,
3163 5252 3217 5293 et
3249 5242 3626 5312 opponebatur

2055 5311 2287 5377 plebeio,
2323 5326 2427 5365 non
2485 5310 2675 5364 autem
2693 5310 2878 5365 nobili.
2917 5313 3104 5379 Itaque
3155 5311 3364 5380 patrici3
3400 5310 3623 5378 quidam

2053 5383 2279 5434 fuerunt.
2311 5381 2451 5450 apud
2495 5381 2794 5446 Romanos,
2834 5383 2923 5450 qui
2966 5399 3071 5435 non
3109 5391 3278 5450 erant
3310 5381 3536 5441 nobiles,
3563 5389 3624 5432 ut

2054 5453 2240 5503 docuit
2270 5448 2524 5520 Sigonius
2560 5454 2612 5504 itt
2646 5453 2782 5506 libro
2813 5448 2886 5506 De
2915 5453 3212 5506 nominibus
3243 5448 3620 5520 Romanorum.

2055 5519 2355 5575 Observavi
2398 5532 2578 5577 autem
2634 5524 2868 5577 nobilem
2925 5525 3064 5590 apud
3101 5523 3374 5575 tintinanos
3419 5519 3624 5572 dictum

2054 5607 2194 5657 esse,
2233 5603 2475 5660 respectu
2527 5595 2711 5647 habito
2738 5596 2802 5646 ad
2828 5593 3110 5653 familiam,
3138 5606 3245 5660 non
3274 5591 3340 5642 ad
3386 5599 3621 5658 gentem.

2054 5661 2288 5716 Proinde
2311 5659 2376 5716 ex
2410 5663 2601 5717 eadem
2630 5674 2789 5730 gente
2813 5665 2899 5716 alii
2930 5669 3084 5720 erant
3110 5659 3336 5724 nobiles,
3364 5661 3452 5714 alii
3481 5661 3627 5731 igno-

2056 5734 2214 5788 biles.
2266 5732 2484 5788 Nobiles
2515 5734 2756 5802 quidem,
2784 5749 3014 5802 qum'um
3054 5739 3204 5802 pater
3246 5739 3299 5784 et
3335 5746 3466 5784 avus
3507 5746 3621 5784 ina-

2056 5806 2346 5875 gistratuut
2372 5801 2611 5861 curulem
2639 5801 2954 5875 gessiSsent,
2990 5801 3250 5872 ignobiles
3269 5812 3458 5859 contra
