4140 6430
485 325 595 395 (εει

1200 323 1468 392 EUSE’BII
1507 315 1982 391 CAESARIENSIS
2019 326 2170 384 ore.
2209 325 2393 382 PARS
2425 322 2474 384 ι.
2507 355 2583 368 -
2620 325 3019 384 ιιιετοιιιοΛ.

3639 335 3749 389 Ξ5Ξ

492 453 928 525 persecutionem
977 452 1031 507 in
1078 467 1178 506 nos
1229 450 1568 516 concitavit,
1604 447 1853 519 quamvis
1906 455 2044 517 patet

2164 443 2321 514 ἡμῶν
2354 443 2592 496 ἀνεκίνει
2637 443 2911 513 διωγμὸν,
2960 459 3167 513 καιπερ
3205 442 3297 496 τοῦ
3339 445 3544 516 πατρὸς
3581 449 3747 504 αὐτοῦ

494 549 662 617 ipsius
692 545 1061 618 Vespasianus
1089 544 1294 600 nullam
1325 561 1566 615 unquam
1617 542 1871 613 injuriam
1907 539 2061 595 nobis

492 639 692 695 Inferrc
724 646 1006 694 tentasset.

1059 726 1284 782 CAPUT
1307 725 1489 781 XVIII.

672 843 750 900 De
769 840 980 897 Joanne
1009 840 1245 911 apostolo
1290 850 1334 893 et
1379 840 1494 910 ejus
1522 838 1877 892 Revelatione.

557 979 614 1033 In
647 978 748 1033 hac
781 987 1157 1048 persecutione
1184 989 1422 1028 aoaniies
1477 973 1757 1042 apostolus
1813 974 1953 1026 idem
2003 981 2061 1027 et

487 1069 846 1139 evangelista,
885 1068 976 1138 qui
1017 1068 1182 1121 etiam
1219 1075 1330 1120 tum
1363 1066 1414 1119 in
1441 1065 1580 1120 vivis
1628 1074 1929 1133 supererat,
1988 1064 2057 1118 ob

479 1127 860 1221 Ttestimonium
890 1127 1032 1222 quod
1082 1153 1269 1206 divino
1307 1149 1486 1208 Verbo
1519 1127 1860 1223 perhibebat,
1890 1127 1944 1205 in
1977 1153 2058 1204 in.

476 1232 659 1316 fsulam
687 1244 931 1298 Palmum
965 1244 1203 1298 traditur
1220 1258 1342 1298 esse
1368 1237 1658 1313 relegatus.
1690 1243 1926 1298 lrenaans
1946 1245 2056 1313 qui-

475 1317 609 1408 ldem
647 1337 700 1390 in
735 1337 926 1405 quinto
951 1336 1215 1391 Adversus
1265 1337 1488 1390 Itwreses
1519 1337 1674 1396 libro.
1711 1337 1958 1390 scribens
1991 1339 2056 1391 de

473 1415 710 1504 {numero
739 1445 898 1498 quem
931 1429 1167 1484 eﬂiciunt
1199 1431 1396 1484 littera:
1430 1431 1663 1484 nominis
1691 1430 2009 1482 Antichristi
2038 1469 2052 1492 ,

472 1512 551 1576 Ede
579 1535 685 1588 quo
711 1522 763 1574 in
791 1515 1017 1574 Joannis
1039 1521 1387 1576 Ret/elatione
1414 1521 1472 1573 Iit
1501 1521 1728 1583 Intentio,
1761 1521 1826 1574 de
1847 1519 2058 1575 Joanne

471 1609 722 1688 loquitur
760 1611 846 1666 his
896 1613 1132 1668 verbis:
1175 1633 1192 1664 ι
1229 1613 1381 1679 Quod
1421 1614 1470 1669 si
1529 1614 1630 1668 hoc
1676 1623 1918 1682 tempore
1967 1628 2058 1666 no-

471 1693 607 1757 'men
640 1703 808 1772 ipsius
835 1705 1160 1759 Antichristi
1193 1706 1370 1774 palam
1403 1706 1802 1776 praedicandum
1839 1705 2052 1770 fuisset,

2169 533 2577 590 Οὐεσπασιανοῦ
2607 533 2772 606 μηδὲν
2793 533 2914 587 καθ’
2935 533 3094 604 ἡμῶν
3116 533 3313 587 ἄτοπον
3340 536 3749 609 ὲπινοήσαντος.

2683 715 3081 769 ΚΕΦΛΛΑΙΟΝ
3115 713 3221 772 IH'.

2166 805 2303 874 Περὶ
2354 803 2633 859 Ἰωάννου
2676 805 2785 860 τοῦ
2822 807 3168 860 ἀποστόλου
3216 808 3325 862 καὶ
3347 807 3456 876 τῆς
3493 810 3747 868 Ἀποκα-

2558 877 2796 944 λύψεως
2835 877 2974 944 (Nic.
3007 877 3076 932 ll.
3106 877 3170 930 Ε.
3202 894 3284 942 ιιι,
3321 880 3399 949 9).

2245 970 2332 1022 Ἐν
2373 967 2546 1039 τούτῳ
2590 967 2806 1038 κατέχει
2840 968 2996 1038 λόγος
3032 969 3123 1022 τὸν
3165 971 3458 1024 ἀπόστολον
3497 973 3609 1044 ἅμα
3650 976 3749 1028 καὶ

2163 1061 2552 1134 εύαγγελιστὴν
2583 1060 2834 1131 Ἰωάννην
2862 1061 2941 1114 ἔτι
2964 1061 3042 1132 τῷ
3066 1061 3164 1134 βίῳ
3192 1063 3615 1136 ἐνδιατρίϐοντα,
3641 1067 3747 1137 τῆς

2163 1155 2243 1216 εἰς
2271 1152 2360 1205 τὸν
2389 1152 2529 1205 θεῖον
2559 1151 2730 1219 Λόγον
2751 1153 2937 1206 ἕνεκεν
2968 1155 3292 1226 μαρτυρίας,
3325 1158 3544 1229 Πάτμον
3574 1163 3747 1214 οἰκεῖν

2163 1243 2622 1314 καταδικασθῆναι
2644 1242 2742 1313 τὴν
2761 1245 2942 1314 νῆσον.
2966 1246 3195 1315 Γράφων
3220 1248 3284 1316 γέ
3307 1266 3388 1302 τοι
3411 1251 3438 1302 ὁ
3456 1252 3744 1322 Εἰρηναῖος

2163 1337 2291 1407 περὶ
2317 1335 2416 1406 τῆς
2443 1334 2622 1406 ψήφου
2649 1335 2746 1404 τῆς
2770 1334 2913 1388 κατὰ
2942 1335 3032 1388 τὸν
3068 1338 3431 1409 Ἀντίχριστον
3467 1359 3742 1414 προσηγο-

2164 1421 2287 1496 ρίας
2314 1424 2619 1496 φερομένης
2647 1426 2704 1478 ὲν
2739 1428 2809 1496 τῇ
2845 1425 3092 1478 Ἰωάννου
3122 1425 3390 1501 λεγομένῃ
3423 1427 3747 1484 Ἀποκαλύ-

2159 1519 2284 1588 ψει,
2315 1517 2506 1581 αὐταῖς
2528 1517 2815 1581 συλλαϐαῖς
2838 1520 2895 1570 ὲν
2917 1518 3150 1589 πέμπτῳ
3168 1519 3274 1572 τῶν
3293 1520 3450 1588 Πρὸς
3469 1522 3576 1589 τὰς
3596 1526 3750 1594 αἱρέ.

2159 1623 2293 1676 σεις
2312 1609 2485 1662 ταῦτα
2507 1610 2635 1681 περὶ
2657 1608 2749 1661 τοῦ
2777 1610 3026 1663 Ἰωάννου
3052 1610 3234 1682 φησίν·
3267 1629 3298 1663 ι
3321 1612 3382 1665 EI
3405 1611 3463 1666 δὲ
3485 1613 3589 1667 ἔδει
3614 1615 3746 1669 ἀνα-

2162 1700 2354 1769 φανδὺν
2381 1703 2436 1752 έν
2467 1699 2542 1770 τῷ
2571 1699 2666 1753 νῦν
2695 1699 2872 1772 καιρῷ
2899 1698 3262 1772 κηρύττεσθαι
3291 1701 3524 1772 τοῦνομα
3549 1703 3738 1768 αὑτοῦ,

478 1795 798 1862 praedictum
827 1795 875 1848 id
909 1794 1103 1850 fuisset
1144 1797 1211 1850 ab
1244 1812 1307 1852 eo
1337 1797 1428 1868 qui
1482 1797 1865 1852 revelationem
1897 1797 2044 1851 vidit.

2157 1791 2223 1845 δι’
2249 1789 2456 1844 ἐκείνου
2489 1790 2554 1846 ἂν
2584 1791 2782 1862 ὲρρέθη
2822 1790 2917 1847 τοῦ
2944 1793 3038 1843 καὶ
3064 1792 3162 1862 τὴν
3191 1793 3530 1862 ἀποκάλυψιν
3562 1797 3739 1865 έωραο

480 1882 666 1953 Neque
693 1887 836 1940 enim
862 1886 1084 1952 dudum,
1114 1888 1205 1942 sed
1230 1897 1421 1942 nostra
1453 1888 1839 1958 propemodum
1873 1898 2050 1952 attate,

479 1975 580 2030 sub
605 1975 810 2031 exitum
839 1977 1048 2032 scilicet
1079 1979 1293 2047 imperii
1325 1978 1615 2033 Domitiani
1649 1979 1760 2034 haec
1795 1979 2054 2034 revelatio

478 2070 593 2121 visa
618 2077 719 2122 est.
748 2087 766 2120 ι
806 2069 973 2124 Porro
1000 2071 1094 2124 his.
1130 2070 1263 2140 ipsis
1292 2071 1627 2140 temporibus
1649 2070 1896 2123 doctrina
1926 2070 2051 2125 ﬁdei

478 2169 682 2215 nostrae
713 2160 826 2230 89
857 2171 1137 2232 tantopere
1168 2162 1391 2217 florebat
1411 2203 1426 2230 ,
1474 2171 1532 2216 ut
1563 2163 1854 2230 scriptores
1884 2173 2048 2216 etiam

475 2268 506 2304 a
539 2252 798 2322 religione
830 2264 1022 2308 nostra
1056 2254 1410 2318 alienissimi,
1441 2263 1497 2309 et
1527 2255 1967 2324 persecutionem
1999 2262 2054 2309 et

476 2329 735 2415 martyria
761 2353 1072 2399 nostrorum
1125 2343 1487 2401 monumentis
1521 2344 1636 2399 suis
1684 2346 1898 2398 tradere
1945 2360 2049 2399 non

476 2437 779 2492 dubitarint
835 2436 936 2504 Qui
975 2439 1193 2508 quidem
1224 2439 1388 2493 etiam
1419 2447 1632 2506 tempus
1662 2437 1832 2505 ipsum
1865 2450 2050 2504 persc-

476 2529 715 2584 cutionis
744 2540 999 2586 accurate
1035 2539 1382 2584 notaverunt.
1425 2528 1689 2583 Scribunt
1718 2528 1862 2582 enim
1910 2542 2053 2581 anno

475 2618 821 2688 principatus
843 2621 1131 2674 Domitiani
1181 2619 1373 2688 quinto
1404 2620 1636 2683 decimo,
1666 2618 1906 2675 Flaviam
1945 2617 2051 2670 Do-

476 2709 727 2764 mitillam
758 2709 932 2765 Flavii
967 2711 1262 2766 Clementis
1300 2711 1419 2781 ejus
1459 2711 1552 2781 qui
1610 2721 1739 2768 tunc
1788 2711 2052 2780 temporis

476 2799 668 2856 Romae
687 2802 1015 2868 consultfuit,
1051 2820 1116 2858 ex
1147 2818 1334 2859 sorore
1365 2814 1608 2874 neptem,
1641 2817 1744 2857 una
1773 2818 1898 2857 cum
1931 2801 2052 2856 aliis

476 2893 728 2960 plurimis
757 2895 826 2951 ob
855 2895 1252 2951 confessionem
1304 2895 1503 2952 Christi
1537 2897 1589 2953 in
1628 2895 1865 2950 insulam
1908 2896 2055 2952 P0“..-

479 2984 612 3039 tiam
633 2984 804 3041 fuisse
833 2985 1200 3056 deportatam.

1047 3158 1275 3216 CAPUT
1316 3159 1462 3217 XIX.

478 3271 754 3336 Quomodo
789 3271 1124 3327 Domitianus
1159 3273 1376 3328 Davidis
1405 3285 1641 3343 posteros
1667 3275 1831 3344 jussit
1859 3274 2045 3328 occidi.

545 3407 677 3461 Cum
707 3422 836 3461 vero
864 3408 1004 3461 idem
1036 3406 1378 3462 Domitianus
1403 3409 1691 3465 universos
1737 3410 1831 3479 qui
1880 3425 1909 3463 a
1945 3411 2050 3464 Da-

472 3501 596 3553 vide
616 3498 830 3568 generis
853 3498 934 3553 sui
967 3499 1232 3570 originem
1273 3501 1557 3564 ducerent,
1587 3501 1822 3555 interfici
1850 3501 2047 3572 jussis-

473 3600 579 3658 set,
612 3599 765 3646 vetus
795 3590 938 3646 fama
956 3603 1039 3648 est
1054 3602 1300 3661 posteros
1316 3591 1465 3647 Judae
1486 3593 1608 3662 ejus
1627 3595 1718 3663 qui
1747 3594 2046 3651 secundum

471 3698 695 3738 carnem
723 3682 892 3738 frater
918 3683 1121 3738 Christi
1147 3685 1345 3748 fuerat,
1390 3699 1422 3738 a
1471 3684 1798 3753 quihusdam
1829 3686 2047 3741 mureti-

472 3776 554 3831 cis
588 3789 710 3829 esse
732 3775 945 3830 delatos
976 3817 991 3842 ,
1041 3785 1230 3846 utpote
1257 3777 1358 3846 qui
1382 3786 1439 3832 et
1492 3777 1715 3832 Davidis
1761 3779 1931 3849 stirpe
1957 3794 2043 3834 es-

470 3877 594 3922 sent
625 3867 864 3935 oriundi,
911 3880 965 3924 et
996 3871 1167 3938 ipsius
1195 3868 1397 3925 Christi
1434 3869 1836 3940 propinquitate
1872 3871 2043 3942 fulge-

472 3972 612 4017 rent.
645 3962 709 4016 Et
733 3965 847 4017 haec
875 3963 1091 4033 quidem
1113 3970 1348 4018 testatur
1370 3962 1706 4033 Hegesippus
1734 3964 1828 4019 his.
1841 3966 2044 4021 verbis.

1059 4053 1290 4107 CAPUT
1330 4051 1452 4111 XX.

780 4144 856 4198 De
883 4145 1191 4215 propinquis
1216 4143 1513 4198 Servatoris
1544 4147 1728 4200 nostri.

547 4250 567 4286 ι
603 4231 717 4299 His,
748 4233 961 4302 inquit,
997 4233 1329 4301 temporibus
1359 4235 1532 4290 adhuc
1564 4245 1883 4306 supererant
1922 4236 2045 4306 qui—

470 4325 593 4377 dam
621 4339 682 4377 ex
720 4325 1047 4393 cognatione
1076 4324 1310 4389 Christi,
1349 4335 1572 4395 nepotes
1603 4325 1753 4382 Iudae
1782 4327 1922 4382 illius
1948 4331 2037 4399 qui

469 4416 764 4472 secundum
794 4431 1013 4470 carnem
1048 4417 1223 4472 frater
1261 4417 1464 4473 Christi
1501 4421 1820 4475 vocabatur.
1849 4420 1957 4478 Hos
2009 4437 2048 4478 a.

2075 3173 2124 3230 Θ

2158 1883 2332 1946 κότος.
2369 1882 2504 1939 Οὐδὲ
2545 1881 2655 1953 γὰρ
2701 1881 2807 1953 πρὸ
2847 1881 3042 1935 πολλοῦ
3076 1882 3267 1953 χρόνου
3310 1885 3523 1956 ἑωράθη
3549 1927 3565 1951 ,
3604 1886 3742 1940 ἀλλὰ

2158 1973 2341 2044 σχεδὸν
2378 1975 2468 2026 ἐπὶ
2495 1974 2593 2044 τῆς
2621 1974 2899 2044 ἡμετέρας
2926 1976 3120 2041 γενεᾶς
3140 2014 3154 2038 ,
3184 1973 3321 2045 πρὸς
3355 1976 3432 2045 τῷ
3469 1976 3610 2029 τέλει
3640 1979 3740 2047 τῆς

2154 2064 2482 2135 Δομετιανοῦ
2515 2065 2704 2136 ἀρχῆς.
2735 2084 2752 2115 ι
2799 2065 2893 2128 Εἰς
2932 2065 3182 2118 τοσοῦτον
3211 2065 3269 2124 δὲ
3297 2067 3402 2138 ἄρα
3444 2067 3585 2123 κατὰ
3612 2071 3742 2133 τοὺς

2153 2155 2512 2229 δηλουμένους
2543 2157 2578 2226 η
2607 2154 2707 2224 τῆς
2729 2156 3002 2226 ἡμετέρας
3033 2156 3270 2220 πίστεως
3299 2157 3611 2210 διδασκαλία
3631 2159 3742 2213 διέ-

2153 2249 2420 2319 λαμπεν,
2447 2247 2523 2311 ὡς
2569 2249 2664 2301 καὶ
2700 2249 2828 2313 τοὺς
2871 2247 3071 2302 ἄποθεν
3108 2247 3202 2300 τοῦ
3247 2249 3365 2305 καθ’
3393 2251 3540 2319 ἡμᾶς
3575 2250 3738 2318 λόγου

2156 2342 2492 2411 συγγραφεῖς
2524 2339 2597 2410 μὴ
2641 2339 2947 2409 ἀποκνῆσαι
2978 2342 3096 2401 ταῖς
3129 2339 3308 2392 αὐτῶν
3347 2341 3604 2413 ἱστορίαις
3643 2341 3739 2396 τόν

2149 2449 2211 2485 τε
2254 2430 2490 2501 διωγμὸν
2532 2431 2626 2484 καὶ
2663 2430 2732 2484 τὰ
2779 2433 2836 2483 ἐν
2877 2430 3026 2500 αύτῷ
3077 2430 3350 2502 μαρτύρια
3383 2431 3736 2503 παραδοῦναι.

2153 2521 2280 2591 Οἴγε
2314 2523 2408 2575 καὶ
2442 2522 2533 2574 τὸν
2573 2522 2762 2593 καιρὸν
2799 2523 2884 2575 ἐπ’
2914 2521 3139 2592 ἀκριϐὲς
3185 2523 3633 2594 ἐπεσημήναντο,
3679 2526 3738 2578 ἐν

2151 2614 2261 2668 ἔτει
2293 2613 2762 2684 πεντεκαιδεκάτῳ
2790 2613 3115 2685 Δομετιανοῦ
3153 2615 3291 2684 μετὰ
3323 2614 3588 2667 πλείστων
3617 2616 3738 2668 ἑτέ-

2155 2726 2264 2779 ρων
2297 2709 2391 2764 καὶ
2417 2707 2652 2763 Φλαϐίαν
2680 2707 3008 2777 Δομετίλλαν
3040 2709 3465 2779 ἱστορήσαντες,
3489 2708 3545 2774 ἐξ
3582 2708 3736 2767 ἀδελ-τ

2152 2799 2257 2870 φῆς
2284 2803 2568 2867 γεγονυῖαν
2607 2795 2839 2852 Φλαϐίου
2877 2799 3224 2872 Κλήμεντος,
3269 2798 3387 2863 sva;
3433 2799 3539 2851 τῶν
3583 2817 3735 2870 τηνι-

2151 2891 2278 2946 κάδε
2325 2889 2416 2943 ἐπὶ
2460 2888 2679 2961 Ῥώμης
2717 2890 2970 2953 ὑπάτων,
3019 2890 3116 2957 τῆς
3155 2891 3235 2953 είς
3266 2888 3498 2961 Χριστὸν
3531 2907 3739 2962 μαρτυ-

2155 2979 2275 3053 ρίας
2317 2979 2542 3046 ἕνεκεν,
2587 2981 2666 3043 εἰς
2710 2980 2873 3050 νῆσον
2907 2979 3137 3035 Ποντίαν
3173 2979 3314 3034 κατὰ
3351 2981 3620 3054 τιμωρίαν
3653 2982 3738 3035 δε-

2148 3069 2356 3128 δόσθαι.

2681 3161 3080 3214 ΚΕΦΑΛΑΙῦΝ
3113 3161 3216 3217 ΙΘ’.

2165 3252 2262 3318 Ὠς
2309 3249 2662 3318 Δομετιανὸς
2724 3249 2864 3321 τοὺς
2919 3248 3037 3321 ἀπο
3090 3248 3304 3321 γέῂους
3347 3250 3523 3308 Δαϐὶδ
3571 3253 3737 3308 Liras-

2300 3321 2536 3390 ,οεῐσθαι
2566 3319 2922 3388 προστάττει
2962 3319 3105 3391 (Nic.
3149 3319 3218 3373 Η.
3254 3321 3320 3377 E.
3358 3338 3441 3386 ιιι,
3468 3322 3579 3392 10).

2223 3411 2330 3464 Τοῦ
2375 3411 2418 3464 δ’
2448 3409 2611 3465 αὑτοῦ
2641 3408 2967 3480 Δομετιανοῦ
3016 3411 3142 3474 τοὺς
3188 3413 3294 3464 ἀπὸ
3343 3413 3530 3481 γένους
3571 3413 3738 3468 Δαδὶδ

2153 3503 2492 3574 ἀναιρεῖσθαι
2545 3501 2978 3574 προστάξαντος,
3031 3501 3260 3567 παλαιὸς
3308 3505 3524 3575 κατέχει
3577 3505 3734 3574 λόγος

2151 3597 2261 3650 τῶν
2306 3594 2597 3668 αἱρετικῶν
2650 3613 2804 3658 τινας
2851 3596 3226 3666 κατηγορῆσαι
3285 3596 3393 3651 τῶν
3452 3599 3733 3667 ἀπογόνων

2162 3689 2366 3743 Ἰούδα·
2410 3688 2599 3742 τοῦτον
2648 3689 2706 3742 δὲ
2755 3683 2893 3742 εἶναι
2940 3688 3166 3758 ἀδελφὺν
3223 3689 3364 3744 κατὰ
3414 3691 3588 3763 σάρκα
3637 3693 3732 3746 τοῦ

2150 3783 2402 3854 Σωτῆρος
2425 3798 2439 3812 ο
2492 3781 2568 3844 ὼς
2601 3780 2711 3834 ἀπὸ
2747 3780 2936 3849 γένους
2982 3781 3356 3851 τυγχανόντων
3393 3783 3590 3847 Δαϐὶδ,
3639 3785 3735 3838 καὶ

2149 3875 2224 3938 ὡς
2248 3875 2414 3928 αύτοῦ
2450 3873 2770 3944 συγγένειαν
2801 3873 2894 3928 τοῦ
2929 3873 3168 3946 Χριστοῦ
3210 3875 3502 3948 φερόντων.
3549 3879 3735 3932 Ταῦτα

2150 3968 2206 4020 δὲ
2238 3967 2387 4038 δηλοῖ
2413 3967 2553 4022 κατὰ
2580 3966 2725 4033 λέξιν
2755 3960 2858 4022 ὧδέ
2891 3984 3006 4030 πως
3034 3967 3206 4036 λέγων
3235 3969 3263 4022 ὁ
3299 3969 3656 4040 Ἡγήσιππος.

2692 4146 3091 4200 ΚΕΦΑΛΑῙΟΝ
3122 4149 3206 4200 Κ¹.

2253 4239 2394 4306 Περὶ
2422 4237 2541 4292 τῶν
2572 4238 2723 4306 πρὸς
2754 4239 2969 4308 γένους
3001 4241 3106 4295 τοῦ
3139 4243 3412 4313 Σωτῆρος
3439 4245 3625 4315 ἡμῶν.

2223 4330 2375 4382 «Ἔτι
2399 4329 2454 4382 δὲ
2482 4331 2811 4402 περιῆσαν-οἱ
2832 4332 2940 4385 ἀπὸ
2967 4333 3156 4401 γένους
3185 4335 3278 4388 τοῦ
3312 4337 3515 4407 Κυρίου
3549 4339 3736 4390 υἱωνοὶ

2161 4421 2328 4474 Ἰούδα
2356 4423 2464 4495 (98)
2492 4463 2506 4489 ,
2540 4423 2634 4478 τοῦ
2662 4425 2802 4479 κατὰ
2836 4425 3014 4496 σάρκα
3053 4426 3348 4499 λεγομένου
3382 4429 3544 4484 αὐτοῦ
3577 4430 3728 4484 ἀδελ-

540 4641 878 4715 (98)-Υἱωνοὶ
921 4641 1126 4715 Ἰούδα.
1158 4641 1212 4715 In
1244 4643 1433 4715 codice
1471 4643 1644 4715 Regio
1703 4660 1767 4699 ac
1819 4645 1958 4702 Med.
1995 4655 2046 4700 et
2078 4649 2122 4704 D
2151 4644 2346 4699 Judam
2391 4647 2612 4700 fratrem
2663 4648 2876 4705 Domini
2925 4653 3218 4708 exstitisse.
3259 4655 3362 4707 Sed
3406 4665 3592 4709 contra
3643 4667 3727 4710 est

471 4715 610 4782 apud
639 4711 927 4781 Georgium
977 4713 1285 4780 Syncellum
1327 4713 1523 4780 legitur
1551 4711 1681 4767 υἱῶν
1733 4715 1901 4768 Ἰούδα
1933 4717 2030 4767 li-vi

455 4791 791 4846 discrimine.
848 4788 1116 4844 Caeterum
1171 4789 1341 4843 miror
1397 4786 1764 4860 Scaligerum,
1817 4789 1912 4860 qui
1977 4788 2041 4846 in.

454 4861 1035 4917 Animadversionibus
1064 4860 1387 4915 Euscbianis
1427 4874 1549 4928 pag.
1583 4856 1702 4921 187,
1730 4856 1849 4913 ιειιιῐ
1868 4859 2037 4916 Euse-

457 4932 607 4985 liium
634 4945 792 5000 quam
825 4929 1182 5000 Ilegesippum
1210 4931 1480 4985 immerito
1511 4930 1876 4998 reprehendit.
1896 4929 2031 4982 Nam

461 5015 636 5068 neque
682 4999 1012 5069 Hegesippus
1067 5000 1436 5068 posteritatem
1492 5000 1713 5054 Davidis
1774 5003 1840 5054 ad
1900 5004 2036 5069 duos

460 5067 673 5124 tantum
714 5067 966 5124 homines
1000 5067 1125 5124 tunc
1154 5086 1276 5124 esse
1313 5073 1582 5124 redactam
1616 5072 1772 5134 dixit,
1807 5079 1867 5124 ut
1896 5067 2033 5125 falso

456 5140 508 5194 ei
541 5140 734 5209 objicit
759 5139 1030 5210 Scaliger,
1059 5141 1152 5193 sed
1197 5141 1568 5210 posteritatem
1594 5140 1744 5195 Iudae
1775 5141 1865 5209 qui
1913 5149 2034 5210 erat

459 5211 630 5263 frater
662 5210 896 5264 Domini.
918 5209 1037 5264 Nec
1067 5210 1328 5264 Eusebius
1361 5209 1646 5279 llcgesippi
1679 5212 1843 5279 verba
1875 5209 2035 5262 aliter

457 5281 688 5348 accepit.
730 5280 889 5350 Certe
923 5279 1254 5350 Hegesippus
1287 5279 1488 5333 diserte
1520 5278 1750 5333 testatur
1808 5278 2032 5350 Symeo-

458 5365 581 5404 nem
617 5350 799 5418 Clopae
828 5349 1027 5414 filium,
1063 5351 1154 5418 qui
1186 5359 1311 5404 tunc
1350 5357 1469 5402 erat
1514 5350 1803 5416 episcopus
1833 5349 2026 5418 Hiero-

456 5417 820 5491 solymorum,
843 5431 1022 5491 ortum
1050 5417 1324 5491 fuisseetr
1344 5430 1508 5489 gente
1532 5419 1814 5491 Davidica.
1850 5417 2028 5472 Verba

454 5489 576 5558 ejus
625 5490 795 5544 habes
828 5489 969 5543 infra
1012 5505 1134 5559 cap.
1173 5489 1276 5559 σε.
1311 5489 1496 5558 Itaque
1547 5504 1648 5543 nec
1694 5489 2028 5559 Hegesippus

455 5557 682 5627 erravit,
717 5576 818 5614 nec
847 5557 1132 5614 Eusebius.
1172 5557 1294 5628 Ipse
1334 5557 1514 5628 potius
1559 5557 1804 5628 Scaliger
1836 5573 2027 5626 repre-

460 5629 777 5700 hendendus
809 5638 912 5692 est,
945 5631 1036 5698 qui
1091 5629 1353 5700 adversus
1409 5630 1792 5684 auctoritatem
1847 5628 2026 5700 Hege-

457 5699 618 5768 sippi,
649 5700 1002 5755 vetustissimi
1049 5699 1332 5767 scriptoris
1379 5710 1434 5754 et
1471 5700 1782 5769 apostolicis
1819 5711 2025 5766 tempo-

456 5771 604 5825 ribus
629 5770 886 5840 proximi,
921 5772 1191 5831 obstinate
1225 5769 1527 5840 contendit,
1553 5770 1755 5827 nullum
1793 5784 2028 5839 unquam

2154 4717 2486 4796 Epiphanius
2539 4719 2590 4796 in
2643 4719 2833 4774 hzcrcsi
2891 4737 3118 4796 ιιωινιιι,
3172 4728 3262 4793 qui
3315 4722 3604 4796 Josephum
3657 4741 3726 4781 ex

2147 4790 2327 4862 priore
2345 4789 2596 4862 coniugio
2618 4799 2852 4862 quatuor
2884 4793 2956 4844 ait
2987 4789 3290 4862 suscepisse
3314 4789 3534 4858 liberos.
3562 4794 3724 4849 Jaco-

2153 4857 2301 4936 ltum,
2328 4856 2695 4936 _Syme_onem,
2729 4858 2963 4936 Josetem
3000 4873 3053 4916 et
3080 4856 3296 4922 ludam.
3328 4865 3428 4936 Cui
3452 4856 3723 4920 consentit

2153 4927 2472 5006 Hippolytus
2501 4927 3140 5006 Portuensisepiscopus
3177 4937 3317 5004 apud
3355 4935 3732 5006 Nicephorum

2151 4997 2204 5050 in
2249 4997 2484 5077 libro-tt,
2520 5012 2639 5077 cap.
2673 4999 2726 5062 5,
2781 4997 2894 5055 nisi
2935 4997 3081 5070 quod
3124 4997 3229 5077 pro
3251 4997 3512 5077 Symeone
3544 5007 3722 5077 Simo-

2150 5067 2720 5140 nem_dicit,__rectius,
2748 5080 2808 5123 ut
2827 5067 3018 5140 hsup'ra
3049 5067 3277 5140 notavi,
3296 5067 3364 5128 'et
3392 5076 3529 5130 ﬁlias
3556 5076 3716 5132 aliter

2149 5137 2411 5216 t_tpmi_n_at.
2457 5137 2793 5216 Hi_s_acce_dit
2822 5137 3264 5216 Hieronymusin
3296 5144 3436 5200 libro
3457 5147 3719 5216 Adversus

2146 5205 2473 5286 lle/vidium.
2511 5209 2665 5262 Dicet
2697 5209 2927 5286 fortasse
2963 5205 3164 5286 aliquis
3191 5215 3244 5269 id
3268 5219 3432 5286 iquod
3469 5233 3498 5269 a
3541 5215 3718 5270 Scali-

2142 5278 2520 5352 gero_di_ctum
2572 5287 2676 5352 est,
2722 5280 3014 5352 nullamiin
3045 5278 3338 5351 Evangelii)
3386 5287 3720 5341 mentionem

2140 5343 2258 5426 eius
2281 5343 2433 5426 Iuda:
2468 5347 2604 5426 fieri.
2636 5350 2910 5426 lmoﬂvero
2937 5343 3229 5410 Matthaeus
3263 5356 3316 5409 in
3346 5371 3467 5423 cap.
3503 5373 3621 5419 xm,
3651 5359 3722 5411 de

2142 5413 2251 5493 illo_
2279 5417 2357 5470 sic
2405 5417 2649 5493 loquitur
2678 5437 2691 5472 :
2725 5417 2913 5493 Nonne
2933 5434 3106 5493 mater
3135 5426 3251 5493 ejus
3287 5413 3484 5480 dici/ur
3510 5413 3708 5490 Maria,

2140 5498 2190 5558 et
2223 5485 2414 5558 fratres
2458 5488 2571 5555 ejus
2616 5489 2873 5555 Jacobus,
2917 5485 3375 5558 JosephﬁSimon
3424 5507 3471 5550 et
3501 5485 3718 5552 Judas.’

2141 5553 2288 5637 Idem
2325 5553 2533 5637 legitur
2576 5558 2837 5637 in_Ma_r_ci
2861 5553 2867 5555 V
2890 5577 3010 5637 cap.
3045 5553 3314 5620 vt.'Vidcs
3363 5576 3418 5620 ut
3449 5567 3710 5636 Scaliger,

2140 5626 2308 5706 nimio
2355 5628 2792 5706 reprehendendi
2830 5626 3341 5706 studio_abrcptus,
3379 5639 3570 5692 interitu
3596 5626 3714 5704 ipse

2139 5699 2208 5750 in.
2237 5699 2712 5765 reprehensionem
2740 5700 2983 5757 incurrit.
3023 5699 3308 5760 Porro—hic
3329 5699 3336 5702 ⁷
3358 5706 3522 5762 ludas
3574 5699 3713 5761 uio-

2140 5780 2251 5821 reiu
2286 5781 2315 5820 a
2341 5768 2610 5826 nonnullis
2638 5770 2836 5828 dicitur
2868 5774 3122 5835 habuisse
3153 5777 3397 5847 Mariam,
3439 5788 3574 5835 teste
3615 5775 3713 5834 Ri-
