4140 6430
272 393 419 451 253

1302 399 1646 457 HISTORIAS
1686 399 2246 459 ECCLESIASTICAS
2284 400 2411 455 LIB.
2453 399 2539 454 III.
3451 390 3556 446 ΞΜ

272 514 442 579 φοῦ,
475 515 569 579 οὓς
598 516 1047 587 ὲδηλατόρευσαν,
1083 517 1159 581 ὡς
1196 519 1259 571 ἐκ
1290 519 1478 588 γένους
1519 521 1673 583 ὄντας
1702 520 1862 574 Δαϐίδ

1992 520 2263 576 nonnuh‘is
2289 518 2494 573 delatos
2518 514 2660 585 quod
2693 530 2755 569 ex
2792 512 2935 583 regia
2970 509 3190 566 Davidis
3218 508 3383 578 stirpe
3432 521 3557 574 pre-

272 602 555 669 Τουτους
585 607 629 659 δ’
652 609 681 659 6
720 607 1017 671 Ἰουόκατος
1049 607 1158 677 (99)
1188 610 1360 679 ἤγαγε
1400 610 1536 680 πρὸς
1564 613 1862 681 Δομετιανὸπ

1990 612 2134 684 gnati
2188 620 2392 676 essent,
2428 616 2681 663 evocatus
2732 606 2797 659 ad
2860 601 3221 657 Domitianum
3281 597 3554 652 Caesarem

274 697 602 770 Καίσαραο
645 699 891 768 ἑφοὸεῖτο
924 698 1033 771 γὰρ
1073 700 1169 772 τὴν
1208 702 1507 773 παρουσίαν
1533 702 1625 756 τοῦ
1655 704 1862 775 Χριστοί

1992 704 2270 775 perduxit.
2321 702 2533 771 Quippe
2578 698 2916 753 Domitianus
2946 696 3013 749 de
3069 694 3303 746 adventu
3351 689 3552 744 Christi

270 786 372 849 ὡς
408 791 507 843 καὶ
536 791 799 862 Ἡρώδης.
823 792 933 844 Καὶ
954 791 1305 863 ἐπηρώτησεν
1330 793 1526 856 αὐτοὺς
1550 794 1597 846 εί
1622 795 1687 847 ἐκ
1723 793 1862 847 Δα6ίι

1989 795 2212 864 perinde
2252 808 2315 847 ac
2374 791 2614 846 Herodes
2654 787 2756 842 sibi
2791 784 3085 839 metuebat.
3110 781 3428 847 Interrogati
3453 779 3554 848 igi-

272 882 437 935 εἰσι.
474 883 585 936 Kal.
611 883 984 953 ὡμολόγησαν.
1018 885 1149 938 Τότε
1172 883 1454 955 ἠρώτησεν
1474 885 1691 950 αὐτοὺς,
1715 886 1862 939 πόσαι

1988 896 2077 942 tur
2105 886 2172 939 ab
2198 885 2291 940 illo
2317 894 2495 938 utrum
2534 896 2600 936 ex
2633 881 2801 948 stirpe
2840 875 3056 930 [)avidis
3092 879 3278 927 essent
3312 870 3549 933 oriundi,

275 972 533 1041 κτήσεις
564 971 794 1040 ἔχουσιν,
832 971 865 1042 ἢ
898 972 1078 1024 πόσων
1106 971 1402 1043 χρημάτων
1429 970 1790 1042 κυριεύουσιν.
1824 977 1862 1023 U

1986 978 2039 1033 id
2070 976 2414 1031 verissimum
2445 987 2569 1028 esse
2600 968 2834 1026 confessi
2862 975 3009 1021 sunt.
3058 962 3261 1017 Deinde
3310 962 3554 1015 sciscitaa

273 1060 345 1112 δὲ
404 1059 562 1115 εἷπον
596 1063 923 1133 ἀμφότεροι,
964 1064 1334 1132 ἐννακισχίλια
1366 1063 1591 1136 δηνάρια
1621 1064 1862 1135 ὑπάρχειε

1983 1081 2071 1128 tus
2103 1080 2187 1126 est
2214 1084 2281 1124 ex
2317 1067 2420 1123 illis
2451 1066 2811 1131 Domitianus,
2859 1074 3091 1135 quantas
3134 1062 3504 1133 possessiones
3532 1100 3549 1125 ,

275 1157 494 1221 αὐτοῖς
528 1159 683 1228 μόνα,
714 1159 928 1228 ἑκάστῳ
958 1157 1137 1210 αὐτῶν
1168 1158 1460 1227 ἀνήκοντος
1486 1156 1579 1209 τοῦ
1619 1156 1862 1226 ἡμίσεως

1992 1175 2320 1234 quantumve
2344 1160 2590 1230 pecuniae
2615 1158 2901 1212 haberent.
2933 1156 3011 1209 Illi
3042 1170 3172 1210 vero
3204 1170 3392 1209 novem
3431 1163 3552 1206 tau-

275 1252 414 1304 Καὶ
450 1252 625 1305 ταῦτα
661 1252 757 1305 οὐκ
803 1255 858 1304 ἐν
891 1250 1169 1321 ἀργυρίοις
1207 1249 1443 1318 ἔφασκον
1482 1248 1645 1318 ἔχειν,
1682 1248 1795 1301 ἀλλ’
1827 1248 1862 1299 ἐι

1986 1252 2262 1308 tummodo
2286 1250 2631 1317 denariprum
2659 1247 2825 1301 millia
2852 1246 2953 1301 sibi
2979 1246 3237 1299 ambobus
3266 1254 3550 1315 suppetere

276 1342 625 1414 διατιμήσει
650 1344 752 1413 γῆς
782 1341 1027 1414 πλέθρων
1061 1343 1353 1412 τριάκοντα
1386 1340 1541 1393 ἐννέα
1578 1339 1786 1411 μόνων,
1824 1341 1862 1393 ἐέ

1984 1347 2259 1409 dixerunt,
2299 1358 2528 1412 quorum
2564 1341 2785 1394 dimidia
2827 1355 2956 1409 pars
2988 1338 3213 1409 singulis
3269 1347 3545 1405 compete-

276 1425 376 1484 ὧν
425 1434 525 1486 καὶ
567 1434 692 1496 τοὺς
735 1432 930 1503 φόρους
972 1433 1264 1502 ἀναφέρειν
1296 1431 1402 1502 (1),
1439 1433 1532 1485 καὶ
1565 1432 1760 1494 αὐτοὺς
1788 1431 1862 1484 αὐι

1982 1444 2067 1488 ret
2101 1450 2115 1488 :
2152 1449 2245 1489 eas
2275 1449 2404 1489 vero
2446 1433 2732 1488 facultates
2777 1447 3119 1500 nequaquam
3157 1446 3216 1485 se
3243 1430 3296 1483 in
3328 1436 3549 1498 argento

275 1524 671 1595 τουργοῦντας
714 1523 1112 1595 διατρέφεσθαι.
1150 1519 1280 1577 Εἶτα
1322 1523 1378 1575 δὲ
1424 1523 1517 1576 καὶ
1553 1522 1650 1585 τὰς
1693 1526 1862 1593 χεῖρας

1980 1527 2200 1593 habere,
2249 1528 2342 1582 sed
2393 1527 2446 1580 in
2486 1525 2848 1580 mstimatioue
2880 1540 3155 1593 agrorum,
3193 1537 3383 1577 novem
3442 1521 3548 1575 sci—

278 1614 399 1677 τὰς
436 1615 649 1668 ἑαυτῶν
678 1614 1081 1677 ἐπιδεικνύναι,
1115 1614 1408 1686 μαρτύριον
1432 1614 1531 1684 τῆς
1556 1614 1862 1685 αὑτουργίας

1978 1613 2105 1670 licet
2140 1629 2202 1668 ac
2226 1615 2442 1685 triginta
2474 1615 2572 1669 soli
2594 1614 2844 1684 jugerum
2882 1633 2894 1668 :
2928 1630 2993 1668 ex
3020 1630 3249 1683 quorum
3287 1612 3547 1667 fructibus

278 1706 397 1776 τὴν
434 1706 534 1759 τοῦ
576 1705 824 1777 σώματος
852 1705 1133 1777 σκληρίαν,
1166 1706 1258 1759 καὶ
1288 1708 1412 1769 τοὺς
1452 1705 1559 1758 ἀπὸ
1596 1705 1694 1775 τῆς
1753 1723 1877 1759 συν-

280 1797 460 1866 εχοῦς
490 1798 749 1870 ἐργασίας
787 1796 1303 1860 ἐναποτυπωθέντας
1329 1798 1421 1849 ἐπὶ
1453 1798 1559 1850 τῶν
1587 1796 1726 1851 ἰδίων
1768 1814 1877 1867 χει-

1978 1719 2032 1762 et
2063 1709 2259 1762 tributa
2291 1707 2684 1777 persolverent,
2732 1715 2788 1760 et
2822 1705 2921 1761 sibi
2972 1707 3102 1776 ipsis
3135 1720 3239 1758 non
3269 1704 3387 1759 sine
3415 1718 3543 1773 peo-

1979 1797 2095 1867 prio
2122 1796 2231 1866 90
2259 1796 2442 1850 labore
2476 1796 2675 1849 victum
2698 1802 3097 1862 compararent.
3125 1790 3405 1860 Simulque
3433 1805 3547 1841 ma-

286 1891 411 1962 ρῶν
441 1889 636 1952 τύλους
671 1890 747 1959 (2)
789 1891 1176 1960 παριστάντας.
1217 1889 1614 1961 Ἐρωτηθέντας
1648 1890 1703 1943 δέ
1746 1892 1862 1962 napi

1976 1905 2077 1945 nus
2101 1889 2385 1944 ostendere
2413 1896 2716 1956 coeperunt,
2733 1887 2986 1940 duritiem
3010 1885 3169 1948 cutis,
3197 1884 3545 1952 impressum-

279 1982 392 2035 τοῦ
420 1981 657 2055 Χριστοῦ
693 1982 785 2035 καὶ
823 1983 918 2051 τῆς
947 1981 1221 2051 βασιλείας
1255 1981 1452 2046 αὐτοῦ,
1486 1983 1645 2035 ὁποία
1674 1999 1757 2045 τις
1790 1983 1874 2052 εἴη

286 2073 395 2126 καὶ
444 2074 575 2126 πότε
617 2075 709 2126 καὶ
752 2076 844 2125 ποῖ
871 2074 1242 2145 φανησομένη,
1280 2073 1432 2142 λόγον
1468 2074 1668 2138 δοῦναι,
1701 2075 1775 2137 ὡς
1813 2075 1874 2126 οὐ

289 2167 542 2236 κοσμικὴ
580 2166 679 2236 μὲν
728 2166 834 2219 οὐδ’
861 2166 1120 2234 ἐπίγειος,
1156 2167 1473 2236 ἐπουράνιος
1504 2167 1559 2219 δὲ
1595 2168 1685 2219 καὶ
1713 2168 1877 2235 ἀγγε-

286 2258 422 2329 λικὴ
446 2258 724 2328 τυγχάνει,
758 2259 849 2311 ἐπὶ
874 2258 1151 2326 συντελείᾳ
1175 2258 1268 2311 τοῦ
1298 2259 1490 2322 αἰῶνος
1515 2259 1873 2330 γενησομένη,

285 2348 537 2417 ὁπηνίκα
564 2348 731 2403 ἐλθὼν
760 2352 817 2402 ἐν
838 2349 966 2420 δόξῃ
987 2352 1162 2421 κρινεῖ
1182 2344 1386 2421 ζῶντας
1408 2350 1484 2421 (5)
1508 2350 1601 2403 καὶ
1629 2351 1872 2421 νεκροὺς,

286 2440 390 2491 καὶ
420 2439 691 2492 ἀποδώσει
717 2441 930 2510 ἑκάστῳ
975 2439 1117 2494 κατὰ
1151 2439 1220 2493 τὰ
1250 2440 1656 2520 ἐπιτηδεύματα
1684 2441 1870 2495 αὐτοῦ.

274 2528 428 2597 ο⁸Εςρ’
450 2525 531 2594 οἷς
567 2532 732 2603 μηδὲν
770 2530 948 2584 αὐτῶν
987 2533 1369 2601 κατεγνωκότα
1404 2534 1496 2586 τὸν
1530 2534 1870 2606 Δομετιανὸν,

288 2622 438 2675 ἀλλὰ
482 2626 575 2677 καὶ
618 2623 693 2687 ὡς
735 2623 965 2677 εὐτελῶν
1011 2626 1518 2696 καταφρονήσαντα,
1561 2626 1874 2699 ἐλευθέρους

295 2713 402 2783 μὲν
430 2714 627 2778 αὐτοὺς
648 2716 874 2777 ἀνεῖναι,
902 2716 1245 2769 καταπαῦσαι
1267 2716 1323 2779 δὲ
1347 2716 1432 2770 διὰ
1458 2716 1874 2788 προστάγματος

289 2805 390 2858 τὸν
436 2806 577 2859 κατά
616 2807 713 2876 τῆς
751 2806 1076 2877 Ἐκκλησίας
1103 2808 1360 2878 διωγμόν.
1403 2809 1541 2873 Τοὺς
1573 2809 1628 2862 δὲ
1671 2809 1873 2863 ἀπολυ-

292 2896 491 2958 θέντας
526 2896 827 2967 ήγήσασθαι
850 2898 956 2954 τῶν
987 2899 1336 2970 Ἐκκλησιῶν,
1362 2898 1435 2963 ὡς
1476 2899 1541 2951 ἂν
1567 2899 1630 2969 δὴ
1661 2900 1870 2971 μάρτυ-

296 3002 404 3055 ρας
442 2985 577 3055 ὁμοῦ
614 2984 705 3037 καὶ
745 2986 855 3039 ἀπὸ
902 2987 1091 3054 γένους
1130 2988 1287 3051 ὄντας
1315 2987 1408 3041 τοῦ
1442 2989 1645 3060 Κυρίου
1668 3029 1682 3052 ,
1719 3006 1872 3057 γενο-

293 3078 472 3151 μένης
495 3094 552 3130 τε
575 3078 816 3150 εἰρήνης,
850 3078 1010 3150 μέχρι
1031 3079 1304 3151 Τραϊανοῦ
1323 3084 1655 3153 παραμεῖναι
1678 3082 1873 3146 αὐτοὺς

286 3172 376 3242 τῷ
416 3172 535 3243 βίῳ.
564 3191 583 3224 ι
622 3171 807 3229 Ταῦτα
844 3173 944 3243 μὲν
983 3174 1012 3225 ὁ
1052 3174 1412 3246 Ἡγήσιππος.
1454 3176 1529 3228 Οὐ
1579 3176 1687 3247 μὴν
1735 3177 1870 3231 ἀλλά

288 3268 391 3321 καὶ
444 3268 475 3319 6
520 3266 905 3338 Τερτυλλιανὸς
954 3266 1048 3321 τοῦ
1097 3269 1423 3339 Δομετιανοῦ
1468 3271 1721 3342 τοιαύτην
1772 3290 1869 3324 πε-

290 3358 515 3428 ποίηται
550 3359 769 3431 μνήμην
791 3376 806 3389 ο
854 3360 1217 3431 ιΠεπειράκει
1258 3362 1388 3415 ποτὲ
1430 3364 1525 3416 καὶ
1548 3363 1872 3432 Δομετιανὸς

280 3448 463 3537 ⁹ταὺτὸ
504 3452 677 3503 ποιεῖν
724 3450 951 3522 ἐκείνῳ,
1005 3451 1171 3523 μέρος
1221 3450 1296 3505 ὣν
1343 3452 1442 3523 τῆς
1484 3453 1579 3521 τοῦ
1620 3454 1868 3524 Νέρωνος

288 3540 597 3612 ὠμότητος.
654 3541 791 3593 Ἀλλ’
832 3537 984 3611 οἶμαι
1027 3542 1123 3595 ἆτε
1173 3542 1309 3613 ἔχων
1356 3561 1409 3596 τι
1461 3544 1726 3607 συνέσεως
1768 3543 1865 3615 (4),

288 3634 524 3703 τάχιστα
555 3632 863 3699 ἐπαύσατο,
909 3634 1386 3706 ἀνακαλεσάμενος
1424 3636 1517 3689 καὶ
1543 3634 1636 3699 οὓς
1672 3634 1865 3706 ἐξηλά-

291 3744 532 3812 cephoro
571 3744 629 3799 iu
671 3744 769 3799 lib.
820 3761 864 3811 ι,
900 3760 1019 3815 cap.
1052 3747 1140 3802 35.
1170 3747 1244 3801 Ex
1292 3748 1394 3801 hac
1440 3747 1609 3815 igitur
1640 3747 1855 3813 liberos

292 3816 570 3883 suscepit;
601 3816 877 3886 aquibus
918 3818 1197 3886 propagati
1244 3826 1374 3870 sunt
1418 3817 1752 3881 δεσπόσυνοι,
1790 3819 1856 3873 de

290 3886 492 3954 quibus
544 3884 834 3940 Africanus
884 3886 936 3939 in
989 3884 1212 3953 epistola
1264 3888 1331 3939 ad
1386 3888 1693 3941 Aristidem.
1746 3887 1855 3943 Hos

276 3954 782 4025 ‘porroHScaligeri
838 3971 1055 4011 errores
1122 3956 1438 4025 jamdudum
1506 3959 1856 4025 reprehendit

293 4023 358 4078 Ρ.
390 4023 688 4096 ῌειιιοίιςίυέ
716 4029 768 4078 1η
807 4023 1174 4081 natationibus
1220 4027 1285 4079 ad
1321 4026 1495 4080 Vitam
1528 4023 1808 4096 Hegesippi
1836 4045 1849 4093 ;

295 4095 689 4166 quodquidem
733 4096 913 4166 serius
947 4106 1000 4151 et
1051 4096 1315 4151 absolutis
1347 4096 1460 4166 jam
1513 4095 1857 4153 animadvero

295 4165 541 4219 sionibus
574 4167 709 4219 meis
735 4165 922 4221 didici.

367 4234 479 4304 (99)
518 4234 569 4286 '0
608 4236 947 4302 Ἰουοκωτος,
987 4237 1220 4301 Ἰὁκατος
1268 4254 1335 4291 ex
1373 4237 1555 4291 codice
1607 4236 1860 4291 Medicam

295 4305 466 4359 edidit
511 4304 651 4359 Rob.
700 4305 1035 4375 (Stephanus.
1067 4308 1121 4360 In
1158 4308 1343 4363 codice
1396 4307 1565 4375 Regio
1594 4308 1858 4375 scriptum

296 4375 475 4428 inveni
502 4375 529 4426 6
564 4374 863 4439 ίκουϐἀτος,
891 4378 1030 4445 quod
1067 4387 1349 4432 monuerat
1373 4374 1535 4432 etiam
1570 4379 1708 4432 idem
1739 4379 1861 4431 Ste—

296 4446 511 4525 phanus
544 4446 595 4499 iu
625 4448 791 4525 variis
816 4447 1139 4525 lectionibus
1166 4463 1302 4525 quas
1336 4449 1414 4525 ad
1436 4448 1859 4525 calcemeditio-

1978 1998 2082 2053 que
2108 1981 2216 2037 alte
2249 1981 2502 2036 manibus
2536 1980 2735 2035 callum
2771 1994 2835 2034 ex
2874 1978 3075 2033 laboris
3115 1978 3451 2041 assiduitate,
3488 1975 3541 2029 in

1978 2075 2347 2131 testimonium
2382 2073 2563 2144 Operis
2619 2074 2701 2128 sui
2755 2071 3114 2143 proferentes.
3146 2070 3426 2125 Postremo
3458 2070 3545 2123 in-

1980 2168 2239 2238 terrogati
2274 2168 2338 2222 de
2365 2166 2585 2221 Christo
2609 2174 2664 2221 et
2694 2166 2762 2220 de
2794 2178 2959 2236 regno
3000 2163 3145 2217 illius
3178 2203 3193 2229 ,
3242 2162 3543 2232 cuiusmodi

1978 2258 2030 2312 id
2057 2268 2223 2322 esset,
2248 2266 2303 2312 et
2333 2257 2573 2325 quando,
2599 2255 2865 2324 quibusve
2890 2254 2942 2307 in
2978 2253 3109 2307 locis
3133 2256 3540 2322 appariturum:

1978 2348 2373 2419 responderunt
2400 2364 2509 2404 non
2543 2348 2706 2419 hujus
2736 2343 2924 2399 mundi
2980 2360 3080 2400 nec
3118 2356 3384 2401 terrarum
3439 2345 3544 2397 im-

1978 2441 2188 2511 perium
2224 2440 2350 2495 illud
2384 2456 2526 2505 esse,
2554 2442 2646 2498 sed
2682 2441 2986 2512 angelicum
3019 2452 3073 2498 et
3097 2443 3339 2505 caeleste,
3399 2439 3543 2510 quod

1975 2531 2030 2586 in
2055 2530 2161 2587 fine
2190 2534 2510 2587 saeculorum
2534 2533 2776 2588 futurqu
2805 2546 2971 2599 esset,
3000 2545 3129 2591 tunc
3150 2551 3272 2590 cum
3293 2535 3544 2590 Christus

1977 2624 2272 2681 adveniens
2300 2640 2424 2681 cum
2453 2626 2647 2696 gloria,
2676 2626 2832 2683 vivos
2864 2628 3023 2683 simul
3053 2638 3107 2683 ct
3137 2638 3376 2683 mortuos
3398 2629 3541 2698 judi-

1976 2719 2147 2785 cabit,
2173 2729 2227 2775 et
2262 2720 2555 2789 unicuique
2589 2721 2829 2789 operum‘
2853 2735 3076 2775 suorum
3104 2721 3404 2775 mercedem
3448 2721 3543 2774 tri-

1976 2809 2126 2865 buet.
2168 2810 2262 2867 His
2293 2812 2514 2878 auditis,
2547 2812 2888 2867 Domitianus
2919 2810 3053 2865 nihil
3113 2813 3373 2865 adversus
3420 2811 3540 2866 illos

1977 2901 2224 2970 asperius
2252 2900 2532 2956 decrevit:
2568 2902 2663 2956 sed
2694 2898 2949 2953 vilitatem
2978 2899 3252 2953 hominum
3284 2913 3539 2966 aSperna-

1977 3001 2084 3055 tus,
2122 2991 2322 3046 liberos
2353 2992 2509 3047 abire
2534 2992 2696 3062 jussit
2723 3010 2737 3058 ;
2772 2992 3045 3060 missoque
3078 2991 3257 3044 edicto
3286 3003 3545 3058 perseeu-

1976 3081 2175 3138 tioncm
2199 3082 2460 3138 adversus
2492 3082 2799 3139 ‘Ecclesiaut
2826 3086 3151 3135 commotam
3186 3076 3540 3147 compescuit.

1972 3174 2097 3229 Illos
2124 3189 2253 3229 vero
2283 3175 2349 3228 ad
2388 3173 2531 3228 hunc
2566 3174 2782 3228 modum
2816 3172 3091 3238 dimissos,
3127 3170 3378 3225 Eeelesiis
3396 3178 3543 3236 post-

1977 3270 2076 3323 hac
2111 3265 2398 3338 prazfuisse
2425 3274 2672 3329 narrant,
2704 3271 2891 3333 utpote
2914 3261 3118 3317 Christi
3169 3271 3437 3329 martyres
3464 3260 3542 3315 si-

1975 3359 2086 3414 mul
2108 3375 2170 3413 ac
2193 3358 2556 3429 propinquos;
2578 3365 2632 3411 et
2655 3370 2787 3426 pace
2808 3355 3024 3409 domum
3053 3352 3306 3409 Echesize
3332 3352 3543 3407 reddita

1972 3454 2038 3506 ad
2066 3450 2282 3520 Traiani
2316 3465 2486 3520 usque
2519 3459 2760 3519 tempora
2796 3448 2963 3503 vitam
3000 3446 3334 3515 perduxisse.
3364 3465 3383 3498 ι
3419 3445 3542 3500 [hcc

1972 3544 2191 3612 quidem
2231 3542 2586 3613 Hegesippus.
2612 3542 2717 3597 Sed
2755 3550 2809 3597 et
2850 3539 3218 3595 Tertullianus
3264 3539 3330 3593 de
3361 3538 3544 3593 Domi-

1970 3637 2117 3691 tiano
2141 3636 2215 3691 ita
2237 3636 2426 3692 scribit
2461 3656 2473 3691 :
2513 3653 2532 3687 ι
2559 3634 2885 3689 Tentaverat
2907 3640 2961 3688 et
2978 3631 3335 3693 Domitianus.
3366 3631 3542 3700 portio

1962 3749 2491 3820 Christophorsonus
2529 3749 2691 3804 vertit
2721 3743 3027 3820 vectigalia,
3063 3747 3215 3820 quasi
3245 3748 3536 3813 vectigalia

1961 3815 2213 3889 agrorum
2280 3822 2636 3876 solverentur.
2700 3815 2870 3887 Atqui
2914 3815 3094 3889 φόροις
3131 3815 3329 3889 tributa
3386 3833 3534 3885 sunt,

1961 3887 2083 3961 qiue
2113 3906 2178 3945 ex
2210 3894 2357 3961 agris
2387 3890 2760 3961 solvebantur,
2788 3889 3036 3961 atquein
3070 3887 3201 3961 ipsis
3253 3889 3538 3961 speciebus

1961 3956 2075 4014 fere
2120 3956 2511 4029 pendebantur,
2567 3960 2621 4013 id
2676 3956 3102 4029 estiinritriti_co,
3139 3956 3364 4029 hordeo,
3406 3961 3539 4029 vino

1960 4039 2015 4083 et
2049 4025 2344 4095 similibus,
2370 4039 2429 4083 ut
2463 4037 2609 4096 patet
2648 4044 2712 4082 ev
2754 4028 2953 4083 Codice
2995 4025 3395 4096 Theodosiano.
3426 4027 3534 4083 Ve-

1964 4101 2181 4169 ctigalia
2212 4116 2343 4155 vero
2379 4095 2502 4153 sunt
2537 4114 2655 4165 qua?
2678 4096 2867 4152 Graece
2891 4098 3143 4169 dicuntur
3170 4095 3324 4166 τέλη,
3356 4114 3477 4167 quae
3504 4116 3536 4154 a

2005 4171 2272 4226 ublicanis
2297 4171 2747 4224 conducebantur
2772 4177 2825 4221 et
2853 4168 3241 4236 exigebantur;
3277 4182 3399 4220 cum
3438 4169 3536 4222 tri-

2005 4185 2272 4226 unncants
2297 4185 2747 4224 conducebantur
2772 4185 2825 4221 et
2853 4185 3241 4236 exugeoantur;
3277 4185 3399 4220 cum
3438 4185 3536 4222 trt-

1963 4185 2091 4294 Buta
2124 4255 2153 4293 a
2186 4240 2589 4308 suseeptoribus
2613 4240 2696 4291 vel
2730 4238 2798 4290 ab
2823 4236 3220 4306 apparitoribus
3246 4238 3533 4305 prazsidum
3600 4298 3607 4305 η

1966 4324 2028 4364 ac
2062 4311 2439 4375 praefectorum
2466 4308 2898 4379 exigisolercnt.

2038 4380 2114 4451 (2)
2148 4383 2397 4446 Τύλους.
2442 4376 2584 4451 Cum
2618 4378 2772 4433 initio
2832 4377 3115 4451 vertiss‘em
3149 4377 3335 4440 callos,
3371 4376 3529 4451 dubi-

1966 4446 2301 4519 tar'e'postea
2334 4450 2498 4518 cmpi,
2530 4464 2598 4502 an
2629 4451 2800 4519 callus
2834 4446 3133 4519 masculino
3158 4462 3355 4516 genere
3379 4447 3531 4503 dice-

297 4516 521 4588 nissuae
541 4516 789 4588 coniecit.
816 4516 878 4588 In
896 4515 1156 4571 Chronico
1183 4515 1415 4587 'Georgii
1462 4516 1692 4588 Syneelli
1726 4517 1857 4585 Iegi-
1890 4524 1936 4579 Ι)
1967 4515 2134 4574 retur.
2174 4515 2581 4576 Tandem'vero
2631 4517 2876 4588 callosa
2915 4518 3116 4588 illuﬁno
3149 4515 3252 4573 dici
3292 4520 3531 4588 comperi

298 4595 388 4636 tur
412 4586 441 4637 6
486 4586 800 4650 Ἰουόκατος.
838 4586 946 4642 Nos
980 4602 1046 4641 ex
1097 4588 1267 4641 tribus
1315 4586 1514 4641 nostris
1545 4588 1847 4651 codicibus,

294 4654 461 4718 Μιιιη
500 4656 634 4711 Fuk.
671 4667 724 4711 et
759 4656 1057 4719 Saviliauo,
1092 4672 1272 4711 veram
1305 4658 1463 4724 hujus
1498 4657 1599 4710 loci
1629 4657 1859 4724 scriptu-

252 4790 253 4799 γ
296 4741 413 4799 ram
433 4727 783 4799 restituimus,
808 4728 1029 4790 τούτους
1063 4726 1167 4799 6‘6
1193 4728 1489 4790 ’1ουόκατος
1517 4726 1859 4798 ἦγαγεβοη·

296 4796 518 4867 firmant
548 4798 707 4867 _hanc
776 4798 1059 4852 lectionem
1110 4797 1445 4867 Nicephorus
1504 4796 1559 4852 et
1607 4799 1858 4867 Rufinus.

295 4864 434 4919 Nam
472 4866 523 4919 in
548 4865 741 4921 Rufino
776 4870 992 4935 quidem
1022 4868 1222 4922 dicitur
1245 4864 1577 4921 Revocatns.
1614 4866 1726 4920 Hos
1755 4865 1857 4921 Re-

295 4944 511 4990 t‘ocatus
548 4937 764 5003 quidam
812 4940 1020 4992 nomine
1068 4940 1155 5005 qui
1190 4940 1257 4991 ad
1304 4939 1400 4991 Ιιοσ
1435 4939 1625 4991 missus
1658 4936 1854 5004 fuerat,

293 5007 537 5073 perduxit
561 5009 626 5058 ad
659 5007 1039 5061 Domitianum.
1061 5007 1396 5074 Nicephorus
1415 5023 1542 5060 vero
1570 5008 1621 5060 in
1657 5007 1749 5062 lib.
1772 5021 1854 5074 ut,

294 5090 417 5144 Cap.
445 5076 528 5139 lO,
567 5078 821 5145 scriptum
848 5079 1005 5131 habet
1029 5079 1057 5130 6
1090 5078 1431 5141 Ἠουὸκατος.
1457 5078 1558 5143 Qui
1590 5079 1698 5132 sint
1726 5092 1856 5131 evo-

295 5147 426 5205 cati,
468 5157 647 5199 notum
681 5157 857 5202 estex
904 5149 1090 5213 Dione,
1134 5149 1329 5201 milites
1369 5148 1576 5202 scilicet
1625 5151 1856 5202 honora-

299 5218 452 5270 ll0I'lS
483 5217 604 5280 loci,
642 5218 755 5284 qui,
800 5219 1060 5271 conlectis
1099 5218 1209 5287 jam
1257 5218 1562 5287 stipendiis,
1620 5217 1853 5279 dimissi,

297 5287 363 5357 ad
386 5287 637 5357 militiam
661 5289 1027 5357 evocabantur
1054 5302 1081 5339 a
1121 5288 1379 5357 principe.
1416 5300 1618 5340 horum
1650 5290 1853 5341 mentio

298 5355 357 5425 tit
382 5356 434 5408 in
467 5357 692 5409 vetustis
719 5355 1186 5425 inseriptionibus,
1217 5357 1423 5413 EVOK.
1454 5356 1617 5413 ΑΗΘ.
1654 5358 1709 5411 Id
1749 5368 1851 5424 est,

298 5424 557 5496 Evocatus
581 5427 821 5495 Augusti.
848 5424 924 5480 Ne
949 5430 1069 5495 quis
1099 5424 1278 5482 autem
1309 5430 1551 5493 miretur,
1590 5427 1852 5496 Hegesip-

296 5510 423 5564 pum
453 5494 697 5563 Graecum
745 5494 1062 5565 scriptorem
1110 5498 1355 5552 Romano
1402 5499 1660 5551 vocabulo
1681 5494 1849 5551 'usum

298 5566 486 5638 fuisse.
519 5565 656 5638 NonA
690 5567 740 5638 id
791 5582 987 5638 novum
1025 5579 1119 5622 aut
1156 5567 1467 5638 infrequens
1517 5566 1844 5637 Hegesippo.

296 5636 497 5709 quippe
522 5638 611 5706 qui
637 5635 1015 5708 δηλατορεύειν
1048 5647 1101 5692 et
1120 5635 1358 5709 δηνάρια
1392 5635 1620 5706 usurpat
1659 5639 1711 5709 in
1752 5635 1851 5693 hac

296 5707 607 5771 narratione
637 5723 796 5771 quant
832 5707 943 5777 pra:
970 5707 1214 5763 ntanibus
1251 5707 1528 5772 habemus,
1564 5716 1618 5762 et
1644 5708 1851 5777 plebeio

295 5790 539 5831 sermone
570 5777 752 5832 utitur.

371 5846 446 5919 (l)
484 5847 577 5913 Ἐξ
622 5842 709 5903 ὧν
760 5849 858 5907 καὶ
901 5849 1039 5904 τοὺρ
1082 5851 1303 5918 φόρους
1347 5846 1682 5919 ἀναφέρειν.
1717 5848 1851 5905 Male

1968 4589 2021 4643 in
2051 4590 2143 4648 lib.
2171 4607 2231 4654 ll,
2265 4592 2353 4646 ubi
2384 4590 2449 4642 de
2476 4597 2647 4642 morte
2686 4586 2871 4641 Jacobi
2904 4587 3088 4640 fratris
3120 4587 3353 4641 Domini.

2040 4662 2115 4733 (5)
2148 4661 2353 4730 Κρινεῖ
2378 4658 2614 4733 ζῷντας,
2642 4656 2697 4711 In
2733 4658 2908 4733 codic.
2946 4657 3277 4733 Maz.,_Med.
3303 4674 3365 4733 ac
3389 4658 3527 4715 Fuk.

1964 4726 2357 4803 necnon'apud
2406 4730 2765 4803 Nicephorum
2805 4726 3001 4803 legitur
3034 4728 3288 4803 κρίνειεν.
3331 4729 3439 4803 sed
3474 4742 3530 4786 et

1964 4802 2138 4856 codex
2174 4797 2369 4871 [leuius
2428 4804 2498 4856 ita
2543 4797 2756 4871 diserte
2806 4797 3066 4871 scriptum
3124 4800 3328 4871 habetL
3354 4799 3528 4864 Quare

1964 4874 2214 4942 mendum
2243 4867 2324 4928 est
2354 4870 2791 4942 typographicum
2845 4869 2987 4937 quod
3027 4867 3077 4920 in
3124 4867 3260 4924 Rob.
3298 4869 3526 4940 Stepha-

1963 4940 2016 4992 ni
2041 4944 2326 4997 editionem
2355 4940 2589 5011 irrepsit.

2034 5012 2108 5083 (4)
2140 5015 2267 5068 ’Ἀτε
2296 5014 2447 5080 ἔχων
2468 5007 2524 5067 'n
2552 5009 2880 5076 συνέσεως.
2911 5008 3176 5083 Quisquis
3204 5007 3524 5083 Tertulliani

1960 5078 2360 5152 Apol'egeticunt
2389 5084 2580 5148 Graece
2601 5085 2780 5152 ve_rtit,
2811 5081 2972 5152 verba
3004 5078 3149 5131 illius
3196 5080 3419 5152 minime
3446 5093 3528 5134 est

1961 5149 2263 5208 aSsecutus.
2316 5154 2406 5207 Ait
2450 5154 2594 5205 enim
2640 5150 3026 5213 Tertullianus,
3080 5157 3203 5219 post
3234 5149 3523 5219 Neronem,

1960 5224 2049 5291 qui
2079 5225 2281 5291 primus
2312 5224 2484 5279 suaviit
2518 5223 2568 5274 in
2600 5219 2963 5291 Christianos,
2998 5218 3362 5291 Domitianum
3384 5236 3515 5287 quo.

1961 5288 2276 5365 qum-utpote
2315 5297 2547 5348 alterum
2573 5290 2862 5365 Neronem,
2893 5290 3034 5365 idem
3081 5288 3394 5365 tentavisse,
3428 5292 3522 5365 sed

1962 5357 2020 5415 ut
2054 5357 2296 5419 homines
2323 5365 2421 5419 levi
2453 5380 2516 5417 ac
2546 5360 2727 5413 mobili
2763 5369 2888 5413 sunt
2928 5357 3168 5426 ingenio,
3198 5360 3308 5411 cito
3338 5359 3403 5409 ab
3443 5358 3527 5408 in-

1962 5444 2115 5503 cepto
2152 5436 2441 5488 destitisse.
2473 5434 2541 5487 At
2574 5431 2970 5503 Eusebiusseu
2999 5428 3285 5503 quisalius
3309 5426 3411 5503 fuit
3438 5426 3525 5478 in-
3610 5482 3613 5485 _

1964 5497 2171 5572 terpres
2211 5504 2550 5575 Apologctici,
2592 5502 2773 5575 verba
2808 5500 2895 5575 i_l_la
2929 5497 3271 5575 Tertulliani,
3296 5498 3384 5549 sed
3423 5511 3524 5563 qua

1958 5586 2004 5627 ct
2038 5568 2210 5639 homo,
2238 5568 2307 5628 ita
2343 5568 2568 5643 accepit,
2621 5571 2777 5641 quasi
2810 5569 3173 5645 Tertullianus
3202 5568 3393 5645 dicere.
3427 5580 3521 5620 vo-

1959 5645 2171 5716 luisset,
2197 5637 2569 5701 IDomitian'uui
2612 5637 2830 5716 quidem
2868 5637 3525 5716 aliquatenus_-hominem

1959 5706 2166 5779 fuisse,
2189 5716 2452 5775 Neronem
2484 5728 2610 5769 vero
2630 5706 2876 5771 belluam
2929 5706 3107 5779 potius
3160 5706 3329 5762 fuisse
3363 5718 3527 5778 quam

1954 5786 2248 5843 hominem.
