4140 6430
539 435 646 492 255

1240 436 1517 493 EUSEBII
1552 435 2030 493 CIES'ARIENSIS
2066 435 2218 494 OPP.
2256 434 2439 490 PARS
2477 433 2519 490 Ι.
2558 466 2629 479 -ν
2665 433 3055 490 HISTORICA.

3685 435 3799 492 256

544 553 777 611 Neronis
835 553 903 611 de
928 551 1269 631 crudelitate.
1305 554 1415 610 Sed
1448 554 1576 624 quia
1624 564 1680 611 et
1723 556 1905 619 homo,
1960 554 2120 612 l'acile

2236 572 2325 608 ιιει.
2357 573 2377 607 ι
2419 552 2573 608 Μετὰ
2617 553 2675 607 δὲ
2722 554 2811 607 τὸν
2837 552 3161 624 Δομετιανὸν
3191 551 3576 606 πεντεκαίδεκα
3620 554 3801 608 ἐτεσιν

544 653 779 715 ereptum
801 644 1079 715 repressit,
1093 644 1359 700 restitutis
1372 646 1535 701 etiam
1557 660 1694 716 quos
1716 646 2108 717 relegaverat.»

544 735 679 793 Post
711 737 919 793 obitum
942 752 1074 792 vero
1100 736 1413 803 Domitiani,
1444 738 1535 807 qui
1570 753 1667 808 per
1686 753 1856 793 annos
1882 738 2116 808 quinde-

546 832 653 887 cim
696 830 980 901 imperium
1012 831 1218 896 tenuit,
1245 846 1371 885 cum
1431 829 1610 885 Nerva
1667 831 1721 884 in
1776 830 1895 899 ejus
1937 830 2116 886 locum

546 926 926 983 successisset,
957 921 1263 975 Domitiano
1286 926 1506 990 quidem
1528 936 1720 976 omnes
1752 921 2023 976 honorum
2049 922 2116 977 ti-

550 1009 693 1067 tulos
722 1023 974 1079 abrogari
1001 1019 1224 1065 senatus
1242 1012 1484 1066 decrevrt
1510 1029 1524 1077 ;
1555 1012 1623 1066 iis
1645 1026 1775 1066 vero
1799 1012 1889 1083 qui
1914 1011 2113 1083 injuste

546 1098 618 1154 ab
651 1097 744 1154 illo
771 1098 1036 1168 deportati
1062 1097 1296 1165 fuerant,
1327 1100 1554 1155 reditum
1587 1101 1639 1159 in
1666 1100 1922 1170 patriam,
1944 1112 1997 1156 et
2017 1118 2114 1157 sua

550 1189 744 1261 cuique
770 1193 907 1246 bona
938 1191 1147 1246 restitui
1175 1209 1191 1247 :
1219 1192 1670 1261 quemadmodum
1704 1190 1939 1247 refertur
1955 1192 2023 1249 ab
2050 1194 2116 1249 iis

547 1283 642 1351 qui
667 1298 847 1337 rerum
886 1292 1014 1340 tunc
1061 1285 1316 1354 temporis
1357 1293 1631 1355 gestarum
1671 1284 1953 1341 historiam
1982 1300 2114 1339 con-

547 1373 821 1433 dideruut.
862 1374 1013 1431 Tunc
1044 1375 1210 1445 igitur
1247 1383 1299 1431 et
1323 1373 1587 1430 Joannem
1620 1375 1924 1442 apostolum
1954 1374 2109 1429 insu—

2219 646 2699 719 ἐπικρατήσαντα,
2762 643 2980 717 Νερούα
3023 644 3123 716 τὴν
3174 643 3348 716 ἀρχὴν
3388 643 3796 715 διαδεξαμένου,

2219 737 2612 809 καθαιρεθῆναι
2658 736 2756 807 μὲν
2783 735 2882 799 τὰς
2907 734 3232 805 Δομετιανοῦ
3256 734 3420 805 τιμὰς
3437 775 3451 798 ,
3481 735 3799 801 ἐπανελθεῖν

2216 830 2273 884 δὲ
2302 830 2396 883 ἐπὶ
2427 829 2495 882 τὰ
2533 830 2707 882 οἰκεῖα
2739 828 2878 899 μετὰ
2902 826 2996 881 τοῦ
3028 828 3243 891 καὶτὰς
3284 828 3468 892 οὐσίας
3499 829 3801 884 ἀπολαϐεῖν

2218 923 2344 983 τοὺς
2373 919 2573 983 ἀδίκως
2618 918 3063 990 ὲξεληλαμένους,
3101 922 3134 991 ή
3178 920 3456 991 Ῥωμαίων
3496 922 3803 995 σύγκλητος

2220 1012 2382 1085 βουλὴ
2417 1011 2713 1082 ψηφίζεται
2740 1026 2754 1040 ’
2785 1010 3088 1082 ἱστοροῦσιν
3117 1014 3167 1064 οί
3196 1015 3379 1083 γραφῇ
3401 1012 3471 1071 τὰ
3499 1013 3645 1067 κατὰ
3669 1016 3802 1077 τοὺς

2221 1108 2450 1179 χρόνους
2482 1104 2833 1177 παραδόντες.
2877 1103 3009 1156 Τότε
3039 1103 3104 1175 δὴ
3134 1099 3227 1156 οὖν
3258 1103 3353 1157 καὶ
3379 1105 3469 1157 τὸν
3497 1104 3802 1159 ἀπόστολον

2234 1196 2492 1267 Ἰωάννην
2540 1195 2648 1248 ἀπὸ
2682 1196 2784 1265 τῆς
2830 1192 2970 1248 κατὰ
3017 1192 3118 1264 τὴν
3156 1195 3316 1265 νῆσον
3355 1197 3529 1265 φυγῆς
3565 1196 3664 1266 τὴν
3704 1195 3804 1247 ἐπὶ

2220 1290 2321 1359 τῆς
2379 1288 2602 1357 Ἑφέσου
2655 1286 2935 1359 διατριϐὴν
2994 1285 3381 1357 ἀπειληφέναι,
3432 1288 3462 1341 ὁ
3510 1288 3620 1341 τῶν
3667 1287 3803 1358 παρ’

2223 1381 2357 1450 ἡμῖν
2386 1379 2628 1451 ἀρχαίων
2661 1378 2990 1452 παραδίδωσι
3018 1377 3193 1447 λόγος.

545 1462 648 1520 lari
674 1467 865 1523 exsilio
891 1468 1207 1531 liberatum,
1265 1481 1421 1522 suum
1456 1468 1512 1521 in
1576 1467 1713 1522 urbe
1783 1466 1995 1536 Epheso
2059 1466 2399 1526 domicilium
2454 1470 2790 1540 postliminio
2842 1469 3113 1539 recepisse
3143 1507 3161 1536 ,
3223 1470 3572 1531 vetustiorum
3637 1470 3803 1530 nobis

547 1560 767 1631 tradidit
787 1560 943 1616 ﬁdes.

1126 1649 1355 1706 CAPUT
1396 1650 1539 1706 XXI.

594 1742 1049 1809 Quemadmodum
1083 1742 1566 1796 Alexandrinorum
1596 1740 1849 1800 Ecclesiae
1876 1745 2060 1800 tertius

1110 1814 1320 1882 prwfuit
1356 1810 1544 1868 Cerdo.

621 1904 751 1961 Post
779 1904 894 1959 hate
924 1901 1180 1959 defuncto
1212 1901 1425 1968 Nerva,
1463 1904 1558 1973 qui
1595 1902 1753 1973 paulo
1807 1904 1926 1975 plus
1953 1921 2117 1975 quant

547 1995 675 2064 anni
697 1994 869 2063 spatio
893 2003 1234 2064 regnaverat,
1255 1992 1522 2065 Trajanus
1545 1994 1833 2065 imperium
1859 1996 2115 2052 obtinuit.

548 2086 663 2147 Iloc
702 2085 934 2156 primum
972 2084 1146 2141 adhuc
1174 2085 1512 2156 principatus
1529 2102 1732 2141 annum
1761 2096 2119 2156 agentc,cum

547 2178 888 2249 Avilius,qui
918 2195 1013 2250 per
1047 2178 1306 2234 tredecim
1335 2171 1507 2235 annos
1529 2178 1953 2235 Alexandrinam
1983 2182 2121 2236 rexit

548 2269 871 2337 Ecclesiam,
902 2278 1148 2324 mortuus
1182 2278 1350 2333 esset,
1383 2268 1440 2324 in
1488 2270 1606 2341 ejus
1638 2270 1819 2326 locum
1858 2270 2123 2327 successit

549 2362 748 2417 Cerdo.
785 2359 1003 2415 Tertius
1038 2359 1126 2415 hic
1148 2360 1217 2416 ab
1245 2359 1500 2416 Anniane
1532 2361 1651 2431 ejus
1687 2361 1927 2416 civitatis
1977 2362 2121 2417 auti-

548 2462 665 2509 stes
697 2452 821 2508 fuit.
860 2450 1065 2507 Eodem
1103 2462 1346 2522 tempore
1378 2463 1555 2507 adhuc
1593 2451 1845 2508 Clemens
1869 2452 2123 2509 Romana:

551 2543 808 2603 Ecclesia:
836 2543 1181 2613 praesidebat,
1209 2544 1303 2613 qui
1332 2543 1436 2614 91
1456 2553 1513 2598 et
1534 2545 1648 2613 ipse
1680 2544 1872 2599 tertius
1901 2560 1930 2596 a
1957 2542 2122 2597 Paulo

551 2650 616 2688 ac
648 2634 809 2689 Petro
836 2634 975 2687 inter
994 2620 1284 2703 episcopos
1310 2634 1429 2704 ejus
1458 2634 1607 2688 urbis
1640 2634 2000 2703 promotionis
2027 2649 2120 2686 or-

550 2725 678 2778 dine
708 2706 1043 2778 nurrieratur.
1086 2724 1301 2781 Primus
1344 2725 1492 2779 enim
1550 2724 1653 2780 luit
1682 2724 1891 2787 Linus:
1926 2738 2123 2780 secun-

552 2814 656 2869 dus
679 2813 1038 2870 Anencletus.
1652 2814 1663 2819 ”

1125 2905 1354 2962 CAPUT
1384 2903 1549 2962 XXII.

557 2999 621 3055 Ut
657 3000 1101 3059 Antiocltenorum
1149 2998 1401 3121 Eclclesia:
1458 3000 1715 3057 secundus
1764 3002 1981 3057 antistes
2021 3000 2121 3071 fuit

1243 3082 1470 3121 annuus.

1241 3082 1470 3139 gnattus.

624 3164 782 3233 Apud
813 3161 1158 3217 Antiochiam
1187 3176 1318 3217 vero
1346 3161 1599 3218 defuncto
1638 3164 1861 3232 Evodio,
1887 3167 1978 3234 qui
2012 3166 2124 3235 pri-

556 3272 679 3311 tnus
695 3255 812 3324 ejus
838 3255 943 3310 loei
972 3256 1303 3310 constitutus
1328 3255 1500 3310 fuerat
1522 3257 1829 3326 episcopus,
1862 3259 2130 3312 secundus

558 3360 669 3403 tum
706 3349 941 3403 maxime
979 3347 1202 3403 ﬂorebat
1232 3347 1489 3419 lgnatius.
1543 3349 1937 3422 Hierosolymis
1968 3366 2131 3420 'quo-

555 3456 663 3512 que
692 3440 949 3512 Symcon,
997 3440 1265 3502 secundus
1325 3449 1450 3510 post
1504 3439 1771 3495 Iacobum
1824 3441 2133 3497 ServatooS-s

559 3533 728 3588 nostri
775 3531 1020 3597 fratrem,
1080 3532 1269 3588 eodem
1320 3540 1559 3601 tempore
1610 3532 2132 3588 administrationem

556 3623 817 3680 Ecclesiae
843 3635 1178 3692 susceperat.

1121 3713 1349 3770 CAPUT
1378 3713 1566 3769 XXIII.

894 3804 1153 3860 Narratio
1184 3807 1248 3860 de
1278 3804 1489 3859 Joanne
1524 3805 1783 3877 apostolo.

630 3964 824 4020 Iisdem
861 3964 1191 4033 temporibus
1214 3961 1266 4018 in
1295 3963 1418 4017 Asia
1447 3961 1721 4032 apostolus
1749 3962 1841 4016 ille
1883 3970 1938 4015 et
1967 3977 2134 4017 evan—

560 4058 753 4129 gelista
787 4055 1032 4111 Joannes
1093 4070 1255 4125 quem
1312 4052 1471 4109 Jesns
1520 4054 1788 4123 praecipue
1846 4053 2133 4117 dilexerat,

494 4212 497 4213 ν
562 4154 738 4208 adhuc
773 4152 827 4206 in
865 4151 1003 4206 vivis
1050 4164 1215 4221 agens
1241 4148 1512 4203 Ecclesias
1572 4145 1808 4216 regionis
1832 4145 1976 4199 illius
2033 4160 2134 4214 gu-

562 4245 850 4310 bernabat,
883 4252 1003 4313 post
1024 4243 1315 4298 Domitiani
1357 4255 1587 4298 mortem
1616 4255 1867 4295 reversus
1896 4241 1967 4293 ab
1996 4239 2139 4294 exsi-

562 4336 637 4390 lio
665 4339 812 4406 quod
841 4333 894 4388 in
926 4334 1099 4388 insula
1133 4334 1449 4405 pertulerat.
1487 4331 1642 4398 Quod
1671 4340 1856 4385 autem
1902 4328 2139 4391 Joannes

634 4450 710 4521 (5)
740 4446 904 4502 Μετὰ
930 4446 1173 4500 Παῦλον
1191 4463 1253 4521 τε
1269 4446 1394 4521 grai
1412 4445 1655 4521 Πέτρον.
1692 4446 1805 4499 Duo
1834 4446 1922 4499 hic
1952 4444 2136 4521 obser-

2717 1650 3108 1705 ΚΕΦΔΛΑΙΟΝ
3169 1652 3299 1707 KA'.

2305 1744 2399 1811 Ὠς
2431 1741 2540 1811 τῆς
2575 1742 3396 1816 Ἀλεξανδρέωνβιξκκλησίας
3416 1744 3613 1812 τρίτος
3637 1743 3806 1816 ἠγεῖ-

2819 1830 2915 1867 tat
2958 1812 3213 1881 Κέρδων.

2298 1903 2497 1976 Μικρῷ
2541 1904 2599 1957 δὲ
2633 1902 2795 1957 πλέον
2840 1903 3086 1957 ἐνιαυτοῦ
3123 1903 3534 1974 βασιλεύσαντος
3563 1906 3806 1977 Νερούα,

2223 1996 2529 2066 διαδέχεται
2579 1994 2864 2068 Τραϊανός.
2901 1986 2975 2049 Οὐ
3002 1995 3067 2066 δὴ
3112 1994 3327 2068 πρῶτον
3382 1996 3499 2061 ἔτος
3538 1994 3625 2069 ἦν,
3666 2001 3723 2052 ὲν
3756 1993 3808 2067 ᾧ

2225 2090 2324 2158 τῆς
2390 2088 2511 2149 κατ’
2549 2086 2953 2159 Ἀλεξάνδρειαν
3024 2087 3342 2159 παροικίας,
3395 2089 3622 2144 Ἀείλιον
3668 2090 3809 2147 δέκα

2230 2180 2365 2251 πρὸς
2404 2180 2581 2251 τρισὶν
2610 2178 2785 2233 ἔτεσιν
2824 2179 3189 2251 ἡγησάμενον,
3225 2181 3526 2253 διαδέχεται
3550 2184 3800 2256 Κέρδων.

2229 2271 2425 2342 Τρίτος
2457 2266 2611 2335 οὗτος
2638 2271 2747 2325 τῶν
2767 2272 2952 2325 αὐτόθι
2986 2273 3124 2343 μετὰ
3152 2274 3243 2329 τὸν
3274 2274 3487 2345 πρῶτον
3532 2275 3808 2330 Ἀννιανὸν

2230 2359 2491 2430 προέστη.
2548 2360 2635 2412 Ἐν
2685 2358 2858 2431 τούτῳ
2905 2360 2961 2413 δὲ
3006 2361 3291 2433 Ῥωμαίων
3351 2364 3518 2419 εἰσέτι
3570 2364 3809 2436 Κλήμης

2230 2452 2434 2521 ἠγεῖτο.
2482 2450 2664 2524 τρίτον
2717 2452 2810 2505 καὶ
2867 2451 3028 2515 αὐτὸς
3061 2453 3271 2524 ἐπέχων
3345 2454 3452 2509 τῶν
3487 2455 3613 2526 τῇδε
3664 2456 3809 2526 μετὰ

2230 2535 2456 2596 Παῦλόν⁹
2470 2559 2530 2594 τε
2562 2542 2654 2595 καὶ
2679 2542 2883 2619 Πέτρον
2920 2543 2995 2613 (5)
3024 2545 3537 2600 ὲπισκοπενσάντων
3572 2545 3806 2616 βαθμὸν.

2227 2634 2386 2697 Δῖνος
2430 2633 2487 2687 δὲ
2532 2636 2561 2687 ό
2614 2633 2831 2707 πρῶτος
2874 2630 2963 2707 ἦν,
2992 2636 3084 2690 καὶ
3136 2638 3253 2709 μετ’
3293 2637 3456 2692 αὐτὸν
3512 2638 3811 2718 ’ᾼνέγκλη-

2226 2742 2318 2792 τος

2727 2907 3125 2960 ΚΕΦΛΛΑΙΟΝ
3181 2908 3309 2961 KB'.

2404 2997 2499 3064 Ὠς
2527 2996 2639 3066 τῆς
2671 2999 3036 3071 Ἄιζτιοχέῳιχ
3030 3000 3306 3071 δεύτερος
3336 3000 3618 3071 Ἰγνάτιος

2718 3069 2854 3140 (Nic.
2889 3068 2960 3123 Η.
2992 3068 3056 3123 E.
3100 3085 3178 3125 ιιι.
3216 3070 3323 3141 ll).

2308 3158 2466 3212 Ἀλλὰ
2512 3159 2605 3213 καὶ
2645 3159 2752 3213 τῶν
2810 3161 2896 3214 ἐπ’
2957 3161 3282 3233 Ἀντιοχείας
3320 3161 3541 3215 Εὐοδίου
3589 3164 3812 3234 πρώτου

2231 3251 2617 3315 καταστάντος,
2650 3251 2902 3324 δεύτερος
2942 3256 2998 3307 ὲν
3026 3257 3139 3319 τοῖς
3164 3254 3507 3325 δηλουμένοις
3551 3255 3813 3323 Ἰγνάτιος

2233 3343 2575 3415 ὲγνωρίζετο.
2629 3343 2852 3416 Συμεὼν
2880 3346 3079 3417 ὁμοίως
3118 3345 3365 3417 δεύτερος
3414 3348 3550 3417 μετὰ
3580 3347 3669 3399 τὸν
3713 3346 3814 3400 τοῦ

2233 3434 2485 3505 Σωτῆρος
2539 3436 2695 3507 ἡμῶν
2738 3436 2987 3507 ἀδελφὸν,
3025 3439 3126 3508 τῆς
3168 3440 3224 3491 ὲν
3254 3438 3642 3511 Ἰεροσολύμοις
3683 3440 3817 3492 Ἐκ-

2234 3530 2459 3602 κλησίας
2487 3530 2629 3584 κατὰ
2656 3529 2880 3595 τούτους
2898 3532 2995 3603 τὴν
3012 3530 3354 3604 λειτουργίαν
3385 3532 3803 3605 ἐγκεχειρισμέ-

2239 3640 2327 3687 νος
2353 3618 2419 3695 ἧν
2451 3623 2551 3695 (7).

2741 3714 3139 3767 ΚΕΦΑΛΑΙΟΝ
3189 3713 3316 3768 Kl".

2352 3803 2603 3872 ’ἱστορία
2630 3803 2764 3872 περὶ
2803 3803 3085 3859 Ἰωάννου
3126 3802 3233 3857 τοῦ
3272 3804 3657 3871 ἀποστόλου.

2589 3895 2729 3967 (Nic.
2764 3896 2832 3951 11.
2869 3895 2938 3950 E.
2982 3913 3061 3957 Ill,
3108 3896 3163 3950 Il
3192 3913 3205 3960 ;
3231 3912 3292 3960 tt,
3318 3895 3429 3967 ἃ).

2318 3967 2440 4020 Ἐπὶ
2469 3966 2678 4029 τούτοις
2708 3967 2849 4020 κατὰ
2870 3966 2967 4037 τὴν
2995 3967 3176 4021 Ἀσίαν
3215 3967 3294 4020 ἐτι
3333 3966 3411 4038 τῷ
3445 3966 3553 4037 βίῳ
3573 3967 3817 4037 περιλει-

2238 4059 2492 4128 πόμενος,
2522 4057 2686 4120 αὐτὸς
2715 4059 2918 4121 ἐκεῖνος
2943 4058 3001 4110 ὃν
3035 4058 3225 4128 ἠγάπα
3251 4060 3279 4112 ὁ
3318 4058 3542 4128 Ἰησοῦς,
3578 4059 3816 4113 ἀπόστο-

2239 4150 2328 4213 λος
2353 4148 2487 4220 όμοῦ
2513 4150 2606 4203 καὶ
2638 4150 3029 4221 εὐαγγελιστὴς
3061 4151 3314 4223 Ἰωάννης
3351 4151 3449 4215 τὰς
3471 4151 3658 4205 αὐτόθι
3682 4152 3814 4205 διεῖ-

2246 4257 2344 4294 πεν
2366 4237 2703 4312 Ἐκκλησίας,
2738 4241 2845 4296 ἀπὸ
2880 4243 2981 4312 τῆς
3021 4243 3161 4296 κατὰ
3198 4242 3296 4314 τὴν
3325 4244 3485 4313 νῆσον
3531 4242 3669 4313 μετὰ
3713 4244 3813 4314 τὴν

2245 4332 2569 4401 Δομετιανοῦ
2598 4332 2853 4405 τελευτὴν
2886 4332 3193 4387 ἐπανελθὼν
3216 4335 3434 4404 ηφυγῆς.
3465 4334 3584 4387 Ὅτι
3625 4333 3685 4387 δὲ
3734 4335 3818 4397 είς

2242 4463 2349 4519 τονλ
2366 4445 2567 4519 κλῆρον
2594 4447 2689 4516 τῆς
2736 4449 3099 4519 ὲπισκοπικῆς
3135 4448 3383 4519 διαδοχῆς
3412 4449 3517 4502 ἀπὸ
3543 4448 3651 4501 τῶν
3679 4448 3816 4502 ἀπο-

564 4514 746 4575 vaitda
778 4528 925 4581 sunt,
953 4518 1233 4589 tumquod
1269 4516 1688 4589 PaulutnAPelro
1724 4521 1993 4589 praeponit
2030 4514 2129 4568 En-

2244 4516 2443 4571 στόλων
2466 4514 2697 4587 ἔχοντος·
2731 4520 2855 4589 etin
2888 4521 2977 4572 lib.
3007 4514 3085 4585 ut,
3114 4535 3233 4589 cap.
3258 4514 3373 4574 31::
3400 4520 3451 4573 ό.
3472 4520 3685 4589 Quippe
3705 4519 3819 4572 Ire-

567 4591 775 4655 sebius,
811 4598 922 4641 tum
953 4588 1093 4656 quod
1121 4598 1412 4655 utrumque
1436 4586 1585 4640 urbis
1620 4585 1804 4640 Iterum:
1826 4588 2135 4653 episcopum

568 4660 748 4715 facere
792 4658 1026 4711 videtur.
1067 4658 1221 4724 Quod
1256 4660 1322 4710 ad
1358 4658 1588 4724 primam
1623 4657 1974 4724 qumstitntent
2008 4656 2139 4707 atti-

568 4737 678 4796 net,
713 4731 880 4783 etiam
924 4727 1050 4781 alihi
1088 4723 1317 4795 idipsum
1347 4723 1474 4781 fecit
1498 4723 1777 4780 Eusebius.
1806 4723 1920 4796 Non
1959 4734 2135 4796 tamen

569 4794 993 4855 existimandum
1039 4806 1123 4852 est
1169 4797 1392 4850 Paulum
1440 4798 1643 4852 idcirco
1670 4795 1922 4849 anteferri
1956 4794 2137 4849 Petro.

573 4872 727 4939 Str-pe
774 4868 917 4923 enim
965 4868 1355 4939 honoratiores
1380 4868 1679 4939 posteriore
1711 4867 1829 4920 loco
1856 4865 2139 4939 norninan-

571 4933 684 4994 ιυιῆ
718 4939 961 5007 Denique
993 4938 1044 4991 in
1082 4937 1272 5005 sigillis
1316 4933 1571 4991 Ecclesia:
1620 4935 1878 5007 liorrsua:
1942 4933 2139 4988 Paulus

573 5024 790 5079 semper
818 5024 847 5061 a
874 5012 1062 5079 dextra
1097 5009 1339 5079 ponitur,
1373 5007 1565 5062 Petrus
1610 5006 2018 5079 asitristra._ut
2045 5021 2141 5079 no-_

573 5073 709 5147 tavit
733 5078 996 5133 Baronius
1033 5073 1462 5147 in'Expositione
1496 5076 1705 5130 concilii
1736 5073 2138 5141 Nicwni.Quod

571 5146 642 5205 a'd
695 5147 990 5203 secundam
1041 5146 1410 5203 dillicttltatem
1463 5148 1677 5210 attinet,
1730 5149 2006 5200 sciendum
2058 5155 2140 5197 est

572 5218 865 5283 Eusebium
902 5218 1180 5285 apostolos
1209 5219 1260 5271 irt
1302 5217 1493 5271 ordine
1516 5219 1889 5285 episcoporum
1918 5216 2141 5269 minime

572 5304 880 5353 numerare,
916 5297 972 5340 ιιι
996 5303 1159 5356 supra
1192 5288 1394 5341 notavi.
1439 5287 1502 5339 Et
1533 5286 1755 5340 Paulum
1788 5286 2004 5353 quidem
2035 5302 2137 5338 una

572 5376 693 5415 cum
725 5359 887 5415 Petro
912 5358 1213 5411 Romanam
1261 5357 1555 5411 Ecclesium
1605 5356 1862 5411 fundasse
1890 5371 1952 5409 ac
1985 5356 2140 5425 plan-

558 5427 719 5485 'tasse
749 5445 913 5498 supra
944 5428 1084 5483 dixit
1111 5443 1178 5482 ex
1216 5426 1907 5498 DionysioﬂCorinthiorum
1929 5427 2143 5498 episco-

570 5516 663 5570 po,
691 5510 746 5555 et
786 5496 1091 5570 infradicet
1124 5513 1190 5553 ex
1215 5496 1437 5570 Irenaeo.
1463 5496 1665 5550 Tamen
1687 5512 1809 5570 cum
1828 5498 1906 5570 Ade
1927 5496 2139 5565 episco-

574 5566 699 5639 patu
741 5570 899 5624 Rom.
925 5568 1186 5638 loquitur,
1206 5568 1304 5621 soli
1332 5566 1492 5639 Petro
1524 5568 1884 5639 eumtribuit,
1915 5574 1971 5618 ut
1994 5574 2143 5639 patet

574 5636 642 5694 ex
670 5638 933 5694 Chronico
961 5636 1290 5692 Eusebiano.
1332 5636 1462 5690 Vide
1508 5651 1625 5704 quae
1655 5636 1706 5689 in
1736 5637 1875 5690 hanc
1904 5650 2015 5689 rem
2049 5638 2143 5689 do-

576 5711 823 5765 ctissime
855 5710 1125 5777 diSpulata
1183 5717 1308 5762 sunt
1335 5722 1364 5760 a
1399 5706 1557 5760 Petro
1592 5705 1845 5770 llabcrto,
1878 5704 2142 5777 Vahreusi

577 5782 856 5848 episcopo,
896 5776 951 5831 in
976 5778 1115 5831 libro
1148 5777 1222 5830 De
1254 5776 1687 5848 primaturl’etri.
1721 5778 1795 5830 Ita
1840 5776 2143 5848 intelligen—

578 5846 678 5903 dus
709 5846 791 5905 est
816 5850 1049 5904 lren:cus
1090 5850 1145 5904 in
1190 5848 1368 5904 librot
1403 5851 1466 5903 de
1494 5846 1706 5920 Ilygino
1759 5848 2002 5918 loquens,
2031 5846 2146 5901 ἕνα·

2248 4604 2412 4650 nazus,
2452 4589 2677 4656 perinde
2710 4605 2773 4642 ac
2804 4588 3067 4644 Eusebius
3102 4600 3304 4649 noster.
3337 4590 3552 4644 Petrum
3579 4605 3641 4643 ac
3666 4588 3812 4643 Pau-

2247 4657 2357 4709 lum
2391 4658 2667 4725 apostolos
2697 4659 2997 4713 Romanam
3026 4661 3246 4728 quidem
3281 4660 3576 4714 Ecclesium
3612 4659 3813 4711 funda-

2248 4728 2387 4780 tisse
2415 4728 2579 4793 dicit;
2611 4732 2703 4783 sed
2745 4745 2839 4783 eos
2875 4731 2925 4783 in
2961 4732 3334 4796 episcoporum
3366 4730 3559 4783 ordine
3613 4742 3813 4794 nequa-

2245 4812 2406 4866 quam
2441 4808 2710 4852 recenset.
2751 4799 2948 4853 Eodem
2981 4815 3141 4853 sensu
3187 4800 3239 4853 itt
3286 4800 3476 4853 Itan-esi
3512 4796 3817 4852 (Zerdonia-

2248 4883 2440 4919 norunt
2479 4869 2811 4938 Epiphanius
2844 4869 2921 4922 ait
2950 4868 3215 4938 Ilyginum
3257 4880 3374 4938 post
3398 4868 3680 4929 Jacobuin,
3710 4866 3815 4938 Pe-

2249 4943 2390 4988 trum
2452 4935 2533 4991 ac?
2571 4936 2794 4992 Paulum
2850 4935 3165 5006 apostolos,
3227 4935 3428 4992 nonum
3492 4935 3819 5006 episcopalis

2248 5008 2609 5062 successionis
2660 5010 2834 5062 locum
2867 5009 3123 5063 tenuisse.
3162 5009 3374 5075 Siquis
3420 5024 3489 5061 ex
3543 5012 3641 5059 hoc
3697 5007 3816 5059 loco

2246 5079 2597 5134 contenderet
2625 5076 2884 5132 Jacolnnn
2906 5078 3073 5149 fuisse
3097 5081 3411 5149 episcopum
3450 5077 3598 5149 urbis
3627 5075 3817 5130 Roma:

2249 5162 2354 5216 una
2417 5164 2539 5202 cum
2590 5149 2771 5208 I'elt'o,
2808 5149 2855 5201 is
2897 5147 3143 5216 profecto
3187 5148 3446 5201 ridiculus
3503 5147 3817 5201 haberetur.

2250 5214 2391 5270 Idem
2423 5232 2638 5286 quoque
2668 5214 2960 5286 plllttlttllllll
2981 5228 3066 5286 est
3091 5220 3156 5272 de
3189 5216 3371 5270 Paulo.

2322 5287 2398 5355 (6)
2422 5284 2600 5353 Αἶνος
2617 5287 2685 5341 δὲ
2707 5290 2739 5341 ὀ
2768 5284 2997 5354 πρῶτος
3015 5284 3114 5356 ἦν,
3146 5287 3241 5340 καὶ
3268 5286 3396 5355 μεθ’
3417 5284 3604 5340 αὐτὸν
3629 5286 3820 5354 Ἀνέτ-

2248 5359 2491 5423 κλητος.
2523 5365 2648 5412 Ilaec
2687 5361 2851 5412 verba
2900 5360 2954 5411 itt
3002 5359 3453 5425 interpretatione
3502 5372 3601 5410 sua
3634 5357 3823 5408 omisit

2252 5424 2502 5492 llulinus,
2532 5444 2631 5482 nec
2664 5427 2784 5483 sine
2817 5442 3001 5480 causa.
3030 5424 3169 5481 Sunt
3201 5426 3345 5479 enim
3372 5442 3593 5491 prorsus
3621 5440 3818 5492 super-
3881 5462 3885 5465 τ

2248 5494 2375 5574 lina,
2404 5508 2457 5551 et
2483 5514 2511 5551 a
2548 5498 2841 5574 scholiaste
2873 5499 3104 5574 primum
3130 5497 3308 5550 addita
3355 5512 3498 5562 esse,
3530 5512 3593 5551 ac
3631 5504 3820 5565 postea

2249 5566 2301 5618 in
2336 5576 2539 5622 textum
2576 5567 2822 5621 videntur
2855 5566 3108 5621 admissa.

2325 5637 2402 5708 (7)
2438 5637 2557 5705 Τὴν
2604 5637 2981 5708 λειτουργίαις
3025 5636 3539 5706 ἐγκεχειρισμένος
3594 5630 3823 5708 ἦγε-11³

2250 5703 2465 5781 quidem
2494 5703 2659 5781 Codex
2686 5703 3133 5781 Iiegius._Verum
3160 5703 3397 5781 quatuor
3425 5703 3659 5781 reliqui.
3680 5703 3818 5756 Μαι.

2251 5775 2549 5833 εόἰιὶςθΐιιο
2581 5776 2717 5830 Med.
2757 5775 2880 5830 cum
2915 5775 3050 5844 Fuit.
3104 5775 3505 5844 aeSaviljano,
3559 5775 3819 5843 scriptum

2253 5850 2452 5907 habent
2483 5848 2580 5922 τὴν
2610 5846 2949 5920 λειτουργίαν
2978 5843 3141 5918 εἶχεν.
