4140 6430
261 331 376 388 257

1269 330 1617 399 ιηετοῐιιτε
1661 310 2218 388 ECCLESIASTICJE
2259 328 2382 386 LIB.
2426 327 2512 385 ut.

3418 326 3518 384 258

261 455 495 519 τούτους
530 456 606 510 ἔτι
640 455 718 527 τῷ
767 455 868 526 βίῳ
901 455 1117 528 περιῆν,
1146 455 1359 529 ἀπόχρη
1409 455 1496 510 διὰ
1525 455 1616 510 δύο
1643 455 1839 508 πιστώ-

1953 459 2005 510 Ni
2037 457 2150 510 haec
2177 470 2345 524 usque
2377 464 2617 524 tempora
2640 451 2987 521 ‘pervcnerit,
3013 452 3253 529 'duornm
3297 443 3535 508 testium.

264 548 468 602 σασθαι
493 549 584 601 τὸν
614 548 768 616 λόγον
801 548 1113 620 μαρτύρων.
1147 547 1336 601 Πιστοὶ
1373 548 1418 601 δ’
1444 547 1508 601 ἂν
1551 544 1657 600 εἶεν
1679 543 1840 610 οὗτοι,

261 641 370 711 τῆς
420 640 878 711 ἐκκλησιαστικῆς
931 638 1365 710 πρεσϐεύσαντες
1414 636 1740 709 ὀρθοδοξίας.
1782 637 1842 689 Oi

263 732 332 802 δὴ
364 732 596 785 τοιοῦτοι
653 731 936 802 Εἰρηναῖος
964 730 1056 782 καὶ
1091 729 1323 801 Κλήμης
1361 729 1390 781 6
1445 727 1840 796 Ἀλεξανδρεύς.

267 816 371 875 Ὧν
396 826 423 876 6
452 823 550 893 μὲν
580 821 844 894 πρότερος
883 823 939 874 ὲν
965 819 1198 890 δευτέρῳ
1238 820 1344 873 τῶν
1379 821 1531 887 Πρὸς
1552 818 1659 884 τὰς
1691 817 1844 886 αἱρέ-

265 934 403 984 σεις
422 957 435 976 ,
467 910 568 968 ὧδέ
598 932 714 978 πως
745 913 944 985 γράφει
969 912 1108 966 κατὰ
1136 910 1309 976 λέξινο
1354 930 1371 962 ‹
1404 911 1514 965 Καὶ
1539 910 1759 975 πάντες
1797 913 1846 964 οἱ

268 1006 635 1081 πρεσϐύτεροι
683 1006 756 1077 (8)
793 1005 1182 1078 μαρτυροῦσιν,
1235 1004 1284 1058 οἱ
1344 1004 1483 1057 κατὰ
1531 1003 1628 1074 τὴν
1663 1004 1846 1056 Ἀσίαν

282 1105 509 1175 Ἰωάννῃ
537 1103 614 1173 τῷ
633 1101 726 1154 τοῦ
759 1088 963 1171 Κυρίου
999 1100 1213 1169 μαθητῇ
1240 1095 1695 1168 συμϐεϐληκότες,
1742 1114 1846 1150 πα-

274 1194 636 1266 ραδεδωκέναι
677 1191 768 1244 τὸν
820 1190 1092 1260 Ἰωάννην.
1155 1188 1461 1259 Παρέμεινε
1513 1187 1622 1258 γὰρ
1666 1187 1847 1249 αὐτοῖς

273 1285 441 1356 μέχρι
469 1284 576 1338 τῶν
607 1281 875 1354 Τραϊανοῦ
899 1280 1127 1353 χρόνων.
1168 1299 1186 1330 ι
1225 1279 1336 1332 Καὶ
1381 1279 1437 1330 ὲν
1469 1277 1636 1350 τρίτῳ
1661 1278 1717 1330 δὲ
1746 1277 1845 1348 τῆς

266 1376 447 1444 αὐτῆς
495 1374 802 1437 ὑποθέσεως
853 1371 1017 1425 ταύτὸ
1061 1369 1217 1423 τοῦτο
1273 1367 1424 1439 δηλοῖ
1472 1369 1560 1420 διὰ
1605 1367 1841 1422 τούτων·

271 1486 292 1519 ‹
345 1468 510 1521 Ἀλλὰ
559 1468 654 1520 καὶ
709 1467 740 1536 ἡ
801 1467 858 1519 ὲν
905 1463 1119 1533 Ἐφέσῳ
1158 1461 1450 1532 Ἐκκλησία
1490 1460 1595 1514 ὑπὸ
1633 1460 1845 1514 Παύλου

268 1557 374 1628 μὲν
398 1554 860 1625 τεθεμελιωμένη,
899 1552 1143 1605 Ἰωάννου
1193 1549 1250 1602 δὲ
1281 1549 1716 1621 παραμείναντος
1751 1552 1848 1603 αὐ-

263 1650 381 1710 τοῖς
445 1647 605 1716 μέχρι
655 1644 760 1697 τῶν
789 1642 1056 1714 Τραϊανοῦ
1106 1639 1333 1713 χρόνων,
1387 1643 1594 1714 μάρτυς
1641 1645 1847 1716 ἀληθής

266 1742 388 1792 ἔστι
416 1740 517 1810 τῆς
542 1738 650 1792 τῶν
679 1736 988 1791 ἀποστόλων
1034 1736 1398 1807 παραδόσεως.
1436 1755 1454 1787 ι
1496 1737 1554 1788 Ὀ
1597 1736 1654 1789 δὲ
1702 1737 1847 1808 Κλή-

1947 547 2266 600 auctoritate
2296 545 2527 614 probare
2585 542 2830 598 sufﬁciet.
2862 541 2999 598 Sunt
3052 557 3213 612 porro
3248 544 3301 599 hi
3353 554 3518 600 testes

1947 636 2049 691 title
2075 635 2394 706 dignissimi,
2421 637 2620 706 quippe
2651 637 2741 704 qui
2777 644 2937 689 rectae
2967 649 3181 704 semper
3209 637 3520 692 catholicae-

1946 740 2050 795 que
2080 726 2340 781 doctrina:
2379 734 2816 795 propugnatores
2868 724 3181 778 exstiterint
3213 738 3227 776 :
3258 723 3516 779 Irenaznm

1947 816 2068 869 dico
2101 825 2154 870 et
2183 815 2514 870 Clementem
2546 815 2992 870 Alexandrinum.
3025 815 3261 880 Quorum
3284 815 3432 884 prior
3464 817 3519 870 in

1947 907 2181 960 secundo
2214 905 2475 960 Adversus
2498 906 2716 959 Itwreses
2743 905 2882 960 libro
2909 907 2980 959 ita
3004 905 3192 960 scribit
3216 923 3229 959 :
3271 923 3289 956 ι
3311 904 3376 959 Et
3402 921 3522 960 om-

1947 1011 2064 1063 nes,
2101 996 2302 1066 inquit,
2355 996 2662 1067 presbyteri
2719 998 2814 1068 qtti
2869 1012 2992 1051 cum
3046 995 3257 1051 Joanne
3306 996 3521 1052 Domini

1948 1087 2211 1154 discipulo
2239 1088 2292 1141 in
2351 1087 2475 1141 Asia
2513 1087 2854 1143 familiariter
2895 1089 3094 1143 versati
3129 1095 3280 1154 sunt,
3313 1088 3384 1142 ita
3416 1089 3521 1144 sibi

1949 1194 1977 1231 a
2005 1176 2213 1233 Joanne
2243 1179 2498 1232 traditttm
2529 1193 2652 1234 esse
2693 1187 2982 1234 testantur.
3016 1179 3170 1233 Vixit
3196 1180 3335 1234 enim
3379 1179 3522 1249 apud

1951 1272 2072 1326 illos
2094 1285 2265 1340 usque
2315 1271 2383 1324 ad
2426 1281 2668 1341 tempora
2694 1268 2938 1336 Traiani.
2973 1289 2992 1322 ι
3034 1271 3087 1324 ln
3119 1270 3277 1326 tertio
3303 1284 3519 1340 quoque

1948 1360 2188 1428 ejusdem
2219 1360 2401 1429 operis
2433 1358 2589 1423 libro,
2624 1360 2675 1414 id
2711 1359 2888 1429 ipsum
2925 1361 3165 1415 declarat
3190 1360 3276 1414 his
3300 1361 3517 1416 verbis:

1954 1469 1972 1504 ι
2001 1451 2105 1508 Sed
2128 1449 2468 1519 ctEphesiua
2490 1449 2748 1514 Ecclesia,
2780 1466 2898 1521 quae
2924 1466 2951 1502 a
2977 1450 3139 1505 Paulo
3159 1450 3377 1521 quidem
3411 1451 3524 1503 fun-

1950 1545 2072 1598 data
2095 1552 2199 1608 cst,
2223 1541 2485 1597 Joannem
2511 1556 2639 1596 vero
2687 1557 2860 1611 usque
2915 1542 2980 1596 ad
3016 1541 3231 1608 Trajani
3280 1549 3523 1610 tempora

1949 1635 2141 1690 habuit
2169 1635 2569 1704 praesidentem,
2611 1635 2770 1689 testis
2797 1631 3226 1704 locupletissima
3277 1642 3360 1688 est
3386 1648 3520 1703 apo-

1950 1727 2155 1782 Stolicze
2177 1726 2504 1782 traditionis.
2543 1745 2562 1778 ι
2589 1726 2838 1782 Clemens
2857 1736 3037 1782 autem
3066 1727 3117 1781 in
3132 1727 3348 1782 eolibro
3364 1741 3525 1797 quem

270 1849 385 1902 μης
422 1829 560 1902 ὁμοῦ
591 1830 682 1883 τὸν
712 1828 903 1901 χρόνον
945 1828 1446 1899 ἐπισημηνάμενος,
1483 1828 1577 1881 καὶ
1610 1829 1850 1902 ἱστορίαν

1953 1818 2256 1888 inscripsit,
2291 1818 2548 1884 Quisnam
2586 1820 2730 1874 dives
2778 1819 3000 1872 salutem
3054 1819 3524 1890 possitconsequi,

265 1921 709 1989 ἀναγκαιοτάτην
775 1914 856 1981 οἷς
917 1919 985 1971 τὰ
1041 1919 1182 1971 καλὰ
1246 1920 1339 1972 καὶ
1395 1920 1648 1992 ἐπωφελῆ
1699 1920 1850 1988 φίλον

265 2012 514 2074 ἀκούειν,
548 2010 921 2082 προστίθησιν,
953 2007 1023 2064 ἐν
1051 2007 1098 2076 ᾧ
1134 2011 1228 2075 Τίς
1258 2013 1290 2064 o'
1310 2009 1638 2080 σωζόμειὊς
1667 2014 1854 2066 πλού-

265 2119 406 2168 σέες
431 2101 744 2174 ἐπέγραψεν
765 2101 928 2156 αὐτοῦ
957 2103 1372 2174 συγγράμματι.
1407 2102 1600 2157 Λαϐὼν
1632 2105 1688 2158 δὲ
1723 2106 1853 2160 ἀνά-

265 2193 441 2260 γνωθι
499 2187 606 2246 ὧδέ
666 2211 781 2257 πως
834 2193 1060 2264 ἔχουσαν
1105 2195 1204 2247 καὶ
1245 2195 1407 2248 αὐτοῦ
1461 2195 1559 2267 τὴν
1605 2199 1848 2269 γραφήν·

273 2301 294 2335 s
330 2285 616 2338 Ἀκουσον
674 2285 839 2356 μῦθον
899 2285 960 2338 οὐ
1031 2285 1219 2356 μῦθον,
1287 2285 1420 2340 ἀλλὰ
1469 2286 1601 2340 ὄντα
1653 2288 1842 2356 λόγον,

267 2376 404 2447 περὶ
467 2376 712 2429 Ἰωάννου
762 2374 854 2429 τοῦ
928 2377 1234 2430 ἀποστόλου
1291 2377 1716 2449 παραδεδομένον
1774 2381 1850 2453 (9)

263 2468 365 2520 καί
417 2468 603 2538 μνήμῃ
656 2467 1086 2538 πεφυλαγμένον.
1145 2469 1362 2540 Ἐπειδὴ
1439 2471 1549 2541 γὰρ
1603 2471 1697 2524 τοῦ
1764 2490 1854 2525 τυ-

271 2557 471 2630 ράννου
523 2559 960 2629 τελευτήσαντος,
1001 2559 1109 2612 ἀπὸ
1147 2559 1245 2629 τῆς
1270 2559 1490 2630 Πάτμου
1537 2558 1637 2630 τῆς
1687 2561 1852 2632 νήσου

269 2648 543 2720 μετῆλθεν
600 2652 676 2713 είς
728 2651 825 2720 τὴν
882 2651 1147 2719 Ἔφεσον,
1209 2651 1374 2722 ἀπῄει
1431 2653 1854 2724 παρακαλούμε-

267 2759 360 2804 νος
396 2742 493 2795 καὶ
549 2742 639 2794 ἐπὶ
670 2741 741 2795 τά
790 2741 1136 2816 πλησιόχωρα
1183 2743 1292 2796 τῶν
1345 2744 1534 2808 ἐθνῶν,
1573 2746 1703 2798 ὅπου
1755 2747 1852 2816 μὲν

269 2834 605 2896 ἐπισκόπους
658 2836 1036 2906 καταστήσων,
1093 2837 1226 2889 ὅπου
1286 2837 1342 2890 δὲ
1382 2837 1509 2901 ὅλας
1528 2837 1854 2910 Ἐκκλησίας

267 2926 704 2996 ἁρμόσων,ὅπου
739 2927 798 2979 δὲ
820 2927 1004 2998 κλήρῳ
1029 2927 1121 2980 ἕνα
1159 2928 1223 2997 γέ
1257 2947 1378 2983 τινα
1407 2929 1702 3001 κληρώσων
1740 2930 1850 3001 (l0)

267 3017 379 3071 τῶν
414 3017 521 3070 ύπὺ
552 3018 645 3070 τοῦ
684 3017 1000 3089 Πνεύματος
1038 3021 1471 3091 σημαινομένων.
1519 3019 1718 3075 Ἐλθὼν
1760 3019 1854 3076 οὖν

267 3109 367 3162 καὶ
401 3109 493 3162 ἐπί
523 3128 643 3164 τινα
668 3109 776 3163 τῶν
807 3111 868 3164 οὐ
894 3109 1112 3181 μακρὰν
1141 3112 1369 3176 πόλεων,
1399 3107 1467 3184 ἧς
1489 3113 1584 3166 καὶ
1615 3112 1850 3185 τοῦνομα

270 3199 523 3268 λέγουσιν
553 3201 684 3255 ἔνιοι
718 3201 851 3272 (Η),
881 3204 975 3255 καὶ
1014 3202 1177 3256 τᾶλλα
1206 3203 1525 3269 ἀναπαύσας
1548 3206 1672 3269 τοὺς
1699 3205 1851 3258 ἀδελ-

272 3292 409 3360 φοὺς
442 3290 580 3361 (li),
610 3290 703 3344 ἐπὶ
733 3292 865 3343 πᾶσι
898 3289 976 3362 τῷ
997 3291 1299 3346 καθεστῶτι
1330 3292 1675 3364 προσϐλέψας
1698 3296 1853 3348 ἐπισ-

273 3382 448 3452 κόπῳ,
505 3383 784 3436 νεανίσκον
829 3385 1014 3437 ἱκανὸν
1067 3383 1146 3454 τῷ
1199 3384 1432 3455 σώματι,
1476 3386 1568 3439 καὶ
1601 3386 1698 3456 τὴν
1731 3386 1852 3456 ὄψιν

274 3476 513 3538 ἀστεῖον,
540 3476 633 3528 καὶ
667 3474 867 3547 θερμὸν
882 3477 982 3546 τὴν
1012 3475 1188 3547 ψυχὴν
1219 3474 1361 3538 ἰδὼν,
1395 3475 1611 3541 Τοῦτον,
1633 3477 1756 3548 ἔφη,
1776 3478 1860 3531 σοὶ

273 3565 788 3636 παρακατατίθεμαι
814 3566 949 3637 μετὰ
983 3566 1162 3636 πάσης
1199 3566 1451 3636 σπουδῆς,
1491 3568 1583 3620 ἐπὶ
1616 3568 1712 3639 τῆς
1739 3569 1860 3620 Ἐκ-

274 3654 504 3723 κλησίας
533 3655 628 3706 καὶ
644 3655 737 3708 τοῦ
759 3654 995 3726 Χριστοῦ
1033 3655 1326 3726 μάρτυρος.
1350 3655 1456 3709 Τοῦ
1484 3657 1540 3710 δὲ
1561 3657 1852 3729 δεχομένου

274 3747 369 3800 καὶ
402 3747 563 3800 πάνθ’
597 3747 1048 3818 ὑπισχνουμένου,
1084 3748 1174 3802 καὶ
1203 3748 1363 3802 πάλιν
1401 3748 1471 3801 τὰ
1498 3750 1639 3802 αὐτὰ
1680 3751 1852 3803 διελέ-

272 3851 403 3907 γετο
435 3837 530 3890 καὶ
562 3838 974 3912 διεμαρτύρετο.
1009 3835 1143 3892 Εἶτα
1179 3842 1207 3894 6
1258 3840 1354 3911 μὲν
1396 3841 1605 3912 ἀπῆρεν
1633 3840 1723 3894 ἐπὶ
1753 3844 1852 3915 τὴν

353 4013 429 4082 (8)
461 4013 570 4068 Καὶ
599 4014 823 4081 πάντες
848 4017 901 4069 οἱ
943 4017 1352 4084 πρεσϐύτεροι.
1387 4015 1522 4071 Tres
1559 4017 1730 4072 nostri
1763 4033 1858 4074 co-

278 4083 455 4149 dices,
484 4085 647 4148 Μαι..
678 4085 815 4138 Med.
846 4100 912 4140 ac
942 4083 1100 4150 run,
1126 4083 1310 4141 vocem
1366 4088 1700 4142 interserunt
1755 4089 1859 4143 hoc

278 4156 466 4228 modo,
504 4158 600 4209 καὶ
624 4155 822 4228 πάντες
851 4155 906 4207 δὲ
932 4158 980 4208 οἱ
1009 4155 1390 4228 πρεσϐύτεροι.
1423 4156 1600 4212 Locus
1623 4158 1710 4211 hic
1737 4156 1846 4211 Ire-

279 4227 386 4278 nasi
427 4237 604 4281 exstat
631 4227 684 4297 in
712 4225 806 4279 lib.
833 4241 893 4291 ll,
923 4225 1165 4295 cap.39,
1194 4225 1550 4282 ubi'lrenasus
1583 4228 1845 4297 disputat;

279 4305 418 4364 quot
453 4310 624 4351 annos
670 4296 722 4350 in
781 4297 940 4351 terris
990 4297 1192 4350 vixerit
1229 4298 1501 4362 Christus,
1538 4307 1593 4352 et
1617 4296 1686 4351 ex
1710 4297 1850 4350 rela-

289 4366 439 4437 tione
472 4368 748 4437 seniorum
790 4365 882 4433 qui
935 4381 1056 4421 cum
1090 4365 1296 4421 Joanne
1343 4367 1591 4437 apostolo
1622 4367 1674 4421 in
1722 4368 1848 4421 Asia

285 4435 631 4490 familiariter
658 4437 928 4498 vixerant,
984 4437 1180 4491 asserit
1227 4435 1501 4492 Christum
1537 4437 1656 4505 plus
1687 4453 1848 4507 quant

283 4507 644 4578 quadraginta
688 4520 976 4578 annorum
1030 4509 1207 4575 spatio
1283 4508 1452 4562 vitam
1511 4522 1850 4578 prorogasse.

289 4575 466 4645 [erba
523 4576 639 4645 ejus
687 4575 804 4642 haec
855 4585 977 4631 sunt
1024 4592 1092 4632 ex
1145 4579 1312 4632 veteri
1365 4575 1853 4645 interpretatione:

286 4642 440 4717 Sicut
473 4642 817 4717 Evangelium
843 4657 888 4700 et
911 4662 1086 4701 omnes
1117 4649 1347 4702 seniores
1369 4642 1653 4710 testantur,
1679 4649 1769 4717 qui
1803 4649 1859 4701 in

285 4716 416 4768 Asia
444 4717 584 4785 apud
606 4716 872 4770 Joannem
900 4718 1215 4785 discipulum
1243 4717 1456 4771 Domini
1483 4728 1856 4780 convenerunt,

283 4786 337 4837 id
376 4787 549 4851 ipsum
598 4787 880 4840 tradidisse
919 4789 992 4840 eis
1022 4788 1305 4842 Joannem.
1342 4785 1648 4842 Permansit
1681 4797 1857 4841 autem

285 4871 406 4908 cum
444 4858 510 4927 iis
540 4873 702 4927 usque
721 4857 788 4908 ad
820 4855 1043 4927 'I‘rajani
1077 4868 1331 4922 tempora.

359 4927 435 4997 (9)
455 4925 765 4997 Υιιιεξζπερὶ
800 4926 1073 4980 Ἰωάννου
1100 4928 1205 4980 τοῦ
1241 4929 1589 4981 ἀποστόλου
1615 4928 1859 4996 ἀεγόμε-

282 5013 342 5049 νε
358 4995 533 5062 βῆναί
553 4997 696 5065 ἡμῖν
714 4997 1214 5065 παραδεδομένον.
1252 5000 1305 5050 ltt
1337 5000 1506 5051 tribus
1533 4995 1731 5051 nostris
1759 4995 1858 5052 7co-

286 5069 513 5124 ilicibus.
533 5067 694 5132 Man,
717 5068 854 5121 Med.
881 5085 942 5120 ac
965 5067 1122 5132 Fnk.,
1143 5069 1229 5121 hic
1258 5070 1405 5122 locus
1438 5069 1506 5120 ita
1543 5069 1852 5136 legitur.....

285 5138 412 5208 περὶ
427 5137 671 5190 Ἰωάννου
688 5138 780 5190 τοῦ
793 5139 1088 5191 ἀποστόλου
1104 5137 1552 5209 παραδεδομένον,
1573 5141 1858 5206 expunctis

289 5209 462 5278 tribus
494 5208 597 5263 illis
623 5209 862 5272 vocibus,
896 5225 1017 5278 quae
1045 5208 1286 5278 profecto
1308 5227 1495 5269 parum
1521 5212 1850 5264 necessariae

284 5277 552 5330 videntur.

357 5349 468 5416 (10)
491 5346 644 5414 Vulg.
662 5349 813 5402 ὅπου
835 5349 899 5403 δέ
912 5366 978 5418 γε
993 5353 1220 5416 κληρον
1234 5365 1340 5402 ενα
1356 5366 1486 5404 τινα
1505 5353 1850 5416 κληρωσων.

284 5416 442 5488 llum:
469 5418 641 5488 locum
670 5436 735 5473 ex
776 5422 877 5473 fide
899 5416 1060 5488 atque
1084 5421 1405 5473 auctoritate
1427 5421 1585 5472 trium
1605 5421 1850 5472 codicum

286 5486 617 5560 blas.,_llletl.
639 5505 721 5560 lac
748 5489 887 5544 Fuk.
918 5486 1133 5560 egregie
1152 5491 1508 5554 restituimus,
1536 5490 1732 5558 rejecta
1762 5504 1853 5543 co-

287 5559 427 5610 dicis
456 5557 602 5626 ltcgii
634 5559 892 5623 let-tione,
924 5557 1214 5628 qiiai'ferri
1245 5560 1466 5612 omnino
1513 5557 1617 5613 non
1651 5569 1848 5628 potest.

288 5628 426 5693 Quid
479 5630 620 5682 enim
655 5630 756 5684 sibi
787 5631 901 5685 vult
932 5627 1132 5701 κλῆρον
1161 5631 1257 5684 ἕνα
1284 5631 1390 5682 τῶν
1420 5629 1523 5682 ὑπὸ
1553 5628 1646 5681 τοῦ
1692 5627 1855 5701 Πνεύ-

289 5715 458 5778 ματος
477 5701 907 5778 σημαινομένων.
947 5704 1014 5754 At
1045 5700 1097 5754 in
1122 5701 1352 5778 lectione
1377 5715 1536 5778 qunam
1563 5715 1626 5754 ex
1654 5700 1852 5778 codici:

289 5773 391 5822 bus
413 5768 774 5839 restituimu's,
805 5774 963 5841 plana
1015 5783 1140 5827 sunt
1180 5772 1384 5826 omnia.
1431 5769 1536 5826 Sed
1583 5777 1637 5824 et
1669 5768 1849 5823 llutini

1882 4481 1933 4541 D

1952 1911 2112 1968 simul
2141 1919 2196 1964 et
2234 1920 2444 1980 tempus
2472 1913 2646 1980 ipsum
2699 1910 3023 1980 designavit,
3052 1919 3106 1965 et
3153 1912 3523 1965 narrationem

1952 2004 2240 2075 quamdam
2272 2002 2519 2072 adjunxit
2584 2002 2836 2071 inprimis
2876 2003 3239 2057 necessariam
3269 2002 3336 2056 iis
3391 2018 3528 2072 pra:-

1953 2097 2138 2150 sertim
2165 2109 2300 2166 quos
2329 2110 2510 2149 rerum
2544 2095 2894 2150 honestarum
2927 2103 3088 2164 atque
3129 2094 3341 2149 utilium
3375 2110 3529 2149 com-

1951 2187 2273 2243 memoratio
2294 2186 2544 2242 delectat.
2571 2185 2800 2256 Sumpto
2831 2187 2996 2255 igitur
3040 2188 3092 2242 in
3137 2203 3328 2242 manus
3365 2187 3526 2252 libro,

1952 2280 2119 2335 recita
2148 2280 2279 2335 mihi
2302 2280 2577 2336 historiam
2609 2294 2729 2350 qua:
2749 2280 2826 2335 sic
2852 2281 3018 2336 habet
3043 2298 3057 2334 :
3089 2297 3107 2330 ι
3136 2279 3413 2344 Ausculta,
3447 2281 3530 2334 in.

1953 2375 2089 2444 quit,
2119 2374 2354 2428 fabulam
2383 2393 2395 2428 :
2422 2375 2534 2428 imo
2565 2391 2670 2429 non
2712 2373 2974 2439 fabulam,
3029 2374 3122 2428 sed
3185 2374 3530 2429 verissimam

1954 2466 2238 2522 historiam
2269 2466 2337 2521 de
2365 2466 2595 2532 Joanne,
2629 2484 2748 2539 quae
2791 2468 2947 2522 nobis
2980 2468 3207 2522 fideliter
3243 2469 3444 2522 tradita
3474 2477 3530 2522 et

1954 2563 2226 2616 memoriae
2251 2563 2490 2617 studiose
2517 2563 2626 2632 92
2663 2561 3038 2616 commendata
3068 2569 3172 2615 est.
3231 2560 3362 2615 Cum
3407 2569 3534 2630 post

1953 2653 2158 2708 obitum
2189 2655 2397 2724 tyranni
2425 2669 2489 2708 ex
2515 2655 2692 2708 insula
2724 2653 2917 2708 Patmo
2969 2647 3254 2722 Ephesum’
3275 2653 3528 2709 rcdiisset

1947 2744 2211 2813 Joannes,
2240 2746 2305 2799 ad
2340 2745 2601 2802 finitimas
2633 2759 2848 2814 quoque
2879 2745 3187 2815 provincias
3219 2754 3442 2815 rogatus
3469 2759 3532 2799 sc

1954 2837 2203 2900 contulit,
2239 2838 2430 2907 partim
2461 2847 2519 2890 ut
2569 2839 2852 2907 episcopos
2913 2837 3292 2902 constitueret,
3329 2838 3528 2906 partim

1957 2939 2014 2983 ut
2040 2928 2313 2985 Ecclesias
2344 2929 2580 2998 integras
2610 2930 2915 2998 disponeret
2939 2944 3001 2983 ac
3031 2929 3310 2995 formaret,
3329 2931 3528 2998 partim

1957 3019 2119 3073 etiam
2149 3027 2207 3071 ut
2241 3018 2492 3072 homines
2515 3017 2617 3072 sibi
2648 3033 2678 3072 a
2710 3019 2896 3073 divino
2934 3017 3141 3086 Spiritu
3177 3019 3442 3073 indicatos
3475 3019 3527 3073 in

1958 3111 2160 3165 clerum
2217 3111 2502 3180 quemdam
2550 3124 2649 3165 seu
2709 3118 2915 3165 sortem
2966 3110 3178 3166 Domini
3222 3119 3526 3180 seponeret.

1953 3202 2087 3258 Cum
2124 3217 2254 3270 ergo
2285 3201 2351 3256 ad
2389 3202 2684 3271 quamdam
2715 3203 2905 3257 urbem
2932 3203 3172 3258 venisset
3198 3202 3342 3258 haud
3369 3201 3530 3271 longe

1955 3295 2200 3350 dissitam
2234 3308 2263 3347 a
2315 3292 2537 3348 civitate
2583 3293 2819 3363 Epheso,
2866 3293 3022 3364 cujus
3060 3294 3223 3348 etiam
3273 3308 3469 3349 nomen
3500 3307 3530 3345 a

1959 3386 2234 3442 nonnullis
2265 3384 2524 3451 refertur,
2557 3384 2864 3455 fratresque
2884 3385 2996 3440 suis
3029 3385 3368 3440 sermonibus
3399 3397 3531 3439 cono

1960 3476 2164 3532 solatus
2196 3476 2407 3541 fuisset,
2436 3477 2504 3529 ad
2533 3484 2835 3530 extremum
2884 3476 3000 3529 viso
3046 3476 3244 3544 juvene
3289 3473 3529 3543 quodam

1962 3577 2168 3623 statura
2191 3568 2438 3638 corporis
2482 3568 2722 3638 egregio,
2764 3566 2912 3621 vultu
2963 3581 3068 3620 non
3131 3565 3439 3631 invenusto,
3475 3573 3532 3620 et

1961 3660 2190 3715 ferventi
2222 3660 2402 3715 indole
2453 3660 2697 3729 praedito,
2741 3673 3036 3714 conversus
3069 3659 3135 3712 ad
3193 3672 3314 3712 eum
3363 3671 3529 3726 quem

1957 3750 2241 3805 ordinarat
2263 3752 2579 3821 episcopum
2614 3767 2628 3804 :
2663 3749 2841 3816 Hunc,
2872 3751 3068 3819 inquit,
3096 3764 3278 3805 coram
3308 3751 3534 3804 univer-

1957 3861 2014 3901 sa
2043 3844 2287 3900 Ecclesia
2336 3853 2391 3899 et
2419 3845 2520 3898 sub
2551 3842 2859 3899 teSIimonio
2918 3843 3118 3899 Christi
3159 3842 3400 3897 studiose
3433 3843 3528 3896 tibi

1962 4018 2143 4074 versio
2174 4029 2412 4073 nostram
2449 4018 2884 4072 emendationem
2917 4017 3227 4072 confirmat.
3255 4015 3347 4070 Sic
3379 4016 3527 4070 enim

1962 4090 2124 4144 habet
2150 4107 2163 4143 :
2208 4089 2515 4157 Rogabatur
2537 4089 2696 4142 etiam
2722 4089 2924 4141 vicinas
2951 4087 3180 4140 lustrare
3201 4087 3525 4157 provincias,

1951 4176 2054 4227 quo
2082 4160 2157 4214 vel
2182 4156 2446 4212 Ecciesias
2471 4158 2742 4226 fundaret,
2772 4159 2826 4210 in
2847 4159 3034 4228 quibus
3061 4173 3163 4209 non
3191 4166 3342 4228 erant
3361 4156 3527 4210 locis:

1954 4229 2029 4283 uel
2062 4231 2115 4282 in
2140 4230 2323 4298 quibus
2346 4242 2516 4290 erant,
2537 4227 2895 4282 sacerdotibus
2919 4245 2980 4281 ac
3002 4228 3259 4298 ministris
3293 4227 3526 4278 instrue-

1957 4310 2054 4361 ret,
2091 4297 2376 4352 secundum
2397 4301 2535 4368 quod
2562 4299 2609 4352 ei
2627 4299 3020 4368 de'nuoquoque
3047 4297 3282 4361 Spiritus
3309 4308 3526 4350 sanctus

1956 4370 2258 4422 indicasset.

2032 4439 2077 4509 (l
2092 4440 2144 4505 l)
2164 4435 2272 4504 ’Ἦς
2291 4439 2388 4493 καὶ
2413 4439 2674 4508 τοῦνομα
2700 4437 2990 4507 λέγουσιν
3023 4437 3193 4490 ἔνιοι.
3239 4437 3528 4507 Smyrnam

1961 4518 2119 4564 vocat
2143 4511 2280 4562 hanc
2308 4511 2496 4563 urbem
2525 4522 2714 4562 auctor
2739 4509 2984 4561 Chronici
3013 4509 3384 4561 Alexandrini.

2031 4579 2141 4649 (12)
2191 4580 2304 4632 Καὶ
2353 4579 2549 4633 τᾶλλα
2592 4580 2952 4642 ἀναπαύσας
3005 4577 3148 4642 τοὺς
3201 4575 3524 4649 ἀδελφούς.

1959 4648 2128 4717 Hujus
2176 4650 2329 4704 verbi
2385 4652 2490 4702 vim
2532 4665 2594 4702 ac
2639 4649 3025 4717 proprietatem
3088 4663 3192 4701 non
3255 4648 3528 4717 intellesit

1957 4714 2503 4789 Clii'i'st0phorsonus.
2534 4714 3001 4789 Ver—titenim‘hoc
3028 4717 3188 4789 modo
3214 4733 3229 4770 :
3255 4714 3524 4789 σωτηρίῳ

1957 4785 2368 4860 ηιιανᾳιιεόήὶεἱα
2398 4806 2515 4856 qua:
2549 4789 2616 4841 ad
2637 4788 2839 4860 animos
2865 4787 3089 4860 fratrum
3120 4787 3257 4840 inter
3279 4804 3335 4840 se
3365 4785 3526 4860 dissif

1957 4856 2190 4914 dentium
2214 4856 2569 4914 conciliandos
2590 4858 2937 4928 pertinebant,
2970 4858 3201 4918 obiisset,
3221 4856 3396 4928 etcaA
3408 4857 3524 4925 tqui

1957 4932 2207 4984 Clemens
2257 4932 2389 4984 nihil
2441 4926 2597 4981 dixit
2626 4931 2691 4982 de
2730 4930 2960 4980 fratrum
3011 4928 3310 4981 discordia.
3341 4926 3525 4995 Neque

1957 5015 2084 5054 vero
2110 5001 2297 5055 Graeca
2324 5017 2426 5054 vox
2451 4997 3166 5066 conciliationemsignificat,
3197 4999 3291 5051 sed
3317 5005 3523 5050 tantum

1958 5073 2393 5123 consolationem.
2437 5072 2524 5121 Ait
2557 5069 2720 5138 igitur
2749 5069 3023 5132 Clemens,
3075 5067 3350 5138 Joannem
3393 5081 3526 5135 apo-

1957 5142 2302 5206 stolum,cum
2326 5142 2376 5193 in
2408 5139 2550 5192 illam
2584 5137 2771 5192 urbem
2800 5139 3055 5201 venisset,
3080 5137 3523 5190 fratresadventu

1957 5225 2055 5264 suo
2086 5205 2419 5264 consolatam
2461 5224 2601 5271 esse,
2631 5226 2752 5263 cum
2781 5219 2900 5277 post
2922 5209 3236 5262 diuturnum
3268 5205 3521 5262 exsilium

1956 5295 2062 5348 quo
2091 5281 2379 5334 Domitiani
2408 5281 2707 5347 principatu
2736 5276 3240 5341 essulaverat,eum
3268 5277 3520 5348 reducem

1935 5345 2174 5404 "tandem
2201 5345 2467 5404 viderent.
2506 5345 2690 5404 Potest
2718 5352 2880 5404 etiam
2912 5349 3014 5402 hoc
3040 5351 3259 5402 verbum
3291 5345 3520 5413 intelligi

1956 5422 2022 5475 de
2059 5420 2458 5489 purificatione,
2487 5435 2590 5486 qua
2619 5422 2859 5474 Joannes
2893 5419 3192 5489 Ecclesiam
3238 5417 3388 5489 illius»
3416 5414 3520 5489 loci

1955 5483 2268 5544 consolatus
2297 5500 2398 5544 est.
2431 5483 2608 5545 Utitur
2630 5494 2821 5544 eadem
2850 5503 2980 5542 voce
3012 5483 3522 5556 Hegesippusjnfra

1956 5561 2048 5615 lib.
2075 5577 2143 5624 Iv,
2186 5576 2304 5624 cap.
2330 5561 2422 5619 2-2..
2461 5560 2631 5615 Porro
2671 5564 2721 5614 in
2767 5559 3050 5614 codicibus
3096 5552 3302 5610 nostris
3355 5552 3520 5624 Mam,

1956 5576 2143 5624 nn.iv,
2186 5576 2246 5614 ca
2293 5576 2422 5619 .22..
2461 5576 2631 5615 rorro
2671 5579 2721 5614 in
2767 5576 3050 5614 coutcmus
3099 5576 3302 5610 nosms
3355 5576 3520 5614 ωςιι..

1953 5631 2093 5686 Med.
2147 5647 2210 5685 ac
2243 5576 2379 5686 ἕως.
2433 5633 2694 5701 scriptum
2726 5641 2811 5688 est
2843 5632 2958 5687 sine
2986 5628 3310 5698 apostmphe
3336 5623 3432 5679 καὶ
3448 5622 3528 5678 τὰ

1952 5702 2107 5771 ἄλλα,
2138 5704 2358 5758 rectius.
