4140 6430
534 350 646 409 ἓόθ

1253 345 1524 405 EUSEBll
1560 339 2041 403 CESARIENSIS
2078 337 2228 395 OPP.
2273 336 2455 394 PARS
2494 336 2535 392 1.
2576 367 2647 379 --
2684 335 3074 413 HlSTORlCA.

3691 338 3802 393 260

537 466 878 529 commendo.
940 465 1074 522 Cum
1148 481 1275 520 vero
1332 467 1618 535 episcopus
1683 480 1807 520 eum
1865 464 2118 533 juvenem

2236 460 2481 527 Ἔφεσον,
2506 460 2535 512 ὁ
2561 458 2617 511 δὲ
2648 475 2751 529 πρε
2763 456 3021 527 σϐύτερος
3050 454 3332 510 ἀναλαϐὼν
3353 456 3533 512 οἶκαδε
3560 457 3651 510 τὸν
3690 473 3801 511 πα.-

538 561 891 632 suscepisset,
922 568 974 614 et
1002 574 1146 613 cura:
1186 559 1287 614 sibi
1314 560 1370 613 in
1420 570 1694 629 posmrum
1740 558 1857 613 fore
1892 557 2114 626 pollice-

539 664 711 717 retur,
742 652 933 706 iterum
961 650 1197 705 Joannes
1229 650 1419 705 eadem
1447 665 1568 720 qua:
1597 652 1748 719 prius
1777 650 2034 703 mandare
2060 658 2115 702 et

541 745 837 804 contestari
876 760 982 798 non
1014 743 1245 799 destitit.
1299 742 1430 797 Post
1462 744 1577 797 haec
1615 741 1859 796 Joannes
1894 742 2113 810 quidem

538 841 811 911 Ephesum
844 851 1121 908 regressus
1155 842 1259 893 est.
1299 834 1597 905 Presbyter
1628 850 1755 891 vero
1802 834 2116 890 adolescen-

544 955 651 1001 tem
678 945 781 1000 sibi
815 943 1068 998 traditum
1094 940 1147 995 in
1178 941 1396 994 domum
1438 954 1592 994 suam
1629 938 1937 1009 suscipiens
1981 941 2115 993 edu-

542 1039 709 1103 cavit,
758 1036 915 1101 fovit,
977 1042 1142 1100 atque
1200 1032 1515 1086 continuit:
1554 1033 1878 1100 tandemque
1932 1045 2118 1086 sacra-

543 1141 784 1184 mentum
816 1126 1073 1197 baptismi
1108 1124 1281 1179 eidem
1315 1124 1557 1179 tradidit.
1635 1124 1899 1193 Deinceps
1931 1139 2116 1178 sacer-

542 1224 641 1278 dos
670 1223 737 1278 de
769 1222 998 1291 pristina
1031 1235 1163 1275 cura
1193 1226 1358 1286 atque
1393 1216 1636 1272 custodia
1663 1217 1928 1285 paulatim
1953 1216 2121 1271 remi-

542 1316 633 1379 sit,
698 1314 896 1384 quippe
950 1329 1070 1367 cum
1114 1311 1515 1383 perfectissimo
1564 1310 1787 1364 custode
1846 1308 2118 1379 apposito,

543 1405 746 1461 Christi
782 1405 1039 1461 videlicet
1072 1404 1359 1474 signaculo
1398 1404 1655 1472 juvenem
1685 1401 2119 1457 communiisset.

544 1500 697 1553 Illum
729 1514 860 1570 ergo
887 1507 1211 1569 praematura
1272 1494 1501 1567 potitum
1551 1494 1824 1558 libertate,
1885 1494 2121 1564 aequales

542 1604 763 1673 quidam
792 1604 894 1657 sibi
928 1602 1247 1673 adjungunt,
1290 1602 1503 1657 desides
1537 1616 1600 1656 ac
1630 1601 1905 1670 dissoluti,
1942 1613 1995 1657 et
2026 1601 2123 1656 lla-

544 1694 692 1763 gitiis
719 1694 971 1749 omnibus
1001 1694 1318 1748 assuefacti.
1347 1694 1423 1747 Ac
1477 1694 1711 1763 primum
1743 1696 1959 1765 quidem
2004 1710 2121 1749 ma-

545 1784 757 1852 gniﬁcis
808 1782 1072 1837 conviviis
1131 1782 1533 1837 adolescentem
1599 1782 1828 1837 illiciunt
1884 1800 1897 1836 :

544 1875 740 1930 deinde
778 1877 843 1929 ad
872 1875 1184 1945 spoliandas
1227 1875 1415 1929 obvios
1465 1876 1689 1946 egressi,
1734 1890 1919 1930 secum
1964 1876 2112 1929 illum

544 1970 869 2025 abducunt:
918 1970 1040 2024 inde
1080 1972 1147 2024 ad
1176 1972 1442 2041 majorum
1473 1970 1743 2025 scelerum
1792 1970 2115 2025 societatem

545 2061 929 2116 cohortantur.
972 2060 1041 2114 At
1080 2061 1169 2116 ille
1203 2061 1403 2116 sensim
1434 2062 1784 2116 assuescebat
1836 2060 2116 2130 pravitati,

546 2161 601 2206 et
643 2162 897 2221 tanquam
929 2166 1225 2221 generosus
1260 2161 1316 2205 et
1370 2150 1592 2206 elfrenis
1646 2165 1819 2220 equus
1875 2166 1905 2203 a
1970 2158 2123 2205 recto

548 2243 769 2297 tramite
802 2245 1086 2312 abreptus,
1126 2258 1194 2299 ac
1230 2244 1443 2298 frenum
1488 2244 1891 2311 commordens,
1920 2254 2124 2312 quanto

546 2336 757 2406 majore
784 2337 951 2390 animi
1000 2338 1179 2392 indole
1210 2337 1474 2408 prrcditus
1503 2347 1644 2404 erat,
1675 2345 1826 2390 tanto
1855 2337 2034 2390 acrius
2070 2336 2123 2389 in

546 2458 789 2513 przeceps
834 2442 1132 2498 ferebatur.
1186 2444 1465 2499 Postremo
1518 2442 1725 2510 abjecta
1786 2456 1881 2510 spe
1934 2442 2126 2495 salutis

547 2549 710 2603 quam
743 2535 795 2588 in
830 2534 940 2589 Deo
976 2545 1251 2602 posuerat,
1302 2536 1434 2589 nihil
1476 2534 1587 2603 jam
1619 2534 1890 2588 mediocre
1944 2533 2127 2586 animo

548 2625 891 2707 designabat,
924 2627 1016 2679 sed
1050 2628 1243 2695 grandi
1291 2627 1473 2695 aliquo
1516 2625 1722 2681 scelere
1782 2635 2125 2696 perpetrato,

551 2719 769 2785 quando
792 2718 1010 2785 quidem
1042 2716 1153 2783 jam
1178 2718 1245 2771 de
1276 2719 1449 2772 salute
1480 2733 1575 2771 sua
1625 2718 1841 2787 penitus
1872 2719 2128 2788 despera-

548 2817 738 2873 verat.
771 2824 957 2880 parem
994 2826 1117 2865 cum
1157 2812 1369 2866 caeteris
1405 2824 1624 2882 poenam
1652 2811 1837 2866 subire
1865 2812 2126 2881 dedigna-

550 2917 734 2973 batur.
767 2918 1072 2987 Assumptis
1107 2918 1271 2987 igitur
1306 2919 1414 2973 illis
1444 2919 1577 2988 ipsis
1608 2919 1907 2985 sodalibus,
1949 2926 2005 2974 et
2048 2920 2130 2974 inp

553 3008 744 3062 stituto
769 3006 1041 3062 latronum
1074 3007 1321 3076 collegio,
1353 3008 1466 3076 ipse
1508 3018 1759 3080 prompto
1792 3010 1977 3063 animo
2022 3011 2127 3065 dux

554 3116 745 3157 eorum
774 3099 1019 3168 eﬂ‘ectus,
1053 3100 1332 3165 violentia,
1368 3101 1606 3157 caedibus
1636 3111 1798 3173 atque
1844 3104 2129 3159 atrocitate

2220 554 2511 625 ραδοθέντα
2535 553 2840 617 νεανίσκον,
2889 552 3106 623 ἔτρεφε,
3149 554 3413 621 συνεῖχεν,
3470 551 3692 616 ἔθαλπε,
3733 552 3800 605 τὸ

2214 646 2520 698 τελευταῖον
2580 641 2833 712 ἐφώτισε.
2906 643 3017 695 Κοιῖ⁹
3076 642 3213 712 μετὰ
3262 642 3417 694 τοῦτο
3464 642 3641 711 ὑφῆκε
3692 643 3799 711 τῆς

2217 735 2460 799 πλείονος
2490 733 2805 805 ἐπιμελείας
2835 734 2930 787 καὶ
2961 733 3378 805 παραφυλακῆς,
3401 733 3477 795 ὡς
3504 734 3565 785 τὸ
3593 734 3803 787 τέλειον

2217 828 2365 897 αὐτῷ
2392 826 2755 897 φυλακτήρων
2782 824 3086 896 ἐπιστήσας
3123 823 3222 894 τὴν
3254 824 3524 895 σφραγῖδα
3556 823 3648 875 τοῦ
3683 825 3805 876 Κυ-

2221 920 2335 991 ρίου
2364 920 2492 989 (15).
2518 918 2606 988 Τῷ
2629 918 2684 971 δέ
2716 917 2949 981 ἀνέσεως
2972 916 3077 987 πρὸ
3101 916 3249 989 ὧρας
3292 915 3573 986 λαϐομένω
3628 932 3805 988 προσ-

2220 1008 2528 1078 φθείρονταί
2573 1008 2849 1079 (uxrcula;
2870 1006 3054 1077 ἥλικες
3080 1008 3239 1079 ἀργοὶ
3271 1006 3365 1060 καὶ
3393 1006 3803 1078 ἁπερῤωγότες,

2220 1102 2408 1165 ἐθάδες
2438 1101 2641 1156 κακῶν.
2678 1101 2789 1155 Καὶ
2821 1100 3037 1170 πρῶτον
3081 1100 3180 1171 μὲν
3213 1101 3283 1153 δι’
3313 1099 3607 1153 ἑστιάσεων
3634 1100 3806 1152 πολυ-

2221 1193 2387 1246 τελῶν
2410 1194 2569 1247 αὑτὸν
2596 1192 2908 1261 ἐπάγονται,
2928 1186 3047 1243 εἶτά
3059 1210 3164 1245 που
3198 1192 3413 1261 νύκτωρ
3436 1191 3528 1245 ἐπὶ
3557 1192 3803 1245 λωποδυ-

2226 1288 2350 1340 σίαν
2374 1286 3069 1354 ἐξιόντες,συνεπάγονται·
3097 1280 3217 1337 εἶτά
3247 1303 3298 1337 τι
3324 1286 3417 1338 καὶ
3452 1285 3633 1355 μεῖζον
3662 1304 3807 1357 συμ-

2223 1379 2481 1453 πράττειν
2498 1377 2698 1448 ήξίουν.
2717 1378 2774 1431 Ὀ
2802 1379 2857 1431 δὲ
2874 1377 3154 1446 κατολίγον
3177 1376 3560 1448 προσειθίζετο.
3581 1379 3688 1433 Καὶ
3712 1378 3809 1433 διὰ

2226 1472 2454 1543 μέγεθος
2494 1471 2727 1540 φύσεως,
2768 1471 2967 1534 ἐκστάς
2996 1469 3185 1541 ὥσπερ
3216 1471 3450 1541 ἄστομος
3497 1471 3589 1524 καὶ
3626 1470 3805 1542 εὕρω-

2224 1584 2346 1630 στος
2397 1566 2563 1629 ἵππος
2606 1565 2775 1637 ὀρθῆς
2812 1564 2954 1629 ὁδοῦ,
3000 1565 3094 1618 καὶ
3142 1564 3234 1618 τὸν
3278 1564 3493 1633 χαλινὸν
3538 1564 3803 1628 ἐνδακὼν,

2228 1656 2487 1727 μειζόνως
2515 1656 2655 1710 κατὰ
2689 1655 2800 1709 τῶν
2837 1654 3125 1726 βαράθρων
3152 1654 3396 1724 ἐφέρετο.
3429 1656 3720 1723 Ἀπογνοὺς
3742 1657 3805 1708 δὲ

2222 1749 2421 1813 τελέως
2446 1750 2546 1821 τὴν
2577 1751 2635 1802 ἐν
2666 1748 2783 1819 Θεῷ
2818 1746 3111 1818 σωτηρίαν,
3154 1747 3307 1802 ούδέν
3347 1746 3429 1800 ἔτι
3465 1748 3657 1819 μικρὸν
3694 1749 3808 1802 διε-ο

1954 1794 2117 1911 $33:
2149 1822 2194 1880 Β
2221 1845 2410 1905 νοεῖτο,
2434 1794 2569 1895 ἀλλὰ
2596 1840 2734 1911 μέγα
2756 1802 2816 1893 ⁸τι
2848 1794 3079 1911 πράξας,
3099 1839 3394 1911 ἐπειδήπερ
3414 1794 3808 1905 ἂιῐαξΓάπολὼ-

2222 1935 2321 1997 λει,
2346 1936 2435 1987 ἶσα
2449 1936 2558 1997 τοῖς
2576 1932 2958 1996 ἅλλοις’παθεῖν
2975 1931 3124 2001 ἠξίου
3146 1932 3486 2002 (15).Αὐτοὺς
3504 1931 3564 2003 δή
3581 1932 3806 1996 τούτους

2221 2024 2620 2089 ἀναλαϐὼν,κα“ι
2638 2025 2923 2098 λῃστήριον
2942 2025 3332 2095 συγκροτήσας,
3350 2024 3808 2095 ἓτοιμοςλῂσταρ-

2222 2134 2315 2187 χος
2341 2111 2427 2187 ἦν,
2454 2115 2773 2185 βιαιότατος,
2798 2113 3219 2185 μαιφονώτατος,
3258 2114 3652 2185 χαλεπώτατος.
3668 2115 3810 2185 Χρό-

2224 2225 2312 2273 νος
2345 2212 2401 2262 ἐν
2421 2208 2591 2279 μέσῳ·
2605 2207 2855 2276 καῑιτινος
2870 2207 3454 2278 ἐπιπεσούσηςχρείας,
3476 2208 3809 2264 ἁνακαλοῦσι

2222 2302 2313 2354 τὸν
2354 2300 2626 2371 Ἰωάννην.
2665 2298 2723 2352 '0
2748 2298 2827 2367 δὲ,
2851 2298 2973 2351 ἐπεὶ
2998 2299 3065 2352 τὰ
3097 2300 3230 2353 ἄλλα
3251 2294 3324 2354 ὧν
3354 2300 3512 2373 χάριν
3542 2295 3641 2371 ἧκε
3670 2320 3807 2355 κατ-

2220 2394 2505 2463 εστήσατο,
2542 2392 2673 2459 Ἀγε
2719 2389 2805 2462 δὴ,
2878 2390 3003 2463 ἔφη,
3062 2385 3107 2444 ὧ
3164 2393 3451 2460 ἐπίσκοπε,
3496 2394 3591 2465 τὴν
3628 2413 3809 2467 παρα-

2226 2484 2543 2555 καταθήκην
2572 2482 2771 2545 ἀπόδος
2811 2484 2962 2553 ἡμῖν,
3000 2486 3066 2554 ἢν
3100 2484 3210 2553 ἐγώ
3242 2502 3299 2538 τε
3348 2487 3442 2539 καὶ
3498 2487 3526 2539 ὁ
3569 2488 3807 2560 Χριστός

2230 2595 2314 2630 σοι
2346 2573 2839 2647 παρακατεθέμεθα
2864 2576 2956 2627 ἐπὶ
2981 2576 3079 2646 τῆς
3124 2576 3467 2647 Ἑκκλησίας,
3496 2571 3563 2647 ἦς
3593 2596 3808 2649 προκα-

2230 2669 2380 2741 θέζῃ,
2406 2668 2701 2738 μάρτυρος.
2764 2667 2820 2720 '0
2873 2668 2929 2720 δὲ
2972 2668 3035 2721 τὸ
3087 2669 3185 2739 μὲν
3245 2669 3460 2741 πρῶτον
3508 2670 3807 2742 ἐξεπλάγη,

2230 2763 2487 2833 χρήματα
2516 2760 2759 2830 οἰόμενος
2802 2760 2945 2832 ἅπερ
2971 2762 3069 2813 ούκ
3109 2762 3286 2827 ἔλαϐε,
3333 2763 3806 2831 συκοφαντεῖσθαι,

2233 2856 2328 2908 καὶ
2363 2852 2487 2906 οὕτε
2522 2852 2794 2905 πιστεύειν
2816 2848 2958 2923 εἶχεν
2990 2854 3132 2926 ὑπὲρ
3156 2847 3228 2907 ὧν
3252 2854 3351 2908 οὐκ
3376 2850 3539 2925 εἶχεν,
3562 2855 3684 2909 οὔτε
3732 2857 3812 2909 ά-

2237 2945 2443 2997 πιστεῖν
2476 2944 2717 3017 Ἰωάννῃ.
2755 2945 2842 3008 Ὠς
2858 2944 2937 3013 δὲ,
2961 2940 3064 2995 Τὸν
3076 2946 3373 3009 νεανίσκον,
3401 2944 3572 3010 εἶπεν,
3592 2948 3811 3001 ἀπαιτῶ

2232 3038 2325 3089 καὶ
2369 3034 2465 3105 τὴν
2509 3035 2685 3105 ψυχὴν
2741 3032 2833 3087 τοῦ
2876 3034 3125 3102 ἀδελφοῦ,
3172 3036 3431 3101 στενάξας
3494 3036 3735 3092 κάτωθεν
3778 3039 3812 3089 ὁ

2233 3130 2564 3201 πρεσϐύτης,
2616 3129 2710 3183 καί
2748 3145 2800 3180 τι
2846 3128 2937 3181 καὶ
2982 3128 3368 3201 ἐπιδακρύσας,
3393 3130 3644 3196 Ἐκεῖνος,
3678 3130 3810 3200 ἔφη,

555 3207 781 3254 cunctos
810 3198 1125 3268 superabat.
1177 3196 1473 3266 Aliquanto
1521 3207 1644 3268 post
1685 3210 1948 3268 tempore,
2010 3213 2131 3254 cum

2236 3220 2621 3290 τέθνηκε.Πῶς
2655 3218 2744 3272 καὶ
2765 3218 2883 3271 τίνα
2918 3219 3140 3272 θάνατον
3163 3236 3177 3284 ;
3204 3219 3321 3290 Θεῷ
3338 3219 3614 3289 τέθνηκεν,
3633 3216 3809 3275 εἶπεν.

555 3306 758 3377 negotii
800 3305 1101 3377 cujuspiam
1147 3306 1449 3362 necessitas
1495 3306 1799 3376 incidisset,
1848 3307 2043 3363 iterum
2077 3308 2131 3363 in

628 3426 741 3497 (15)
770 3425 889 3497 Τὴν
922 3423 1220 3493 σφραγιδα
1274 3422 1393 3497 τοῦ.
1434 3423 1678 3490 Κυρίου.
1714 3422 1937 3479 Veteres
1977 3424 2124 3479 Chri.

560 3495 731 3555 stiani
757 3498 827 3549 ita
867 3496 1195 3562 baptismum
1246 3495 1535 3551 vocabant,
1569 3502 1628 3545 ut
1672 3503 1870 3561 praater
1907 3506 2135 3549 ctcteros

564 3573 723 3623 docet
751 3566 1046 3634 Gregorius
1070 3563 1443 3617 Nazianzenus
1485 3563 1536 3615 in
1566 3564 1815 3618 oratione
1840 3566 2137 3633 quadrage-

560 3642 721 3700 sima,
754 3638 842 3689 ubi
899 3636 1225 3701 baptismum
1282 3634 1512 3686 diversis
1557 3634 1870 3688 nominibus
1916 3650 1945 3687 a
1980 3635 2137 3689 Chri-

562 3710 753 3764 stianis
778 3707 959 3760 vocari
986 3706 1240 3775 observat
1275 3720 1287 3755 :
1317 3704 1496 3773 Δῶρον
1529 3704 1821 3775 καλοῦμεν,
1844 3706 2135 3775 ίχάρισμα,

564 3780 865 3850 βάπτισμα,
892 3777 1120 3850 χρίσμα,
1146 3773 1422 3850 φιὶιτισμα,
1446 3774 1753 3850 ἀφθαρσίας
1778 3773 2141 3850 ἔνδυμα,λου-

561 3844 689 3923 τρὸν
720 3844 1162 3923 παλιγγενεσίας,
1196 3846 1485 3915 σφραγῖδα,
1517 3847 1623 3897 πᾶν
1648 3847 1675 3900 ὂ
1699 3860 1749 3898 τι
1775 3844 1963 3923 τίμιον.
1996 3845 2143 3923 _C_au-

566 3915 683 3975 sam
711 3934 840 3973 vero
864 3932 960 3970 cur
990 3917 1320 3983 baptismum
1366 3925 1624 3969 vocarent
1668 3915 1963 3986 σφραγῖδα,
1996 3918 2139 3969 idem

565 3991 865 4061 Gregorius
901 3986 1393 4061 sulijt_tngi_t,__quod
1443 3986 1668 4061 scilicet
1714 3988 2032 4061 baptismus
2069 3989 2141 4039 sit

565 4056 906 4116 conservatio
929 4068 983 4111 et
1016 4057 1237 4110 dominii
1266 4067 1413 4109 nota.
1443 4056 1578 4108 Male
1606 4070 1734 4124 ergo
1760 4057 2142 4125 Christophor-

569 4147 735 4187 sonus
780 4130 928 4182 hunc
981 4128 1191 4181 Eusebii
1235 4127 1406 4179 nostri
1455 4130 1628 4179 locum
1684 4127 1750 4179 de
1792 4135 2133 4181 sacramento

570 4197 998 4254 conﬁrmationis
1034 4198 1424 4264 interpretatus
1472 4206 1587 4261 est;
1637 4195 1717 4249 sic
1743 4200 1887 4250 enim
1922 4197 2089 4249 vertit
2118 4213 2132 4251 :

571 4270 764 4325 Postea
816 4284 933 4321 vero
978 4267 1065 4319 ubi
1107 4266 1279 4334 sigillo
1321 4266 1556 4326 Domini,
1587 4266 1638 4316 id
1687 4276 1760 4318 est
1810 4276 2136 4318 sacramento

571 4337 1008 4408 conﬁrmationis,
1038 4346 1285 4403 tanquam
1310 4336 1539 4408 perfecta
1580 4344 1795 4403 tutaque
1817 4335 1930 4408 ejus
1975 4336 2137 4408 animi

570 4404 815 4465 Custodia
846 4408 1193 4476 obsignasset,
1219 4404 1470 4476 nonnihil
1485 4406 1548 4458 de
1566 4420 1695 4458 cura
1726 4406 1950 4459 remisit.
1978 4404 2139 4472 Atqui

2251 3313 2452 3384 Ἀπέΰη
2478 3311 2587 3381 γὰρ
2622 3310 2856 3382 πονηρὸς
2889 3311 2983 3365 καὶ
3019 3310 3245 3383 ἐξώλης,
3281 3312 3373 3365 καὶ
3392 3312 3451 3365 τὸ
3490 3312 3809 3381 κεφάλαιον,

2243 3425 2452 3489 zandis,
2496 3440 2525 3478 a
2578 3423 2696 3479 Nic.
2728 3423 2969 3495 Rigaltio
3017 3425 3223 3495 editus,
3288 3421 3490 3495 signum
3530 3422 3651 3490 ﬁdei
3719 3423 3818 3495 bis

2242 3495 2479 3564 appellat
2504 3492 2889 3562 baptismafet
2925 3494 3130 3564 signum
3158 3493 3486 3560 simpliciter
3522 3508 3642 3564 pag.
3687 3492 3813 3546 l3l.

2243 3561 2493 3619 Clemens
2533 3561 2937 3619 Alexandrinus
2990 3565 3041 3617 in
3074 3561 3394 3634 Pwdagogo,
3428 3578 3550 3634 pag.
3593 3563 3684 3629 All,
3739 3566 3820 3617 ait

2244 3634 2568 3721 baptismum
2601 3635 2812 3721 "inultis
2832 3634 3173 3721 “nominibus
3216 3633 3811 3721 appelLa'ri,‘xﬁptstta,

2246 3705 2519 3776 φώτισμα,
2554 3706 2777 3760 τέλειον.
2831 3704 2895 3757 Et
2948 3704 3000 3757 in
3055 3704 3326 3769 b'xcerptis
3369 3703 3639 3769 Theodoti,
3687 3703 3816 3772 pag.

2242 3777 2369 3837 544,
2405 3786 2561 3831 vocat
2593 3778 2921 3843 baptismum
2959 3774 3254 3845 σφραγῖδα,
3277 3782 3330 3845 et
3370 3774 3691 3844 σφράγισμα
3715 3775 3819 3844 τῆς

2244 3846 2529 3919 άληθείας,
2554 3860 2886 3919 causamque
2911 3844 3074 3919 aliert
3106 3844 3348 3919 nominis
3367 3846 3621 3919 eamdem
3651 3860 3818 3913 quam

2242 3911 2559 3985 Gregorius.
2593 3916 2753 3969 Plura
2790 3911 2910 3969 vide
2938 3917 3081 3985 apud
3105 3913 3163 3985 Ρ,
3207 3911 3535 3985 Ilalloixium
3571 3915 3623 3968 in
3656 3911 3818 3969 nota-

2245 3983 2483 4041 tionibus
2526 3987 2592 4038 ad
2630 3985 2806 4039 Vitam
2839 3986 3009 4039 sancti
3073 3983 3377 4053 Polycarpi.
3418 3999 3539 4053 cap.
3591 3986 3644 4038 9.
3685 3985 3821 4052 Qui-

2242 4057 2354 4181 .l‘mst
2372 4058 2508 4178 aride
2549 4054 2910 4126 Epiphaniutn
2944 4055 2999 4109 in
3034 4053 3229 4109 haeresi
3257 4054 3661 4121 Ebionaaorum,
3686 4070 3815 4127 cap.

2300 4142 2328 4180 e
2382 4144 2415 4181 ο
2456 4164 2471 4179 .
3233 4164 3240 4171 .

2300 4137 2354 4180 et
2382 4128 2471 4181 δι.
3233 4164 3240 4171 .

2315 4198 2427 4262 (ll)
2458 4195 2987 4263 Προσέρθείρονται.
3048 4195 3215 4264 Hujus
3244 4194 3393 4249 verbi
3435 4195 3545 4248 vim
3580 4210 3684 4249 non
3735 4196 3821 4249 in‘

2248 4267 3028 4334 lellexilChristopltorsontts,
3083 4277 3139 4319 ut
3180 4282 3249 4321 ex
3286 4265 3544 4319 versione
3572 4265 3686 4332 ejus
3721 4281 3822 4335 ap-

2248 4347 2422 4406 paret.
2467 4335 2939 4408 Προσφθείρεσθαι
2986 4339 3127 4392 idem
3170 4346 3253 4389 est
3311 4336 3468 4408 quod
3510 4335 3820 4408 προσέρχει-

2252 4405 2396 4473 σθαι,
2426 4405 2530 4460 nisi
2562 4408 2710 4473 quod
2751 4405 2811 4460 in
2860 4408 3053 4461 malam
3092 4416 3297 4475 partem
3329 4405 3584 4459 sumitur.
3616 4405 3821 4461 Eodem

572 4480 762 4535 Graeca
791 4477 843 4531 id
876 4473 980 4531 non
1011 4484 1226 4548 sonant.
1256 4474 1665 4548 NamClemens
1694 4476 1809 4548 ait,
1830 4476 2133 4543 episcopnn‘

2252 4494 2416 4532 sensu
2453 4476 2854 4547 εἰσφθείρεσθαι
2888 4480 3073 4533 dicunt
3096 4473 3271 4531 Graeci
3305 4490 3403 4544 pro
3452 4476 3824 4548 εἰσι-ἔρχεσθαι,

566 4552 699 4607 ἐιιιιι
731 4548 1133 4602 adolescentem
1170 4546 1319 4599 illum
1364 4544 1653 4613 aliquando
1704 4544 1931 4598 fovisset
1979 4556 2140 4614 atque

578 4620 909 4676 instituisset
962 4616 1381 4679 studiosissime,
1419 4617 1637 4669 tandem
1692 4615 1845 4667 illum
1902 4617 2146 4683 baptiza-

577 4692 748 4760 visse;
802 4696 979 4760 postea
1013 4702 1141 4760 vero
1175 4702 1364 4760 curam
1412 4685 1555 4760 illius
1586 4684 1947 4760 adolescentis
1991 4687 2143 4755 abje-

576 4756 743 4825 cisse,
772 4756 971 4828 quippe
1014 4758 1100 4811 cui
1143 4756 1612 4828 perfectissimum
1634 4758 1914 4828 custodem
1974 4771 2145 4828 appr»:-

578 4825 805 4891 suis'set,
826 4825 1159 4883 Doininicuni
1199 4827 1557 4897 signaculum,
1584 4825 1659 4887 ὡς
1687 4826 1746 4897 τὸ
1771 4826 1973 4897 τέλειον
1999 4825 2145 4897 αὐτῷ

578 4901 942 4972 φυλακτήριον
990 4899 1287 4972 ἐπιστήσας
1333 4896 1431 4966 τὴν
1482 4896 1749 4972 σφραγῖδα
1784 4896 1885 4972 ’τοῦ
1916 4896 2143 4968 Κυρίου.

580 4966 1107 5039 Christol'ihorsonus
1143 4966 1232 5022 illa
1278 4975 1442 5021 verba
1481 4966 1556 5029 ὡς
1607 4968 1909 5038 ἐπιστήσας
1962 4966 2145 5030 vertit,

581 5044 668 5097 ubi
696 5044 1037 5110 obsignasxet.
1084 5054 1205 5093 cum
1253 5048 1467 5110 vertere
1510 5040 1688 5110 potius
1716 5040 2013 5110 debuisset,
2058 5049 2141 5092 ιιι-

582 5123 701 5177 pote
733 5108 824 5180 qui
861 5110 1204 5179 obsignauet.
1254 5108 1405 5180 lianc
1433 5110 1577 5180 enim
1611 5108 1717 5160 vim
1762 5110 1926 5180 habet
1959 5109 2146 5180 Graeca

588 5178 877 5252 particula,
911 5193 986 5252 et_
1016 5181 1204 5252 lectori
1254 5179 1479 5252 indicat,
1520 5178 1573 5252 id
1599 5179 1771 5252 Aquod
1824 5179 2026 5233 dicitur
2052 5179 2148 5252 _ad

587 5248 863 5318 superiora
905 5250 1093 5304 referri
1119 5251 1340 5304 debere.
1375 5250 1509 5301 Cum
1541 5248 1705 5317 igitur
1738 5260 1897 5301 antea
1948 5252 2013 5302 de
2052 5249 2151 5302 ba-

590 5324 785 5392 ptismo
815 5323 1021 5392 locutus
1053 5322 1125 5373 sit
1154 5322 1403 5392 Clemens
1438 5318 1514 5392 (id
1540 5318 1685 5370 enim
1718 5318 1992 5392 significat
2022 5334 2151 5392 ver-

588 5389 716 5447 bum
751 5393 879 5446 illud
906 5389 1181 5461 ἐφώτισε),
1217 5390 1267 5441 in
1312 5390 1410 5441 hac
1443 5389 1608 5461 etiam
1645 5389 1865 5461 periodo
1888 5390 1952 5443 de
1980 5389 2156 5458 bapti-

590 5478 708 5517 smo
746 5478 867 5517 eum
908 5458 1055 5528 loqui
1083 5458 1303 5513 necesse
1338 5466 1435 5512 est.
1460 5458 1567 5511 Sed
1591 5467 1643 5511 et
1669 5460 1931 5513 Eusebius
1969 5461 2021 5512 in
2056 5461 2154 5514 lib.

590 5548 666 5597 γι,
700 5548 819 5600 cap.
853 5533 882 5583 7
912 5531 1003 5583 ubi
1061 5530 1126 5583 de
1169 5528 1403 5581 Basilide
1438 5529 1571 5597 agit,
1619 5529 1949 5590 baptismum
1997 5536 2155 5600 vocat

593 5599 885 5671 σφραγῖδα.
912 5600 1086 5671 Latini
1106 5612 1326 5671 quoque
1357 5601 1548 5671 eodem
1573 5600 1729 5671 modo
1750 5608 1963 5671 vocant
1980 5599 2159 5668 signa-

593 5619 665 5670 σφ
705 5619 885 5671 αγιοα.
914 5619 1086 5654 ιιὶιιιηι
1114 5619 1326 5667 quoque
1357 5619 1548 5652 COUBIII
1573 5619 1729 5650 IIIUUO
1751 5619 1945 5651 νυυειιιι
1980 5619 2159 5668 signa-

593 5619 770 5726 ειιίίιιιι
798 5668 942 5739 ﬁdei.
980 5670 1071 5723 Sic
1103 5669 1335 5722 Bullinus
1367 5669 1418 5721 in
1448 5668 1542 5739 li_b.
1571 5668 1859 5721 tadversus
1897 5666 2159 5739 Hierony-

595 5758 757 5804 mum,
788 5736 959 5802 initio.
985 5751 1035 5793 et
1072 5748 1224 5793 vetus
1255 5748 1443 5791 auctor
1460 5736 1535 5790 De
1568 5739 1828 5789 hwreticis
1860 5753 1961 5789 non
1986 5737 2160 5814 bapti-

653 5846 673 5867 '
697 5842 758 5893 ll.
780 5855 826 5891 e.
850 5855 1016 5904 parem
1037 5854 1143 5893 cum
1168 5841 1350 5894 caveris
1370 5847 1542 5894 sortem
1562 5837 1747 5891 habere.
1777 5837 1910 5888 lion.

2242 4558 2303 4601 nt
2335 4558 2485 4601 notat
2516 4548 2735 4603 Suidas.
2785 4550 2957 4615 Quam
2988 4563 3173 4602 vocem
3206 4548 3387 4616 legere
3425 4551 3644 4600 memmi
3679 4551 3821 4616 apud

2243 4619 2565 4685 Gregorium
2623 4618 2753 4671 Naz.
2797 4621 2850 4672 in
2900 4617 3289 4688 orationer‘Zl,
3326 4615 3515 4688 ὥσπερ
3548 4634 3600 4670 τι
3623 4615 3828 4688 νόσιμα

2242 4688 2413 4742 δεινὸν
2461 4691 2581 4752 ταῖς
2623 4689 2941 4759 ἐκκλησίαις
3002 4687 3321 4757 εἰσεφθάρη.
3360 4687 3427 4759 Et
3485 4687 3645 4759 panlo'
3702 4687 3826 4759 post

2245 4761 2311 4813 de
2341 4759 2604 4829 Gregorio
2654 4756 2852 4813 Ariano
2904 4761 3145 4828 loquens.
3204 4756 3269 4828 τῇ
3324 4756 3568 4828 πολιτείᾳ
3593 4757 3826 4829 παρείσ-

2248 4827 2474 4901 φθαρενζ
2538 4827 2699 4882 Plura
2745 4832 2809 4882 de
2850 4831 2951 4883 hoc
2979 4827 3146 4883 verbo
3180 4827 3308 4883 alibi
3344 4827 3550 4895 notari,
3589 4827 3708 4899 qua:
3742 4830 3829 4881 in-

2247 4902 2535 4971 praasentia
2566 4915 2669 4953 non
2707 4910 2841 4971 sunt
2866 4902 2931 4951 ad
2959 4915 3200 4952 manum.

2321 4970 2432 5040 (l5)
2458 4972 2586 5024 Ἴσα
2636 4970 2758 5036 τοῖς
2804 4968 3017 5035 ἄλλοις
3060 4968 3270 5021 παθεῖν
3312 4968 3530 5040 ἠξίουζ,
3554 4967 3825 5040 Gruterus

2250 5036 2555 5110 negativam
2581 5040 2900 5107 particulam
2936 5042 3023 5093 hic
3052 5040 3257 5110 addidit
3280 5059 3293 5096 ε
3314 5040 3413 5110 οὐκ
3435 5036 3623 5110 ἠξίου,
3647 5039 3827 5110 Atone

2253 5107 2552 5166 ita'lettisse
2578 5112 2829 5163 videntur
2855 5110 3082 5163 Ruﬁnus
3112 5120 3165 5163 et
3194 5108 3481 5161 Musculus.
3537 5107 3665 5160 Mihi
3701 5124 3821 5159 ma-

2252 5183 2334 5251 gis
2378 5177 2623 5249 placeret
2679 5179 2939 5251 ἀπηξίου.
2972 5179 3358 5251 Ferri__tamen
3402 5177 3825 5251 potestvulgata

2253 5247 2547 5319 scriptura,
2576 5251 2620 5303 si
2659 5247 2794 5305 voce
2827 5250 2913 5303 illa
2942 5254 3054 5314 τοῖς
3093 5249 3275 5311 ἄλλοις
3305 5262 3407 5319 non
3448 5247 3664 5302 sodales
3696 5248 3827 5319 adn-

2255 5317 2510 5375 lescentis
2545 5321 2687 5374 illius
2716 5320 3003 5389 intelligas,
3030 5321 3123 5373 sed
3149 5320 3289 5389 alios
3318 5317 3558 5389 latrones
3584 5317 3823 5389 et‘sica-

2256 5392 2387 5460 ri_o_s.
2416 5390 2471 5444 In
2501 5391 2691 5454 codice
2708 5390 2871 5453 Maz.,
2892 5386 3043 5443 Med.
3072 5398 3125 5442 et
3158 5387 3295 5442 Fuk.
3332 5387 3528 5457 legitur
3557 5386 3826 5460 πράττειν

2258 5457 2435 5590 ήξίου.
2478 5464 2585 5520 Sed
2625 5480 2688 5519 ea
2728 5464 2890 5519 lectio
2929 5461 3058 5517 ferri
3100 5477 3205 5517 non
3247 5472 3446 5533 potest,
3487 5457 3619 5518 cum'
3656 5464 3710 5517 in
3745 5478 3839 5516 ea-

2297 5552 2383 5590 em
2423 5536 2647 5590 neriodo
2696 5533 3002 5590 nrzecedant
3043 5534 3156 5587 hare
3208 5535 3367 5589 verba
3409 5535 3549 5590 μέγα
3599 5552 3652 5587 τι
3691 5536 3834 5590 πρά-

2297 5552 2383 5591 em
2423 5536 2647 5606 periodo
2696 5533 3002 5604 przecedant
3043 5534 3156 5606 hare
3208 5535 3367 5589 verba
3395 5535 3549 5606 péya
3599 5552 3652 5606 τι
3691 5536 3834 5605 πρά-

2262 5607 2378 5672 ξας,
2424 5604 2530 5661 etc.
2588 5604 2688 5661 Ubi
2740 5615 2918 5660 tamen
2972 5604 3144 5658 nostri
3193 5606 3347 5670 codd.
3391 5604 3553 5668 Maz.,
3604 5604 3745 5660 Med.
3785 5614 3838 5659 et

2261 5678 2397 5731 Fuk.
2428 5678 2690 5747 scriptum
2726 5676 2925 5731 habent
2970 5675 3110 5746 μέγα
3145 5694 3197 5730 τι
3241 5678 3462 5747 πρᾶξαι,
3494 5678 3697 5748 absque
3724 5677 3837 5731 ullo

2261 5766 2447 5806 εειιςυ.
