4140 6430
327 369 438 425 265

1321 370 1669 429 HISTOBIE
1707 369 2267 431 ECCLESIASTICIE
2309 371 2437 428 LIB.
2481 371 2570 428 III.

3488 374 3595 428 266

329 489 445 551 θεὶς
476 491 800 546 ἐπακούσαι.
837 492 951 545 Οὐκ
981 492 1197 566 ἄπειροι
1251 494 1349 564 μὲν
1382 489 1474 547 οὖν
1520 495 1763 566 ὑπῆρχον
1801 496 1902 549 τῶν

2015 497 2203 567 gisset,
2233 506 2287 550 et
2331 494 2397 549 ad
2429 495 2603 564 ipsum
2640 506 2814 562 usque
2844 491 3086 546 divinum
3142 491 3449 560 paradisum
3509 509 3595 546 ra-

329 583 508 636 αὐτῶν
544 586 640 638 καὶ
685 586 734 638 oi
765 585 940 660 λοιτ-ιτο)τ
988 586 1081 639 τοῦ
1131 587 1382 659 Σωτῆρος
1433 587 1591 658 ἡμῶν
1636 589 1909 660 φοιτηταί,

327 677 537 730 δώδεκα
553 679 651 748 μὲν
670 679 977 744 ἀπόστολοι,
997 679 1364 750 ἐϐδομήκοντα
1384 679 1440 733 δὲ
1474 681 1732 751 μαθηταὶ,
1765 681 1913 736 ἄλλοι

327 785 389 822 τε
423 770 516 823 ἐπὶ
549 771 759 834 τούτοις
791 771 995 844 μυρίοι.
1029 771 1218 842 Ὅμως
1241 771 1284 824 δ’
1308 768 1400 824 οὖν
1433 771 1492 836 ἐξ
1521 773 1774 826 ἁπάντων
1803 773 1910 826 τῶν

327 861 426 914 τοῦ
458 863 665 934 Κυρίου
721 863 996 935 μαθητῶν,
1049 865 1414 935 ὑπομνήματα
1457 863 1733 928 Ματθαῖος
1781 866 1911 936 ἡμῖν

330 956 426 1008 καὶ
464 956 714 1027 Ἰωάννης
753 958 900 1027 μόνοι
927 958 1392 1013 καταλελοίπασινο
1419 959 1512 1023 οὒς
1540 959 1635 1013 καὶ
1670 957 1911 1027 ἐπάναγ-

329 1065 425 1110 κες
451 1049 544 1100 ἐπὶ
568 1047 666 1120 τὴν
697 1049 915 1121 γραφὴν
961 1051 1134 1104 ἐλθεῖν
1169 1051 1388 1123 κατέχει
1413 1051 1588 1120 λόγος.
1632 1051 1911 1116 Ματθαῖος

329 1138 432 1208 μὲν
467 1140 577 1210 γὰρ
611 1141 874 1212 πρότερον
914 1142 1184 1213 Ἑϐραίοις
1204 1142 1467 1214 κηρύξας,
1495 1143 1572 1205 ὡς
1591 1141 1784 1210 ἔμελλε
1818 1143 1912 1195 καὶ

325 1232 413 1300 ἐφ’
431 1233 650 1302 ἐτέρους
673 1232 828 1296 ἰέναι,
859 1233 1070 1306 πατρίῳ
1093 1233 1306 1306 γλώττῃ
1327 1237 1511 1305 γραφῇ
1548 1234 1824 1306 παραδοὺς
1852 1235 1912 1288 τὺ

324 1325 450 1377 κατ’
483 1325 644 1378 αὑτὸν
678 1325 1005 1394 Εὐαγγέλιον
1025 1367 1038 1389 ,
1087 1327 1148 1378 τὸ
1179 1326 1363 1379 λεῖπον
1392 1329 1456 1397 τῇ
1503 1326 1669 1379 αὐτοῦ
1709 1343 1912 1398 παρου-

325 1415 423 1486 σίᾳ
451 1416 584 1484 (9-7),
621 1416 828 1481 τούτοις
866 1409 1050 1486 ἀφ’ὧν
1100 1416 1398 1480 ἐστέλλετο,
1441 1416 1529 1470 διὰ
1561 1418 1660 1488 τῆς
1691 1418 1909 1488 γραφῆς

324 1507 668 1578 ἀπεπλὴρου.
702 1508 838 1577 Ἤδη
871 1507 927 1560 δὲ
975 1509 1204 1580 Μάρκου
1253 1509 1346 1562 καὶ
1398 1507 1580 1561 Λουκᾶ
1617 1506 1726 1561 τῶν
1787 1510 1910 1562 κατ’

324 1600 525 1662 αὐτοὺς
554 1599 899 1670 Εὐαγγελίων
918 1601 1016 1672 τὴν
1043 1599 1252 1654 ἔκδοσιν
1287 1600 1690 1671 πεποιημένων,
1728 1602 1910 1655 Ἰωάν-

334 1705 426 1758 νην
461 1689 594 1758 φασὶ
621 1689 710 1743 τὸν
742 1691 918 1745 πάντα
943 1692 1130 1763 χρόνον
1168 1690 1402 1762 ἀγράφῳ
1445 1691 1783 1763 κεχρημένον
1811 1710 1910 1764 κη-

330 1784 592 1856 ρύγματι,
624 1785 777 1850 τέλος
829 1784 924 1838 καὶ
975 1785 1066 1838 ἐπὶ
1105 1785 1205 1856 τὴν
1239 1786 1454 1858 γραφὴν
1491 1787 1664 1840 ἐλθεῖν
1692 1763 1906 1840 τοιᾶσδε
1927 1763 1940 1778 ’

2016 598 2159 657 ptus,
2182 600 2378 640 arcana
2412 585 2653 652 quaedam
2681 584 2841 637 verba
2868 582 2941 636 ibi
2962 582 3272 637 auscultare
3287 583 3591 641 meruisset.

2015 677 2122 733 Sed
2177 687 2233 732 et
2282 675 2474 744 reliqui
2509 673 2822 729 Servatoris
2878 672 3048 727 nostri
3099 671 3406 742 adjutores,
3459 674 3593 728 duo-

2014 769 2187 824 decim
2253 767 2508 822 videlicet
2571 765 2834 834 apostoli,
2896 775 2951 819 et
3021 765 3366 834 septuaginta
3424 765 3593 820 disci-

2013 859 2146 928 puli,
2173 857 2283 928 95
2321 857 2415 912 alii
2463 856 2699 924 denique
2741 864 2940 925 prwter
2986 869 3084 910 eos
3138 855 3592 917 innumerabiles.

2012 952 2330 1006 earumdem
2372 963 2553 1004 rerum
2609 947 2834 1001 minime
2876 957 3128 1012 expertes
3177 947 3422 1002 fuerunt.
3477 948 3588 1004 Soli

2015 1044 2368 1098 nihilominus
2393 1058 2459 1097 ex
2496 1041 2709 1096 cunctis
2741 1041 2951 1096 Domini
2995 1041 3276 1110 discipulis
3304 1039 3594 1095 Matthaeus

2012 1148 2065 1189 et
2093 1136 2329 1189 Joannes
2363 1133 2597 1204 scriptos
2633 1133 2790 1187 nobis
2822 1149 3004 1187 rerum
3038 1134 3462 1188 commentarios
3507 1149 3594 1187 re-

2013 1227 2324 1297 liquerunt;
2385 1242 2522 1296 quos
2581 1227 2799 1296 quidem
2851 1227 3179 1282 necessitate
3242 1227 3477 1296 quadam
3524 1227 3591 1281 ad

2011 1319 2358 1373 scribendum
2402 1318 2666 1386 impulsos
2714 1317 2879 1371 fuisse
2912 1315 3225 1386 perhibent.
3275 1317 3407 1371 Nam
3456 1317 3593 1372 Mat-

2015 1412 2184 1466 thteus
2233 1406 2363 1464 'cum
2427 1411 2672 1466 llebrmis
2721 1413 2955 1481 primum
3009 1409 3168 1464 [idem
3215 1410 3587 1480 praedicasset,

2013 1503 2137 1557 inde
2161 1503 2227 1556 ad
2262 1504 2401 1558 alias
2435 1519 2654 1573 quoque
2706 1512 2897 1574 gentes
2941 1505 3313 1574 profecturus,
3347 1503 3594 1575 Evange-

2013 1594 2141 1647 lium
2191 1609 2350 1648 suum
2405 1596 2582 1666 patrio
2637 1610 2890 1651 sermone
2949 1596 3329 1662 conscribens,
3364 1597 3416 1651 id
3447 1599 3592 1667 quod

2015 1685 2316 1752 prtesentire
2343 1701 2454 1740 suze
2487 1686 2668 1739 adhuc
2697 1700 2987 1754 superesse
3028 1687 3334 1754 videbatur,
3387 1690 3592 1759 scriptu

2013 1776 2124 1829 illis
2146 1791 2283 1844 quos
2319 1776 2686 1847 relinquebat,
2723 1779 3012 1848 supplevit.
3053 1778 3242 1834 POStea
3284 1795 3418 1836 vero
3466 1798 3588 1838 cunt

321 1877 488 1948 χάριν
517 1877 712 1940 αἰτίας.
745 1877 864 1929 Τῶν
897 1877 1425 1948 προαναγραφέντων
1467 1876 1633 1948 τριῶν
1667 1879 1744 1940 εἰς,
1771 1877 1902 1930 πάν-

2011 1868 2224 1923 Marcus
2263 1868 2373 1936 jam
2427 1880 2481 1923 et
2526 1868 2705 1923 Lucas
2732 1869 3029 1941 Evangelia
3063 1887 3158 1924 sua
3193 1886 3440 1928 seorsum
3479 1874 3596 1929 siu-

322 1986 426 2031 τας
459 1967 556 2039 ἤδη
602 1969 696 2021 καλ¹
741 1969 819 2031 είς
858 1967 1021 2022 αὑτὸν
1073 1968 1482 2039 διαδεδομένων,
1544 1968 1907 2034 ἀποδέξασθαι

327 2063 428 2132 μέν
459 2079 640 2130 φασιν,
673 2060 926 2132 ἀλήθειαν
957 2062 1139 2124 αὐτοῖς
1171 2061 1715 2133 ἐπιμαρτυρήσαντα,
1744 2061 1909 2133 μόνην

322 2154 383 2206 δὲ
403 2155 510 2224 ἄρα
532 2153 810 2206 λείπεσθαι
838 2154 905 2223 τῇ
933 2155 1116 2224 γραφῇ
1143 2153 1242 2224 τὴν
1274 2170 1339 2205 πε
1351 2153 1403 2223 ρὶ
1445 2152 1555 2205 τῶν
1583 2153 1640 2205 ἐν
1671 2152 1908 2225 πρώτοις

321 2247 421 2299 καὶ
471 2247 588 2299 κατ’
611 2245 790 2317 ἀρχὴν
822 2243 916 2298 τοῦ
969 2243 1326 2316 κηρύγματος
1375 2244 1478 2297 ὑπὸ
1521 2243 1615 2297 τοῦ
1669 2245 1906 2317 Χριστοῦ

322 2339 725 2410 πεπραγμένων
749 2337 998 2408 διήγησιν
1017 2355 1030 2370 ο
1067 2338 1162 2391 καὶ
1193 2336 1397 2409 ἀληθής
1419 2355 1482 2406 γε
1516 2339 1545 2391 ὁ
1564 2337 1738 2406 λόγος.
1769 2338 1907 2402 Τοὺς

321 2430 519 2492 ἄλλους
565 2430 694 2499 γοῦν
735 2434 884 2501 τρεῖς
920 2429 1315 2499 εὐαγγελιστάς
1376 2429 1605 2484 συνιδεῖν
1649 2430 1903 2502 πάρεστι,

327 2521 466 2592 μόνα
498 2522 566 2576 τὰ
606 2522 744 2592 μετὰ
782 2523 880 2595 τὴν
921 2526 979 2577 ἐν
1017 2523 1096 2593 τῷ
1139 2522 1498 2594 δεσμωτηρίῳ
1535 2521 1778 2576 Ἰωάννου
1808 2519 1903 2574 τού

321 2611 632 2666 Βαπτιστοῦ
684 2611 960 2685 κάθειρξιν
1003 2612 1090 2682 ἐφ’
1115 2613 1210 2666 ἕνα
1242 2612 1486 2667 ἐνιαυτὸν
1539 2610 1906 2682 πεπραγμένα

315 2707 399 2778 τῷ
440 2708 651 2778 Σωτῆρι
684 2709 1150 2780 συγγεγραφότας,
1187 2705 1318 2760 αύτό
1356 2723 1415 2760 τε
1453 2704 1596 2759 τοῦτ’
1626 2707 1900 2777 ἐπισημησ

323 2798 589 2868 ναμένους
627 2800 906 2870 καταρχὰς
942 2799 1042 2870 τῆς
1086 2797 1264 2853 αὐτῶν
1301 2797 1560 2868 ἱστορίας.
1591 2796 1745 2850 Μετὰ
1773 2795 1905 2864 γοῦν

320 2891 421 2963 τὴν
483 2893 1098 2963 τεσσαρακονταήμερον
1163 2888 1415 2958 νηστείαν
1459 2928 1472 2952 ,
1513 2887 1606 2941 καὶ
1667 2887 1758 2940 τὸν
1816 2890 1903 2942 ἐπ’

325 2981 460 3052 αὐτῇ
540 2981 864 3053 πειρασμὸν,
926 2983 1016 3034 τὸν
1079 2981 1270 3052 χρόνον
1309 2980 1405 3050 τῆς
1438 2979 1570 3043 ἰδίας
1619 2980 1838 3051 γραφῆς
1875 2982 1904 3034 ὁ

332 3075 428 3144 μὲν
498 3074 778 3138 Ματθαῖος
845 3074 994 3146 δηλοῖ
1028 3075 1219 3142 λέγων·
1291 3092 1310 3125 ι
1378 3072 1642 3136 Ἀκούσας
1701 3072 1757 3124 δέ
1821 3073 1903 3126 ὅτι

339 3166 592 3236 Ἰωάννης
625 3166 916 3238 παρεδόθη,
967 3165 1317 3238 ’ἀνεχώρησεν
1368 3165 1474 3219 ἀπὸ
1503 3167 1602 3236 τῆς
1645 3164 1899 3228 Ἰουδαίας

2012 1959 2121 2028 guti
2154 1959 2469 2027 edidissent,
2499 1961 2652 2014 aiunt
2678 1959 2964 2026 Joannem,
2999 1966 3090 2032 qui
3145 1965 3414 2020 hactenus
3447 1965 3588 2021 nuda

2013 2065 2142 2105 voce
2169 2050 2394 2106 verbum
2431 2051 2644 2108 Domini
2685 2052 3100 2120 przedicaverat,
3137 2054 3355 2108 tandem
3381 2055 3452 2111 ob
3490 2055 3595 2110 ltu-

2004 2141 2242 2210 jusmodi
2268 2158 2488 2197 causam
2515 2144 2582 2196 ad
2613 2143 2964 2198 scribendum
2995 2157 3053 2197 se
3089 2145 3411 2201 contulisse.
3453 2145 3590 2202 Pero

2009 2234 2132 2289 latis
2157 2234 2269 2302 jam
2298 2236 2350 2289 in
2385 2239 2628 2291 omnium
2665 2237 2947 2307 ipsiusque
2996 2235 3136 2291 adeo
3185 2236 3414 2295 Joannis
3447 2241 3589 2295 noti-

2010 2328 2138 2381 tiam
2169 2327 2494 2399 supradictis
2523 2328 2699 2384 tribus
2738 2327 3066 2398 Evangeliis,
3108 2331 3498 2400 approbavisse
3525 2346 3589 2385 ca

1979 2418 2268 2486 -Joannes,
2318 2431 2374 2474 et
2414 2420 2699 2475 veritatem
2744 2421 3078 2491 scriptorum
3127 2436 3228 2477 suo
3276 2423 3588 2480 testimonio

2007 2511 2365 2568 conﬁrmasse
2391 2513 2641 2569 dicitur:
2681 2515 2856 2570 solam
2899 2530 3033 2570 vero
3082 2517 3453 2572 narrationem
3494 2533 3590 2574 ea-

2008 2621 2128 2660 rum
2179 2621 2361 2660 rerum
2393 2622 2534 2676 quas
2566 2606 2820 2664 Christus
2850 2607 2998 2664 circa
3031 2609 3451 2680 praedicationis
3484 2612 3588 2666 ini-

2010 2695 2142 2750 tium
2181 2706 2449 2766 gesserat,
2503 2696 2844 2752 desiderasse
2886 2714 2900 2752 :
2934 2707 2987 2753 et
3030 2698 3275 2768 profecto
3307 2700 3377 2754 ita
3411 2715 3468 2755 se
3503 2715 3590 2758 res

2009 2784 2194 2840 habet.
2248 2784 2382 2840 Nam
2419 2786 2733 2856 superiores
2763 2787 2984 2856 quidem
3033 2798 3147 2844 tres
3199 2791 3586 2862 evangelistas.

2007 2893 2072 2933 ea
2102 2877 2370 2933 duntaxat
2420 2894 2540 2948 qua:
2578 2889 2703 2949 post
2730 2880 3038 2946 conjectum
3080 2881 3134 2936 in
3166 2881 3381 2937 vincula
3423 2883 3587 2940 Joan-

2007 2985 2130 3027 nem
2178 2969 2508 3041 Baptistam,
2538 2971 2700 3026 unius
2747 2973 2875 3026 au‘ni
2926 2973 3204 3030 curriculo
3235 2991 3264 3029 a
3296 2974 3590 3032 Servatore

2007 3072 2196 3118 nostro
2241 3070 2390 3132 gesta
2443 3070 2591 3128 sunt,
2637 3062 2840 3119 litteris
2897 3065 3186 3122 mandasse
3239 3069 3585 3138 perspicuum

2007 3169 2087 3214 est
2117 3176 2129 3212 :
2164 3157 2324 3228 idque
2347 3158 2524 3226 ipsum
2554 3158 2606 3211 in
2646 3159 2914 3229 principio
2944 3162 3128 3231 operis
3159 3161 3241 3216 sui
3273 3171 3462 3231 aperte
3509 3163 3587 3216 si-

323 3261 402 3322 ei;
469 3258 567 3329 τὴν
607 3258 913 3313 Γαλιλαίαν.
986 3278 1004 3310 ι
1088 3257 1145 3312 '0
1196 3259 1253 3312 δέ
1318 3257 1542 3329 Μάρκος
1606 3257 1900 3321 ὡσαύτωςο

2008 3250 2316 3320 g'niﬁcasse.
2350 3250 2634 3304 Matthaeus
2662 3259 2809 3303 certe
2834 3259 2956 3318 post
2983 3251 3346 3321 quadraginta
3377 3254 3587 3307 dierum

327 3371 345 3402 ι
399 3350 559 3405 Μετὰ
615 3351 673 3403 δέ
739 3351 802 3403 τὸ
859 3349 1281 3421 παραδοθῆναι,
1340 3350 1539 3421 φησὶν,
1610 3349 1900 3421 Ἰωάννην,

318 3440 481 3516 ἦλθεν
529 3443 735 3514 Ἰησοῦς
764 3444 844 3506 είς
865 3443 962 3513 τὴν
1004 3442 1312 3496 Γαλιλαίαν.
1348 3461 1366 3492 ι
1390 3441 1500 3494 Καὶ
1541 3443 1569 3494 ό
1596 3441 1809 3502 Λουκᾶς
1845 3441 1902 3493 δὲ

321 3537 450 3608 πρὶν
471 3535 734 3606 ἄρξασθαι
754 3535 970 3588 τῶντοῦ
997 3535 1171 3606 Ἰησοῦ
1203 3533 1475 3606 πράξεων,
1507 3532 1903 3604 παραπλησίως

319 3627 570 3697 ἐπιτηρεῖ
605 3625 861 3695 φάσκων·
905 3645 923 3677 ι
977 3626 1062 3690 Ὠς
1102 3625 1208 3697 ἄρα
1243 3623 1498 3697 προσθεὶς
1539 3623 1784 3694 Ἡρώδης
1822 3617 1902 3684 οῖς

319 3709 647 3790 διεπράξατο
705 3722 978 3792 πονηροῖς,
1030 3717 1353 3772 κατέκλεισε
1399 3716 1491 3769 τὸν
1551 3715 1800 3784 Ἰωάννην
1845 3717 1902 3766 ἐν

322 3813 554 3883 φυλακῇ.
599 3833 616 3864 ›
655 3812 1080 3884 Παρακληθέντα
1104 3811 1168 3881 δὴ
1202 3807 1295 3864 οὖν
1331 3810 1536 3863 τούτων
1568 3808 1733 3861 ἕνεκά
1766 3824 1898 3879 φησι

316 3905 407 3956 τὸν
433 3904 728 3957 ἀπόστολον
766 3905 1034 3975 Ἰωάννην,
1057 3904 1146 3956 τὸν
1174 3903 1279 3955 ὑπὸ
1301 3901 1409 3955 τῶν
1431 3899 1713 3972 προτέρων
1736 3899 1901 3968 εύαγ-

318 3997 579 4068 γελιστῶν
607 4015 752 4068 παρα
762 3996 1100 4068 σιωπηθέντα
1127 3995 1338 4066 χρόνον,
1354 3995 1446 4047 καὶ
1465 3995 1532 4046 τά
1556 3991 1698 4046 κατὰ
1710 3991 1900 4045 τοῦτον

317 4090 681 4162 πεπραγμένα
726 4092 837 4161 (28)
876 4089 953 4160 τῷ
990 4088 1197 4158 Σωτῆρι
1239 4086 1431 4156 (ταῦτα
1446 4081 1569 4156 δ’ἦν
1588 4083 1656 4137 τὰ
1801 4085 1900 4155 τῆς

313 4185 409 4240 τοῦ
423 4183 725 4238 Βαπτιστοῦ
754 4181 1126 4253 καθείρξεως),
1157 4179 1234 4251 τῷ
1261 4181 1378 4233 κατ’
1401 4179 1563 4233 αὐτὸν
1583 4178 1900 4250 Εὑαγγελίῳ

313 4275 673 4351 παραδοῦναι,
706 4276 834 4328 αὐτό
864 4292 922 4328 τε
955 4273 1097 4327 τοῦτ’
1128 4271 1605 4344 ἐπισημήνασθαι,
1635 4272 1758 4324 τοτέ
1801 4271 1897 4341 μὲν

315 4372 586 4441 φήσαντα,
632 4387 649 4418 ι
689 4367 903 4436 Ταύτην
925 4365 1098 4437 ἀρχὴν
1132 4365 1354 4435 ἐποίησε
1375 4363 1483 4416 τῶν
1525 4363 1842 4435 παραδόξων
1869 4364 1898 4416 ὁ

324 4461 555 4533 Ἰησοῦς,
593 4480 610 4511 ι
648 4459 772 4512 τοτὲ
823 4459 879 4512 δὲ
931 4456 1381 4529 μνημονεύσαντα
1430 4454 1522 4508 τοῦ
1588 4453 1894 4508 Βαπτιστοῦ

314 4553 519 4624 μεταξὺ
557 4551 664 4604 τῶν
701 4549 878 4622 Ἰησοῦ
911 4549 1160 4621 πράξεων
1181 4587 1196 4612 ,
1231 4548 1307 4612 ὡς
1336 4547 1414 4600 ἐτι
1445 4548 1567 4600 τότε
1601 4545 1895 4617 βαπτίζον-

2002 3342 2286 3412 jejunium,
2328 3350 2385 3394 et
2411 3349 2534 3411 post
2571 3339 2715 3394 illam
2762 3343 3114 3398 tentationem
3166 3358 3288 3413 qua:
3320 3341 3586 3412 jejunium

2006 3433 2294 3487 subsecuta
2345 3443 2448 3500 est,
2499 3431 2746 3487 historiae
2795 3448 2909 3488 sua:
2956 3444 3170 3504 tempus
3217 3435 3467 3506 designat
3503 3435 3592 3491 his

2004 3525 2223 3581 verbis:
2255 3544 2275 3577 ι
2313 3525 2577 3590 Audiens,
2624 3525 2828 3596 inquit,
2873 3526 3016 3591 quod
3057 3524 3298 3582 Joannes
3357 3525 3590 3581 traditus

2004 3629 2142 3685 erat,
2186 3634 2252 3674 ex
2292 3616 2478 3672 Judzea
2519 3619 2749 3673 secessit
2799 3618 2850 3671 in
2897 3616 3200 3673 Galilmam.
3239 3637 3258 3671 ι
3319 3617 3590 3675 Similiter

2001 3713 2168 3768 etiam
2226 3711 2491 3766 Marcus:
2535 3729 2554 3761 ‹
2591 3709 2906 3780 Postquam,
2975 3711 3171 3775 inquit,
3226 3711 3458 3766 traditus
3505 3722 3588 3767 est

2001 3801 2262 3868 Joannes,
2298 3803 2446 3856 venit
2471 3801 2630 3856 Jesus
2660 3801 2712 3854 itt
2748 3799 3054 3856 Galilazam.
3109 3820 3127 3854 ι
3183 3802 3289 3857 Sed
3325 3813 3379 3857 et
3409 3803 3587 3858 Lucas

2003 3904 2294 3964 antequam
2347 3909 2438 3947 res
2491 3909 2520 3946 a
2561 3893 2782 3947 Christo
2839 3904 3023 3962 gestas
3070 3893 3342 3960 ordiatur,
3393 3895 3584 3950 eodem

2003 3987 2162 4041 modo
2209 3996 2417 4050 tempus
2443 3987 2708 4056 designat,
2748 4001 2870 4040 cum
2902 3985 3019 4040 ait:
3060 4005 3077 4037 ι
3111 3987 3342 4057 Adjecit,
3387 3989 3586 4057 inquit,

2001 4088 2055 4134 et
2091 4079 2192 4134 hoc
2231 4078 2470 4134 Herodes
2501 4079 2712 4133 caeteris
2742 4094 2862 4148 qua:
2891 4086 3138 4147 gesserat
3173 4079 3351 4144 malis,
3382 4089 3584 4134 cteou-

2000 4173 2161 4227 clusit
2189 4171 2452 4227 Joannem
2491 4172 2544 4225 in
2588 4185 2892 4226 carcerem.
2929 4189 2947 4222 ι
2985 4171 3082 4225 llis
3108 4172 3174 4225 de
3208 4173 3390 4226 causis
3432 4173 3584 4226 aiunt

1998 4263 2264 4320 Joannem
2311 4265 2380 4318 ab
2431 4263 2626 4318 amicis
2682 4272 2954 4332 rogatum,
3014 4272 3070 4317 et
3138 4275 3352 4334 tempus
3407 4266 3582 4335 ipsum

1998 4357 2142 4426 quod
2174 4356 2487 4426 superiores
2537 4356 2892 4426 eVangelistae
2940 4355 3160 4411 silentio
3215 4357 3581 4424 praetermise-

2000 4459 2147 4512 rant,
2185 4459 2239 4502 et
2288 4464 2376 4504 res
2425 4457 2554 4504 tunc
2591 4464 2621 4502 a
2669 4449 2962 4503 Servatore
3013 4457 3203 4502 nostro
3245 4457 3448 4520 gestas,
3491 4465 3586 4504 eas

1998 4544 2248 4599 videlicet
2273 4559 2393 4613 qua:
2429 4542 2656 4600 Joannis
2689 4542 2950 4613 Baptistae
2977 4558 3254 4600 carcerem
3287 4560 3585 4615 praecesse-

393 4733 506 4811 (ετ)
546 4733 614 4786 Τὸ
641 4733 861 4811 vicinos»:
884 4733 958 4800 τῇ
983 4733 1168 4811 αὑτοῦ
1209 4730 1891 4811 nagovqlgtLNicephorus

2001 4743 2067 4811 sv
2099 4739 2217 4811 past
2249 4742 2538 4811 ascensum
2577 4725 2784 4781 Christi
2819 4730 2985 4811 abeo
3019 4729 3234 4811 factum.
3256 4727 3445 4811 fuisse
3467 4739 3580 4810 tira-

319 4806 376 4858 in
415 4805 451 4856 Ι.
499 4821 556 4863 Il,
585 4819 631 4857 c.
659 4804 746 4866 45,
778 4805 937 4857 habet
959 4804 1018 4856 τὸ
1057 4803 1239 4855 λεῖπον
1261 4802 1358 4870 τῆς
1381 4802 1542 4856 αὑτοῦ
1570 4803 1889 4873 παρουσίας,

320 4876 372 4929 id
393 4882 498 4935 est,
527 4874 792 4941 Defeclum
828 4876 1116 4940 prementia,
1153 4889 1262 4926 sua:
1297 4873 1360 4925 iis
1389 4889 1516 4941 quos
1547 4872 1889 4940 relinquebat,

320 4946 516 5012 scripto
532 4946 904 5012 compensavit.
917 4947 952 4998 ιι
965 4944 1142 4997 uﬁnus
1156 4959 1370 5010 quoque
1388 4957 1439 4995 et
1454 4942 1730 4997 Musculus
1750 4946 1893 5000 hunc

320 5031 481 5084 quem
515 5014 626 5067 dixi
648 5031 865 5069 sensum
886 5016 1052 5070 secuti
1089 5024 1235 5068 sunt.
1255 5013 1783 5084 tiliristOpborsmtus
1805 5031 1894 5066 ve-

317 5083 590 5147 ro,verbis
611 5085 740 5152 ipsis
762 5088 1001 5153 pressius
1023 5083 1487 5144 adluen-ns,aliter
1505 5083 1891 5152 interpretatus

318 5166 401 5210 est
429 5157 482 5208 in
522 5159 666 5208 hunc
689 5156 905 5208 modum
937 5172 950 5206 :
979 5154 1048 5206 Et
1071 5155 1208 5223 quod
1244 5155 1350 5206 illis
1374 5170 1404 5205 a
1427 5153 1610 5222 quibus
1629 5155 1890 5217 discessit,

320 5226 495 5278 deesse
522 5225 646 5276 dum
666 5241 892 5293 praesens
916 5227 1054 5294 apud
1077 5242 1160 5277 eos
1185 5235 1316 5294 erat,
1344 5223 1633 5285 videbatur,
1658 5223 1790 5276 illud
1813 5241 1893 5276 se-

319 5295 547 5346 dulitate
562 5303 610 5346 et
631 5294 806 5347 labore
826 5293 1086 5348 scribendi
1106 5293 1343 5346 onmtbus
1365 5294 1474 5346 suis
1495 5295 1644 5363 quasi
1663 5294 1892 5347 numeris

319 5365 575 5432 explevit;
601 5365 653 5416 in
679 5381 783 5434 qua
807 5365 1242 5432 interpretatione
1279 5366 1380 5416 hoc
1403 5363 1576 5432 primo
1603 5363 1894 5432 reprehen-

321 5435 553 5507 dendum
579 5433 865 5507 est.:qt_t_o.d
909 5435 1212 5507 Matthaaunt
1249 5435 1533 5507 scripsisse
1554 5433 1631 5486 ait
1655 5434 1894 5501 Evange-

321 5503 474 5568 lium,
500 5521 623 5558 cum
661 5506 728 5559 ab
766 5503 1135 5573 llébrmisjam
1161 5505 1524 5564 discessisset,
1556 5519 1679 5558 cum
1713 5514 1892 5573 tamen

319 5567 588 5628 Eusebius
612 5575 946 5628 contrarium
967 5567 1130 5628 dicat.
1159 5575 1293 5626 Nam
1318 5574 1370 5626 in
1395 5573 1580 5627 Graeco
1604 5582 1684 5626 est
1707 5575 1799 5642 ἀφ’
1821 5567 1916 5626 ὧν

321 5644 618 5707 ἐστέλλετο,
645 5647 693 5699 id
712 5658 812 5707 est,
833 5664 863 5698 a
881 5646 1063 5711 quibus
1081 5648 1407 5697 discessurus
1426 5644 1722 5697 erat.Certe
1736 5643 1896 5696 Atha-

321 5716 511 5769 nasius
529 5717 580 5768 itt
605 5725 833 5769 tractatu
855 5717 928 5768 De
954 5716 1101 5768 libris
1131 5730 1296 5768 sacra:
1326 5713 1632 5780 Scriptum,
1651 5713 1897 5784 etiCltry-

321 5795 595 5840 sostomus
623 5787 812 5840 scribit
835 5786 1142 5838 Matthteum
1179 5785 1408 5854 primum
1442 5785 1682 5837 omnium
1705 5782 1896 5837 Hiero-

323 5857 544 5944 solxmis
562 5855 913 5926 Evangelium
935 5871 1093 5910 suum
1115 5856 1537 5926 conscripsisse;
1563 5854 1722 5924 idque
1751 5867 1894 5908 anno

604 5947 874 6010 ΡΑτιιοι.
915 5948 1032 6010 Gn.
1074 5948 1207 6012 XX.

1995 4795 2479 4866 dit'Nicephorus,
2545 4810 2600 4851 et
2654 4808 2846 4850 auctor
2893 4795 3146 4852 Clu-attici
3200 4799 3578 4860 Alexandrini.

1984 4867 2189 4941 Deinde
2221 4868 2384 4922 verba
2415 4868 2501 4941 illa
2527 4868 2590 4920 τὸ
2613 4867 2797 4921 λεῖπον
2813 4872 2880 4941 τῇ
2914 4868 3076 4921 αὑτοῦ
3103 4869 3398 4941 παρουσίᾳ,
3432 4872 3581 4925 nullo

1986 4940 2146 4994 modo
2207 4941 2258 4993 id
2297 4938 2611 5008 signiﬁcare
2659 4928 2888 5006 pussurii
2930 4943 3073 5009 quod
3117 4928 3290 4993 vo'luit
3327 4928 3578 4996 Christo-

1981 5010 2320 5074 pltorsonus;
2351 5009 2444 5062 sed
2478 5010 2527 5061 id
2560 5010 2743 5076 potius
2775 5011 3107 5079 siguilicaut,
3148 5011 3192 5064 si
3234 5011 3300 5064 ad
3347 5011 3571 5065 verbum

1977 5081 2381 5150 interpreteris,
2419 5087 2468 5131 et
2520 5081 2660 5150 quod
2693 5081 2989 5150 praesentire
3032 5097 3144 5134 sua:
3172 5081 3345 5133 adhuc
3397 5097 3576 5148 super-

1976 5165 2086 5203 esse
2120 5151 2392 5204 videbatur
2441 5149 2530 5218 (ad
2580 5149 2976 5217 prwdicationis
2999 5151 3197 5204 scilicet
3236 5167 3574 5204 consumma-

1983 5221 2204 5288 tionem)
2237 5221 2432 5288 εει-ἐι)ιο
2475 5220 2751 5287 suppleuit.
2788 5218 2886 5274 Hic
2917 5229 3002 5274 est
3029 5235 3223 5276 sensus
3272 5223 3568 5274 verborum

1985 5291 2223 5359 Eusebii.
2264 5295 2330 5342 .~'\l
2355 5289 2885 5355 Cltristuphorsonus
2920 5293 3084 5342 verba
3115 5290 3201 5344 illa
3236 5289 3447 5353 τούτοις
3475 5292 3570 5359 ἀφ’

1983 5354 2058 5414 ὧν
2082 5360 2364 5413 ἐστέλλετο
2389 5354 2584 5414 retulit
2609 5363 2676 5412 ad
2711 5361 2961 5423 verbum,
2996 5360 3202 5426 λεῖπον,
3229 5377 3350 5415 cum
3387 5354 3569 5416 tamen

1985 5430 2411 5502 rel'erauturjul
2448 5445 2636 5502 vocem
2668 5429 3013 5502 ἀπεπλήρου.
3055 5431 3218 5486 Certe
3253 5433 3307 5484 in
3350 5433 3572 5496 scriptis

1984 5501 2262 5574 codicibus
2288 5500 2477 5574 Regio,
2511 5501 2648 5554 Maz.
2675 5513 2730 5574 et
2760 5500 2903 5555 Medi.—
2921 5512 3039 5569 post
3057 5515 3244 5574 vocem
3271 5504 3568 5574 παρουσίᾳ,

1989 5577 2043 5623 e‘t
2078 5571 2502 5637 ιιοειέστέλλετο
2532 5572 2824 5639 apponitur
2858 5573 3264 5625 subdistinctio.

2057 5640 2167 5709 (28)
2226 5641 2338 5694 Καὶ
2380 5642 2451 5694 τὰ
2483 5641 2658 5712 Ᾱκατὰ
2700 5639 3572 5712 toﬁtorzexpaﬂtéraJnqua-

1985 5719 2108 5764 tuor
2143 5712 2348 5763 nostris
2394 5710 2673 5763 codicibus
2721 5711 2884 5773 Maz.,
2924 5712 3089 5771 Med..
3142 5712 3276 5766 Fuk.
3321 5725 3374 5766 et
3409 5710 3568 5766 Savi-

1977 5779 2412 5854 lianoiscriptum
2441 5791 2547 5854 est.
2579 5783 2674 5836 καὶ
2710 5781 2779 5836 τὰ
2813 5783 2934 5836 κατ’
2978 5782 3138 5836 αὐτὸν
3169 5783 3566 5854 πεπραγμένα.

1980 5851 2206 5923 Supple,
2233 5851 2324 5905 τὸν
2357 5851 2565 5923 χρόνον.
2699 5867 2702 5870 ’
3083 5867 3086 5870 ί

3255 5946 3292 6006 9
