4140 6430
584 368 686 422 267
750 364 753 369 ’

1284 365 1562 429 'EUSKBII
1599 368 2075 427 CESARIENSIS
2111 364 2265 426 OPP.
2310 365 2487 427 PARS
2528 369 2568 427 1.
2615 400 2675 410 -—
2715 368 3109 427 HISTORICA.

3736 372 3848 429 963

591 498 746 549 rant,
794 487 847 542 in
882 485 1230 559 Evangelium
1277 504 1434 542 suum
1494 488 1793 558 wujveisse
1846 509 1858 543 :
1904 489 2064 559 idque
2095 489 2151 542 ab

2262 505 2355 552 τος
2378 490 2435 542 ὲν
2458 488 2633 542 Αἰνὼν
2659 489 2827 557 ἐγγὺς
2854 489 2949 542 τοῦ
2982 489 3176 560 Σαλήμ
3206 487 3339 560 (Ξ9)·
3386 489 3576 559 σαφῶς
3606 506 3667 541 τε
3689 489 3850 542 τοῦτο

587 578 706 647 ipso
736 574 963 632 indicari
994 576 1226 645 primum
1254 591 1376 630 cum
1411 578 1578 633 dicit:
1615 598 1634 630 ι
1662 578 1774 633 lloc
1807 578 2021 633 initium
2055 579 2157 632 mi-

586 668 894 724 raculorum
918 666 1237 735 fecitJesus;
1273 686 1293 721 ι
1326 666 1655 724 deindecum
1687 671 1740 725 iu
1769 672 1883 740 ipso
1905 670 2015 739 jam
2042 687 2162 741 pro.

584 774 774 830 gressu
806 758 1138 813 narrationis
1170 773 1350 813 rerum
1383 773 1413 813 a
1443 757 1571 815 Jesu
1600 770 1898 831 gestarum,
1928 763 2162 816 mentio-

586 866 711 907 nem
775 852 1046 907 interserit
1075 849 1298 906 Joannis
1326 850 1582 921 Baptista:
1610 862 1865 924 tanquam
1895 854 1949 907 iu
1977 851 2157 908 IEuon

576 945 732 1014 juxta
761 943 873 1015 96
900 943 1078 997 Salen:
1106 942 1389 995 etiamtum
1445 943 1796 1012 baptizantis.
1835 943 1987 1011 Quod
2035 944 2157 1013 qui-

584 1040 707 1095 dem
766 1037 1105 1108 apertissime
1149 1036 1391 1089 ostendit
1446 1036 1529 1092 his
1559 1037 1776 1093 verbis:
1811 1056 1831 1090 ι
1884 1036 2157 1103 Nondum,

584 1130 793 1199 inquit,
854 1126 1095 1184 Joannes
1146 1127 1424 1198 conjectus
1477 1137 1596 1181 erat
1648 1130 1703 1182 in
1779 1144 2077 1184 carcerem.
2134 1147 2152 1181 ι

583 1221 819 1277 Proinde
851 1220 1094 1277 Joannes
1126 1220 1352 1289 quidem
1384 1234 1473 1275 res
1505 1234 1535 1274 a
1572 1219 1793 1276 Christo
1821 1230 2006 1293 gestas
2050 1220 2158 1292 pri-

584 1328 814 1383 usquam
869 1311 1108 1367 Joannes
1178 1310 1419 1381 Baptista
1493 1313 1757 1377 custodia:
1818 1313 2158 1383 mancipatus

581 1404 796 1469 fuisset,
827 1404 1123 1474 Evangelio
1167 1419 1267 1459 suo
1319 1404 1719 1475 complectitur.
1773 1404 1986 1475 Reliqui
2024 1420 2157 1460 vero

583 1508 695 1555 tres
734 1498 1082 1567 evangelista:
1122 1513 1207 1553 res
1229 1496 1430 1551 Christi
1469 1506 1674 1567 gestas,
1714 1514 1781 1553 ex
1836 1513 1941 1567 quo
1975 1497 2159 1567 Bapti-

582 1600 666 1643 sla
719 1586 1000 1658 conjectus
1059 1598 1143 1644 est
1198 1588 1252 1643 in
1330 1605 1642 1653 carcerem,
1737 1599 2153 1659 persequuntur.

581 1682 736 1748 Quod
763 1682 1077 1752 quicunque
1100 1683 1366 1738 attentius
1393 1682 1791 1746 observaverit,
1813 1696 2153 1751 nequaquam

579 1774 869 1845 Evangelia
900 1776 1044 1829 inter
1092 1790 1152 1831 se
1187 1776 1454 1831 dissidere
1486 1776 1717 1846 posthac
1769 1774 2105 1829 existimabit
2134 1792 2148 1829 :

578 1864 779 1935 quippe
824 1880 947 1921 cum
995 1864 1224 1920 Joannis
1266 1864 1483 1934 quidem
1537 1864 1887 1935 Evangeliqu
1938 1865 2150 1919 initium

577 1966 797 2011 actuum
843 1956 1069 2021 Christi,
1103 1967 1295 2011 ca-tera
1325 1966 1506 2011 autem
1556 1956 1843 2025 Evangelia
1876 1955 2154 2025 sequentis

581 2047 841 2119 temporis
871 2048 1157 2103 historiam
1206 2049 1548 2105 contineant.
1601 2048 1667 2102 Et
1699 2049 1894 2103 seriem
1932 2049 2150 2119 quidem

577 2139 749 2208 ipsam
779 2138 995 2209 generis
1025 2137 1231 2193 Christi
1258 2139 1557 2193 secundum
1600 2155 1845 2205 carnem,
1898 2153 2084 2209 tttpule
2123 2158 2153 2197 a

577 2228 832 2284 Matthabo
858 2239 911 2283 et
941 2229 1086 2284 Luca
1131 2230 1283 2299 prius
1322 2231 1606 2297 traditam,
1656 2230 1900 2287 Joannes
1956 2234 2153 2288 merito

576 2321 950 2391 prastermisit.
995 2320 1078 2375 Ab
1110 2321 1223 2388 ipsa
1257 2335 1389 2375 vero
1432 2322 1549 2391 ejus
1585 2322 1870 2377 divinitate
1921 2324 2152 2394 sumpsit

579 2415 816 2479 initium,
845 2414 1042 2485 quippe
1075 2428 1195 2482 quae
1224 2428 1254 2466 a
1281 2413 1489 2484 Spiritu
1522 2424 1713 2470 sancto
1747 2416 1848 2484 ipsi
1896 2427 2152 2485 tauquam

577 2506 943 2577 praestantiori
975 2506 1161 2560 luisset
1210 2516 1510 2562 reservata.
1541 2508 1723 2579 Atque
1747 2509 1863 2564 hzec
1890 2510 1957 2563 de
1986 2508 2153 2565 Joan-

578 2600 664 2653 nis
706 2598 998 2667 Evangelio
1045 2599 1187 2653 dicta
1246 2598 1357 2653 sint
1415 2615 1444 2653 a
1499 2599 1679 2655 nobis.
1733 2601 1973 2656 Marcum
2024 2617 2153 2657 vero

574 2704 822 2759 quanam
848 2704 1011 2743 causa
1038 2690 1103 2743 ad
1134 2690 1481 2745 scribendum
1509 2692 1810 2761 impulerit,
1838 2692 1952 2762 jam
1988 2710 2153 2763 supe-

574 2778 689 2835 rius
717 2779 1158 2836 commemoravi.
1194 2781 1265 2835 At
1304 2779 1479 2838 Lucas
1511 2784 1564 2838 in
1609 2784 1725 2852 ipso
1762 2784 2038 2855 Evangelii
2068 2786 2151 2841 sui

573 2871 799 2924 exordio
831 2884 950 2940 qum
998 2870 1274 2925 scribendi
1322 2871 1424 2927 sibi
1477 2887 1639 2928 causa
1689 2884 1836 2931 esset
1875 2876 2149 2946 exposuit.

574 2963 666 3017 Ait
691 2964 833 3018 enim
871 2962 1070 3018 multos
1102 2972 1304 3018 temere
1338 2975 1505 3034 atque
1537 2966 1913 3037 imprudenter
1933 2984 2155 3041 aggres-

574 3065 667 3107 sos
696 3050 862 3108 fuisse
894 3053 1260 3107 narrationem
1290 3069 1481 3110 earum
1516 3070 1700 3111 rerum
1736 3074 1871 3127 quas
1910 3060 2024 3128 ipse
2050 3073 2149 3114 cx-

575 3146 821 3218 ploratas
855 3146 1077 3202 haberet
1112 3166 1127 3203 :
1164 3163 1226 3202 ac
1259 3147 1485 3217 proinde
1522 3163 1581 3204 se
1622 3150 1943 3205 necessitate
1974 3150 2147 3207 addu-
2175 3184 2218 3243 α
2252 3155 2389 3208 λίου.
2427 3155 2536 3207 Καὶ
2567 3152 2739 3207 ταῦτα
2776 3152 2873 3223 μὲν
2904 3154 3064 3224 ἡμεῖς
3108 3152 3235 3223 περὶ
3266 3150 3489 3204 τούτων’
3510 3148 3836 3218 οἰκειότερον

575 3246 742 3292 ctum.
775 3247 832 3292 ut
863 3252 961 3292 nos
990 3239 1058 3292 ab
1085 3238 1308 3292 incertis
1334 3241 1685 3292 oninionibus
1711 3241 1991 3292 liberaret-
2021 3258 2139 3292 cer.
2202 3249 2207 3255 '
2249 3246 2305 3292 δὲ
2343 3245 2483 3292 κατὰ
2507 3244 2695 3292 καιρὸν
2724 3243 2813 3292 διὰ
2834 3243 2936 3292 τῆς
2961 3242 3068 3292 τῶν
3093 3242 3337 3292 ἀοναίων
3365 3240 3741 3292 παραθέσεως.
3768 3237 3838 3292 τὰ

2202 3240 2207 3255 ἓ
2249 3246 2305 3299 δὲ
2343 3245 2483 3298 κατὰ
2507 3244 2695 3316 καιρὸν
2724 3243 2813 3297 διά
2834 3243 2936 3313 τῆς
2961 3242 3068 3295 τῶν
3093 3242 3337 3315 ἀρχαίων
3365 3240 3741 3315 παραθέσεως,
3768 3256 3797 3291 τ

572 3246 742 3301 ctum,
775 3247 832 3292 ut
863 3252 961 3293 nos
990 3239 1058 3293 ab
1085 3238 1308 3296 incertis
1334 3241 1685 3312 opinionibus
1711 3241 1992 3305 liberaret,
2021 3258 2139 3299 cer-

574 3332 839 3389 tissimam
890 3347 956 3388 ac
1003 3332 1374 3389 ﬁdelissimam
1424 3336 1790 3390 narrationem
1823 3351 2012 3391 earum
2060 3351 2148 3392 re-

571 3439 718 3488 rum,
750 3438 980 3493 quarum
1013 3424 1127 3494 ipse
1166 3425 1457 3480 veritatem
1486 3426 1682 3495 partim
1714 3442 1780 3481 ex
1811 3425 1967 3481 Pauli
2009 3439 2147 3482 cou-

570 3516 843 3582 tubernio,
888 3516 1085 3586 partim
1130 3532 1195 3573 ex
1251 3517 1579 3586 reliquorum
1611 3518 1986 3586 apostolorum
2034 3533 2152 3575 ser-

570 3607 826 3663 monibus
874 3608 1154 3675 hauserat,
1207 3609 1498 3678 Evaugelio
1550 3626 1649 3666 suo
1700 3612 2011 3670 tradidisse.
2044 3612 2151 3669 Sed

570 3700 687 3755 haec
714 3717 745 3754 a
772 3701 930 3756 nobis
953 3702 1168 3771 quidem
1199 3715 1343 3756 nunc
1372 3702 1511 3757 dicta
1536 3703 1647 3757 sint
1676 3703 1942 3759 hactenus
1970 3719 1984 3769 ;
2012 3703 2148 3759 alias

566 3808 702 3849 vero
737 3794 1073 3849 commodius
1102 3793 1284 3850 allatis
1323 3806 1569 3850 veterum
1607 3796 1938 3866 scriptorum
1992 3796 2146 3863 locis,

567 3886 701 3957 quid
736 3884 934 3955 reliqui
968 3884 1035 3940 de
1064 3885 1253 3941 eodem
1286 3900 1610 3956 argumento
1658 3887 2009 3956 tradiderint,
2052 3890 2146 3945 do-

568 3992 697 4034 cere
731 3976 1072 4033 conabimur.
1110 3975 1282 4033 Porro
1313 3978 1454 4033 inter
1484 3977 1710 4035 Joannis
1748 3979 1957 4049 scripta
2006 3996 2145 4051 prae-

568 4078 656 4126 ter
686 4068 1060 4139 Evangelium,
1113 4070 1262 4138 prior
1305 4084 1523 4139 quoque
1557 4066 1799 4139 Epistola
1848 4080 1962 4125 tum
1991 4087 2021 4126 a
2056 4088 2145 4127 re-

2263 579 2454 652 δηλοῦν
2481 583 2537 634 ὲν
2564 580 2640 652 τῷ
2668 580 2905 650 λέγειν·’‹
2945 580 3112 635 Οὗπω
3130 581 3237 654 γάρ
3256 576 3343 652 ῆν,
3369 582 3552 653 φησὶν,
3593 582 3849 653 Ἰωάννης

2264 651 2715 744 βεϐλημένοςείς
2751 671 3014 744 φυλακήν.
3050 693 3069 726 ι
3108 651 3319 727 Ούκούν
3362 676 3390 727 ὀ
3432 651 3535 743 μὲν
3585 651 3848 741 Ἰωάννης

2259 767 2326 835 τῇ
2353 764 2447 817 τοῦ
2469 765 2588 816 κατ’
2611 763 2769 816 αὑτὸν
2802 762 3135 830 Εὑαγγελίου
3167 764 3373 833 γραφῇ,
3403 761 3469 815 τά
3495 760 3723 832 μηδέπω
3751 758 3847 811 τοῦ

2261 854 2563 909 Βαπτιστοῦ
2584 858 2663 919 εἰς
2689 853 2930 926 φυλακὴν
2955 853 3115 925 βεϐλη
3125 854 3285 924 μένου
3313 854 3449 926 πρὸς
3477 853 3573 907 τοῦ
3604 850 3848 923 Χριστοῦ

2260 948 2573 1020 πραχθέντα
2607 946 2991 1018 παραδίδωσιν·
3018 948 3067 999 οἱ
3101 946 3157 999 δὲ
3188 946 3364 999 λοιποὶ
3385 949 3535 1017 τρεῖς
3556 944 3845 1013 εὐαγγελι-

2262 1041 2405 1102 σταὶ,
2428 1039 2496 1092 τὰ
2534 1039 2669 1109 μετά
2696 1040 2796 1111 τὴν
2826 1042 2903 1103 εἰς
2930 1039 2993 1092 τὸ
3024 1038 3396 1110 δεσμωτήριον
3436 1036 3717 1109 κάθειρξιν
3743 1035 3843 1089 τοῦ

2259 1132 2565 1187 Βαπτιστοῦ
2619 1132 3069 1203 μνημονεύουσιν.
3126 1126 3222 1196 Οἷς
3279 1133 3373 1186 καὶ
3437 1133 3791 1201 ὲπιστήσαντι
3821 1171 3839 1194 ,

2257 1226 2433 1280 οὐκέτ’
2457 1224 2521 1278 ἂν
2543 1224 2689 1289 δόξαι
2719 1225 3003 1294 διαφωνεῖν
3026 1224 3274 1295 ἀλλήλοις
3294 1224 3360 1276 τά
3396 1222 3723 1291 Εὑαγγέλια,
3762 1220 3845 1292 τῷ

2256 1317 2319 1371 τὸ
2374 1318 2470 1387 μὲν
2516 1318 2656 1370 κατὰ
2713 1318 2964 1387 Ἰωάννην
3003 1315 3072 1370 τά
3112 1316 3303 1387 πρῶτα
3340 1315 3446 1369 τῶν
3471 1314 3563 1369 τοῦ
3601 1311 3843 1385 Χριστοῦ

2258 1410 2508 1481 πράξεων
2551 1407 2845 1480 περιέχειν,
2891 1409 2961 1461 τὰ
3006 1407 3064 1461 δὲ
3109 1408 3270 1461 λοιπά
3300 1407 3399 1479 τὴν
3439 1407 3530 1459 ἐπὶ
3561 1406 3705 1459 τέλει
3742 1403 3839 1458 τοῦ

2257 1499 2449 1571 χρόνου
2500 1499 2647 1568 αὐτῷ
2674 1497 3049 1569 γεγενημένην
3100 1496 3359 1567 ἱστορίαν.
3396 1496 3633 1558 Εἰκότως
3667 1494 3710 1547 δ’
3742 1489 3840 1548 οὖν

2256 1590 2353 1662 τὴν
2384 1590 2480 1661 μὲν
2513 1590 2613 1660 τῆς
2649 1590 2849 1661 σαρκὸς
2878 1588 2971 1642 τοῦ
3000 1590 3248 1662 Σωτῆρος
3272 1592 3302 1656 ἦ
3316 1588 3431 1659 μῶν
3456 1586 3841 1655 γενεαλογίαν,

2258 1683 2353 1737 an
2380 1682 2644 1752 Ματθαίῳ
2673 1682 2766 1734 καὶ
2781 1682 2966 1752 Λουκᾷ
2991 1684 3423 1752 προγραφεῖσαν,
3443 1677 3837 1748 ἀποσιωπῆσαι

2255 1774 2346 1829 τὸν
2388 1776 2659 1847 Ἰωάννην,
2702 1774 2803 1845 τῆς
2848 1774 2903 1828 δὲ
2954 1773 3233 1843 θεολογίας
3280 1771 3650 1844 ἀπάρξασθαι,
3689 1771 3841 1825 ὼσάν

2256 1867 2401 1939 αύτῴ
2424 1868 2558 1940 πρὸς
2579 1866 2674 1921 τοῦ
2707 1866 2850 1920 θείου
2887 1865 3204 1935 Πνεύματος
3245 1859 3332 1917 οἶα
3366 1861 3633 1933 κρείττονι
3661 1877 3842 1932 παραμ-

2256 1958 2695 2029 πεφυλαγμένης.
2741 1958 2925 2011 Ταῦτα
2975 1958 3073 2027 μὲν
3118 1951 3213 2009 οὖν
3260 1956 3391 2025 ἡμῖν
3431 1954 3557 2026 περὶ
3611 1949 3710 2023 τῆς
3743 1952 3839 2007 τοῦ

2254 2050 2395 2105 κατά
2423 2051 2673 2122 Ἰωάννην
2699 2049 3027 2119 Εὑαγγελίου
3055 2050 3272 2121 γραφῆς
3305 2048 3561 2119 εἰρήσθω.
3599 2050 3711 2102 Καὶ
3736 2047 3840 2118 τῆς

2255 2143 2397 2203 κατὰ
2428 2146 2654 2216 Μάρκον
2685 2143 2741 2197 δὲ
2771 2147 2804 2214 ἡ
2833 2143 3099 2214 γενομένη
3124 2142 3292 2205 αἰτία,
3317 2143 3499 2205 ἐντοῖς
3530 2141 3841 2213 ἔμπροσθεν

2254 2236 2388 2307 ἡμῖν
2417 2236 2730 2307 δεδήλωται.
2777 2236 2835 2289 Ὀ
2867 2235 2924 2288 δὲ
2960 2236 3175 2297 Λουκᾶς
3203 2234 3504 2304 ἀρχόμενος
3543 2234 3637 2285 καὶ
3676 2232 3841 2295 αὐτὸς

2252 2329 2346 2382 τοῦ
2378 2332 2497 2382 κατ’
2530 2329 2693 2384 αὑτὸν
2721 2329 3171 2400 συγγράμματος,
3194 2326 3290 2397 τὴν
3324 2327 3504 2379 αἰτίαν
3532 2324 3835 2397 προῦθηκε,

2252 2420 2319 2473 δι’
2343 2423 2408 2490 ἢν
2438 2420 2729 2493 πεποίηται
2757 2420 2856 2491 τὴν
2878 2418 3148 2485 σύνταξιν·
3176 2418 3373 2489 δηλῶν,
3395 2417 3469 2481 ὡς
3496 2417 3603 2488 ἄρα
3626 2416 3840 2470 πολλῶν

2252 2513 2345 2565 καὶ
2372 2512 2543 2567 ἄλλων
2572 2511 3007 2583 προπετέστερον
3040 2508 3534 2580 ὲπιτετηδευκότων
3584 2508 3839 2578 διήγησιν

2252 2596 2675 2675 ποιήσασθαι,ὦν
2690 2603 2848 2667 αὐτὸς
2862 2602 3315 2675 πεπληροφὸρητο
3327 2600 3839 2669 λόγων,ἀναγκαίως

2254 2696 2605 2750 ἀπαλλάττων
2640 2697 2786 2767 ἡμᾶς
2815 2695 2915 2765 τῆς
2942 2696 3070 2766 περὶ
3099 2696 3225 2758 τοὺς
3262 2693 3455 2757 ἄλλους
3486 2692 3837 2763 ἀμφηρίστου

2253 2788 2591 2859 ὑπολήψεως,
2612 2788 2703 2841 τὸν
2738 2786 2954 2858 ἀσφαλῆ
2981 2787 3159 2855 λόγον,
3191 2780 3266 2840 ὧν
3304 2785 3465 2849 αὐτὸς
3497 2784 3697 2847 ἱκανῶς
3738 2782 3836 2854 τὴν

2252 2877 2508 2950 ἀλήθειαν
2549 2878 2901 2949 κατειλήφει,
2941 2878 3005 2930 ὲκ
3038 2877 3139 2946 τῆς
3168 2877 3283 2947 ἅμα
3323 2873 3521 2946 Παύλῳ
3552 2873 3839 2935 συνουσίας

2252 2986 2311 3022 τε
2358 2971 2452 3022 καὶ
2496 2968 2795 3040 διατριϐῆς,
2849 2970 2943 3022 καί⁵
2988 2968 3085 3039 τῆς
3116 2967 3223 3021 τῶν
3266 2966 3468 3020 λοιπῶν
3519 2963 3838 3018 ἀποστόλων

2251 3061 2467 3131 ὁμιλίας
2487 3060 2668 3132 ὼφελη
2678 3061 2857 3131 μένος,
2879 3060 2966 3113 διὰ
2982 3059 3074 3113 τοῦ
3103 3059 3231 3113 ἰδίου
3254 3058 3571 3129 παρέδωκεν
3594 3056 3839 3124 Εύαγγε-

2252 3155 2389 3208 λίου.
2427 3155 2536 3207 Καὶ
2567 3152 2739 3207 ταῦτα
2776 3152 2873 3223 μὲν
2904 3154 3064 3224 ἡμεῖς
3108 3152 3235 3223 περὶ
3266 3150 3489 3204 τούτων’
3510 3148 3836 3218 οἰκειότερον

2254 3337 2347 3391 καὶ
2392 3340 2504 3400 τοῖς
2532 3336 2711 3400 ἄλλοις
2740 3335 2869 3407 περί
2906 3333 3088 3389 αὐτῶν
3138 3333 3407 3405 εἰρημένα
3459 3331 3837 3403 πειρασόμεθα

2251 3428 2509 3498 δηλῶσαι.
2543 3427 2664 3481 Τῶν
2696 3427 2753 3480 δὲ
2792 3425 3042 3480 Ἰωάννου
3079 3426 3551 3496 συγγραμμάτων,
3584 3422 3723 3494 πρὸς
3755 3421 3837 3493 τῷ

2252 3521 2568 3592 Εύαγγελίῳ
2605 3522 2698 3576 καὶ
2723 3521 2756 3590 ἡ
2794 3520 3040 3591 προτέρα
3069 3518 3177 3573 τῶν
3217 3512 3578 3581 Ἐπιστολῶν,
3599 3517 3755 3589 παρά
3775 3533 3836 3570 τε

2250 3616 2361 3677 τοῖς
2391 3612 2487 3666 νῦν
2530 3613 2624 3666 καί
2651 3616 2764 3676 τοῖς
2800 3612 2873 3665 ἔτ’
2898 3611 3146 3683 ἀρχαίοις
3194 3610 3594 3681 ἀναμφίλεκτος
3627 3607 3836 3679 ὡμολό-

2252 3721 2438 3776 γηται,
2459 3704 2831 3773 ἀντιλέγονται
2860 3704 2914 3757 δὲ
2952 3704 3008 3757 αἱ
3029 3702 3215 3755 λοιπαὶ
3244 3701 3354 3755 δύο.
3393 3702 3505 3772 Τῆς
3523 3701 3565 3754 δ’
3601 3702 3835 3754 Ἀποκα-

2253 3794 2464 3866 λύψεως
2498 3798 2582 3866 ἐφ’
2614 3797 2873 3867 ἑκάτερον
2902 3795 2981 3848 ἔτι
3018 3793 3115 3848 νῦν
3148 3792 3300 3865 παρά
3328 3796 3442 3856 τοῖς
3487 3792 3701 3856 πολλοῖς
3738 3809 3836 3844 πε-

2254 3890 2523 3962 ριέλκεται
2551 3892 2584 3961 ἡ
2614 3888 2759 3955 δόξα.
2790 3890 2977 3959 Ὅμως
3004 3903 3068 3956 γε
3101 3886 3209 3959 μὴν
3239 3886 3304 3939 ἐκ
3322 3884 3420 3955 τῆς
3450 3884 3562 3938 τῶν
3591 3883 3836 3956 ἀρχαίων

2253 3982 2556 4054 μαρτυρίας
2572 3983 2629 4034 ἐν
2651 3980 2839 4051 οἰκείῳ
2857 3976 3037 4051 καιρῷ
3068 3977 3168 4049 τὴν
3200 3978 3477 4047 ἐπίκρισιν
3497 3974 3707 4042 δέξεται
3737 3976 3833 4028 καὶ

2248 4075 2409 4145 αὐτή.

565 4167 909 4221 centioribus
972 4174 1085 4220 tum
1114 4167 1186 4220 ab
1241 4165 1481 4237 antiquis
1549 4166 1807 4223 omnibus
1866 4168 2009 4224 citra
2065 4173 2496 4226 controversiam
2532 4168 2886 4236 admittitur;
2921 4166 3143 4237 reliqum
3169 4174 3347 4219 autem
3373 4166 3491 4219 duae
3522 4162 3575 4217 in
3608 4162 3827 4217 dubium

568 4270 915 4316 revocantur.
952 4260 1027 4313 De
1072 4260 1447 4317 Revelatiouis
1476 4270 1655 4317 autem
1715 4262 1857 4317 libro
1915 4265 2093 4322 adhuc
2162 4266 2217 4322 in
2274 4277 2557 4334 utramque
2608 4272 2819 4335 partem
2867 4263 3185 4333 opinionum
3248 4261 3511 4315 varietate
3563 4268 3828 4314 certatur.

564 4354 675 4413 Sed
706 4356 821 4411 hac
866 4354 1031 4408 etiam
1062 4354 1435 4407 controversia
1483 4355 1844 4409 vetustiorum
1895 4357 2206 4416 testimonio
2234 4356 2562 4428 competenti
2594 4365 2842 4426 tempore
2871 4351 3285 4423 disceptabitur.

1055 4494 1163 4566 97
1188 4492 1427 4575 carm“
1478 4495 1644 4551 xxv.

562 4613 639 4670 De
698 4612 893 4667 divinis
947 4608 1237 4684 scripturis
1291 4612 1523 4664 omnium
1576 4629 1836 4684 consensu
1896 4615 2136 4684 receptis,

842 4694 889 4736 et
916 4685 981 4735 de
1008 4681 1075 4735 iis
1107 4696 1225 4750 qua:
1261 4697 1365 4735 non
1414 4691 1538 4736 sunt
1569 4682 1851 4752 ejusmodi.

632 4796 906 4853 Caeterum
962 4805 1326 4866 opportunum
1393 4797 1605 4852 videtur
1666 4796 1770 4853 hoc
1826 4798 1949 4856 loco
1998 4798 2136 4854 Novi

558 4888 891 4945 Testameuti
934 4886 1102 4941 libros
1137 4888 1205 4941 de
1237 4887 1440 4958 quibus
1462 4888 1571 4957 jam
1600 4890 1866 4958 diximus,
1891 4906 2137 4946 summa-

559 4983 655 5038 tim
682 4994 988 5037 recensere.
1044 4978 1226 5034 Primo
1276 4980 1438 5051 igitur
1478 4981 1791 5037 collocanda
1844 4996 1929 5039 est
1977 5000 2134 5040 sacra

558 5071 975 5143 Evangeliorum
1006 5071 1272 5141 quadriga
1302 5088 1317 5135 ;
1350 5087 1513 5141 quam
1543 5072 1741 5128 deinde
1793 5090 2135 5145 consequun-

560 5176 650 5218 tttr
678 5164 843 5218 Actus
868 5162 1262 5233 apostolorum.
1302 5162 1435 5218 Post
1475 5165 1574 5220 llos
1624 5170 1974 5222 numeranda:
2008 5179 2138 5223 sunt

559 5255 711 5312 Pauli
752 5252 1023 5319 Epistolaz.
1054 5252 1178 5305 lude
1205 5251 1355 5320 prior
1388 5252 1475 5306 illa
1504 5252 1756 5320 Joannis.
1787 5271 1851 5311 ac
1884 5258 2139 5313 similiter

560 5348 701 5404 Petri
743 5344 984 5416 Epistula
1048 5344 1393 5413 suscipienda
1442 5356 1545 5401 est.
1602 5347 1887 5404 Postremo
1940 5350 2137 5421 adjun-

557 5441 730 5511 gcnda
758 5448 865 5500 est.
889 5437 933 5491 si
964 5436 1038 5492 ita
1077 5436 1382 5502 videbitur,
1428 5437 1652 5495 Joannis
1696 5441 2017 5499 Revelatio:
2069 5443 2135 5499 de
2197 5504 2203 5513 ,

554 5544 660 5601 qua
688 5530 818 5600 quid
845 5537 1065 5584 veteres
1112 5528 1409 5592 Senserint,
1459 5544 1557 5586 suo
1601 5532 1721 5587 loco
1768 5548 2130 5604 exponemus.

555 5624 622 5678 Et
654 5624 769 5681 haec
793 5621 1018 5693 quidem
1052 5623 1328 5677 communi
1380 5624 1622 5679 omnium
1671 5640 1939 5682 consensu
1981 5642 2131 5683 rece-

2172 4504 2219 4561 Ι)

2752 4494 3151 4550 ΚΕΦΔΛΔῙΟΝ
3189 4495 3319 4549 KE'.

2246 4611 2385 4680 Περί
2410 4609 2528 4665 τῶν
2558 4608 3053 4680 ὁμολογουμένων·
3092 4604 3559 4680 astant-hrpach
3584 4605 3679 4659 καί
3708 4605 3829 4659 τῶν

2552 4674 2638 4751 pth
2668 4674 2950 4733 τοιούτων
2974 4676 3117 4749 (Nic.
3153 4676 3225 4731 ll.
3260 4674 3329 4734 Ε.
3352 4674 3416 4742 in,
3436 4674 3550 4748 LJti).

2316 4798 2552 4868 Εὖλογον
2584 4798 2631 4851 δ’
2661 4794 2895 4849 ἐνταῦθα
2934 4794 3281 4865 γενομένους,
3340 4791 3828 4861 ἀνακεφαλαιώσαο

2248 4893 2372 4948 σθαι
2410 4891 2507 4954 τάς
2537 4888 2869 4960 δηλωθείσας
2904 4888 3004 4957 τῆς
3045 4886 3255 4956 Καινῆς
3285 4883 3559 4955 Διαθήκης
3581 4884 3822 4956 γραφάς.

2244 4986 2353 5039 Καὶ
2382 4980 2445 5053 δὴ
2476 4979 2700 5034 τακτέον
2732 4981 2789 5033 ὲν
2843 4976 3079 5049 πρώτοις
3107 4976 3207 5047 τὴν
3233 4972 3391 5043 ἁγίαν
3436 4972 3542 5026 τῶν
3582 4973 3829 5040 Εὐαγγε-

2244 5077 2372 5131 λίων
2404 5073 2727 5145 τετρακτύψ
2755 5065 2836 5131 οἷς
2857 5070 3047 5123 ’ἐπεται
3078 5070 3111 5138 ἡ
3139 5067 3245 5120 τῶν
3268 5067 3525 5137 Πράξεων
3545 5064 3652 5119 τῶν
3684 5066 3825 5119 ἀπο-

2246 5168 2446 5221 στόλων
2476 5164 2685 5237 γραφή.
2725 5162 2881 5216 Μετά
2918 5162 2975 5214 δὲ
3010 5160 3236 5231 ταύτην,
3277 5159 3376 5223 τὰς
3416 5158 3626 5212 Παύλου
3653 5174 3827 5210 κατα-

2242 5261 2461 5316 λεκτέον
2513 5255 2849 5318 Ἐπιστολάς,
2884 5248 2971 5319 αἷς
3010 5254 3135 5325 ἑξῆς
3175 5253 3272 5324 τὴν
3302 5251 3607 5323 φερομένην
3643 5251 3829 5304 Ἰωάν-

2243 5370 2335 5405 νου
2384 5349 2695 5422 προτέραν,
2752 5348 2847 5399 καὶ
2895 5344 3094 5415 ὁμοίως
3152 5343 3249 5414 τὴν
3294 5344 3500 5414 Πέτρου
3546 5341 3824 5408 κυρωτέον

2256 5441 2593 5511 Ἐπιστολὴν.
2642 5438 2763 5492 Ἐπὶ
2787 5436 2997 5499 τούτοις
3023 5434 3247 5488 τακτέον
3271 5475 3286 5500 ,
3328 5433 3441 5502 εἴγε
3472 5432 3685 5503 φανείη,
3721 5431 3821 5501 τὴν

2253 5530 2618 5601 ’Δποκάλυψιν
2681 5526 2949 5589 Ἰωάννου,
2985 5525 3111 5596 περὶ
3159 5521 3225 5596 ἦς
3255 5524 3324 5578 τὰ
3371 5524 3600 5589 δόξαντα
3678 5521 3823 5575 κατά

2241 5624 2433 5695 καιρὸν
2465 5618 2833 5692 ἐκθησόμεθα.
2876 5618 2986 5671 Καὶ
3025 5614 3198 5670 ταῦτα
3240 5615 3340 5687 μὲν
3370 5616 3429 5671 ἐν
3460 5613 3824 5687 ὁμολογουμέ-

624 5834 737 5908 (29)
784 5830 996 5905 Ἐἠσὺς
1037 5828 1142 5885 τοῦ
1168 5826 1395 5899 Σαλήμ.
1427 5827 1483 5882 lu
1519 5824 1888 5882 vetustissimo
1917 5822 2103 5880 codice
2132 5820 2151 5875 l

2252 5861 2270 5878 .
2301 5820 2564 5891 scriptum
2590 5818 2773 5877 inveni
2806 5819 3010 5891 Σαλείμ
3041 5836 3164 5877 cum
3197 5820 3559 5893 diphthongo.
