4140 6430
577 318 672 373 971

1275 319 1544 380 EUSEBII
1582 324 2060 382 CIESARIENSIS
2097 324 2248 383 OPP.
2292 323 2471 383 PARS
2510 327 2548 381 l.
2590 358 2660 369 --
2698 324 3082 382 HISTORICA.

3715 327 3824 382 272

575 455 1008 498 commemorare
1033 443 1290 512 dignatus
1332 453 1436 500 est.
1488 443 1594 500 Sed
1628 456 1682 502 et
1711 447 1884 516 ipsum
1920 447 2107 503 dicend

2208 495 2210 504 ι
2241 446 2553 500 ἐναλλάττει
2591 444 2895 516 χαρακτὴρ,
2918 445 2952 514 ἦ
2984 460 3044 496 τε
3071 440 3264 514 γνώμη
3301 444 3393 496 καὶ
3419 445 3450 515 ἡ
3481 443 3590 496 τῶν
3622 445 3680 497 ἐν
3716 445 3817 497 αὐ-

575 547 745 602 genus
779 531 935 599 longe
973 532 1040 586 ab
1069 533 1365 602 apostolica
1395 535 1745 605 simplicitate
1771 537 1883 608 98
1928 539 2132 594 discre-

571 634 685 692 pat.
728 623 934 680 Sensus
971 640 1184 694 quoque
1207 625 1342 696 ipse,
1384 637 1438 682 et
1483 644 1603 698 quae
1648 629 1850 684 ibidem
1904 631 2137 685 traditur

574 713 726 781 ﬁdes,
753 730 876 770 cum
907 731 936 770 a
970 731 1096 770 vera
1132 725 1186 771 et
1215 718 1480 773 catholica
1511 720 1758 774 doctrina
1816 721 2126 790 plurimum-

570 819 829 874 quantum
905 811 1153 876 aberret,
1219 810 1334 865 haec
1405 810 1781 866 haereticorum
1853 813 2132 867 hominum

572 899 822 968 ﬁgmenta
855 915 976 956 esse
1019 901 1303 957 manifeste
1335 903 1598 972 coarguit.
1628 902 1890 970 Quocirca
1922 918 1988 958 ne
2017 904 2137 974 qui-

569 992 691 1046 dem
718 992 862 1046 inter
894 994 1110 1062 spurios
1141 994 1442 1050 collocandi
1472 1005 1600 1050 sunt
1627 996 1678 1049 hi
1716 996 1860 1060 libri,
1893 995 1989 1050 sed
2017 1005 2136 1049 tan-

567 1098 728 1154 quam
758 1085 978 1140 absurdi
1015 1094 1067 1141 et
1109 1087 1281 1157 impii,
1323 1102 1548 1157 prorsus
1595 1087 1933 1157 repudiandi.
1981 1087 2135 1143 Nunc

571 1175 636 1228 ad
675 1177 874 1232 seriem
909 1177 1153 1234 historiae
1179 1187 1377 1233 nostrae
1402 1181 1708 1235 redeamus.

1114 1351 1343 1411 CAPUT
1389 1352 1582 1408 XXVI.

915 1463 992 1520 De
1039 1463 1329 1521 Menandro
1373 1465 1774 1536 prwstigiatore.

633 1579 876 1634 Simonis
926 1578 1062 1648 Magi
1128 1593 1417 1634 successor
1481 1579 1795 1649 Menander,
1847 1581 2128 1638 diabolicae

560 1669 848 1739 pravitatis
901 1668 1128 1724 alterum
1186 1668 1351 1724 telum
1418 1669 1605 1738 priore
1652 1670 1741 1726 illo
1789 1686 2123 1744 nequaquam

2240 542 2354 602 τοῖς
2389 539 2702 610 φερομένων
2739 538 3054 608 προαίρεσις
3073 577 3088 602 ,
3138 536 3388 589 πλεῖστον
3418 538 3540 590 ὅσον
3569 537 3670 606 τῆς
3693 536 3822 606 ἀλη-

2241 630 2366 694 θοῦς
2421 628 2732 702 ὀρθοδοξίας
2779 629 3060 700 ἀπᾴδουσα
3111 626 3247 698 (54),
3280 629 3362 680 ὅτι
3402 628 3466 699 δὴ
3522 629 3819 698 αἱρετικῶν

2239 721 2444 793 ἀνδρῶν
2473 722 2874 793 ἀναπλάσματα
2905 721 3182 791 τυγχάνει,
3228 721 3414 790 σαφῶς
3450 721 3776 793 παρίστησιν
3796 737 3812 750 ο

2239 813 2358 866 ὅθεν
2387 813 2495 866 οὐδ’
2528 815 2584 866 ἐν
2611 813 2784 876 νόθοις
2803 813 2943 866 αὐτά
2970 812 3361 876 κατατακτέον,
3395 812 3509 866 ἀλλ’
3535 813 3612 876 ὡς
3636 814 3818 867 ἄτοπα.

2244 905 2420 974 πάντη
2469 905 2565 957 καὶ
2605 904 2836 974 δυσσεϐῆ
2878 905 3264 975 παραιτητέον.
3304 905 3500 976 Ἴωμεν
3531 905 3596 976 δὴ
3630 903 3815 957 λοιπὸν

2240 996 2334 1050 καὶ
2359 997 2452 1052 ἐπὶ
2474 997 2572 1069 τὴν
2597 996 2724 1068 ἑξῆς
2753 997 3010 1071 ἱστορίαν.

2725 1352 3120 1408 ΚΕΦΑΛΑΙΟΝ
3166 1352 3310 1420 KQ".

2233 1461 2373 1529 Περὶ
2406 1459 2754 1530 Μενάνδρου
2785 1461 2891 1515 τοῦ
2931 1462 3145 1532 γόητος
3178 1460 3320 1531 (Nic.
3373 1461 3440 1517 ll.
3471 1461 3540 1516 E.
3572 1479 3654 1526 Ill,
3696 1463 3808 1534 12).

2300 1573 2520 1645 Σίμωνα
2547 1573 2640 1627 τὸν
2675 1573 2848 1644 μάγον
2880 1571 3187 1645 Μένανδρος
3217 1573 3617 1646 διαδεξάμενος.
3646 1576 3810 1630 ὅπλον

2225 1666 2476 1739 δεύτερον
2505 1665 2614 1737 (55)
2648 1667 2707 1718 οὐ
2732 1668 2908 1736 χεῖρον
2933 1664 3024 1719 τοῦ
3057 1666 3343 1738 προτέρου,
3374 1668 3472 1738 τῆς
3496 1667 3811 1739 διαϐολικῆς

560 1758 794 1817 inferius
837 1761 1127 1831 semetipso
1178 1770 1242 1814 ac
1294 1774 1472 1814 mores
1525 1776 1653 1816 suos
1699 1765 1973 1832 praestitit.
2028 1765 2107 1820 ΗῘι

2229 1757 2508 1829 ἐνεργείας
2559 1757 2936 1810 ἀποδείκνυται
2989 1758 3079 1810 τὸν
3128 1759 3358 1830 τρόπον’
3408 1756 3476 1831 ἦν
3513 1763 3606 1814 καὶ
3653 1757 3810 1828 οὗτος

557 1866 772 1922 quoque
802 1851 1126 1918 Samarites,
1165 1853 1231 1905 ad
1264 1864 1532 1904 summam
1568 1853 1902 1924 magicarum
1930 1855 2122 1911 artium

555 1947 803 2016 peritiam
829 1945 1052 2015 perinde
1087 1959 1152 2000 ac
1182 1944 1439 2014 magister
1479 1960 1830 2017 progressus,
1878 1949 2126 2014 pluribus

565 2039 745 2094 adhuc
779 2047 832 2093 et
860 2036 1272 2093 absurdioribus
1303 2039 1578 2108 ﬁgmentis
1623 2041 1962 2097 exuberavit.
1986 2044 2122 2100 Nam

557 2131 796 2198 seipsum
840 2130 1058 2201 quidem
1086 2129 1433 2185 Servatorem
1462 2146 1581 2187 esse
1609 2138 1906 2201 asserebat,
1935 2137 2001 2196 ad
2028 2137 2125 2190 lio-

554 2223 758 2276 minum
793 2221 1023 2276 salutem
1054 2235 1119 2276 ex
1147 2221 1282 2277 aevis
1314 2223 1635 2292 quibusdam
1665 2225 2026 2283 invisibilibus
2058 2231 2123 2282 ah

551 2312 662 2367 alto
694 2312 1043 2367 destinatum.
1070 2311 1347 2369 Neminem
1375 2329 1506 2372 vero
1537 2315 1722 2371 aiebat
1751 2317 1898 2386 ipsos
1935 2321 2118 2374 mundi

549 2407 859 2461 conditores
896 2406 1118 2475 angelos
1151 2421 1308 2476 posse
1352 2423 1636 2475 superare,
1689 2409 1790 2464 nisi
1827 2410 1918 2479 qui
1967 2412 2118 2481 prius

551 2498 757 2568 magica
808 2497 1094 2568 disciplina
1150 2481 1180 2551 ά
1225 2512 1284 2552 se
1351 2497 1666 2563 institutus,
1713 2507 1768 2553 et
1823 2500 2112 2568 baptismo,

547 2605 706 2658 quem
749 2590 866 2659 ipse
903 2589 1175 2654 tradebat,
1233 2588 1478 2644 initiatus
1527 2591 1743 2644 fuisset.
1801 2589 1969 2657 Quem
2021 2591 2116 2645 ba-

547 2682 803 2750 ptismum
838 2681 1150 2752 quicunque
1177 2681 1454 2751 suscipere
1485 2682 1834 2749 meruissent,
1868 2698 1963 2738 eos
1989 2699 2114 2756 per-

545 2781 758 2838 petuam
799 2772 852 2826 in
908 2772 1012 2827 hoc
1061 2771 1258 2827 saeculo
1284 2773 1770 2842 ,immortalitatem
1820 2773 2115 2844 adepturus

541 2863 847 2919 afﬁrmabat
873 2883 886 2918 :
917 2879 1023 2918 non
1059 2864 1290 2932 amplius
1337 2866 1497 2920 morti
1536 2867 1827 2934 obnoxios,
1874 2856 1971 2922 sed
2025 2867 2115 2921 hic

541 2957 594 3011 in
624 2971 798 3012 aevum
825 2972 1229 3026 permansuros,
1257 2959 1487 3028 juvenes
1531 2973 1748 3028 semper
1794 2968 1959 3028 atque
2009 2958 2112 3013 im-

542 3048 797 3103 mortales
825 3047 1055 3105 t‘uturos.
1084 3051 1258 3120 Atque
1307 3049 1422 3106 haec
1451 3050 1671 3121 quidem
1717 3063 1783 3105 ex
1824 3047 2012 3104 lrenaei
2045 3048 2110 3102 li-

541 3139 655 3197 bris
705 3141 825 3197 licet
879 3157 1234 3211 cognoscere.
1299 3141 1404 3197 Sed
1455 3151 1509 3195 et
1549 3139 1799 3197 Justinus
1852 3143 2176 3226 similiterc

539 3240 827 3300 postquam
856 3232 920 3285 de
953 3233 1174 3286 Simone
1207 3233 1412 3297 retulit,
1446 3233 1511 3287 de
1542 3233 1846 3290 Menandro
1889 3248 2105 3305 quoque

535 3322 815 3392 subjungit
843 3323 956 3377 hzec
984 3323 1144 3376 verba
1175 3341 1188 3377 :
1227 3342 1245 3375 ι
1281 3324 1629 3378 Menandrum
1663 3325 1786 3378 item
1816 3325 2102 3395 quemdam

534 3412 936 3466 Samaritanum
967 3428 1031 3465 ex
1065 3414 1181 3466 vico
1207 3413 1549 3483 Caparattaza
1579 3413 1896 3479 oriundum,
1939 3413 2102 3468 disci-

533 3505 720 3575 pulum
750 3505 1012 3568 Simonis,
1047 3505 1352 3560 daemonum
1385 3506 1623 3561 stimulis
1671 3506 1940 3577 agitatum
1989 3506 2102 3558 An-

533 3598 790 3652 tiochiam
818 3598 1054 3664 venisse,
1114 3608 1280 3668 atque
1325 3598 1398 3654 ibi
1451 3599 1716 3669 plurimos
1744 3607 1862 3653 arte
1891 3599 2099 3667 magica

529 3689 793 3745 delusisse
820 3692 1089 3745 novimus.
1118 3689 1216 3756 Qui
1250 3689 1412 3743 etiam
1440 3689 1804 3744 sectatoribus
1833 3689 1948 3743 suis
1977 3704 2102 3758 per-

527 3792 774 3836 suaserat
801 3783 944 3850 ipsos
977 3798 1249 3851 nunquam
1301 3797 1422 3836 esse
1462 3782 1782 3835 morituros.
1823 3781 1886 3834 Et
1930 3794 1996 3834 ex
2045 3781 2103 3834 il-

525 3868 632 3926 ἥδε
664 3871 946 3941 disciplina
977 3871 1159 3925 adhuc
1183 3881 1480 3939 supersunt
1527 3871 1772 3924 nonnulli
1817 3871 1906 3940 qui
1960 3872 2097 3925 idem

523 3963 902 4032 proﬁtentur.»
932 3961 1056 4015 Fuit
1078 3964 1178 4016 hoc
1195 3962 1472 4017 diabolica:
1500 3962 1810 4017 calliditatis
1831 3979 2101 4017 conuiuen-

523 4065 654 4114 tttm.
690 4063 747 4108 ut
779 4071 875 4124 per
907 4054 1182 4108 maleﬁcos
1229 4055 1478 4108 homines
1535 4052 1970 4125 Chrisﬁanot‘um
2003 4070 2102 4106 no-

523 4163 644 4200 men
674 4143 812 4199 falso
836 4146 936 4199 sibi
963 4144 1328 4204 vindicantes,
1365 4159 1620 4212 magnum
1657 4144 1786 4198 illud
1817 4145 2098 4214 religionis

523 4246 722 4290 nostra:
779 4244 1179 4289 sacramentum
1216 4234 1439 4303 magicae
1479 4235 1613 4288 artis
1661 4236 1882 4289 infamia
1912 4253 2097 4306 asper—

517 4335 689 4398 geret,
715 4335 772 4382 et
797 4327 1172 4382 ecclesiastica
1228 4327 1482 4397 dogmata
1519 4325 1587 4382 de
1631 4328 1934 4381 animorum
1976 4328 2094 4388 im»

517 4500 620 4536 non
656 4481 951 4545 inveniunt,
985 4491 1090 4536 etc.
1118 4481 1289 4535 Porro
1316 4483 1368 4536 in
1392 4482 1668 4539 codicibus
1693 4484 1892 4538 nostris
1923 4483 2082 4547 Maz.,

2227 1851 2514 1922 Σαμαρεὺς
2541 1850 2676 1922 (56),
2713 1853 2790 1914 εἰς
2823 1851 2992 1923 ἄκρον
3027 1851 3081 1904 δὲ
3112 1851 3212 1922 τῆς
3236 1853 3489 1922 γοητείας
3521 1855 3621 1908 οὐκ
3655 1855 3810 1909 ἔλατ-

2221 1959 2312 1996 τον
2366 1942 2462 1996 τοῦ
2509 1943 2831 1996 διδασκάλου
2893 1940 3190 2012 προελθὼν,
3252 1944 3492 2015 μείζοσιν
3553 1945 3803 2014 ἐπιδαψι-

2221 2034 2436 2088 λεύεται
2484 2033 2886 2106 τερατολογίαις
2907 2074 2920 2094 ,
2953 2034 3142 2087 ἑαυτὸν
3183 2035 3301 2106 μὲν,
3334 2036 3408 2100 ὡς
3437 2036 3546 2108 ἄρα
3584 2037 3691 2108 εἴη,
3721 2037 3808 2090 λέ-

2221 2144 2353 2196 γων,
2392 2128 2420 2178 ὁ
2455 2127 2669 2198 Σωτὴρ,
2696 2125 2788 2179 ἐπὶ
2820 2130 2884 2198 τῇ
2921 2127 3028 2180 τῶν
3063 2127 3365 2200 ἀνθρώπων
3397 2129 3600 2184 ἄνωθέν
3641 2132 3806 2185 ποθεν

2220 2220 2278 2285 ἐξ
2303 2219 2548 2290 ἀοράτων
2576 2217 2785 2271 αἰώνων
2807 2218 3211 2289 ἀπεσταλμένος
3236 2221 3498 2293 σωτηρίᾳ,
3534 2221 3804 2278 διδάσκων

2218 2309 2274 2362 δὲ
2311 2308 2384 2379 μὴ
2423 2307 2598 2372 ἄλλως
2641 2308 2900 2362 δύνασθαί
2937 2327 3056 2364 τινα
3096 2309 3191 2363 καὶ
3222 2310 3400 2365 αὐτῶν
3450 2311 3556 2365 τῶν
3604 2331 3806 2386 κοσμο-

2218 2401 2386 2454 ποιῶν
2413 2400 2660 2469 ἀγγέλων
2688 2401 3164 2473 περιγενήσεσθαι,
3194 2402 3267 2474 μὴ
3300 2401 3561 2475 πρότερον
3586 2405 3676 2458 διά
3702 2407 3803 2476 τῆς

2219 2493 2354 2563 πρὸς
2394 2492 2559 2547 αὑτοῦ
2610 2493 3041 2565 παραδιδομένης
3079 2496 3316 2564 μαγικῆς
3363 2497 3656 2566 ἐμπειρίας
3702 2499 3801 2568 ἀχ-

2217 2583 2397 2645 θέντα,
2435 2586 2526 2638 καὶ
2551 2573 2638 2639 διὰ
2670 2584 2762 2638 τοῦ
2794 2586 3207 2657 μεταδιδομένου
3246 2587 3381 2659 πρὸς
3411 2589 3573 2641 αὐτοῦ
3605 2589 3800 2660 βαπτί-

2217 2693 2437 2746 σματος.
2483 2671 2555 2730 Οὗ
2598 2676 2723 2740 τοὺς
2769 2677 3228 2748 κατηξιωμένους,
3285 2679 3582 2733 ἀθανασίαν
3626 2682 3798 2734 ἀΐδιοι

2213 2769 2272 2819 ὲν
2319 2767 2467 2838 αὑτῷ
2508 2769 2682 2839 τούτῳ
2729 2767 2972 2838 μεθέξειν
3018 2769 3134 2840 (57)
3170 2769 3246 2841 τῷ
3291 2769 3408 2842 βίῳ,
3441 2773 3636 2842 μηκέτι
3671 2772 3799 2845 θνή-

2215 2873 2461 2922 σκοντας,
2493 2857 2659 2911 αὑτοῦ
2691 2858 2748 2911 δὲ
2781 2860 3228 2930 παραμένοντας,
3255 2862 3334 2924 είς
3365 2862 3424 2915 τὸ
3453 2863 3539 2916 ἀεὶ¹
3572 2865 3796 2934 ἀγήρως

2211 2952 2362 3014 τινὰς
2394 2953 2488 3004 καὶ
2523 2951 2822 3016 ἀθανάτους
2865 2953 3174 3023 ἐσομένους.
3217 2955 3400 3009 Ταῦτα
3439 2956 3534 3026 μὲν
3577 2952 3669 3010 οὖν
3701 2957 3796 3010 καὶ

2211 3040 2276 3092 ὲκ
2304 3040 2412 3092 τῶν
2454 3040 2742 3110 Εἰρηναίου
2781 3041 3072 3110 διαγνῶναι
3117 3043 3316 3116 ῥᾴδιον.
3362 3045 3470 3099 Καὶ⁸
3501 3048 3529 3099 ὁ
3574 3047 3795 3099 Ἰουστῖ-

2209 3148 2298 3193 νος
2323 3131 2380 3184 δὲ
2422 3131 2563 3185 κατά
2593 3132 2654 3186 τὸ
2685 3133 2817 3186 αὐτὸ
2850 3133 2942 3186 τοῦ
2980 3134 3221 3205 Σίμωνος
3256 3137 3650 3207 μνημονεύσας,
3696 3140 3793 3193 καὶ

2212 3223 2308 3296 τὴν
2337 3225 2465 3297 περὶ
2496 3224 2686 3278 τούτου
2716 3226 2967 3297 διήγησιν
2995 3227 3268 3299 ἐπιφέρει,
3300 3228 3473 3297 λέγων
3494 3247 3507 3259 ·
3544 3247 3562 3280 ι
3582 3230 3793 3283 Μέναν-

2210 3317 2334 3390 δρον
2357 3318 2412 3371 δέ
2446 3336 2566 3371 τινα
2595 3320 2685 3371 καὶ
2713 3319 2876 3372 αὑτὸν
2906 3321 3163 3392 Σαμαρέα
3190 3321 3280 3374 τὸν
3317 3320 3424 3374 ἀπὸ
3454 3320 3645 3392 κώμης
3671 3323 3790 3374 Κα-

2211 3411 2570 3480 παρατταίας,
2629 3413 2922 3481 γενόμενον
2971 3413 3213 3484 μαθητὴν
3257 3412 3352 3465 τοῦ
3403 3412 3664 3483 Σίμωνος,
3708 3416 3790 3467 οξ-

2211 3502 2510 3574 στρηθέντα
2543 3503 2636 3555 καὶ
2662 3504 2823 3556 αὑτὸν
2851 3504 2954 3556 ὑπὸ
2999 3505 3104 3557 τῶν
3133 3504 3419 3574 δαιμόνων,
3453 3505 3547 3557 καὶ
3575 3505 3631 3557 ὲν
3671 3506 3791 3558 Ἀν-

2205 3595 2408 3666 τιοχείᾳ
2439 3597 2749 3668 γενόμενον,
2789 3597 3015 3659 πολλοὺς
3043 3595 3383 3666 ἐξαπατῆσαι
3419 3596 3505 3648 διὰ
3545 3597 3788 3667 μαγικῆς

2203 3688 2396 3758 τέχνης
2438 3687 2680 3759 οἴδαμενδ
2715 3688 2772 3752 ὃς
2801 3691 2896 3742 καὶ
2921 3691 3044 3750 τοὺς
3071 3687 3217 3758 αὑτῷ
3251 3688 3566 3758 ἑπομένους,
3607 3688 3680 3750 ὡς
3711 3689 3786 3759 μὴ

2203 3778 2593 3850 ἀποθνήσκοιεν
2623 3779 2824 3833 ἔπεισε.
2854 3781 2963 3832 Καὶ
2988 3780 3080 3832 νῦν
3113 3780 3252 3844 τινές
3276 3782 3412 3833 εἰσιν
3434 3781 3528 3834 ἀπ’
3551 3781 3784 3843 ἐκείνου,

2200 3869 2359 3924 τοῦτο
2394 3870 2801 3941 ὁμολογοῦντες.
2857 3889 2875 3922 ι
2918 3867 3026 3924 τΗν
3067 3870 3112 3923 δ’
3146 3871 3251 3943 ἄρα
3288 3872 3596 3944 διαϐολικῆς
3633 3876 3788 3944 ὲνερο

2203 3963 2376 4031 γείας,
2419 3963 2504 4016 διὰ
2551 3963 2765 4016 τοιῶνδε
2822 3965 3030 4035 γοήτων
3069 3963 3166 4034 τὴν
3227 3965 3566 4035 Χριστιανῶν
3610 3981 3786 4036 προσ-

2195 4055 2420 4126 ηγορίαν
2443 4055 2840 4124 ὑποδυομένων,
2865 4055 2926 4108 τὸ
2950 4055 3094 4126 μέγα
3119 4056 3217 4126 τῆς
3245 4056 3551 4119 θεοσεϐείας
3577 4057 3786 4128 μυστή-

2195 4163 2308 4216 ριον
2343 4146 2434 4198 ἐπὶ
2467 4145 2669 4216 μαγείᾳ
2700 4146 2994 4199 σπουδάσαι
3021 4146 3312 4207 διαϐαλεῖν,
3341 4145 3594 4218 διασῦραί
3620 4163 3678 4198 τε
3711 4145 3782 4199 δι’

2195 4235 2373 4290 αὐτῶν
2405 4234 2474 4287 τὰ
2503 4235 2630 4307 περὶ
2656 4234 2833 4304 ψυχῆς
2863 4234 3161 4298 ἀθανασίας
3187 4237 3281 4288 καὶ
3307 4236 3513 4306 νεκρῶν
3547 4235 3783 4288 ἀναστά-

2195 4346 2330 4392 σεως
2371 4327 2802 4398 ἐκκλησιαστικά
2839 4327 3103 4398 δόγματα.
3151 4327 3289 4380 Ἀλλ’
3338 4325 3482 4382 οὗτοι
3517 4329 3614 4400 μὲν
3651 4328 3778 4382 τού-

2199 4483 2401 4536 ’Ὀπλον
2440 4482 2691 4554 δεύτερον
2718 4484 2779 4536 οὐ
2810 4485 2989 4554 χεῖρον
3017 4482 3111 4535 τοῦ
3162 4483 3448 4554 προτέρου,
3503 4484 3604 4554 τῆς
3652 4483 3774 4536 δια-

514 4535 656 4627 Mcd.
697 4562 752 4606 et
789 4535 1084 4627 Fnkeliano
1133 4535 1874 4623 scriptunrveSthatttitvea;
1913 4535 2092 4607 διαδοί-

2208 4555 2416 4627 δολιχῆς
2449 4535 2728 4627 ἐνεργείας
2765 4535 3145 4627 ἀποδείκνυται
3178 4535 3269 4608 ei»)
3297 4535 3496 4627 τρόπον
3517 4571 3536 4627 γ·
3561 4535 3640 4627 ’ἦν
3679 4555 3776 4607 καὶ

512 4624 635 4696 χάς,
655 4638 785 4696 cum
814 4624 1062 4696 articulo.

583 4692 696 4762 (34)
745 4692 1114 4761 Ὀρθοδοξίας
1140 4691 1480 4759 timido-Ma.
1501 4693 1636 4749 Tres
1662 4695 1834 4748 nostri
1853 4694 2090 4760 codices,

517 4763 680 4828 Μαι,
711 4763 851 4816 Med.
895 4775 949 4816 et
1001 4762 1136 4817 Fuk.
1198 4765 1461 4831 scriptum
1519 4765 1719 4819 habent
1762 4763 2088 4820 ἀποδέουσα.

516 4832 751 4889 Rectior
784 4843 964 4887 tamen
1021 4834 1152 4888 mihi
1212 4835 1426 4888 videtur
1483 4835 1688 4890 codicis
1743 4833 1898 4906 Regii
1950 4839 2091 4890 scri-

552 4916 696 4956 tura.

723 4973 957 5027 ’Όπλον
978 4971 1290 5045 δεύτερον.
1320 4973 1376 5026 ln
1412 4972 1571 5044 hujus
1594 4975 1745 5031 vocis
1769 4975 2090 5044 interpreta-

511 5044 662 5098 tione
684 5059 874 5098 omnes
906 5044 1233 5110 interpretes
1281 5044 1459 5113 lapsos
1486 5061 1611 5102 esse
1642 5047 1833 5101 miror.
1863 5045 2091 5102 Ruﬁnus

506 5125 717 5167 scutum
786 5114 952 5169 vertit
984 5153 999 5176 ,
1045 5113 1261 5184 Langus
1305 5125 1360 5168 et
1397 5117 1670 5170 musculus
1732 5125 2087 5185 armaturam,

505 5185 1039 5254 Christophorsonus
1075 5185 1552 5254 propugnaculum.
1578 5187 1742 5246 Atqui
1781 5186 1943 5239 ὅπλον
1987 5188 2088 5242 hoc

507 5255 626 5328 loco
653 5255 924 5328 signiﬁcat
956 5256 1137 5310 telum.
1187 5256 1357 5328 Igitur
1406 5255 1568 5328 ὅπλον
1626 5257 1728 5326 τῆς
1772 5256 2085 5328 διαϐολικῆς

502 5327 804 5404 ἐνεργείας,
844 5329 982 5404 idem
1012 5333 1096 5404 est
1126 5340 1191 5380 ac
1223 5324 1476 5396 ὄργανον,
1505 5324 1913 5382 instrumentum
1971 5324 2083 5382 da}-

501 5395 752 5448 moniucm
783 5395 1085 5461 pravitatis.

570 5464 686 5540 (56)
721 5464 1366 5540 νυΙεηἏῖζοδείκν-υται·
1386 5465 1493 5520 τὸν
1515 5468 1736 5540 τρόπον
1754 5463 1838 5540 ἦν
1854 5467 2082 5540 καὶ-αὑ-

497 5533 602 5606 τὸζε
630 5533 958 5606 Σαμαρὲύς.
987 5535 1041 5588 ln
1077 5547 1311 5605 quatuor
1358 5533 1890 5602 nostrisi'codicibus,
1914 5537 2076 5603 Maz.,

500 5605 659 5669 M‘ed.,
679 5605 880 5660 Fuk.et
901 5605 1095 5668 Savil.,
1126 5608 1284 5675 longe
1302 5606 1461 5660 aliam
1494 5608 1650 5675 hujus
1679 5607 1781 5662 loci
1804 5609 2082 5675 interpun-

495 5677 729 5730 ctioncm
760 5677 965 5742 inveni,
993 5691 1154 5746 quam
1188 5687 1406 5731 secutus
1434 5687 1516 5732 est
1538 5678 2080 5747 Christ0phorsouus,

500 5759 670 5816 utex
720 5749 966 5804 versione
1009 5749 1124 5816 ejus
1185 5759 1432 5819 apparet.
1483 5748 1574 5805 Sic
1609 5749 1753 5805 enim
1783 5747 2077 5804 scribitur:

2195 4621 2348 4688 οὗτος
2373 4621 2684 4696 Σαμαρεύς.
2716 4627 2791 4678 Ac
2823 4626 3064 4696 profecto
3098 4625 3246 4696 inec
3287 4621 3564 4680 distinctio
3595 4621 3775 4696 'longe

2197 4698 2397 4750 rectior
2420 4693 2501 4749 εει
2539 4693 2702 4764 quam
2740 4696 2976 4762 vulgata.
3007 4693 3140 4764 Quis
3165 4695 3306 4748 enim
3335 4710 3532 4749 sensus
3556 4704 3640 4749 est
3670 4695 3774 4748 ho-

2195 4781 2314 4838 rum
2345 4763 2632 4838 verborum
2666 4765 2757 4818 τὸν
2779 4766 2978 4838 τρόπον
3007 4763 3074 4838 ἦν
3101 4765 3201 4838 καὶἒ
3240 4764 3409 4838 αὐτὸς
3449 4764 3773 4838 Σαμαρεύςῗ

2195 4837 2322 4891 Scio
2355 4839 2571 4904 quidem
2599 4834 2971 4890 Samaritanos
3004 4834 3129 4890 odio
3179 4835 3344 4890 fuisse
3380 4834 3624 4896 Judaris,’
3651 4845 3772 4888 tan-

2192 4923 2354 4976 quam
2381 4908 2622 4962 omnium
2654 4906 2930 4960 hominum
2962 4906 3305 4969 deterrimos,
3328 4906 3466 4976 adeo
3491 4916 3550 4959 ut
3574 4905 3768 4959 Sama-

2194 4974 2356 5032 ritani
2383 4991 2578 5033 nomen
2611 4977 2782 5030 instar
2809 4977 3112 5044 gravissimi
3153 4976 3367 5042 probri
3437 4974 3641 5030 Judzeis
3666 4976 3769 5028 ha-

2190 5046 2432 5102 beretur.
2470 5046 2662 5101 Verum
2697 5047 2785 5100 hic.
2813 5047 2878 5099 de
2911 5048 3086 5114 patria
3129 5045 3410 5099 Menandri
3441 5061 3620 5099 sermo
3659 5054 3763 5100 est.

2193 5118 2268 5170 De
2296 5118 2537 5172 moribus
2562 5126 2742 5170 autem
2780 5116 2922 5169 intra
2967 5117 3205 5186 loquitur
3238 5116 3519 5171 Eusebius.
3588 5117 3764 5170 Porro

2192 5187 2491 5241 Menander
2519 5190 2822 5241 Samarzeus
2859 5187 3076 5246 dicitur.
3112 5187 3299 5241 eodem
3357 5189 3514 5240 modo
3539 5201 3646 5255 quo
3672 5186 3762 5240 Si-

2192 5274 2316 5311 tnou
2351 5256 2658 5312 Somaneus
2684 5256 2985 5326 appellatur
3019 5273 3046 5309 a
3075 5255 3291 5310 Justino
3319 5257 3371 5309 in
3420 5257 3763 5326 Apologetico

2186 5337 2241 5380 ct
2275 5343 2302 5380 a
2338 5327 2616 5381 Clemente
2665 5327 2908 5396 inlibris
2956 5327 3410 5396 liecogniltonum,
3457 5327 3510 5381 id
3561 5336 3643 5380 est
3691 5341 3761 5379 ex

2188 5398 2464 5465 provincia
2497 5414 2590 5452 seu
2631 5398 2853 5464 regione
2887 5395 3153 5460 Samaria,
3193 5413 3295 5450 non
3338 5405 3515 5450 autem
3553 5411 3618 5449 ex
3647 5397 3762 5463 ipsa

2190 5469 2324 5521 urbe
2355 5466 2779 5521 Samaria.Nam
2820 5467 3006 5521 Simon
3034 5469 3250 5535 quidem
3282 5481 3346 5520 ex
3379 5469 3498 5520 vico
3522 5465 3758 5529 Gitthis;

2187 5537 2636 5608 Menanderkvero
2677 5553 2758 5608 ex,
2805 5535 3148 5608 Caparattea,
3179 5536 3288 5590 ἀπὸ
3323 5538 3521 5608 κῴμης
3564 5538 3763 5591 Καπα-

2191 5607 2442 5679 ραττέας.
2474 5606 2565 5660 Sic
2593 5607 2817 5679 enimin
2844 5607 3006 5679 Man,
3034 5607 3172 5661 Med.
3208 5621 3260 5662 et
3295 5606 3430 5679 Fuit.

2260 5679 2374 5747 (57)
2415 5679 2764 5751 Ἀθαναονίᾳνς
2789 5676 2984 5751 ἀίδιον
3005 5679 3303 5751 μεθέξειν.
3332 5678 3389 5734 In
3413 5678 3600 5737 codice
3619 5673 3755 5734 [θυι.

2191 5758 2245 5805 et
2273 5746 2447 5806 Savil.
2481 5749 2675 5817 legitur
2701 5746 3222 5816 dﬁavdatag'aiﬁlou.
