4140 6430
316 435 386 489 73
1281 437 1628 496 HISTORIA:
1672 435 2229 496 ECCLESlASTleE
2274 433 2399 488 LIB.
2443 432 2532 490 Ill.

3440 434 3544 488 27$

279 565 409 612 τους
446 551 703 622 σωτῆρας
743 552 1183 626 ἐπιγραψάμενοι
1247 556 1346 628 τῆς
1381 556 1614 629 ἀληθοῦς
1664 560 1861 612 ἀποπε-

1973 553 2320 613 mortalitate,
2371 566 2436 607 ac
2483 551 2551 607 de
2594 558 2936 606 mortuorum
2973 548 3371 604 resurrectione
3407 547 3544 601 ludi-

279 641 567 697 πτὼκασιν
603 644 832 710 ἐλπίδος.

784 942 1184 997 ΚΕΦᾹΛΑΙΟΝ
1238 946 1364 998 KZ'.

281 1032 427 1101 Περὶ
461 1033 572 1101 τῆς
599 1034 946 1088 Ἐϐιωναίων
969 1035 1249 1104 αΙρέσεως
1267 1035 1405 1104 (Nic.
1438 1033 1509 1089 Η.
1548 1035 1610 1088 Ε.
1643 1052 1725 1099 m,
1759 1035 1865 1103 l3).

361 1124 590 1188 Ἄλλους
611 1124 667 1177 δὲ
697 1125 724 1176 6
756 1124 992 1196 πονηρὸς
1012 1126 1222 1196 δαίμων
1244 1127 1342 1198 τῆς
1371 1127 1497 1196 περί
1524 1125 1614 1178 τὸν
1641 1126 1870 1197 Χριστὸν

277 1212 377 1267 τοῦ
415 1214 551 1267 Θεοῦ
594 1213 884 1278 διαθέσεως
934 1215 1210 1268 ἀδυνατῶν
1260 1217 1532 1277 ἐκσεῖσαι,
1569 1213 1867 1286 θατεραλή-

281 1322 455 1368 πτους
481 1305 593 1375 (58)
623 1303 819 1375 εὑρὼν,
849 1305 1247 1376 ὲσφετερίζετο.
1283 1304 1624 1368 Ἐϐιωναίους
1653 1305 1869 1369 τούτους

277 1394 499 1458 οἰκείως
529 1394 865 1466 ἐπεφήμιζον
887 1397 933 1447 οἱ
967 1396 1192 1466 πρῶτοι,
1227 1395 1455 1464 πτωχῶς
1476 1397 1568 1448 καὶ
1598 1395 1868 1458 ταπεινῶς

283 1487 348 1539 τὰ
381 1486 864 1558 περὶτούΧριστοῦ
882 1485 1219 1551 δοξάζοντας.
1249 1487 1406 1539 Att-5v
1465 1488 1562 1557 μὲν
1617 1487 1724 1559 γὰρ
1771 1488 1867 1540 αὐ-

276 1580 368 1633 τον
432 1579 525 1632 καὶ
596 1578 774 1632 κοινόν
823 1579 1095 1649 ἡγοῦντο,
1168 1578 1309 1632 κατά
1370 1581 1653 1652 προκοπὴν
1706 1580 1867 1652 ἤθους

279 1671 415 1724 αὐτὸ
453 1672 612 1742 μόνον
658 1670 944 1742 ἄνθρωπον
990 1670 1439 1741 δεδικαιωμένον,
1488 1671 1545 1736 ἐξ
1576 1671 1764 1742 ἀνδρός
1806 1689 1865 1725 τε

277 1765 566 1828 κοινωνίας
611 1765 705 1817 καὶ
751 1764 850 1834 τῆς
908 1765 1127 1836 Μαρίας
1179 1763 1602 1834 γεγεννημένον·
1658 1764 1764 1816 δεῖν
1811 1763 1865 1816 δὲ

277 1859 499 1920 πάντως
526 1857 708 1920 αὐτοῖς
735 1858 834 1927 τῆς
863 1857 1091 1926 νομικῆς
1133 1856 1450 1927 θρησκείας,
1485 1855 1560 1918 ὡς
1591 1854 1664 1926 μὴ
1690 1854 1754 1907 ἂν
1779 1854 1866 1907 διὰ

1976 648 2093 701 brio
2124 659 2396 713 exponere
2425 645 2681 700 omnibus
2721 643 2895 698 modis
2939 653 3250 696 conaretur.
3300 641 3406 697 Sed
3452 641 3540 694 isti

1973 737 2188 806 quidem
2220 734 2449 805 89qui
2490 731 2759 801 ejusmodi
2813 744 3124 786 servatores
3173 730 3274 784 sibi
3331 731 3540 786 ascive-

1974 839 2117 890 rant,
2148 841 2243 894 spe
2275 841 2418 880 verae
2445 824 2636 880 salutis
2669 823 2884 894 penitus
2914 824 3249 877 exciderunt.

2523 937 2749 993 CAPUT
2790 935 2999 990 XXVII.

2393 1030 2466 1084 De
2498 1029 2869 1085 Ebionworum
2907 1028 3113 1083 Itazresi.

2041 1121 2191 1176 Alios
2224 1137 2351 1177 vero
2385 1138 2521 1192 quos
2567 1123 2843 1175 ahamore
2867 1118 3066 1174 Christi
3111 1119 3374 1191 malignus
3431 1119 3540 1174 dae-

1971 1230 2096 1267 mon
2125 1215 2400 1267 dimovere
2431 1229 2536 1267 non
2569 1221 2838 1282 potuerat,
2877 1211 2981 1264 alia
3017 1227 3081 1264 ex
3111 1221 3258 1280 parte
3295 1211 3540 1265 inﬁrmos

1969 1320 2090 1360 esse
2131 1305 2568 1374 deprehendens,
2609 1304 2661 1355 in
2717 1303 2974 1356 ditionem
3008 1319 3162 1357 suam
3198 1304 3420 1372 redegit.
3475 1303 3536 1357 lli

1966 1402 2034 1455 ab
2063 1401 2304 1471 antiquis
2343 1397 2712 1469 cognominati
2742 1408 2867 1452 sunt
2899 1397 3137 1452 Ebionwi
3167 1436 3182 1460 ,
3215 1396 3417 1465 quippe
3448 1399 3537 1466 qui

1967 1499 2243 1552 humiliter
2271 1497 2559 1550 admodum
2589 1505 2750 1564 atque
2781 1493 2996 1565 ahjecte
3026 1495 3093 1548 de
3131 1493 3346 1548 Christo
3375 1495 3540 1548 senti-

1969 1600 2106 1645 rent.
2148 1592 2279 1644 Enm
2308 1590 2454 1644 enim
2491 1587 2791 1656 simplicem
2819 1601 2883 1642 ac
2913 1587 3218 1658 vulgarem.
3255 1601 3355 1641 nec
3395 1586 3538 1640 aliud

1965 1697 2125 1750 quam
2152 1681 2425 1734 hominem
2453 1693 2572 1734 esse
2590 1677 2911 1740 censebant,
2937 1677 3028 1748 qui
3063 1677 3308 1747 profectu
3360 1678 3535 1730 virtu-

1966 1776 2031 1828 tis
2061 1775 2248 1843 justus
2275 1772 2448 1826 factus
2478 1770 2669 1825 fuisset
2697 1786 2711 1835 ;
2751 1781 3007 1824 caeterum
3050 1784 3114 1823 ex
3144 1770 3244 1823 viri
3275 1785 3400 1823 cum
3434 1769 3540 1822 Ma-

1965 1868 2044 1919 ria
2071 1866 2364 1920 cmtcubitu
2421 1873 2793 1934 procreatum.
2834 1863 3005 1918 Porro
3036 1861 3172 1932 legis
3197 1863 3534 1940 observatio-

280 1950 453 2019 μόνης
501 1951 597 2019 τῆς
647 1951 728 2012 εἰς
773 1949 864 2002 τὸν
907 1948 1140 2021 Χριστὸν
1175 1948 1411 2010 πίστεως
1459 1948 1553 2000 καὶ
1600 1946 1692 2000 τοῦ
1741 1949 1859 2001 κατ’

1965 1975 2082 2014 nem
2107 1959 2209 2014 sibi
2237 1957 2458 2011 omnino
2495 1956 2863 2011 necessariam
2919 1954 3212 2018 ducebant,
3257 1938 3410 2022 quasi
3442 1969 3536 2024 per

277 2043 449 2113 αὑτὴν
491 2042 607 2112 βίου
655 2040 1074 2112 σωθησομένοις.
1126 2041 1310 2093 ΙἈλλοι
1357 2040 1413 2093 δὲ
1462 2040 1611 2112 παρὰ
1641 2039 1860 2104 τούτους

275 2136 378 2206 τῆς
412 2135 584 2206 αὐτῆς
620 2129 770 2198 ὅντες
812 2134 1201 2205 προσηγορίας,
1240 2133 1336 2204 τὴν
1374 2132 1472 2204 μὲν
1499 2132 1608 2186 τῶν
1641 2132 1862 2205 εἰρημέ-

275 2245 386 2279 νων
417 2227 643 2281 ἔκτοπον
683 2227 1050 2298 διεδίδρασκον
1082 2225 1330 2287 ἀτοπίαν,
1363 2226 1426 2278 ὲκ
1453 2223 1732 2296 Παρθένου
1768 2225 1860 2276 καὶ

274 2318 371 2372 τοῦ
397 2320 550 2387 ἁγίου
569 2318 706 2371 Πνεύ
716 2336 882 2388 ματος
905 2320 977 2388 μὴ
996 2316 1315 2389 ἀρνούμενοι
1340 2314 1719 2385 γεγονέναιτόν
1745 2315 1860 2368 K6—

278 2429 417 2481 ριον,
441 2413 502 2466 ού
523 2411 624 2482 μὴν
663 2412 737 2463 Eb’
765 2412 965 2482 ὁμοίως
985 2411 1079 2464 καὶ
1101 2406 1245 2464 οὗτοι
1279 2409 1652 2481 προϋπάρχειν
1675 2408 1855 2473 αὐτὸν,

274 2502 410 2554 θεὸν
442 2503 612 2572 Λόγον
634 2503 760 2555 ὄντα
783 2503 875 2556 καὶ
893 2503 1091 2571 Σοφίαν
1117 2501 1330 2574 Πατρὸς
1359 2499 1765 2571 ὁμολογοῦντες,
1793 2503 1858 2572 τῇ

273 2595 387 2648 τῶν
416 2595 693 2667 προτέρων
728 2591 1150 2668 περιετρέποντο
1175 2593 1481 2664 δυσσεϐεία,
1510 2592 1744 2664 μάλιστα
1771 2593 1859 2645 ὅτε

276 2689 374 2742 καὶ
411 2688 511 2758 τὴν
545 2689 860 2760 σωματικὴν
893 2689 1017 2760 περὶ
1054 2687 1145 2742 τὸν
1179 2687 1341 2759 νόμον
1377 2685 1630 2759 λατρείαν
1662 2685 1860 2757 ὁμοίως

276 2780 510 2842 ἐκείνοις
563 2780 844 2851 περιέπειν
893 2780 1244 2844 ἐσπούδαζον.
1300 2773 1458 2834 Οὗτοι
1511 2778 1567 2832 δὲ
1619 2777 1713 2832 τοῦ
1764 2779 1860 2848 μὲν

287 2871 614 2926 Ἀποστόλου
662 2872 840 2934 πάσας
863 2871 960 2935 τὰς
997 2871 1312 2928 Ἐπιστολάς
1336 2872 1608 2942 ἁρνητέας
1633 2869 1862 2940 ἡγοῦντο

277 2958 416 3016 εἶναι
440 2964 572 3024 δεῖ),
594 2962 904 3032 ἀποστάτην
936 2963 1335 3025 ἀποκαλοῦντες
1361 2961 1524 3016 αὑτὸν
1553 2961 1644 3014 τοῦ
1671 2964 1857 3032 νόμου,

276 3057 626 3126 Euan-8.1le
662 3055 717 3108 δὲ
757 3054 902 3127 μόνῳ
925 3055 1003 3123 τῷ
1034 3057 1164 3109 καθ’
1231 3055 1540 3124 Ἐϐραίους
1583 3053 1860 3126 λεγομένῳ

275 3147 572 3218 χρώμενοι,
605 3147 711 3200 τῶν
745 3147 944 3200 λοιπῶν
982 3148 1210 3220 σμικρὸν
1237 3149 1519 3203 ἐποιοῦντο
1543 3149 1720 3217 λόγον.
1753 3149 1864 3203 Καὶ

273 3241 336 3292 τὸ
372 3241 472 3311 μὲν
517 3239 790 3293 Σάϐϐατον
832 3239 925 3292 καὶ
962 3239 1060 3309 τὴν
1117 3241 1410 3312 Ἰουδαῖκὴν
1440 3241 1606 3311 ἄλλην
1639 3241 1860 3313 ἀγωγὴν

273 3330 476 3400 ὁμοίως
511 3329 738 3393 ἐκείνοις
775 3329 1207 3402 παρεφύλαττον,
1241 3334 1359 3394 ταῖς
1383 3331 1427 3384 δ’
1462 3327 1528 3385 αὖ
1555 3333 1860 3402 Κυριακαῖς

274 3423 513 3493 ἡμέραις
553 3425 682 3493 ἡμῖν
714 3423 781 3475 τά
824 3424 1184 3496 παραπλήσια
1229 3425 1308 3487 εἰς
1347 3424 1566 3495 μνήμην
1617 3425 1716 3495 τῆς
1762 3424 1854 3478 τοῦ

275 3517 482 3589 Κυρίου
549 3518 896 3582 ἀναστάσεως
956 3517 1262 3570 ἐπετέλουν.
1331 3516 1490 3569 Ὅθεν
1551 3515 1702 3590 παρά
1760 3517 1858 3588 τὴν

272 3609 532 3680 τοιαύτην
556 3608 868 3680 ἐγχείρησιν
890 3609 988 3678 τῆς
1017 3607 1229 3660 τοιᾶσδε
1268 3605 1555 3678 λελόγχασι
1585 3623 1856 3677 προσηγο-

276 3701 421 3771 ρίας,
468 3699 563 3753 τοῦ
628 3700 952 3752 Ἐὁιωναίων
1002 3698 1295 3768 ὀνόματος,
1334 3699 1433 3768 τὴν
1476 3698 1574 3768 τῆς
1621 3697 1855 3760 διανοίας

275 3790 547 3861 πτωχείαν
580 3790 686 3859 (59)
720 3788 898 3842 αὐτῶν
929 3789 1334 3858 ὑποφαίνοντος.
1370 3787 1552 3857 Ταύτῃ
1587 3789 1694 3858 γὰρ
1740 3788 1858 3840 ἐπί-

274 3883 408 3953 κλην
441 3884 469 3935 6
511 3883 720 3952 πτωχὸς
750 3883 878 3952 παρ’
927 3881 1199 3955 Ἑϐραίοις
1227 3881 1568 3951 ὀνομάζεται.

781 3993 1178 4047 ΚΕΦΑΛΑΙΟΝ
1215 3992 1352 4046 κη’.

273 4090 410 4154 Περὶ
431 4086 842 4155 Κηρίνθουτοῦ
863 4084 1250 4153 αἱρεσιὰρχου
1277 4083 1417 4155 (Nic.
1447 4082 1514 4138 H.
1548 4083 1613 4138 E.
1638 4099 1717 4150 ttt,
1742 4084 1850 4155 M).

343 4177 501 4232 Κατὰ
527 4177 653 4240 τοὺς
677 4176 1074 4247 δεδηλωμένους
1103 4175 1347 4246 χρόνους,
1377 4174 1567 4246 ἑτέρας
1596 4177 1856 4248 αἱρέσεως

273 4269 515 4339 ἀρχηγὸν
544 4266 794 4337 γενέσθαι
827 4266 1100 4339 Κήρινθον
1132 4266 1565 4338 παρειλήφαμεν.
1600 4268 1776 4332 Γάϊος,
1796 4262 1856 4321 οὗ

274 4359 458 4427 φωνὰς
484 4357 582 4429 ἤδη
627 4359 888 4429 πρότερον
923 4356 1344 4428 παρατέθειμαι,
1377 4359 1435 4409 ὲν
1478 4360 1542 4428 τῇ
1581 4358 1858 4432 φερομένῃ

272 4447 438 4503 αὑτοῦ
464 4447 743 4516 Ζητήσει,
774 4447 945 4502 ταῦτα
990 4449 1120 4519 περὶ
1159 4447 1324 4500 αὑτοῦ
1354 4447 1584 4520 γράψει’
1627 4468 1645 4500 ι
1696 4451 1856 4504 Ἀλλά

273 4548 368 4599 καὶ
405 4545 675 4617 Κήρινθος
710 4547 739 4598 ὁ
784 4546 852 4598 δι’
885 4543 1281 4614 ἀποκαλύψεων
1312 4543 1386 4604 ὼς
1418 4542 1522 4596 ὑπὸ
1559 4541 1854 4597 ἀποστόλου

1961 2051 2130 2106 solam
2161 2051 2214 2104 in
2246 2049 2521 2104 Christum
2557 2049 2739 2111 ﬁdem,
2786 2048 3060 2116 vitamque
3091 2062 3156 2102 ex
3191 2060 3252 2101 ea
3293 2047 3396 2100 tide
3425 2054 3533 2098 tra-

1962 2145 2201 2209 ductam,
2226 2141 2454 2198 salutem
2483 2140 2740 2210 consequi
2772 2155 2875 2194 non
2913 2139 3174 2194 valerent.
3197 2138 3298 2193 Alii
3333 2138 3402 2192 ab
3429 2137 3533 2200 bis,

1962 2238 2149 2292 eodem
2181 2235 2398 2290 nomine
2449 2235 2766 2302 nuncupati,
2810 2235 3100 2288 absurdam
3127 2235 3368 2302 priorum
3406 2246 3537 2286 sett—

1965 2331 2188 2386 tentiam
2225 2327 2574 2397 refugientes.
2601 2326 2877 2382 Christum
2910 2326 3128 2396 quidem
3156 2340 3221 2380 ex
3269 2323 3492 2393 Virgine
3515 2363 3532 2388 ,

1962 2433 2013 2478 ct
2037 2439 2099 2475 ex
2135 2421 2335 2490 Spiritu
2364 2429 2551 2474 sancto
2586 2419 2825 2488 genitum
2883 2434 3003 2472 esse
3035 2432 3140 2472 non
3175 2425 3406 2488 negant:
3440 2416 3533 2471 sed

1963 2514 2127 2567 iidem
2155 2512 2508 2566 nihilominus
2537 2526 2658 2564 cum
2688 2509 2962 2565 Christum
2992 2518 3177 2579 utpote
3208 2508 3372 2562 Deum
3399 2506 3535 2563 Ver-

1963 2605 2086 2659 bum
2127 2619 2188 2656 ac
2211 2602 2549 2673 Sapientiam
2575 2603 2758 2658 Patris
2807 2611 2937 2656 ante
2988 2601 3172 2656 omnia
3224 2599 3535 2654 substitisse

1962 2695 2183 2749 minime
2213 2694 2504 2759 fateantur,
2529 2695 2582 2749 in
2607 2694 2851 2750 eamdem
2882 2707 3004 2747 cum
3036 2691 3533 2762 prioribusimpie-

1965 2798 2127 2842 talem
2158 2787 2361 2858 delapsi
2395 2796 2521 2842 sunt
2555 2806 2570 2843 :
2608 2798 2730 2840 cum
2760 2785 3062 2854 praesertim
3092 2782 3408 2854 corporales
3454 2784 3534 2838 Ie-

1961 2880 2042 2952 gis
2070 2879 2316 2935 Mosaicae
2361 2880 2741 2947 caeremonias,
2781 2878 3006 2949 perinde
3049 2892 3112 2932 ac
3167 2877 3242 2931 illi
3283 2884 3535 2931 accurate

1962 2972 2291 3026 custodiant.
2351 2969 2416 3024 Hi
2481 2969 2751 3039 Epistolas
2810 2972 3024 3040 quidem
3092 2970 3243 3026 Pauli
3310 2984 3534 3039 prorsus

1963 3064 2288 3134 rejieiendas
2319 3080 2440 3120 esse
2476 3067 2799 3128 censebant,
2836 3066 3166 3120 desertorem
3205 3062 3354 3118 illum
3400 3061 3536 3131 legis

1962 3167 2216 3212 vocantes
2251 3157 2456 3213 :solum
2485 3168 2665 3214 autem
2699 3157 3043 3228 Evangelinm
3073 3156 3236 3221 illud,
3284 3156 3424 3225 quod
3457 3171 3537 3209 se-

1963 3256 2193 3305 cundum
2228 3249 2477 3306 Hebraeos
2518 3251 2740 3318 dicitur,
2779 3249 3056 3319 amplexi.
3123 3249 3327 3317 reliqua
3383 3247 3534 3318 parvi

1964 3344 2263 3400 faciebant.
2300 3344 2364 3398 Et
2388 3343 2685 3400 Sabbatum
2718 3345 2934 3414 quidem
2993 3341 3240 3410 aliosque
3282 3337 3536 3395 Iudaicos

1965 3437 2100 3492 ritus
2121 3452 2228 3493 non
2264 3450 2424 3490 secus
2445 3451 2508 3490 ac
2536 3434 2704 3490 Judaei
2735 3435 3120 3490 observabant.
3183 3429 3380 3486 Diebus
3405 3443 3537 3484 vero

1967 3527 2258 3596 Dominicis
2294 3529 2482 3582 eadem
2517 3541 2638 3596 quae
2670 3541 2770 3582 nos
2818 3527 2873 3581 in
2911 3525 3226 3580 memoriam
3283 3535 3529 3578 resurre-
3599 3521 3604 3526 ’

1962 3619 2161 3675 etionis
2189 3619 2399 3674 Domini
2430 3619 2784 3690 peragebant.
2818 3615 2988 3686 Cujus
3041 3614 3116 3669 rei
3168 3628 3330 3669 causa
3375 3611 3535 3668 ΕΙ)Ῑο-

1964 3726 2200 3766 naeornm
2229 3726 2531 3782 cognomen
2579 3709 2758 3766 sortiti
2814 3717 2978 3768 sunt.
3026 3721 3134 3777 quo
3169 3703 3538 3773 intelligentiae

1965 3799 2176 3854 illorum
2213 3801 2388 3872 inapia
2427 3800 2561 3856 satis
2624 3801 2910 3856 indicatur.
2962 3797 3055 3852 Sic
3092 3797 3237 3870 enim
3300 3794 3536 3850 mendici

1964 3891 2101 3961 apud
2136 3890 2394 3947 Hebraeos
2423 3903 2713 3947 vocantur.

2492 4004 2721 4061 CAPUT
2760 4001 2998 4058 XXV’lll.

2383 4095 2460 4150 De
2493 4095 2739 4151 Cerintho
2773 4093 3144 4148 Itwresiarcha.

2034 4189 2232 4244 Eadem
2254 4197 2576 4260 tempestate
2599 4186 2822 4241 alterius
2840 4183 3060 4240 haeresis
3077 4191 3353 4240 auctorem
3378 4182 3540 4237 fuisse

1963 4281 2282 4335 Cerintltnm
2311 4281 2644 4350 accepimus.
2669 4279 2744 4333 De
2769 4292 2882 4346 quo
2908 4275 3072 4332 Caius
3123 4276 3167 4331 is
3194 4275 3349 4346 cujus
3378 4275 3538 4328 verba

1964 4373 2221 4441 superius
2254 4372 2411 4443 100
2439 4371 2747 4442 retulimus,
2771 4370 2887 4425 haec
2922 4370 2978 4424 in
3023 4366 3389 4437 Disputatione
3443 4382 3537 4420 sua

1965 4466 2184 4519 scribit:
2207 4483 2224 4514 ι
2252 4463 2354 4520 Sed
2387 4474 2440 4519 et
2469 4463 2781 4528 Cerinthus,
2826 4461 3022 4532 inquit,
3061 4475 3160 4529 per
3187 4459 3542 4516 revelationes

1969 4555 2233 4624 quasdam
2263 4569 2290 4606 a
2323 4569 2382 4610 se
2417 4564 2678 4625 tanquam
2709 4571 2738 4608 a
2773 4567 2970 4621 magno
3020 4552 3256 4622 quodam
3299 4549 3542 4620 apostolo

276 4638 513 4710 μεγάλου
568 4637 987 4709 γεγραμμένων,
1044 4635 1428 4707 τερατολογίας
1484 4635 1616 4706 ἡμῖν
1668 4634 1744 4698 ὡς
1792 4635 1857 4688 δι’

1965 4645 2330 4716 conscriptas,
2362 4654 2616 4716 portenta
2645 4641 2894 4713 quaedam
2923 4641 3081 4712 quasi
3107 4642 3175 4695 ab
3207 4640 3413 4709 angelis
3439 4639 3542 4696 sibi

271 4731 520 4798 ἀγγέλων
550 4729 696 4801 αύτῷ
721 4729 1064 4799 δεδειγμένας
1085 4727 1433 4797 ψευδόμενος,
1463 4727 1745 4796 ἐπεισάγει
1771 4727 1858 4780 λέ-

271 4840 404 4890 γων,
437 4822 574 4892 μετά
607 4823 703 4894 τὴν
731 4822 1024 4875 ἀνάστασιν
1050 4821 1289 4888 ἐπίγειον
1329 4814 1467 4872 εἶναι
1494 4819 1556 4872 τὸ
1592 4819 1862 4888 βασίλειον

270 4915 364 4968 τού
404 4913 663 4986 Χριστοῦ,
711 4914 806 4968 καὶ
851 4914 1011 4968 πάλιν
1044 4912 1361 4982 ἐπιθυμίαις
1411 4911 1505 4965 καὶ
1559 4911 1772 4982 ἡδοναῖς
1805 4913 1864 4965 ὲν

285 5006 638 5078 Ἰερουσαλὴμ
662 5007 761 5078 τὴν
785 5007 961 5078 σάρκα
985 5005 1403 5077 πολιτευομένην
1431 5003 1721 5060 δουλεύειν.
1752 5006 1862 5058 Καὶ

274 5097 466 5170 ἐχθρὸς
503 5100 762 5170 ὑπάρχων
793 5102 912 5162 ταῖς
946 5099 1188 5168 Γραφαῖς
1209 5097 1303 5151 τοῦ
1338 5095 1495 5161 Θεοῦ,
1525 5096 1755 5167 ἀριθμὸν
1781 5115 1862 5167 χι-

274 5190 606 5255 λιονταετίας
630 5192 687 5244 ἐν
707 5190 872 5262 γάμῳ
898 5189 1112 5261 ἑορτῆς,
1137 5188 1308 5242 θέλων
1332 5187 1538 5258 πλανᾷν
1555 5187 1689 5256 (40),
1710 5187 1860 5256 λέγει

347 5399 461 5469 (58)
490 5398 1004 5468 Θατεραλήπτους.
1043 5397 1190 5454 Nova
1220 5399 1404 5463 dictio,
1430 5415 1495 5454 ex
1521 5399 1732 5453 dnahns
1779 5401 1862 5454 itt-

278 5470 471 5523 solettti
499 5473 892 5538 rompositione
913 5480 1216 5539 compacta.
1247 5470 1390 5525 Idem
1431 5471 1576 5526 enim
1613 5480 1698 5525 est
1729 5488 1794 5525 ae
1821 5473 1864 5526 si

280 5541 518 5613 dicerent
557 5540 763 5613 θατέρᾳ
793 5539 1051 5613 ληπτούς.

350 5610 459 5680 (59)
493 5611 601 5664 Τοῦ
640 5609 987 5664 Ἐϐὶωναίων
1026 5613 1316 5682 ὀνόματος
1346 5609 1460 5678 τὴν
1474 5610 1584 5679 τῆς
1600 5609 1870 5677 διανοίας

278 5683 598 5748 πτωχείαν.
632 5683 776 5735 Idem
803 5683 995 5735 srribit
1018 5682 1285 5750 Origenes
1317 5683 1366 5735 in
1405 5684 1498 5736 lib.
1526 5697 1575 5735 tv
1609 5683 1682 5733 De
1714 5683 1868 5748 prin-

279 5753 475 5824 ςῑρὶιδτ
660 5751 1039 5821 ἐλαμϐάνομεν
1097 5753 1271 5824 ταῦτα
1325 5751 1401 5816 ὼς
1450 5753 1500 5824 oi
1537 5752 1745 5824 πτωχοὶ
1781 5754 1868 5824 ,τῇ

279 5821 486 5894 διανοίᾳ
521 5823 846 5894 Ἑϐιωναῖοι,
880 5826 980 5892 τῆς
1028 5823 1301 5894 πτωχείας
1326 5823 1719 5894 γτῆςγδιανοίας
1776 5821 1872 5894 ex:

283 5891 487 5961 ὠιυμοι
509 5910 520 5922 '
555 5891 764 5948 Ἐσίων
792 5893 901 5960 γὰρ
920 5891 948 5946 6
975 5891 1186 5959 πτωχὸς
1208 5893 1338 5947 παρ’
1369 5891 1641 5956 Ἑϐραίοις
1669 5893 1867 5955 όνομέιο

1967 4748 2183 4791 ostensa
2210 4744 2554 4791 commentus
2588 4735 2745 4789 nobis
2791 4731 3102 4795 introducit,
3128 4729 3402 4785 aiIirmans
3423 4740 3546 4801 post

1967 4826 2423 4882 resurrectionem
2457 4840 2682 4896 regnum
2711 4823 2910 4878 Christi
2970 4823 3021 4877 in
3072 4823 3231 4878 terris
3259 4821 3498 4877 futurum
3527 4861 3542 4883 ,

1967 4931 2030 4972 ac
2057 4933 2249 4974 rursus
2292 4919 2545 4973 homines
2581 4915 2969 4987 Hierosolymis
2993 4915 3249 4984 degentes
3288 4915 3546 4986 cupidita-

1966 5009 2108 5064 tibus
2133 5020 2188 5066 et
2221 5011 2482 5081 voluptati
2525 5009 2778 5078 corporis
2801 5007 3074 5064 obnoxios
3109 5007 3244 5061 fore.
3280 5007 3546 5076 Addilque

1967 5100 2138 5157 hostis
2164 5102 2256 5159 ille
2283 5103 2598 5158 divinarum
2629 5102 3070 5168 Scripturarum,
3098 5099 3246 5154 mille
3279 5115 3546 5154 annorum

1965 5195 2200 5263 spatium
2241 5195 2293 5248 in
2358 5194 2688 5262 nuptialibus
2739 5191 2894 5246 festis
2927 5197 3266 5246 transactum
3299 5191 3387 5254 iri,
3443 5207 3548 5258 quo

1972 5401 2147 5481 ςεται.
2189 5399 2353 5451 Ὥστε
2383 5394 3294 5481 ὑπολαϐεῖνὶὲπὶντοὺς.σαρκίνομς
3339 5395 3534 5481 Ἰσραηι

1965 5472 2119 5535 λίτας
2176 5469 2604 5542 προηγουμένως
2650 5465 3021 5542 τὸν-Χριστόν
3070 5465 3548 5535 ἐπιδεδημηκέναι.

1967 5542 2144 5596 Porro
2176 5539 2235 5594 in'
2265 5539 2455 5595 cediCe
2477 5541 2618 5594 Maz.
2651 5556 2715 5592 ac
2755 5539 2898 5594 Med.
2926 5539 2977 5592 id
3011 5551 3205 5592 nomen
3247 5550 3370 5588 cum
3397 5551 3549 5603 aspe-

1969 5628 2030 5666 ro
2059 5612 2252 5681 spiritu
2285 5611 2649 5681 perscriptum
2682 5619 2788 5672 est,
2828 5607 3085 5681 tnm_ltoc
3144 5606 3216 5681 in_
3248 5605 3386 5681 loco,
3442 5615 3551 5681 turn

1970 5682 2024 5734 in
2056 5675 2198 5736 li'bro
2228 5675 2404 5745 se'xto,
2449 5675 2543 5735 ubi
2597 5681 2778 5750 agitur
2824 5680 2893 5734 de
2940 5677 3298 5749 Symmacho,
3336 5675 3550 5731 Veteris

1968 5751 2300 5806 'l‘estamenti
2341 5752 2653 5817 interprete.

2042 5821 2156 5894 (Ml)
2188 5821 2392 5876 Θέλων
2416 5815 2683 5886 πλανᾶν.
2719 5819 2972 5890 Σπλανᾷν
3013 5818 3067 5872 in
3107 5817 3348 5894 editione
3406 5815 3549 5873 Rob.

1971 5888 2232 5953 Stephani
2267 5893 2455 5949 nescio
2478 5908 2585 5951 uno
2612 5907 2742 5948 casu
2764 5888 3027 5946 excus‘um
3060 5899 3167 5946 est.
3203 5888 3374 5946 Oucm
3406 5899 3546 5943 tvm.
