4140 6430
545 426 654 482 275
1252 425 1524 485 EUSEBII
1560 428 2045 488 C£SARIENSIS
2083 431 2235 488 OPP.
2277 430 2456 487 PARS
2493 431 2532 487 Ι.
2572 461 2642 474 --
2678 428 3069 487 HISTORICA.
3682 428 3794 483 276

518 538 519 541 “
548 547 764 604 [acilius
784 548 1064 618 imperitos
1079 546 1329 607 homines
1344 551 1596 621 decipiat.
1619 571 1639 606 ι
1659 553 1970 621 Quinetiam
1991 554 2113 611 Dio-

2218 555 2479 625 γίνεσθαι.
2522 573 2542 606 ι
2591 553 2700 608 Καὶ
2725 552 2999 617 Διονύσιος
3044 550 3122 616 δὲ,
3167 551 3197 605 ό
3227 549 3328 622 τῆς
3365 550 3485 605 κατ’
3542 549 3793 614 Ἀλεξάνο

550 642 757 714 nysius,
786 642 879 712 qui
902 652 1088 698 nostra
1118 651 1283 698 aetate
1308 643 1690 700 Alexandrinae
1727 646 1979 702 Ecclesiae
2001 646 2116 717 epi-

549 748 749 805 scopus
776 734 899 800 fuit,
941 735 994 789 in
1034 735 1273 791 secundo
1317 735 1390 790 De
1440 737 1876 805 promissionibus
1928 738 2070 793 libro
2097 779 2115 806 ,

547 838 830 899 postquam
866 827 1121 883 nonnulla
1149 828 1214 882 de
1253 826 1482 885 Joannis
1540 830 1888 887 Revelatione
1926 847 1990 886 ex
2026 848 2113 887 ve-

553 923 652 975 teri
689 919 947 979 Ecclesiae
1002 930 1298 986 traditione
1353 932 1535 997 dixit,
1596 933 1836 1000 ejusdem
1871 932 2115 988 Cerinthi

553 1015 883 1071 mentionem
924 1017 1053 1074 facit
1093 1021 1178 1077 his
1206 1023 1387 1078 verbis
1420 1044 1433 1079 :
1471 1041 1491 1077 ι
1515 1023 1828 1078 Cerinthum
1856 1040 2004 1091 vero,
2034 1026 2117 1078 in-

548 1106 685 1175 quit,
734 1110 824 1178 qui
859 1112 1108 1167 haeresim
1158 1114 1301 1169 illam
1352 1132 1473 1186 quae
1515 1117 1584 1171 ab
1611 1116 1725 1186 ipso
1765 1116 2113 1171 Cerintbiana

547 1204 926 1269 cognominata
959 1214 1042 1259 est
1071 1204 1523 1276 condidit,[_ainnt
1577 1223 1701 1263 eum
1728 1208 1927 1263 librum
1960 1224 2113 1263 com-

549 1290 796 1358 posuisse
823 1337 839 1360 ,
874 1293 1044 1349 indito
1077 1292 1304 1351 Joannis
1334 1301 1549 1352 nomine
1573 1298 1621 1369 ,J
1651 1299 1776 1352 dum
1815 1297 2113 1352 auctorita-

548 1388 653 1435 tem
683 1382 952 1453 ﬁgmentis
1001 1386 1115 1440 suis
1147 1402 1211 1440 ex
1238 1385 1465 1443 Joannis
1494 1388 1710 1443 nomine
1736 1389 1967 1442 mutuari
1998 1390 2114 1444 vel-

546 1472 640 1531 let.
674 1474 798 1529 litec
821 1478 967 1531 enim
997 1476 1258 1534 fuitillius
1290 1480 1496 1550 opinio,
1531 1494 1751 1551 regnum
1779 1479 1977 1535 Christi
2011 1491 2116 1535 ter-

546 1580 737 1619 renum
768 1564 1035 1629 futurtuu.
1068 1570 1133 1625 Et
1163 1586 1389 1641 quarum
1421 1587 1600 1626 rerum
1649 1572 1945 1643 cupiditate
2002 1572 2117 1643 ipse

542 1656 848 1728 ﬂagrabat,
899 1672 1082 1732 utpote
1138 1664 1505 1734 voluptatibus
1548 1665 1797 1732 corporis
1850 1664 2116 1718 obnoxius

486 1802 495 1813 ,
544 1753 807 1821 carnique
862 1755 1151 1821 addictus,
1186 1756 1238 1809 in
1276 1757 1342 1809 iis
1386 1771 1608 1825 regnum
1654 1754 1745 1810 Dei
1786 1756 1946 1810 situm
2002 1754 2117 1810 fore

544 1845 862 1910 somniavit,
892 1847 944 1899 in
982 1848 1209 1912 ventris,
1247 1857 1295 1900 et
1329 1862 1515 1902 earum
1548 1861 1668 1915 quae
1694 1844 1834 1899 infra
1874 1855 2111 1899 ventrem

545 1940 693 1997 sunt,
729 1934 962 2004 partium
1002 1934 1262 2005 explenda
1293 1934 1560 1990 libidine:
1598 1936 1701 1990 hoc
1750 1944 1835 1989 est
1884 1936 1935 1989 in
1988 1938 2111 1990 cibo

543 2033 600 2077 et
628 2036 780 2092 potu,
833 2039 898 2079 ac
935 2027 1157 2096 nuptiis,
1192 2037 1354 2097 atque
1387 2036 1445 2080 ut
1492 2027 1793 2082 honestiori
1851 2028 2112 2081 vocabulo

542 2116 808 2191 ejusmodi
838 2117 1144 2188 voluptates
1165 2119 1405 2183 velaret,
1455 2117 1507 2171 in
1539 2116 1694 2171 festis
1726 2126 1779 2171 et
1826 2117 2112 2171 sacriﬁciis

543 2220 599 2266 et
622 2211 921 2275 hostiarum
944 2212 1382 2269 mactationibus.
1428 2228 1448 2263 ι
1483 2210 1607 2265 llaec
1635 2210 1946 2281 Dionysius.
2002 2208 2113 2263 lre-

543 2318 693 2359 meus
726 2318 856 2358 vero
884 2303 938 2359 in
965 2306 1142 2376 primo
1172 2305 1435 2360 Adversus
1481 2305 1704 2359 literae:
1752 2304 1888 2358 libro
1932 2319 2111 2357 scere

544 2396 681 2450 tiora
711 2398 956 2467 qumdam
981 2399 1217 2467 ejusdem
1246 2398 1501 2469 ﬁgmenta
1553 2403 1962 2452 commemorat.
2002 2393 2109 2449 Sed

540 2499 597 2542 et
625 2488 677 2542 in
708 2491 871 2544 tertio
899 2491 1038 2546 libro
1071 2491 1355 2547 historiam
1392 2491 1681 2561 quamdam
1711 2487 1870 2558 plane
1895 2486 2110 2556 dignam

542 2596 662 2648 qua}
687 2582 961 2636 memorize
992 2584 1298 2647 mandetur,
1323 2582 1540 2652 scriptis
1571 2578 1830 2650 prodidit.
1856 2576 1944 2631 Ait
1969 2577 2108 2631 enini

544 2674 619 2729 ita
647 2689 705 2729 se
735 2689 763 2727 a
793 2673 1099 2745 Polycarpo
1147 2675 1442 2745 accepisse,
1474 2672 1737 2728 Joannem
1768 2669 2069 2741 apostolum
2096 2711 2110 2729 .

541 2780 663 2820 cum
691 2765 981 2835 aliquando
1009 2766 1060 2820 in
1087 2765 1338 2819 balneum
1371 2764 1582 2819 lavandi
1612 2777 1774 2818 causa
1808 2760 2110 2827 introisset,

540 2863 596 2908 et
625 2854 940 2909 Corinthum
993 2855 1139 2910 intus
1178 2870 1300 2911 esse
1332 2853 1632 2916 didicisset,
1682 2851 1869 2907 statim
1922 2866 1991 2905 ex
2044 2865 2110 2904 eo

544 2945 664 3001 loco
693 2945 818 3019 fuga
849 2962 910 3003 se
943 2947 1303 3017 proripuisse,
1351 2963 1475 3003 cum
1513 2961 1580 3002 ne
1635 2953 1835 3000 tectmn
1890 2944 2109 3013 quidem

545 3037 687 3092 idem
720 3053 842 3093 cum
865 3038 1127 3094 Cerintho
1147 3039 1332 3095 subire
1351 3039 1647 3094 sustineret
1670 3055 1685 3104 ;
1726 3038 2114 3105 hortatumque

2216 648 2399 721 δρειαν
2423 647 2713 718 παροικίας
2749 645 2869 700 καθ’
2907 647 3055 717 ἡμᾶς
3081 644 3179 716 τὴν
3210 645 3512 716 ἐπισκοπὴν
3538 642 3792 713 εἰληχὼς,

2218 741 2277 792 ὲν
2296 740 2530 812 δευτέρῳ
2550 740 2687 808 Περὶ
2708 736 3204 809 τῶν-ἐπαγγελιῶν
3221 737 3328 809 (41)
3347 754 3411 790 πε
3419 737 3473 809 ρὶ
3486 737 3586 807 τῆς
3614 735 3795 789 Ἰωάν-

2215 847 2305 883 νου
2350 830 2764 900 Ἀποκαλύψεως
2814 828 2981 883 εἰπών
3011 846 3130 883 τινα
3169 829 3244 892 ὠς
3289 830 3352 881 ἐκ
3399 829 3498 899 τῆς
3529 827 3793 882 ἀνέκαθεν

2217 924 2585 995 παραδόσεως,
2612 922 2704 977 τοῦ
2736 922 2894 975 αὑτοῦ
2937 921 3207 993 μέμνηται
3232 920 3422 993 ἀνδρὸς
3461 920 3669 983 τούτοις
3698 922 3793 991 ῥή-

2221 1032 2383 1086 μασι·
2419 1034 2436 1066 ι
2479 1014 2744 1087 Κήρινθον
2777 1013 2857 1076 δὲ,
2891 1012 2981 1066 τὸν
3021 1013 3116 1067 καὶ
3153 1012 3254 1085 τὴν
3289 1013 3386 1065 ἀπ’
3413 1012 3621 1066 ἐκείνου
3659 1013 3796 1082 κληο

2218 1105 2402 1159 θεῖσαν
2442 1105 2811 1177 Κηρινθιανὴν
2849 1105 3058 1177 αἵρεσιν
3094 1106 3532 1176 συστησάμενον,
3576 1105 3792 1171 ἀξιόπι-

2219 1212 2340 1249 στον
2369 1196 2697 1267 ἐπιφημίσαι
2726 1195 3024 1266 θελήσαντα
3052 1195 3161 1267 (42)
3186 1196 3262 1267 τῷ
3289 1196 3481 1249 ἑαυτοῦ
3510 1195 3792 1267 πλάσματι

2216 1287 2386 1359 ὄνομα
2410 1303 2423 1316 ·
2464 1287 2623 1341 τοῦτο
2664 1286 2773 1359 γὰρ
2813 1282 2951 1341 εἶναι
2988 1288 3087 1358 τῆς
3131 1288 3476 1352 διδασκαλίας
3518 1289 3683 1343 αὑτοῦ
3732 1289 3794 1342 τὸ

2214 1378 2411 1450 δόγμα,
2444 1379 2683 1447 ἐπίγειον
2718 1379 2937 1433 ἔσεσθαι
2966 1380 3064 1451 τὴν
3097 1379 3191 1432 τοῦ
3223 1380 3456 1452 Χριστοῦ
3493 1380 3795 1449 βασιλείαν⁸

2216 1472 2311 1525 καὶ
2372 1463 2446 1524 ὧν
2488 1471 2648 1534 αὐτὸς
2691 1470 2947 1541 ὠρέγετο,
2976 1470 3348 1542 φιλοσώματος
3394 1470 3469 1525 ὢν
3508 1473 3601 1525 καὶ
3647 1472 3792 1525 πάνυ

2216 1563 2503 1635 σαρκικδς,
2542 1564 2599 1617 ὲν
2627 1562 2837 1627 τούτοις
2876 1565 3235 1635 ὀνειροπολεῖν
3278 1564 3515 1635 ἔσεσθαι,
3554 1565 3795 1635 γαστρὸς

2216 1658 2312 1711 καὶ
2349 1656 2454 1710 τῶν
2503 1657 2607 1709 ὑπὸ
2646 1656 2889 1726 γαστέρα
2920 1657 3265 1728 πλησμονῶν,
3305 1655 3551 1711 τουτέστι
3601 1656 3793 1721 σιτίοις

2218 1747 2312 1800 καὶ
2348 1749 2547 1811 ποτοῖς,
2580 1748 2673 1801 καὶ
2705 1747 2922 1818 γάμοις,
2951 1749 3043 1801 καί
3072 1748 3140 1800 δι’
3160 1742 3234 1801 ὧν
3267 1747 3639 1818 εὐφημότερον
3676 1745 3790 1816 (45)

2217 1842 2387 1896 ταῦτα
2418 1842 2568 1915 ᾠήθη
2594 1843 2921 1915 ποριεῖσθαι,
2953 1846 3188 1915 ἑορταῖς,
3219 1842 3312 1897 καὶ
3338 1843 3570 1905 θυσίαις,
3595 1841 3691 1895 καὶ
3711 1843 3791 1893 te-

2220 1935 2377 2008 ρείων
2406 1940 2657 2005 σφαγαῖς.
2710 1956 2728 1987 ι
2765 1935 2951 1990 Ταῦτα
2981 1935 3271 2000 Διονύσιος.
3324 1934 3385 1988 ’0
3417 1935 3473 1988 δὲ
3504 1934 3793 2006 Εἰρηναῖος

2219 2030 2661 2102 ἀπορρητοτέρας
2699 2031 2761 2102 δή
2806 2047 2957 2095 τινας
2998 2030 3091 2083 τοῦ
3138 2027 3304 2082 αὐτοῦ
3348 2026 3691 2098 ψευδοδοξίας
3731 2028 3792 2079 ὲν

2219 2117 2418 2188 πρώτῳ
2450 2118 2839 2189 συγγράμματι
2885 2117 2993 2171 τῶν
3022 2118 3177 2186 Πρὸς
3194 2118 3301 2185 τὰς
3330 2119 3590 2186 αἱρέσεις
3622 2134 3793 2189 προσ⁴

2220 2208 2334 2272 θεὶς
2374 2208 2505 2278 (44),
2556 2211 2615 2262 ὲν
2640 2209 2718 2281 τῷ
2754 2211 2923 2281 τρίτῳ
2962 2211 3055 2264 καὶ
3097 2210 3331 2282 ἱστορίαν
3361 2212 3460 2264 οὐκ
3502 2210 3659 2277 ἀξίαν
3689 2213 3790 2284 λή·

2224 2297 2323 2368 οης
2363 2301 2430 2370 τῇ
2467 2302 2649 2372 γραφῇ
2690 2300 3029 2371 παρέδωκεν,
3072 2299 3149 2364 ὡς
3191 2301 3255 2354 ὲκ
3298 2301 3648 2372 παραδόσεως
3684 2304 3792 2355 Πο-

2219 2390 2521 2464 λυκάρπου,
2547 2393 2772 2461 φάσκων
2811 2393 3060 2464 Ἰωάννην
3089 2394 3178 2447 τὸν
3208 2394 3503 2448 ἀπόστολον
3531 2396 3793 2448 εἰσελθεῖν

2220 2501 2350 2537 ποτε
2388 2486 2446 2537 ὲν
2480 2485 2764 2557 βαλανείῳ,
2799 2485 2938 2540 ὥστε
2979 2487 3291 2550 λούσασθαι,
3322 2487 3516 2556 γνόντα
3556 2486 3610 2539 δὲ
3646 2487 3792 2540 ἔνδον

2217 2575 2344 2629 ὅντα
2373 2576 2464 2630 τὸν
2512 2577 2815 2649 Κήρινθον,
2860 2578 3206 2649 ἀποπηδῆσαί
3249 2595 3307 2630 τε
3353 2576 3446 2630 τοῦ
3488 2576 3650 2631 τόπου
3696 2578 3793 2630 καὶ

2218 2670 2474 2739 ἐκφυγεῖν
2506 2668 2726 2742 θύραζε,
2759 2670 2880 2741 μηδ’
2911 2669 3279 2741 ὑπομείναντα
3330 2669 3429 2741 τὴν
3455 2668 3619 2739 αὐτὴν
3643 2667 3791 2737 αὐτῷ

2220 2761 2477 2816 ὑποδῦναι
2505 2761 2724 2831 στέγην,
2750 2762 2914 2815 ταύτὸ
2952 2762 3008 2815 δὲ
3044 2761 3203 2815 τοῦτο
3246 2762 3341 2815 καὶ
3371 2763 3481 2825 τοῖς
3515 2761 3609 2813 σὺν
3643 2760 3793 2831 αὐτῷ

2220 2852 2561 2923 παραινέσαι,
2595 2853 2860 2922 φήσαντα⁸
2894 2850 3154 2924 Φύγωμεν
3191 2852 3263 2923 μὴ
3289 2851 3384 2905 καὶ
3423 2851 3483 2904 τό
3515 2850 3793 2922 βαλανεῖον

2221 2943 2495 3014 συμπέσῃ,
2552 2943 2698 2997 ἔνδον
2745 2943 2896 3008 ὄντος
2940 2943 3212 3017 Κηρίνθου
3266 2942 3359 2996 τοῦ
3402 2941 3501 3013 τῆς
3534 2942 3793 3013 ἀληθείας

2221 3032 2435 3105 ἐχθροῦ.

545 3143 666 3185 esse
689 3131 919 3186 comites
945 3146 1071 3187 suos
1092 3141 1152 3186 ut
1180 3131 1321 3187 idem
1350 3131 1596 3188 facerent
1627 3149 1641 3187 :
1677 3131 1990 3202 aniamus,
2024 3127 2223 3199 inquit,
2285 3143 2353 3183 ne
2383 3128 2633 3184 balneum
2670 3136 2895 3184 corruat
2956 3127 3007 3181 in
3054 3142 3163 3197 quo
3211 3126 3501 3181 Cerinthus
3563 3134 3648 3180 est
3698 3139 3793 3180 ve-

540 3220 714 3276 ritatis
734 3221 1004 3277 inimicus.

1006 3318 1161 3389 ιοι
1200 3317 1428 3374 CAPUT
1466 3318 1657 3374 xxrx.

614 3405 688 3461 De
716 3408 942 3463 Nitolao
980 3421 1027 3463 et
1059 3411 1403 3464 sectatoribus
1439 3412 1503 3464 ab
1540 3427 1600 3465 eo
1632 3410 2035 3479 cognominatis.

610 3564 723 3619 Sub
756 3565 895 3619 idem
935 3574 1143 3635 tempus
1169 3567 1391 3621 haeresis
1422 3582 1543 3637 qua:
1589 3566 1788 3620 dicitur
1816 3566 2111 3621 Nicolaita-

540 3671 684 3719 rum,
724 3655 1048 3712 brevissimo
1080 3657 1335 3727 temporis
1360 3660 1536 3725 spatio
1563 3659 1905 3727 permansit;
1954 3658 2113 3727 cujus

540 3744 704 3800 etiam
740 3748 940 3801 mentio
972 3748 1028 3802 ﬁt
1074 3748 1125 3802 in
1180 3748 1532 3803 Revelatione
1564 3747 1810 3804 Joannis.
1848 3748 1911 3803 lli
1962 3749 2114 3804 Nico-

543 3840 686 3893 laum
716 3841 1027 3909 quemdam,
1058 3857 1224 3894 unum
1257 3858 1322 3896 ex
1384 3842 1490 3896 illis
1539 3842 1629 3911 qui
1663 3841 1729 3895 ad
1771 3858 1958 3896 curam
1993 3845 2113 3896 ino-

542 3946 667 3997 pum
707 3934 998 3999 gerendam
1029 3949 1133 3987 una
1158 3948 1279 3987 cum
1310 3934 1588 4003 Stephano
1615 3935 1681 3988 ab
1700 3935 1957 4004 apostolis
1982 3950 2112 3990 con-

540 4022 715 4075 stitttti
755 4022 1250 4090 fuerantntinislri,
1283 4036 1446 4081 secta:
1489 4040 1603 4081 suae
1627 4036 1903 4081 auctorem
1936 4026 2112 4093 jacta-

538 4114 690 4170 bant.
726 4114 801 4169 De
836 4116 937 4169 hoc
970 4126 1149 4170 autem
1173 4116 1421 4171 Clemens
1449 4117 1844 4171 Alexandrinus
1868 4118 1921 4170 in
1954 4118 2113 4173 tertio

537 4208 719 4271 operis
747 4208 886 4275 quod
911 4209 1296 4276 Στρωματεύς
1322 4208 1641 4262 inscribitur
1661 4209 1825 4273 libro,
1848 4209 1962 4263 lucc
1986 4224 2113 4262 nar-

541 4308 623 4351 rat
655 4297 720 4349 ad
759 4297 1015 4351 verbum:
1045 4298 1207 4352 «Cum
1246 4299 1473 4353 haberet
1505 4298 1798 4354 formosam
1838 4315 2064 4355 uxorem
2095 4340 2111 4364 .

539 4399 663 4461 post
692 4404 979 4445 ascensum
1014 4388 1225 4445 Domini
1261 4392 1677 4461 objurgantibus
1712 4393 1973 4464 apostolis
1996 4435 2010 4459 ,
2060 4402 2117 4447 et

2740 3307 3135 3361 ΚΕΦΔΛΑΙΟΝ
3168 3306 3295 3360 ΚΘ’.

2218 3404 2355 3472 Περὶ
2387 3400 2685 3457 Νικολάου
2714 3400 2834 3472 λιαί
2886 3398 3130 3472 τῶν-ἀπ’
3182 3397 3367 3472 adrui}
3411 3395 3797 3467 κεκλημένων

2691 3468 2828 3539 (Nic.
2876 3469 2945 3521 ΙΙ.
2978 3469 3041 3523 Ε.
3076 3483 3157 3532 ttt,
3194 3468 3305 3533 15).

2286 3563 2413 3617 Ἐπὶ
2437 3561 2639 3618 τούτων
2667 3561 2802 3631 δῆτα
2832 3559 2943 3631 (45)
2973 3560 3065 3612 καὶ
3102 3560 3134 3631 ή
3174 3557 3439 3631 λεγομένη
3481 3558 3587 3611 τῶν
3625 3558 3794 3612 Νικο-

2215 3656 2409 3711 λαϊτῶν
2437 3655 2644 3726 αἵρεσις
2678 3653 2770 3706 ἐπὶ
2802 3652 3156 3724 σμικρότατον
3213 3652 3442 3721 συνέστη
3469 3651 3659 3722 χρόνον
3683 3669 3697 3680 ·
3726 3646 3760 3721 ἦ
3770 3669 3796 3713 ς

2216 3748 2279 3818 δὴ
2341 3748 2435 3801 καὶ
2480 3749 2513 3817 ἡ
2564 3746 2657 3799 τοῦ
2723 3744 2969 3797 Ἰωάννου
3022 3742 3389 3813 Ἀποκάλυψις
3439 3744 3792 3814 μνημονεύει.

2218 3836 2376 3894 Οὗτοι
2396 3838 2681 3899 Νικόλαον,
2711 3836 2805 3890 ἕνα
2821 3835 2927 3891 τῶν
2945 3837 3087 3907 ἀμφὶ
3109 3836 3200 3888 τὸν
3221 3836 3489 3904 Στέφανον
3505 3837 3792 3898 διακόνων,

2218 3933 2355 4005 πρὸς
2398 3931 2507 3985 τῶν
2558 3930 2871 3984 ἀποστόλων
2916 3930 3006 3982 ἐπὶ
3037 3930 3103 3999 τῇ
3138 3927 3245 3979 τῶν
3290 3927 3479 3979 ἐνδεῶν
3526 3927 3797 3998 θεραπείᾳ

2220 4023 2776 4097 προκεχειρισμένων,
2822 4021 3042 4093 ηΰχουν.
3094 4021 3160 4072 ’⁸0
3182 4038 3243 4088 γε
3275 4022 3380 4092 μὴν
3415 4020 3795 4091 Ἀλεξανδρεὺς

2218 4119 2447 4190 Κλήμης
2464 4119 2519 4169 ὲν
2535 4113 3034 4189 τρίτῳΣτρωματεῐ
3051 4113 3221 4167 ταῦτα
3236 4114 3361 4183 περὶ
3378 4111 3537 4165 αὑτοῦ
3558 4112 3697 4165 κατά
3716 4112 3797 4165 λέ-

2221 4209 2299 4274 ξιν
2319 4210 2537 4280 ἱστορεῖ’
2578 4226 2595 4258 t
2621 4206 2868 4278 ιὨραίαν,
2889 4206 3039 4274 φασὶ,
3059 4207 3290 4273 γυναῖκα
3307 4204 3443 4273 ἔχων
3459 4198 3634 4266 οὗτος,
3656 4204 3796 4274 μετὰ

2218 4302 2316 4374 τὴν
2349 4300 2612 4371 ἀνάληψιν
2640 4299 2737 4371 τὴν
2770 4298 2861 4351 τοῦ
2883 4298 3152 4370 Σωτῆρος,
3184 4296 3318 4368 πρὸς
3346 4295 3455 4349 τῶν
3480 4296 3796 4350 ἀποστόλων

2218 4391 2529 4455 ὀνειδισθεὶς
2559 4389 2909 4460 ζηλοτυπίαν,
2939 4392 3016 4453 εἰς
3048 4388 3210 4461 μέσον
3234 4384 3478 4457 ἀγαγὼν,
3510 4387 3686 4457 γῆμαι
3716 4386 3797 4457 τῷ

540 4610 870 4683 graphorum
901 4624 1142 4665 errorem
1177 4611 1349 4683 secuti
1380 4621 1506 4683 sunt
1542 4621 1725 4680 postea
1749 4609 2113 4683 Geuevenses.
2152 4614 2195 4669 D
2226 4613 2437 4667 ritatem
2468 4611 2809 4683 dogmatibus
2829 4614 2942 4667 suis
2971 4622 3330 4681 compararet.

541 4682 650 4738 Nos
683 4696 810 4735 vero
837 4696 900 4734 ex
926 4682 1315 4750 manuscriptis
1351 4681 1626 4737 codicibus
1659 4689 1712 4734 et
1734 4697 1800 4734 ex
1834 4680 2120 4748 Nicephori

539 4754 702 4808 libro.
734 4766 918 4804 veram
959 4751 1115 4810 huius
1144 4751 1245 4807 loci
1272 4751 1599 4820 scripturam
1628 4752 1983 4805 restitnimus.

609 4821 722 4892 (H)
756 4820 907 4892 Vulg.
930 4822 1000 4874 ἐν
1021 4821 1275 4890 δευτέρῳ
1294 4821 1412 4875 τῶν
1438 4821 1850 4891 Ἐπαγγελιῶν.
1873 4822 2123 4877 Scriben-

537 4891 664 4965 dum
693 4892 849 4965 e_stév
868 4891 1103 4963 δευτέρῳ
1131 4893 1384 4965 περὶτῶν
1400 4892 2121 4965 Ἐπαγγελιῶνηδετὶρεειέοι

538 4963 684 5017 enim
713 4961 1001 5031 Dionysius
1028 4961 1431 5017 Alexandrinus
1450 4965 1584 5017 duos
1610 4964 1775 5018 libros
1792 4964 1865 5018 De
1891 4964 2118 5031 promis-

538 5032 800 5104 itionibus,
832 5047 924 5104 seu
959 5034 1023 5086 de
1051 5035 1284 5102 praemiis
1311 5049 1432 5104 quae
1461 5035 1714 5103 promisit
1746 5034 1887 5089 Deus
1917 5048 1977 5087 se
2001 5043 2121 5103 post

539 5102 680 5156 hanc
710 5104 873 5154 vitam
895 5102 1058 5168 justis
1095 5102 1405 5158 hominibus
1435 5102 1790 5159 redditurum.
1823 5104 1901 5159 Ex
1946 5102 2031 5157 his
2060 5105 2120 5159 li-

542 5172 658 5245 bris
698 5174 973 5245 secundu_s
1028 5183 1148 5229 erat.
1211 5176 1477 5230 adversus
1523 5174 1784 5245 [Sepotem
1831 5176 2116 5245 quemdam

539 5243 852 5312 episcopum
909 5241 1124 5315 Egypti
1158 5283 1173 5307 ,
1234 5245 1326 5313 qui
1384 5260 1451 5298 ex
1521 5241 1747 5300 Joannis
1790 5241 2113 5315 Apocalypsi

540 5324 793 5368 astruere
825 5314 1093 5375 voluerat,
1129 5330 1354 5384 regnum
1396 5315 1598 5369 Citriin
1636 5314 1913 5369 terrenum
1967 5314 2117 5368 futu-

539 5400 658 5439 rum
692 5400 837 5441 esse.
873 5394 933 5437 ut
958 5387 1116 5439 docet
1146 5384 1414 5439 Eusebius
1454 5385 1504 5438 in
1539 5384 1677 5438 libro
1705 5387 1953 5451 septimo.

609 5453 720 5525 (49.)
764 5454 1138 5517 Ἀξιόπιστον
1180 5456 1537 5523 ἐπιφημίσαι
1596 5454 1961 5521 θελήσαντα.
2017 5453 2117 5509 Hic

540 5524 962 5597 locusDionysii
999 5528 1212 5594 integer
1234 5536 1412 5597 exstat
1445 5526 1496 5577 in
1526 5525 1619 5597 lib.
1652 5542 1723 5579 vn
1786 5528 1945 5596 hujus
1992 5525 2114 5597 Ηίετ

538 5598 709 5659 turiw,
742 5595 977 5663 cap.‘25.
1012 5597 1135 5647 lude
1182 5596 1344 5665 igitur
1382 5595 1616 5664 petenda
1657 5607 1739 5649 est
1803 5595 1963 5661 hujus
2006 5595 2111 5651 loci

538 5665 850 5736 explicatio.
889 5665 1142 5733 Quidam,
1176 5666 1350 5733 inquit
1412 5665 1725 5736 Dionysius,
1780 5667 1997 5722 aiebant
2047 5669 2113 5719 li—

539 5734 693 5786 brum
721 5735 869 5789 illum
924 5734 1715 5806 Apocalypseos‘compositum
1758 5751 1881 5790 esse
1928 5752 1959 5791 a
2014 5738 2114 5791 Ce-

540 5806 722 5876 rintho
746 5805 1117 5871 heresiarcha,
1134 5804 1235 5876 ‘qui
1260 5804 1362 5861 sub
1388 5805 1613 5861 Joannis
1637 5807 1865 5875 apostoli
1893 5808 2114 5862 nomine

539 5890 658 5928 eam
691 5874 1097 5934 Revelationcm
1128 5874 1444 5950 publicavit,
1470 5892 1577 5948 quo
1623 5874 1886 5947 majorem
1919 5891 2108 5935 aucto-

2301 4688 2319 4749 (
2331 4684 2412 4753 i5)
2434 4680 3433 4764 Ebénydtggorbphristophorsonus
3458 4680 3600 4764 legit.
3633 4681 3795 4764 εύθυτ

2225 4751 2452 4827 μότερον
2479 4751 2543 4808 ei
2570 4751 2697 4827 cap.
2726 4754 2815 4817 25,
2846 4754 2942 4827 lib.
2978 4766 3071 4806 vn.
3100 4752 3298 4827 Verum
3337 4754 3488 4827 locus
3518 4751 3611 4805 ille
3662 4752 3791 4806 libri

2221 4823 2436 4894 Septimi
2473 4841 2538 4879 ex
2570 4825 2672 4877 hoc
2695 4827 2874 4892 potius
2898 4823 3016 4894 loco
3046 4824 3419 4894 emendandus
3442 4832 3595 4894 erat._
3622 4836 3792 4894 quam

2224 4891 2312 4951 hic
2341 4912 2406 4950 ex
2439 4896 2530 4950 illo
2555 4891 2956 4963 depravandtts.
2987 4893 3145 4948 Certe
3170 4893 3220 4945 in
3260 4892 3353 4963 lib.
3396 4908 3495 4954 vtt,
3547 4891 3792 4963 εὐφημό-

2219 4983 2375 5037 τερον
2408 4966 2605 5037 habent
2626 4962 2979 5037 manuscripti
3023 4963 3239 5017 codices
3261 4962 3417 5037 βίῃ..
3452 4971 3505 5016 et
3531 4962 3668 5037 ltled.
3705 4963 3790 5037 ita

2222 5032 2386 5092 etiam
2414 5035 2752 5103 Nicephorus
2783 5035 2835 5086 in
2870 5034 2965 5088 lib.
2997 5050 3081 5095 tu.
3105 5048 3224 5100 Cap.
3253 5034 3340 5087 Η.
3376 5032 3677 5103 Νεοψτιιίιοι·
3705 5032 3787 5103 1ο-

2220 5109 2365 5177 gisse
2392 5101 2747 5177 Rttﬁnumiexi
2765 5106 3015 5177 versione
3047 5104 3165 5177 ejus
3203 5114 3448 5177 apparet.
3487 5101 3579 5153 Sic
3604 5169 3615 5177 _
3640 5102 3789 5177 enim

2220 5169 2382 5231 vertit
2402 5197 2415 5233 :
2434 5178 2498 5231 Et
2516 5175 2785 5240 ulaliqnid
2813 5169 3086 5228 sacratius
3100 5169 3577 5229 dicere-videretur.
3597 5169 3791 5238 legales

2219 5249 2391 5300 aiebat
2452 5247 2763 5316 festivitates
2811 5260 3017 5298 rursum
3082 5244 3441 5316 celebrandas.
3503 5240 3788 5316 Festorum

2219 5318 2427 5372 scilicet
2452 5311 2514 5371 "et
2534 5316 2927 5370 sacriﬁciorum
2963 5315 3177 5367 nomine
3203 5314 3452 5367 libidines
3482 5326 3609 5364 suas
3638 5311 3788 5361 velu—

2220 5388 2313 5440 bat
2336 5388 2648 5451 Cerinthus,
2684 5396 2740 5439 ut
2766 5385 3103 5439 honestatem
3130 5384 3421 5452 quamdam
3451 5382 3504 5434 in
3550 5380 3788 5449 speciem

2258 5457 2518 5511 razl'erret.

2219 5472 2536 5595 Ρτῗέῗῖτὲν·
2560 5526 2767 5593 πρώτῳ
2792 5522 3204 5593 συγγφάμματι
3225 5523 3342 5577 τῶν
3361 5520 3529 5595 Πρὸς,
3556 5518 3694 5595 τὰς..
3712 5521 3791 5572 αέ-

2208 5588 2414 5666 ρέσειζ-
2438 5588 2743 5663 προσθείςέ
2769 5588 3124 5649 Scribe-udum
3163 5595 3377 5649 videtur
3397 5588 3640 5662 προθείς,
3666 5591 3793 5643 licet

2216 5668 2636 5722 reclamantibus
2665 5666 2833 5719 libris.

2288 5737 2402 5803 (45)
2439 5737 2566 5792 Ἐπὶ
2609 5738 2834 5791 τούτων
2855 5734 3029 5803 δῆτα.
3051 5733 3102 5786 In
3134 5734 3320 5788 codice
3354 5730 3517 5792 Med.,
3547 5728 3687 5803 Max.
3721 5743 3788 5783 ac

2215 5801 2494 5863 Saviliano
2521 5808 2786 5879 scriptum
2821 5801 3020 5879 ςειςὲπὶ
3035 5804 3241 5879 τούτῳ.
3266 5805 3321 5879 id
3350 5811 3597 5879 es_t._po:s.t
3622 5801 3785 5868 hunc,

2213 5879 2530 5936 Cerinthqu
2551 5872 2778 5935 scilicet.
2813 5876 2994 5934 Codex
3032 5874 3165 5931 Fuit.
3192 5872 3354 5930 habet
3389 5872 3483 5925 imi
3502 5872 3677 5927 τοῦτο.

4111 812 4125 1057 l

4110 1128 4121 1443 τ
