4140 6430
526 404 638 462 ῒῖθ

1246 398 1518 457 EUSEBII
1555 396 2034 457 CESARIENSIS
2073 395 2227 454 OPP.
2269 394 2450 450 PARS
2489 395 2528 451 l.
2572 427 2640 437 —
2678 391 3066 450 HISTORICA.

3673 393 3783 450 ε280

530 523 749 580 neruine
793 521 1228 593 eampellantem,
1280 522 1585 578 liortatorio
1635 531 1690 578 et
1736 521 2103 576 consolatorie

2225 517 2488 588 ilépv'qao,
2531 510 2576 568 ὦ
2603 513 2772 584 αὕτη,
2805 514 2897 566 τοῦ
2937 512 3165 584 Κυρίου.
3222 511 3472 575 Τοιοῦτος
3502 507 3571 584 ἦν
3610 514 3639 567 ὁ
3675 514 3785 567 τῶν

530 616 677 672 vocis
705 630 840 671 sono
877 614 1198 670 inclamasse
1228 633 1243 672 :
1274 614 1488 678 Mulier,
1545 623 1814 669 memento
1865 613 2096 669 Domini.

531 708 842 778 llujusmodi
879 717 1038 762 erant
1066 717 1377 762 sanctorum
1411 706 1680 761 connubia
1718 725 1730 760 :
1789 705 2096 775 huiusmodi

528 797 1102 852 eratcbarissimorum
1128 797 1362 866 perfecta
1379 796 1646 852 dilectio.»
1678 797 1852 863 Atque
1879 793 1993 849 haec
2021 804 2103 847 ut-

531 899 655 954 pote
670 890 921 960 praesenti
937 901 1254 958 argumento
1269 888 1695 952 accommodata,
1716 896 2021 957 opportune
2048 888 2100 940 in

530 983 676 1038 hunc
699 981 876 1037 locum
904 981 1256 1050 conjecimns.

1076 1071 1306 1126 CAPUT
1343 1069 1533 1126 XXXI.

877 1163 955 1218 De
978 1162 1206 1217 Joannis
1237 1173 1284 1216 et
1318 1163 1552 1232 Philippi
1585 1163 1747 1217 obitu.

605 1325 679 1379 De
713 1323 880 1377 Paulo
909 1323 1127 1393 quidem
1183 1331 1238 1376 et
1274 1321 1460 1387 Petro,
1517 1331 1729 1391 tempus
1783 1332 1836 1377 et
1886 1323 2103 1377 modum

529 1417 715 1480 czedis,
754 1417 1044 1485 locumque
1071 1415 1122 1468 in
1163 1429 1271 1483 quo
1295 1414 1559 1465 cada‘vera
1597 1414 1834 1482 ipsorum
1865 1413 2104 1482 deposita

530 1519 675 1570 sunt.
702 1509 812 1579 jam
851 1509 1102 1577 superius
1138 1507 1440 1562 retulimus.
1482 1505 1554 1558 De
1577 1505 1786 1560 Joanne
1811 1521 1942 1561 vero
1967 1515 2106 1560 tem-

533 1617 632 1666 pus
662 1601 880 1670 quidem
908 1603 1082 1670 ipsum
1120 1599 1300 1669 aliqua
1338 1614 1402 1651 ex
1461 1609 1619 1668 parte
1649 1598 2059 1667 designavimus
2089 1618 2102 1651 :

534 1697 682 1750 locus
720 1706 850 1747 vero
883 1692 934 1746 in
991 1707 1098 1760 quo
1130 1690 1374 1757 sepultus
1425 1699 1532 1752 est,
1561 1705 1626 1743 ex
1666 1689 1970 1760 Polycratis
2015 1689 2105 1757 qui

537 1785 929 1854 Epliesinorum
967 1782 1224 1837 Ecclesia:
1258 1783 1547 1851 episc0pus
1583 1780 1714 1841 fuit.
1746 1781 1972 1851 epistola
2015 1781 2108 1836 de-

2207 609 2493 680 μακαρίων
2527 606 2724 678 γάμος,
2755 608 2850 660 καὶ
2884 609 2917 678 ἡ
2954 605 3061 658 τῶν
3091 604 3362 673 φιλτάτων
3389 604 3569 658 τελεία
3602 605 3784 659 διάθεσ-

2205 717 2305 762 σις.
2349 720 2366 751 ι
2395 699 2504 752 Καὶ
2536 699 2706 751 ταῦτα
2732 699 2776 750 δ’
2810 700 2982 751 οἰκεῖα
3013 697 3144 750 ὄντα
3168 699 3234 767 τῇ
3267 697 3404 768 μετὰ
3436 699 3623 768 χεῖρας
3650 698 3787 751 ὑπο-

2205 789 2374 852 θέσει,
2405 789 2639 842 ἐνταῦθά
2665 806 2753 860 μοι
2781 789 2921 843 κατὰ
2947 788 3136 860 καιρὸν
3167 788 3388 841 κείσθω.

2708 1052 3105 1105 ΚΕΦΑΛΑΙΟΝ
3135 1052 3261 1104 ΛΑ’.

2275 1147 2416 1216 Περὶ
2470 1145 2581 1214 τῆς
2619 1143 3037 1216 Ἰωάνένουλιαζ
3074 1144 3374 1216 Φιλίππου
3426 1142 3714 1212 τελευτῆς

2715 1215 2856 1284 (Nic.
2890 1213 2960 1268 ιι.
2989 1212 3057 1266 E.
3088 1231 3126 1278 ι,
3167 1214 3282 1283 35).
3632 1219 3637 1225 ·

2278 1309 2491 1362 Παύλου
2547 1309 2644 1378 μὲν
2691 1302 2784 1360 οὖν
2827 1307 2920 1360 καὶ
2966 1306 3174 1380 Πέτρου
3213 1307 3313 1375 τῆς
3350 1307 3608 1379 τελευτῆς
3645 1309 3674 1361 ὅ
3726 1325 3787 1362 τε

2207 1401 2396 1472 χρόνος
2442 1400 2534 1453 καὶ
2585 1402 2614 1452 ὁ
2653 1399 2881 1471 τρόπος,
2927 1399 3020 1452 καὶ
3073 1399 3297 1469 προσέτι
3348 1401 3446 1472 τῆς
3495 1400 3633 1471 μετὰ
3687 1400 3792 1472 τὴν

2207 1491 2524 1564 ἀπαλλαγὴν
2574 1491 2664 1544 τοῦ
2721 1491 2833 1562 βίου
2890 1490 2997 1543 τῶν
3052 1491 3422 1563 σκηνωμάτων
3465 1491 3645 1545 αὐτῶν
3686 1509 3790 1544 κα-

2208 1583 2480 1647 ταθέσεως
2525 1584 2553 1636 ὁ
2593 1581 2790 1655 χῶρος,
2987 1582 3252 1652 πρότερον
3295 1583 3426 1652 ἡμῖν
3471 1582 3789 1653 δεδήλωται.

2209 1675 2314 1727 Τοῦ
2344 1675 2401 1727 δὲ
2456 1675 2724 1736 Ἰωάννου,
2766 1673 2834 1728 τὰ
2878 1674 2974 1745 μὲν
3016 1672 3109 1726 τοῦ
3156 1674 3350 1746 χρόνου
3397 1675 3496 1746 ἤδη
3540 1693 3656 1739 πως
3711 1675 3790 1727 εἷο

2214 1783 2393 1838 ρηται,
2450 1767 2510 1818 τὸ
2560 1765 2614 1818 δέ
2663 1783 2726 1834 γε
2787 1764 2881 1818 τοῦ
2940 1763 3296 1835 σκηνώματος
3355 1766 3516 1819 αὑτοῦ
3567 1766 3791 1837 χωρίον,

535 1886 886 1932 monstratur.
923 1875 979 1929 lu
1013 1891 1116 1944 qua
1159 1874 1407 1929 scribens
1437 1873 1502 1927 ad
1544 1871 1813 1929 Victorem
1851 1873 2110 1928 Romana:

2225 1859 2269 1924 ιξ
2339 1858 2625 1928 ἐπιστολῆς
2697 1858 3075 1930 Πολυκράτους
3159 1855 3292 1928 (τῆς
3353 1859 3398 1912 δ’
3451 1861 3508 1912 ὲν
3579 1857 3795 1930 Ἐφέσῳ

535 1968 686 2022 urbis
706 1969 1041 2036 episcopum,
1067 1963 1295 2019 Joannis
1323 1963 1482 2017 simul
1510 1979 1572 2020 ac
1597 1963 1830 2033 Philippi
1859 1964 2108 2030 apostoli,

533 2060 884 2132 ejusdemque
897 2058 1124 2112 ﬁliarum
1148 2058 1474 2118 mentionem
1491 2056 1616 2111 facit
1632 2057 1714 2110 his
1735 2057 1930 2111 verbis:
1945 2075 1961 2107 ι
1978 2055 2108 2110 Nam

533 2153 658 2207 etin
680 2151 832 2216 Asia,
866 2150 1057 2220 inqttit,
1104 2165 1294 2218 magna
1338 2149 1580 2217 qumdam
1610 2149 1810 2202 lumina
1844 2148 2108 2203 exstincta

534 2255 681 2309 sunt,
715 2261 836 2314 qua:
879 2243 1290 2298 suscitahuntur
1320 2242 1373 2296 in
1417 2242 1716 2296 novissimo
1739 2243 1824 2296 die
1851 2245 2112 2296 adventus

540 2336 772 2399 homini,
798 2346 924 2389 tunc
951 2351 1074 2390 cum
1101 2333 1166 2389 de
1197 2333 1333 2388 ccelo
1354 2335 1529 2388 veniet
1557 2348 1676 2387 cum
1705 2333 1896 2403 gloria,
1918 2345 1971 2388 et
1991 2335 2112 2388 uni-

539 2442 724 2482 versos
757 2437 975 2483 sanctos
1003 2426 1286 2496 requiret:
1348 2424 1652 2495 Philippum
1703 2425 1963 2496 intelligo,
2017 2425 2108 2496 qui

543 2519 639 2574 fuit
661 2535 802 2573 unus
825 2534 891 2574 ex
917 2517 1199 2574 duodecim
1219 2517 1502 2587 apostolis,
1522 2527 1872 2586 mortuusque
1891 2528 1973 2571 est
1993 2517 2112 2572 Ilie-

541 2612 708 2681 rapoli
757 2627 880 2665 cum
914 2611 1055 2665 binis
1089 2609 1300 2664 ﬁliabus
1330 2625 1450 2678 quae
1490 2609 1543 2662 in
1579 2609 1887 2680 virginitate
1915 2626 2108 2665 conse-

541 2714 798 2758 nuerunt.
845 2701 1028 2756 Altera
1065 2716 1284 2771 quoque
1333 2701 1450 2769 ejus
1484 2700 1589 2755 ﬁlia
1622 2716 1742 2770 qua:
1767 2703 2107 2770 spiritualem

546 2796 836 2866 quamdam
887 2795 1052 2849 vitam
1079 2795 1252 2858 duxit,
1307 2793 1503 2863 Ephesi
1560 2795 1767 2865 sepulta
1795 2806 1897 2851 est.
1927 2796 2030 2850 Sed
2058 2805 2112 2852 et

539 2887 800 2961 Joannes,
823 2887 914 2954 qui
946 2901 1107 2954 supra
1135 2895 1323 2956 pectus
1351 2884 1561 2940 Domini
1597 2887 1867 2951 recubuit,
1900 2887 2111 2958 fuitque

542 2978 798 3034 sacerdos
830 2977 925 3032 Dei
963 2977 1220 3031 laminam
1253 2987 1493 3047 gestans,
1514 2988 1565 3032 et
1599 2987 1804 3050 martyr
1825 2989 1879 3034 et
1899 2981 2109 3042 doctor.

543 3071 650 3136 hic,
667 3071 908 3139 inquam,
933 3069 1171 3124 Joannes
1194 3069 1246 3122 in
1275 3069 1404 3124 urbe
1419 3069 1631 3138 Epheso
1646 3071 1898 3125 conditus
1913 3070 2071 3140 iacet.
2086 3091 2106 3125 ι

545 3163 700 3233 103
736 3163 801 3217 Et
831 3165 944 3217 haec
977 3162 1194 3231 quidem
1243 3162 1310 3216 de
1352 3162 1563 3216 illorum
1614 3163 1788 3216 obitu.
1839 3161 2110 3218 Przcterea

2213 1952 2501 2022 παροικίας
2554 1952 2851 2014 ἐπίσκοπος
2905 1945 3058 2013 οὗτος
3273 1951 3668 2005 ἐπιδείκνυται·
3728 1954 3798 2023 ἦν

2213 2046 2467 2114 Οὐίκτορι
2501 2044 2785 2114 Ῥωμαίων
2808 2043 2999 2096 ὲπισκό
3010 2062 3090 2114 mp
3117 2043 3365 2114 γράφων,
3390 2043 3524 2115 ὁμοῦ
3549 2061 3608 2097 τε
3631 2046 3794 2099 αὑτοῦ

2212 2137 2305 2191 καὶ
2329 2135 2594 2190 Φιλίππου
2631 2135 2962 2206 μνημονεύει
2991 2134 3082 2188 τοῦ
3114 2134 3435 2198 ἀποστόλου,
3459 2136 3566 2189 τῶν
3591 2154 3650 2189 τε
3679 2137 3798 2189 τού·

2211 2247 2302 2282 του
2351 2229 2666 2298 θυγατέρων
2707 2223 2810 2280 ὧδέ
2849 2244 2984 2290 πως·
3032 2245 3049 2276 ι
3101 2227 3209 2279 Καὶ
3239 2227 3348 2300 γὰρ
3386 2228 3482 2282 καὶ
3526 2227 3668 2282 κατὰ
3699 2229 3798 2298 τὴν

2225 2320 2416 2372 Ἀσίαν
2447 2319 2659 2389 μεγάλα
2689 2323 2926 2390 στοιχεῖα
2947 2318 3056 2390 (50)
3087 2319 3414 2391 κεκοίμηται
3433 2337 3447 2350 θ
3477 2322 3634 2376 ᾶτινα
3659 2323 3796 2375 ἀνα-

2214 2413 2470 2482 στήσεται
2492 2414 2558 2482 τῇ
2583 2412 2789 2484 ἐσχάτῃ
2810 2411 2991 2482 ἡμέρᾳ
3007 2411 3104 2482 τῆς
3132 2413 3431 2482 παρουσίας
3453 2415 3544 2467 τοῦ
3563 2415 3797 2486 Κυρίου,

2213 2512 2270 2564 ὲν
2371 2511 2588 2585 ἔρχεται
2627 2513 2762 2584 μετὰ
2787 2513 2944 2584 δόξης
2974 2512 3030 2579 ἐξ
3057 2510 3308 2582 οὐρανοῦ,
3345 2511 3439 2563 καὶ
3466 2509 3799 2578 ἁναζητήσει

2214 2602 2421 2667 πάντας
2453 2605 2579 2668 τοὺς
2607 2605 2816 2673 ἁγίους,
2858 2605 3124 2658 Φίλιππον
3157 2603 3250 2656 τὸν
3287 2603 3396 2656 τῶν
3441 2601 3650 2654 δώδεκα
3685 2599 3798 2670 (51)

2213 2697 2549 2760 ἀποστόλων,
2601 2699 2660 2762 ὃς
2711 2697 3034 2768 κεκοίμηται
3084 2698 3143 2749 ὲν
3200 2693 3526 2766 Ἱεραπόλει,
3569 2694 3662 2747 καὶ
3706 2691 3802 2775 6:50

2213 2789 2510 2862 Θυγατέρες
2540 2791 2704 2845 αὑτοῦ
2731 2792 3098 2864 γεγηρακυῖαι
3134 2788 3418 2861 παρθένοι,
3445 2788 3537 2841 καὶ
3566 2788 3599 2858 ἡ
3639 2785 3802 2859 ἑτέρα

2212 2881 2381 2937 αὐτοῦ
2407 2884 2518 2954 (59.)
2538 2883 2784 2956 θυγάτηρ
2807 2886 2863 2936 ὲν
2879 2884 3022 2955 ἁγίῳ
3043 2881 3320 2953 Πνεύματι
3343 2879 3797 2950 πολιτευσαμένη,

2211 2975 2246 3045 ἢ
2276 2977 2334 3029 ὲν
2380 2977 2590 3048 Ἐφέσῳ
2615 2977 2979 3031 ἀναπαύεται.
3014 2977 3136 3028 Ἔτι
3161 2974 3217 3028 δὲ
3244 2975 3338 3027 καὶ
3371 2973 3626 3043 Ἰωάννης
3655 2975 3682 3025 ὁ
3707 2964 3801 3024 ἐπὶ

2210 3065 2273 3119 τὸ
2303 3068 2501 3138 στῆθος
2534 3069 2626 3123 τοῦ
2667 3069 2874 3142 Κυρίου
2907 3067 3219 3133 ἀναπεσὼν,
3256 3067 3317 3130 ὃς
3355 3065 3588 3137 ἐγενήθη
3621 3063 3802 3136 ἱερεὺς

2214 3159 2273 3211 τὸ
2300 3161 2530 3216 πέταλον
2557 3161 2904 3233 πεφορηκὼς,
2934 3160 3028 3214 καὶ
3061 3160 3292 3230 μάρτυς,
3321 3157 3417 3210 καὶ
3444 3157 3765 3220 διδάσκαλος
3785 3194 3803 3220 ,

545 3229 1018 3324 ii—l—lialogaCaii
1077 3254 1233 3323 cujus
1264 3271 1426 3326 supra
1475 3254 1705 3310 fecimus
1761 3257 2113 3324 mentionem,

2225 3247 2378 3318 οὗτος
2407 3257 2464 3308 ὲν
2509 3229 2719 3324 Ἐφέσιιᾷ
2760 3229 3109 3323 κεκοίμηται.
3205 3249 3391 3304 Ταῦτα
3419 3249 3514 3302 καὶ
3544 3248 3674 3320 περῖ⁵
3703 3247 3807 3319 τῆς

617 3457 729 3528 (50)
763 3457 1008 3526 Μεγάλα
1029 3456 1317 3525 στοιχεῖα.
1356 3456 1715 3528 Hieronymus
1743 3469 1796 3513 et
1843 3459 2118 3517 Masculus

542 3541 799 3585 elementa
848 3531 1028 3594 vertit,
1072 3528 1598 3594 Cbristopborsonus
1653 3531 1986 3588 seuiinaria:
2021 3534 2118 3587 sed

541 3600 748 3668 Optime
783 3597 1238 3652 ltuﬁuuslumina
1296 3599 1703 3666 interpretatur.
1759 3598 1891 3652 Nam
1943 3601 2116 3656 Graeci

545 3671 696 3739 signa
743 3668 952 3740 zodiaci
986 3670 1223 3740 στοιχεῖα
1261 3668 1784 3740 s_olent__appellare.
1844 3671 1936 3723 Sic
1979 3673 2119 3740 apud

548 3735 837 3812 Diogenem
863 3735 1151 3812 _Lacrtiuiit
1281 3737 1396 3812 Vita
1427 3735 1719 3812 Menedemi
1747 3754 1776 3812 :_
1809 3740 1970 3804 Πῖλος
1997 3735 2122 3812 Ἅρ-

546 3809 766 3875 καδικὸς
795 3809 887 3863 ἐπὶ
923 3811 1021 3879 τῆς
1049 3808 1292 3878 κεφαλῆς
1329 3807 1466 3880 ἔχων
1499 3809 1848 3880 ἐνυφασμένα
1899 3812 1967 3865 τὰ
2020 3807 2121 3864 δὼ-

543 3882 675 3934 δεκα
703 3881 959 3950 στοιχεῖα.
983 3878 1083 3950 Sic
1107 3889 1283 3932 autem
1321 3878 1590 3950 vocabant
1637 3878 1892 3950 ea‘signa
1946 3885 2120 3950 genti-

546 3953 650 4016 les,
687 3948 849 4018 quod
877 3949 1140 4018 principia
1192 3950 1316 4002 vita:
1359 3948 1637 4002 hominum
1672 3965 1737 4003 ac
1792 3948 2020 4004 fortuna:
2069 3955 2119 4005 in

549 4023 616 4076 iis
653 4022 822 4089 posita
857 4035 976 4073 esse
1016 4020 1392 4073 existimarent
1418 4057 1432 4078 ,
1473 4028 1530 4072 ut
1579 4019 1735 4073 docet
1795 4020 2123 4089 Epiphanius

548 4095 601 4146 itt
629 4088 822 4162 lizcresi
875 4089 1272 4162 Phariszeorun:
1317 4105 1330 4140 :
1381 4088 1486 4162 T&_
1513 4090 1758 4162 ματαίως
1797 4088 2126 4162 νομιζόμενα

546 4164 628 4225 εἰς
667 4159 1198 4232 ἀριθμὸνστοιχείων
1223 4163 1344 4232 τοῖς
1363 4159 1800 4232 πεπλανημένοις
1826 4159 2062 4232 ὀνόματα
2091 4162 2127 4216 ὃ.

551 4229 719 4298 ζώδιοι.
755 4229 1030 4285 καλοῦσιν.
1074 4229 1170 4284 Ubi
1198 4231 1293 4293 είς.
1324 4230 1556 4300 ἀριθμόν
1614 4229 1834 4297 ponitur
1888 4229 1984 4300 pro
2046 4235 2128 4294 είς

551 4303 731 4370 λόγον.
768 4302 946 4368 Quare
981 4299 1506 4370 fallitur'VSalmasius
1548 4301 1600 4353 in
1650 4299 1791 4370 libro
1845 4299 1921 4354 De
1975 4305 2129 4354 armis

551 4368 942 4434 climactericis,
973 4387 1092 4438 pag.
1126 4368 1258 4441 577.7
1278 4368 1461 4436 Neque
1483 4371 1626 4441 enim
1651 4369 1824 4425 Graeci
1869 4375 2128 4441 στοιχεῖον

552 4457 790 4510 unquam
815 4442 1070 4493 dixerunt
1103 4440 1516 4510 itnagineuraut
1543 4439 1794 4506 ﬁguram.

623 4507 736 4583 (5|)
773 4511 1073 4564 Φίλιππον
1105 4509 1210 4563 τὸν
1237 4507 1353 4562 τῶν
1386 4507 1633 4583 δώδεκα.
1675 4510 2127 4582 Cbristopborse-

2228 3460 2542 3527 virginitate
2567 3465 2991 3528 consenuerunt.
3020 3458 3096 3528 Es
3114 3472 3229 3528 quo
3261 3456 3556 3526 colligitur,
3585 3457 3802 3514 tertiam

2228 3533 2369 3586 hanc
2398 3531 2514 3583 viro
2546 3538 2768 3597 nuptam
2835 3527 3020 3582 fuisse.
3079 3527 3262 3598 Neque
3311 3527 3552 3598 veroid
3601 3540 3805 3598 pugnat

2228 3617 2348 3656 cum
2386 3599 2560 3667 capite
2593 3615 2682 3653 χιιι
2747 3598 2978 3652 Actuum
3023 3597 3417 3668 apostolorum.
3470 3597 3803 3668 Responderi

2226 3673 2372 3727 enim
2403 3678 2604 3740 potest,
2636 3680 2749 3722 tum
2786 3669 3005 3740 quidem
3039 3684 3164 3740 eum
3193 3683 3256 3722 ea
3315 3678 3640 3740 gererentur
3685 3683 3806 3738 qua!

2229 3738 2494 3796 memorat
2551 3738 2770 3802 Lucas,
2837 3738 3063 3807 Philippi
3115 3739 3253 3792 ﬁlias
3306 3739 3470 3793 fuisse
3513 3739 3798 3807 virgines:

2227 3821 2412 3878 postea
2461 3823 2636 3864 tamen
2676 3825 2835 3863 unam
2863 3825 2928 3862 ex
2955 3811 3058 3862 illis
3092 3824 3121 3863 a
3150 3819 3300 3876 patre
3344 3818 3566 3877 nuptum
3595 3811 3802 3864 datam.

2230 3884 2395 3951 quue
2428 3881 2653 3934 innuere
2720 3881 2933 3951 videtur
2983 3879 3234 3951 Clemens
3290 3879 3690 3951 Alexandrinus
3750 3882 3803 3934 in

2230 3949 2410 4006 verbis
2436 3967 2556 4020 qum
2579 3965 2738 4018 supra
2771 3950 3010 4004 citantur
3034 3950 3100 4002 ab
3137 3949 3391 4003 Eusebio.
3425 3950 3592 4008 Porro
3647 3950 3808 4004 Chri-

2232 4023 2628 4090 stopborsouus
2672 4022 2884 4074 tertiam
2938 4021 3076 4072 hanc
3101 4020 3334 4086 Philippi
3399 4020 3566 4072 ﬁliam
3603 4061 3618 4083 ,
3680 4037 3804 4075 cum

2233 4095 2446 4146 duabus
2482 4093 2586 4145 illis
2616 4090 2890 4156 prioribus
2929 4090 3194 4144 confudit.
3242 4090 3407 4155 Cujus
3452 4091 3629 4142 versio
3691 4106 3806 4143 me-

2236 4165 2344 4217 rito
2373 4163 2611 4216 turbavit
2653 4159 2964 4224 llarouium,
2992 4170 3050 4211 ut
3079 4169 3226 4228 patet
3271 4176 3335 4214 ex
3388 4159 3682 4213 Annalibus
3735 4163 3804 4214 ad

2234 4249 2430 4286 anmun
2461 4231 2661 4302 Christi
2694 4231 2782 4293 58,
2827 4245 2948 4298 cap.
2975 4232 3096 4284 115.
3134 4230 3344 4302 licpetit
3377 4230 3518 4284 hunc
3544 4229 3802 4302 Polycra-

2236 4305 2300 4355 tis
2331 4305 2504 4356 locum
2544 4301 2810 4354 Eusebius
2847 4313 3033 4356 noster
3074 4303 3125 4352 in
3160 4300 3254 4352 lib.
3284 4316 3335 4363 ν,
3371 4315 3491 4368 cap.
3545 4300 3661 4362 24,
3710 4302 3801 4355 ubi

2232 4373 2757 4441 Christophorsouus
2787 4381 2896 4423 tres
2922 4370 3153 4438 Philippi
3186 4370 3326 4424 ﬁlias
3358 4381 3504 4425 recte
3529 4371 3804 4435 distinxit,

2233 4454 2287 4497 et
2337 4445 2570 4509 priorem
2624 4455 2780 4493 suum
2851 4456 3092 4495 errorem
3157 4441 3482 4494 emendavit.
3537 4441 3803 4495 Cancrum

2235 4515 2400 4582 quaeri
2428 4515 2514 4566 hic
2565 4512 2761 4566 merito
2807 4523 2983 4579 pOtest
3035 4527 3132 4564 cur
3160 4510 3472 4582 Polycrates
3506 4519 3617 4564 tres
3661 4515 3802 4566 dun-

551 4581 655 4638 nus
685 4585 787 4636 hoc
819 4582 935 4635 loco
989 4595 1330 4651 nequaquam
1359 4581 1529 4651 “boui
1586 4581 1909 4650 interpretis
1952 4583 2132 4639 olIicio
2165 4589 2209 4644 D
2243 4581 2389 4637 taxat
2432 4582 2663 4651 Philippi
2703 4582 2842 4634 ﬁlias
2864 4583 3273 4645 memoraverit,
3321 4597 3445 4635 cum
3494 4582 3544 4634 in
3579 4583 3806 4651 Actibus

555 4657 774 4707 Iunctus
809 4664 926 4712 est.
970 4649 1089 4719 qui’
1121 4665 1220 4720 pro
1274 4649 1519 4720 Philippo
1581 4665 1687 4706 uno
1728 4649 1793 4705 ex
1844 4654 2127 4708 duodecim

555 4724 852 4792 apostolis,
897 4722 1203 4792 Philippum
1258 4735 1423 4774 unum
1492 4735 1558 4773 ex
1622 4733 1830 4792 septem
1886 4725 2131 4780 diacouis

555 4791 859 4849 substituit.
894 4791 1064 4847 Vetus
1097 4792 1314 4861 quidem
1337 4791 1433 4863 hic
1464 4806 1623 4845 error
1649 4791 1773 4863 fuit,
1820 4805 1878 4847 ut
1929 4793 2132 4863 Philip-

557 4881 680 4933 pum
707 4864 992 4917 diaconum
1018 4871 1073 4916 et
1105 4862 1492 4934 evangelistam
1523 4875 1659 4934 cum
1713 4862 1959 4932 Philippo
2001 4862 2132 4934 apo-

557 4932 702 4988 stolo
723 4934 1144 4988 confunderent.
1179 4932 1244 4985 Et
1269 4933 1394 5002 quia
1424 4932 1476 4986 iu
1507 4933 1733 4987 Actibus
1762 4932 2129 5000 apostolorum

555 5019 679 5074 cap.
705 5020 820 5068 xm.
849 5003 1080 5071 Philippi
1107 5003 1473 5074 evangelista;
1492 5011 1724 5074 quatuor
1780 5004 1920 5058 ﬁlias
1967 5005 2132 5074 virgi-

557 5073 654 5129 nes
699 5077 1056 5144 prophetasse
1106 5073 1396 5143 legerant,
1454 5073 1760 5143 Philippum
1829 5073 2129 5142 apostolum

557 5143 840 5214 coniugem
904 5144 1154 5200 habuisse
1216 5143 1466 5214 etililias
1506 5147 1810 5214 suscepisse
1853 5149 2130 5200 dixerunt.

555 5215 634 5270 Ita
664 5213 864 5286 praeter
902 5215 1240 5286 Polycratem
1265 5213 1519 5286 Clemens
1541 5213 1942 5286 Alexandrinus
1971 5231 2132 5286 supra

557 5288 611 5340 in
643 5283 820 5354 capite
849 5285 939 5349 30,
967 5296 1018 5340 et
1060 5284 1256 5354 Papias
1311 5284 1475 5340 infra.
1543 5283 1736 5354 Verum
1787 5301 1853 5340 ex
1905 5283 2133 5341 Actibus

559 5352 929 5426 apostolorum
962 5352 1252 5409 manifesto
1279 5355 1555 5426 colligitur
1577 5352 1904 5426 Philippum
1954 5359 2134 5410 diaco-

559 5425 715 5488 num,
751 5442 876 5481 eum
911 5443 940 5478 a
971 5441 1077 5494 quo
1106 5430 1393 5480 eunuchus
1441 5425 1746 5494 baptizatus
1772 5437 1878 5491 est,
1931 5437 1986 5481 et
2040 5428 2132 5494 qui

556 5508 794 5564 quatuor
826 5497 1019 5552 habuit
1071 5496 1212 5549 ﬁlias
1245 5497 1652 5564 prophetantcs,
1691 5495 1854 5549 alium
1905 5497 2075 5552 fuisse
2103 5514 2132 5550 a

559 5569 806 5638 Philippo
862 5565 1151 5638 apustolo._
1189 5566 1322 5638 Vide
1371 5565 1635 5618 lsidorum
1693 5567 2022 5621 Pelusiotam
2081 5570 2132 5621 in

559 5635 715 5694 libro—
735 5635 931 5706 primo,
956 5635 1189 5706 epistola
1223 5636 1348 5704 447,
1379 5645 1432 5690 et
1485 5639 1866 5706 sequentibus,
1935 5640 2024 5692 ubi
2082 5640 2133 5693 id

549 5711 902 5786 ppertissirne
925 5710 1281 5786 demonstrat.

634 5781 744 5851 (52)
779 5780 888 5833 Kal
908 5779 945 5846 ἡ
973 5778 1143 5851 ἑτέρα
1178 5777 1386 5834 αὐτοῦ.
1419 5777 1656 5851 Tertiam
1716 5779 1858 5834 hanc
1902 5778 2133 5849 Philippi

560 5848 987 5922 ﬁliam—sejungit
1028 5850 1338 5923 Polycrates
1395 5865 1426 5904 a
1474 5848 1683 5903 duabus
1747 5851 1868 5904 aliis
1911 5848 2129 5919 quaem

2238 4666 2470 4723 quatuor
2496 4650 2622 4706 ﬁliae
2657 4651 2886 4720 Philippi
2922 4660 3302 4706 nuuiereutur.
3341 4653 3662 4720 Respondeo
3704 4650 3805 4706 Po-

2236 4726 2498 4796 lycratem
2533 4739 2720 4778 earum
2751 4723 3012 4776 duntaxat
3047 4723 3379 4777 mentionem
3429 4724 3643 4796 fecisse,
3685 4738 3807 4791 quae

2237 4793 2287 4847 in
2319 4796 2442 4848 Asia
2480 4806 2705 4848 mortua:
2750 4796 3081 4861 sepulta!th
3129 4803 3348 4858 essent,
3387 4803 3446 4847 ut
3491 4793 3678 4847 videre
3719 4804 3808 4847 est

2237 4865 2290 4916 in
2341 4865 2552 4934 integra
2593 4865 2760 4933 ipsius
2795 4864 3021 4933 epistola
3059 4862 3443 4934 quaegrel'crtur
3472 4865 3524 4917 in
3561 4862 3717 4934 libro
3749 4879 3801 4916 v.

2234 4934 2366 4988 Cum
2405 4932 2568 5004 igitur
2595 4932 2698 4986 una
2749 4932 3084 5003 ex’quatuor
3147 4932 3254 4986 illis
3289 4933 3504 5004 ﬁliabus
3545 4933 3806 4987 Caesareae

2235 5017 2329 5058 aut
2363 5003 2486 5060 alibi
2521 5017 2730 5058 tnortua
2755 5017 2920 5067 esset,
2957 5005 3076 5059 ideo
3101 5004 3299 5056 nullam
3332 5003 3448 5070 ejus
3473 5004 3803 5057 mentionem

2236 5074 2365 5129 iecit
2415 5076 2748 5146 Polycrates.
2813 5077 2980 5146 Porro
3023 5090 3086 5146 ex
3156 5075 3368 5146 ﬁliabus
3421 5075 3650 5146 Philippi
3698 5089 3804 5146 una

2238 5143 2549 5208 Hermione,
2619 5148 2788 5197 altera
2845 5145 3110 5214 Eutycbis
3152 5143 3454 5198 dicebatur.
3520 5144 3612 5198 Sic
3659 5145 3806 5197 enim

2237 5217 2496 5269 scribitur
2532 5218 2585 5269 in
2629 5214 2832 5268 Memno
2864 5215 3179 5270 Graecorum
3218 5233 3230 5266 :
3271 5215 3368 5269 Die
3401 5214 3436 5266 4
3485 5214 3808 5281 Septembris

2235 5286 2658 5339 commemoratio
2696 5285 2755 5339 S.
2787 5284 3108 5348 llermionw,
3140 5286 3296 5338 unius
3321 5302 3384 5339 ea:
3415 5297 3640 5352 quatuor
3663 5283 3809 5351 [ilia-

2238 5357 2327 5408 bus
2370 5355 2597 5424 Philippi
2628 5356 2872 5423 apostoli,
2901 5357 2992 5417 qui
3034 5357 3312 5421 baptizavit
3339 5356 3632 5409 eunuchum
3665 5352 3810 5406 Can—

2237 5427 2414 5479 daecs.
2443 5426 2571 5482 llwc
2623 5439 2667 5478 et
2696 5442 2845 5478 soror
2879 5427 2992 5495 ejus
3038 5425 3290 5494 Eutychis
3353 5429 3405 5479 in
3451 5426 3629 5477 Asiam
3670 5425 3807 5477 venit

2237 5507 2350 5564 post
2417 5511 2633 5550 mortem
2703 5494 2930 5550 Joannis
2987 5496 3237 5564 apostoli,
3291 5508 3400 5553 etc.
3456 5494 3690 5564 Sepulta
3732 5503 3809 5548 est

2239 5563 2450 5634 Ephesi.
2489 5568 2654 5636 Igitur
2684 5583 2747 5621 ex
2803 5563 3027 5620 Mena’o'
3063 5567 3346 5631 discimus,
3390 5569 3604 5636 tertiam
3660 5563 3809 5617 illan]

2240 5636 2467 5707 Philippi
2517 5634 2708 5697 iiliam.
2758 5638 2823 5690 de
2881 5653 2984 5704 qua
3042 5638 3128 5690 hic
3191 5638 3431 5704 loquitur
3477 5634 3809 5704 Polycrates,

2243 5704 2587 5762 llernIi’onem
2621 5708 2940 5776 appellatam
2974 5707 3167 5761 fuisse.
3222 5707 3435 5762 Etenim
3491 5707 3808 5776 Polycrates

2241 5794 2359 5832 eam
2399 5779 2594 5847 ltpbesi
2649 5774 2915 5846 sepultam
2972 5794 3093 5844 esse
3141 5779 3294 5843 dicit,
3340 5795 3461 5834 cum
3527 5774 3646 5832 dua:
3693 5774 3814 5842 ejus

2243 5865 2458 5906 sorores
2497 5849 2719 5920 sepulta:
2756 5858 2935 5904 essent
2967 5847 3262 5919 Hierapoli.
