4096 6446
271 308 376 363 εει
1285 290 1637 368 HISTORIA:
1679 315 1834 372 ECCI

1932 316 2236 374 ,ιΑετιςιε
2277 320 2402 373 LIB.
2449 322 2532 375 Ill.
3435 331 3544 385 '28!

269 420 445 476 τῶνδε
474 420 765 492 τελευτῆς.
794 422 905 477 Καὶ
940 423 999 477 ὲν
1022 423 1101 494 τῷ
1132 425 1294 480 Γαΐου
1319 427 1396 491 δὲ,
1429 423 1492 484 οὗ
1527 430 1709 503 μικρῷ
1743 450 1834 504 πρε

1932 453 1946 495 ι
1977 434 2200 491 Proclus
2233 436 2490 492 adversus
2523 450 2684 503 quem
2721 437 2964 495 instituta
3004 449 3088 497 est
3123 442 3439 513 disputatio.
3473 448 3542 506 de

265 516 396 569 σθεν
409 517 439 568 ὲ
448 516 675 587 μνήσθη
685 534 807 587 μεν,
825 520 1110 588 Διαλόγῳ,
1125 519 1387 590 Πρόκλος,
1407 523 1542 594 πρὸς
1557 525 1615 577 ὂν
1635 527 1834 579 ὲποιεῖτ

1972 528 2205 600 Philippi
2237 531 2463 599 ejusque
2497 531 2732 586 ﬁliarum
2769 534 2941 598 exitu,
2993 536 3151 603 plane
3193 541 3539 597 consentiens

265 609 366 679 τὴν
396 608 666 679 ζήτησιν,
698 609 826 681 περὶ
867 610 965 680 τῆς
989 610 1254 665 Φιλίππου
1288 613 1379 667 καὶ
1418 614 1527 668 τῶν
1557 616 1834 691 θυγατέρω

1967 621 2181 674 cum‘iis
2202 635 2322 689 quae
2339 624 2497 676 modo
2524 623 2821 686 retulimus,
2842 625 2918 680 sic
2941 628 3017 680 ait
3049 646 3062 680 :
3097 649 3114 679 ι
3145 630 3387 696 Quatuor
3417 642 3537 701 post

264 700 440 754 αὑτοῦ
472 702 739 774 τελευτῆς
765 703 1005 774 συνᾴδων
1029 706 1142 768 τοῖς
1164 705 1485 771 ἐκτεθεῖσιν,
1503 709 1646 762 οὕτω
1663 710 1825 781 φησίν

1969 711 2082 764 haec
2128 712 2356 782 Philippi
2401 715 2527 768 ﬁliae
2582 715 2926 784 prophetides
2978 717 3198 773 fuerunt
3262 700 3532 793 Hierapoli

272 810 288 840 ι
340 790 512 844 Μετά
557 789 715 844 τοῦτο
749 792 806 845 δὲ
848 794 1176 865 προφήτιδες
1220 795 1483 868 τέσσαρες
1516 800 1572 852 αἱ
1597 800 1834 854 ιῐίλίππο

1967 805 2111 858 Asia:
2141 806 2389 870 civitate,
2417 809 2507 861 ubi
2541 809 2704 862 etiam
2747 825 2936 864 earum
2981 820 3035 866 et
3092 816 3261 883 patris
3301 789 3531 888 Philippi

264 881 609 951 γεγένηνται
659 884 719 936 ὲν
776 885 1072 956 Ἱεραπόλει
1119 890 1184 958 τῇ
1239 889 1381 942 κατὰ
1427 891 1524 962 τὴν
1580 893 1792 946 Ἀσίαν·

1964 897 2271 965 sepulcrum
2298 899 2513 952 visitur.
2540 919 2559 952 ι
2599 901 2722 956 lltec
2749 902 2854 956 ille.
2888 901 3063 958 Lucas
3093 921 3222 960 vero
3244 908 3294 960 ἰιι
3309 910 3536 966 Actibus

264 973 438 1044 τάφος
480 975 676 1029 αὐτῶν
711 977 858 1030 ἐστιν
892 979 1027 1042 ἐκεῖ,
1071 980 1165 1033 καὶ
1200 985 1228 1033 ὁ
1259 982 1351 1034 τοῦ
1376 984 1580 1053 πατρὸς
1602 985 1803 1039 αὐτῶν.

1963 989 2353 1057 apostolorum,
2390 990 2618 1062 Philippi
2656 993 2887 1046 filiarum
2933 997 3214 1058 meminit.
3248 1015 3367 1066 quae
3395 1001 3535 1057 dono

264 1067 455 1122 Ταῦτα
491 1068 600 1138 μὲν
630 1061 804 1133 οὗτος.
853 1071 910 1122 '0
941 1069 998 1124 δὲ
1028 1073 1239 1136 Λουκᾶς
1270 1076 1328 1126 ἐν
1352 1078 1469 1139 ταῖς
1495 1076 1730 1147 Πράξεσι
1752 1077 1834 1130 τῶ

1961 1081 2258 1150 prophetia:
2298 1095 2526 1147 ornatae,
2583 1087 2723 1152 apud
2787 1087 3087 1142 Ctesaream
3148 1089 3348 1145 Judaaa:
3408 1103 3535 1149 ttmc

263 1160 616 1222 ἄποστόλων,
655 1161 766 1215 τῶν
803 1162 1070 1218 Φιλίππου
1108 1165 1422 1238 θυγατέρων
1468 1170 1523 1221 ἐν
1553 1170 1834 1241 Καισαρείε

1963 1177 2222 1245 temporis
2257 1193 2379 1231 cum
2425 1191 2576 1248 patre
2623 1180 2911 1248 degebant.
2960 1182 3286 1245 «Venimus.
3336 1186 3532 1254 inquit.

262 1253 357 1322 τῆς
403 1253 682 1317 Ἰουδαίας
707 1254 826 1325 ἅμα
844 1254 921 1325 τῷ
952 1258 1120 1328 πατρὶ
1151 1257 1270 1310 τότε
1293 1259 1702 1330 διατριόουσῶν,
1726 1279 1834 1334 προ

1959 1267 2262 1323 Cmsaream
2296 1288 2310 1323 :
2344 1282 2396 1325 et
2439 1271 2669 1339 ingressi
2700 1273 2750 1326 in
2793 1274 3008 1328 domum
3040 1273 3267 1344 Philippi
3297 1253 3534 1346 evange-

263 1343 502 1415 φητικοῦ
527 1362 592 1397 τε
633 1347 973 1417 χαρίσματος
996 1347 1333 1418 ἠξιωμένων,
1367 1351 1693 1422 μνημονεύει
1715 1371 1834 1408 κατι

1959 1361 2117 1428 Ιὶειαε,
2151 1363 2243 1431 qui
2279 1372 2398 1416 erat
2422 1379 2559 1417 unus
2583 1379 2614 1418 e
2639 1374 2866 1433 septem,
2893 1365 3190 1420 mansimus
3215 1371 3356 1435 apud
3382 1383 3528 1426 eum.

262 1435 406 1502 λέξιν
442 1432 558 1490 ὧδέ
594 1455 712 1501 πως
743 1438 914 1507 λέγων
935 1453 976 1468 °‘
1003 1458 1021 1489 ι
1073 1439 1346 1512 Ἥλθομεν
1377 1445 1456 1506 είς
1498 1444 1834 1523 Καισάρειαν

1961 1455 2093 1510 Huic
2125 1467 2308 1510 autem
2343 1432 2752 1526 erantquatuor
2779 1458 2898 1512 tiliae
2936 1460 3170 1529 virgines
3199 1461 3532 1532 prophetau-

261 1522 352 1576 καὶ
385 1524 741 1590 εἰσελθόντες
770 1529 850 1590 εἰς
880 1527 969 1580 τὸν
1008 1524 1155 1582 οἷκον
1185 1530 1452 1585 Φιλίππου
1495 1533 1589 1586 τοῦ
1629 1537 1834 1605 εὐαγγει

1958 1559 2059 1601 tes.
2089 1566 2108 1598 ι
2151 1548 2425 1616 Expositis
2451 1522 2616 1620 igitur
2646 1549 2906 1603 hactenus
2933 1566 3266 1620 quiecunqne
3290 1522 3355 1606 ad
3389 1555 3531 1607 noti-

261 1615 440 1669 λιστοῦ
494 1619 660 1682 ὄντος
708 1621 773 1672 ὲκ
813 1619 919 1672 τῶν
969 1621 1131 1685 ἑπτὰ,
1177 1624 1470 1695 ἐμείναμεν
1512 1630 1640 1700 παρ’
1683 1629 1830 1701 αὐτῷ

1957 1639 2085 1691 tiam
2126 1646 2366 1692 nostram
2394 1650 2799 1708 pervenerunt,
2849 1652 2960 1694 tum
2991 1643 3056 1697 de
3091 1644 3352 1712 apostolis
3396 1645 3528 1712 ipsis
3592 1709 3594 1711 ,

261 1707 447 1780 Τούτῳ
496 1710 562 1763 δὲ
609 1706 750 1783 ἦσαν
793 1713 1052 1784 παρθένοι
1086 1714 1382 1788 θυγατέρες
1425 1719 1687 1792 τέσσαρες
1722 1740 1834 1793 προ-

1954 1739 2008 1784 et
2057 1733 2126 1785 de
2157 1706 2407 1799 tempore
2437 1731 2615 1786 obitus
2647 1732 3024 1801 singulorum,
3068 1744 3179 1787 tum
3238 1735 3304 1789 de
3355 1736 3528 1790 sacris

264 1801 628 1869 φητεῦουσαι.
685 1821 703 1855 ι
758 1805 838 1857 Τὰ
882 1806 979 1876 μὲν
1028 1802 1120 1859 οῦν
1172 1809 1251 1872 είς
1304 1789 1834 1883 ήμετέραννέλθόντε

1955 1822 2325 1877 volo-minibus
2363 1838 2482 1891 qua:
2511 1825 2666 1878 nobis
2694 1824 3030 1894 reliquerunt
3068 1844 3081 1879 :
3117 1827 3184 1879 ad
3228 1832 3343 1881 hac
3370 1828 3433 1881 de
3460 1828 3526 1882 iis

261 1893 460 1957 γνῶσιν
498 1893 637 1963 περί
671 1911 728 1946 τε
763 1894 869 1947 τῶν
908 1895 1221 1950 ἀποστόλων
1261 1899 1373 1970 (55)
1427 1901 1518 1954 καὶ
1572 1901 1678 1954 τῶν
1718 1904 1834 1957 ἀπο-

1954 1915 2103 1969 lt-bris
2135 1915 2224 1984 qui
2255 1916 2306 1967 in
2333 1915 2552 1969 dubium
2577 1919 2794 1984 quidem
2814 1893 3169 1984 revocantur,
3200 1919 3249 1973 in
3277 1919 3523 1988 plurimis

267 1983 527 2036 στολικῶν
566 1985 799 2056 χρόνων,
835 1980 907 2040 ῶν
933 2006 993 2041 τε
1020 1989 1476 2044 καταλελοίπασιν
1523 1993 1652 2063 ἡμῖν
1690 1995 1848 2065 ἱερῶν

263 2073 634 2143 γραμμάτων,
660 2076 756 2129 καὶ
789 2077 898 2131 τῶν
929 2079 1357 2152 ἀντιλεγομένων
1399 2081 1518 2152 μὲν,
1550 2083 1699 2153 ὅμως
1723 2084 1767 2136 δ’
1792 2088 1848 2138 ὲν

266 2165 542 2230 πλείσταις
576 2167 834 2239 Ἐκκλησί
839 2187 923 2234 αις
937 2171 1314 2244 παρὰ’πολλοῖς
1327 2173 1446 2245 δεδη
1457 2191 1642 2244 μοσιευ
1651 2175 1846 2246 μένων,

262 2259 360 2310 τῶν
401 2277 462 2312 τε
513 2261 809 2325 παντελῶς
838 2263 1007 2318 νόθων
1035 2266 1130 2318 καὶ
1161 2267 1261 2338 τῆς
1303 2268 1666 2340 ἀποστολικῆς
1694 2269 1849 2340 ὀρθο-

263 2349 428 2417 δοξίας
457 2352 769 2425 ἀλλοτρίων
796 2357 853 2407 ὲν
877 2357 1087 2422 τούτοις
1107 2359 1462 2430 διειληφότες,
1495 2362 1584 2414 ἐπὶ
1612 2363 1710 2433 τὴν
1740 2361 1847 2414 τῶν

264 2444 378 2513 ἑξῆς
410 2445 710 2517 προΐωμεν
741 2449 1006 2520 ἱστορίαν.

768 2541 1165 2596 ΚΕΦΑΛΑΙΟΝ
1205 2544 1326 2597 AB’.

268 2629 452 2696 Ὅπως
487 2633 746 2711 Συμεὼν
771 2637 804 2688 ὁ
851 2635 1284 2711 Ἰεροσᾳζύμῳν
1311 2638 1642 2705 ἐπίσκοπος
1666 2639 1843 2709 ἐμαρ-

590 2705 860 2772 τύρησεν
898 2706 1040 2777 (Nic.
1067 2705 1238 2760 ΝΛΞ.
1274 2724 1355 2768 ιιι,
1394 2711 1502 2777 l6).

326 2792 475 2848 Μετὰ
505 2795 745 2868 Νέρωνα
774 2797 870 2850 καὶ
907 2798 1254 2869 Δομετιανὸν,
1281 2799 1421 2853 κατά
1445 2799 1632 2854 τοῦτον
1657 2795 1718 2854 οῦ
1748 2800 1842 2856 νῦν

269 2887 376 2949 τοὺς
410 2890 649 2960 χρόνους
686 2889 1033 2963 ἐξετάζομεν,
1081 2894 1320 2964 μερικῶς
1350 2895 1444 2948 καὶ
1478 2896 1620 2951 κατά
1662 2897 1842 2962 πόλεις

273 2975 322 3040 ἐξ
340 2969 770 3046 ἐπαναστάσεως
800 2983 1007 3054 δήμων,
1042 2985 1131 3038 τὸν
1155 2985 1276 3038 καθ’
1311 2986 1468 3056 ἡμῶν
1501 2988 1720 3060 κατέχει
1754 2989 1841 3044 λό-

269 3083 348 3136 γος
383 3071 785 3146 ἀνακινηθῆναι
817 3074 1076 3146 διωγμόν.
1115 3077 1200 3135 Ἐν
1235 3070 1279 3146 ᾧ
1317 3079 1581 3150 Συμεῶνα
1623 3081 1713 3136 τὸν
1746 3083 1839 3137 τοῦ

270 3161 479 3229 Κλωπᾶ,
517 3166 583 3220 ὃν
634 3165 884 3239 δεύτερον
917 3168 1252 3240 καταστῆναι
1297 3171 1398 3241 τῆς
1431 3173 1489 3226 ὲν
1548 3172 1838 3245 Ἱεροσολύ-

275 3271 375 3320 μοις
427 3257 763 3328 Ἐκκλησίας
802 3258 1098 3315 ἐπίσκοπον
1147 3253 1514 3335 ἐδηλώσαμεν,
1553 3267 1838 3338 μαρτυρίῳ

271 3345 347 3400 τὸν
370 3347 479 3418 βίον
500 3350 776 3404 ἀναλῦσαι
804 3353 1238 3442 παρειλήφαμεν.
1267 3357 1375 3409 Καὶ
1408 3357 1594 3411 τούτου
1627 3359 1834 3431 μάρτυς

273 3437 410 3504 αὐτὸς
437 3443 676 3508 ἐκεῖνος,
723 3439 783 3498 οῦ
831 3433 1109 3518 δίαφόροις
1127 3433 1248 3518 ’ἤδη
1294 3450 1555 3522 πρότερον
1596 3453 1833 3524 ἐχρησά-

277 3530 393 3597 μεθα
423 3538 659 3602 φωναῖς,
705 3536 1046 3607 Ἡγήσιππος
1066 3554 1080 3567 ο
1110 3539 1165 3602 ὃς
1202 3540 1265 3611 δὴ
1299 3543 1425 3614 περί
1451 3561 1608 3599 τινων
1630 3548 1834 3618 αἱρετι-

275 3621 366 3675 κῶν
391 3625 644 3698 ἱστορῶν,
666 3628 823 3695 ὲπιψέ
830 3645 912 3698 ρει
934 3629 1126 3700 δηλῶν,
1147 3631 1220 3694 ὡς
1234 3633 1340 3703 ἄρα
1359 3635 1461 3687 ὑπὸ
1476 3635 1678 3691 τούτων
1694 3639 1832 3693 κατὰ

274 3716 399 3769 τόνδε
426 3719 514 3772 τὸν
542 3718 738 3791 χρόνον
765 3721 1061 3789 ὑπομείνας
1087 3726 1444 3794 κατηγορίαν,
1473 3727 1826 3798 πολυτρόπως

273 3807 656 3882 ὁδηλούμενος,
690 3811 838 3864 ὡσάν
881 3813 1204 3883 Χριστιανὸς
1261 3817 1354 3868 ἐπὶ
1381 3809 1663 3883 πλείσταις
1686 3823 1830 3874 αἰκι-

279 3895 400 3962 σθεὶς
438 3903 698 3973 ἡμέραις,
731 3902 890 3955 αὐτόν
920 3921 979 3956 τε
1007 3905 1096 3958 τὸν
1131 3907 1389 3980 δικαστὴν
1415 3911 1509 3963 καὶ
1537 3914 1662 3976 τοὺς
1688 3915 1826 3984 ἀμφ’

276 3987 411 4042 αὑτὸν
443 3995 521 4057 εἰς
575 3993 644 4046 τὰ
681 3993 913 4064 μέγιστα
953 3998 1328 4070 καταπλήξας.
1373 4001 1450 4072 τῷ
1482 4002 1576 4055 τοῦ
1622 4007 1829 4077 Κυρίθυ

278 4083 412 4137 πάθει
439 4087 826 4159 παραπλήσιον
855 4088 1005 4152 τέλος
1025 4089 1392 4161 ἀπηνέγκατο.
1431 4094 1596 4147 Οὐδὲν
1634 4096 1689 4149 δὲ
1718 4092 1828 4150 οἷον

277 4173 462 4229 καὶτοῦ
491 4178 858 4249 συγγραφέως
881 4180 1205 4248 ἐπακοῦσαι,
1234 4185 1371 4238 αὐτὰ
1401 4185 1463 4256 δὴ
1484 4186 1656 4240 ταῦτα
1690 4190 1828 4242 κατὰ

277 4261 392 4328 λέξιν
426 4263 522 4323 ὧδέ
560 4289 678 4333 πως
714 4271 1082 4342 ἱστοροῦντος·
1135 4294 1153 4325 ι
1218 4276 1348 4328 Ἀπὺ
1376 4278 1580 4331 τούτων
1623 4280 1819 4351 δηλαδὴ

275 4354 361 4408 τῶν
403 4361 694 4430 αἱρετικῶν
765 4362 1128 4434 κατηγοροῦσί
1203 4383 1346 4431 τινες
1392 4369 1673 4439 Συμεῶνος
1724 4371 1817 4425 τοῦ

1954 2017 2130 2060 tamen
2171 2006 2426 2061 Ecelesiis
2461 2008 2640 2076 palam
2674 2007 2930 2078 leguntur
2963 2030 2974 2063 :
3008 2021 3282 2078 postremo
3311 2012 3377 2066 de
3411 2012 3518 2066 illis

1949 2099 2038 2167 qui
2075 2097 2240 2165 plane
2281 2096 2451 2168 spurii
2481 2107 2606 2153 sunt
2631 2139 2646 2163 ,
2691 2109 2746 2154 et
2781 2116 2809 2152 a
2841 2110 2985 2156 recta
3021 2102 3128 2157 {ide
3166 2103 3520 2171 doctrinaque

1948 2185 2319 2253 apostolorum
2383 2185 2567 2251 alieni,
2623 2203 2766 2243 nunc
2825 2191 2889 2244 ad
2937 2192 3276 2260 sequentium
3340 2208 3521 2247 rerum

1949 2277 2320 2333 narrationem
2353 2282 2790 2351 progrediamur.

2496 2545 2722 2603 CAPUT
2759 2545 2973 2601 XXXII.

1949 2635 2224 2700 Quomodo
2265 2634 2493 2708 Symeon
2537 2637 3034 2760 Ηίςτοεοῑμὲιιοηιηι
3061 2640 3328 2708 episcopus
3375 2657 3520 2696 mar-

2525 2719 2720 2760 (unum
2749 2727 2808 2760 su
2848 2721 2929 2760 Νι.

2525 2719 2720 2778 (gnum
2749 2719 2929 2763 subiit.

2013 2794 2145 2851 Post
2173 2797 2408 2853 Neronis
2461 2815 2526 2854 ac
2579 2801 2868 2854 Domitiani
2917 2803 3372 2870 persecutionem,
3418 2805 3517 2858 sub

1943 2888 2048 2943 hoc
2093 2890 2247 2960 cujus
2271 2907 2413 2946 nunc
2449 2901 2688 2962 tempora
2726 2883 3221 2950 commemoramus
3257 2893 3516 2964 Trajano,

1943 2982 2327 3049 particularem
2361 2986 2648 3054 quamdam
2679 3002 2774 3056 per
2801 2986 3044 3055 singulas
3073 2987 3322 3042 civitates
3345 3002 3515 3062 popuf

1944 3075 2042 3131 lari
2077 3087 2232 3157 motu
2261 3079 2525 3133 adversus
2568 3089 2782 3134 nostros
2824 3080 3114 3135 excitatam
3163 3094 3284 3134 esse
3327 3093 3514 3149 perse-

1942 3169 2210 3224 cutionem
2232 3171 2559 3241 accepimus.
2585 3169 2640 3224 In
2679 3187 2783 3240 qua
2828 3173 3063 3242 Symeon
3107 3171 3319 3240 Cleopae
3346 3171 3507 3238 ﬁlius,

1935 3277 2092 3333 quem
2109 3265 2398 3319 secundum
2424 3265 2676 3320 Ecclesiae
2695 3265 3192 3336 llierosolymitanm
3203 3263 3513 3336 episcopum

1934 3357 2285 3410 eonstitutnm
2314 3371 2435 3411 esse
2466 3357 2767 3418 docuimus,
2801 3357 3061 3427 martyrio
3104 3356 3270 3410 vitam
3311 3355 3514 3411 ﬁniisse

1935 3457 2286 3502 memoratur.
2327 3445 2506 3527 llujus,
2523 3447 2600 3501 rei
2639 3447 2791 3502 testis
2825 3455 2910 3500 est
2951 3448 2995 3499 is
3019 3447 3184 3515 cujus
3207 3447 3508 3516 verbajam

1933 3541 2090 3595 toties
2120 3539 2425 3606 retulimus,
2469 3537 2821 3609 Hegesippus.
2853 3539 2953 3606 Qui
2984 3539 3049 3591 de
3079 3539 3350 3594 haereticis
3391 3539 3513 3608 qui-

1931 3631 2156 3686 busdam
2197 3632 2362 3685 verba
2399 3631 2622 3694 faciens,
2648 3631 2715 3685 ab
2736 3632 2922 3685 iisdem
2949 3631 3092 3685 circa
3122 3632 3235 3684 haec
3264 3640 3506 3700 tempora

1932 3730 2247 3775 accusatum
2307 3721 2585 3790 subiungit
2631 3737 2752 3775 esse
2807 3719 3174 3789 Symeonem,
3233 3721 3511 3789 variisque

1933 3822 2317 3868 tormentorum
2349 3813 2633 3880 generibus
2660 3827 2756 3881 per
2781 3812 2894 3865 dies
2935 3812 3193 3881 plurimos
3223 3813 3506 3867 excrucia-

1933 3913 2068 3970 tum,
2097 3919 2162 3959 eo
2203 3903 2344 3974 quod
2378 3902 2718 3958 Christianus
2754 3911 2915 3967 esset,
2962 3901 3310 3954 admirationi
3341 3901 3508 3957 fuisse

1934 4004 2044 4050 tum
2077 3994 2272 4064 judici,
2315 4005 2426 4047 tum
2457 3992 2783 4046 satellitibus
2828 4008 2889 4046 ac
2926 3993 3229 4047 ministris:
3261 3994 3506 4048 tandem-

1933 4103 2037 4156 que
2066 4088 2252 4140 eodem
2289 4085 2536 4154 supplicii
2564 4100 2764 4154 genere
2787 4085 2927 4152 quod
2977 4081 3234 4136 Dominus
3258 4083 3502 4152 pertulit,

1930 4182 2097 4234 vitam
2132 4180 2290 4252 104
2313 4179 2595 4233 clausisse.
2648 4177 2752 4232 Sed
2801 4175 2970 4230 satius
3013 4185 3096 4230 est
3128 4174 3289 4228 verba
3339 4175 3507 4244 ipsius

1935 4273 2214 4342 scriptoris
2248 4273 2360 4326 haec
2392 4269 2664 4324 narrantis
2682 4268 2892 4321 audire.
2919 4285 2937 4317 ι
2968 4267 3046 4320 Ex
3078 4280 3285 4330 eorum,
3309 4265 3506 4334 inquit,

1937 4367 2312 4422 haereticorum
2354 4378 2580 4417 numero
2606 4403 2620 4428 ,
2667 4361 2887 4431 Quidam
2937 4360 3259 4430 Symeonem
3293 4357 3508 4428 Cleopzn

278 4444 454 4503 Κλωπᾶ
493 4452 632 4524 (54),
674 4453 748 4517 ὡς
788 4454 936 4517 ὄντος
976 4456 1084 4508 ἀπὸ
1132 4458 1296 4510 Δαϐὶδ
1339 4461 1430 4514 καὶ
1477 4460 1822 4533 Χριστιανοῦ.

1936 4461 2099 4515 lilium
2130 4457 2458 4520 detulerunt,
2492 4453 2631 4523 quod
2670 4468 2730 4506 ex
2770 4453 2940 4520 stirpe
2967 4451 3189 4504 Davidis
3218 4453 3503 4516 oriundus,

280 4537 367 4593 Καὶ
406 4546 541 4600 οὕτω
593 4550 862 4618 μαρτυρεί
919 4547 1054 4599 ἐτῶν
1104 4548 1178 4601 ὢν
1224 4552 1416 4605 ἑκατὸν
1470 4555 1693 4616 εἴκοσιν,
1734 4558 1826 4610 ἐπὶ

281 4629 518 4701 Τραϊανοῦ
564 4640 845 4712 Καίσαρος
884 4644 978 4695 καὶ
1018 4643 1283 4698 ὑπατικοῦ
1338 4646 1582 4700 Ἀττικοῦ
1617 4648 1750 4718 (55).
1801 4669 1819 4698 ι

336 4861 435 4938 (55)
473 4870 615 4938 Περί
642 4886 705 4922 τε
727 4868 844 4923 τῶν
871 4870 1252 4925 ἀποστόλων.
1281 4867 1338 4922 In
1364 4877 1598 4936 quatuor
1625 4871 1826 4924 nostris

282 4934 428 5008 codic.
460 4934 574 4993 Mai
607 4981 622 5002 ,
652 4941 765 4994 Med
799 4940 973 5004 ,Fuk.
1026 4950 1082 4994 et
1131 4934 1408 4994 Saviliano
1453 4941 1713 5008 scriptum
1746 4941 1827 4994 itt-

286 5005 528 5078 Veiljhrzapi
555 5028 618 5062 τε
647 5010 754 5062 τῶν
784 5010 1094 5064 ἀποστόλων
1125 5010 1322 5064 αὐτῶν.

310 5139 321 5149 .
341 5073 786 5150 (ὅθίῖυμεῶνος
819 5081 924 5134 τοῦ
955 5079 1193 5135 Κλωπᾶ.
1229 5079 1286 5133 ln
1306 5079 1508 5150 _codice
1542 5079 1709 5146 Regio
1751 5079 1824 5134 le-

286 5148 401 5219 gitur
437 5148 708 5219 Σίμωνος,
758 5161 813 5203 ιιι
857 5151 1061 5204 notavit
1101 5153 1263 5204 etiam
1305 5148 1442 5203 Rob.
1490 5150 1816 5218 Stephanus.

291 5207 612 5290 Hieronymus
653 5207 706 5274 in
736 5221 1019 5286 Chronico,
1050 5221 1208 5289 hujus
1238 5220 1475 5288 episcopi
1510 5207 1817 5290 Hierosoly-

290 5287 442 5340 tuitani
463 5306 669 5360 nomen
699 5291 892 5358 duplici
936 5292 1094 5344 modo
1122 5287 1283 5345 scribi
1317 5287 1566 5360 testatur,
1600 5287 1821 5360 Symeo-

291 5362 384 5431 ιιεῃι
406 5359 605 5415 scilicet
631 5369 685 5416 et
728 5360 1013 5414 Simonem.
1044 5360 1186 5414 Idem
1219 5362 1378 5413 habet
1402 5359 1664 5431 Georgius
1687 5362 1820 5431 Syn-

295 5421 449 5504 εεῌέξξ.
475 5439 524 5504 et
553 5443 750 5504 auctor
781 5431 1029 5504 Chroairi
1057 5431 1428 5504 Διεξαηςιῖὶηἱ.

346 5492 439 5562 (55)
476 5501 577 5553 Καὶ
605 5501 895 5554 ὑπατικοῦ
940 5502 1213 5554 Ἀττικοῦ.
1258 5501 1309 5554 Id
1340 5509 1424 5554 est
1449 5515 1568 5554 cum
1611 5501 1822 5556 Atticus

297 5567 647 5642 fﬁstfl__legattis
704 5570 892 5640 Syrias.
950 5572 1208 5625 Solebant
1251 5571 1396 5625 enim
1448 5571 1570 5642 Syri
1622 5572 1814 5625 horum

296 5635 536 5710 Qrmidmii
586 5635 806 5694 nomine
853 5656 1026 5694 annos
1074 5643 1380 5708 designare.
1412 5635 1713 5710 ut'constat
1749 5654 1814 5696 ex

295 5690 475 5781 {caput
500 5690 1059 5778 aiataiatnisa:
1079 5690 1470 5780 ariarathis.“
1492 5690 1811 5781 minus“,

300 5775 522 5831 rectorum
560 5775 776 5835 nomine
803 5790 1043 5844 tempora
1086 5775 1375 5848 designari
1399 5775 1810 5838 consueverant.

1931 4563 1985 4608 et
2016 4549 2360 4606 Christianus
2389 4555 2552 4601 esset.
2577 4545 2754 4612 Atque
2787 4544 2860 4597 ita
2893 4545 3124 4615 Symeon
3164 4560 3287 4598 cum
3331 4559 3507 4598 annos

1933 4656 2147 4702 centum
2207 4657 2268 4697 ac
2320 4639 2508 4708 viginti
2540 4647 2700 4692 natus
2731 4648 2898 4702 esset,
2948 4637 3265 4706 martyrium
3315 4635 3504 4704 subiit,

1925 4869 2092 4923 Porro
2118 4885 2181 4922 ex
2219 4867 2409 4938 legatis
2445 4865 2677 4938 Gmsaris
2715 4864 2810 4938 alii
2844 4874 3001 4938 erant
3033 4864 3374 4938 consulares,
3410 4865 3498 4919 alii

1924 4942 2179 5008 praetorii.
2212 4935 2477 5008 Quocirca
2509 4936 2723 5008 Atticus
2759 4936 2844 4989 hic
2886 4935 3498 5008 orargogappellatur,

1923 5005 1981 5062 ut
2013 5026 2132 5063 eum
2168 5007 2507 5062 consularem
2560 5006 2729 5060 fuisse
2760 5015 2991 5058 constet.
3038 5006 3111 5059 Ex
3160 5005 3244 5058 bis
3281 5015 3504 5073 apparet

1923 5081 2060 5133 male
2104 5079 2357 5132 Ruﬁnum
2407 5075 2639 5129 vertisse
2684 5096 2696 5130 :
2737 5075 2946 5144 Martyr
2997 5076 3210 5140 e/I'ectus
3259 5087 3334 5127 est
3384 5092 3501 5128 cum

1921 5159 2051 5202 esset
2072 5163 2326 5202 annorum
2347 5156 2555 5200 centum
2574 5155 2622 5198 et
2641 5146 2855 5214 viginti,
2881 5147 2979 5198 sub
3014 5145 3246 5214 Trojano
3266 5145 3498 5209 Cmam-tr,

1921 5221 2062 5286 apud
2090 5220 2320 5271 Atticum
2342 5216 2706 5286 consularem.
2733 5214 2919 5269 Graeca
2957 5215 3242 5284 llegesippi
3288 5216 3501 5286 sicha-

1921 5284 2044 5343 bent
2073 5305 2086 5342 :
2131 5289 2296 5342 Ἐτῶν
2323 5285 2397 5339 ὣν
2434 5285 2627 5338 ἑκατὸν
2661 5286 2829 5338 εἴκοσι
2859 5287 2950 5338 ἐπὶ
2979 5286 3248 5356 Τραϊανοῦ
3289 5284 3500 5337 Καίσα-

1923 5377 2034 5433 ρος,
2060 5361 2153 5413 καὶ
2186 5356 2448 5433 υ-πατικοῦ
2484 5356 2748 5433 Ἀττικοῦέ
2781 5356 2885 5410 Sed
2917 5359 3090 5433 primo
3117 5358 3498 5433 quidemprae-

1924 5425 2122 5499 positio
2172 5431 2258 5484 illa
2290 5429 2380 5480 ὲπί
2418 5443 2525 5481 non
2568 5427 2840 5493 signiﬁcat
2870 5429 3046 5499 apud,
3075 5441 3273 5499 verum_
3298 5425 3348 5478 id
3383 5433 3498 5476 tan-

1927 5495 2037 5554 ium
2097 5502 2376 5569 designat,
2429 5499 2751 5569 Simeonem
2783 5566 2791 5569 _
2827 5497 3104 5569 martyrio
3149 5495 3492 5569 perfunctum

1925 5571 2088 5624 fuisse
2118 5565 2420 5644 principatu
2465 5565 2727 5644 Trajani,
2768 5565 3213 5644 Attico_'Syriani.
3253 5565 3488 5644 admini-

1923 5634 2149 5695 strante.
2201 5634 2402 5695 Deinde
2434 5655 2536 5692 vox
2572 5634 2660 5692 illa
2706 5637 2970 5690 ὑπατικοῦ
3019 5634 3123 5688 non
3171 5634 3495 5704 simpliciter

1921 5711 2258 5764 consularem
2292 5711 2543 5775 denotat,
2593 5709 2685 5762 sed
2742 5709 2972 5772 legatum
3027 5706 3387 5769 consularem,
3433 5711 3492 5755 ut

1921 5781 2047 5836 dixi.
2106 5779 2269 5835 Erant
2321 5779 2539 5848 rptidem
2591 5788 2750 5834 actate
2802 5776 2978 5830 Ruﬁni
3033 5775 3346 5831 consulares
3397 5775 3493 5846 qui
