4140 6430
518 351 624 409 283

1230 343 1510 402 EUSEBII
1550 341 2033 401 CESARIENSIS
2068 338 2225 399 OPP.
2264 302 2447 396 PARS
2483 336 2524 395 l.
2564 369 2636 380 —
2673 335 3063 394 HISTORICA.

3665 335 3776 391 284

518 463 826 536 principatu
853 458 1076 533 Trajani
1106 460 1363 532 Augusti,
1389 460 1572 516 Attico
1600 460 1877 516 consulari
1918 461 2095 532 legato

2200 454 2339 528 Φησὶ
2365 454 2421 509 δὲ
2450 455 2480 508 6
2507 454 2690 517 αὐτὸς,
2717 452 2921 527 ὡςᾶρα
2944 453 3038 508 καὶ
3064 452 3192 517 τοὺς
3218 451 3559 526 κατηγόρους
3583 452 3773 508 αὐτοῦ’

520 555 736 627 Syriam
767 552 1204 609 administrante.
1239 570 1260 606 ι
1287 552 1432 608 idem
1453 562 1719 623 prmterea
1756 551 1969 613 scribit.
1999 566 2096 607 eos

522 647 671 716 ipsos
707 643 1000 715 Symeonis
1044 650 1417 710 accusatores,
1471 657 1594 698 cum
1649 651 1779 697 tunc
1834 642 2096 712 temporis

519 750 713 790 omnes
754 749 819 789 ex
871 735 1017 805 regia
1051 730 1362 789 Judazorum
1410 733 1553 788 tribu
1598 731 1819 787 oriundi
1865 731 2097 787 sollicite

521 826 1005 897 investigarentur,
1039 826 1321 881 convictos
1347 839 1469 882 esse
1513 824 1658 895 quod
1712 840 1782 880 ex
1823 839 1885 880 ea
1922 824 2097 895 stirpe

520 918 786 987 originem
844 917 1130 973 ducerent.
1186 915 1358 971 Porro
1415 915 1562 970 hunc
1611 913 1935 986 Symeonem
1986 929 2093 971 non

522 1008 759 1062 absurde
788 1006 911 1077 quis
938 1006 1143 1061 dixerit
1181 1015 1237 1061 et
1277 1015 1635 1075 spectatorem
1684 1014 1741 1062 et
1792 1006 2093 1062 auditorem

522 1097 738 1152 Domini
779 1096 984 1166 fuisse;
1046 1112 1165 1152 cum
1195 1106 1252 1152 et
1292 1097 1620 1152 diuturnitas
1647 1097 1773 1152 vita:
1805 1096 1993 1168 ipsius,
2039 1106 2096 1152 et

522 1188 939 1260 Evangeliorum
974 1188 1107 1244 fldes
1131 1188 1186 1244 id
1210 1197 1459 1243 astruere
1497 1188 1767 1254 videatur,
1816 1187 1870 1244 in
1899 1189 2097 1260 quibus

521 1280 689 1336 Maria
719 1282 965 1352 quaedam
995 1288 1457 1335 commemoratur
1490 1279 1706 1350 Cleopae
1747 1280 1889 1351 lilia,
1938 1282 2096 1351 cujus

522 1376 844 1447 Symeonem
898 1374 1068 1429 filium
1126 1373 1297 1428 fuisse
1358 1388 1523 1443 supra
1582 1373 1885 1430 docuimus.
1943 1375 2097 1430 Alios

522 1479 783 1541 praeterea
824 1477 1049 1537 nepotes
1083 1468 1244 1522 unius
1286 1482 1354 1523 ex
1406 1467 1624 1524 Domini
1666 1465 1962 1534 fratribus,
2008 1468 2095 1523 cui

522 1576 717 1616 nomen
749 1570 870 1616 erat
895 1560 1065 1623 ludas.
1091 1560 1158 1613 ad
1194 1560 1296 1614 hoc
1329 1574 1503 1631 usque
1544 1558 1768 1629 Trajani
1807 1560 2093 1631 imperium

523 1653 685 1707 vitam
731 1650 1058 1721 produxisse
1104 1649 1243 1703 idem
1287 1651 1525 1719 scriptor
1576 1646 1765 1714 refert,
1812 1664 1934 1704 cum
1982 1646 2093 1717 jam

521 1752 680 1799 antea
709 1745 809 1799 sub
862 1742 1190 1806 Domitiano,
1249 1750 1310 1796 ut
1356 1740 1615 1805 diximus,
1672 1739 1878 1796 Christi
1927 1739 2086 1795 fidem

2197 546 2545 619 ζητουμένων
2578 545 2700 599 τότε
2740 545 2848 599 τῶν
2884 544 2993 600 ἀπὸ
3020 543 3121 614 τῆς
3163 543 3443 615 βασιλικῆς
3500 543 3776 597 Ἰουδαίων

2197 638 2391 710 φυλῆς,
2427 636 2576 691 ὠσὰν
2623 637 2681 705 ἐξ
2712 636 2882 708 αὑτῆς
2917 635 3096 699 ὄντας,
3146 632 3348 688 ἁλῶναι
3398 633 3618 705 συνέδη.
3667 635 3773 687 Δο-

2196 732 2381 803 γισμῷ
2401 731 2445 785 δ’
2467 729 2535 785 ἂν
2557 730 2651 785 καὶ
2682 730 2774 784 τὸν
2810 728 3073 800 Συμεῶνα
3111 726 3217 781 τῶν
3245 726 3525 780 αὐτοπτῶν
3552 727 3645 781 καὶ
3675 727 3775 780 αύ-

2196 824 2408 896 τηκὸων
2445 823 2588 878 εἴποι
2621 824 2687 879 ἄν
2727 839 2811 887 τις
2848 822 3128 892 γεγονέναι
3172 820 3268 875 τοῦ
3299 820 3525 894 Κυρίου,
3565 837 3776 893 τεκμη-

2201 916 2299 988 ρίῳ
2325 915 2401 987 τῷ
2432 917 2596 988 μήκει
2623 913 2715 968 τοῦ
2747 915 2939 987 χρόνου
2968 914 3067 986 τῆς
3090 912 3258 968 αὑτοῦ
3292 911 3435 984 ζωῆς
3465 902 3770 984 χρώμενος,

2198 1009 2295 1062 καὶ
2326 1007 2402 1079 τῷ
2452 1006 2814 1079 μνημονεύειν
2857 1005 2958 1079 τήν
3006 1007 3116 1060 τῶν
3170 1004 3517 1075 Εύαγγελίων
3556 1004 3774 1077 γραφὴν

2199 1099 2419 1171 Μαρίας
2444 1100 2539 1169 τῆς
2562 1099 2656 1153 τοῦ
2692 1099 2922 1163 Κλωπᾶ,
2950 1092 3009 1153 οὗ
3029 1098 3312 1167 γεγονέναι
3341 1097 3501 1151 αὑτὸν
3521 1097 3653 1169 (56),
3680 1098 3771 1150 καὶ

2197 1192 2462 1264 πρότερον
2489 1194 2517 1244 6
2558 1192 2715 1261 λόγος
2748 1191 3032 1265 ἐδήλωσεν.
3070 1191 3127 1244 '0
3152 1190 3196 1244 δ’
3224 1190 3387 1255 αὑτὸς
3423 1191 3771 1263 συγγραφεὺς

2202 1281 2298 1335 καὶ
2331 1282 2549 1353 ἐτέρους
2575 1282 2684 1336 ἀπὸ
2704 1281 2895 1350 γένους
2919 1282 3036 1346 ἐνὸς
3056 1281 3163 1334 τῶν
3185 1281 3495 1352 φερομένων
3526 1280 3772 1349 ἀδελφῶν

2199 1375 2290 1429 τοῦ
2326 1374 2600 1446 Σωτῆρος,
2627 1367 2671 1442 ᾧ
2711 1374 2880 1446 ὄνομα
2919 1374 3137 1438 Ἰούδας,
3174 1373 3338 1443 φησὶν
3368 1374 3448 1437 είς
3479 1372 3577 1444 τήν
3604 1372 3772 1444 αὑτὴν
3836 1358 3843 1363 ’

2197 1468 2484 1522 ἐπιδιῶναι
2518 1467 2816 1539 βασιλείαν,
2861 1467 2998 1539 μετὰ
3038 1467 3136 1539 τὴν
3175 1467 3273 1539 ήδη
3318 1466 3580 1538 πρότερον
3626 1469 3759 1520 ἱστοο

2205 1561 2461 1634 ρηθεῖσαν
2508 1561 2686 1615 αὑτῶν
2719 1561 2857 1631 ὑπὲρ
2884 1561 2981 1632 τῆς
3013 1562 3094 1624 εἰς
3132 1560 3225 1613 τὸν
3267 1560 3500 1631 Χριστὸν
3540 1559 3770 1623 πίστεως

2197 1653 2291 1706 ἐπὶ
2317 1653 2644 1725 Δομετιανοῦ
2677 1653 3002 1725 μαρτυρίαν.
3039 1654 3244 1723 Γράφει
3273 1653 3329 1706 δέ
3362 1651 3564 1717 οὕτως’
3596 1671 3615 1703 ι
3643 1652 3769 1724 Ἐρο

2197 1759 2383 1812 χονται
2420 1738 2513 1796 οὖν
2556 1743 2651 1797 καὶ
2694 1741 3061 1814 προηγοῦνται
3105 1742 3285 1814 πάσης
3334 1742 3658 1812 Ἐκκλησίας
3697 1742 3769 1808 ὡς

520 1846 840 1894 constanter
888 1835 1121 1906 professi
1167 1833 1415 1889 fuissent.
1465 1832 1560 1888 Sic
1618 1841 1800 1888 autem
1854 1833 2093 1888 scribit:

2201 1834 2479 1907 μάρτυρες
2527 1834 2623 1888 καὶ
2656 1835 2763 1888 ἀπὸ
2798 1834 2989 1903 γένους
3016 1833 3110 1886 τοῦ
3142 1833 3367 1905 Κυρίου.
3404 1835 3514 1888 Ka‘t
3541 1834 3767 1905 γενομέ-

526 1949 546 1984 ι
570 1928 1008 1997 Adsunt,inquit,
1039 1926 1110 1981 illi
1143 1936 1196 1982 et
1224 1927 1490 1982 universa:
1506 1925 1761 1983 Ecclesiae
1783 1926 2093 1997 praesident,

522 2031 711 2092 utpote
747 2030 1015 2090 martyrcs
1046 2029 1096 2073 et
1121 2020 1304 2089 agnati
1336 2018 1559 2075 Christi.
1598 2018 1945 2088 Tandemque
1972 2033 2098 2087 pro-

523 2114 685 2168 funda
717 2127 851 2183 pace
896 2112 1155 2167 Ecclesiae
1208 2113 1484 2178 restituta,
1527 2111 1597 2166 ad
1654 2109 1873 2179 Trajani
1926 2124 2097 2180 usque

522 2214 768 2275 tempora
797 2205 1124 2273 superstites
1159 2203 1396 2260 fuerunt.
1429 2205 1609 2259 Donec
1638 2202 1870 2274 Symeon
1900 2216 2093 2271 supra-

521 2295 947 2366 dictus,Cleopa:
989 2295 1134 2351 ﬁlius
1181 2295 1297 2367 ejus
1337 2295 1430 2364 qui
1471 2305 1697 2366 patruus
1730 2303 1848 2349 erat
1884 2291 2112 2357 Domini,

520 2398 810 2444 accusatus
869 2387 1125 2443 similiter
1170 2391 1240 2445 ab
1278 2388 1551 2445 haereticis
1576 2427 1595 2456 ,
1649 2396 1707 2442 et
1744 2385 1815 2442 ob
1851 2384 2093 2440 eamdem

520 2493 740 2533 causam
773 2479 826 2533 in
861 2480 946 2549 ius
968 2490 1196 2535 vocatus
1227 2489 1314 2535 est
1348 2494 1534 2535 coram
1570 2478 1750 2534 Attico
1777 2475 2091 2541 consulari;

520 2583 573 2624 et
601 2586 698 2640 per
731 2571 931 2625 nudtos
956 2572 1073 2627 dies
1095 2571 1463 2627 acerbissimis
1498 2570 1786 2626 tormentis
1809 2568 2096 2624 excrucia-

519 2668 623 2727 tus,
670 2660 833 2716 fidem
883 2660 1091 2716 Christi
1148 2660 1595 2717 constantissime
1652 2659 1928 2730 professus
1966 2669 2090 2726 est;

518 2753 653 2808 adeo
678 2760 822 2808 utet
860 2751 1166 2809 consularis
1193 2754 1311 2824 ipse
1335 2793 1351 2821 ,
1391 2762 1445 2809 et
1468 2767 1658 2808 omnes
1711 2752 1804 2822 qui
1846 2752 2090 2817 aderant,

519 2857 848 2914 magnopere
888 2844 1241 2912 mirarentur,
1266 2859 1373 2917 qua
1411 2844 1622 2899 ratione
1648 2843 1734 2897 vir
1771 2853 1986 2898 centum
2028 2858 2093 2900 ac

518 2937 709 3008 viginti
752 2950 926 2992 annos
955 2947 1135 3003 natus,
1177 2946 1253 2992 tot
1296 2944 1564 2992 tormenta
1608 2934 1847 3005 perferre
1887 2933 2093 3005 potuis-

516 3039 621 3084 set.
666 3026 911 3083 Tandem
956 3044 1086 3085 vero
1128 3030 1398 3085 sententia
1424 3027 1624 3097 judicis
1674 3026 1821 3082 cruci
1869 3024 2093 3082 sufﬁxus

2197 1943 2294 1997 νης
2342 1928 2562 1998 εἰρήνης
2611 1924 2832 1997 βαθείας
2878 1926 2935 1979 ἐν
2978 1925 3128 1996 πάσῃ
3186 1924 3502 1996 Ἐκκλησία,
3551 1924 3765 1996 μένουσι

2199 2017 2359 2089 μέχρι
2384 2016 2654 2087 Τραϊανοῦ
2684 2016 2979 2089 Καίσαρος.
3008 2018 3216 2088 Μέχρις
3241 2009 3303 2069 οὑ
3340 2018 3368 2070 6
3400 2019 3465 2071 ἐκ
3505 2017 3648 2071 θείου
3678 2015 3766 2071 τοῦ

2196 2109 2398 2181 Κυρίου
2446 2108 2580 2182 (57),
2621 2111 2650 2163 6
2697 2109 3090 2184 προειρημένος
3121 2108 3342 2181 Συμεὼν
3388 2112 3503 2174 υίὸς
3541 2110 3766 2174 Κλωπᾶ,

2198 2202 2623 2274 συκοφαντηθεὶς
2643 2202 2746 2255 ὑπὸ
2762 2202 2869 2255 τῶν
2901 2202 3160 2277 αἱρέσεων
3191 2202 3304 2272 (58)
3349 2203 3611 2265 ὡσαύτως
3640 2220 3764 2256 κατ’

2194 2293 2439 2364 ηγορήθη
2479 2294 2574 2347 καὶ
2607 2294 2770 2358 αὑτὸς
2792 2293 2884 2348 ἐπὶ
2916 2293 2995 2365 τῷ
3023 2294 3171 2365 αύτῷ
3192 2294 3336 2365 λόγῳ
3360 2295 3471 2365 (59)
3516 2296 3609 2348 ἐπὶ
3650 2297 3765 2349 Ἀτ-

2197 2384 2345 2439 τικοῦ
2372 2385 2465 2439 τοῦ
2495 2386 2781 2441 ὑπατικοῦ.
2824 2386 2936 2439 Καὶ
2963 2387 3055 2439 ἐπὶ
3084 2386 3285 2452 πολλὰς
3312 2388 3529 2460 ήμέρας
3566 2387 3761 2453 αἰκιζό-

2198 2493 2377 2547 μενος,
2413 2476 2814 2550 ἐμαρτύρησεν,
2848 2477 2923 2542 ὼς
2948 2478 3154 2541 πάντας
3182 2479 3646 2551 ὑπερθαυμάζειν,
3674 2481 3765 2534 καὶ

2194 2568 2283 2623 τὸν
2333 2568 2618 2632 ὑπατικὸν,
2668 2569 2786 2633 πῶς
2838 2570 3033 2623 ἐκατδν
3085 2568 3260 2624 εἴκοσι
3306 2570 3590 2642 τυγχάνων
3633 2573 3765 2625 ἐτῶν

2194 2660 2489 2732 ὑπέμεινε·
2527 2662 2619 2714 καὶ¹
2651 2660 2947 2733 ἐκελεύσθη
2963 2660 3390 2752 ισταυρωθῆναι.
3430 2682 3450 2716 ι
3502 2665 3627 2718 Ἐπὶ
3650 2664 3761 2718 τού⁹

2191 2769 2305 2817 τοις
2334 2752 2363 2806 ὁ
2394 2752 2557 2816 αὑτὸς
2588 2752 2727 2826 ἀνὴρ
2759 2752 3113 2825 διηγούμενος
3142 2753 3211 2807 τὰ
3241 2754 3383 2808 κατὰ
3420 2756 3546 2820 τοὺς
3577 2756 3754 2825 δηλου·

2197 2840 2410 2912 μένους,
2461 2842 2702 2913 ἐπιλέγει
2753 2843 2829 2907 ὡς
2879 2842 2987 2916 ἄρα
3037 2844 3199 2917 μέχρι
3247 2844 3355 2899 τῶν
3396 2844 3518 2898 τότε
3561 2845 3766 2917 χρόνων

2194 2934 2462 3007 παρθένος
2508 2934 2619 3008 (60)
2672 2935 2891 3009 καθαρά
2943 2936 3038 2990 καὶ
3091 2937 3415 3011 ἀδιάφθορος
3468 2937 3682 3009 ἔμεινεν
3733 2939 3768 3011 ἡ

2205 3026 2520 3099 Ἐκκλησία,
2552 3029 2609 3081 ἐν
2639 3027 2820 3101 ἀδήλῳ
2848 3047 2950 3082 που
2982 3029 3162 3083 σκότει
3205 3029 3554 3100 φωλευόντων
3597 3030 3768 3085 εἰσέτι

515 3125 621 3172 est.
653 3134 671 3167 ι
713 3114 838 3171 Post
862 3116 977 3171 haac
1022 3116 1162 3172 idem
1208 3118 1446 3187 scriptor
1486 3131 1573 3172 res
1604 3116 1694 3171 illa
1724 3123 1883 3172 aetate
1910 3127 2092 3188 gestas

2195 3117 2313 3172 τότε
2353 3119 2482 3185 τῶν,
2523 3120 2572 3173 εί
2622 3120 2715 3173 καί
2746 3138 2890 3185 τινες
2923 3121 3188 3193 ὑπῆρχον,
3228 3120 3618 3195 παραφθείρειν
3651 3125 3768 3176 ἐπι-

516 3221 975 3274 rommemnrans,
1011 3208 1158 3263 addit
1192 3208 1493 3265 Ecclesiam
1519 3210 1586 3265 ad
1605 3210 1720 3265 hare
1751 3224 1919 3279 usque
1959 3219 2094 3266 tem-

2195 3210 2520 3283 χειρούντων
2549 3212 2640 3265 τὸν
2668 3212 2794 3285 ὑγιῆ
2821 3214 3019 3267 κανόνα
3056 3212 3148 3267 τοῦ
3185 3214 3452 3287 σωτηρίου
3478 3215 3770 3287 κηρύγμα-

518 3313 651 3368 pora
708 3298 883 3354 instar
931 3300 1211 3370 cujusdam
1267 3302 1532 3373 virginis,
1600 3302 1872 3375 integram
1931 3313 2096 3372 atque

518 3393 892 3463 incorruptam
974 3394 1407 3463 permansisse:
1462 3395 1639 3450 adhuc
1720 3398 1772 3450 in
1860 3397 2096 3451 obscuro

515 3500 735 3541 recessu
769 3486 1240 3553 delitescentibus,
1277 3490 1590 3559 quicunque
1642 3499 1849 3545 rectam
1898 3488 2096 3560 pracdi-

514 3577 752 3633 cationis
780 3578 1112 3652 evangelica;
1147 3581 1389 3648 regulam
1436 3583 1739 3650 depravare
1769 3580 2091 3635 niterentur.

515 3666 625 3723 Sed
651 3680 938 3739 postquam
974 3684 1130 3724 sacer
1155 3670 1525 3738 apostolorum
1559 3680 1734 3726 coitus
1762 3671 1914 3724 vario
1941 3684 2090 3723 tnor-

518 3759 588 3816 tis
626 3776 828 3833 genere
870 3763 1177 3818 exstinctus
1217 3773 1331 3829 est,
1368 3761 1759 3833 efﬂuxeratque
1796 3761 1907 3830 jam
1958 3772 2091 3816 aetas

515 3852 800 3909 hominum
839 3854 1054 3912 illorum
1081 3895 1097 3921 ,
1128 3856 1222 3926 qui
1262 3856 1500 3911 divinam
1542 3859 1716 3927 ipsam
1758 3854 2089 3926 Sapientiam

516 3947 634 4002 suis
660 3948 885 4004 auribus
938 3948 1252 4004 auscultare
1298 3958 1656 4003 meruerant:
1693 3958 1821 4001 tunc
1874 3948 2089 4002 demum

515 4050 711 4095 exorta
750 4052 835 4094 est
862 4041 1016 4110 impii
1046 4041 1251 4097 erroris
1287 4040 1644 4109 conspiratio,
1695 4037 1852 4110 105
1901 4037 2092 4095 fraude

515 4287 856 4344 Palaestinam
887 4289 1167 4358 regebant,
1196 4297 1253 4342 ut
1280 4303 1349 4343 ex
1382 4286 1589 4356 imperii
1620 4286 1845 4342 Romani
1880 4284 2088 4342 Nolitia

516 4359 858 4413 notissimum
912 4368 1013 4413 cst.
1053 4358 1252 4412 Verum
1303 4358 1390 4413 hic
1430 4358 1780 4427 magistratus
1827 4358 1919 4412 diu
1966 4368 2089 4427 post

512 4427 732 4516 :l‘rajan‘i
777 4441 1019 4516 tempora
1048 4438 1133 4510 est
1169 4430 1472 4510 institutus.
1504 4427 1973 4516 Caeterumsppra
2005 4428 2084 4482 ci-
2123 4461 2167 4516 ο

2190 3318 2303 3365 τος.
2353 3302 2441 3368 Ὠς
2476 3303 2521 3356 δ’
2570 3305 2598 3357 6
2642 3304 2785 3375 ἱερὸς
2817 3305 2923 3358 τῶν
2964 3305 3275 3360 ἀποστόλων
3317 3306 3479 3376 χορὸς
3511 3306 3771 3378 διάφορον

2192 3394 2403 3465 εἰλήφει
2422 3394 2516 3447 τοῦ
2546 3393 2658 3464 βίου
2679 3395 2851 3461 τέλος,
2871 3396 3234 3467 παρεληλύθει
3264 3400 3373 3468 τεὴ
3399 3397 3562 3465 γενεά
3582 3398 3767 3470 ἐκείνη

2193 3487 2300 3540 τῶν
2330 3486 2517 3550 αὑταῖς
2544 3488 2734 3550 ἀκοαῖς
2751 3488 2848 3558 τῆς
2874 3488 3057 3541 ἐνθέου
3081 3490 3281 3559 Σοφίας
3302 3489 3608 3543 ἐπακοῦσαι
3636 3508 3770 3544 κατ·

2191 3576 2509 3647 ηξιωμένων
2529 3618 2542 3642 ,
2580 3578 2884 3649 τηνικαῦτα
2927 3580 3026 3652 τῆς
3053 3580 3213 3634 ἀθέου
3235 3582 3442 3654 πλάνης
3467 3582 3564 3655 τὴν
3591 3583 3771 3656 ἀρχὴν

2198 3667 2499 3739 ἐλάμϐανεν
2528 3671 2561 3740 ή
2593 3669 2869 3734 σύστασις,
2894 3671 2984 3725 διὰ
3014 3673 3113 3744 τῆς
3139 3673 3250 3727 τῶν
3279 3675 3772 3746 ἑτεροδιδασκαλων

2196 3761 2443 3832 ἀπάτης·
2477 3761 2525 3815 οἳ
2567 3762 2659 3815 καὶ
2691 3761 2786 3816 ἅτε
2815 3762 3039 3834 μηδενὸς
3075 3764 3156 3818 ἐτι
3180 3764 3288 3818 τῶν
3320 3766 3632 3821 ἀποστόλων
3662 3768 3769 3821 λει-

2198 3853 2460 3924 πομένου,
2496 3857 2676 3927 γυμνῇ
2714 3854 2899 3909 λοιπὸν
2929 3858 3029 3929 ἤδη
3057 3860 3123 3928 τῇ
3146 3858 3378 3930 κεφαλῇ,
3409 3858 3488 3929 τῷ
3518 3861 3617 3931 τῆς
3642 3861 3770 3932 άλη-

2198 3943 2349 4007 Osi-2:;
2391 3944 2710 4017 κηρύγματι
2756 3947 2854 4019 τὴν
2886 3947 3235 4019 ψευδώνυμον
3285 3949 3487 4017 γνῶσιν
3540 3950 3770 4021 ἀντικη-

2199 4038 2410 4112 ρύττειν
2472 4038 2805 4112 ἐπεχείρουν.
2856 4038 2986 4111 [Καὶ
3032 4040 3202 4094 ταῦτα
3256 4040 3355 4113 μὲν
3417 4034 3570 4107 οὗτος
3640 4045 3770 4115 περὶ

2197 4288 2483 4359 vigebant,
2528 4287 2926 4359 Pharisaeorum
2973 4289 3203 4355 scilicet,
3244 4289 3667 4346 Sadducteorum
3711 4300 3770 4348 et

2196 4358 2366 4429 alias.
2389 4360 2453 4413 de
2485 4360 2680 4429 quibus
2709 4358 2972 4429 infrailib.
3001 4375 3076 4425 tv,
3106 4376 3225 4429 cap.
3252 4362 3344 4416 22.

2266 4427 2377 4499 (59)
2430 4429 2556 4484 Ἐπὶ
2607 4427 2685 4494 τῷ
2726 4428 2887 4495 αὐτῷ
2928 4430 3112 4500 λόγῳ.
3150 4427 3205 4483 Id
3250 4442 3332 4487 est
3375 4430 3515 4499 quod
3565 4430 3766 4487 Christi

516 4492 662 4554 tatus
690 4498 869 4553 Rufini
891 4492 1044 4553 locus
1067 4500 1117 4552 in
1147 4500 1516 4566 manuscripto
1540 4497 1724 4550 codice
1751 4492 2088 4553 bibliotheca:
2124 4492 2167 4516 "
2194 4492 2721 4564 fidcm'prmdicaret,
2751 4510 2809 4553 ut
2831 4492 2992 4567 supra
3014 4492 3160 4560 dixi.
3187 4512 3241 4555 et
3266 4492 3452 4555 rursus
3489 4500 3538 4553 in
3564 4502 3659 4557 lib.
3692 4519 3768 4566 tv,

515 4566 697 4639 Regia?
743 4570 815 4623 ita
864 4569 1263 4639 perscribitur:
1311 4568 1523 4639 Martyr
1572 4566 1785 4636 eﬂ‘ectus
1834 4576 1915 4621 est
1971 4584 2089 4622 cum

512 4650 645 4694 ιεεει
676 4656 937 4693 annorum
965 4650 1169 4693 centum
1199 4655 1325 4693 ικν.

588 4709 701 4777 (56)
745 4706 826 4766 Οὗ
873 4708 1179 4779 γεγονέναι
1217 4710 1423 4764 αὐτόν.
1469 4705 1898 4779 Νοειισίεοιίίςθε
1926 4706 2089 4770 Maz.,

514 4770 656 4837 Med.
681 4770 736 4834 et
772 4770 909 4837 Fuk'.
948 4770 1137 4833 vocem
1176 4781 1380 4832 addunt
1417 4781 1521 4833 hoc
1555 4777 1732 4847 modo.
1770 4770 1832 4830 οῦ
1866 4778 1959 4831 καὶ
2001 4795 2094 4847 γε·

513 4852 731 4922 γονέναι
765 4851 947 4913 αὑτὸν,
981 4851 1074 4922 καὶ
1101 4849 1363 4922 πρότερον
1394 4850 1422 4902 6
1448 4848 1605 4922 λόγος
1628 4845 1913 4922 ἐδήλωσεν.

587 4920 701 4992 (57)
753 4922 816 4975 '0
852 4921 921 4973 ἐκ
947 4921 1110 4976 θείου
1138 4918 1244 4973 τοῦ
1271 4918 1515 4992 Κυρίου.
1547 4918 1683 4992 Male
1711 4918 2094 4992 Christophor-

514 4987 690 5050 sonus"
728 4992 845 5047 haec
894 4994 1056 5044 verba
1104 4994 1313 5059 accepit
1355 4987 1513 5060 quasi
1569 4987 1712 5060 θείου
1765 4987 2092 5060 adjectivuin

515 5073 693 5128 esset,
723 5072 779 5117 et
811 5062 1195 5116 subaudiretur
1218 5058 1428 5130 γένους.
1467 5060 1572 5114 Sed
1610 5058 1826 5128 Langns
1858 5060 1950 5128 qui
2004 5059 2096 5113 Ni-

517 5135 813 5202 cephorum
840 5131 1031 5185 Latine
1065 5133 1453 5202 interpretatus
1481 5140 1582 5194 est,
1615 5130 1819 5202 optime
1846 5141 2095 5202 patruum

517 5197 698 5258 vertit.
735 5202 931 5272 Clopas
973 5203 1118 5272 enim
1158 5197 1345 5256 revera
1379 5201 1560 5272 frater
1588 5197 1709 5253 erat
1753 5197 2000 5272 Josephi,
2031 5214 2095 5272 ac

517 5275 746 5341 proinde
794 5268 1019 5343 patruus
1048 5270 1274 5327 Christi.
1317 5270 1773 5343 QuareuSyme-ou
1805 5269 1983 5343 Clopa:
2013 5268 2094 5343 fi-

515 5339 645 5407 lius,
677 5339 938 5415 cognatus
965 5353 1084 5415 erat
1123 5343 1358 5415 Domini,
1395 5350 1453 5394 ut
1480 5339 1681 5395 dicitur
1712 5341 1768 5415 i_n_
1798 5341 1976 5415 capite
2006 5339 2093 5403 Η,

515 5429 710 5484 supra,
744 5408 843 5469 ubi
879 5414 1017 5468 male
1058 5412 1429 5467 consobrinum
1471 5420 1684 5467 vertunt
1721 5408 1998 5465 Masculus
2041 5420 2095 5464 et

514 5486 1063 5553 Cbristophorsonns.

585 5556 699 5628 (58)
738 5549 1222 5628 Συκοφαντηθεὶς
1260 5552 1378 5628 ὑπὸ
1401 5550 1546 5628 Δτῶν
1568 5549 2096 5628 αἱρέςεωνηςθιςίιι-

517 5621 731 5682 thianos
759 5638 815 5682 et
857 5621 1155 5683 Nicolaitas
1185 5623 1442 5693 intelligit
1471 5634 1663 5693 auctor
1692 5621 2097 5693 Chronici‘Ale-

519 5698 789 5763 randrim’,
825 5697 913 5753 cui
946 5712 1052 5752 non
1094 5691 1390 5751 assentior.
1429 5692 1875 5764 lntelligit‘enim
1917 5691 2095 5764 Hege-

517 5768 704 5839 sippus
731 5759 913 5827 sectas
948 5768 1066 5825 illas
1097 5780 1219 5840 qua:
1250 5776 1378 5825 tunc
1414 5759 2094 5836 tempofis'ﬂigrosolymis

2190 4582 2331 4661 Δ
2350 4567 2656 4661 33,403”
2681 4569 2980 4657 llcgesi'ppo
2999 4611 3013 4631 ,
3039 4641 3055 4661 ἱ
3093 4571 3230 4661 μειτά
3301 4570 3397 4661 τόι
3421 4574 3768 4661 μαρτυρῆσαι

2190 4590 2308 4659 cap.
2377 4590 2482 4633 zz,
2550 4590 2614 4623 nx
2681 4590 3013 4657 ttcgestppo,
3087 4590 3230 4694 μετα
3301 4590 3364 4625 το
3421 4590 3768 4661 μαρτυρησοει

2190 4638 2459 4761 λέῗῖὶωϐον
2490 4639 2580 4693 τὸν
2598 4637 2812 4693 Δίκαιον
2851 4658 2928 4704 ως
2967 4641 3062 4694 καὶ
3150 4644 3352 4713 Κυριος
3378 4642 3469 4694 ἐπὶ
3501 4659 3579 4714 τῳ
3619 4661 3769 4716 αυτῳ

2251 4726 2353 4779 γῳ-

2264 4778 2376 4849 (60)
2414 4778 2598 4852 Μέχρι
2629 4778 2902 4852 τῶνγτότε
2926 4782 3158 4851 χρόνων
3196 4783 3507 4852 παρθένος.
3540 4784 3663 4839 Hmc
3703 4785 3769 4841 de

2195 4849 2978 4925 HierosolymorumEcclesia
3018 4849 3325 4925 specialiter
3354 4849 3563 4925 dixerat
3593 4854 3768 4925 Hege-

2194 4922 2410 4995 sippus,
2450 4920 2573 4974 eam
2606 4920 2831 4995 scilicet
2857 4937 3025 4995 usque
3052 4920 3125 4975 ad
3169 4936 3400 4995 mortem
3445 4920 3767 4995 Symeunis,

2198 4988 2257 5044 id
2284 4988 2585 5062 estnnsque
2608 4992 2674 5062 ad
2710 4988 2953 5062 Trajani—
2979 5001 3241 5062 tempora,
3270 4988 3531 5062 virginem
3569 4996 3767 5049 dictam

2195 5060 2553 5132 essc.ﬂVerba
2612 5061 2897 5132 llegesippi
2937 5060 3106 5117 habes
3148 5064 3284 5117 iul‘ra
3321 5060 3378 5118 in
3411 5064 3504 5117 lib.
3531 5080 3607 5128 tv,
3640 5081 3768 5132 cap.

2194 5130 2283 5185 2'2.
2324 5131 2548 5185 Videtur
2574 5130 2753 5184 autem
2786 5130 3047 5185 Eusebius
3095 5135 3187 5187 toti
3220 5134 3476 5187 Ecclesiae
3516 5130 3769 5188 tribuisSe

2197 5202 2247 5255 id
2295 5207 2443 5272 quod
2485 5203 2553 5254 de
2625 5198 2785 5272 unica
2848 5197 3344 5272 Hierosolymorum
3392 5203 3635 5259 Ecclesia
3685 5206 3769 5257 di-

2196 5279 2338 5342 ctum
2369 5270 2548 5342 fuerat
2576 5272 2644 5342 ab
2677 5270 3005 5342 llcgesippo‘.
3030 5270 3196 5342 Porro
3225 5283 3332 5325 tam
3362 5272 3579 5328 Eusebii
3606 5290 3768 5342 quam

2197 5339 2482 5411 Hegesippi
2514 5339 2674 5394 verba
2718 5339 2950 5407 benigne
2989 5341 3333 5411 intelligenda
3367 5353 3515 5396 sunt.
3540 5339 3795 5397 Certutnl

2196 5410 2293 5464 est
2321 5414 2464 5465 enim
2520 5410 2816 5465 Ecclesiam
2871 5410 3194 5465 catholicam
3248 5428 3464 5481 semper
3499 5416 3767 5481 integram

2196 5491 2359 5549 atque
2401 5482 2779 5535 inteineratam
2828 5494 3184 5548 permanere,
3222 5492 3278 5536 et
3311 5485 3619 5541 castitatem
3654 5484 3767 5551 ejus

2197 5551 2537 5623 nullogmodo
2562 5552 2631 5605 ab
2663 5551 2933 5623 luereticis
2966 5565 3128 5623 posse
3168 5555 3463 5623 corrumpi.
3510 5552 3683 5609 Porro
3713 5554 3766 5606 in

2171 5621 2477 5694 radicibus
2503 5624 2723 5694 nostris
2765 5617 2926 5694 Mam,
2960 5617 3097 5675 Med.
3124 5632 3179 5677 et
3205 5622 3341 5677 Fuk.
3370 5617 3634 5694 scripturn
3673 5625 3765 5678 ha-

2196 5692 2354 5747 betur
2396 5689 2972 5764 ἀδιάφθοροςέμενεν,
3019 5709 3124 5747 non
3171 5704 3347 5764 autem
3397 5703 3456 5749 ut
3485 5689 3555 5751 'in
3600 5692 3764 5764 Begic

2199 5763 2497 5836 exemplari
2528 5772 2583 5819 et
2611 5762 2754 5833 apud
2788 5763 3149 5831 Nicephorum
3182 5762 3415 5829 ἔμεινεν.
