  <div class='ocr_page' id='page_1' title='image "/cluster/home/n/w/nwhite01/storage/ocr_20150623/20/hvd.32044073501181/156.png"; bbox 0 0 4140 6430; ppageno 0'>
   <div class='ocr_carea' id='block_1_1' title="bbox 1307 325 1891 388">
    <p class='ocr_par' dir='ltr' id='par_1_1' title="bbox 1307 328 1891 388">
     <span class='ocr_line' id='line_1_1' title="bbox 1307 328 1891 388; baseline -0.003 -1"><span class='ocrx_word' id='word_1_1' title='bbox 1307 328 1655 388; x_wconf 76' lang='lat' dir='ltr'><strong>HISTORLE</strong></span> <span class='ocrx_word' id='word_1_2' title='bbox 1696 328 1891 388; x_wconf 82' lang='lat' dir='ltr'><strong>ECCLI</strong></span> 
     </span>
    </p>
   </div>
   <div class='ocr_carea' id='block_1_2' title="bbox 1994 325 3578 388">
    <p class='ocr_par' dir='ltr' id='par_1_2' title="bbox 1994 325 3578 387">
     <span class='ocr_line' id='line_1_2' title="bbox 1994 325 3578 387; baseline -0.001 -2"><span class='ocrx_word' id='word_1_3' title='bbox 1994 328 2257 387; x_wconf 67' lang='lat' dir='ltr'><strong>ASTICE</strong></span> <span class='ocrx_word' id='word_1_4' title='bbox 2296 328 2427 386; x_wconf 82' lang='lat' dir='ltr'><strong>LIB.</strong></span> <span class='ocrx_word' id='word_1_5' title='bbox 2467 330 2559 387; x_wconf 90' lang='lat' dir='ltr'><strong>III.</strong></span> <span class='ocrx_word' id='word_1_6' title='bbox 3470 325 3578 383; x_wconf 75' lang='grc'>286</span> 
     </span>
    </p>
   </div>
   <div class='ocr_carea' id='block_1_3' title="bbox 311 443 1891 523">
    <p class='ocr_par' dir='ltr' id='par_1_3' title="bbox 311 443 1891 523">
     <span class='ocr_line' id='line_1_3' title="bbox 311 443 1891 523; baseline 0 -20"><span class='ocrx_word' id='word_1_7' title='bbox 311 449 526 505; x_wconf 84' lang='grc' dir='ltr'>τούτων</span> <span class='ocrx_word' id='word_1_8' title='bbox 553 449 819 505; x_wconf 84' lang='grc' dir='ltr'>διαλαϐὼν</span> <span class='ocrx_word' id='word_1_9' title='bbox 849 450 961 523; x_wconf 74' lang='grc'>(61)</span> <span class='ocrx_word' id='word_1_10' title='bbox 982 443 1087 506; x_wconf 79' lang='grc' dir='ltr'>ὧδέ</span> <span class='ocrx_word' id='word_1_11' title='bbox 1110 468 1228 516; x_wconf 81' lang='grc' dir='ltr'><strong>πως</strong></span> <span class='ocrx_word' id='word_1_12' title='bbox 1250 450 1451 519; x_wconf 72' lang='grc' dir='ltr'>ἔλεξεν.</span> <span class='ocrx_word' id='word_1_13' title='bbox 1500 449 1692 523; x_wconf 82' lang='grc' dir='ltr'><strong>Ἡμεῖς</strong></span> <span class='ocrx_word' id='word_1_14' title='bbox 1715 449 1775 504; x_wconf 84' lang='grc' dir='ltr'>δὲ</span> <span class='ocrx_word' id='word_1_15' title='bbox 1801 448 1891 504; x_wconf 69' lang='grc' dir='ltr'>ἐπὶ</span> 
     </span>
    </p>
   </div>
   <div class='ocr_carea' id='block_1_4' title="bbox 1994 443 3579 523">
    <p class='ocr_par' dir='ltr' id='par_1_4' title="bbox 1998 443 3579 518">
     <span class='ocr_line' id='line_1_4' title="bbox 1998 443 3579 518; baseline -0.004 -14"><span class='ocrx_word' id='word_1_16' title='bbox 1998 459 2050 505; x_wconf 79' lang='lat' dir='ltr'><strong>et</strong></span> <span class='ocrx_word' id='word_1_17' title='bbox 2083 449 2283 504; x_wconf 83' lang='lat' dir='ltr'><strong>malitia</strong></span> <span class='ocrx_word' id='word_1_18' title='bbox 2312 450 2571 506; x_wconf 79' lang='lat' dir='ltr'><strong>falsorum</strong></span> <span class='ocrx_word' id='word_1_19' title='bbox 2603 448 2911 505; x_wconf 89' lang='lat' dir='ltr'><strong>doctorum.</strong></span> <span class='ocrx_word' id='word_1_20' title='bbox 2936 446 3041 516; x_wconf 85' lang='lat' dir='ltr'><strong>Qui</strong></span> <span class='ocrx_word' id='word_1_21' title='bbox 3083 453 3272 518; x_wconf 93' lang='lat' dir='ltr'><strong>utpote</strong></span> <span class='ocrx_word' id='word_1_22' title='bbox 3294 443 3442 500; x_wconf 89' lang='lat' dir='ltr'><strong>nullo</strong></span> <span class='ocrx_word' id='word_1_23' title='bbox 3465 458 3579 499; x_wconf 90' lang='lat' dir='ltr'><strong>am-</strong></span> 
     </span>
    </p>
   </div>
   <div class='ocr_carea' id='block_1_5' title="bbox 310 533 1891 619">
    <p class='ocr_par' dir='ltr' id='par_1_5' title="bbox 310 542 1753 619">
     <span class='ocr_line' id='line_1_5' title="bbox 310 542 1753 619; baseline 0 -23"><span class='ocrx_word' id='word_1_24' title='bbox 310 543 383 596; x_wconf 84' lang='grc' dir='ltr'><strong>τά</strong></span> <span class='ocrx_word' id='word_1_25' title='bbox 412 543 541 615; x_wconf 79' lang='grc' dir='ltr'>ἐξῆς</span> <span class='ocrx_word' id='word_1_26' title='bbox 565 543 666 615; x_wconf 85' lang='grc' dir='ltr'>τῆς</span> <span class='ocrx_word' id='word_1_27' title='bbox 696 545 957 619; x_wconf 75' lang='grc' dir='ltr'><strong>ἱστορίας,</strong></span> <span class='ocrx_word' id='word_1_28' title='bbox 983 544 1086 617; x_wconf 79' lang='grc' dir='ltr'>6δῷ</span> <span class='ocrx_word' id='word_1_29' title='bbox 1109 545 1493 617; x_wconf 87' lang='grc' dir='ltr'>προϐαίνοντες</span> <span class='ocrx_word' id='word_1_30' title='bbox 1534 542 1753 615; x_wconf 59' lang='lat' dir='ltr'><strong>[copem]</strong></span> 
     </span>
    </p>
   </div>
   <div class='ocr_carea' id='block_1_6' title="bbox 1994 533 3574 619">
    <p class='ocr_par' dir='ltr' id='par_1_6' title="bbox 2003 533 3574 613">
     <span class='ocr_line' id='line_1_6' title="bbox 2003 533 3574 613; baseline -0.004 -20"><span class='ocrx_word' id='word_1_31' title='bbox 2003 540 2142 609; x_wconf 87' lang='lat' dir='ltr'><strong>plius</strong></span> <span class='ocrx_word' id='word_1_32' title='bbox 2169 558 2232 595; x_wconf 80' lang='lat' dir='ltr'><strong>ex</strong></span> <span class='ocrx_word' id='word_1_33' title='bbox 2278 542 2539 613; x_wconf 76' lang='lat' dir='ltr'><strong>apostolis</strong></span> <span class='ocrx_word' id='word_1_34' title='bbox 2564 542 2875 612; x_wconf 81' lang='lat' dir='ltr'><strong>superstite,</strong></span> <span class='ocrx_word' id='word_1_35' title='bbox 2921 540 3163 610; x_wconf 70' lang='lat' dir='ltr'><strong>posthaec</strong></span> <span class='ocrx_word' id='word_1_36' title='bbox 3208 536 3391 598; x_wconf 89' lang='lat' dir='ltr'><strong>nudo,</strong></span> <span class='ocrx_word' id='word_1_37' title='bbox 3431 533 3574 605; x_wconf 86' lang='lat' dir='ltr'><strong>quod</strong></span> 
     </span>
    </p>
   </div>
   <div class='ocr_carea' id='block_1_7' title="bbox 312 629 3574 709">
    <p class='ocr_par' dir='ltr' id='par_1_7' title="bbox 312 629 3574 709">
     <span class='ocr_line' id='line_1_7' title="bbox 312 629 3574 709; baseline -0.004 -19"><span class='ocrx_word' id='word_1_38' title='bbox 312 638 520 703; x_wconf 82' lang='lat' dir='ltr'><strong>aiunt,</strong></span> <span class='ocrx_word' id='word_1_39' title='bbox 589 637 766 707; x_wconf 88' lang='lat' dir='ltr'><strong>capite</strong></span> <span class='ocrx_word' id='word_1_40' title='bbox 817 640 1083 694; x_wconf 82' lang='lat' dir='ltr'><strong>adversus</strong></span> <span class='ocrx_word' id='word_1_41' title='bbox 1146 637 1589 709; x_wconf 64' lang='lat' dir='ltr'><strong>praedicationem</strong></span> <span class='ocrx_word' id='word_1_42' title='bbox 1644 631 1889 690; x_wconf 82' lang='lat' dir='ltr'><strong>veritatis</strong></span> <span class='ocrx_word' id='word_1_43' title='bbox 1923 629 2285 687; x_wconf 74' lang='lat' dir='ltr'><strong>adulter‘tuam</strong></span> <span class='ocrx_word' id='word_1_44' title='bbox 2363 635 2666 689; x_wconf 87' lang='lat' dir='ltr'><strong>doctrinam</strong></span> <span class='ocrx_word' id='word_1_45' title='bbox 2743 632 3035 688; x_wconf 89' lang='lat' dir='ltr'><strong>obtrudere</strong></span> <span class='ocrx_word' id='word_1_46' title='bbox 3117 629 3359 701; x_wconf 75' lang='lat' dir='ltr'><strong>aggressi</strong></span> <span class='ocrx_word' id='word_1_47' title='bbox 3427 633 3574 681; x_wconf 90' lang='lat' dir='ltr'><strong>sunt.</strong></span> 
     </span>
    </p>
   </div>
   <div class='ocr_carea' id='block_1_8' title="bbox 313 723 3575 806">
    <p class='ocr_par' dir='ltr' id='par_1_8' title="bbox 313 723 3575 806">
     <span class='ocr_line' id='line_1_8' title="bbox 313 723 3575 806; baseline -0.004 -19"><span class='ocrx_word' id='word_1_48' title='bbox 313 733 382 788; x_wconf 83' lang='lat' dir='ltr'><strong>Et</strong></span> <span class='ocrx_word' id='word_1_49' title='bbox 417 733 752 806; x_wconf 83' lang='lat' dir='ltr'><strong>llegesippus</strong></span> <span class='ocrx_word' id='word_1_50' title='bbox 781 735 1000 806; x_wconf 80' lang='lat' dir='ltr'><strong>quidem</strong></span> <span class='ocrx_word' id='word_1_51' title='bbox 1048 736 1115 791; x_wconf 91' lang='lat' dir='ltr'><strong>de</strong></span> <span class='ocrx_word' id='word_1_52' title='bbox 1153 735 1221 791; x_wconf 89' lang='lat' dir='ltr'><strong>iis</strong></span> <span class='ocrx_word' id='word_1_53' title='bbox 1262 735 1423 791; x_wconf 88' lang='lat' dir='ltr'><strong>rebus</strong></span> <span class='ocrx_word' id='word_1_54' title='bbox 1474 734 1528 790; x_wconf 94' lang='lat' dir='ltr'><strong>in</strong></span> <span class='ocrx_word' id='word_1_55' title='bbox 1582 734 1727 788; x_wconf 89' lang='lat' dir='ltr'><strong>hunc</strong></span> <span class='ocrx_word' id='word_1_56' title='bbox 1760 729 1874 785; x_wconf 84' lang='lat' dir='ltr'><strong>lere</strong></span> <span class='ocrx_word' id='word_1_57' title='bbox 1900 725 2117 781; x_wconf 89' lang='lat' dir='ltr'><strong>modum</strong></span> <span class='ocrx_word' id='word_1_58' title='bbox 2176 729 2386 785; x_wconf 83' lang='lat' dir='ltr'><strong>scribit.</strong></span> <span class='ocrx_word' id='word_1_59' title='bbox 2421 728 2531 785; x_wconf 85' lang='lat' dir='ltr'><strong>Nos</strong></span> <span class='ocrx_word' id='word_1_60' title='bbox 2568 744 2698 785; x_wconf 87' lang='lat' dir='ltr'><strong>vero</strong></span> <span class='ocrx_word' id='word_1_61' title='bbox 2735 728 2935 784; x_wconf 82' lang='lat' dir='ltr'><strong>sensim</strong></span> <span class='ocrx_word' id='word_1_62' title='bbox 2960 736 3122 796; x_wconf 91' lang='lat' dir='ltr'><strong>atque</strong></span> <span class='ocrx_word' id='word_1_63' title='bbox 3185 723 3377 781; x_wconf 85' lang='lat' dir='ltr'><strong>ordine</strong></span> <span class='ocrx_word' id='word_1_64' title='bbox 3443 734 3575 791; x_wconf 91' lang='lat' dir='ltr'><strong>pro-</strong></span> 
     </span>
    </p>
   </div>
   <div class='ocr_carea' id='block_1_9' title="bbox 311 830 1396 901">
    <p class='ocr_par' dir='ltr' id='par_1_9' title="bbox 311 830 1396 901">
     <span class='ocr_line' id='line_1_9' title="bbox 311 830 1396 901; baseline 0.002 -18"><span class='ocrx_word' id='word_1_65' title='bbox 311 830 647 899; x_wconf 84' lang='lat' dir='ltr'><strong>gredientes,</strong></span> <span class='ocrx_word' id='word_1_66' title='bbox 678 832 746 886; x_wconf 87' lang='lat' dir='ltr'><strong>ad</strong></span> <span class='ocrx_word' id='word_1_67' title='bbox 778 832 1061 901; x_wconf 78' lang='lat' dir='ltr'><strong>sequentia</strong></span> <span class='ocrx_word' id='word_1_68' title='bbox 1090 833 1396 887; x_wconf 87' lang='lat' dir='ltr'><strong>veniamus.</strong></span> 
     </span>
    </p>
   </div>
   <div class='ocr_carea' id='block_1_10' title="bbox 811 927 1363 982">
    <p class='ocr_par' dir='ltr' id='par_1_10' title="bbox 811 927 1363 982">
     <span class='ocr_line' id='line_1_10' title="bbox 811 927 1363 982; baseline 0 -1"><span class='ocrx_word' id='word_1_69' title='bbox 811 928 1206 982; x_wconf 80' lang='grc' dir='ltr'><strong>ΚΕΦΑΛΑΙΟΝ</strong></span> <span class='ocrx_word' id='word_1_70' title='bbox 1238 927 1363 982; x_wconf 76' lang='lat' dir='ltr'><strong>AF&#39;.</strong></span> 
     </span>
    </p>
   </div>
   <div class='ocr_carea' id='block_1_11' title="bbox 310 332 425 385">
    <p class='ocr_par' dir='ltr' id='par_1_11' title="bbox 310 332 425 385">
     <span class='ocr_line' id='line_1_11' title="bbox 310 332 425 385; baseline 0 -2"><span class='ocrx_word' id='word_1_71' title='bbox 310 332 425 385; x_wconf 70' lang='grc'><strong>285</strong></span> 
     </span>
    </p>
   </div>
   <div class='ocr_carea' id='block_1_12' title="bbox 2533 910 3039 972">
    <p class='ocr_par' dir='ltr' id='par_1_12' title="bbox 2533 910 3039 972">
     <span class='ocr_line' id='line_1_12' title="bbox 2533 910 3039 972; baseline -0.006 0"><span class='ocrx_word' id='word_1_72' title='bbox 2533 913 2764 972; x_wconf 79' lang='lat' dir='ltr'><strong>CAPUT</strong></span> <span class='ocrx_word' id='word_1_73' title='bbox 2800 910 3039 969; x_wconf 80' lang='lat' dir='ltr'><strong>XXXIII.</strong></span> 
     </span>
    </p>
   </div>
   <div class='ocr_carea' id='block_1_13' title="bbox 384 1014 1823 1088">
    <p class='ocr_par' dir='ltr' id='par_1_13' title="bbox 384 1014 1823 1088">
     <span class='ocr_line' id='line_1_13' title="bbox 384 1014 1823 1088; baseline -0.003 -15"><span class='ocrx_word' id='word_1_74' title='bbox 384 1020 582 1088; x_wconf 76' lang='grc' dir='ltr'>Ὅπως</span> <span class='ocrx_word' id='word_1_75' title='bbox 628 1020 913 1088; x_wconf 77' lang='grc' dir='ltr'>Τραϊανὸς</span> <span class='ocrx_word' id='word_1_76' title='bbox 944 1019 1237 1088; x_wconf 76' lang='grc' dir='ltr'><strong>ζητεῖσθαι</strong></span> <span class='ocrx_word' id='word_1_77' title='bbox 1264 1016 1655 1088; x_wconf 79' lang='grc' dir='ltr'>Χριστιανοὺς</span> <span class='ocrx_word' id='word_1_78' title='bbox 1679 1014 1823 1070; x_wconf 83' lang='grc' dir='ltr'>ἐκώ-</span> 
     </span>
    </p>
   </div>
   <div class='ocr_carea' id='block_1_14' title="bbox 669 1090 1482 1160">
    <p class='ocr_par' dir='ltr' id='par_1_14' title="bbox 669 1090 1482 1160">
     <span class='ocr_line' id='line_1_14' title="bbox 669 1090 1482 1160; baseline -0.005 -15"><span class='ocrx_word' id='word_1_79' title='bbox 669 1096 867 1145; x_wconf 71' lang='grc' dir='ltr'>λυσεν</span> <span class='ocrx_word' id='word_1_80' title='bbox 894 1091 1035 1160; x_wconf 73' lang='lat' dir='ltr'><strong>(Nic.</strong></span> <span class='ocrx_word' id='word_1_81' title='bbox 1064 1091 1134 1144; x_wconf 86' lang='grc' dir='ltr'>Η.</span> <span class='ocrx_word' id='word_1_82' title='bbox 1168 1091 1231 1144; x_wconf 76' lang='grc' dir='ltr'>Ε.</span> <span class='ocrx_word' id='word_1_83' title='bbox 1259 1106 1340 1152; x_wconf 85' lang='lat' dir='ltr'><strong>tu,</strong></span> <span class='ocrx_word' id='word_1_84' title='bbox 1372 1090 1482 1157; x_wconf 80' lang='lat' dir='ltr'><strong>l7).</strong></span> 
     </span>
    </p>
   </div>
   <div class='ocr_carea' id='block_1_15' title="bbox 382 1180 1893 1255">
    <p class='ocr_par' dir='ltr' id='par_1_15' title="bbox 382 1180 1893 1255">
     <span class='ocr_line' id='line_1_15' title="bbox 382 1180 1893 1255; baseline -0.001 -20"><span class='ocrx_word' id='word_1_85' title='bbox 382 1183 649 1248; x_wconf 82' lang='grc' dir='ltr'>Τοσοῦτός</span> <span class='ocrx_word' id='word_1_86' title='bbox 691 1201 756 1253; x_wconf 89' lang='grc' dir='ltr'><strong>γε</strong></span> <span class='ocrx_word' id='word_1_87' title='bbox 808 1184 914 1255; x_wconf 81' lang='grc' dir='ltr'>μὴν</span> <span class='ocrx_word' id='word_1_88' title='bbox 960 1186 1018 1238; x_wconf 88' lang='grc' dir='ltr'><strong>ἐν</strong></span> <span class='ocrx_word' id='word_1_89' title='bbox 1065 1184 1269 1238; x_wconf 89' lang='grc' dir='ltr'>πλείοσι</span> <span class='ocrx_word' id='word_1_90' title='bbox 1300 1184 1485 1248; x_wconf 84' lang='grc' dir='ltr'><strong>τόποις</strong></span> <span class='ocrx_word' id='word_1_91' title='bbox 1514 1184 1544 1236; x_wconf 84' lang='grc' dir='ltr'>ὁ</span> <span class='ocrx_word' id='word_1_92' title='bbox 1582 1183 1701 1237; x_wconf 78' lang='grc' dir='ltr'>καθ’</span> <span class='ocrx_word' id='word_1_93' title='bbox 1734 1180 1893 1254; x_wconf 78' lang='grc' dir='ltr'>ἡμῶν</span> 
     </span>
    </p>
   </div>
   <div class='ocr_carea' id='block_1_16' title="bbox 308 1276 1894 1349">
    <p class='ocr_par' dir='ltr' id='par_1_16' title="bbox 308 1276 1894 1349">
     <span class='ocr_line' id='line_1_16' title="bbox 308 1276 1894 1349; baseline 0.001 -20"><span class='ocrx_word' id='word_1_94' title='bbox 308 1276 551 1349; x_wconf 55' lang='grc' dir='ltr'>ἐπτάθη</span> <span class='ocrx_word' id='word_1_95' title='bbox 578 1277 697 1329; x_wconf 87' lang='grc' dir='ltr'>τότε</span> <span class='ocrx_word' id='word_1_96' title='bbox 728 1276 984 1348; x_wconf 83' lang='grc' dir='ltr'><strong>διωγμὸς,</strong></span> <span class='ocrx_word' id='word_1_97' title='bbox 1034 1278 1109 1342; x_wconf 83' lang='grc' dir='ltr'><strong>ὡς</strong></span> <span class='ocrx_word' id='word_1_98' title='bbox 1138 1278 1353 1331; x_wconf 88' lang='grc' dir='ltr'>Πλίνιον</span> <span class='ocrx_word' id='word_1_99' title='bbox 1377 1277 1665 1332; x_wconf 80' lang='grc' dir='ltr'>Σεκοῦνδον</span> <span class='ocrx_word' id='word_1_100' title='bbox 1701 1279 1894 1348; x_wconf 82' lang='grc' dir='ltr'>ἐπιση-</span> 
     </span>
    </p>
   </div>
   <div class='ocr_carea' id='block_1_17' title="bbox 312 1371 1896 1444">
    <p class='ocr_par' dir='ltr' id='par_1_17' title="bbox 312 1371 1896 1444">
     <span class='ocr_line' id='line_1_17' title="bbox 312 1371 1896 1444; baseline 0.001 -20"><span class='ocrx_word' id='word_1_101' title='bbox 312 1372 548 1441; x_wconf 81' lang='grc' dir='ltr'>μότατον</span> <span class='ocrx_word' id='word_1_102' title='bbox 577 1371 877 1442; x_wconf 79' lang='grc' dir='ltr'>ἡγεμόνων,</span> <span class='ocrx_word' id='word_1_103' title='bbox 905 1372 997 1425; x_wconf 75' lang='grc' dir='ltr'>ἐπὶ</span> <span class='ocrx_word' id='word_1_104' title='bbox 1021 1371 1099 1442; x_wconf 78' lang='grc' dir='ltr'>τῷ</span> <span class='ocrx_word' id='word_1_105' title='bbox 1127 1372 1323 1444; x_wconf 88' lang='grc' dir='ltr'>πλήθει</span> <span class='ocrx_word' id='word_1_106' title='bbox 1358 1372 1467 1425; x_wconf 86' lang='grc' dir='ltr'><strong>τῶν</strong></span> <span class='ocrx_word' id='word_1_107' title='bbox 1499 1372 1791 1444; x_wconf 89' lang='grc' dir='ltr'>μαρτύρων</span> <span class='ocrx_word' id='word_1_108' title='bbox 1811 1390 1896 1425; x_wconf 87' lang='grc' dir='ltr'>κι-</span> 
     </span>
    </p>
   </div>
   <div class='ocr_carea' id='block_1_18' title="bbox 307 1461 1894 1534">
    <p class='ocr_par' dir='ltr' id='par_1_18' title="bbox 307 1461 1894 1534">
     <span class='ocr_line' id='line_1_18' title="bbox 307 1461 1894 1534; baseline -0.001 -19"><span class='ocrx_word' id='word_1_109' title='bbox 307 1463 566 1534; x_wconf 84' lang='grc' dir='ltr'>νηθέντα,</span> <span class='ocrx_word' id='word_1_110' title='bbox 612 1462 819 1533; x_wconf 82' lang='grc' dir='ltr'>βασιλεῖ</span> <span class='ocrx_word' id='word_1_111' title='bbox 850 1462 1210 1517; x_wconf 76' lang='grc' dir='ltr'><strong>κοινώσασθαι</strong></span> <span class='ocrx_word' id='word_1_112' title='bbox 1246 1463 1373 1534; x_wconf 79' lang='grc' dir='ltr'>περὶ</span> <span class='ocrx_word' id='word_1_113' title='bbox 1397 1463 1489 1517; x_wconf 81' lang='grc' dir='ltr'><strong>τοῦ</strong></span> <span class='ocrx_word' id='word_1_114' title='bbox 1528 1463 1763 1533; x_wconf 76' lang='grc' dir='ltr'>πλήθους</span> <span class='ocrx_word' id='word_1_115' title='bbox 1787 1461 1894 1515; x_wconf 86' lang='grc' dir='ltr'><strong>τῶν</strong></span> 
     </span>
    </p>
   </div>
   <div class='ocr_carea' id='block_1_19' title="bbox 309 1552 1896 1627">
    <p class='ocr_par' dir='ltr' id='par_1_19' title="bbox 309 1552 1896 1627">
     <span class='ocr_line' id='line_1_19' title="bbox 309 1552 1896 1627; baseline -0.002 -20"><span class='ocrx_word' id='word_1_116' title='bbox 309 1555 457 1627; x_wconf 85' lang='grc' dir='ltr'>ὑπὲρ</span> <span class='ocrx_word' id='word_1_117' title='bbox 510 1557 609 1627; x_wconf 82' lang='grc' dir='ltr'>τῆς</span> <span class='ocrx_word' id='word_1_118' title='bbox 648 1554 885 1619; x_wconf 84' lang='grc' dir='ltr'>πίστεως</span> <span class='ocrx_word' id='word_1_119' title='bbox 930 1556 1358 1627; x_wconf 84' lang='grc' dir='ltr'><strong>ἀναιρουμένων,</strong></span> <span class='ocrx_word' id='word_1_120' title='bbox 1401 1557 1518 1626; x_wconf 80' lang='grc' dir='ltr'>ἅμα</span> <span class='ocrx_word' id='word_1_121' title='bbox 1548 1555 1592 1607; x_wconf 88' lang='grc' dir='ltr'>δ’</span> <span class='ocrx_word' id='word_1_122' title='bbox 1620 1558 1678 1608; x_wconf 88' lang='grc' dir='ltr'><strong>ἐν</strong></span> <span class='ocrx_word' id='word_1_123' title='bbox 1714 1552 1896 1623; x_wconf 80' lang='grc' dir='ltr'>ταύτῷ</span> 
     </span>
    </p>
   </div>
   <div class='ocr_carea' id='block_1_20' title="bbox 311 1646 1896 1720">
    <p class='ocr_par' dir='ltr' id='par_1_20' title="bbox 311 1646 1896 1720">
     <span class='ocr_line' id='line_1_20' title="bbox 311 1646 1896 1720; baseline -0.001 -20"><span class='ocrx_word' id='word_1_124' title='bbox 311 1647 576 1719; x_wconf 79' lang='grc' dir='ltr'>μηνῦσαι,</span> <span class='ocrx_word' id='word_1_125' title='bbox 628 1648 792 1720; x_wconf 86' lang='grc' dir='ltr'>μηδὲν</span> <span class='ocrx_word' id='word_1_126' title='bbox 846 1648 1057 1702; x_wconf 90' lang='grc' dir='ltr'>ἀνόσιον</span> <span class='ocrx_word' id='word_1_127' title='bbox 1124 1648 1259 1720; x_wconf 85' lang='grc' dir='ltr'><strong>μηδέ</strong></span> <span class='ocrx_word' id='word_1_128' title='bbox 1313 1647 1461 1720; x_wconf 87' lang='grc' dir='ltr'><strong>παρά</strong></span> <span class='ocrx_word' id='word_1_129' title='bbox 1517 1647 1643 1710; x_wconf 75' lang='grc' dir='ltr'>τοὺς</span> <span class='ocrx_word' id='word_1_130' title='bbox 1699 1646 1896 1717; x_wconf 87' lang='grc' dir='ltr'>νόμους</span> 
     </span>
    </p>
   </div>
   <div class='ocr_carea' id='block_1_21' title="bbox 2074 1001 3499 1077">
    <p class='ocr_par' dir='ltr' id='par_1_21' title="bbox 2074 1001 3499 1077">
     <span class='ocr_line' id='line_1_21' title="bbox 2074 1001 3499 1077; baseline -0.005 -15"><span class='ocrx_word' id='word_1_131' title='bbox 2074 1007 2356 1075; x_wconf 84' lang='lat' dir='ltr'><strong>Quomodo</strong></span> <span class='ocrx_word' id='word_1_132' title='bbox 2400 1006 2664 1077; x_wconf 81' lang='lat' dir='ltr'><strong>Trajanus</strong></span> <span class='ocrx_word' id='word_1_133' title='bbox 2713 1006 3040 1060; x_wconf 73' lang='lat' dir='ltr'><strong>Christianos</strong></span> <span class='ocrx_word' id='word_1_134' title='bbox 3082 1004 3241 1059; x_wconf 74' lang='lat' dir='ltr'><strong>vetuit</strong></span> <span class='ocrx_word' id='word_1_135' title='bbox 3281 1001 3499 1073; x_wconf 78' lang='lat' dir='ltr'><strong>inquiri.</strong></span> 
     </span>
    </p>
   </div>
   <div class='ocr_carea' id='block_1_22' title="bbox 2072 1093 3577 1172">
    <p class='ocr_par' dir='ltr' id='par_1_22' title="bbox 2072 1093 3577 1172">
     <span class='ocr_line' id='line_1_22' title="bbox 2072 1093 3577 1172; baseline -0.005 -16"><span class='ocrx_word' id='word_1_136' title='bbox 2072 1101 2245 1157; x_wconf 80' lang='lat' dir='ltr'><strong>Tarda</strong></span> <span class='ocrx_word' id='word_1_137' title='bbox 2292 1116 2455 1172; x_wconf 88' lang='lat' dir='ltr'><strong>porro</strong></span> <span class='ocrx_word' id='word_1_138' title='bbox 2508 1108 2562 1154; x_wconf 92' lang='lat' dir='ltr'><strong>et</strong></span> <span class='ocrx_word' id='word_1_139' title='bbox 2612 1109 2718 1153; x_wconf 86' lang='lat' dir='ltr'><strong>tam</strong></span> <span class='ocrx_word' id='word_1_140' title='bbox 2765 1098 2946 1166; x_wconf 81' lang='lat' dir='ltr'><strong>gravis</strong></span> <span class='ocrx_word' id='word_1_141' title='bbox 2988 1096 3263 1166; x_wconf 82' lang='lat' dir='ltr'><strong>plerisque</strong></span> <span class='ocrx_word' id='word_1_142' title='bbox 3317 1095 3368 1149; x_wconf 91' lang='lat' dir='ltr'><strong>in</strong></span> <span class='ocrx_word' id='word_1_143' title='bbox 3442 1093 3577 1149; x_wconf 82' lang='lat' dir='ltr'><strong>locis</strong></span> 
     </span>
    </p>
   </div>
   <div class='ocr_carea' id='block_1_23' title="bbox 2002 1190 3571 1265">
    <p class='ocr_par' dir='ltr' id='par_1_23' title="bbox 2002 1190 3571 1265">
     <span class='ocr_line' id='line_1_23' title="bbox 2002 1190 3571 1265; baseline -0.005 -15"><span class='ocrx_word' id='word_1_144' title='bbox 2002 1196 2261 1251; x_wconf 82' lang='lat' dir='ltr'><strong>adversus</strong></span> <span class='ocrx_word' id='word_1_145' title='bbox 2293 1206 2514 1251; x_wconf 86' lang='lat' dir='ltr'><strong>nostros</strong></span> <span class='ocrx_word' id='word_1_146' title='bbox 2544 1195 2851 1265; x_wconf 86' lang='lat' dir='ltr'><strong>persecutio</strong></span> <span class='ocrx_word' id='word_1_147' title='bbox 2906 1202 3032 1248; x_wconf 90' lang='lat' dir='ltr'><strong>tunc</strong></span> <span class='ocrx_word' id='word_1_148' title='bbox 3078 1191 3337 1260; x_wconf 85' lang='lat' dir='ltr'><strong>temporis</strong></span> <span class='ocrx_word' id='word_1_149' title='bbox 3381 1190 3571 1244; x_wconf 67' lang='lat' dir='ltr'><strong>saevie-</strong></span> 
     </span>
    </p>
   </div>
   <div class='ocr_carea' id='block_1_24' title="bbox 1994 1282 3575 1353">
    <p class='ocr_par' dir='ltr' id='par_1_24' title="bbox 1994 1282 3575 1353">
     <span class='ocr_line' id='line_1_24' title="bbox 1994 1282 3575 1353; baseline -0.004 -11"><span class='ocrx_word' id='word_1_150' title='bbox 1994 1288 2106 1352; x_wconf 85' lang='lat' dir='ltr'><strong>bat,</strong></span> <span class='ocrx_word' id='word_1_151' title='bbox 2140 1296 2197 1342; x_wconf 93' lang='lat' dir='ltr'><strong>ut</strong></span> <span class='ocrx_word' id='word_1_152' title='bbox 2228 1288 2439 1342; x_wconf 86' lang='lat' dir='ltr'><strong>Plinius</strong></span> <span class='ocrx_word' id='word_1_153' title='bbox 2470 1286 2775 1348; x_wconf 86' lang='lat' dir='ltr'><strong>Secundus,</strong></span> <span class='ocrx_word' id='word_1_154' title='bbox 2805 1284 2945 1339; x_wconf 90' lang='lat' dir='ltr'><strong>inter</strong></span> <span class='ocrx_word' id='word_1_155' title='bbox 2971 1282 3373 1353; x_wconf 86' lang='lat' dir='ltr'><strong>provinciarum</strong></span> <span class='ocrx_word' id='word_1_156' title='bbox 3401 1292 3575 1336; x_wconf 80' lang='lat' dir='ltr'><strong>recto-</strong></span> 
     </span>
    </p>
   </div>
   <div class='ocr_carea' id='block_1_25' title="bbox 1998 1374 3570 1448">
    <p class='ocr_par' dir='ltr' id='par_1_25' title="bbox 1998 1374 3570 1448">
     <span class='ocr_line' id='line_1_25' title="bbox 1998 1374 3570 1448; baseline -0.004 -13"><span class='ocrx_word' id='word_1_157' title='bbox 1998 1396 2084 1435; x_wconf 90' lang='lat' dir='ltr'><strong>res</strong></span> <span class='ocrx_word' id='word_1_158' title='bbox 2122 1380 2536 1444; x_wconf 88' lang='lat' dir='ltr'><strong>celeberrimus,</strong></span> <span class='ocrx_word' id='word_1_159' title='bbox 2596 1388 2774 1434; x_wconf 88' lang='lat' dir='ltr'><strong>motus</strong></span> <span class='ocrx_word' id='word_1_160' title='bbox 2809 1387 3123 1448; x_wconf 75' lang='lat' dir='ltr'><strong>.martyrum</strong></span> <span class='ocrx_word' id='word_1_161' title='bbox 3188 1374 3570 1437; x_wconf 87' lang='lat' dir='ltr'><strong>multitudine,</strong></span> 
     </span>
    </p>
   </div>
   <div class='ocr_carea' id='block_1_26' title="bbox 1996 1469 3570 1550">
    <p class='ocr_par' dir='ltr' id='par_1_26' title="bbox 1996 1469 3570 1550">
     <span class='ocr_line' id='line_1_26' title="bbox 1996 1469 3570 1550; baseline -0.004 -23"><span class='ocrx_word' id='word_1_162' title='bbox 1996 1475 2393 1550; x_wconf 45' lang='lat' dir='ltr'><strong>ad\principem</strong></span> <span class='ocrx_word' id='word_1_163' title='bbox 2443 1473 2690 1528; x_wconf 89' lang='lat' dir='ltr'><strong>retulerit</strong></span> <span class='ocrx_word' id='word_1_164' title='bbox 2735 1472 2804 1527; x_wconf 88' lang='lat' dir='ltr'><strong>de</strong></span> <span class='ocrx_word' id='word_1_165' title='bbox 2846 1486 3077 1526; x_wconf 85' lang='lat' dir='ltr'><strong>numero</strong></span> <span class='ocrx_word' id='word_1_166' title='bbox 3106 1486 3291 1525; x_wconf 89' lang='lat' dir='ltr'><strong>eorum</strong></span> <span class='ocrx_word' id='word_1_167' title='bbox 3323 1471 3414 1538; x_wconf 92' lang='lat' dir='ltr'><strong>qui</strong></span> <span class='ocrx_word' id='word_1_168' title='bbox 3450 1469 3570 1523; x_wconf 84' lang='lat' dir='ltr'><strong>lidei</strong></span> 
     </span>
    </p>
   </div>
   <div class='ocr_carea' id='block_1_27' title="bbox 2002 1562 3573 1631">
    <p class='ocr_par' dir='ltr' id='par_1_27' title="bbox 2002 1562 3573 1631">
     <span class='ocr_line' id='line_1_27' title="bbox 2002 1562 3573 1631; baseline -0.003 -10"><span class='ocrx_word' id='word_1_169' title='bbox 2002 1582 2168 1622; x_wconf 88' lang='lat' dir='ltr'><strong>causa</strong></span> <span class='ocrx_word' id='word_1_170' title='bbox 2212 1566 2680 1623; x_wconf 90' lang='lat' dir='ltr'><strong>obtruncabantur</strong></span> <span class='ocrx_word' id='word_1_171' title='bbox 2710 1581 2727 1622; x_wconf 92' lang='lat'><strong>:</strong></span> <span class='ocrx_word' id='word_1_172' title='bbox 2762 1564 3034 1631; x_wconf 78' lang='lat' dir='ltr'><strong>simulque</strong></span> <span class='ocrx_word' id='word_1_173' title='bbox 3083 1564 3424 1628; x_wconf 82' lang='lat' dir='ltr'><strong>indicaverit,</strong></span> <span class='ocrx_word' id='word_1_174' title='bbox 3478 1562 3573 1617; x_wconf 82' lang='lat' dir='ltr'><strong>de-</strong></span> 
     </span>
    </p>
   </div>
   <div class='ocr_carea' id='block_1_28' title="bbox 2004 1654 3573 1727">
    <p class='ocr_par' dir='ltr' id='par_1_28' title="bbox 2004 1654 3573 1727">
     <span class='ocr_line' id='line_1_28' title="bbox 2004 1654 3573 1727; baseline -0.001 -17"><span class='ocrx_word' id='word_1_175' title='bbox 2004 1658 2355 1727; x_wconf 84' lang='lat' dir='ltr'><strong>prehendisse</strong></span> <span class='ocrx_word' id='word_1_176' title='bbox 2386 1672 2444 1712; x_wconf 91' lang='lat' dir='ltr'><strong>se</strong></span> <span class='ocrx_word' id='word_1_177' title='bbox 2478 1656 2610 1711; x_wconf 87' lang='lat' dir='ltr'><strong>nihil</strong></span> <span class='ocrx_word' id='word_1_178' title='bbox 2643 1656 2710 1711; x_wconf 82' lang='lat' dir='ltr'><strong>ab</strong></span> <span class='ocrx_word' id='word_1_179' title='bbox 2747 1656 2853 1709; x_wconf 84' lang='lat' dir='ltr'><strong>illis</strong></span> <span class='ocrx_word' id='word_1_180' title='bbox 2881 1656 3075 1725; x_wconf 85' lang='lat' dir='ltr'><strong>impie,</strong></span> <span class='ocrx_word' id='word_1_181' title='bbox 3126 1654 3257 1709; x_wconf 86' lang='lat' dir='ltr'><strong>nihil</strong></span> <span class='ocrx_word' id='word_1_182' title='bbox 3310 1655 3573 1708; x_wconf 87' lang='lat' dir='ltr'><strong>adversus</strong></span> 
     </span>
    </p>
   </div>
   <div class='ocr_carea' id='block_1_29' title="bbox 306 1730 1891 1819">
    <p class='ocr_par' dir='ltr' id='par_1_29' title="bbox 306 1740 1891 1815">
     <span class='ocr_line' id='line_1_29' title="bbox 306 1740 1891 1815; baseline -0.003 -20"><span class='ocrx_word' id='word_1_183' title='bbox 306 1742 577 1815; x_wconf 82' lang='grc' dir='ltr'>πράττειν</span> <span class='ocrx_word' id='word_1_184' title='bbox 596 1743 795 1807; x_wconf 81' lang='grc' dir='ltr'>αὑτοὺς</span> <span class='ocrx_word' id='word_1_185' title='bbox 815 1742 1221 1815; x_wconf 79' lang='grc' dir='ltr'><strong>κατειληφέναι,</strong></span> <span class='ocrx_word' id='word_1_186' title='bbox 1251 1742 1389 1813; x_wconf 81' lang='grc' dir='ltr'>πλὴν</span> <span class='ocrx_word' id='word_1_187' title='bbox 1414 1740 1474 1794; x_wconf 90' lang='grc' dir='ltr'><strong>τό</strong></span> <span class='ocrx_word' id='word_1_188' title='bbox 1495 1758 1557 1811; x_wconf 91' lang='grc' dir='ltr'><strong>γε</strong></span> <span class='ocrx_word' id='word_1_189' title='bbox 1583 1741 1699 1812; x_wconf 71' lang='grc' dir='ltr'>ἅμα</span> <span class='ocrx_word' id='word_1_190' title='bbox 1723 1743 1788 1812; x_wconf 81' lang='grc' dir='ltr'><strong>τῇ</strong></span> <span class='ocrx_word' id='word_1_191' title='bbox 1819 1740 1891 1811; x_wconf 83' lang='grc' dir='ltr'>ἐῳ</span> 
     </span>
    </p>
   </div>
   <div class='ocr_carea' id='block_1_30' title="bbox 1994 1730 3567 1819">
    <p class='ocr_par' dir='ltr' id='par_1_30' title="bbox 1998 1744 3567 1819">
     <span class='ocr_line' id='line_1_30' title="bbox 1998 1744 3567 1819; baseline -0.003 -19"><span class='ocrx_word' id='word_1_192' title='bbox 1998 1748 2145 1819; x_wconf 83' lang='lat' dir='ltr'><strong>leges</strong></span> <span class='ocrx_word' id='word_1_193' title='bbox 2184 1747 2400 1801; x_wconf 90' lang='lat' dir='ltr'><strong>actitari</strong></span> <span class='ocrx_word' id='word_1_194' title='bbox 2432 1763 2446 1801; x_wconf 90' lang='lat'><strong>:</strong></span> <span class='ocrx_word' id='word_1_195' title='bbox 2477 1746 2577 1801; x_wconf 90' lang='lat' dir='ltr'><strong>nisi</strong></span> <span class='ocrx_word' id='word_1_196' title='bbox 2628 1746 2773 1814; x_wconf 89' lang='lat' dir='ltr'><strong>quod</strong></span> <span class='ocrx_word' id='word_1_197' title='bbox 2822 1748 2997 1814; x_wconf 85' lang='lat' dir='ltr'><strong>prium</strong></span> <span class='ocrx_word' id='word_1_198' title='bbox 3031 1744 3263 1799; x_wconf 83' lang='lat' dir='ltr'><strong>diluculo</strong></span> <span class='ocrx_word' id='word_1_199' title='bbox 3311 1744 3567 1808; x_wconf 83' lang='lat' dir='ltr'><strong>excitati,</strong></span> 
     </span>
    </p>
   </div>
   <div class='ocr_carea' id='block_1_31' title="bbox 306 1833 1893 1908">
    <p class='ocr_par' dir='ltr' id='par_1_31' title="bbox 306 1833 1893 1908">
     <span class='ocr_line' id='line_1_31' title="bbox 306 1833 1893 1908; baseline -0.003 -18"><span class='ocrx_word' id='word_1_200' title='bbox 306 1836 766 1908; x_wconf 78' lang='grc' dir='ltr'>διεγειρομένους,</span> <span class='ocrx_word' id='word_1_201' title='bbox 806 1836 897 1890; x_wconf 83' lang='grc' dir='ltr'>τὸν</span> <span class='ocrx_word' id='word_1_202' title='bbox 925 1836 1155 1908; x_wconf 79' lang='grc' dir='ltr'>Χριστὸν</span> <span class='ocrx_word' id='word_1_203' title='bbox 1177 1835 1300 1889; x_wconf 80' lang='grc' dir='ltr'>Θεοῦ</span> <span class='ocrx_word' id='word_1_204' title='bbox 1333 1836 1488 1907; x_wconf 83' lang='grc' dir='ltr'>δίκην</span> <span class='ocrx_word' id='word_1_205' title='bbox 1515 1835 1731 1907; x_wconf 75' lang='grc' dir='ltr'>ὑμνεῖνο</span> <span class='ocrx_word' id='word_1_206' title='bbox 1760 1833 1821 1886; x_wconf 84' lang='grc' dir='ltr'>τὸ</span> <span class='ocrx_word' id='word_1_207' title='bbox 1835 1834 1893 1887; x_wconf 81' lang='grc' dir='ltr'><strong>δέ</strong></span> 
     </span>
    </p>
   </div>
   <div class='ocr_carea' id='block_1_32' title="bbox 312 1925 1894 2000">
    <p class='ocr_par' dir='ltr' id='par_1_32' title="bbox 312 1925 1894 2000">
     <span class='ocr_line' id='line_1_32' title="bbox 312 1925 1894 2000; baseline -0.003 -18"><span class='ocrx_word' id='word_1_208' title='bbox 312 1928 594 2000; x_wconf 79' lang='grc' dir='ltr'>μοιχεύειν</span> <span class='ocrx_word' id='word_1_209' title='bbox 622 1930 717 1983; x_wconf 74' lang='grc' dir='ltr'>κα).</span> <span class='ocrx_word' id='word_1_210' title='bbox 741 1928 1006 1999; x_wconf 80' lang='grc' dir='ltr'>φονεύειν,</span> <span class='ocrx_word' id='word_1_211' title='bbox 1039 1929 1135 1981; x_wconf 75' lang='grc' dir='ltr'><strong>καὶ</strong></span> <span class='ocrx_word' id='word_1_212' title='bbox 1171 1926 1241 1982; x_wconf 87' lang='grc' dir='ltr'><strong>τὰ</strong></span> <span class='ocrx_word' id='word_1_213' title='bbox 1276 1928 1509 1998; x_wconf 81' lang='grc' dir='ltr'>συγγενῆ</span> <span class='ocrx_word' id='word_1_214' title='bbox 1533 1925 1741 1990; x_wconf 80' lang='grc' dir='ltr'>τούτοις</span> <span class='ocrx_word' id='word_1_215' title='bbox 1770 1925 1894 1979; x_wconf 85' lang='grc' dir='ltr'>ἀθέ-</span> 
     </span>
    </p>
   </div>
   <div class='ocr_carea' id='block_1_33' title="bbox 316 2018 1895 2094">
    <p class='ocr_par' dir='ltr' id='par_1_33' title="bbox 316 2018 1895 2094">
     <span class='ocr_line' id='line_1_33' title="bbox 316 2018 1895 2094; baseline -0.003 -19"><span class='ocrx_word' id='word_1_216' title='bbox 316 2039 449 2093; x_wconf 88' lang='grc' dir='ltr'>μιτα</span> <span class='ocrx_word' id='word_1_217' title='bbox 480 2021 946 2094; x_wconf 81' lang='grc' dir='ltr'>πλημμελήματα,</span> <span class='ocrx_word' id='word_1_218' title='bbox 971 2022 1065 2075; x_wconf 75' lang='grc' dir='ltr'><strong>καὶ</strong></span> <span class='ocrx_word' id='word_1_219' title='bbox 1085 2020 1281 2085; x_wconf 83' lang='grc' dir='ltr'>αὑτοὺς</span> <span class='ocrx_word' id='word_1_220' title='bbox 1306 2018 1689 2092; x_wconf 86' lang='grc' dir='ltr'>ἀπαγορεύειν,</span> <span class='ocrx_word' id='word_1_221' title='bbox 1719 2019 1895 2072; x_wconf 84' lang='grc' dir='ltr'>πάντα</span> 
     </span>
    </p>
   </div>
   <div class='ocr_carea' id='block_1_34' title="bbox 308 2111 1895 2187">
    <p class='ocr_par' dir='ltr' id='par_1_34' title="bbox 308 2111 1895 2187">
     <span class='ocr_line' id='line_1_34' title="bbox 308 2111 1895 2187; baseline -0.003 -18"><span class='ocrx_word' id='word_1_222' title='bbox 308 2132 373 2169; x_wconf 86' lang='grc' dir='ltr'><strong>τε</strong></span> <span class='ocrx_word' id='word_1_223' title='bbox 401 2116 663 2187; x_wconf 87' lang='grc' dir='ltr'>πράττειν</span> <span class='ocrx_word' id='word_1_224' title='bbox 678 2113 983 2179; x_wconf 84' lang='grc' dir='ltr'>ἀκολούθως</span> <span class='ocrx_word' id='word_1_225' title='bbox 1000 2116 1111 2177; x_wconf 83' lang='grc' dir='ltr'>τοῖς</span> <span class='ocrx_word' id='word_1_226' title='bbox 1135 2113 1339 2184; x_wconf 85' lang='grc' dir='ltr'>νόμοις.</span> <span class='ocrx_word' id='word_1_227' title='bbox 1358 2113 1503 2184; x_wconf 84' lang='grc' dir='ltr'>Πρὸς</span> <span class='ocrx_word' id='word_1_228' title='bbox 1520 2111 1554 2166; x_wconf 75' lang='grc' dir='ltr'>ὃ.</span> <span class='ocrx_word' id='word_1_229' title='bbox 1574 2112 1664 2165; x_wconf 84' lang='grc' dir='ltr'>τὸν</span> <span class='ocrx_word' id='word_1_230' title='bbox 1691 2111 1895 2184; x_wconf 79' lang='grc' dir='ltr'>Τραϊα-</span> 
     </span>
    </p>
   </div>
   <div class='ocr_carea' id='block_1_35' title="bbox 308 2204 1894 2278">
    <p class='ocr_par' dir='ltr' id='par_1_35' title="bbox 308 2204 1894 2278">
     <span class='ocr_line' id='line_1_35' title="bbox 308 2204 1894 2278; baseline -0.003 -18"><span class='ocrx_word' id='word_1_231' title='bbox 308 2206 404 2259; x_wconf 76' lang='grc' dir='ltr'><strong>νὺν</strong></span> <span class='ocrx_word' id='word_1_232' title='bbox 447 2206 621 2277; x_wconf 84' lang='grc' dir='ltr'>δόγμα</span> <span class='ocrx_word' id='word_1_233' title='bbox 656 2207 854 2260; x_wconf 85' lang='grc' dir='ltr'>τοιόνδε</span> <span class='ocrx_word' id='word_1_234' title='bbox 902 2206 1230 2267; x_wconf 81' lang='grc' dir='ltr'>τεθεικέναι,</span> <span class='ocrx_word' id='word_1_235' title='bbox 1272 2206 1333 2258; x_wconf 84' lang='grc' dir='ltr'>τὸ</span> <span class='ocrx_word' id='word_1_236' title='bbox 1365 2205 1706 2278; x_wconf 80' lang='grc' dir='ltr'>Χριστιανῶν</span> <span class='ocrx_word' id='word_1_237' title='bbox 1731 2204 1894 2273; x_wconf 80' lang='grc' dir='ltr'>φῦλον</span> 
     </span>
    </p>
   </div>
   <div class='ocr_carea' id='block_1_36' title="bbox 316 2292 1897 2370">
    <p class='ocr_par' dir='ltr' id='par_1_36' title="bbox 316 2292 1897 2370">
     <span class='ocr_line' id='line_1_36' title="bbox 316 2292 1897 2370; baseline -0.002 -19"><span class='ocrx_word' id='word_1_238' title='bbox 316 2300 392 2370; x_wconf 78' lang='grc' dir='ltr'>μὴ</span> <span class='ocrx_word' id='word_1_239' title='bbox 410 2297 754 2369; x_wconf 79' lang='grc' dir='ltr'>ἐκζητεῖσθαι</span> <span class='ocrx_word' id='word_1_240' title='bbox 785 2297 903 2369; x_wconf 81' lang='grc' dir='ltr'>μὲν,</span> <span class='ocrx_word' id='word_1_241' title='bbox 933 2298 1172 2367; x_wconf 82' lang='grc' dir='ltr'>ἐμπεσὸν</span> <span class='ocrx_word' id='word_1_242' title='bbox 1196 2298 1252 2351; x_wconf 79' lang='grc' dir='ltr'>δὲ</span> <span class='ocrx_word' id='word_1_243' title='bbox 1270 2296 1592 2360; x_wconf 77' lang='grc' dir='ltr'>κολάζεσθαι</span> <span class='ocrx_word' id='word_1_244' title='bbox 1615 2313 1629 2327; x_wconf 71' lang='grc' dir='ltr'><strong>ο</strong></span> <span class='ocrx_word' id='word_1_245' title='bbox 1660 2292 1718 2351; x_wconf 77' lang='grc' dir='ltr'><strong>οὗ</strong></span> <span class='ocrx_word' id='word_1_246' title='bbox 1742 2314 1897 2365; x_wconf 88' lang='grc' dir='ltr'>γενο-</span> 
     </span>
    </p>
   </div>
   <div class='ocr_carea' id='block_1_37' title="bbox 317 2388 1896 2461">
    <p class='ocr_par' dir='ltr' id='par_1_37' title="bbox 317 2388 1896 2461">
     <span class='ocr_line' id='line_1_37' title="bbox 317 2388 1896 2461; baseline -0.001 -18"><span class='ocrx_word' id='word_1_247' title='bbox 317 2390 502 2460; x_wconf 74' lang='grc' dir='ltr'>μένου,</span> <span class='ocrx_word' id='word_1_248' title='bbox 534 2388 712 2452; x_wconf 81' lang='grc' dir='ltr'>ποσῶς</span> <span class='ocrx_word' id='word_1_249' title='bbox 736 2390 832 2460; x_wconf 80' lang='grc' dir='ltr'>μὲν</span> <span class='ocrx_word' id='word_1_250' title='bbox 855 2389 947 2444; x_wconf 78' lang='grc' dir='ltr'><strong>τοῦ</strong></span> <span class='ocrx_word' id='word_1_251' title='bbox 973 2389 1211 2460; x_wconf 75' lang='grc' dir='ltr'>διωγμοῦ</span> <span class='ocrx_word' id='word_1_252' title='bbox 1242 2390 1531 2461; x_wconf 81' lang='grc' dir='ltr'>σϐεσθῆναι</span> <span class='ocrx_word' id='word_1_253' title='bbox 1552 2389 1650 2460; x_wconf 78' lang='grc' dir='ltr'><strong>τήν</strong></span> <span class='ocrx_word' id='word_1_254' title='bbox 1669 2389 1896 2461; x_wconf 80' lang='grc' dir='ltr'>ἀπειλὴν</span> 
     </span>
    </p>
   </div>
   <div class='ocr_carea' id='block_1_38' title="bbox 317 2481 1899 2554">
    <p class='ocr_par' dir='ltr' id='par_1_38' title="bbox 317 2481 1899 2554">
     <span class='ocr_line' id='line_1_38' title="bbox 317 2481 1899 2554; baseline -0.001 -19"><span class='ocrx_word' id='word_1_255' title='bbox 317 2482 648 2554; x_wconf 73' lang='grc' dir='ltr'>σφοδρότατα</span> <span class='ocrx_word' id='word_1_256' title='bbox 664 2481 999 2551; x_wconf 79' lang='grc' dir='ltr'>ἐγκειμένου,</span> <span class='ocrx_word' id='word_1_257' title='bbox 1013 2482 1071 2535; x_wconf 88' lang='grc' dir='ltr'><strong>οὑ</strong></span> <span class='ocrx_word' id='word_1_258' title='bbox 1090 2482 1337 2553; x_wconf 78' lang='grc' dir='ltr'>χείρονάς</span> <span class='ocrx_word' id='word_1_259' title='bbox 1353 2499 1421 2551; x_wconf 88' lang='grc' dir='ltr'><strong>γε¹</strong></span> <span class='ocrx_word' id='word_1_260' title='bbox 1435 2482 1659 2553; x_wconf 76' lang='grc' dir='ltr'>μήντοῖς</span> <span class='ocrx_word' id='word_1_261' title='bbox 1674 2499 1899 2553; x_wconf 89' lang='grc' dir='ltr'>κακουρ-</span> 
     </span>
    </p>
   </div>
   <div class='ocr_carea' id='block_1_39' title="bbox 312 2572 1894 2646">
    <p class='ocr_par' dir='ltr' id='par_1_39' title="bbox 312 2572 1894 2646">
     <span class='ocr_line' id='line_1_39' title="bbox 312 2572 1894 2646; baseline -0.001 -18"><span class='ocrx_word' id='word_1_262' title='bbox 312 2577 431 2643; x_wconf 73' lang='grc' dir='ltr'>γεῖν</span> <span class='ocrx_word' id='word_1_263' title='bbox 448 2576 576 2646; x_wconf 72' lang='grc' dir='ltr'>περ).</span> <span class='ocrx_word' id='word_1_264' title='bbox 598 2577 741 2645; x_wconf 82' lang='grc' dir='ltr'>ήμᾶς</span> <span class='ocrx_word' id='word_1_265' title='bbox 760 2574 999 2627; x_wconf 79' lang='grc' dir='ltr'>ἐθέλουσι</span> <span class='ocrx_word' id='word_1_266' title='bbox 1022 2573 1303 2628; x_wconf 80' lang='grc' dir='ltr'>λείπεσθαι</span> <span class='ocrx_word' id='word_1_267' title='bbox 1326 2576 1644 2646; x_wconf 82' lang='grc' dir='ltr'>προφάσεις,</span> <span class='ocrx_word' id='word_1_268' title='bbox 1662 2572 1772 2626; x_wconf 76' lang='grc' dir='ltr'>ἔσθ’</span> <span class='ocrx_word' id='word_1_269' title='bbox 1789 2574 1894 2645; x_wconf 84' lang='grc' dir='ltr'>ὂττη</span> 
     </span>
    </p>
   </div>
   <div class='ocr_carea' id='block_1_40' title="bbox 318 2664 1899 2739">
    <p class='ocr_par' dir='ltr' id='par_1_40' title="bbox 318 2664 1899 2739">
     <span class='ocr_line' id='line_1_40' title="bbox 318 2664 1899 2739; baseline -0.001 -19"><span class='ocrx_word' id='word_1_270' title='bbox 318 2667 418 2739; x_wconf 79' lang='grc' dir='ltr'>μὲν</span> <span class='ocrx_word' id='word_1_271' title='bbox 444 2668 552 2721; x_wconf 85' lang='grc' dir='ltr'><strong>τῶν</strong></span> <span class='ocrx_word' id='word_1_272' title='bbox 572 2668 779 2739; x_wconf 76' lang='grc' dir='ltr'>δήμων,</span> <span class='ocrx_word' id='word_1_273' title='bbox 815 2667 925 2720; x_wconf 77' lang='grc' dir='ltr'>ἔσθ’</span> <span class='ocrx_word' id='word_1_274' title='bbox 954 2667 1060 2737; x_wconf 84' lang='grc' dir='ltr'>ὅπη</span> <span class='ocrx_word' id='word_1_275' title='bbox 1087 2667 1143 2720; x_wconf 85' lang='grc' dir='ltr'><strong>δέ</strong></span> <span class='ocrx_word' id='word_1_276' title='bbox 1167 2668 1260 2722; x_wconf 73' lang='grc' dir='ltr'>καὶ</span> <span class='ocrx_word' id='word_1_277' title='bbox 1293 2667 1402 2720; x_wconf 82' lang='grc' dir='ltr'><strong>τῶν</strong></span> <span class='ocrx_word' id='word_1_278' title='bbox 1429 2666 1571 2721; x_wconf 85' lang='grc' dir='ltr'>κατὰ</span> <span class='ocrx_word' id='word_1_279' title='bbox 1603 2664 1783 2739; x_wconf 85' lang='grc' dir='ltr'>χώρας</span> <span class='ocrx_word' id='word_1_280' title='bbox 1808 2666 1899 2737; x_wconf 89' lang='grc' dir='ltr'>ἀρ-</span> 
     </span>
    </p>
   </div>
   <div class='ocr_carea' id='block_1_41' title="bbox 313 2756 1899 2829">
    <p class='ocr_par' dir='ltr' id='par_1_41' title="bbox 313 2756 1899 2829">
     <span class='ocr_line' id='line_1_41' title="bbox 313 2756 1899 2829; baseline -0.001 -17"><span class='ocrx_word' id='word_1_281' title='bbox 313 2759 538 2829; x_wconf 77' lang='grc' dir='ltr'>χόντων,</span> <span class='ocrx_word' id='word_1_282' title='bbox 559 2758 655 2821; x_wconf 87' lang='grc' dir='ltr'><strong>τάς</strong></span> <span class='ocrx_word' id='word_1_283' title='bbox 672 2758 793 2811; x_wconf 79' lang='grc' dir='ltr'>καθ’</span> <span class='ocrx_word' id='word_1_284' title='bbox 811 2760 843 2829; x_wconf 83' lang='grc' dir='ltr'>ἡ</span> <span class='ocrx_word' id='word_1_285' title='bbox 852 2756 966 2827; x_wconf 86' lang='grc' dir='ltr'><strong>μῶν</strong></span> <span class='ocrx_word' id='word_1_286' title='bbox 988 2757 1468 2826; x_wconf 77' lang='grc' dir='ltr'>συσκευαζομένων</span> <span class='ocrx_word' id='word_1_287' title='bbox 1484 2757 1793 2822; x_wconf 79' lang='grc' dir='ltr'>ἐπιϐουλὰς,</span> <span class='ocrx_word' id='word_1_288' title='bbox 1822 2757 1899 2821; x_wconf 84' lang='grc' dir='ltr'>ὼς</span> 
     </span>
    </p>
   </div>
   <div class='ocr_carea' id='block_1_42' title="bbox 315 2850 1897 2922">
    <p class='ocr_par' dir='ltr' id='par_1_42' title="bbox 315 2850 1897 2922">
     <span class='ocr_line' id='line_1_42' title="bbox 315 2850 1897 2922; baseline -0.001 -17"><span class='ocrx_word' id='word_1_289' title='bbox 315 2851 411 2905; x_wconf 81' lang='grc' dir='ltr'><strong>καὶ</strong></span> <span class='ocrx_word' id='word_1_290' title='bbox 437 2851 565 2905; x_wconf 79' lang='grc' dir='ltr'>ἄνευ</span> <span class='ocrx_word' id='word_1_291' title='bbox 595 2850 886 2922; x_wconf 83' lang='grc' dir='ltr'>προφανῶν</span> <span class='ocrx_word' id='word_1_292' title='bbox 907 2850 1181 2921; x_wconf 80' lang='grc' dir='ltr'>διωγμῶν,</span> <span class='ocrx_word' id='word_1_293' title='bbox 1214 2852 1471 2922; x_wconf 85' lang='grc' dir='ltr'>μερικοὺς</span> <span class='ocrx_word' id='word_1_294' title='bbox 1492 2852 1611 2904; x_wconf 82' lang='grc' dir='ltr'>κατ’</span> <span class='ocrx_word' id='word_1_295' title='bbox 1630 2850 1897 2922; x_wconf 86' lang='grc' dir='ltr'>ἐπαρχίαν</span> 
     </span>
    </p>
   </div>
   <div class='ocr_carea' id='block_1_43' title="bbox 314 2940 1899 3015">
    <p class='ocr_par' dir='ltr' id='par_1_43' title="bbox 314 2940 1899 3015">
     <span class='ocr_line' id='line_1_43' title="bbox 314 2940 1899 3015; baseline 0.001 -20"><span class='ocrx_word' id='word_1_296' title='bbox 314 2942 665 3008; x_wconf 78' lang='grc' dir='ltr'>ἐξάπτεσθαι,</span> <span class='ocrx_word' id='word_1_297' title='bbox 698 2940 913 3006; x_wconf 85' lang='grc' dir='ltr'>πλείους</span> <span class='ocrx_word' id='word_1_298' title='bbox 937 2959 997 2995; x_wconf 87' lang='grc' dir='ltr'><strong>τε</strong></span> <span class='ocrx_word' id='word_1_299' title='bbox 1027 2941 1134 2995; x_wconf 86' lang='grc' dir='ltr'><strong>τῶν</strong></span> <span class='ocrx_word' id='word_1_300' title='bbox 1159 2942 1364 2996; x_wconf 83' lang='grc' dir='ltr'>πιστῶν</span> <span class='ocrx_word' id='word_1_301' title='bbox 1392 2942 1665 3015; x_wconf 84' lang='grc' dir='ltr'>διαφόροις</span> <span class='ocrx_word' id='word_1_302' title='bbox 1695 2944 1899 3011; x_wconf 86' lang='grc' dir='ltr'>ἐναγω-</span> 
     </span>
    </p>
   </div>
   <div class='ocr_carea' id='block_1_44' title="bbox 316 3032 1967 3131">
    <p class='ocr_par' dir='ltr' id='par_1_44' title="bbox 316 3032 1967 3131">
     <span class='ocr_line' id='line_1_44' title="bbox 316 3032 1967 3131; baseline -0.001 -44"><span class='ocrx_word' id='word_1_303' title='bbox 316 3033 553 3131; x_wconf 69' lang='grc' dir='ltr'>νίζεσθαι</span> <span class='ocrx_word' id='word_1_304' title='bbox 592 3034 927 3105; x_wconf 85' lang='grc' dir='ltr'>μαρτυρίοις.</span> <span class='ocrx_word' id='word_1_305' title='bbox 963 3032 1228 3105; x_wconf 86' lang='grc' dir='ltr'>Είληπται</span> <span class='ocrx_word' id='word_1_306' title='bbox 1262 3033 1306 3086; x_wconf 89' lang='grc' dir='ltr'>δ’</span> <span class='ocrx_word' id='word_1_307' title='bbox 1337 3035 1468 3104; x_wconf 84' lang='grc' dir='ltr'>ήμῖν</span> <span class='ocrx_word' id='word_1_308' title='bbox 1506 3035 1538 3102; x_wconf 87' lang='grc' dir='ltr'><strong>ή</strong></span> <span class='ocrx_word' id='word_1_309' title='bbox 1575 3034 1803 3105; x_wconf 80' lang='grc' dir='ltr'>ἱστορία,</span> <span class='ocrx_word' id='word_1_310' title='bbox 1840 3032 1897 3101; x_wconf 78' lang='grc' dir='ltr'>ἐξ</span> <span class='ocrx_word' id='word_1_311' title='bbox 1922 3070 1967 3131; x_wconf 73' lang='lat' dir='ltr'><strong><em>C</em></strong></span> 
     </span>
    </p>
   </div>
   <div class='ocr_carea' id='block_1_45' title="bbox 309 3126 1897 3201">
    <p class='ocr_par' dir='ltr' id='par_1_45' title="bbox 309 3126 1897 3201">
     <span class='ocr_line' id='line_1_45' title="bbox 309 3126 1897 3201; baseline -0.001 -19"><span class='ocrx_word' id='word_1_312' title='bbox 309 3126 379 3201; x_wconf 72' lang='grc' dir='ltr'><strong>ἧς</strong></span> <span class='ocrx_word' id='word_1_313' title='bbox 396 3130 649 3201; x_wconf 80' lang='grc' dir='ltr'>ἀνωτέρω</span> <span class='ocrx_word' id='word_1_314' title='bbox 663 3127 1039 3200; x_wconf 78' lang='grc' dir='ltr'>δεδηλώκαμεν</span> <span class='ocrx_word' id='word_1_315' title='bbox 1053 3127 1151 3181; x_wconf 78' lang='grc' dir='ltr'>τοῦ</span> <span class='ocrx_word' id='word_1_316' title='bbox 1168 3129 1237 3181; x_wconf 81' lang='lat' dir='ltr'><strong>Te</strong></span> <span class='ocrx_word' id='word_1_317' title='bbox 1247 3127 1556 3199; x_wconf 88' lang='grc' dir='ltr'>ρτυλλιανοῦ</span> <span class='ocrx_word' id='word_1_318' title='bbox 1587 3128 1690 3181; x_wconf 87' lang='grc' dir='ltr'>Ῥω</span> <span class='ocrx_word' id='word_1_319' title='bbox 1697 3128 1897 3199; x_wconf 81' lang='grc' dir='ltr'>μαῖκῆς</span> 
     </span>
    </p>
   </div>
   <div class='ocr_carea' id='block_1_46' title="bbox 326 3214 1891 3291">
    <p class='ocr_par' dir='ltr' id='par_1_46' title="bbox 326 3214 1891 3291">
     <span class='ocr_line' id='line_1_46' title="bbox 326 3214 1891 3291; baseline -0.002 -18"><span class='ocrx_word' id='word_1_320' title='bbox 326 3219 701 3287; x_wconf 72' lang='grc' dir='ltr'>Ἀπολογίας,</span> <span class='ocrx_word' id='word_1_321' title='bbox 734 3214 803 3291; x_wconf 81' lang='grc' dir='ltr'>ἧς</span> <span class='ocrx_word' id='word_1_322' title='bbox 831 3221 863 3291; x_wconf 84' lang='grc' dir='ltr'><strong>ή</strong></span> <span class='ocrx_word' id='word_1_323' title='bbox 896 3220 1160 3291; x_wconf 77' lang='grc' dir='ltr'>ἑρμηνεία</span> <span class='ocrx_word' id='word_1_324' title='bbox 1193 3218 1377 3272; x_wconf 80' lang='grc' dir='ltr'>τοῦτον</span> <span class='ocrx_word' id='word_1_325' title='bbox 1406 3217 1519 3289; x_wconf 74' lang='grc' dir='ltr'>ἔχει</span> <span class='ocrx_word' id='word_1_326' title='bbox 1545 3217 1637 3271; x_wconf 84' lang='grc' dir='ltr'>τὸν</span> <span class='ocrx_word' id='word_1_327' title='bbox 1661 3218 1858 3285; x_wconf 84' lang='grc' dir='ltr'>τρόπον</span> <span class='ocrx_word' id='word_1_328' title='bbox 1878 3235 1891 3249; x_wconf 75' lang='grc' dir='ltr'><strong>ο</strong></span> 
     </span>
    </p>
   </div>
   <div class='ocr_carea' id='block_1_47' title="bbox 317 3309 1895 3382">
    <p class='ocr_par' dir='ltr' id='par_1_47' title="bbox 317 3309 1895 3382">
     <span class='ocr_line' id='line_1_47' title="bbox 317 3309 1895 3382; baseline 0 -21"><span class='ocrx_word' id='word_1_329' title='bbox 317 3329 336 3361; x_wconf 76' lang='grc' dir='ltr'><strong>ι</strong></span> <span class='ocrx_word' id='word_1_330' title='bbox 372 3311 567 3365; x_wconf 84' lang='grc' dir='ltr'>Καίτοι</span> <span class='ocrx_word' id='word_1_331' title='bbox 592 3311 906 3382; x_wconf 77' lang='grc' dir='ltr'>εὑρήκαμεν</span> <span class='ocrx_word' id='word_1_332' title='bbox 928 3312 1021 3364; x_wconf 76' lang='grc' dir='ltr'>καὶ</span> <span class='ocrx_word' id='word_1_333' title='bbox 1045 3310 1140 3382; x_wconf 83' lang='grc' dir='ltr'>τὴν</span> <span class='ocrx_word' id='word_1_334' title='bbox 1172 3312 1251 3374; x_wconf 86' lang='grc' dir='ltr'><strong>είς</strong></span> <span class='ocrx_word' id='word_1_335' title='bbox 1288 3310 1434 3380; x_wconf 78' lang='grc' dir='ltr'>ἡμᾶς</span> <span class='ocrx_word' id='word_1_336' title='bbox 1458 3309 1778 3381; x_wconf 77' lang='grc' dir='ltr'>ἐπιζήτησιν</span> <span class='ocrx_word' id='word_1_337' title='bbox 1801 3327 1895 3362; x_wconf 80' lang='grc' dir='ltr'>κε·-</span> 
     </span>
    </p>
   </div>
   <div class='ocr_carea' id='block_1_48' title="bbox 311 3400 1895 3474">
    <p class='ocr_par' dir='ltr' id='par_1_48' title="bbox 311 3400 1895 3474">
     <span class='ocr_line' id='line_1_48' title="bbox 311 3400 1895 3474; baseline 0.001 -22"><span class='ocrx_word' id='word_1_338' title='bbox 311 3403 655 3474; x_wconf 81' lang='grc' dir='ltr'>κωλυμένην.</span> <span class='ocrx_word' id='word_1_339' title='bbox 710 3402 922 3467; x_wconf 79' lang='grc' dir='ltr'>Πλξνιος</span> <span class='ocrx_word' id='word_1_340' title='bbox 958 3402 1066 3473; x_wconf 88' lang='grc' dir='ltr'><strong>γάρ</strong></span> <span class='ocrx_word' id='word_1_341' title='bbox 1113 3401 1401 3465; x_wconf 80' lang='grc' dir='ltr'>Σεκοῦνδος</span> <span class='ocrx_word' id='word_1_342' title='bbox 1449 3400 1751 3472; x_wconf 82' lang='grc' dir='ltr'>ἡγούμενος</span> <span class='ocrx_word' id='word_1_343' title='bbox 1796 3402 1895 3473; x_wconf 83' lang='grc' dir='ltr'>τῆς</span> 
     </span>
    </p>
   </div>
   <div class='ocr_carea' id='block_1_49' title="bbox 310 3495 1895 3568">
    <p class='ocr_par' dir='ltr' id='par_1_49' title="bbox 310 3495 1895 3568">
     <span class='ocr_line' id='line_1_49' title="bbox 310 3495 1895 3568; baseline 0.001 -21"><span class='ocrx_word' id='word_1_344' title='bbox 310 3496 597 3567; x_wconf 84' lang='grc' dir='ltr'>ἐπαρχίου,</span> <span class='ocrx_word' id='word_1_345' title='bbox 657 3496 991 3567; x_wconf 83' lang='grc' dir='ltr'>κατακρίνας</span> <span class='ocrx_word' id='word_1_346' title='bbox 1046 3495 1403 3568; x_wconf 87' lang='grc' dir='ltr'>Χριστιανούς</span> <span class='ocrx_word' id='word_1_347' title='bbox 1454 3512 1606 3559; x_wconf 89' lang='grc' dir='ltr'>τινας</span> <span class='ocrx_word' id='word_1_348' title='bbox 1664 3496 1895 3566; x_wconf 76' lang='grc' dir='ltr'>καὶτῆς</span> 
     </span>
    </p>
   </div>
   <div class='ocr_carea' id='block_1_50' title="bbox 312 3587 1896 3660">
    <p class='ocr_par' dir='ltr' id='par_1_50' title="bbox 312 3587 1896 3660">
     <span class='ocr_line' id='line_1_50' title="bbox 312 3587 1896 3660; baseline -0.001 -18"><span class='ocrx_word' id='word_1_349' title='bbox 312 3589 469 3656; x_wconf 80' lang='grc' dir='ltr'>ἀξίας</span> <span class='ocrx_word' id='word_1_350' title='bbox 502 3587 763 3650; x_wconf 82' lang='grc' dir='ltr'>ἐκϐαλὼν,</span> <span class='ocrx_word' id='word_1_351' title='bbox 789 3588 1082 3660; x_wconf 77' lang='grc' dir='ltr'>ταραχθεὶς</span> <span class='ocrx_word' id='word_1_352' title='bbox 1105 3589 1181 3659; x_wconf 85' lang='grc' dir='ltr'>τῷ</span> <span class='ocrx_word' id='word_1_353' title='bbox 1212 3588 1423 3658; x_wconf 86' lang='grc' dir='ltr'>πλήθει,</span> <span class='ocrx_word' id='word_1_354' title='bbox 1447 3590 1683 3659; x_wconf 80' lang='grc' dir='ltr'>διηγνόει</span> <span class='ocrx_word' id='word_1_355' title='bbox 1711 3588 1762 3640; x_wconf 88' lang='grc' dir='ltr'><strong>τί</strong></span> <span class='ocrx_word' id='word_1_356' title='bbox 1798 3589 1896 3641; x_wconf 84' lang='grc' dir='ltr'>αὑ-</span> 
     </span>
    </p>
   </div>
   <div class='ocr_carea' id='block_1_51' title="bbox 310 3678 1895 3754">
    <p class='ocr_par' dir='ltr' id='par_1_51' title="bbox 310 3678 1895 3754">
     <span class='ocr_line' id='line_1_51' title="bbox 310 3678 1895 3754; baseline -0.001 -20"><span class='ocrx_word' id='word_1_357' title='bbox 310 3680 387 3752; x_wconf 79' lang='grc' dir='ltr'>τῷ</span> <span class='ocrx_word' id='word_1_358' title='bbox 413 3681 598 3734; x_wconf 73' lang='grc' dir='ltr'>λοιπὸν</span> <span class='ocrx_word' id='word_1_359' title='bbox 621 3680 705 3751; x_wconf 81' lang='grc' dir='ltr'><strong>εἴη</strong></span> <span class='ocrx_word' id='word_1_360' title='bbox 733 3681 1020 3754; x_wconf 83' lang='grc' dir='ltr'>πρακτέον.</span> <span class='ocrx_word' id='word_1_361' title='bbox 1050 3680 1299 3752; x_wconf 80' lang='grc' dir='ltr'>Τραϊανῷ</span> <span class='ocrx_word' id='word_1_362' title='bbox 1328 3678 1419 3735; x_wconf 68' lang='grc' dir='ltr'>οὖν</span> <span class='ocrx_word' id='word_1_363' title='bbox 1442 3682 1521 3752; x_wconf 82' lang='grc' dir='ltr'><strong>τῷ</strong></span> <span class='ocrx_word' id='word_1_364' title='bbox 1573 3681 1781 3752; x_wconf 88' lang='grc' dir='ltr'>βασιλεῖ</span> <span class='ocrx_word' id='word_1_365' title='bbox 1803 3684 1895 3735; x_wconf 87' lang='grc' dir='ltr'>ἀν-</span> 
     </span>
    </p>
   </div>
   <div class='ocr_carea' id='block_1_52' title="bbox 310 3770 1895 3844">
    <p class='ocr_par' dir='ltr' id='par_1_52' title="bbox 310 3770 1895 3844">
     <span class='ocr_line' id='line_1_52' title="bbox 310 3770 1895 3844; baseline 0.002 -20"><span class='ocrx_word' id='word_1_366' title='bbox 310 3770 638 3825; x_wconf 81' lang='grc' dir='ltr'>εκοινώσατο</span> <span class='ocrx_word' id='word_1_367' title='bbox 662 3772 850 3840; x_wconf 85' lang='grc' dir='ltr'>λέγων,</span> <span class='ocrx_word' id='word_1_368' title='bbox 871 3772 975 3837; x_wconf 78' lang='grc' dir='ltr'><strong>ἔξω</strong></span> <span class='ocrx_word' id='word_1_369' title='bbox 999 3772 1091 3826; x_wconf 81' lang='grc' dir='ltr'>τοῦ</span> <span class='ocrx_word' id='word_1_370' title='bbox 1118 3774 1191 3844; x_wconf 80' lang='grc' dir='ltr'>μὴ</span> <span class='ocrx_word' id='word_1_371' title='bbox 1219 3772 1504 3844; x_wconf 85' lang='grc' dir='ltr'>βούλεσθαι</span> <span class='ocrx_word' id='word_1_372' title='bbox 1529 3774 1726 3838; x_wconf 81' lang='grc' dir='ltr'>αὑτοὺς</span> <span class='ocrx_word' id='word_1_373' title='bbox 1744 3774 1895 3827; x_wconf 86' lang='grc' dir='ltr'>εἰδω-</span> 
     </span>
    </p>
   </div>
   <div class='ocr_carea' id='block_1_53' title="bbox 309 3865 1892 3939">
    <p class='ocr_par' dir='ltr' id='par_1_53' title="bbox 309 3865 1892 3939">
     <span class='ocr_line' id='line_1_53' title="bbox 309 3865 1892 3939; baseline 0.002 -22"><span class='ocrx_word' id='word_1_374' title='bbox 309 3865 610 3936; x_wconf 76' lang='grc' dir='ltr'>λολατρεῖν,</span> <span class='ocrx_word' id='word_1_375' title='bbox 638 3865 787 3919; x_wconf 72' lang='grc' dir='ltr'>οὐδὲν</span> <span class='ocrx_word' id='word_1_376' title='bbox 824 3867 1034 3920; x_wconf 88' lang='grc' dir='ltr'>ἀνόσιον</span> <span class='ocrx_word' id='word_1_377' title='bbox 1078 3869 1135 3919; x_wconf 83' lang='grc' dir='ltr'><strong>ἐν</strong></span> <span class='ocrx_word' id='word_1_378' title='bbox 1161 3868 1342 3931; x_wconf 81' lang='grc' dir='ltr'>αὑτοῖς</span> <span class='ocrx_word' id='word_1_379' title='bbox 1369 3866 1679 3939; x_wconf 83' lang='grc' dir='ltr'>εὑρηκέναι.</span> <span class='ocrx_word' id='word_1_380' title='bbox 1722 3869 1892 3939; x_wconf 84' lang='grc' dir='ltr'>Ἑμή-</span> 
     </span>
    </p>
   </div>
   <div class='ocr_carea' id='block_1_54' title="bbox 310 3960 1888 4033">
    <p class='ocr_par' dir='ltr' id='par_1_54' title="bbox 310 3960 1888 4033">
     <span class='ocr_line' id='line_1_54' title="bbox 310 3960 1888 4033; baseline 0.001 -20"><span class='ocrx_word' id='word_1_381' title='bbox 310 3977 404 4013; x_wconf 88' lang='grc' dir='ltr'><strong>νυε</strong></span> <span class='ocrx_word' id='word_1_382' title='bbox 428 3960 484 4013; x_wconf 80' lang='grc' dir='ltr'>δὲ</span> <span class='ocrx_word' id='word_1_383' title='bbox 510 3961 603 4012; x_wconf 73' lang='grc' dir='ltr'>καὶ</span> <span class='ocrx_word' id='word_1_384' title='bbox 626 3960 800 4022; x_wconf 79' lang='grc' dir='ltr'>τοῦτο,</span> <span class='ocrx_word' id='word_1_385' title='bbox 828 3960 1146 4013; x_wconf 88' lang='grc' dir='ltr'>ἀνίστασθαι</span> <span class='ocrx_word' id='word_1_386' title='bbox 1169 3960 1336 4014; x_wconf 73' lang='grc' dir='ltr'>ἕωθεν</span> <span class='ocrx_word' id='word_1_387' title='bbox 1362 3962 1487 4025; x_wconf 75' lang='grc' dir='ltr'>τοὺς</span> <span class='ocrx_word' id='word_1_388' title='bbox 1510 3963 1888 4033; x_wconf 75' lang='grc' dir='ltr'>Χριστιανοὺς,</span> 
     </span>
    </p>
   </div>
   <div class='ocr_carea' id='block_1_55' title="bbox 312 4051 1891 4125">
    <p class='ocr_par' dir='ltr' id='par_1_55' title="bbox 312 4051 1891 4125">
     <span class='ocr_line' id='line_1_55' title="bbox 312 4051 1891 4125; baseline 0.001 -20"><span class='ocrx_word' id='word_1_389' title='bbox 312 4053 406 4105; x_wconf 68' lang='grc' dir='ltr'>καὶ</span> <span class='ocrx_word' id='word_1_390' title='bbox 440 4052 533 4104; x_wconf 81' lang='grc' dir='ltr'>τὸν</span> <span class='ocrx_word' id='word_1_391' title='bbox 557 4052 789 4123; x_wconf 78' lang='grc' dir='ltr'>Χριστὸν</span> <span class='ocrx_word' id='word_1_392' title='bbox 828 4051 947 4105; x_wconf 73' lang='grc' dir='ltr'>θεοῦ</span> <span class='ocrx_word' id='word_1_393' title='bbox 984 4052 1138 4123; x_wconf 82' lang='grc' dir='ltr'>δίκην</span> <span class='ocrx_word' id='word_1_394' title='bbox 1172 4053 1382 4123; x_wconf 80' lang='grc' dir='ltr'>ὑμνεῖν,</span> <span class='ocrx_word' id='word_1_395' title='bbox 1421 4054 1516 4106; x_wconf 75' lang='grc' dir='ltr'>καὶ</span> <span class='ocrx_word' id='word_1_396' title='bbox 1544 4054 1678 4125; x_wconf 85' lang='grc' dir='ltr'>πρὸς</span> <span class='ocrx_word' id='word_1_397' title='bbox 1709 4053 1768 4106; x_wconf 80' lang='grc' dir='ltr'>τὸ</span> <span class='ocrx_word' id='word_1_398' title='bbox 1794 4054 1891 4125; x_wconf 82' lang='grc' dir='ltr'>τὴν</span> 
     </span>
    </p>
   </div>
   <div class='ocr_carea' id='block_1_56' title="bbox 311 4146 1893 4218">
    <p class='ocr_par' dir='ltr' id='par_1_56' title="bbox 311 4146 1893 4218">
     <span class='ocr_line' id='line_1_56' title="bbox 311 4146 1893 4218; baseline 0 -18"><span class='ocrx_word' id='word_1_399' title='bbox 311 4147 621 4217; x_wconf 81' lang='grc' dir='ltr'>ἐπιστήμην</span> <span class='ocrx_word' id='word_1_400' title='bbox 657 4146 837 4199; x_wconf 83' lang='grc' dir='ltr'>αὑτῶν</span> <span class='ocrx_word' id='word_1_401' title='bbox 883 4146 1267 4215; x_wconf 81' lang='grc' dir='ltr'>διαφυλάσσειν</span> <span class='ocrx_word' id='word_1_402' title='bbox 1292 4146 1422 4218; x_wconf 94' lang='grc'>(62),</span> <span class='ocrx_word' id='word_1_403' title='bbox 1459 4146 1761 4200; x_wconf 84' lang='grc' dir='ltr'>κωλύεσθαι</span> <span class='ocrx_word' id='word_1_404' title='bbox 1797 4164 1893 4217; x_wconf 85' lang='grc' dir='ltr'>φο-</span> 
     </span>
    </p>
   </div>
   <div class='ocr_carea' id='block_1_57' title="bbox 308 4238 1889 4312">
    <p class='ocr_par' dir='ltr' id='par_1_57' title="bbox 308 4238 1889 4312">
     <span class='ocr_line' id='line_1_57' title="bbox 308 4238 1889 4312; baseline 0 -21"><span class='ocrx_word' id='word_1_405' title='bbox 308 4239 507 4300; x_wconf 84' lang='grc' dir='ltr'>νεύειν,</span> <span class='ocrx_word' id='word_1_406' title='bbox 562 4240 852 4312; x_wconf 83' lang='grc' dir='ltr'>μοιχεύειν,</span> <span class='ocrx_word' id='word_1_407' title='bbox 906 4240 1269 4301; x_wconf 83' lang='grc' dir='ltr'>πλεονεκτεῖν,</span> <span class='ocrx_word' id='word_1_408' title='bbox 1325 4239 1646 4310; x_wconf 84' lang='grc' dir='ltr'>ἀποστερεῖν</span> <span class='ocrx_word' id='word_1_409' title='bbox 1694 4239 1787 4291; x_wconf 73' lang='grc' dir='ltr'>καὶ</span> <span class='ocrx_word' id='word_1_410' title='bbox 1821 4238 1889 4291; x_wconf 68' lang='grc' dir='ltr'>τὰ</span> 
     </span>
    </p>
   </div>
   <div class='ocr_carea' id='block_1_58' title="bbox 308 4329 1890 4402">
    <p class='ocr_par' dir='ltr' id='par_1_58' title="bbox 308 4329 1890 4402">
     <span class='ocr_line' id='line_1_58' title="bbox 308 4329 1890 4402; baseline -0.001 -17"><span class='ocrx_word' id='word_1_411' title='bbox 308 4332 519 4395; x_wconf 84' lang='grc' dir='ltr'>τούτοις</span> <span class='ocrx_word' id='word_1_412' title='bbox 559 4332 738 4401; x_wconf 81' lang='grc' dir='ltr'>ὃμοια.</span> <span class='ocrx_word' id='word_1_413' title='bbox 780 4330 922 4402; x_wconf 84' lang='grc' dir='ltr'>Πρὸς</span> <span class='ocrx_word' id='word_1_414' title='bbox 949 4329 1119 4383; x_wconf 76' lang='grc' dir='ltr'>ταῦτα</span> <span class='ocrx_word' id='word_1_415' title='bbox 1156 4329 1462 4401; x_wconf 68' lang='grc' dir='ltr'>ἀντέγραψε</span> <span class='ocrx_word' id='word_1_416' title='bbox 1495 4330 1779 4400; x_wconf 83' lang='grc' dir='ltr'>Τραϊανὸς,</span> <span class='ocrx_word' id='word_1_417' title='bbox 1830 4332 1890 4384; x_wconf 87' lang='grc' dir='ltr'>τὸ</span> 
     </span>
    </p>
   </div>
   <div class='ocr_carea' id='block_1_59' title="bbox 1993 1840 3571 1909">
    <p class='ocr_par' dir='ltr' id='par_1_59' title="bbox 1993 1840 3571 1909">
     <span class='ocr_line' id='line_1_59' title="bbox 1993 1840 3571 1909; baseline -0.004 -14"><span class='ocrx_word' id='word_1_418' title='bbox 1993 1840 2212 1895; x_wconf 86' lang='lat' dir='ltr'><strong>Christo</strong></span> <span class='ocrx_word' id='word_1_419' title='bbox 2252 1847 2505 1908; x_wconf 88' lang='lat' dir='ltr'><strong>tanquam</strong></span> <span class='ocrx_word' id='word_1_420' title='bbox 2550 1841 2649 1894; x_wconf 89' lang='lat' dir='ltr'><strong>deo</strong></span> <span class='ocrx_word' id='word_1_421' title='bbox 2684 1840 2910 1909; x_wconf 84' lang='lat' dir='ltr'><strong>hymnos</strong></span> <span class='ocrx_word' id='word_1_422' title='bbox 2954 1846 3214 1892; x_wconf 88' lang='lat' dir='ltr'><strong>cauerent</strong></span> <span class='ocrx_word' id='word_1_423' title='bbox 3260 1853 3273 1888; x_wconf 94' lang='lat'><strong>:</strong></span> <span class='ocrx_word' id='word_1_424' title='bbox 3315 1846 3571 1891; x_wconf 62' lang='lat' dir='ltr'><strong>caternut</strong></span> 
     </span>
    </p>
   </div>
   <div class='ocr_carea' id='block_1_60' title="bbox 1993 1928 3571 2000">
    <p class='ocr_par' dir='ltr' id='par_1_60' title="bbox 1993 1928 3571 2000">
     <span class='ocr_line' id='line_1_60' title="bbox 1993 1928 3571 2000; baseline -0.003 -16"><span class='ocrx_word' id='word_1_425' title='bbox 1993 1930 2281 1996; x_wconf 86' lang='lat' dir='ltr'><strong>adulteria,</strong></span> <span class='ocrx_word' id='word_1_426' title='bbox 2324 1931 2639 1995; x_wconf 80' lang='lat' dir='ltr'><strong>homicidia,</strong></span> <span class='ocrx_word' id='word_1_427' title='bbox 2672 1940 2726 1985; x_wconf 92' lang='lat' dir='ltr'><strong>et</strong></span> <span class='ocrx_word' id='word_1_428' title='bbox 2760 1930 2967 1997; x_wconf 83' lang='lat' dir='ltr'><strong>reliqua</strong></span> <span class='ocrx_word' id='word_1_429' title='bbox 3003 1928 3311 2000; x_wconf 86' lang='lat' dir='ltr'><strong>hujusmodi</strong></span> <span class='ocrx_word' id='word_1_430' title='bbox 3342 1928 3571 1983; x_wconf 89' lang='lat' dir='ltr'><strong>crimina</strong></span> 
     </span>
    </p>
   </div>
   <div class='ocr_carea' id='block_1_61' title="bbox 1997 2018 3568 2092">
    <p class='ocr_par' dir='ltr' id='par_1_61' title="bbox 1997 2018 3568 2092">
     <span class='ocr_line' id='line_1_61' title="bbox 1997 2018 3568 2092; baseline -0.003 -16"><span class='ocrx_word' id='word_1_431' title='bbox 1997 2024 2116 2079; x_wconf 90' lang='lat' dir='ltr'><strong>illos</strong></span> <span class='ocrx_word' id='word_1_432' title='bbox 2140 2023 2307 2079; x_wconf 86' lang='lat' dir='ltr'><strong>etiam</strong></span> <span class='ocrx_word' id='word_1_433' title='bbox 2338 2023 2602 2088; x_wconf 88' lang='lat' dir='ltr'><strong>aversari,</strong></span> <span class='ocrx_word' id='word_1_434' title='bbox 2622 2032 2928 2092; x_wconf 88' lang='lat' dir='ltr'><strong>cunctaque</strong></span> <span class='ocrx_word' id='word_1_435' title='bbox 2960 2037 3023 2075; x_wconf 80' lang='lat' dir='ltr'><strong>ex</strong></span> <span class='ocrx_word' id='word_1_436' title='bbox 3050 2020 3365 2090; x_wconf 64' lang='lat' dir='ltr'><strong>praescripto</strong></span> <span class='ocrx_word' id='word_1_437' title='bbox 3393 2018 3568 2087; x_wconf 74' lang='lat' dir='ltr'><strong>legum</strong></span> 
     </span>
    </p>
   </div>
   <div class='ocr_carea' id='block_1_62' title="bbox 1995 2111 3568 2186">
    <p class='ocr_par' dir='ltr' id='par_1_62' title="bbox 1995 2111 3568 2186">
     <span class='ocr_line' id='line_1_62' title="bbox 1995 2111 3568 2186; baseline -0.003 -16"><span class='ocrx_word' id='word_1_438' title='bbox 1995 2131 2180 2186; x_wconf 83' lang='lat' dir='ltr'><strong>agere.</strong></span> <span class='ocrx_word' id='word_1_439' title='bbox 2272 2117 2483 2185; x_wconf 85' lang='lat' dir='ltr'><strong>Quibus</strong></span> <span class='ocrx_word' id='word_1_440' title='bbox 2554 2117 2889 2184; x_wconf 87' lang='lat' dir='ltr'><strong>respondens</strong></span> <span class='ocrx_word' id='word_1_441' title='bbox 2964 2113 3275 2182; x_wconf 84' lang='lat' dir='ltr'><strong>Trajanus,</strong></span> <span class='ocrx_word' id='word_1_442' title='bbox 3353 2111 3568 2167; x_wconf 79' lang='lat' dir='ltr'><strong>edixit:</strong></span> 
     </span>
    </p>
   </div>
   <div class='ocr_carea' id='block_1_63' title="bbox 1995 2202 3574 2280">
    <p class='ocr_par' dir='ltr' id='par_1_63' title="bbox 1995 2202 3574 2280">
     <span class='ocr_line' id='line_1_63' title="bbox 1995 2202 3574 2280; baseline -0.006 -14"><span class='ocrx_word' id='word_1_443' title='bbox 1995 2210 2339 2266; x_wconf 87' lang='lat' dir='ltr'><strong>Christianos</strong></span> <span class='ocrx_word' id='word_1_444' title='bbox 2376 2210 2591 2280; x_wconf 85' lang='lat' dir='ltr'><strong>quidem</strong></span> <span class='ocrx_word' id='word_1_445' title='bbox 2625 2207 2979 2278; x_wconf 88' lang='lat' dir='ltr'><strong>requirendos</strong></span> <span class='ocrx_word' id='word_1_446' title='bbox 3016 2221 3120 2260; x_wconf 92' lang='lat' dir='ltr'><strong>non</strong></span> <span class='ocrx_word' id='word_1_447' title='bbox 3160 2219 3314 2268; x_wconf 90' lang='lat' dir='ltr'><strong>esse,</strong></span> <span class='ocrx_word' id='word_1_448' title='bbox 3359 2202 3574 2258; x_wconf 89' lang='lat' dir='ltr'><strong>oblatos</strong></span> 
     </span>
    </p>
   </div>
   <div class='ocr_carea' id='block_1_64' title="bbox 1996 2294 3574 2374">
    <p class='ocr_par' dir='ltr' id='par_1_64' title="bbox 1996 2294 3574 2374">
     <span class='ocr_line' id='line_1_64' title="bbox 1996 2294 3574 2374; baseline -0.004 -18"><span class='ocrx_word' id='word_1_449' title='bbox 1996 2320 2123 2360; x_wconf 87' lang='lat' dir='ltr'><strong>vero</strong></span> <span class='ocrx_word' id='word_1_450' title='bbox 2174 2304 2350 2374; x_wconf 89' lang='lat' dir='ltr'><strong>puniri</strong></span> <span class='ocrx_word' id='word_1_451' title='bbox 2393 2312 2668 2372; x_wconf 88' lang='lat' dir='ltr'><strong>oportere.</strong></span> <span class='ocrx_word' id='word_1_452' title='bbox 2737 2301 2854 2366; x_wconf 87' lang='lat' dir='ltr'><strong>Quo</strong></span> <span class='ocrx_word' id='word_1_453' title='bbox 2919 2298 3107 2365; x_wconf 78' lang='lat' dir='ltr'><strong>facto,</strong></span> <span class='ocrx_word' id='word_1_454' title='bbox 3175 2294 3574 2368; x_wconf 88' lang='lat' dir='ltr'><strong>persecutionis</strong></span> 
     </span>
    </p>
   </div>
   <div class='ocr_carea' id='block_1_65' title="bbox 1999 2386 3569 2464">
    <p class='ocr_par' dir='ltr' id='par_1_65' title="bbox 1999 2386 3569 2464">
     <span class='ocr_line' id='line_1_65' title="bbox 1999 2386 3569 2464; baseline -0.006 -14"><span class='ocrx_word' id='word_1_455' title='bbox 1999 2396 2303 2453; x_wconf 86' lang='lat' dir='ltr'><strong>incendium</strong></span> <span class='ocrx_word' id='word_1_456' title='bbox 2370 2394 2514 2464; x_wconf 89' lang='lat' dir='ltr'><strong>quod</strong></span> <span class='ocrx_word' id='word_1_457' title='bbox 2599 2393 2758 2447; x_wconf 90' lang='lat' dir='ltr'><strong>nobis</strong></span> <span class='ocrx_word' id='word_1_458' title='bbox 2815 2391 3108 2446; x_wconf 88' lang='lat' dir='ltr'><strong>violentius</strong></span> <span class='ocrx_word' id='word_1_459' title='bbox 3177 2386 3569 2451; x_wconf 85' lang='lat' dir='ltr'><strong>incumbebat,</strong></span> 
     </span>
    </p>
   </div>
   <div class='ocr_carea' id='block_1_66' title="bbox 1999 2479 3572 2555">
    <p class='ocr_par' dir='ltr' id='par_1_66' title="bbox 1999 2479 3572 2555">
     <span class='ocr_line' id='line_1_66' title="bbox 1999 2479 3572 2555; baseline -0.003 -15"><span class='ocrx_word' id='word_1_460' title='bbox 1999 2488 2320 2542; x_wconf 80' lang='lat' dir='ltr'><strong>restinctum</strong></span> <span class='ocrx_word' id='word_1_461' title='bbox 2352 2486 2571 2555; x_wconf 83' lang='lat' dir='ltr'><strong>quidem</strong></span> <span class='ocrx_word' id='word_1_462' title='bbox 2614 2484 2792 2553; x_wconf 88' lang='lat' dir='ltr'><strong>aliqua</strong></span> <span class='ocrx_word' id='word_1_463' title='bbox 2836 2498 2899 2538; x_wconf 81' lang='lat' dir='ltr'><strong>ex</strong></span> <span class='ocrx_word' id='word_1_464' title='bbox 2942 2492 3099 2553; x_wconf 86' lang='lat' dir='ltr'><strong>parte</strong></span> <span class='ocrx_word' id='word_1_465' title='bbox 3136 2481 3424 2535; x_wconf 85' lang='lat' dir='ltr'><strong>videbatur</strong></span> <span class='ocrx_word' id='word_1_466' title='bbox 3456 2497 3470 2533; x_wconf 90' lang='lat'><strong>:</strong></span> <span class='ocrx_word' id='word_1_467' title='bbox 3506 2479 3572 2535; x_wconf 85' lang='lat' dir='ltr'><strong>iis</strong></span> 
     </span>
    </p>
   </div>
   <div class='ocr_carea' id='block_1_67' title="bbox 2001 2572 3571 2649">
    <p class='ocr_par' dir='ltr' id='par_1_67' title="bbox 2001 2572 3571 2649">
     <span class='ocr_line' id='line_1_67' title="bbox 2001 2572 3571 2649; baseline -0.004 -16"><span class='ocrx_word' id='word_1_468' title='bbox 2001 2590 2179 2635; x_wconf 85' lang='lat' dir='ltr'><strong>tamen</strong></span> <span class='ocrx_word' id='word_1_469' title='bbox 2232 2578 2322 2649; x_wconf 91' lang='lat' dir='ltr'><strong>qui</strong></span> <span class='ocrx_word' id='word_1_470' title='bbox 2380 2593 2477 2633; x_wconf 91' lang='lat' dir='ltr'><strong>nos</strong></span> <span class='ocrx_word' id='word_1_471' title='bbox 2532 2577 2770 2647; x_wconf 81' lang='lat' dir='ltr'><strong>maligne</strong></span> <span class='ocrx_word' id='word_1_472' title='bbox 2824 2584 2881 2630; x_wconf 84' lang='lat' dir='ltr'><strong>et</strong></span> <span class='ocrx_word' id='word_1_473' title='bbox 2936 2572 3310 2629; x_wconf 83' lang='lat' dir='ltr'><strong>fraudulenter</strong></span> <span class='ocrx_word' id='word_1_474' title='bbox 3350 2572 3571 2643; x_wconf 84' lang='lat' dir='ltr'><strong>aggredi</strong></span> 
     </span>
    </p>
   </div>
   <div class='ocr_carea' id='block_1_68' title="bbox 1998 2662 3572 2739">
    <p class='ocr_par' dir='ltr' id='par_1_68' title="bbox 1998 2662 3572 2739">
     <span class='ocr_line' id='line_1_68' title="bbox 1998 2662 3572 2739; baseline -0.005 -13"><span class='ocrx_word' id='word_1_475' title='bbox 1998 2671 2219 2735; x_wconf 87' lang='lat' dir='ltr'><strong>vellent,</strong></span> <span class='ocrx_word' id='word_1_476' title='bbox 2247 2687 2352 2727; x_wconf 92' lang='lat' dir='ltr'><strong>non</strong></span> <span class='ocrx_word' id='word_1_477' title='bbox 2396 2671 2578 2724; x_wconf 91' lang='lat' dir='ltr'><strong>minor</strong></span> <span class='ocrx_word' id='word_1_478' title='bbox 2614 2668 2993 2739; x_wconf 80' lang='lat' dir='ltr'><strong>Opportunitas</strong></span> <span class='ocrx_word' id='word_1_479' title='bbox 3045 2665 3366 2736; x_wconf 80' lang='lat' dir='ltr'><strong>suppetebat</strong></span> <span class='ocrx_word' id='word_1_480' title='bbox 3399 2681 3414 2718; x_wconf 92' lang='lat'><strong>:</strong></span> <span class='ocrx_word' id='word_1_481' title='bbox 3444 2662 3572 2718; x_wconf 87' lang='lat' dir='ltr'><strong>alibi</strong></span> 
     </span>
    </p>
   </div>
   <div class='ocr_carea' id='block_1_69' title="bbox 1998 2758 3574 2833">
    <p class='ocr_par' dir='ltr' id='par_1_69' title="bbox 1998 2758 3574 2833">
     <span class='ocr_line' id='line_1_69' title="bbox 1998 2758 3574 2833; baseline -0.004 -15"><span class='ocrx_word' id='word_1_482' title='bbox 1998 2763 2222 2833; x_wconf 80' lang='lat' dir='ltr'><strong>populo,</strong></span> <span class='ocrx_word' id='word_1_483' title='bbox 2275 2762 2406 2817; x_wconf 90' lang='lat' dir='ltr'><strong>alibi</strong></span> <span class='ocrx_word' id='word_1_484' title='bbox 2466 2762 2794 2833; x_wconf 69' lang='lat' dir='ltr'><strong>praesidibus</strong></span> <span class='ocrx_word' id='word_1_485' title='bbox 2851 2758 3258 2830; x_wconf 84' lang='lat' dir='ltr'><strong>provinciarum</strong></span> <span class='ocrx_word' id='word_1_486' title='bbox 3313 2758 3574 2812; x_wconf 87' lang='lat' dir='ltr'><strong>adversus</strong></span> 
     </span>
    </p>
   </div>
   <div class='ocr_carea' id='block_1_70' title="bbox 2000 2850 3583 2927">
    <p class='ocr_par' dir='ltr' id='par_1_70' title="bbox 2000 2850 3583 2927">
     <span class='ocr_line' id='line_1_70' title="bbox 2000 2850 3583 2927; baseline -0.005 -16"><span class='ocrx_word' id='word_1_487' title='bbox 2000 2864 2217 2912; x_wconf 87' lang='lat' dir='ltr'><strong>nostros</strong></span> <span class='ocrx_word' id='word_1_488' title='bbox 2261 2855 2488 2911; x_wconf 80' lang='lat' dir='ltr'><strong>insidias</strong></span> <span class='ocrx_word' id='word_1_489' title='bbox 2538 2854 3012 2924; x_wconf 84' lang='lat' dir='ltr'><strong>comparantibus.</strong></span> <span class='ocrx_word' id='word_1_490' title='bbox 3073 2851 3223 2906; x_wconf 77' lang='lat' dir='ltr'><strong>Adeo</strong></span> <span class='ocrx_word' id='word_1_491' title='bbox 3265 2860 3323 2905; x_wconf 91' lang='lat' dir='ltr'><strong>ut</strong></span> <span class='ocrx_word' id='word_1_492' title='bbox 3376 2850 3420 2905; x_wconf 91' lang='lat' dir='ltr'><strong>si</strong></span> <span class='ocrx_word' id='word_1_493' title='bbox 3464 2865 3583 2927; x_wconf 88' lang='lat' dir='ltr'><strong>non</strong></span> 
     </span>
    </p>
   </div>
   <div class='ocr_carea' id='block_1_71' title="bbox 2000 2942 3574 3018">
    <p class='ocr_par' dir='ltr' id='par_1_71' title="bbox 2000 2942 3574 3018">
     <span class='ocr_line' id='line_1_71' title="bbox 2000 2942 3574 3018; baseline -0.004 -16"><span class='ocrx_word' id='word_1_494' title='bbox 2000 2949 2180 3018; x_wconf 79' lang='lat' dir='ltr'><strong>palam</strong></span> <span class='ocrx_word' id='word_1_495' title='bbox 2208 2959 2265 3004; x_wconf 91' lang='lat' dir='ltr'><strong>et</strong></span> <span class='ocrx_word' id='word_1_496' title='bbox 2290 2948 2532 3017; x_wconf 88' lang='lat' dir='ltr'><strong>publice,</strong></span> <span class='ocrx_word' id='word_1_497' title='bbox 2566 2947 2768 3003; x_wconf 89' lang='lat' dir='ltr'><strong>locales</strong></span> <span class='ocrx_word' id='word_1_498' title='bbox 2798 2956 2977 3000; x_wconf 87' lang='lat' dir='ltr'><strong>tamen</strong></span> <span class='ocrx_word' id='word_1_499' title='bbox 3022 2944 3075 2998; x_wconf 92' lang='lat' dir='ltr'><strong>in</strong></span> <span class='ocrx_word' id='word_1_500' title='bbox 3108 2944 3311 3014; x_wconf 87' lang='lat' dir='ltr'><strong>aliquot</strong></span> <span class='ocrx_word' id='word_1_501' title='bbox 3352 2942 3574 3013; x_wconf 55' lang='lat' dir='ltr'><strong>provine</strong></span> 
     </span>
    </p>
   </div>
   <div class='ocr_carea' id='block_1_72' title="bbox 2001 3034 3577 3110">
    <p class='ocr_par' dir='ltr' id='par_1_72' title="bbox 2001 3034 3577 3110">
     <span class='ocr_line' id='line_1_72' title="bbox 2001 3034 3577 3110; baseline -0.005 -15"><span class='ocrx_word' id='word_1_502' title='bbox 2001 3041 2102 3095; x_wconf 91' lang='lat' dir='ltr'><strong>ciis</strong></span> <span class='ocrx_word' id='word_1_503' title='bbox 2138 3041 2546 3110; x_wconf 79' lang='lat' dir='ltr'><strong>persecutiones</strong></span> <span class='ocrx_word' id='word_1_504' title='bbox 2571 3039 3008 3100; x_wconf 81' lang='lat' dir='ltr'><strong>cxardesccrent,</strong></span> <span class='ocrx_word' id='word_1_505' title='bbox 3028 3046 3084 3093; x_wconf 91' lang='lat' dir='ltr'><strong>et</strong></span> <span class='ocrx_word' id='word_1_506' title='bbox 3105 3035 3321 3106; x_wconf 88' lang='lat' dir='ltr'><strong>plurimi</strong></span> <span class='ocrx_word' id='word_1_507' title='bbox 3343 3051 3406 3090; x_wconf 83' lang='lat' dir='ltr'><strong>ex</strong></span> <span class='ocrx_word' id='word_1_508' title='bbox 3442 3034 3577 3088; x_wconf 84' lang='lat' dir='ltr'><strong>ﬁde-</strong></span> 
     </span>
    </p>
   </div>
   <div class='ocr_carea' id='block_1_73' title="bbox 1999 3126 3573 3203">
    <p class='ocr_par' dir='ltr' id='par_1_73' title="bbox 1999 3126 3573 3203">
     <span class='ocr_line' id='line_1_73' title="bbox 1999 3126 3573 3203; baseline -0.004 -15"><span class='ocrx_word' id='word_1_509' title='bbox 1999 3133 2140 3189; x_wconf 89' lang='lat' dir='ltr'><strong>libus</strong></span> <span class='ocrx_word' id='word_1_510' title='bbox 2173 3131 2491 3203; x_wconf 86' lang='lat' dir='ltr'><strong>multiplicis</strong></span> <span class='ocrx_word' id='word_1_511' title='bbox 2514 3130 2760 3201; x_wconf 84' lang='lat' dir='ltr'><strong>martyrii</strong></span> <span class='ocrx_word' id='word_1_512' title='bbox 2796 3138 3072 3185; x_wconf 88' lang='lat' dir='ltr'><strong>certamen</strong></span> <span class='ocrx_word' id='word_1_513' title='bbox 3102 3127 3366 3182; x_wconf 88' lang='lat' dir='ltr'><strong>subirent.</strong></span> <span class='ocrx_word' id='word_1_514' title='bbox 3401 3126 3573 3181; x_wconf 75' lang='lat' dir='ltr'><strong>Porro</strong></span> 
     </span>
    </p>
   </div>
   <div class='ocr_carea' id='block_1_74' title="bbox 1997 3218 3574 3293">
    <p class='ocr_par' dir='ltr' id='par_1_74' title="bbox 1997 3218 3574 3293">
     <span class='ocr_line' id='line_1_74' title="bbox 1997 3218 3574 3293; baseline -0.005 -11"><span class='ocrx_word' id='word_1_515' title='bbox 1997 3242 2065 3282; x_wconf 79' lang='lat' dir='ltr'><strong>ex</strong></span> <span class='ocrx_word' id='word_1_516' title='bbox 2096 3224 2417 3282; x_wconf 89' lang='lat' dir='ltr'><strong>Tertulliani</strong></span> <span class='ocrx_word' id='word_1_517' title='bbox 2443 3223 2778 3293; x_wconf 81' lang='lat' dir='ltr'><strong>Apologetico</strong></span> <span class='ocrx_word' id='word_1_518' title='bbox 2823 3222 3015 3277; x_wconf 88' lang='lat' dir='ltr'><strong>Latine</strong></span> <span class='ocrx_word' id='word_1_519' title='bbox 3037 3221 3380 3291; x_wconf 86' lang='lat' dir='ltr'><strong>conscripto,</strong></span> <span class='ocrx_word' id='word_1_520' title='bbox 3413 3218 3574 3287; x_wconf 84' lang='lat' dir='ltr'><strong>cujus</strong></span> 
     </span>
    </p>
   </div>
   <div class='ocr_carea' id='block_1_75' title="bbox 1990 3312 3572 3388">
    <p class='ocr_par' dir='ltr' id='par_1_75' title="bbox 1990 3312 3572 3388">
     <span class='ocr_line' id='line_1_75' title="bbox 1990 3312 3572 3388; baseline -0.006 -15"><span class='ocrx_word' id='word_1_521' title='bbox 1990 3318 2102 3388; x_wconf 86' lang='lat' dir='ltr'><strong>jam</strong></span> <span class='ocrx_word' id='word_1_522' title='bbox 2128 3333 2291 3387; x_wconf 85' lang='lat' dir='ltr'><strong>supra</strong></span> <span class='ocrx_word' id='word_1_523' title='bbox 2335 3315 2666 3371; x_wconf 86' lang='lat' dir='ltr'><strong>mentionem</strong></span> <span class='ocrx_word' id='word_1_524' title='bbox 2704 3316 2951 3379; x_wconf 81' lang='lat' dir='ltr'><strong>fecimus,</strong></span> <span class='ocrx_word' id='word_1_525' title='bbox 3014 3314 3130 3368; x_wconf 70' lang='lat' dir='ltr'><strong>haec</strong></span> <span class='ocrx_word' id='word_1_526' title='bbox 3180 3328 3208 3365; x_wconf 89' lang='lat' dir='ltr'><strong>a</strong></span> <span class='ocrx_word' id='word_1_527' title='bbox 3268 3312 3424 3367; x_wconf 83' lang='lat' dir='ltr'><strong>nobis</strong></span> <span class='ocrx_word' id='word_1_528' title='bbox 3487 3319 3572 3364; x_wconf 86' lang='lat' dir='ltr'><strong>est</strong></span> 
     </span>
    </p>
   </div>
   <div class='ocr_carea' id='block_1_76' title="bbox 1997 3402 3570 3480">
    <p class='ocr_par' dir='ltr' id='par_1_76' title="bbox 1997 3402 3570 3480">
     <span class='ocr_line' id='line_1_76' title="bbox 1997 3402 3570 3480; baseline -0.008 -13"><span class='ocrx_word' id='word_1_529' title='bbox 1997 3413 2277 3480; x_wconf 88' lang='lat' dir='ltr'><strong>desumpta</strong></span> <span class='ocrx_word' id='word_1_530' title='bbox 2293 3408 2551 3463; x_wconf 85' lang='lat' dir='ltr'><strong>narratio.</strong></span> <span class='ocrx_word' id='word_1_531' title='bbox 2591 3425 2609 3458; x_wconf 82' lang='grc' dir='ltr'><strong>ι</strong></span> <span class='ocrx_word' id='word_1_532' title='bbox 2633 3407 2797 3476; x_wconf 84' lang='lat' dir='ltr'><strong>Atqui</strong></span> <span class='ocrx_word' id='word_1_533' title='bbox 2819 3405 3148 3470; x_wconf 87' lang='lat' dir='ltr'><strong>invenimus,</strong></span> <span class='ocrx_word' id='word_1_534' title='bbox 3168 3403 3367 3472; x_wconf 86' lang='lat' dir='ltr'><strong>inquit,</strong></span> <span class='ocrx_word' id='word_1_535' title='bbox 3393 3402 3570 3471; x_wconf 56' lang='lat' dir='ltr'><strong>inqui.</strong></span> 
     </span>
    </p>
   </div>
   <div class='ocr_carea' id='block_1_77' title="bbox 1996 3493 3564 3572">
    <p class='ocr_par' dir='ltr' id='par_1_77' title="bbox 1996 3493 3564 3572">
     <span class='ocr_line' id='line_1_77' title="bbox 1996 3493 3564 3572; baseline -0.008 -14"><span class='ocrx_word' id='word_1_536' title='bbox 1996 3503 2251 3558; x_wconf 90' lang='lat' dir='ltr'><strong>sitionem</strong></span> <span class='ocrx_word' id='word_1_537' title='bbox 2285 3514 2502 3572; x_wconf 85' lang='lat' dir='ltr'><strong>quoque</strong></span> <span class='ocrx_word' id='word_1_538' title='bbox 2529 3500 2583 3553; x_wconf 92' lang='lat' dir='ltr'><strong>in</strong></span> <span class='ocrx_word' id='word_1_539' title='bbox 2625 3512 2723 3553; x_wconf 91' lang='lat' dir='ltr'><strong>nos</strong></span> <span class='ocrx_word' id='word_1_540' title='bbox 2762 3496 3117 3567; x_wconf 84' lang='lat' dir='ltr'><strong>prohibitam.</strong></span> <span class='ocrx_word' id='word_1_541' title='bbox 3168 3493 3374 3547; x_wconf 83' lang='lat' dir='ltr'><strong>Plinius</strong></span> <span class='ocrx_word' id='word_1_542' title='bbox 3418 3494 3564 3546; x_wconf 88' lang='lat' dir='ltr'><strong>enim</strong></span> 
     </span>
    </p>
   </div>
   <div class='ocr_carea' id='block_1_78' title="bbox 1998 3583 3571 3660">
    <p class='ocr_par' dir='ltr' id='par_1_78' title="bbox 1998 3583 3571 3660">
     <span class='ocr_line' id='line_1_78' title="bbox 1998 3583 3571 3660; baseline -0.008 -11"><span class='ocrx_word' id='word_1_543' title='bbox 1998 3594 2280 3649; x_wconf 84' lang='lat' dir='ltr'><strong>Secundus</strong></span> <span class='ocrx_word' id='word_1_544' title='bbox 2311 3607 2432 3647; x_wconf 89' lang='lat' dir='ltr'><strong>cum</strong></span> <span class='ocrx_word' id='word_1_545' title='bbox 2466 3589 2802 3660; x_wconf 88' lang='lat' dir='ltr'><strong>provinciam</strong></span> <span class='ocrx_word' id='word_1_546' title='bbox 2838 3595 3086 3657; x_wconf 84' lang='lat' dir='ltr'><strong>regeret,</strong></span> <span class='ocrx_word' id='word_1_547' title='bbox 3135 3586 3407 3640; x_wconf 90' lang='lat' dir='ltr'><strong>damnatis</strong></span> <span class='ocrx_word' id='word_1_548' title='bbox 3452 3583 3571 3654; x_wconf 87' lang='lat' dir='ltr'><strong>qui-</strong></span> 
     </span>
    </p>
   </div>
   <div class='ocr_carea' id='block_1_79' title="bbox 1998 3677 3568 3753">
    <p class='ocr_par' dir='ltr' id='par_1_79' title="bbox 1998 3677 3568 3753">
     <span class='ocr_line' id='line_1_79' title="bbox 1998 3677 3568 3753; baseline -0.008 -11"><span class='ocrx_word' id='word_1_549' title='bbox 1998 3687 2223 3742; x_wconf 78' lang='lat' dir='ltr'><strong>busdam</strong></span> <span class='ocrx_word' id='word_1_550' title='bbox 2256 3683 2608 3747; x_wconf 87' lang='lat' dir='ltr'><strong>Christianis,</strong></span> <span class='ocrx_word' id='word_1_551' title='bbox 2643 3680 2975 3753; x_wconf 88' lang='lat' dir='ltr'><strong>quibusdam</strong></span> <span class='ocrx_word' id='word_1_552' title='bbox 3006 3678 3176 3746; x_wconf 82' lang='lat' dir='ltr'><strong>gradu</strong></span> <span class='ocrx_word' id='word_1_553' title='bbox 3211 3677 3382 3747; x_wconf 85' lang='lat' dir='ltr'><strong>pulsis</strong></span> <span class='ocrx_word' id='word_1_554' title='bbox 3403 3717 3419 3742; x_wconf 91' lang='lat'><strong>,</strong></span> <span class='ocrx_word' id='word_1_555' title='bbox 3452 3677 3568 3746; x_wconf 85' lang='lat' dir='ltr'><strong>ipsa</strong></span> 
     </span>
    </p>
   </div>
   <div class='ocr_carea' id='block_1_80' title="bbox 1997 3769 3569 3843">
    <p class='ocr_par' dir='ltr' id='par_1_80' title="bbox 1997 3769 3569 3843">
     <span class='ocr_line' id='line_1_80' title="bbox 1997 3769 3569 3843; baseline -0.008 -9"><span class='ocrx_word' id='word_1_556' title='bbox 1997 3780 2214 3834; x_wconf 90' lang='lat' dir='ltr'><strong>tandem</strong></span> <span class='ocrx_word' id='word_1_557' title='bbox 2268 3776 2614 3831; x_wconf 90' lang='lat' dir='ltr'><strong>multitudine</strong></span> <span class='ocrx_word' id='word_1_558' title='bbox 2654 3773 3037 3843; x_wconf 86' lang='lat' dir='ltr'><strong>perturbatus,</strong></span> <span class='ocrx_word' id='word_1_559' title='bbox 3080 3769 3209 3838; x_wconf 91' lang='lat' dir='ltr'><strong>quid</strong></span> <span class='ocrx_word' id='word_1_560' title='bbox 3246 3769 3312 3825; x_wconf 91' lang='lat' dir='ltr'><strong>de</strong></span> <span class='ocrx_word' id='word_1_561' title='bbox 3372 3778 3569 3823; x_wconf 56' lang='lat' dir='ltr'><strong>cetera</strong></span> 
     </span>
    </p>
   </div>
   <div class='ocr_carea' id='block_1_81' title="bbox 1996 3863 3565 3943">
    <p class='ocr_par' dir='ltr' id='par_1_81' title="bbox 1996 3863 3565 3943">
     <span class='ocr_line' id='line_1_81' title="bbox 1996 3863 3565 3943; baseline -0.007 -17"><span class='ocrx_word' id='word_1_562' title='bbox 1996 3878 2204 3943; x_wconf 88' lang='lat' dir='ltr'><strong>ageret,</strong></span> <span class='ocrx_word' id='word_1_563' title='bbox 2267 3867 2539 3924; x_wconf 85' lang='lat' dir='ltr'><strong>consuluit</strong></span> <span class='ocrx_word' id='word_1_564' title='bbox 2588 3875 2717 3920; x_wconf 90' lang='lat' dir='ltr'><strong>tunc</strong></span> <span class='ocrx_word' id='word_1_565' title='bbox 2769 3864 3071 3932; x_wconf 70' lang='lat' dir='ltr'><strong>Traianum</strong></span> <span class='ocrx_word' id='word_1_566' title='bbox 3130 3863 3565 3930; x_wconf 89' lang='lat' dir='ltr'><strong>imperatorem:</strong></span> 
     </span>
    </p>
   </div>
   <div class='ocr_carea' id='block_1_82' title="bbox 1994 3952 3561 4033">
    <p class='ocr_par' dir='ltr' id='par_1_82' title="bbox 1994 3952 3561 4033">
     <span class='ocr_line' id='line_1_82' title="bbox 1994 3952 3561 4033; baseline -0.008 -17"><span class='ocrx_word' id='word_1_567' title='bbox 1994 3963 2237 4033; x_wconf 84' lang='lat' dir='ltr'><strong>allegans</strong></span> <span class='ocrx_word' id='word_1_568' title='bbox 2292 3967 2493 4028; x_wconf 67' lang='lat' dir='ltr'><strong>praater</strong></span> <span class='ocrx_word' id='word_1_569' title='bbox 2544 3955 2973 4011; x_wconf 87' lang='lat' dir='ltr'><strong>obstinationem</strong></span> <span class='ocrx_word' id='word_1_570' title='bbox 3035 3967 3141 4007; x_wconf 91' lang='lat' dir='ltr'><strong>non</strong></span> <span class='ocrx_word' id='word_1_571' title='bbox 3192 3952 3561 4018; x_wconf 81' lang='lat' dir='ltr'><strong>sacriﬁcandi,</strong></span> 
     </span>
    </p>
   </div>
   <div class='ocr_carea' id='block_1_83' title="bbox 1994 4044 3566 4115">
    <p class='ocr_par' dir='ltr' id='par_1_83' title="bbox 1994 4044 3566 4115">
     <span class='ocr_line' id='line_1_83' title="bbox 1994 4044 3566 4115; baseline -0.008 -5"><span class='ocrx_word' id='word_1_572' title='bbox 1994 4056 2127 4111; x_wconf 90' lang='lat' dir='ltr'><strong>nihil</strong></span> <span class='ocrx_word' id='word_1_573' title='bbox 2156 4054 2301 4108; x_wconf 88' lang='lat' dir='ltr'><strong>aliud</strong></span> <span class='ocrx_word' id='word_1_574' title='bbox 2333 4066 2391 4106; x_wconf 93' lang='lat' dir='ltr'><strong>se</strong></span> <span class='ocrx_word' id='word_1_575' title='bbox 2433 4052 2501 4105; x_wconf 89' lang='lat' dir='ltr'><strong>de</strong></span> <span class='ocrx_word' id='word_1_576' title='bbox 2548 4046 2912 4103; x_wconf 86' lang='lat' dir='ltr'><strong>sacramentis</strong></span> <span class='ocrx_word' id='word_1_577' title='bbox 2968 4059 3156 4100; x_wconf 89' lang='lat' dir='ltr'><strong>eorum</strong></span> <span class='ocrx_word' id='word_1_578' title='bbox 3210 4044 3566 4115; x_wconf 79' lang='lat' dir='ltr'><strong>comperisse,</strong></span> 
     </span>
    </p>
   </div>
   <div class='ocr_carea' id='block_1_84' title="bbox 1993 4136 3571 4218">
    <p class='ocr_par' dir='ltr' id='par_1_84' title="bbox 1993 4136 3571 4218">
     <span class='ocr_line' id='line_1_84' title="bbox 1993 4136 3571 4218; baseline -0.007 -19"><span class='ocrx_word' id='word_1_579' title='bbox 1993 4160 2155 4218; x_wconf 90' lang='lat' dir='ltr'><strong>quam</strong></span> <span class='ocrx_word' id='word_1_580' title='bbox 2226 4154 2404 4199; x_wconf 63' lang='lat' dir='ltr'><strong>custos</strong></span> <span class='ocrx_word' id='word_1_581' title='bbox 2470 4140 2822 4195; x_wconf 89' lang='lat' dir='ltr'><strong>antelucanos</strong></span> <span class='ocrx_word' id='word_1_582' title='bbox 2901 4137 2967 4192; x_wconf 89' lang='lat' dir='ltr'><strong>ad</strong></span> <span class='ocrx_word' id='word_1_583' title='bbox 3039 4136 3340 4193; x_wconf 89' lang='lat' dir='ltr'><strong>canendum</strong></span> <span class='ocrx_word' id='word_1_584' title='bbox 3410 4136 3571 4207; x_wconf 73' lang='lat'><strong>106</strong></span> 
     </span>
    </p>
   </div>
   <div class='ocr_carea' id='block_1_85' title="bbox 1991 4229 3567 4301">
    <p class='ocr_par' dir='ltr' id='par_1_85' title="bbox 1991 4229 3567 4301">
     <span class='ocr_line' id='line_1_85' title="bbox 1991 4229 3567 4301; baseline -0.008 -5"><span class='ocrx_word' id='word_1_585' title='bbox 1991 4241 2210 4296; x_wconf 86' lang='lat' dir='ltr'><strong>Christo</strong></span> <span class='ocrx_word' id='word_1_586' title='bbox 2238 4249 2297 4292; x_wconf 93' lang='lat' dir='ltr'><strong>ut</strong></span> <span class='ocrx_word' id='word_1_587' title='bbox 2324 4238 2425 4292; x_wconf 89' lang='lat' dir='ltr'><strong>deo</strong></span> <span class='ocrx_word' id='word_1_588' title='bbox 2446 4276 2461 4301; x_wconf 90' lang='lat'><strong>,</strong></span> <span class='ocrx_word' id='word_1_589' title='bbox 2490 4244 2539 4290; x_wconf 87' lang='lat' dir='ltr'><strong>et</strong></span> <span class='ocrx_word' id='word_1_590' title='bbox 2574 4235 2640 4288; x_wconf 90' lang='lat' dir='ltr'><strong>ad</strong></span> <span class='ocrx_word' id='word_1_591' title='bbox 2678 4230 3165 4288; x_wconf 82' lang='lat' dir='ltr'><strong>confoederandam</strong></span> <span class='ocrx_word' id='word_1_592' title='bbox 3203 4229 3567 4298; x_wconf 83' lang='lat' dir='ltr'><strong>disciplinam:</strong></span> 
     </span>
    </p>
   </div>
   <div class='ocr_carea' id='block_1_86' title="bbox 1991 4298 3615 4394">
    <p class='ocr_par' dir='ltr' id='par_1_86' title="bbox 1991 4298 3615 4394">
     <span class='ocr_line' id='line_1_86' title="bbox 1991 4298 3615 4394; baseline -0.008 -5"><span class='ocrx_word' id='word_1_593' title='bbox 1991 4331 2381 4394; x_wconf 86' lang='lat' dir='ltr'><strong>homicidium,</strong></span> <span class='ocrx_word' id='word_1_594' title='bbox 2437 4298 2783 4389; x_wconf 83' lang='lat' dir='ltr'><strong>adulterium,</strong></span> <span class='ocrx_word' id='word_1_595' title='bbox 2843 4324 3111 4386; x_wconf 84' lang='lat' dir='ltr'><strong>fraudem,</strong></span> <span class='ocrx_word' id='word_1_596' title='bbox 3172 4322 3452 4391; x_wconf 81' lang='lat' dir='ltr'><strong>perﬁdiam</strong></span> <span class='ocrx_word' id='word_1_597' title='bbox 3512 4298 3615 4377; x_wconf 49' lang='lat' dir='ltr'><strong>et.</strong></span> 
     </span>
    </p>
   </div>
   <div class='ocr_carea' id='block_1_87' title="bbox 308 4413 1891 4496">
    <p class='ocr_par' dir='ltr' id='par_1_87' title="bbox 308 4420 1885 4496">
     <span class='ocr_line' id='line_1_87' title="bbox 308 4420 1885 4496; baseline -0.003 -18"><span class='ocrx_word' id='word_1_598' title='bbox 308 4424 416 4478; x_wconf 84' lang='grc' dir='ltr'><strong>τῶν</strong></span> <span class='ocrx_word' id='word_1_599' title='bbox 460 4423 802 4496; x_wconf 84' lang='grc' dir='ltr'>Χριστιανῶν</span> <span class='ocrx_word' id='word_1_600' title='bbox 847 4423 1010 4492; x_wconf 81' lang='grc' dir='ltr'>φῦλον</span> <span class='ocrx_word' id='word_1_601' title='bbox 1056 4421 1129 4494; x_wconf 80' lang='grc' dir='ltr'>μὴ</span> <span class='ocrx_word' id='word_1_602' title='bbox 1169 4420 1516 4492; x_wconf 78' lang='grc' dir='ltr'>ἐκζητεῖσθαι</span> <span class='ocrx_word' id='word_1_603' title='bbox 1559 4422 1677 4492; x_wconf 81' lang='grc' dir='ltr'>μὲν,</span> <span class='ocrx_word' id='word_1_604' title='bbox 1714 4424 1885 4491; x_wconf 85' lang='grc' dir='ltr'>ἐμπε-</span> 
     </span>
    </p>
   </div>
   <div class='ocr_carea' id='block_1_88' title="bbox 1994 4413 3563 4496">
    <p class='ocr_par' dir='ltr' id='par_1_88' title="bbox 1994 4415 3563 4490">
     <span class='ocr_line' id='line_1_88' title="bbox 1994 4415 3563 4490; baseline -0.01 -7"><span class='ocrx_word' id='word_1_605' title='bbox 1994 4439 2185 4483; x_wconf 73' lang='lat' dir='ltr'><strong>cmlera</strong></span> <span class='ocrx_word' id='word_1_606' title='bbox 2235 4422 2442 4478; x_wconf 89' lang='lat' dir='ltr'><strong>scelera</strong></span> <span class='ocrx_word' id='word_1_607' title='bbox 2491 4421 2863 4490; x_wconf 82' lang='lat' dir='ltr'><strong>prohibentes.</strong></span> <span class='ocrx_word' id='word_1_608' title='bbox 2922 4417 3077 4472; x_wconf 90' lang='lat' dir='ltr'><strong>Tunc</strong></span> <span class='ocrx_word' id='word_1_609' title='bbox 3122 4415 3393 4485; x_wconf 73' lang='lat' dir='ltr'><strong>Traianus</strong></span> <span class='ocrx_word' id='word_1_610' title='bbox 3474 4430 3563 4470; x_wconf 85' lang='lat' dir='ltr'><strong>re-</strong></span> 
     </span>
    </p>
   </div>
   <div class='ocr_carea' id='block_1_89' title="bbox 310 4511 1882 4587">
    <p class='ocr_par' dir='ltr' id='par_1_89' title="bbox 310 4511 1882 4587">
     <span class='ocr_line' id='line_1_89' title="bbox 310 4511 1882 4587; baseline -0.003 -15"><span class='ocrx_word' id='word_1_611' title='bbox 310 4517 402 4572; x_wconf 80' lang='grc' dir='ltr'><strong>σδν</strong></span> <span class='ocrx_word' id='word_1_612' title='bbox 438 4517 494 4571; x_wconf 83' lang='grc' dir='ltr'>δὲ</span> <span class='ocrx_word' id='word_1_613' title='bbox 534 4513 857 4581; x_wconf 74' lang='grc' dir='ltr'>κολάζεσθαι</span> <span class='ocrx_word' id='word_1_614' title='bbox 891 4514 1022 4587; x_wconf 78' lang='grc'>(65).</span> <span class='ocrx_word' id='word_1_615' title='bbox 1060 4534 1080 4566; x_wconf 86' lang='grc'><strong>›</strong></span> <span class='ocrx_word' id='word_1_616' title='bbox 1113 4514 1223 4568; x_wconf 80' lang='grc' dir='ltr'><strong>Καὶ</strong></span> <span class='ocrx_word' id='word_1_617' title='bbox 1252 4511 1426 4567; x_wconf 81' lang='grc' dir='ltr'>ταῦτα</span> <span class='ocrx_word' id='word_1_618' title='bbox 1453 4513 1551 4585; x_wconf 85' lang='grc' dir='ltr'>μὲν</span> <span class='ocrx_word' id='word_1_619' title='bbox 1589 4516 1647 4567; x_wconf 90' lang='grc' dir='ltr'><strong>ἐν</strong></span> <span class='ocrx_word' id='word_1_620' title='bbox 1674 4513 1882 4578; x_wconf 85' lang='grc' dir='ltr'>τούτοις</span> 
     </span>
    </p>
   </div>
   <div class='ocr_carea' id='block_1_90' title="bbox 307 4605 396 4683">
    <p class='ocr_par' dir='ltr' id='par_1_90' title="bbox 307 4605 396 4683">
     <span class='ocr_line' id='line_1_90' title="bbox 307 4605 396 4683; baseline 0.011 -19"><span class='ocrx_word' id='word_1_621' title='bbox 307 4605 396 4683; x_wconf 75' lang='grc' dir='ltr'>ἦν.</span> 
     </span>
    </p>
   </div>
   <div class='ocr_carea' id='block_1_91' title="bbox 828 4794 1376 4849">
    <p class='ocr_par' dir='ltr' id='par_1_91' title="bbox 828 4794 1376 4849">
     <span class='ocr_line' id='line_1_91' title="bbox 828 4794 1376 4849; baseline -0.004 0"><span class='ocrx_word' id='word_1_622' title='bbox 828 4794 1225 4849; x_wconf 78' lang='grc' dir='ltr'><strong>ΚΕΦΑΛΑῙΟΝ</strong></span> <span class='ocrx_word' id='word_1_623' title='bbox 1256 4795 1376 4847; x_wconf 67' lang='grc' dir='ltr'>ΛΔθ.</span> 
     </span>
    </p>
   </div>
   <div class='ocr_carea' id='block_1_92' title="bbox 309 4884 1879 5007">
    <p class='ocr_par' dir='ltr' id='par_1_92' title="bbox 309 4884 1879 5007">
     <span class='ocr_line' id='line_1_92' title="bbox 309 4884 1879 5007; baseline -0.003 -63"><span class='ocrx_word' id='word_1_624' title='bbox 309 4890 510 4956; x_wconf 78' lang='grc' dir='ltr'>Ὅπως</span> <span class='ocrx_word' id='word_1_625' title='bbox 543 4887 652 4957; x_wconf 83' lang='grc' dir='ltr'>τῆς</span> <span class='ocrx_word' id='word_1_626' title='bbox 711 4888 1013 4957; x_wconf 78' lang='grc' dir='ltr'>Ῥωμαίων</span> <span class='ocrx_word' id='word_1_627' title='bbox 1062 4886 1420 5007; x_wconf 57' lang='grc' dir='ltr'>Ἐκκλησίας</span> <span class='ocrx_word' id='word_1_628' title='bbox 1459 4884 1736 4953; x_wconf 79' lang='grc' dir='ltr'>τέταρτος</span> <span class='ocrx_word' id='word_1_629' title='bbox 1770 4889 1879 4941; x_wconf 81' lang='grc' dir='ltr'><strong>Εὐ-</strong></span> 
     </span>
     <span class='ocr_line' id='line_1_93' title="bbox 518 4954 1666 5007; baseline 0 0"><span class='ocrx_word' id='word_1_630' title='bbox 518 4959 769 5007; x_wconf 71' lang='grc' dir='ltr'>ἀοεστορ</span> <span class='ocrx_word' id='word_1_631' title='bbox 812 4956 1038 5007; x_wconf 67' lang='grc' dir='ltr'>ἡγεῖται</span> <span class='ocrx_word' id='word_1_632' title='bbox 1067 4956 1203 5007; x_wconf 78' lang='lat' dir='ltr'><strong>(Nic.</strong></span> <span class='ocrx_word' id='word_1_633' title='bbox 1233 4956 1259 5007; x_wconf 81' lang='grc' dir='ltr'><strong><em>Ι</em></strong></span> <span class='ocrx_word' id='word_1_634' title='bbox 1289 4994 1304 5007; x_wconf 94' lang='grc'><strong>.</strong></span> <span class='ocrx_word' id='word_1_635' title='bbox 1348 4954 1409 5007; x_wconf 78' lang='grc' dir='ltr'>Ε.</span> <span class='ocrx_word' id='word_1_636' title='bbox 1442 4972 1521 5007; x_wconf 78' lang='grc' dir='ltr'>ιιι.</span> <span class='ocrx_word' id='word_1_637' title='bbox 1552 4956 1666 5007; x_wconf 75' lang='grc'>25).</span> 
     </span>
    </p>
   </div>
   <div class='ocr_carea' id='block_1_93' title="bbox 518 4954 1666 5027">
    <p class='ocr_par' dir='ltr' id='par_1_93' title="bbox 518 4954 1666 5027">
     <span class='ocr_line' id='line_1_94' title="bbox 518 4954 1666 5027; baseline -0.001 -16"><span class='ocrx_word' id='word_1_638' title='bbox 518 4954 769 5027; x_wconf 72' lang='grc' dir='ltr'>ἀρεστος</span> <span class='ocrx_word' id='word_1_639' title='bbox 812 4954 1038 5027; x_wconf 72' lang='grc' dir='ltr'>ἡγεῖται</span> <span class='ocrx_word' id='word_1_640' title='bbox 1067 4956 1203 5023; x_wconf 75' lang='lat' dir='ltr'><strong>(Nic.</strong></span> <span class='ocrx_word' id='word_1_641' title='bbox 1233 4954 1304 5010; x_wconf 90' lang='grc' dir='ltr'>Η.</span> <span class='ocrx_word' id='word_1_642' title='bbox 1348 4954 1409 5007; x_wconf 79' lang='grc' dir='ltr'>Ε.</span> <span class='ocrx_word' id='word_1_643' title='bbox 1442 4972 1521 5019; x_wconf 77' lang='grc' dir='ltr'>ιιι,</span> <span class='ocrx_word' id='word_1_644' title='bbox 1552 4956 1666 5022; x_wconf 75' lang='grc'>25).</span> 
     </span>
    </p>
   </div>
   <div class='ocr_carea' id='block_1_94' title="bbox 376 5047 1879 5121">
    <p class='ocr_par' dir='ltr' id='par_1_94' title="bbox 376 5047 1879 5121">
     <span class='ocr_line' id='line_1_95' title="bbox 376 5047 1879 5121; baseline -0.001 -15"><span class='ocrx_word' id='word_1_645' title='bbox 376 5052 496 5106; x_wconf 88' lang='grc' dir='ltr'><strong>Τῶν</strong></span> <span class='ocrx_word' id='word_1_646' title='bbox 520 5052 577 5105; x_wconf 78' lang='grc' dir='ltr'>δὲ</span> <span class='ocrx_word' id='word_1_647' title='bbox 608 5052 701 5105; x_wconf 78' lang='grc' dir='ltr'>ἐπὶ</span> <span class='ocrx_word' id='word_1_648' title='bbox 742 5049 957 5121; x_wconf 80' lang='grc' dir='ltr'>Ῥώμης</span> <span class='ocrx_word' id='word_1_649' title='bbox 989 5048 1300 5102; x_wconf 85' lang='grc' dir='ltr'>ἐπισκόπων</span> <span class='ocrx_word' id='word_1_650' title='bbox 1332 5047 1442 5100; x_wconf 75' lang='grc' dir='ltr'>ἔτει</span> <span class='ocrx_word' id='word_1_651' title='bbox 1462 5049 1628 5121; x_wconf 84' lang='grc' dir='ltr'>τρίτῳ</span> <span class='ocrx_word' id='word_1_652' title='bbox 1654 5049 1754 5119; x_wconf 80' lang='grc' dir='ltr'>τῆς</span> <span class='ocrx_word' id='word_1_653' title='bbox 1785 5052 1879 5105; x_wconf 79' lang='grc' dir='ltr'><strong>τοῦ</strong></span> 
     </span>
    </p>
   </div>
   <div class='ocr_carea' id='block_1_95' title="bbox 379 5229 1879 5305">
    <p class='ocr_par' dir='ltr' id='par_1_95' title="bbox 379 5229 1879 5305">
     <span class='ocr_line' id='line_1_96' title="bbox 379 5229 1879 5305; baseline 0.001 -16"><span class='ocrx_word' id='word_1_654' title='bbox 379 5235 489 5303; x_wconf 79' lang='lat' dir='ltr'><strong>(Gl)</strong></span> <span class='ocrx_word' id='word_1_655' title='bbox 526 5237 632 5291; x_wconf 79' lang='grc' dir='ltr'><strong>Καὶ</strong></span> <span class='ocrx_word' id='word_1_656' title='bbox 659 5234 844 5289; x_wconf 84' lang='grc' dir='ltr'>ταῦτα</span> <span class='ocrx_word' id='word_1_657' title='bbox 874 5233 991 5305; x_wconf 83' lang='grc' dir='ltr'><strong>μὲν</strong></span> <span class='ocrx_word' id='word_1_658' title='bbox 1027 5229 1204 5299; x_wconf 81' lang='grc' dir='ltr'>οὗτος</span> <span class='ocrx_word' id='word_1_659' title='bbox 1243 5230 1378 5301; x_wconf 80' lang='grc' dir='ltr'>περὶ</span> <span class='ocrx_word' id='word_1_660' title='bbox 1412 5233 1635 5305; x_wconf 65' lang='grc' dir='ltr'>τούτων</span> <span class='ocrx_word' id='word_1_661' title='bbox 1672 5234 1879 5290; x_wconf 77' lang='grc' dir='ltr'>διαλα-</span> 
     </span>
    </p>
   </div>
   <div class='ocr_carea' id='block_1_96' title="bbox 308 5303 1878 5374">
    <p class='ocr_par' dir='ltr' id='par_1_96' title="bbox 308 5303 1878 5374">
     <span class='ocr_line' id='line_1_97' title="bbox 308 5303 1878 5374; baseline -0.001 -14"><span class='ocrx_word' id='word_1_662' title='bbox 308 5306 445 5370; x_wconf 75' lang='grc' dir='ltr'>ϐών,</span> <span class='ocrx_word' id='word_1_663' title='bbox 475 5318 579 5361; x_wconf 85' lang='lat' dir='ltr'><strong>etc.</strong></span> <span class='ocrx_word' id='word_1_664' title='bbox 612 5307 745 5361; x_wconf 89' lang='lat' dir='ltr'><strong>Tota</strong></span> <span class='ocrx_word' id='word_1_665' title='bbox 779 5303 894 5361; x_wconf 68' lang='lat' dir='ltr'><strong>Ita&#39;c</strong></span> <span class='ocrx_word' id='word_1_666' title='bbox 933 5306 1185 5374; x_wconf 87' lang='lat' dir='ltr'><strong>pericope</strong></span> <span class='ocrx_word' id='word_1_667' title='bbox 1213 5318 1382 5372; x_wconf 81' lang='lat' dir='ltr'><strong>usque</strong></span> <span class='ocrx_word' id='word_1_668' title='bbox 1414 5306 1478 5374; x_wconf 83' lang='lat' dir='ltr'><strong>ad</strong></span> <span class='ocrx_word' id='word_1_669' title='bbox 1523 5303 1681 5358; x_wconf 84' lang='lat' dir='ltr'><strong>linem</strong></span> <span class='ocrx_word' id='word_1_670' title='bbox 1718 5306 1878 5372; x_wconf 76' lang='lat' dir='ltr'><strong>hujus</strong></span> 
     </span>
    </p>
   </div>
   <div class='ocr_carea' id='block_1_97' title="bbox 307 5373 1878 5445">
    <p class='ocr_par' dir='ltr' id='par_1_97' title="bbox 307 5373 1878 5445">
     <span class='ocr_line' id='line_1_98' title="bbox 307 5373 1878 5445; baseline 0.004 -20"><span class='ocrx_word' id='word_1_671' title='bbox 307 5379 496 5445; x_wconf 73' lang='lat' dir='ltr'><strong>capitis</strong></span> <span class='ocrx_word' id='word_1_672' title='bbox 545 5379 695 5430; x_wconf 84' lang='lat' dir='ltr'><strong>deest</strong></span> <span class='ocrx_word' id='word_1_673' title='bbox 748 5376 802 5430; x_wconf 92' lang='lat' dir='ltr'><strong>in</strong></span> <span class='ocrx_word' id='word_1_674' title='bbox 849 5373 1133 5429; x_wconf 81' lang='lat' dir='ltr'><strong>codicibus</strong></span> <span class='ocrx_word' id='word_1_675' title='bbox 1177 5374 1377 5427; x_wconf 87' lang='lat' dir='ltr'><strong>nostris</strong></span> <span class='ocrx_word' id='word_1_676' title='bbox 1429 5373 1589 5436; x_wconf 79' lang='lat' dir='ltr'><strong>Maz.,</strong></span> <span class='ocrx_word' id='word_1_677' title='bbox 1639 5375 1775 5430; x_wconf 82' lang='lat' dir='ltr'><strong>Med.</strong></span> <span class='ocrx_word' id='word_1_678' title='bbox 1823 5388 1878 5432; x_wconf 91' lang='lat' dir='ltr'><strong>et</strong></span> 
     </span>
    </p>
   </div>
   <div class='ocr_carea' id='block_1_98' title="bbox 312 5446 1876 5514">
    <p class='ocr_par' dir='ltr' id='par_1_98' title="bbox 312 5446 1876 5514">
     <span class='ocr_line' id='line_1_99' title="bbox 312 5446 1876 5514; baseline 0.001 -14"><span class='ocrx_word' id='word_1_679' title='bbox 312 5447 442 5501; x_wconf 80' lang='lat' dir='ltr'><strong>Fuk.</strong></span> <span class='ocrx_word' id='word_1_680' title='bbox 475 5447 577 5501; x_wconf 88' lang='lat' dir='ltr'><strong>Sed</strong></span> <span class='ocrx_word' id='word_1_681' title='bbox 612 5463 787 5513; x_wconf 86' lang='lat' dir='ltr'><strong>neque</strong></span> <span class='ocrx_word' id='word_1_682' title='bbox 819 5447 1046 5500; x_wconf 79' lang='lat' dir='ltr'><strong>Rulinus</strong></span> <span class='ocrx_word' id='word_1_683' title='bbox 1089 5460 1210 5498; x_wconf 90' lang='lat' dir='ltr'><strong>eam</strong></span> <span class='ocrx_word' id='word_1_684' title='bbox 1250 5446 1511 5514; x_wconf 84' lang='lat' dir='ltr'><strong>agnoscit,</strong></span> <span class='ocrx_word' id='word_1_685' title='bbox 1547 5456 1604 5498; x_wconf 93' lang='lat' dir='ltr'><strong>ut</strong></span> <span class='ocrx_word' id='word_1_686' title='bbox 1633 5458 1700 5499; x_wconf 82' lang='lat' dir='ltr'><strong>ex</strong></span> <span class='ocrx_word' id='word_1_687' title='bbox 1748 5462 1876 5501; x_wconf 85' lang='lat' dir='ltr'><strong>ver-</strong></span> 
     </span>
    </p>
   </div>
   <div class='ocr_carea' id='block_1_99' title="bbox 308 5514 1870 5587">
    <p class='ocr_par' dir='ltr' id='par_1_99' title="bbox 308 5514 1870 5587">
     <span class='ocr_line' id='line_1_100' title="bbox 308 5514 1870 5587; baseline 0.001 -17"><span class='ocrx_word' id='word_1_688' title='bbox 308 5519 461 5571; x_wconf 82' lang='lat' dir='ltr'><strong>sione</strong></span> <span class='ocrx_word' id='word_1_689' title='bbox 510 5519 626 5585; x_wconf 83' lang='lat' dir='ltr'><strong>ejns</strong></span> <span class='ocrx_word' id='word_1_690' title='bbox 676 5526 915 5587; x_wconf 82' lang='lat' dir='ltr'><strong>apparet.</strong></span> <span class='ocrx_word' id='word_1_691' title='bbox 945 5517 1023 5569; x_wconf 84' lang='lat' dir='ltr'><strong>Ac</strong></span> <span class='ocrx_word' id='word_1_692' title='bbox 1064 5514 1196 5568; x_wconf 91' lang='lat' dir='ltr'><strong>mihi</strong></span> <span class='ocrx_word' id='word_1_693' title='bbox 1241 5515 1455 5583; x_wconf 87' lang='lat' dir='ltr'><strong>quidem</strong></span> <span class='ocrx_word' id='word_1_694' title='bbox 1498 5516 1711 5587; x_wconf 80' lang='lat' dir='ltr'><strong>videtur</strong></span> <span class='ocrx_word' id='word_1_695' title='bbox 1762 5526 1870 5572; x_wconf 86' lang='lat' dir='ltr'><strong>tota</strong></span> 
     </span>
    </p>
   </div>
   <div class='ocr_carea' id='block_1_100' title="bbox 312 5584 1873 5655">
    <p class='ocr_par' dir='ltr' id='par_1_100' title="bbox 312 5584 1873 5655">
     <span class='ocr_line' id='line_1_101' title="bbox 312 5584 1873 5655; baseline 0.001 -15"><span class='ocrx_word' id='word_1_696' title='bbox 312 5588 425 5641; x_wconf 75' lang='lat' dir='ltr'><strong>lucc</strong></span> <span class='ocrx_word' id='word_1_697' title='bbox 461 5584 932 5655; x_wconf 42' lang='lat' dir='ltr'><strong>clausula&#39;spuria</strong></span> <span class='ocrx_word' id='word_1_698' title='bbox 984 5600 1104 5639; x_wconf 87' lang='lat' dir='ltr'><strong>esse</strong></span> <span class='ocrx_word' id='word_1_699' title='bbox 1149 5600 1213 5638; x_wconf 92' lang='lat' dir='ltr'><strong>ac</strong></span> <span class='ocrx_word' id='word_1_700' title='bbox 1241 5587 1602 5655; x_wconf 85' lang='lat' dir='ltr'><strong>supposititia.</strong></span> <span class='ocrx_word' id='word_1_701' title='bbox 1658 5584 1873 5643; x_wconf 87' lang='lat' dir='ltr'><strong>Putavit</strong></span> 
     </span>
    </p>
   </div>
   <div class='ocr_carea' id='block_1_101' title="bbox 310 5655 1873 5729">
    <p class='ocr_par' dir='ltr' id='par_1_101' title="bbox 310 5655 1873 5729">
     <span class='ocr_line' id='line_1_102' title="bbox 310 5655 1873 5729; baseline 0.001 -18"><span class='ocrx_word' id='word_1_702' title='bbox 310 5662 453 5729; x_wconf 88' lang='lat' dir='ltr'><strong>cnim</strong></span> <span class='ocrx_word' id='word_1_703' title='bbox 507 5657 754 5729; x_wconf 70' lang='lat' dir='ltr'><strong>quisquis</strong></span> <span class='ocrx_word' id='word_1_704' title='bbox 808 5659 947 5729; x_wconf 81' lang='lat' dir='ltr'><strong>hanc</strong></span> <span class='ocrx_word' id='word_1_705' title='bbox 1002 5655 1240 5718; x_wconf 86' lang='lat' dir='ltr'><strong>addidit,</strong></span> <span class='ocrx_word' id='word_1_706' title='bbox 1293 5672 1357 5709; x_wconf 86' lang='lat' dir='ltr'><strong>ea</strong></span> <span class='ocrx_word' id='word_1_707' title='bbox 1409 5672 1527 5724; x_wconf 66' lang='lat' dir='ltr'><strong>quae</strong></span> <span class='ocrx_word' id='word_1_708' title='bbox 1562 5658 1873 5729; x_wconf 68' lang='lat' dir='ltr'><strong>prmcedunt</strong></span> 
     </span>
    </p>
   </div>
   <div class='ocr_carea' id='block_1_102' title="bbox 308 5725 1870 5799">
    <p class='ocr_par' dir='ltr' id='par_1_102' title="bbox 308 5725 1870 5799">
     <span class='ocr_line' id='line_1_103' title="bbox 308 5725 1870 5799; baseline 0 -19"><span class='ocrx_word' id='word_1_709' title='bbox 308 5728 474 5799; x_wconf 76' lang='lat' dir='ltr'><strong>verba</strong></span> <span class='ocrx_word' id='word_1_710' title='bbox 506 5743 628 5784; x_wconf 86' lang='lat' dir='ltr'><strong>esse</strong></span> <span class='ocrx_word' id='word_1_711' title='bbox 651 5725 1148 5799; x_wconf 45' lang='lat' dir='ltr'><strong>&#39;Hegesjppi,_cum</strong></span> <span class='ocrx_word' id='word_1_712' title='bbox 1201 5736 1377 5799; x_wconf 82' lang='lat' dir='ltr'><strong>tamen</strong></span> <span class='ocrx_word' id='word_1_713' title='bbox 1416 5742 1521 5780; x_wconf 91' lang='lat' dir='ltr'><strong>non</strong></span> <span class='ocrx_word' id='word_1_714' title='bbox 1558 5725 1870 5799; x_wconf 66' lang='lat' dir='ltr'><strong>SiutHege-</strong></span> 
     </span>
    </p>
   </div>
   <div class='ocr_carea' id='block_1_103' title="bbox 308 5796 1870 5871">
    <p class='ocr_par' dir='ltr' id='par_1_103' title="bbox 308 5796 1870 5871">
     <span class='ocr_line' id='line_1_104' title="bbox 308 5796 1870 5871; baseline 0 -18"><span class='ocrx_word' id='word_1_715' title='bbox 308 5798 470 5870; x_wconf 78' lang='lat' dir='ltr'><strong>sippi,</strong></span> <span class='ocrx_word' id='word_1_716' title='bbox 496 5799 594 5855; x_wconf 83' lang='lat' dir='ltr'><strong>sed</strong></span> <span class='ocrx_word' id='word_1_717' title='bbox 628 5796 794 5871; x_wconf 80' lang='lat' dir='ltr'><strong>ipsius</strong></span> <span class='ocrx_word' id='word_1_718' title='bbox 823 5796 1066 5866; x_wconf 87' lang='lat' dir='ltr'><strong>Eusebii,</strong></span> <span class='ocrx_word' id='word_1_719' title='bbox 1091 5806 1149 5851; x_wconf 89' lang='lat' dir='ltr'><strong>ut</strong></span> <span class='ocrx_word' id='word_1_720' title='bbox 1180 5798 1438 5853; x_wconf 84' lang='lat' dir='ltr'><strong>discimus</strong></span> <span class='ocrx_word' id='word_1_721' title='bbox 1477 5813 1539 5855; x_wconf 76' lang='lat' dir='ltr'><strong>ex</strong></span> <span class='ocrx_word' id='word_1_722' title='bbox 1574 5798 1747 5870; x_wconf 85' lang='lat' dir='ltr'><strong>capite</strong></span> <span class='ocrx_word' id='word_1_723' title='bbox 1778 5797 1870 5867; x_wconf 73' lang='lat'><strong>22,</strong></span> 
     </span>
    </p>
   </div>
   <div class='ocr_carea' id='block_1_104' title="bbox 1987 4508 3566 4587">
    <p class='ocr_par' dir='ltr' id='par_1_104' title="bbox 1987 4508 3566 4587">
     <span class='ocr_line' id='line_1_105' title="bbox 1987 4508 3566 4587; baseline -0.009 -12"><span class='ocrx_word' id='word_1_724' title='bbox 1987 4518 2230 4587; x_wconf 89' lang='lat' dir='ltr'><strong>scripsit,</strong></span> <span class='ocrx_word' id='word_1_725' title='bbox 2267 4517 2369 4571; x_wconf 84' lang='lat' dir='ltr'><strong>hoc</strong></span> <span class='ocrx_word' id='word_1_726' title='bbox 2407 4528 2581 4585; x_wconf 89' lang='lat' dir='ltr'><strong>genus</strong></span> <span class='ocrx_word' id='word_1_727' title='bbox 2638 4509 2995 4578; x_wconf 86' lang='lat' dir='ltr'><strong>inquirendos</strong></span> <span class='ocrx_word' id='word_1_728' title='bbox 3020 4508 3237 4578; x_wconf 90' lang='lat' dir='ltr'><strong>quidem</strong></span> <span class='ocrx_word' id='word_1_729' title='bbox 3268 4522 3375 4562; x_wconf 92' lang='lat' dir='ltr'><strong>non</strong></span> <span class='ocrx_word' id='word_1_730' title='bbox 3418 4521 3566 4570; x_wconf 87' lang='lat' dir='ltr'><strong>esse,</strong></span> 
     </span>
    </p>
   </div>
   <div class='ocr_carea' id='block_1_105' title="bbox 1988 4598 3567 4685">
    <p class='ocr_par' dir='ltr' id='par_1_105' title="bbox 1988 4598 3567 4685">
     <span class='ocr_line' id='line_1_106' title="bbox 1988 4598 3567 4685; baseline -0.009 -18"><span class='ocrx_word' id='word_1_731' title='bbox 1988 4612 2195 4685; x_wconf 83' lang='lat' dir='ltr'><strong>oblatos</strong></span> <span class='ocrx_word' id='word_1_732' title='bbox 2228 4622 2358 4663; x_wconf 72' lang='lat' dir='ltr'><strong>vero</strong></span> <span class='ocrx_word' id='word_1_733' title='bbox 2391 4605 2573 4678; x_wconf 88' lang='lat' dir='ltr'><strong>puniri</strong></span> <span class='ocrx_word' id='word_1_734' title='bbox 2603 4613 2880 4673; x_wconf 87' lang='lat' dir='ltr'><strong>oportere.</strong></span> <span class='ocrx_word' id='word_1_735' title='bbox 2920 4620 2938 4653; x_wconf 79' lang='grc' dir='ltr'><strong>ι</strong></span> <span class='ocrx_word' id='word_1_736' title='bbox 2984 4600 3051 4655; x_wconf 86' lang='grc' dir='ltr'><strong>Ει</strong></span> <span class='ocrx_word' id='word_1_737' title='bbox 3095 4600 3208 4656; x_wconf 60' lang='lat' dir='ltr'><strong>hac</strong></span> <span class='ocrx_word' id='word_1_738' title='bbox 3238 4598 3456 4670; x_wconf 87' lang='lat' dir='ltr'><strong>quidem</strong></span> <span class='ocrx_word' id='word_1_739' title='bbox 3490 4598 3567 4653; x_wconf 82' lang='lat' dir='ltr'><strong>ita</strong></span> 
     </span>
    </p>
   </div>
   <div class='ocr_carea' id='block_1_106' title="bbox 1991 4703 2371 4762">
    <p class='ocr_par' dir='ltr' id='par_1_106' title="bbox 1991 4703 2371 4762">
     <span class='ocr_line' id='line_1_107' title="bbox 1991 4703 2371 4762; baseline -0.021 0"><span class='ocrx_word' id='word_1_740' title='bbox 1991 4720 2051 4762; x_wconf 82' lang='lat' dir='ltr'><strong>se</strong></span> <span class='ocrx_word' id='word_1_741' title='bbox 2079 4703 2371 4759; x_wconf 85' lang='lat' dir='ltr'><strong>habebant.</strong></span> 
     </span>
    </p>
   </div>
   <div class='ocr_carea' id='block_1_107' title="bbox 2524 4784 3034 4843">
    <p class='ocr_par' dir='ltr' id='par_1_107' title="bbox 2524 4784 3034 4843">
     <span class='ocr_line' id='line_1_108' title="bbox 2524 4784 3034 4843; baseline -0.01 0"><span class='ocrx_word' id='word_1_742' title='bbox 2524 4786 2754 4843; x_wconf 84' lang='lat' dir='ltr'><strong>CAPUT</strong></span> <span class='ocrx_word' id='word_1_743' title='bbox 2793 4784 3034 4842; x_wconf 80' lang='lat' dir='ltr'><strong>XXXIV.</strong></span> 
     </span>
    </p>
   </div>
   <div class='ocr_carea' id='block_1_108' title="bbox 2098 4878 3459 5007">
    <p class='ocr_par' dir='ltr' id='par_1_108' title="bbox 2098 4878 3459 5007">
     <span class='ocr_line' id='line_1_109' title="bbox 2098 4878 3459 5007; baseline -0.012 -62"><span class='ocrx_word' id='word_1_744' title='bbox 2098 4888 2252 4959; x_wconf 81' lang='lat' dir='ltr'><strong>Quod</strong></span> <span class='ocrx_word' id='word_1_745' title='bbox 2307 4884 2597 4941; x_wconf 81' lang='lat' dir='ltr'><strong>Ecclesium</strong></span> <span class='ocrx_word' id='word_1_746' title='bbox 2625 4880 2949 5007; x_wconf 75' lang='lat' dir='ltr'><strong>ERomanam</strong></span> <span class='ocrx_word' id='word_1_747' title='bbox 2998 4887 3219 4951; x_wconf 82' lang='lat' dir='ltr'><strong>quartus</strong></span> <span class='ocrx_word' id='word_1_748' title='bbox 3267 4878 3459 4933; x_wconf 73' lang='lat' dir='ltr'><strong>rexerit</strong></span> 
     </span>
     <span class='ocr_line' id='line_1_110' title="bbox 2681 4963 2931 5006; baseline 0.004 -1"><span class='ocrx_word' id='word_1_749' title='bbox 2681 4963 2931 5006; x_wconf 77' lang='lat' dir='ltr'><strong>vorestus.</strong></span> 
     </span>
    </p>
   </div>
   <div class='ocr_carea' id='block_1_109' title="bbox 2681 4963 2931 5006">
    <p class='ocr_par' dir='ltr' id='par_1_109' title="bbox 2681 4963 2931 5006">
     <span class='ocr_line' id='line_1_111' title="bbox 2681 4963 2931 5006; baseline 0.004 -1"><span class='ocrx_word' id='word_1_750' title='bbox 2681 4963 2931 5006; x_wconf 66' lang='lat' dir='ltr'><strong>t&#39;arestus.</strong></span> 
     </span>
    </p>
   </div>
   <div class='ocr_carea' id='block_1_110' title="bbox 2061 5042 3568 5113">
    <p class='ocr_par' dir='ltr' id='par_1_110' title="bbox 2061 5042 3568 5113">
     <span class='ocr_line' id='line_1_112' title="bbox 2061 5042 3568 5113; baseline -0.012 -1"><span class='ocrx_word' id='word_1_751' title='bbox 2061 5057 2138 5112; x_wconf 81' lang='lat' dir='ltr'><strong>Ex</strong></span> <span class='ocrx_word' id='word_1_752' title='bbox 2186 5049 2444 5108; x_wconf 77' lang='lat' dir='ltr'><strong>Romanis</strong></span> <span class='ocrx_word' id='word_1_753' title='bbox 2479 5058 2664 5102; x_wconf 89' lang='lat' dir='ltr'><strong>autem</strong></span> <span class='ocrx_word' id='word_1_754' title='bbox 2721 5045 3072 5113; x_wconf 77' lang='lat' dir='ltr'><strong>pontificibus</strong></span> <span class='ocrx_word' id='word_1_755' title='bbox 3123 5042 3376 5098; x_wconf 87' lang='lat' dir='ltr'><strong>Clemens</strong></span> <span class='ocrx_word' id='word_1_756' title='bbox 3425 5054 3568 5094; x_wconf 89' lang='lat' dir='ltr'><strong>anno</strong></span> 
     </span>
    </p>
   </div>
   <div class='ocr_carea' id='block_1_111' title="bbox 1991 5238 2187 5292">
    <p class='ocr_par' dir='ltr' id='par_1_111' title="bbox 1991 5238 2187 5292">
     <span class='ocr_line' id='line_1_113' title="bbox 1991 5238 2187 5292; baseline -0.02 -1"><span class='ocrx_word' id='word_1_757' title='bbox 1991 5238 2081 5292; x_wconf 91' lang='lat' dir='ltr'><strong>lib.</strong></span> <span class='ocrx_word' id='word_1_758' title='bbox 2115 5249 2187 5288; x_wconf 86' lang='lat' dir='ltr'><strong>tv.</strong></span> 
     </span>
    </p>
   </div>
   <div class='ocr_carea' id='block_1_112' title="bbox 2056 5292 3566 5372">
    <p class='ocr_par' dir='ltr' id='par_1_112' title="bbox 2056 5292 3566 5372">
     <span class='ocr_line' id='line_1_114' title="bbox 2056 5292 3566 5372; baseline -0.009 -15"><span class='ocrx_word' id='word_1_759' title='bbox 2056 5305 2168 5372; x_wconf 75' lang='lat'><strong>(6:!)</strong></span> <span class='ocrx_word' id='word_1_760' title='bbox 2207 5301 2315 5358; x_wconf 82' lang='lat' dir='ltr'><strong>Kal</strong></span> <span class='ocrx_word' id='word_1_761' title='bbox 2347 5293 3325 5372; x_wconf 27' lang='lat' dir='ltr'><strong>rapqutd‘thremgtmtnuadtér</strong></span> <span class='ocrx_word' id='word_1_762' title='bbox 3356 5292 3566 5372; x_wconf 45' lang='lat' dir='ltr'><strong>duty};-</strong></span> 
     </span>
    </p>
   </div>
   <div class='ocr_carea' id='block_1_113' title="bbox 1981 5364 3563 5433">
    <p class='ocr_par' dir='ltr' id='par_1_113' title="bbox 1981 5364 3563 5433">
     <span class='ocr_line' id='line_1_115' title="bbox 1981 5364 3563 5433; baseline -0.01 -2"><span class='ocrx_word' id='word_1_763' title='bbox 1981 5364 2264 5431; x_wconf 72' lang='grc' dir='ltr'>λάο-σειν.</span> <span class='ocrx_word' id='word_1_764' title='bbox 2294 5364 2608 5425; x_wconf 72' lang='lat' dir='ltr'><strong>Tertulliani</strong></span> <span class='ocrx_word' id='word_1_765' title='bbox 2645 5368 2806 5421; x_wconf 83' lang='lat' dir='ltr'><strong>verba</strong></span> <span class='ocrx_word' id='word_1_766' title='bbox 2837 5364 3059 5422; x_wconf 77' lang='lat' dir='ltr'><strong>Cra-cus</strong></span> <span class='ocrx_word' id='word_1_767' title='bbox 3103 5366 3375 5433; x_wconf 87' lang='lat' dir='ltr'><strong>interpres</strong></span> <span class='ocrx_word' id='word_1_768' title='bbox 3425 5364 3563 5416; x_wconf 81' lang='lat' dir='ltr'><strong>infe-</strong></span> 
     </span>
    </p>
   </div>
   <div class='ocr_carea' id='block_1_114' title="bbox 1982 5432 3560 5507">
    <p class='ocr_par' dir='ltr' id='par_1_114' title="bbox 1982 5432 3560 5507">
     <span class='ocr_line' id='line_1_116' title="bbox 1982 5432 3560 5507; baseline -0.011 -7"><span class='ocrx_word' id='word_1_769' title='bbox 1982 5448 2156 5500; x_wconf 89' lang='lat' dir='ltr'><strong>liciter</strong></span> <span class='ocrx_word' id='word_1_770' title='bbox 2211 5442 2462 5498; x_wconf 86' lang='lat' dir='ltr'><strong>reddidit.</strong></span> <span class='ocrx_word' id='word_1_771' title='bbox 2512 5438 2696 5506; x_wconf 61' lang='lat' dir='ltr'><strong>Neque</strong></span> <span class='ocrx_word' id='word_1_772' title='bbox 2746 5439 2888 5493; x_wconf 80' lang='lat' dir='ltr'><strong>enini</strong></span> <span class='ocrx_word' id='word_1_773' title='bbox 2939 5437 3217 5507; x_wconf 82' lang='grc' dir='ltr'>ἐπιστήμη</span> <span class='ocrx_word' id='word_1_774' title='bbox 3252 5432 3347 5507; x_wconf 71' lang='lat' dir='ltr'><strong>est</strong></span> <span class='ocrx_word' id='word_1_775' title='bbox 3377 5432 3560 5507; x_wconf 22' lang='lat' dir='ltr'><strong>‘disci-</strong></span> 
     </span>
    </p>
   </div>
   <div class='ocr_carea' id='block_1_115' title="bbox 1979 5504 3560 5583">
    <p class='ocr_par' dir='ltr' id='par_1_115' title="bbox 1979 5504 3560 5583">
     <span class='ocr_line' id='line_1_117' title="bbox 1979 5504 3560 5583; baseline -0.008 -15"><span class='ocrx_word' id='word_1_776' title='bbox 1979 5517 2146 5583; x_wconf 84' lang='lat' dir='ltr'><strong>plina,</strong></span> <span class='ocrx_word' id='word_1_777' title='bbox 2174 5530 2271 5568; x_wconf 89' lang='lat' dir='ltr'><strong>nec</strong></span> <span class='ocrx_word' id='word_1_778' title='bbox 2295 5504 2681 5581; x_wconf 77' lang='grc' dir='ltr'>διαφυλάσσειν</span> <span class='ocrx_word' id='word_1_779' title='bbox 2712 5507 2857 5583; x_wconf 85' lang='lat' dir='ltr'><strong>idem</strong></span> <span class='ocrx_word' id='word_1_780' title='bbox 2880 5518 2966 5583; x_wconf 86' lang='lat' dir='ltr'><strong>est</strong></span> <span class='ocrx_word' id='word_1_781' title='bbox 3007 5504 3155 5583; x_wconf 62' lang='lat' dir='ltr'><strong>quod</strong></span> <span class='ocrx_word' id='word_1_782' title='bbox 3183 5504 3560 5583; x_wconf 51' lang='lat' dir='ltr'><strong>c&#39;ouﬁzderare.</strong></span> 
     </span>
    </p>
   </div>
   <div class='ocr_carea' id='block_1_116' title="bbox 1980 5573 3562 5654">
    <p class='ocr_par' dir='ltr' id='par_1_116' title="bbox 1980 5573 3562 5654">
     <span class='ocr_line' id='line_1_118' title="bbox 1980 5573 3562 5654; baseline -0.009 -14"><span class='ocrx_word' id='word_1_783' title='bbox 1980 5573 2190 5640; x_wconf 72' lang='lat' dir='ltr'><strong>Mallem</strong></span> <span class='ocrx_word' id='word_1_784' title='bbox 2219 5573 2486 5654; x_wconf 57' lang='lat' dir='ltr'><strong>igitur&#39;ita</strong></span> <span class='ocrx_word' id='word_1_785' title='bbox 2513 5580 2862 5654; x_wconf 63' lang='lat' dir='ltr'><strong>interpretari</strong></span> <span class='ocrx_word' id='word_1_786' title='bbox 2896 5573 3072 5654; x_wconf 74' lang='lat' dir='ltr'><strong>loeuin</strong></span> <span class='ocrx_word' id='word_1_787' title='bbox 3098 5575 3444 5654; x_wconf 60' lang='lat' dir='ltr'><strong>Tertulliani,</strong></span> <span class='ocrx_word' id='word_1_788' title='bbox 3464 5573 3562 5654; x_wconf 70' lang='grc' dir='ltr'>καὶ</span> 
     </span>
    </p>
   </div>
   <div class='ocr_carea' id='block_1_117' title="bbox 1979 5643 3561 5727">
    <p class='ocr_par' dir='ltr' id='par_1_117' title="bbox 1979 5643 3561 5727">
     <span class='ocr_line' id='line_1_119' title="bbox 1979 5643 3561 5727; baseline -0.008 -18"><span class='ocrx_word' id='word_1_789' title='bbox 1979 5657 2065 5727; x_wconf 84' lang='grc' dir='ltr'><strong>ἴνα</strong></span> <span class='ocrx_word' id='word_1_790' title='bbox 2120 5643 2308 5727; x_wconf 68' lang='grc' dir='ltr'>ῶσπερ</span> <span class='ocrx_word' id='word_1_791' title='bbox 2357 5671 2411 5707; x_wconf 87' lang='grc' dir='ltr'><strong>τι</strong></span> <span class='ocrx_word' id='word_1_792' title='bbox 2464 5643 2731 5723; x_wconf 78' lang='grc' dir='ltr'>σύμϐολον</span> <span class='ocrx_word' id='word_1_793' title='bbox 2782 5650 2947 5720; x_wconf 76' lang='grc' dir='ltr'>ἔχωσι</span> <span class='ocrx_word' id='word_1_794' title='bbox 3005 5647 3102 5717; x_wconf 83' lang='grc' dir='ltr'>τῆς</span> <span class='ocrx_word' id='word_1_795' title='bbox 3165 5645 3341 5699; x_wconf 84' lang='grc' dir='ltr'>αὑτῶν</span> <span class='ocrx_word' id='word_1_796' title='bbox 3406 5643 3561 5699; x_wconf 82' lang='grc' dir='ltr'>πολι-</span> 
     </span>
    </p>
   </div>
   <div class='ocr_carea' id='block_1_118' title="bbox 1976 5726 2147 5790">
    <p class='ocr_par' dir='ltr' id='par_1_118' title="bbox 1976 5726 2147 5790">
     <span class='ocr_line' id='line_1_120' title="bbox 1976 5726 2147 5790; baseline -0.023 -8"><span class='ocrx_word' id='word_1_797' title='bbox 1976 5726 2147 5790; x_wconf 88' lang='grc' dir='ltr'>τείας.</span> 
     </span>
    </p>
   </div>
   <div class='ocr_carea' id='block_1_119' title="bbox 2051 5786 3562 5867">
    <p class='ocr_par' dir='ltr' id='par_1_119' title="bbox 2051 5786 3562 5867">
     <span class='ocr_line' id='line_1_121' title="bbox 2051 5786 3562 5867; baseline -0.005 -16"><span class='ocrx_word' id='word_1_798' title='bbox 2051 5786 2166 5866; x_wconf 67' lang='grc'>(63)</span> <span class='ocrx_word' id='word_1_799' title='bbox 2216 5794 2509 5867; x_wconf 78' lang='grc' dir='ltr'>Ἐμπεσὸν</span> <span class='ocrx_word' id='word_1_800' title='bbox 2550 5793 2618 5848; x_wconf 80' lang='grc' dir='ltr'>δὲ</span> <span class='ocrx_word' id='word_1_801' title='bbox 2667 5791 3040 5855; x_wconf 70' lang='grc' dir='ltr'>κολάζεσθαι.</span> <span class='ocrx_word' id='word_1_802' title='bbox 3086 5786 3225 5846; x_wconf 74' lang='lat' dir='ltr'><strong>Male</strong></span> <span class='ocrx_word' id='word_1_803' title='bbox 3275 5788 3406 5847; x_wconf 86' lang='lat' dir='ltr'><strong>item</strong></span> <span class='ocrx_word' id='word_1_804' title='bbox 3459 5790 3562 5845; x_wconf 85' lang='lat' dir='ltr'><strong>hoc</strong></span> 
     </span>
    </p>
   </div>
  </div>
