4140 6430
480 317 589 374 28⁸1

1199 316 1474 375 EUSEBII
1510 315 1990 374 MSARIENSIS
2027 315 2179 374 OPP.
2218 317 2400 374 PARS
2440 317 2478 373 Ι.
2520 349 2591 358 -
2630 317 3020 375 HlSTORlCA.

3634 318 3741 377 288

481 435 780 505 supradicti
805 435 1152 507 imperatoris
1185 438 1351 492 tertio
1376 436 1512 493 abiit
1558 450 1591 492 e
1622 435 1758 503 vita,
1797 436 2060 493 Evaresto

2168 437 2560 509 προειρημένου
2613 436 2875 508 βασιλέως
2921 434 3118 508 ἀρχῆς,
3169 436 3401 508 Κλήμης
3444 436 3742 509 Εὐαρέστῳ

481 530 849 585 sacerdotium
902 527 1246 596 relinquens,
1293 542 1416 584 cum
1446 542 1638 584 novem
1696 537 1839 585 totos
1887 544 2065 586 annos

482 620 932 692 praedicationem
961 621 1112 676 verbi
1152 620 1321 675 divini
1348 629 1718 691 procurasset.

1039 800 1268 859 CAPUT
1316 800 1534 858 XXXV.

487 890 644 956 Quod
706 893 892 947 tertius
968 891 1463 1015 Hieroso’lynliarum
1535 891 1788 947 Ecclesia:
1851 891 2064 962 prwfuit

1221 978 1278 1015 us
1306 977 1366 1015 us

1221 977 1366 1016 ιιδιιιε

396 1112 403 1121 ,
500 1099 521 1125 ,
560 1052 832 1124 Symeone
866 1067 1084 1123 quoque
1107 1054 1175 1107 ad
1218 1055 1364 1108 hunc
1393 1068 1555 1123 quem
1581 1054 1819 1108 diximus
1847 1049 2064 1109 modum

487 1147 595 1198 vita
620 1144 901 1212 defuncto,
953 1144 1435 1217 llierosolymitani
1485 1148 1830 1217 episcopatus
1882 1145 2064 1201 sedem

483 1234 677 1291 Justus
714 1235 933 1306 quidam
965 1233 1185 1291 Judzeus
1231 1237 1491 1307 capessit.
1553 1236 1763 1307 Quippe
1813 1252 1879 1293 ea
1933 1246 2067 1290 tem-

488 1333 698 1393 pestate
722 1324 1153 1380 innumerabiles
1181 1339 1247 1380 ex
1277 1323 1692 1381 circumcisione
1739 1325 1808 1381 ad
1862 1323 2063 1380 Christi

491 1416 649 1470 Iidem
681 1417 1035 1475 transierant.

1016 1507 1242 1564 CAPUT
1285 1507 1525 1564 XXXVI.

844 1600 922 1655 De
959 1600 1173 1671 Ignatio
1212 1611 1262 1656 et
1300 1600 1413 1671 ejus
1453 1599 1711 1672 epistolis.

2165 528 2438 598 παραδοὺς
2458 530 2557 601 τὴν
2575 528 2933 599 λειτουργίαν,
2964 527 3183 582 ἀναλύει
3209 529 3302 581 τὸν
3319 528 3451 600 βίον,
3473 528 3545 583 τὰ
3562 529 3743 584 πάντα

2165 618 2406 689 προστὰς
2464 618 2559 689 ἐτη
2630 618 2785 673 ἐννέα
2855 618 2955 689 τῆς
3005 616 3103 672 τοῦ
3163 618 3310 671 θείου
3378 618 3537 689 λόγου
3598 618 3746 675 διδα-

2167 711 2414 775 σκαλίας.

2666 804 3062 859 ΚΕΦΑΛΑΙΟΝ
3083 805 3206 860 AE'.

2177 894 2275 960 Ὠς
2312 893 2509 961 τρίτος
2547 891 2656 962 τῆς
2679 895 3459 1038 (ἔεροῦοέῥμωνὲἆιοῦστος
3513 895 3742 967 ἡγεῖται

2751 982 2817 1021 tc.
2903 1006 2919 1028 ,
2997 1004 3012 1020 .
3040 982 3122 1032 ιιι,
3214 1006 3225 1018 .

2751 982 2817 1021 tc.
2845 982 2919 1028 η,
2945 982 3012 1020 ιι.
3040 982 3122 1032 ιιι,
3148 982 3225 1032 τι).

2236 1055 2394 1110 Ἀλλὰ
2424 1057 2516 1110 καὶ
2546 1057 2638 1109 τοῦ
2668 1057 2950 1128 Συμεῶνος
2983 1060 3074 1112 τὸν
3099 1057 3406 1129 δηλωθέντα
3430 1059 3742 1114 τελειωθέν-

2165 1164 2254 1212 τος
2287 1147 2506 1219 τρόπον,
2545 1149 2645 1220 τῆς
2682 1150 2740 1202 ὲν
2773 1149 3159 1221 Ἰεροσολύμοις
3186 1151 3491 1222 ἐπισκοπῆς
3512 1150 3744 1221 τδνθρό-

2165 1256 2253 1292 νον
2296 1238 2546 1302 Ἰουδαῖός
2572 1256 2656 1303 τις
2688 1239 2859 1310 ὄνομα
2886 1237 3135 1304 Ἰοῦστος,
3161 1241 3370 1312 μυρίων
3400 1242 3538 1295 ὅσων
3555 1243 3619 1294 ἐκ
3637 1257 3741 1293 πε·-

2167 1331 2394 1403 ριτομῆς
2417 1333 2495 1393 εἰς
2511 1331 2600 1385 τὸν
2628 1333 2860 1402 Χριστὸν
2874 1332 3177 1403 τηνικαῦτα
3198 1333 3633 1388 πεπιστευκότων
3658 1327 3743 1397 εἷς

2166 1422 2257 1475 καὶ
2284 1422 2445 1486 αὐτὸς
2471 1420 2566 1486 ὢν,
2594 1422 2913 1493 διαδέχεται.

2621 1515 3021 1568 ΚΕΦΑΛΑΙΟΝ
3069 1516 3208 1583 Λςο.

2268 1606 2408 1673 Περὶ
2447 1606 2737 1675 Ἰγνατίου
2781 1606 3037 1675 καὶίτῶν
3075 1604 3414 1660 ἐπιστολῶν
3449 1605 3636 1659 αὐτοῦ

2611 1676 2753 1747 (Nic.
2782 1676 2849 1730 ll.
2882 1674 2949 1731 Ε.
2982 1692 3066 1740 ιιι,
3095 1676 3213 1745 29).

561 1755 756 1813 Iisdem
788 1757 1121 1828 temporibus
1165 1756 1392 1814 ﬂorebat
1445 1757 1499 1812 in
1552 1757 1680 1813 Asia
1736 1756 2065 1828 Polycarpus

2236 1768 2506 1841 Διέπρεπέ
2534 1786 2597 1837 γε
2623 1767 2729 1839 μὴν
2759 1767 2899 1821 κατὰ
2922 1767 3143 1849 τούτους
3169 1767 3262 1820 ἐπὶ
3293 1766 3394 1838 τῆς
3422 1767 3605 1831 Ἀσίας
3633 1766 3743 1820 τῶν

490 1847 861 1915 apostolorum
895 1849 1226 1916 discipulus,
1258 1849 1348 1917 qui
1393 1845 1422 1901 ιι
1455 1846 1812 1901 familiaribus
1851 1861 1916 1899 ac
1966 1847 2068 1900 mi-

494 1938 689 1994 nistris
720 1940 960 2004 Domini,
1002 1938 1353 2011 Smyrnensis
1391 1938 1648 1995 Ecclesiae
1695 1939 2065 2009 episcopatum

492 2041 803 2101 acceperat.
850 2031 1048 2102 Papias
1084 2047 1330 2102 quoque,
1391 2031 1829 2100 llierapolitanus
1853 2031 2066 2101 episco-

492 2139 617 2195 pus,
648 2126 837 2180 eadem
871 2133 1032 2180 actate
1067 2124 1300 2180 celebris
1324 2124 1444 2191 fuit,
1474 2125 1560 2178 vir
1598 2124 1863 2193 imprimis
1889 2123 2066 2178 diser-

493 2228 581 2271 tus
608 2227 662 2272 et
684 2217 949 2281 eruditus,
998 2232 1063 2272 ac
1107 2216 1519 2288 Scripturarum
1555 2217 1780 2287 peritus.
1820 2214 2066 2285 lgnatius

491 2323 753 2378 praeterea
780 2310 1077 2365 multorum
1100 2302 1444 2364 sermonibus
1483 2319 1666 2363 nostra
1702 2308 1866 2364 etiam
1907 2318 2066 2362 aetate

490 2402 823 2469 celebratus,
869 2403 1141 2457 secundus
1184 2411 1307 2471 post
1353 2401 1577 2457 Petrum
1638 2400 2073 2455 Antiochensem'

492 2492 791 2550 Ecclesiam
822 2496 1050 2549 sortitus
1085 2501 1188 2548 est.
1220 2492 1318 2547 Hic
1341 2493 1410 2547 ob
1436 2491 1594 2547 fidem
1619 2491 1820 2547 Christi
1847 2505 1878 2545 e
1908 2488 2064 2561 Syria

493 2592 560 2644 ad
589 2591 779 2647 urbem
816 2590 1045 2646 Romam
1076 2588 1395 2661 perductus,
1435 2589 1628 2644 bestiis
1668 2587 1917 2656 objectus
1946 2598 2066 2641 esse

491 2681 713 2739 dicitur.
743 2682 810 2737 Et
836 2698 958 2738 cum
990 2697 1086 2752 per
1110 2682 1300 2737 Asiam
1336 2680 1436 2736 sub
1467 2679 1874 2735 accuratissima
1905 2677 2067 2733 satel-

491 2772 647 2828 litum
679 2774 925 2829 custodia
963 2774 1297 2837 ductaretur,
1334 2771 1671 2843 singularum
1714 2770 2065 2826 nihilominus

491 2866 776 2920 civitatum
812 2880 951 2936 quas
984 2865 1384 2937 ingrederetur,
1418 2863 1692 2920 Ecclesias
1724 2862 2064 2919 sermonibus

492 2968 547 3012 et
582 2956 1055 3014 cohortationibus
1078 2958 1191 3013 suis
1210 2956 1562 3024 confirmans,
1592 2957 1846 3012 monebat.
1876 2956 2064 3027 impri-

491 3050 598 3105 mis
627 3064 684 3104 ut
718 3050 825 3105 sibi
858 3065 885 3103 a
920 3050 1106 3121 pravis
1152 3049 1532 3105 haereticorum
1567 3047 1915 3119 opinionibus
1968 3064 2061 3104 ca-

2167 1859 2477 1914 άποστόλων
2504 1859 2765 1932 ὁμιλητὴς
2789 1845 3162 1931 Πολύχαρπος,
3193 1859 3290 1929 τῆς
3318 1858 3460 1911 κατά
3490 1858 3743 1930 Σμύρναν

2180 1952 2501 2024 Ἐκκλησίας
2542 1951 2678 2024 πρὸς
2709 1953 2816 2006 τῶν
2842 1951 3123 2005 αὐτοπτῶν
3174 1952 3266 2005 καὶ
3315 1952 3604 2024 ὑπηρετῶν
3645 1950 3742 2005 τοῦ

2167 2044 2372 2118 Κυρίου
2421 2044 2520 2117 τὴν
2584 2046 2891 2117 ἐπισκοπὴν
2951 2043 3450 2116 ἐγκεχειρισμένος.
3505 2044 3642 2098 Καθ’
3683 2044 3745 2099 ὃν

2165 2138 2487 2210 ἐγνωρίζετο
2518 2138 2734 2202 Παπίας
2776 2138 2876 2209 τῆς
2915 2140 2972 2190 ἐν
3008 2135 3303 2209 Ἱεραπόλει
3327 2136 3618 2211 παροικίας
3647 2135 3746 2191 καὶ

2166 2230 2326 2295 αὐτὸς
2354 2232 2669 2295 ἐπίσκοπος,
2703 2229 2873 2301 [ἀνὴρ
2892 2228 2963 2283 τὰ
2994 2229 3170 2283 πάντα
3196 2228 3276 2282 ὅτι
3297 2227 3527 2298 μάλιστα
3552 2224 3747 2295 λογιώ-

2164 2341 2323 2387 τατος
2348 2324 2441 2378 καὶ
2465 2324 2563 2395 τῆς
2594 2323 2814 2395 Γραφῆς
2847 2322 3081 2395 είδήμων
3112 2320 3313 2394 (64),]ὅ
3334 2338 3393 2373 τε
3416 2318 3565 2392 παρὰ
3589 2319 3746 2373 πλεί-

2167 2430 2314 2477 στοις
2344 2413 2510 2466 εἰσέτι
2530 2411 2624 2466 νῦν
2645 2412 2924 2483 διαϐόητος
2958 2411 3238 2481 Ἰγνάτιος,
3273 2412 3372 2483 τῆς
3392 2411 3509 2463 κατ’
3543 2409 3748 2463 Ἀντιό-

2165 2520 2316 2574 χειαν
2341 2503 2547 2574 Πέτρου
2568 2501 2818 2573 διαδοχῆς
2834 2502 3082 2574 δεύτερος
3113 2502 3209 2573 τὴν
3233 2502 3537 2572 ἐπισκοπὴν
3556 2499 3748 2571 κεκλη-

2166 2593 2428 2665 ρωμένος.
2486 2593 2658 2663 Λόγος
2698 2593 2741 2646 δ’
2771 2593 2884 2665 ἔχει
2921 2593 3109 2647 τοῦτον
3147 2592 3255 2646 ἀπὸ
3287 2593 3485 2665 Συρίας
3523 2592 3617 2645 ἐπὶ
3645 2592 3746 2663 τὴν

2177 2684 2459 2757 Ῥωμαίων
2493 2685 2647 2738 πόλιν
2675 2685 3122 2756 ἀναπεμφθέντα,
3156 2684 3361 2755 θηρίων
3386 2682 3639 2754 γενέσθαι
3663 2682 3747 2753 βο-

2166 2776 2266 2848 ρὰν
2286 2778 2386 2849 τῆς
2409 2778 2488 2843 εἰς
2508 2777 2744 2848 Χριστὸν
2769 2777 3074 2849 μαρτυρίας
3096 2778 3281 2835 ἕνεκεν
3300 2794 3313 2807 ·
3347 2777 3441 2830 καὶ
3467 2776 3530 2846 δὴ
3558 2775 3657 2847 τὴν
3678 2774 3747 2828 δι’

2176 2871 2359 2935 Ἀσίας
2394 2870 2504 2942 (65)
2532 2869 2861 2941 ἀνακομιδὴν
2890 2868 3005 2941 μετ’
3040 2868 3470 2941 ἐπιμελεστάτης
3493 2865 3747 2938 φρουρῶν

2165 2962 2409 3035 φυλακῆς
2448 2962 2788 3035 ποιούμενος,
2842 2962 2940 3026 τὰς
2984 2961 3126 3016 κατὰ
3166 2961 3321 3015 πόλιν
3362 2955 3448 3025 αἷς
3481 2959 3747 3030 ἐπεδήμει.

2164 3055 2474 3127 παροικίας,
2516 3057 2637 3118 ταῖς
2680 3052 2767 3107 διά
2806 3052 2979 3122 λόγων
3010 3053 3248 3124 ὁμιλίαις
3286 3070 3347 3105 τε
3394 3052 3485 3106 καὶ
3514 3067 3750 3124 προτρο-

492 3152 709 3211 verent,
738 3158 858 3213 qua:
895 3151 1020 3197 tunc
1045 3143 1283 3214 primum
1321 3142 1375 3197 iu
1409 3141 1587 3197 lucem
1623 3155 1906 3212 emergere
1939 3155 2060 3197 cum

2168 3150 2292 3210 παῖς
2316 3145 2675 3219 ἐπιῤῥωννὺς,
2693 3145 2751 3199 ἐν
2770 3143 3005 3218 πρώτοις
3023 3144 3259 3216 μάλιστα
3276 3141 3745 3214 προφυλάττεσθαι

492 3232 785 3302 coepissent
816 3272 833 3297 ,
904 3233 1181 3302 copiosius
1249 3230 1622 3303 pullulahant,
1701 3232 2063 3301 hortatusque

495 3333 576 3378 est
610 3333 667 3378 ut
707 3323 1077 3393 apostolorum
1112 3323 1496 3378 traditionibus
1534 3320 1802 3377 tenaciter
1837 3322 2065 3379 inhaere-

492 3427 675 3473 rent:
728 3432 868 3486 quas
939 3416 1156 3486 quidem
1230 3415 1299 3470 ad
1370 3414 2066 3485 certiorem‘posteritatis

497 3509 655 3581 107
681 3508 925 3564 notitiam
954 3506 1263 3562 testimonio
1306 3521 1406 3562 suo
1447 3506 1797 3562 confirmatas
1837 3505 2066 3576 scriptis

495 3601 759 3655 mandare
784 3598 1153 3654 necessarium
1185 3598 1361 3653 duxit.
1398 3596 1587 3668 Itaque
1621 3612 1744 3653 cum
1774 3596 2063 3670 Smyrnam

497 3691 779 3759 venisset,
817 3691 870 3744 in
915 3705 1021 3761 qua
1058 3699 1168 3745 tum
1199 3698 1318 3745 erat
1345 3688 1679 3760 Polycarpus
1701 3728 1717 3753 ,
1753 3703 1914 3742 unam
1947 3688 2067 3757 qui-

494 3786 617 3841 dem
657 3784 945 3855 epistolam
977 3783 1199 3852 scripsit
1226 3784 1293 3837 ad
1323 3780 1624 3838 Ecclesiam
1661 3780 2017 3852 Ephesiorum
2049 3820 2064 3841 ,

496 3878 549 3932 in
580 3891 687 3947 qua
718 3874 963 3931 Onesimi
994 3875 1235 3945 ipsorum
1283 3874 1518 3944 pastoris
1550 3873 1882 3928 mentionem
1915 3870 2063 3925 facit.

493 3967 739 4022 Alteram
767 3980 986 4036 quoque
1015 3965 1168 4021 dedit
1192 3964 1260 4019 ad
1291 3962 1590 4018 Ecclesiam
1619 3961 1909 4034 Magnesiae
1931 3960 2066 4016 civi—

494 4057 627 4111 tatis
657 4071 776 4125 qua:
804 4057 872 4111 ad
899 4055 1229 4110 Maeandrum
1256 4054 1361 4109 sita
1393 4062 1500 4116 est,
1532 4054 1585 4108 in
1618 4067 1725 4125 qua
1753 4052 1920 4107 etiam
1957 4050 2064 4105 Da-

500 4164 642 4203 mam
673 4148 986 4219 episcopum
1016 4148 1279 4202 nominat.
1314 4148 1485 4202 Aliam
1519 4149 1647 4203 item
1673 4146 1740 4201 ad
1768 4144 2067 4201 Ecclesiam

496 4237 903 4293 Trallianorum
929 4279 945 4305 ,
976 4237 1132 4308 cujus
1159 4239 1461 4293 antistitem
1495 4248 1626 4291 tunc
1655 4237 1824 4292 fuisse
1865 4249 2068 4290 memo-

2164 3238 2264 3303 τὰς
2296 3239 2536 3310 αἱρέσεις
2582 3238 2708 3308 ἄρτι
2742 3235 2863 3290 τότε
2891 3236 3104 3308 πρῶτον
3127 3235 3460 3305 ἀναφυείσας
3498 3234 3591 3288 καὶ
3626 3236 3748 3288 ἐπι-

2167 3323 2505 3389 πολαζούσας
2523 3323 2775 3397 παρῄνει,
2802 3322 3113 3397 προύτρεπέ
3135 3341 3195 3377 τε
3216 3324 3382 3394 ἀπρὶξ
3411 3323 3629 3394 ἔχεσθαι
3644 3323 3747 3394 τῆς

2164 3415 2274 3470 τῶν
2303 3416 2615 3470 ἀποστόλων
2648 3415 3021 3487 παραδόσεως,
3055 3416 3122 3487 ἢν
3154 3416 3294 3487 ὑπὲρ
3321 3415 3620 3485 ἀσφαλείας
3652 3415 3748 3469 καὶ

2168 3508 2458 3580 ἐγγράφως
2474 3507 2574 3579 ἠδη
2594 3507 3022 3579 μαρτυρόμενος,
3042 3505 3302 3561 διατυποῦ
3311 3506 3430 3560 σθαι
3449 3507 3746 3575 ἀναγκαῖον

2167 3601 2370 3672 ἡγεῖτο.
2409 3599 2566 3653 Οὕτω
2595 3599 2730 3671 δῆτα
2759 3600 2815 3652 ἐν
2842 3598 3061 3671 Σμύρνῃ
3095 3598 3403 3670 γενόμενος,
3435 3598 3563 3652 ἔνθα
3588 3600 3617 3652 ὁ
3638 3600 3748 3652 Πο-

2166 3691 2445 3763 λύκαρπος
2475 3685 2564 3763 ἦν,
2591 3689 2719 3761 μίαν
2744 3689 2842 3762 μὲν
2872 3688 3158 3760 ἐπιστολὴν
3179 3692 3247 3760 τῇ
3276 3688 3417 3743 κατὰ
3449 3688 3548 3761 τὴν
3582 3688 3751 3759 Ἐφε-

2170 3797 2258 3835 σον
2297 3780 2592 3852 Ἐκκλησία
2616 3780 2835 3851 γράφει,
2881 3779 3136 3851 ποιμένος
3175 3779 3344 3851 αὐτῆς
3396 3778 3747 3851 μνημονεύων

2180 3872 2490 3944 Ὀνησίμου,
2509 3872 2701 3944 ἑτέραν
2720 3872 2776 3926 δὲ
2807 3876 2870 3945 τῇ
2896 3873 2953 3925 ἐν
2980 3872 3272 3944 Μαγνησίᾳ
3291 3874 3358 3944 τῇ
3383 3871 3519 3944 πρὸς
3541 3871 3750 3925 Μαιάν-

2165 3965 2296 4037 δρῳ,
2319 3965 2446 4019 ἔνθα
2466 3965 2626 4020 πάλιν
2661 3966 2960 4018 ἐπισκόπου
2990 3966 3148 4037 Δάμα
3183 3965 3400 4037 μνήμην
3428 3965 3744 4034 πεποίηται’

2169 4057 2261 4112 καὶ
2297 4060 2364 4129 τῇ
2398 4060 2455 4111 ἐν
2490 4056 2754 4128 Τράλλεσι
2792 4055 2849 4109 δὲ
2886 4056 3073 4127 ἄλλην,
3108 4052 3177 4129 ἧς
3206 4056 3437 4128 ἄρχοντα
3462 4055 3582 4108 τότε
3616 4054 3749 4109 ὄντα

2170 4149 2429 4203 Πολύϐιον
2484 4150 2701 4220 ἱστορεῖ.
2765 4147 2907 4221 Πρὸς
2940 4147 3165 4213 ταύταις
3216 4149 3310 4203 καὶ
3347 4150 3413 4219 τῇ
3461 4146 3748 4220 Ῥωμαίων

2180 4240 2478 4313 Ἐκκλησία
2513 4240 2735 4314 γράφει,
2772 4235 2805 4313 ᾖ
2844 4241 2939 4295 καὶ
2979 4239 3320 4312 παράκλησιν
3349 4239 3637 4312 προτείνει,
3671 4239 3748 4304 ὡς

496 4343 583 4386 rat
619 4331 922 4402 Polybium.
955 4330 1159 4386 Praeter
1192 4332 1288 4386 has
1330 4339 1415 4385 est
1454 4338 1509 4385 et
1543 4329 1646 4383 alia
1684 4328 1804 4397 ejus
1836 4326 2065 4397 epistola

2172 4333 2246 4405 μὴ
2286 4333 2757 4405 παραιτησάμενοι
2795 4332 2889 4385 τοῦ
2923 4331 3244 4404 μαρτυρίου,
3281 4332 3379 4404 τῆς
3410 4331 3749 4402 ποθουμένης

493 4424 562 4478 ad
596 4422 893 4477 Ecclesiam
927 4423 1078 4478 urhis
1121 4423 1327 4485 Romae,
1368 4423 1421 4477 in
1454 4436 1559 4492 qua
1594 4430 1715 4475 orat
1755 4429 1915 4490 atque
1941 4420 2065 4474 hor-

2168 4425 2331 4478 αύτὸν
2355 4425 2786 4496 ἀποστερήσαιεν
2813 4424 3047 4489 ἐλπίδος.
3095 4423 3184 4489 Ἐξ
3208 4418 3282 4477 ὧν
3308 4424 3401 4477 καὶ
3433 4423 3749 4495 βραχύτατα

497 4524 644 4569 tatur
670 4515 949 4570 Romanos
978 4556 995 4583 ,
1024 4529 1092 4569 ne
1121 4514 1441 4585 martyrium
1479 4529 1507 4566 a
1537 4528 1615 4567 se'
1642 4511 1978 4582 depellentes
2003 4528 2065 4566 ac

2171 4514 2250 4575 είς
2285 4510 2544 4576 ἐπίδειξιν
2581 4511 2692 4565 τῶν
2712 4511 3014 4583 εἰρημένων
3036 4512 3374 4582 παραθέσθαι
3406 4512 3576 4578 ἄξιον.
3608 4514 3749 4585 Γρά-

495 4608 854 4676 deprecantes
881 4649 897 4673 ,
930 4622 1027 4676 Spe
1074 4622 1138 4661 ac
1186 4616 1313 4662 veto
1345 4618 1404 4660 se
1440 4602 1698 4659 fraudare
1727 4603 1917 4658 velint.
1961 4601 2065 4658 Sed

2174 4620 2263 4672 φει
2283 4602 2345 4674 δὴ
2371 4600 2464 4657 οὖν
2486 4602 2629 4658 κατὰ
2656 4602 2799 4669 λέξιν
2818 4620 2831 4634 ³
2878 4624 2896 4656 ι
2939 4604 3070 4658 Ἀπὸ
3099 4604 3302 4676 Συρίας
3331 4604 3490 4677 μέχρι
3531 4603 3749 4676 Ῥώμης

492 4715 672 4770 operae
690 4698 922 4769 pretium
959 4699 1202 4754 fueritad
1231 4698 1700 4755 confirmationem
1730 4711 1917 4752 eorum
1948 4711 2065 4768 quae

2174 4695 2492 4768 θηριομαχῶ
2533 4695 2621 4749 διὰ
2654 4696 2758 4767 γῆς
2794 4695 2890 4749 καὶ
2921 4695 3216 4766 θαλάσσης,
3264 4695 3456 4760 νυκτὸς
3488 4697 3583 4750 καὶ
3612 4695 3752 4767 ἠμέ-

492 4842 614 4897 loco
659 4841 891 4911 Graecus
935 4841 1203 4911 interpres
1250 4838 1595 4911 Tertu_llia_iri.
1650 4836 1869 4893 Oblatas
1911 4837 2056 4911 enim
2165 4835 2413 4911 plaribus
2446 4835 2697 4908 legerat,’
2718 4844 2888 4911 utex
2924 4851 3042 4911 eJus
3091 4837 3541 4911 interpretatione
3576 4838 3746 4911 cotti-

492 4914 626 4968 dicit
666 4909 1039 4966 Tertullianus
1065 4907 1157 4966 seu
1187 4912 1366 4979 potius
1407 4908 1695 4979 Traianus,
1727 4922 1822 4963 eos
1849 4908 1940 4979 qui
1972 4907 2063 4976 ju-
2166 4907 2329 4979 'gitur.
2357 4907 2539 4979 Quare
2572 4921 2677 4979 non
2707 4907 2910 4979 dubito
2935 4908 3063 4975 quin
3106 4908 3221 4961 ἥατο
3262 4908 3426 4961 verba
3472 4909 3749 4979 ab_impe-

494 4982 703 5036 dicibus
745 4981 1093 5036 exhibentur.
1130 4975 1224 5035 Sic
1272 4981 1416 5034 enim
1455 4975 1633 5034 Latini
1686 4979 1831 5048 loqui
1861 4975 2059 5048 solent.
2170 4975 2278 5032 rito
2304 4975 2536 5047 quodam
2567 4975 2867 5031 scholiaste
2896 4979 3104 5048 adjecta
3135 4980 3263 5042 sint,
3299 4987 3508 5048 praeter
3525 4976 3741 5048 Eusebii

494 5052 701 5107 Sensus
730 5052 896 5121 igitur
926 5052 1176 5121 rescripti
1211 5052 1342 5119 imp.
1372 5048 1591 5119 Traiani
1625 5045 2067 5121 adversusChri-
2172 5045 2408 5102 mentem
2471 5055 2636 5121 a_tque
2662 5045 3049 5121 _sen_t_enl_iain._
3076 5048 3363 5121 Quomodo
3424 5046 3569 5121 enim
3627 5045 3746 5121 ﬁeri

492 5124 702 5177 stianos
732 5113 822 5175 b'ic
853 5131 977 5176 est:
1010 5113 1271 5176 Reétores
1290 5113 1704 5188 provinciarum
1736 5132 1841 5172 non
1872 5119 2069 5173 debere
2172 5125 2351 5187 potest
2385 5124 2444 5168 ut
2477 5113 2746 5188 Eusebius
2778 5116 2996 5185 Papiam
3036 5113 3124 5172 hic
3167 5116 3403 5187 appellet
3438 5117 3623 5188 virum
3651 5117 3748 5171 do-

495 5208 593 5262 per
632 5191 1004 5260 speculatores
1043 5200 1101 5246 et
1143 5184 1404 5262 satellites
1442 5204 1569 5245 suos
1615 5188 1888 5262 curiosius
1913 5188 2066 5243 inda-
2172 5184 2493 5262 ctissiinmn,
2515 5195 2569 5241 et
2596 5184 3008 5262 Scripturarum
3028 5184 3438 5262 peritissimum,
3463 5200 3584 5262 cu_m
3610 5185 3750 5262 ipse-

494 5254 624 5331 igare
650 5254 821 5332 genus
848 5272 904 5317 et
929 5272 1130 5317 sectam
1160 5260 1617 5332 Christianorum.
1667 5257 2069 5332 Siqui‘tamen
2174 5265 2283 5332 met
2330 5255 2383 5308 in
2435 5256 2545 5332 fine
2596 5254 2753 5332 hujus
2791 5255 2913 5332 libri
2959 5254 3159 5332 diserte
3192 5254 3459 5332 afﬁrmet,
3516 5254 3741 5332 Papiam

494 5324 792 5389 Cbrisliani
827 5334 894 5386 ab
928 5332 1249 5386 olﬁeialibus
1296 5329 1524 5384 fortuito
1555 5324 1880 5397 deprehensi
1924 5328 2069 5398 sint,
2173 5326 2343 5398 fuisse
2373 5324 2627 5398 mediocri
2662 5326 2879 5398 ingenio
2909 5326 3217 5395 praeditum,
3255 5326 3521 5395 planeque
3550 5325 3743 5381 rudem

493 5412 551 5456 et
590 5403 645 5457 in
674 5402 943 5470 judicium
970 5402 1214 5466 adducti,
1243 5400 1328 5454 vel
1364 5399 1408 5453 si
1447 5398 1515 5470 ab
1544 5394 1955 5454 accusatoribus
1986 5397 2074 5452 de-
2173 5394 2585 5470 “simplicem:

494 5463 726 5528 nuntiati
757 5473 886 5537 sint,
910 5487 1005 5527 eos
1034 5463 1260 5525 omnino
1290 5469 1469 5539 puniri
1499 5478 1771 5539 oportere.
2192 5464 2361 5539 L(65_)
2396 5463 2507 5539 Kal
2553 5463 2631 5532 δὴ
2670 5464 2785 5534 τὴν
2828 5464 2902 5519 δι’
2954 5464 3185 5539 Ἀσίας.-
3211 5463 3610 5539 Ιιιι-Ιεκξιιινίη
3643 5480 3746 5539 cog

565 5543 679 5632 εδδ)
715 5534 971 5632 παπίοεςν
1012 5541 1171 5632 siris
1186 5534 1546 5632 _€‘*_L?‘d’:f‘.ﬁ
1557 5536 1933 5632 ﬁesﬁes?
1973 5539 2065 5632 ﬁs

2176 5537 2303 5632 91°?)
2316 5534 2506 5632 ,ἓῖθίῗι
2517 5534 3745 5632 3⁸³1⁵12,ηδῗξυῺῗὲῗξηίξίῖίλ.,ΞῈῩΒΡὛἾὟέἓδ

494 5604 800 5685 γιώτάτος,
827 5604 1077 5681 καῖ’τῆς
1116 5604 1381 5685 Ῡριῑερῆς⁸
1414 5604 1695 5685 εὶδήμωνῖ.
1723 5608 2065 5685 'I_‘otum__|to_c

2179 5617 2415 5677 quatuor
2458 5605 2556 5685 alii
2590 5606 2826 5685 codices,
2864 5604 3185 5685 gazarinus.
3218 5604 3452 5685 scilicet_
3473 5621 3537 5661 ac
3570 5604 3745 5685 Mgdi-

495 5677 730 5751 elogium
754 5677 933 5753 Papiae
955 5677 1106 5739 deest
1133 5677 1184 5737 in
1216 5677 1416 5737 nostris
1442 5677 1722 5753 codicibus
1746 5679 1907 5753 Μυκη
1934 5677 2073 5733 Med.

496 5768 550 5809 ct
580 5753 712 5813 Fuk.
742 5751 849 5810 Sed
878 5770 1051 5828 neque
1084 5753 1313 5810 Ruﬁnus
1344 5753 1458 5811 bmc
1484 5753 1648 5809 verba
1676 5751 1727 5807 in
1755 5751 1870 5808 suis
1894 5763 2075 5806 exem-

2182 5667 2345 5747 éasus.
2371 5690 2494 5747 cum
2516 5674 2653 5747 Fuk.
2676 5684 2732 5747 et
2762 5667 3341 5747 saviliauo,scriptttm
3366 5677 3567 5733 habent
3590 5667 3751 5738 οὗτος

2179 5749 2246 5817 δὴ
2275 5744 2366 5802 οὖν
2395 5746 2490 5819 τὴν
2512 5745 2575 5798 δι’
2615 5745 2795 5811 Ἀσίας
2822 5746 3175 5817 ἀνακομιδήν,
3195 5744 3309 5802 etc.
