4140 6430
355 346 466 402 289

1347 351 1702 410 HISTORIE
1740 354 2310 413 ECCLESIASTICIE
2348 357 2478 412 LIB.
2521 358 2610 414 ιιι.

3515 374 3624 433 290

353 478 482 532 ρας,
507 461 845 534 ἐνδεδεμένος
875 463 1009 518 δέκα
1037 465 1374 536 λωπάρδοις,
1413 469 1442 520 ὃ
1469 471 1586 521 ἐστι
1629 488 1887 542 στρατιωτ

1991 486 2017 538 ι
2049 474 2582 541 dixitnus,nonnulla
2602 492 2670 532 ex
2701 477 2768 532 iis
2799 478 2997 536 litteris
3028 481 3116 536 hic
3141 487 3438 544 ascribere.
3475 489 3625 547 Scri-

349 554 449 607 κῦν
476 555 681 626 τάγμα,
740 558 789 610 οἳ
833 559 928 611 καὶ
973 559 1439 631 εὐεργετούμενοι,
1479 565 1696 634 χείρους
1725 564 1936 634 γίγνον-

347 663 441 700 ται
469 648 598 717 (66).
666 650 754 702 Ἐν
783 649 837 702 δὲ
865 655 979 715 τοῖς
1013 652 1311 724 ἀδικήμασι
1335 655 1510 708 αὐτῶν
1539 657 1737 726 μᾶλλον
1767 657 1936 729 μαθη-

345 743 600 815 τεύομαι,
634 745 747 798 ἀλλ’
781 748 840 800 ού
876 748 1026 816 παρὰ
1066 747 1223 802 τοῦτο
1251 749 1626 821 δεδικαίωμαι.
1676 753 1935 824 Ὀναίμην

344 839 460 892 τῶν
485 841 688 911 θηρίων
719 842 828 895 τῶν
856 843 979 914 ἐμοὶ
1005 844 1238 915 ἑτοίμων
1256 863 1269 876 ·
1297 846 1333 900 ἃ
1357 847 1452 900 κα)⁵
1485 847 1714 920 εὔχομαι
1743 849 1932 904 σύντο-

349 932 428 1000 μά
460 949 550 1002 μοι
572 933 878 1005 εὑρεθῆναι,
913 935 948 989 ἃ
967 936 1060 988 καὶ
1080 936 1394 991 κολακεύσω
1425 923 1706 1011 συντόμως
1734 958 1799 1012 με
1832 959 1931 996 κα-

343 1028 630 1092 ταφαγεῖν,
653 1026 748 1095 οὐχ
777 1025 926 1079 ὥσπε
935 1044 965 1097 ρ
988 1028 1151 1082 τινῶν
1183 1030 1553 1101 δειλαινόμενα
1575 1033 1672 1102 ούχ
1693 1034 1926 1103 ἥψαντο·

342 1114 450 1167 κᾶν
505 1115 644 1169 αὐτὰ
694 1117 752 1170 δὲ
808 1118 1007 1172 ἄκοντα
1058 1120 1132 1190 μὴ
1167 1121 1315 1195 θέλῃ,
1353 1122 1464 1192 ἐγὼ
1504 1125 1924 1197 προσϐιάσομαι.

341 1207 686 1278 Συγγνώμην
736 1227 825 1280 μοι
861 1210 1033 1280 ἔχετε.
1079 1213 1143 1265 Τί
1173 1231 1263 1284 μοι
1300 1215 1587 1288 συμφέρει,
1627 1217 1737 1287 ἐγὼ
1768 1217 1929 1286 γινώ-

340 1311 477 1348 σκω.
517 1298 631 1351 Νῦν
664 1300 903 1371 ἄρχομαι
946 1301 1195 1375 μαθητὴς
1227 1301 1386 1360 εἶναι.
1422 1307 1606 1378 Μηδέν
1657 1325 1724 1379 με
1753 1307 1927 1380 ζηλῶ-

341 1403 435 1440 σαι
460 1389 570 1461 (67)
597 1390 704 1442 τῶν
728 1392 940 1463 ὁρατῶν
966 1396 1060 1448 καὶ
1081 1396 1346 1465 ἀοράτων,
1373 1397 1460 1451 ἵνα
1490 1399 1662 1469 Ἰησοῦ
1687 1399 1924 1472 Χριστοῦ

336 1481 601 1552 ἐπιτύχω,
622 1483 731 1555 πῦρ
751 1486 843 1537 καὶ
859 1487 1106 1558 σταυρὸς,
1121 1487 1325 1560 Θηρίων
1350 1507 1409 1542 τε
1438 1491 1744 1556 συστάσεις,
1760 1509 1924 1564 σκορ-

334 1578 533 1647 πισμοὶ
567 1577 788 1643 ὀστέων,
827 1581 1097 1648 συγκοπαὶ
1139 1581 1337 1652 μελῶν,
1391 1583 1616 1656 ἀλεσμοὶ
1649 1585 1758 1654 (68)
1801 1586 1921 1640 ὅλου

331 1668 429 1722 τοῦ
466 1669 736 1742 σώματος,
755 1673 1004 1737 κολάσεις
1031 1673 1126 1728 τοῦ
1146 1675 1391 1730 διαϐόλου
1420 1678 1500 1741 είς
1521 1679 1620 1749 ἐμὲ
1642 1679 1920 1751 ἐρχέσθω-

335 1776 457 1825 σαν,
485 1759 644 1830 μόνον
681 1761 766 1815 ἵνα
801 1763 973 1834 Ἰησοῦ
1003 1763 1238 1834 Χριστοῦ
1267 1765 1524 1836 ἐπιτύχω.
1561 1786 1579 1819 ι
1614 1769 1722 1821 Καὶ
1749 1768 1921 1824 ταῦτα

2041 567 2116 621 bit
2141 567 2306 636 igitur
2337 568 2390 622 in
2424 569 2566 623 hunc
2586 570 2845 626 modum:
2878 589 2896 624 ι
2931 574 2976 627 Α
3008 572 3164 645 Syria
3198 578 3424 635 Romam
3452 598 3617 652 usque

2037 675 2158 714 cum
2187 659 2379 715 bestiis
2414 664 2658 731 depugno
2684 703 2700 730 ,
2737 672 2882 718 terra
2925 665 3172 734 marique
3195 711 3209 732 ,
3250 684 3411 728 noctu
3447 686 3502 730 et
3530 676 3615 731 in-

2039 751 2216 804 terdiu
2248 791 2262 816 ,
2293 751 2581 821 colligatus
2611 755 2800 808 decem
2836 754 3104 826 le0pardis
3131 800 3144 823 ,
3176 761 3278 815 hoc
3305 776 3408 832 est,
3442 769 3612 824 mani-

2035 843 2161 913 pulo
2196 843 2472 924 milituml:
2507 848 2600 914 qui
2625 846 2902 902 beneﬁciis
2935 863 2962 899 a
2996 865 3082 904 me
3118 849 3318 917 allecti,
3356 859 3612 914 saeviores

2035 936 2188 989 liunt.
2221 935 2422 991 Verum
2457 953 2559 1008 ego
2590 939 2803 1006 injuriis
2835 944 3053 1010 quidem
3087 946 3300 1002 illorum
3341 951 3562 1005 erudior
3593 970 3608 1006 :

2032 1041 2139 1082 non
2184 1028 2387 1084 idcirco
2423 1039 2603 1086 tamen
2647 1031 2978 1101 justilicatus
3009 1052 3150 1091 sum.
3203 1039 3419 1094 Utinam
3457 1041 3600 1098 lruat

2031 1119 2218 1176 bestiis
2253 1121 2361 1177 illis
2395 1138 2516 1191 quae
2561 1123 2693 1177 mihi
2739 1137 2942 1195 parata:
2968 1139 3094 1184 sunt
3122 1132 3134 1182 ί
3180 1130 3325 1197 Quas
3355 1136 3602 1202 equidem

2030 1223 2158 1281 opto
2205 1221 2261 1266 ut
2309 1213 2710 1282 quamprimum
2757 1217 3054 1273 inveniam.
3100 1219 3430 1291 Palpaturus
3484 1241 3602 1279 smn

2028 1317 2142 1364 eas,
2174 1314 2232 1358 ut
2262 1320 2346 1358 me
2377 1305 2635 1360 celeriter
2668 1308 2948 1375 devorent,
2990 1325 3088 1364 nec
3122 1323 3266 1367 metu
3296 1315 3603 1373 absterrita

2029 1397 2158 1449 mihi
2207 1407 2470 1464 parcant,
2521 1400 2976 1468 quemadmodum
3026 1405 3302 1473 aliquibus
3338 1423 3603 1478 peperce-

2027 1500 2173 1543 runt.
2201 1490 2354 1556 Quod
2381 1491 2424 1544 si
2455 1491 2598 1546 forte
2631 1487 2981 1558 recusabant,
3016 1511 3114 1567 ego
3145 1511 3239 1553 cas
3272 1500 3324 1552 vi
3358 1501 3601 1570 adigam.

2028 1578 2250 1635 Veniam
2300 1581 2434 1636 mihi
2480 1583 2627 1637 date.
2659 1581 2794 1638 Novi
2838 1585 3099 1654 quidnam
3142 1589 3271 1642 mihi
3308 1591 3599 1648 conducat.

2023 1668 2175 1723 Nunc
2203 1671 2418 1725 tandem
2448 1671 2648 1737 incipio
2679 1687 2802 1728 esse
2831 1674 3131 1744 discipulus
3175 1676 3402 1734 Christi.
3439 1679 3596 1736 Nulla

2025 1777 2111 1817 res
2145 1771 2251 1816 tam
2285 1778 2472 1818 earum
2517 1778 2640 1834 qua;
2675 1764 3069 1833 adspectabiles
3101 1777 3231 1822 sunt
3253 1810 3268 1835 ,
3307 1787 3470 1841 quam
3503 1788 3599 1829 ea-

336 1852 434 1921 μὲθ
468 1851 577 1905 ἀπὺ
613 1853 712 1923 τῆς
744 1853 1081 1926 δηλωθείσης
1105 1855 1312 1920 πόλεως
1332 1859 1452 1920 ταῖς
1472 1857 1886 1928 καταλεχθείσαι

2023 1871 2138 1908 rum
2165 1870 2285 1924 quae
2331 1858 2434 1910 sub
2463 1856 2654 1912 oculos
2703 1873 2810 1912 non
2841 1858 3042 1913 cadunt
3067 1901 3082 1926 ,
3117 1855 3384 1916 animum'
3413 1879 3592 1919 meum

327 1941 683 2015 Ἐκκλησίαις
704 1945 1092 2000 διετυπώσατο.
1122 1947 1260 2019 Ἤδη
1287 1948 1332 2000 δ’
1352 1949 1607 2002 ἐπέκεινα
1625 1951 1722 2020 τῆς
1746 1950 1917 2021 Σμύρ-

325 2053 429 2106 νῃς
461 2038 771 2108 γενόμενος,
808 2038 918 2091 ἀπὸ
953 2038 1204 2111 Τρωάδος
1238 2041 1351 2102 τοῖς
1381 2056 1441 2091 τε
1478 2040 1534 2092 έν
1564 2039 1914 2113 Φιλαδελφείᾳ

326 2125 487 2192 αὖθις
517 2130 604 2182 διὰ
644 2132 858 2202 γραφῆς
879 2129 1073 2201 ὁμιλεῖ,
1107 2131 1201 2184 καὶ
1233 2133 1298 2201 τῇ
1336 2131 1654 2202 Σμυρναίων
1687 2133 1913 2204 Ἐκκλη-

326 2223 439 2294 σία,
470 2223 614 2286 ἰδίως
630 2240 688 2276 τε
713 2222 790 2293 τῷ
809 2222 1012 2293 ταύτης
1041 2223 1436 2293 προηγουμένῳ
1465 2223 1826 2295 Πολυκάρπῳ·
1853 2225 1910 2278 ὃν

323 2306 414 2364 οἷα
437 2312 498 2382 δὴ
529 2313 883 2366 ἀποστολικὸν
904 2313 1074 2384 ἄνδρα
1095 2308 1152 2366 εῦ
1187 2313 1328 2383 μάλα
1351 2314 1646 2385 γνωρίζων,
1670 2314 1768 2386 τὴν
1789 2315 1909 2368 κατ’

338 2405 671 2477 Ἀντιόχειαν
695 2406 842 2477 αύτῷ
867 2405 1122 2477 ποίμνην,
1153 2405 1298 2459 ὡσὰν
1325 2407 1547 2478 γνήσιος
1591 2408 1684 2460 καὶ
1707 2409 1908 2477 ἀγαθὸς

326 2497 532 2566 ποιμὴν
591 2497 968 2567 παρατίθεται,
1017 2495 1113 2568 τὴν
1161 2498 1286 2569 περὶ
1321 2499 1487 2568 αὐτῆς
1529 2501 1782 2570 φροντίδα
1819 2501 1906 2555 διὰ

326 2588 562 2657 σπουδῆς
583 2588 724 2660 ἔχειν
745 2589 904 2641 αὐτὸν
922 2587 1104 2654 ἀξιῶνο
1137 2589 1192 2640 ’θ
1209 2589 1250 2640 δ’
1267 2589 1428 2651 αὐτὸς
1444 2590 1763 2662 Σμυρναίοις
1781 2594 1908 2662 Υρά’

324 2696 460 2745 φων,
489 2679 588 2732 οὐκ
605 2675 700 2732 οἶδ’
726 2679 918 2733 ὁπόθεν
941 2682 1121 2750 ῥητοῖς
1144 2679 1252 2749 (69)
1275 2680 1662 2752 συγκέχρηται,
1683 2682 1905 2737 τοιαῦτὰ

325 2786 444 2823 τινα
487 2771 616 2842 περὶ
649 2771 742 2825 τοῦ
770 2772 1004 2842 Χριστοῦ
1037 2771 1246 2838 διεξιών
1267 2789 1280 2802 ο
1323 2792 1341 2822 ι
1385 2771 1524 2840 Ἐγὼ
1555 2773 1612 2827 δὲ
1641 2776 1733 2827 καὶ
1767 2775 1903 2845 μετὰ

321 2860 421 2930 τὴν
456 2859 747 2913 ἀνάστασιν
775 2859 885 2931 (70)
916 2861 973 2914 ὲν
1016 2861 1180 2932 σαρκ)⁵
1207 2861 1366 2914 αὐτὸν
1391 2856 1524 2926 οἶδα,
1553 2863 1646 2917 καὶ
1666 2865 1902 2918 πιστεύω

393 3079 507 3140 (66)
546 3079 788 3146 Χείρους
820 3079 1144 3148 γίγνονται.
1175 3077 1231 3131 1η
1261 3077 1448 3132 codice
1484 3077 1648 3141 Maz.,
1677 3078 1817 3135 Med.
1845 3089 1899 3136 et

319 3149 618 3220 Fukctiauo
648 3151 842 3220 legitur
869 3149 1111 3220 χείρονες
1136 3148 1594 3220 γίνονται.γΙίιυΙο
1627 3159 1745 3218 post
1776 3151 1892 3220 lego

317 3237 442 3294 cum
474 3219 658 3294 Isaaco
696 3218 1065 3294 Vossiogi'ita‘t
1092 3218 1586 3294 εὔχομαι-σύντονᾴ
1624 3218 1892 3294 μοιλεὺρῖε-

316 3289 500 3361 θῆναι.
530 3289 700 3356 Quam
743 3291 1172 3361 emetulationem
1221 3291 1507 3344 confirmat
1555 3289 1733 3344 llulini
1771 3289 1890 3345 ver-

316 3359 419 3415 sio.
464 3361 557 3414 Sic
590 3363 732 3413 enim
768 3363 926 3413 vertit
960 3377 973 3412 :
1004 3359 1148 3424 Quas
1175 3372 1222 3414 et
1253 3376 1346 3429 ego
1377 3369 1497 3427 opto
1529 3361 1757 3429 acriores
1789 3380 1885 3426 pa-

314 3432 451 3501 rari.
493 3430 728 3484 Σύντονα
779 3431 941 3495 igitur
992 3430 1122 3501 legit
1170 3428 1568 3501 llutinus,_nou
1619 3428 1882 3501 σύντομα.

313 3500 462 3554 ldcm
492 3516 648 3554 error
675 3517 702 3554 a
738 3501 894 3556 nobis
928 3497 1226 3570 castigatus
1250 3509 1330 3554 est
1365 3499 1501 3552 iul'ra
1545 3500 1596 3552 in
1635 3497 1881 3570 libro‘vt,

315 3571 406 3625 ubi
441 3573 508 3625 de
543 3571 799 3641 martyrio
827 3567 1141 3641 Apolloniai.
1172 3567 1285 3625 lllic
1317 3570 1459 3624 enim
1491 3569 1767 3641 συντόμως
1791 3588 1884 3626 ex-

313 3657 502 3695 cusmu
527 3652 642 3694 erat
678 3640 771 3706 pro
804 3640 1089 3703 συντόνως.

387 3713 499 3780 (67)
537 3709 740 3778 Μηδέν
757 3727 834 3780 με
868 3709 1145 3777 ζὴλῶσαι.
1187 3708 1330 3763 Ante
1358 3709 1456 3763 has
1489 3723 1648 3763 voces
1679 3709 1731 3763 in
1764 3726 1882 3764 om-

313 3779 486 3835 nibus
524 3781 721 3835 nostris
751 3779 1030 3835 codicibus
1073 3779 1315 3848 apposita
1348 3787 1428 3832 est
1463 3780 1635 3832 media
1686 3781 1879 3835 distiu-

310 3853 444 3914 ctio,
475 3868 580 3906 non
607 3861 782 3905 autem
815 3849 1014 3905 linalis.
1043 3849 1268 3903 Ruliuus
1313 3859 1491 3900 tamen
1523 3859 1575 3902 et
1604 3848 1878 3906 Musculus

311 3937 379 3976 ac
424 3923 949 3990 Christophorsonus
995 3930 1120 3974 ante
1158 3921 1270 3973 luec
1320 3919 1749 3990 verba_linalem
1790 3921 1869 3974 di-

308 3987 658 4046 stinctionem
704 3993 953 4044 videntur
1002 3991 1268 4056 posuisse.
1321 3987 1454 4040 Nam
1498 3987 1720 4042 Rulinus
1750 3993 1873 4058 qui-

308 4063 431 4116 dem
465 4064 533 4115 ita
566 4063 760 4115 vertit:
792 4059 948 4113 Nunc
975 4061 1170 4124 incipio
1197 4075 1306 4112 esse
1341 4057 1631 4125 discipulus
1659 4057 1871 4115 Christi.

308 4129 563 4184 Facessat
609 4133 809 4186 invidia
838 4132 913 4184 vel
959 4131 1174 4182 humani
1217 4130 1456 4196 affectus,
1502 4129 1578 4198 vel
1627 4130 1873 4198 nequitia:

305 4203 586 4269 spiritalis,
621 4212 675 4255 ut
714 4201 896 4254 Jesum
929 4200 1195 4269 Christum
1229 4215 1432 4251 merear
1466 4197 1710 4269 adipisci.
1759 4199 1874 4269 Mu-

304 4268 490 4326 sculus
521 4287 647 4326 vero
675 4275 745 4324 ita
773 4271 935 4324 vertit
962 4288 974 4322 :
1006 4268 1162 4322 Nunc
1193 4269 1382 4334 incipio
1409 4283 1518 4320 esse
1556 4268 1867 4336 discipulus.

307 4341 460 4394 Nihil
500 4343 777 4395 visibilium
811 4357 1005 4400 ntoror,
1035 4338 1165 4392 nihil
1197 4338 1557 4397 invisibilium,
1593 4347 1650 4390 ut
1685 4339 1868 4392 Jesum

304 4411 572 4464 Christum
623 4410 920 4481 acquiram.’
960 4414 1028 4463 At
1085 4409 1556 4481 Christupltorsoni
1600 4409 1868 4481 interpre-

304 4484 440 4535 tatio
476 4484 590 4536 haec
629 4477 710 4535 est
735 4499 748 4534 :
777 4481 898 4534 Jam
938 4480 1133 4546 incipio
1173 4477 1368 4530 Christi
1407 4478 1695 4544 discipulus
1730 4496 1859 4537 esse.

2018 1945 2219 2014 capiat,
2256 1955 2316 2000 ut
2337 1945 2466 2001 Jesu
2508 1946 2728 2003 Christo
2769 1948 2972 2016 possim
3013 1939 3200 2020 potiri.
3233 1950 3397 2022 lguis,
3435 1969 3591 2021 crus,

2019 2037 2317 2092 bestiarum
2368 2040 2602 2110 impetus
2628 2080 2644 2105 ,
2675 2041 2880 2096 ossium
2913 2043 3195 2098 distractio
3223 2086 3240 2109 ,
3288 2048 3590 2106 confractio

2017 2129 2382 2184 membrorum
2411 2169 2429 2194 ,
2479 2145 2542 2185 ac
2577 2131 2745 2186 totius
2785 2134 3031 2202 corporis
3061 2136 3312 2192 conlusio
3337 2178 3352 2203 ,
3390 2140 3588 2197 diaboli

2014 2220 2246 2288 denique
2278 2221 2539 2290 supplicia
2562 2222 2613 2275 in
2646 2237 2730 2276 me
2757 2231 2920 2276 unum
2959 2223 3264 2292 incursent,
3295 2227 3589 2286 dummodo

2011 2311 2226 2366 Christo
2273 2312 2379 2365 frui
2426 2312 2556 2366 mihi
2589 2313 2772 2366 liceat.
2820 2332 2839 2365 ›
2880 2314 2947 2368 Ει
2977 2315 3090 2370 lucc
3135 2317 3356 2386 quidem
3402 2321 3491 2376 ille
3519 2337 3586 2377 ex

2009 2401 2135 2455 Asia
2171 2399 2236 2454 ad
2283 2400 2557 2456 Ecclesias
2598 2403 2850 2472 superius
2885 2417 3212 2462 memoratas
3245 2412 3583 2482 perscripsit.

2008 2491 2201 2547 Postea
2250 2507 2381 2547 vero
2426 2508 2457 2547 a
2496 2492 2728 2565 Smyrna
2779 2495 3014 2551 ulterius
3059 2513 3380 2569 progressus
3411 2543 3426 2567 ,
3459 2521 3582 2560 cum

2008 2585 2274 2639 Troadem
2305 2585 2566 2651 venisset,
2607 2587 2734 2642 inde
2763 2587 2829 2642 ad
2869 2587 3346 2659 Philadelphenses
3375 2594 3583 2654 litteras

2005 2675 2192 2740 dedit,
2219 2685 2274 2728 et
2311 2677 2377 2729 ad
2409 2676 2816 2746 Smyrnzeorum
2848 2676 3145 2732 Ecclesiam
3173 2719 3189 2745 ,
3219 2681 3581 2756 privatimque

2005 2768 2070 2822 ad
2099 2766 2455 2837 Polycarpum
2484 2783 2674 2822 eorum
2711 2769 3046 2838 episcopum.
3081 2770 3248 2838 Quem
3295 2777 3429 2829 cun!
3449 2793 3580 2846 apo-

2002 2856 2253 2914 stolicum
2275 2858 2447 2912 virum
2467 2872 2586 2913 esse
2615 2857 2771 2929 plane
2793 2871 3167 2930 cognosceret,
3193 2863 3293 2933 ipsi
3323 2876 3575 2937 tauquam

1999 3089 2082 3136 est
2128 3096 2190 3134 ac
2237 3082 2279 3135 si
2332 3081 2554 3135 dixisset
2605 3081 2888 3150 lgnatius:
2927 3081 3100 3136 Nemo
3153 3083 3285 3138 mihi
3334 3085 3574 3143 invideat

2001 3151 2402 3226 banegloriam
2437 3151 2689 3226 discipuli
2722 3150 2973 3226 Christi,
3019 3166 3178 3226 nemo
3227 3169 3312 3226 me
3343 3157 3410 3210 ah
3456 3157 3571 3226 ejus

1993 3222 2277 3290 complexu
2309 3220 2545 3275 divellat.
2578 3221 2778 3276 Alludit
2809 3224 2955 3276 enim
2999 3221 3376 3279 sanctissimus
3426 3220 3571 3279 mar-

1993 3303 2100 3360 tyr.
2139 3302 2194 3344 ut
2225 3300 2278 3344 et
2309 3291 2433 3343 alibi
2469 3291 2622 3352 solet,
2654 3293 2719 3344 ad
2759 3294 2923 3344 verba
2969 3291 3056 3344 illa
3091 3295 3319 3359 apostoli
3365 3295 3513 3350 Pauli
3545 3312 3560 3350 :

1921 3359 1926 3368 ’
1990 3363 2123 3427 Quis
2163 3378 2242 3433 me
2273 3362 2544 3433 (separabit
2584 3363 2906 3433 acharitale
2947 3361 3187 3433 Christi?
3227 3363 3282 3418 Si
3320 3367 3442 3433 quis
3487 3376 3567 3420 ta-

1990 3448 2113 3505 men
2158 3431 2634 3505 Cltristopliorsoni
2686 3447 2749 3485 ac
2780 3430 3006 3505 Musculi
3055 3430 3359 3505 versionem
3409 3437 3564 3505 sequi

1987 3503 2156 3564 malit,
2181 3501 2326 3570 quod
2367 3501 2583 3570 quidem
2617 3511 2800 3570 etgnos
2831 3501 3080 3566 iecimus,
3132 3501 3561 3560 subaudiendum

1984 3582 2066 3625 est
2093 3568 2312 3624 verbum
2350 3569 2659 3640 συμϐαίνοι.
2687 3568 2877 3640 Posset
2898 3571 3060 3623 etiam
3090 3587 3193 3624 non
3227 3575 3564 3630 incommode

1985 3640 2133 3713 locus
2163 3641 2250 3693 hic
2279 3641 2355 3713 ita
2387 3639 2631 3713 restitui:
2658 3639 2772 3713 Νῦν
2815 3641 3052 3713 ᾄρχομαι
3097 3641 3346 3713 μαθητὴς
3382 3640 3560 3712 εἶναι,

1985 3710 2146 3781 μηδέν
2187 3727 2245 3782 τε
2273 3709 2513 3782 ζηλῶσαι
2540 3711 2646 3782 τῷν
2676 3709 2886 3779 ὁρατῶν
2913 3709 3006 3763 και
3027 3709 3453 3782 ἀοράτων.’ριιω
3481 3709 3560 3772 le;

1983 3780 2092 3833 uti:
2121 3781 2249 3833 mihi
2279 3780 2495 3846 quidem
2527 3780 2681 3833 valde
2722 3782 2919 3848 placet.

2049 3850 2162 3919 (68)
2214 3849 2504 3918 Ἅλεσμοι.
2546 3849 2804 3918 ’Λλησμοί
2846 3866 2909 3904 ex
2953 3851 3138 3905 codice
3188 3853 3358 3920 Regio
3390 3854 3557 3908 edidit

1982 3918 2307 3984 Stephanus.
2339 3921 2443 3972 Sed
2473 3921 2523 3972 in
2553 3921 2724 3972 tribus
2752 3920 2973 3988 reliquis
3003 3923 3262 3989 scriptum
3276 3918 3377 3978 est
3431 3923 3555 3977 ἀλε-

1982 3989 2128 4058 σμοί,
2151 3991 2296 4058 quml
2327 3989 2698 4058 estgusitatius.

2047 4054 2327 4128 (bin—0i»:
2363 4054 2483 4128 οἷδ’
2513 4059 2732 4111 ὁπόθεν
2779 4056 3005 4126 ῥητοῖς.
3059 4057 3184 4114 Πωο
3227 4061 3291 4116 de
3336 4062 3554 4119 Christo

1979 4127 2219 4202 narratio
2248 4127 2551 4202 belguatii
2595 4129 3078 4202 desumptacstex
3129 4132 3420 4202 Evangelio
3464 4150 3552 4188 se-

1975 4201 2208 4252 cundum
2247 4197 2518 4261 llebrieos,
2566 4197 2730 4266 quod,
2757 4203 2824 4252 ab
2859 4199 3094 4252 Eusebio
3140 4197 3399 4256 utuisEum
3455 4213 3550 4258 aut

1975 4270 2298 4336 ignoratum,
2327 4269 2508 4322 docuit
2542 4284 2639 4321 nos
2670 4267 3026 4338 Hieronymus
3053 4271 3102 4322 in
3144 4270 3281 4324 libro
3314 4270 3388 4325 De
3419 4274 3548 4326 scri-

1970 4339 2207 4407 ptoribus
2254 4339 2657 4409 _ecclesiaslicis,
2691 4339 2777 4391 ubi
2830 4338 2895 4391 de
2928 4339 3133 4409 lgnatio
3179 4341 3417 4409 loquitur
3461 4343 3550 4397 bis

1973 4406 2196 4462 verbis:
2244 4406 2388 4479 Inde
2427 4410 2695 4477 egrediens
2755 4406 2973 4472 scripsit
3013 4408 3082 4460 ad
3146 4406 3449 4479 Smyrnam:
3496 4423 3545 4466 et

1969 4479 2180 4546 proprie
2239 4480 2308 4530 ad
2362 4478 2742 4547 Polycarpunt,
2802 4480 3170 4533 commendans
3220 4478 3300 4532 illi
3355 4482 3542 4534 Antio-

300 4549 559 4604 Fucessat
595 4570 626 4605 a
655 4569 734 4604 me
773 4566 946 4604 rerum
989 4541 1218 4619 omnium
1248 4549 1356 4600 sire
1390 4541 1554 4600 oculis
1599 4549 1863 4618 subjecla—
1895 4541 1938 4595 D
1968 4541 2203 4602 cliensem
2255 4541 2671 4619 Ecclesiamflu
2731 4563 2834 4617 qua
2871 4560 2918 4599 et
2963 4551 3028 4600 de
3081 4549 3364 4619 Evungelio
3403 4553 3542 4616 quod

302 4637 451 4684 rum,
499 4623 605 4674 sive
645 4637 828 4675 eorum
873 4620 1036 4672 aciem
1085 4618 1398 4685 fugientium
1447 4619 1750 4682 admiratio,
1806 4631 1859 4673 ut

299 4685 484 4744 Iesum
511 4690 776 4744 Christum
815 4704 1082 4758 assequar.
1104 4687 1208 4741 Sed
1237 4698 1389 4741 vetus
1416 4689 1680 4756 interpres
1709 4687 1862 4758 lgna-

301 4763 384 4824 tii,
411 4773 466 4815 et
496 4759 731 4815 Joannes
760 4760 972 4828 Langus
1003 4760 1232 4812 mediam
1261 4760 1520 4828 duntaxat
1554 4758 1862 4812 dlSllllCtlU'

299 4847 420 4885 nem
474 4841 598 4884 ante
650 4829 765 4884 haic
815 4826 975 4898 verba
1038 4839 1350 4898 posuerunt.
1405 4826 1572 4896 Langi
1641 4829 1857 4895 quidem

297 4904 474 4956 versio
507 4903 621 4956 hac
650 4912 734 4954 est
762 4923 774 4955 :
809 4897 968 4952 Nunc
991 4897 1197 4950 demum
1233 4898 1432 4950 discere
1469 4897 1658 4965 incipio
1683 4913 1702 4950 :
1731 4900 1858 4952 nihil

297 4981 480 5040 aptare
508 4981 602 5023 aut
641 4971 941 5040 desiderare
966 4969 1402 5040 rerumomnium
1442 4976 1490 5020 et
1521 4967 1857 5040 invisibilium

295 5036 342 5093 ei
383 5042 686 5105 visibilium,
721 5051 775 5094 ut
807 5041 874 5092 ad
907 5037 1092 5092 Jesum
1131 5037 1400 5091 Christum
1440 5036 1664 5090 veniam.
1699 5038 1856 5104 Qua:-

296 5127 418 5164 nam
458 5128 617 5180 porro
663 5112 850 5163 harum
884 5109 1394 5180 interpretatiouum
1439 5107 1642 5180 optima
1684 5109 1753 5161 sit
1791 5124 1854 5162 ac

293 5177 598 5248 verissima,
629 5180 842 5234 diliicile
875 5189 957 5233 est
988 5177 1275 5240 atlirmare,
1308 5177 1604 5245 praisertim
1637 5191 1760 5248 cum
1789 5180 1856 5232 de

294 5265 417 5305 vera
459 5245 620 5321 hujus
665 5251 764 5304 loci
811 5250 1040 5304 lectione
1082 5264 1186 5321 non
1212 5247 1364 5321 _s_atis
1393 5257 1618 5321 constet.
1654 5245 1854 5303 Omnes

293 5324 509 5389 quidem
530 5317 854 5390 interpretes
894 5321 1113 5372 verbum
1143 5317 1382 5390 ζηλῶσαι
1405 5318 1474 5369 ita
1504 5328 1851 5390 acceperunt,

292 5388 450 5460 quasi
481 5395 533 5446 in
568 5388 829 5444 iulitiitivo
866 5391 1097 5460 positum
1134 5388 1296 5442 esset.
1325 5388 1485 5441 Certe
1513 5389 1566 5440 iu
1600 5389 1853 5460 omnibus

291 5458 570 5517 codicibus
623 5462 822 5515 nostris
854 5458 1314 5522 circumﬂectitur,
1359 5469 1719 5526 praeterquam
1795 5458 1848 5511 in

291 5532 563 5587 Mazarino
590 5534 680 5601 qui
713 5541 992 5586 accentum
1031 5529 1238 5601 omisit.
1259 5529 1333 5601 _At
1367 5526 1594 5601 Ruﬁnus
1618 5528 1847 5601 verbum

289 5597 762 5675 (nnbaataccepit
804 5599 1363 5675 prouaqristorprimo
1407 5597 1630 5675 optativi
1680 5599 1846 5664 modi,

290 5669 429 5728 tit'ex
449 5675 565 5742 ejus
581 5669 832 5726 verSione
851 5670 1148 5742 colligitur.
1162 5669 1333 5742 Quam
1353 5669 1848 5742 quidemiuterpre-

289 5738 546 5799 tationem
594 5742 817 5806 reliquis
855 5739 1243 5810 prmlerendan‘.
1279 5739 1445 5802 duco,
1487 5738 1696 5810 quippe,
1728 5753 1848 5810 qua:

291 5817 464 5871 verbis
509 5815 653 5870 beati
687 5807 877 5879 lguatii
920 5811 1096 5880 aptius
1143 5811 1447 5865 conveniat.
1491 5807 1636 5864 Idem
1684 5808 1846 5878 igitur

1965 4635 2132 4685 nuper
2177 4636 2208 4670 a
2256 4627 2337 4671 nte
2393 4618 2705 4671 translatum
2758 4627 2868 4677 est,
2912 4621 3006 4669 sub
3064 4618 3284 4685 persona
3347 4621 3542 4674 Chriin

1961 4699 2108 4755 ponit
2146 4689 2537 4752 testimonium,
2585 4689 2758 4739 dicens
2794 4701 2813 4738 .°
2850 4705 2866 4735 ι
2907 4686 3016 4756 Ego
3054 4704 3169 4740 tero
3215 4701 3260 4742 et
3301 4700 3415 4756 post
3461 4707 3544 4743 re-

1962 4759 2338 4810 surrectionem
2371 4759 2424 4809 in
2468 4773 2624 4827 carne
2659 4772 2777 4809 eum
2806 4757 2944 4817 ridi,
2982 4769 3027 4809 et
3069 4759 3224 4810 credo
3271 4762 3395 4827 quia
3447 4764 3536 4817 sit.

1962 4827 2031 4880 Et
2061 4830 2270 4897 quando
2297 4828 2435 4880 venit
2463 4827 2530 4879 ad
2559 4825 2797 4897 Petrum,
2820 4837 2866 4878 et
2896 4829 2963 4878 ad
2993 4842 3079 4880 cos
3111 4830 3199 4892 qui
3225 4825 3342 4880 cum
3381 4827 3537 4883 Petro

1959 4896 2129 4964 erant,
2171 4899 2303 4949 dixit
2343 4899 2461 4968 eis;
2495 4897 2628 4968 Ecce
2663 4896 2889 4968 palpate
2911 4912 2989 4948 me
3023 4908 3068 4948 et
3103 4899 3272 4968 uidete
3300 4915 3378 4951 me
3410 4904 3536 4968 quia

1961 4982 2064 5019 non
2094 4983 2209 5021 sum
2236 4966 2554 5019 dwmonium
2589 4965 2942 5032 incorporale,
2967 4984 2986 5016 ι
3019 4978 3122 5020 etc.
3161 4967 3301 5021 Idem
3346 4965 3538 5021 scribit

1960 5036 2012 5089 in
2047 5037 2140 5093 lib.
2166 5052 2295 5090 xvm
2326 5034 2855 5104 (Commentariorum
2895 5038 2945 5086 iu
2991 5036 3212 5089 Isaiam.
3261 5036 3392 5091 Vide
3436 5038 3535 5092 Us-

1959 5109 2160 5176 serium
2191 5108 2243 5159 iu
2291 5105 2732 5176 adnotationibus
2765 5107 2832 5157 ad
2863 5105 3118 5171 epistolas
3152 5106 3368 5176 lguatii,
3398 5123 3522 5176 pag.

1955 5175 2046 5238 48,
2078 5187 2131 5230 et
2163 5176 2380 5230 Petrum
2411 5173 2736 5228 llalloixium
2765 5177 2816 5229 in
2845 5177 3219 5230 natationibus
3246 5177 3316 5231 ad
3357 5173 3529 5230 Viam

1957 5245 2178 5314 lgnatii,
2212 5261 2329 5314 cap.
2364 5245 2416 5307 l,
2445 5261 2567 5312 pag.
2594 5243 2718 5298 585.
2813 5313 2817 5314 ν
3010 5311 3027 5314 _
3178 5274 3182 5279 ·
3329 5267 3332 5270 ’

2027 5317 2138 5385 (7U)
2189 5311 2328 5385 Ἐγῷ
2351 5314 2420 5367 δὲ
2442 5311 2539 5368 καί
2567 5314 2718 5383 μετὰ
2763 5313 2878 5382 τὴν
2923 5311 3286 5369 ὰνᾶστασιν.
3335 5317 3388 5369 ln
3435 5331 3529 5369 eoo

1956 5384 2073 5440 dice
2103 5384 2358 5439 Medi'caiw
2387 5389 2488 5439 hoc
2527 5386 2770 5438 scbolion
2801 5388 2866 5437 ad
2904 5389 3199 5454 marginem
3236 5390 3528 5452 ascriptum

1955 5458 2131 5510 inveni
2160 5474 2174 5508 :
2211 5457 2350 5527 Ὅρα
2373 5455 2464 5508 τὸν
2489 5456 2658 5526 ἄνδρα
2679 5455 2868 5508 τοῦτον
2895 5455 2977 5527 ,μὴ
3016 5456 3112 5526 τὴν
3146 5456 3309 5527 δρθὴν
3347 5455 3526 5527 δόξαν,

1951 5527 2044 5578 καὶ
2066 5527 2192 5596 περ).
2218 5523 2318 5596 τῆς
2337 5528 2402 5578 ὲκ
2423 5523 2634 5595 νεκρῶν
2670 5527 2808 5594 μετὰ
2842 5523 3094 5596 σώματος
3120 5523 3526 5596 εἶναι’κρείττο-

1951 5613 2039 5659 νος
2095 5598 2189 5649 καὶ
2241 5596 2517 5666 ἀφθάρτου
2569 5597 2949 5661 ἀναστάσεως,
2999 5596 3208 5665 ἔχοντα,
3270 5598 3373 5648 κὰν
3415 5598 3528 5657 τοῖς

1949 5667 2128 5729 ἄλλοις
2166 5668 2312 5719 ἐστὶν
2360 5667 2708 5735 ἁξιάγαστος.
2757 5667 2811 5720 ld
2859 5678 2985 5720 est:
3033 5669 3154 5720 i'ide
3188 5676 3238 5718 ut
3287 5682 3365 5719 vir
3408 5667 3522 5725 isxe,

1950 5738 2147 5805 alioqui
2173 5740 2523 5790 admiratione
2551 5739 2764 5803 dignus,
2788 5753 2889 5790 non
2914 5749 3048 5789 recte
3066 5744 3219 5788 sentit
3255 5737 3318 5788 de
3349 5751 3517 5789 resur-

1951 5810 2177 5862 rcctioue
2207 5819 2551 5862 mortuorum.
2584 5806 2651 5861 In
2689 5822 2793 5872 qua
2828 5823 3016 5877 corpus
3044 5806 3207 5860 multo
3239 5805 3520 5876 perfectus
