4140 6430
565 385 665 443 291

1270 381 1541 440 EUSEBII
1576 379 2053 439 CIESABIENSlS
2089 380 2242 438 OPP.
2284 380 2468 438 PARS
2506 383 2548 442 Ι.
2588 414 2657 426 -
2694 383 3089 443 HISTORICA.

3726 390 3842 445 292

564 508 740 563 bonus
764 520 825 559 ac
870 503 1044 559 ﬁdelis
1075 512 1285 573 pastor.
1319 519 1535 574 gregem
1570 503 1927 558 Antiochenm
1959 500 2132 558 Eccle-

2244 501 2391 557 ὄντα.
2423 504 2535 559 Καὶ
2574 504 2664 559 ὅτε
2703 506 2841 579 πρὸς
2863 507 2991 571 τοὺς
3030 506 3158 578 περὶ
3179 505 3384 579 Πέτρον
3417 505 3695 579 ἐλήλυθεν,
3728 508 3839 581 ἔφη

566 599 658 653 size
690 598 1094 652 commendavit
1128 614 1142 651 :
1173 611 1364 663 rogans
1396 604 1452 650 ut
1480 596 1626 648 omni
1654 609 1783 649 cura
1820 609 1885 647 ac
1917 593 2141 663 diligen-

568 689 640 742 tia
687 686 837 742 illum
869 687 1050 742 fovere
1084 687 1265 742 vellet.
1313 686 1456 741 Idem
1496 686 1550 739 in
1585 685 1811 755 epistola
1845 686 1912 739 ad
1948 684 2142 757 Smyr—

563 792 710 832 nzeos
746 778 812 832 de
843 778 1138 832 Serv'atore
1184 786 1375 829 nostro
1404 774 1565 844 108
1595 773 1822 842 loquens
1851 813 1865 836 ,
1893 773 2141 842 quaedam

560 869 678 935 ejus
711 871 875 922 verba
911 869 1124 932 recitat,
1143 882 1262 935 qua:
1286 867 1425 921 unde
1450 866 1720 936 acceperit
1744 866 1956 935 ignoro.
1980 883 2000 916 ι
2029 864 2143 934 Ego

563 975 713 1023 vero,
746 960 939 1029 inquit,
989 969 1111 1029 post
1142 958 1602 1013 resurrectionem
1649 957 1934 1012 Dominum
1965 956 2139 1026 ipsum

562 1053 614 1105 in
656 1068 820 1107 carne
851 1053 1172 1120 apparuisse
1205 1050 1319 1104 scio
1350 1059 1406 1103 et
1444 1050 1629 1105 credo.
1658 1049 1906 1116 Quicum
1937 1049 2003 1102 ad
2042 1047 2141 1102 Pe-

563 1154 702 1196 trum
735 1153 789 1196 et
834 1154 1061 1197 caeteros
1093 1142 1213 1210 ejus
1243 1141 1475 1197 comites
1512 1140 1837 1196 accessisset
1860 1179 1876 1203 ,
1909 1138 2049 1193 dixit
2077 1137 2142 1192 il-

563 1237 627 1290 lis
659 1258 669 1291 :
700 1236 1130 1306 Apprehendite,
1165 1243 1503 1291 contrectate
1540 1249 1645 1298 me,
1683 1243 1734 1288 et
1767 1232 1968 1298 videte,
1993 1233 2140 1302 quod

560 1343 663 1381 non
741 1344 859 1381 sum
928 1329 1284 1397 incorporeus
1354 1326 1592 1396 spiritus.
1647 1324 1953 1394 Statimque
2015 1339 2139 1378 eum

558 1428 979 1482 contreetautes,
1030 1418 1404 1472 crediderunt.
1446 1436 1464 1469 ι
1516 1415 1689 1486 llujus
1732 1430 1897 1484 porro
1943 1413 2139 1484 lgnatii

558 1521 607 1565 et
648 1510 969 1580 martyrium
994 1518 1045 1563 et
1078 1509 1336 1578 epistolas
1364 1517 1760 1565 commemorat
1794 1506 2027 1561 Irenzeus
2056 1504 2140 1561 his

559 1602 738 1656 verbis
770 1618 783 1655 :
822 1618 840 1651 ι
882 1599 1350 1667 Quemadmodum
1384 1601 1593 1655 dixisse
1627 1599 1805 1655 fertur
1850 1598 2070 1668 quidam
2108 1613 2140 1653 e

558 1695 755 1748 nostris
783 1694 852 1749 ob
885 1694 1085 1749 Christi
1120 1693 1279 1748 [idem
1310 1694 1601 1748 damnatus
1629 1693 1694 1747 ad
1728 1692 1966 1747 bestias:
1996 1690 2139 1744 Fru-

558 1795 798 1841 mentum
842 1799 941 1853 ego
973 1800 1091 1839 sum
1142 1785 1277 1850 Dei,
1305 1794 1360 1837 et
1404 1784 1643 1838 ferarum
1682 1784 1933 1837 dentibus
1968 1782 2139 1836 molor

556 1889 716 1949 atque
744 1878 1110 1945 commiuuor,
1144 1888 1202 1932 ut
1244 1877 1400 1947 panis
1438 1878 1672 1930 mundus
1693 1874 1916 1931 eﬂiciar.
1965 1895 1984 1927 ι
2028 1874 2133 1930 Sed
2167 1855 2208 1911 Β

555 1982 609 2026 et
639 1971 967 2041 Polycarpus
1014 1971 1065 2024 in
1115 1984 1211 2024 sua
1255 1970 1323 2022 ad
1360 1968 1722 2037 Philippeuses
1768 1966 1990 2035 epistola
2040 1982 2135 2021 ea-

556 2065 805 2118 rumdem
836 2063 1085 2117 meminit
1128 2061 1481 2130 epistularum
1523 2078 1536 2114 :
1571 2079 1589 2111 ι
1630 2059 1898 2122 Obsecro,
1938 2059 2133 2128 inquit,

554 2172 650 2211 vos
677 2170 887 2219 omnes,
919 2163 976 2207 ut
1019 2153 1256 2223 parcatis
1290 2152 1600 2224 praepositis
1628 2151 1849 2218 vestris,
1884 2164 2135 2205 omnem-

552 2264 660 2318 que
704 2247 1019 2319 patientium
1070 2246 1414 2310 exerceatis,
1466 2259 1629 2314 quam
1688 2243 1979 2313 spectaStis
2030 2258 2134 2297 non

554 2340 728 2396 solum
766 2341 818 2395 in
852 2339 1062 2410 lguatio
1091 2380 1107 2405 ,
1149 2337 1294 2393 Rufo
1343 2352 1406 2392 ac
1442 2336 1661 2392 Zosimo
1692 2336 1827 2392 viris
1877 2334 2136 2390 beatissi—

555 2433 678 2495 iuis,
715 2433 808 2487 sed
839 2431 1006 2486 etiam
1035 2431 1088 2484 iu
1124 2429 1247 2484 aliis
1276 2428 1492 2483 civibus
1532 2436 1697 2497 atque
1733 2425 2015 2497 inquilinis
2042 2440 2135 2481 ve-

552 2524 720 2591 stris;
756 2523 895 2578 etin
930 2522 1048 2593 ipso
1084 2522 1357 2592 przecipue
1402 2516 1572 2575 Paulo
1598 2559 1615 2586 ,
1647 2519 1970 2587 caeterisque
2000 2531 2130 2587 apo-

552 2613 753 2667 stolis:
786 2628 886 2683 pro
933 2622 1085 2668 certo
1131 2612 1394 2665 habentes
1426 2647 1442 2673 ,
1482 2606 1626 2676 quod
1681 2606 1736 2660 hi
1786 2619 1977 2659 omnes
2020 2616 2132 2657 non

554 2704 748 2759 frustra
776 2711 1161 2763 cucurrerunt.
1194 2700 1287 2755 sed
1334 2700 1385 2753 in
1414 2698 1598 2753 [ideae
1623 2695 1831 2763 iustitia
1869 2694 2131 2766 ingressi,

551 2797 619 2851 ad
658 2797 835 2850 locum
884 2794 986 2849 sibi
1023 2809 1052 2847 a
1088 2792 1199 2848 Deo
1245 2791 1486 2847 debitum
1536 2796 1929 2860 pervenerunt,
1962 2802 2133 2865 quan-

552 2888 848 2958 doquidem
888 2899 945 2942 et
972 2885 1287 2957 passionum
1314 2882 1433 2952 ejus
1461 2880 1758 2952 participes
1784 2880 2131 2935 exstiterant.
2180 2894 2183 2903 ν

552 2977 738 3049 Neque
759 2977 902 3032 enim
940 2990 1182 3047 przesens
1209 2972 1495 3035 steculum,
1528 2970 1623 3025 sed
1650 2986 1775 3025 eum
1803 2970 1893 3041 qui
1918 2985 2015 3041 pro
2036 2984 2134 3023 no-

552 3070 637 3124 his
672 3083 864 3138 passus
892 3079 948 3121 et
976 3080 1005 3119 a
1042 3066 1150 3120 Deo
1189 3062 1489 3119 suscitatus
1505 3071 1588 3116 est
1621 3061 1967 3115 adannarunt.
2009 3078 2032 3112 ι
2068 3059 2133 3114 Et

2243 597 2458 661 αὑτοῖς·
2497 597 2724 659 Λάὸετε,
2771 598 3132 672 ψηλαφήσατέ
3177 616 3244 671 με
3289 601 3381 654 καὶ
3416 601 3578 663 ἴδετε,
3611 601 3693 655 ὅτι
3736 604 3843 655 οὑκ

2243 689 2359 760 εἰμὶ
2399 689 2675 761 δαιμόνιον
2714 692 3030 763 ἀσώματονο
3067 693 3160 745 καὶ
3197 692 3357 757 εὑθὺς
3392 692 3556 746 αὑτοῦ
3596 694 3839 764 ἥψαντο,

2242 783 2337 835 καὶ¹
2370 782 2716 838 ἐπίστευσαν.
2750 803 2769 836 ι
2804 780 2926 837 Οἵδε
2961 784 3018 838 δὲ
3049 784 3212 838 αὑτοῦ
3244 785 3307 839 τὸ
3347 786 3644 859 μαρτύριον
3687 788 3781 841 καὶ
3813 788 3843 839 ό

2243 873 2550 945 Εἰρηναῖος,
2584 875 2679 928 καὶ
2714 875 2823 929 τῶν
2847 876 3148 930 ἐπιστολῶν
3183 876 3346 930 αὑτοῦ
3368 880 3716 949 ’μνημονεύει
3749 878 3843 931 λέ-

2242 981 2354 1033 γων
2381 965 2583 1029 οὕτως·
2626 986 2644 1018 ι
2685 969 2774 1031 Ὠς
2822 964 2942 1021 εἳπέ
2995 986 3077 1033 τις
3133 969 3244 1023 τῶν
3275 973 3559 1041 ἡμετέρων
3605 974 3695 1028 διὰ
3734 973 3841 1043 τὴν

2243 1055 2377 1125 πρὸς
2393 1054 2525 1109 Θεὸν
2545 1058 2850 1130 μαρτυρίαν
2873 1060 3219 1131 κατακριθεὶς
3237 1062 3371 1133 πρὸς
3390 1061 3574 1133 θηρία*
3610 1064 3731 1118 Ὅτι
3763 1066 3845 1115 σῖ-

2239 1146 2331 1209 τός
2365 1148 2478 1217 εἰμι
2511 1147 2668 1215 Θεοῦ,
2696 1149 2790 1203 καὶ
2829 1149 2896 1202 δι’
2927 1150 3152 1204 ὀδόντων
3175 1151 3378 1223 θηρίων
3410 1152 3697 1225 ἀλήθομαι,
3739 1156 3833 1209 ῖνα

2241 1239 2482 1310 καθαρὸς
2519 1240 2680 1311 ἄρτος
2707 1240 2935 1311 εὑρεθῶ.
2969 1262 2986 1293 s
3016 1244 3125 1296 Kai.
3161 1246 3189 1297 ὁ
3224 1243 3580 1316 Πολύκαρπος
3607 1247 3665 1300 δὲ
3700 1246 3832 1300 τού-

2238 1346 2347 1382 των
2380 1330 2557 1384 αὑτῶν
2585 1331 2852 1401 μέμνηται
2878 1335 2935 1385 ἐν
2960 1335 3025 1404 τῇ
3055 1334 3327 1405 φερομένῃ
3354 1335 3519 1388 αὑτοὺ
3544 1337 3700 1405 Πρὸς
3729 1340 3833 1391 Φι-

2240 1420 2617 1487 λιππησίους
2668 1422 2992 1491 ἐπιστολῇ,
3052 1423 3278 1491 φάσκων
3326 1426 3512 1490 αὑτοῖς
3576 1428 3827 1497 ῥήμασιο

2244 1531 2263 1565 ι
2300 1513 2605 1585 Παρακαλῶ
2632 1510 2725 1567 οὖν
2759 1514 2965 1577 πάντας
2997 1514 3142 1585 ὑμᾶς
3175 1514 3489 1587 πειθαρχεῖν
3518 1516 3611 1570 καὶ
3635 1519 3832 1572 ἀσκεῖν

2239 1608 2421 1660 πᾶσαν
2446 1606 2743 1677 ὑπομονὴν,
2775 1608 2840 1676 ἢν
2864 1607 3033 1660 εἴδετε
3066 1608 3185 1661 κατ’
3210 1606 3523 1677 ὀφθαλμοὺς
3559 1609 3619 1661 οὑ
3664 1611 3831 1680 μόνον

2239 1695 2299 1746 ὲν
2318 1697 2431 1758 τοῖς
2461 1696 2749 1767 μακαρίοις
2776 1696 3022 1767 Ἰγνατίῳ
3048 1698 3141 1749 καὶ
3181 1696 3411 1768 Ῥούφῳ,
3440 1699 3533 1752 καὶ
3566 1700 3825 1769 Ζωσιμῳ,

2240 1786 2374 1841 ἀλλά
2396 1788 2489 1841 καὶ
2523 1790 2579 1841 ὲν
2600 1788 2780 1853 ἄλλοις
2810 1793 2923 1853 τοῖς
2948 1788 3006 1854 ὲξ
3027 1790 3202 1860 ὑμῶν,
3233 1792 3327 1844 καὶ
3362 1792 3421 1844 ὲν
3447 1792 3595 1863 αὑτῷ
3625 1792 3826 1864 Παύλῳ

2237 1877 2331 1931 καὶ
2363 1880 2477 1942 τοῖς
2506 1872 2711 1939 λοιποῖς
2744 1881 3084 1945 ἀποστόλοις,
3118 1883 3516 1953 πεπεισμένους
3566 1885 3648 1937 ὅτι
3678 1882 3825 1940 οὗτοι

2238 1970 2436 2034 πάντες
2460 1970 2561 2024 οὑκ
2592 1973 2671 2034 εἰς
2710 1972 2863 2025 κενὸν
2898 1972 3150 2044 ἔδραμον,
3186 1975 3302 2027 ἀλλ’
3328 1977 3386 2028 ὲν
3420 1976 3601 2028 πίστει
3631 1979 3724 2030 καὶ
3742 1977 3826 2030 δι-

2236 2058 2519 2130 καιοσύνῃ,
2556 2060 2650 2113 καὶ
2682 2060 2764 2113 ὅτι
2804 2063 2885 2124 εἰς
2925 2062 3016 2115 τὸν
3049 2063 3396 2133 ὀφειλόμενον
3436 2065 3621 2129 αὑτοῖς
3654 2066 3823 2119 τόπον

2236 2150 2341 2202 εἰσὶ
2372 2149 2519 2221 παρά
2553 2150 2764 2222 Κυρίῳ,
2810 2145 2855 2219 ᾧ
2887 2153 2983 2206 καὶ
3015 2154 3335 2208 συνέπειθον.
3372 2156 3447 2209 Οὑ
3472 2155 3581 2227 γὰρ
3606 2157 3698 2211 τὸν
3723 2157 3825 2211 νῦν

2236 2242 2529 2312 ἠγάπησαν
2568 2243 2759 2307 αἰῶνα,
2800 2244 2937 2297 ἀλλά
2975 2246 3065 2299 τὸν
3093 2246 3233 2317 ὑπὲρ
3275 2248 3430 2317 ἡμῶν
3455 2248 3821 2315 ἀποθανόντα,

2235 2334 2328 2385 καὶ
2372 2333 2435 2386 δι’
2477 2336 2624 2405 ἡμᾶς
2674 2336 2779 2390 ὑπὸ
2812 2337 2905 2389 τοῦ
2932 2336 3065 2391 Θεοῦ
3105 2339 3432 2393 ἀναστάντα.
3480 2360 3498 2391 ι
3538 2342 3646 2395 Καὶ
3692 2340 3825 2414 ἑξῆς

2236 2423 2492 2495 ἐπιφέρει
2514 2440 2527 2453 ⁸
2571 2444 2589 2476 ι
2634 2425 2939 2497 Ἐγράψατέ
2971 2444 3059 2496 μοι
3092 2428 3185 2481 καὶ
3217 2428 3373 2499 ὑμεῖς
3405 2430 3499 2482 καὶ
3539 2430 3820 2498 Ἰγνάτιος,

2236 2516 2321 2569 ἵνα
2348 2516 2445 2570 ὲάν
2466 2534 2551 2581 τις
2574 2518 2881 2589 ἀπέρχηται
2909 2520 2989 2583 si;
3020 2520 3239 2592 Συρίαν,
3278 2522 3372 2574 καὶ
3415 2521 3485 2574 τά
3511 2522 3641 2592 παρ’
3664 2523 3822 2593 ὑμῶν

2235 2606 2546 2680 ἁποκομίσῃ
2575 2607 2895 2679 γράμματα.
2930 2609 3107 2681 Ὅπερ
3130 2612 3361 2683 ποιήσω,
3392 2613 3487 2665 ὲάν
3514 2612 3663 2665 λάϐω
3696 2631 3821 2666 και-

2238 2700 2328 2771 ρὸν
2354 2699 2590 2763 εὔθετον,
2621 2701 2730 2752 εἴτε
2766 2699 2897 2769 ἐγὼ,
2936 2702 3045 2754 εἴτε
3080 2702 3138 2755 ὃν
3168 2702 3371 2774 πέμπω
3412 2704 3823 2776 πρεσϐεύσοντα

2236 2791 2329 2844 καὶ
2356 2792 2480 2862 περὶ
2503 2791 2676 2862 ὑμῶν.
2704 2791 2814 2856 Τάς
2838 2792 3125 2856 ἐπιστολάς
3155 2794 3413 2864 Ἰγνατίου
3429 2796 3527 2861 τὰς
3545 2815 3614 2850 πε
3622 2798 3821 2869 μφθεί-

2236 2901 2335 2947 σας
2370 2885 2501 2955 ἡμῖν
2557 2884 2649 2937 ὑπ’
2702 2883 2890 2948 αὑτοῦ,
2937 2886 3033 2939 καὶ
3063 2886 3229 2951 ἄλλας
3268 2888 3400 2951 ὅσας
3428 2889 3647 2962 εἴχομεν
3688 2890 3820 2964 παρ’

2234 2977 2385 3046 ἡμῖν,
2444 2975 2768 3046 ἐπέμψαμεν
2816 2978 2945 3047 ὑμῖν
2988 2977 3171 3042 καθὼς
3215 2980 3570 3035 ὲνετείλασθε.
3606 2983 3824 3049 Αῖτινες

2236 3067 2669 3139 ὑποτεταγμέναι
2705 3069 2811 3122 εἰσὶ
2835 3071 2901 3140 τῇ
2925 3070 3179 3142 ἐπιστολῇ
3210 3071 3382 3143 ταύτῃ
3403 3089 3417 3103 ο
3453 3071 3512 3138 ἐξ
3536 3066 3609 3126 ὧν
3647 3074 3819 3146 μεγάη

554 3162 712 3231 paulo
766 3168 888 3231 post
932 3157 1133 3212 addit:
1186 3172 1205 3208 ι
1249 3153 1564 3223 Scripsistis
1614 3154 1679 3207 ad
1719 3168 1804 3207 me
1850 3160 1906 3208 et
1935 3168 2031 3207 vos
2078 3162 2132 3207 et

2234 3157 2299 3211 λα
2348 3156 2695 3229 ὠφεληθῆναι
2748 3158 3063 3231 δυνήσεσθε.
3114 3159 3433 3232 Περιέχουσι
3484 3161 3592 3235 γάρ
3637 3163 3822 3217 πίστιν

553 3254 817 3325 Ignatius,
848 3262 907 3306 ut
936 3252 980 3306 si
1018 3249 1142 3321 quis
1174 3247 1314 3303 forte
1338 3247 1391 3301 in
1426 3246 1641 3316 Syriam
1667 3244 2127 3315 proﬁcisceretur,

549 3358 767 3423 vestras
795 3347 1007 3401 litteras
1038 3360 1103 3400 eo
1126 3344 1385 3399 deferret.
1409 3340 1561 3406 Quod
1601 3340 1819 3410 quidem
1853 3338 2127 3409 perﬁciam

551 3442 596 3496 si
648 3449 860 3509 tempus
885 3446 1247 3508 opportunum
1280 3440 1471 3487 nactus
1512 3431 1706 3487 fuero:
1741 3430 1825 3486 vel
1856 3446 1958 3502 ego
1992 3432 2127 3501 ipse,

550 3531 634 3585 vel
668 3546 764 3601 per
790 3529 959 3584 alium
982 3525 1317 3596 quempiam,
1340 3525 1425 3579 cui
1456 3525 1508 3578 id
1536 3538 1729 3579 munus
1759 3532 1941 3577 vestra
1966 3539 2126 3580 causa

2235 3252 2329 3305 καὶ
2347 3251 2622 3323 ὑπομονὴν
2648 3248 2741 3305 καὶ
2770 3254 2945 3306 πᾶσαν
2961 3252 3247 3325 οἰκοδομὴν
3267 3254 3367 3326 τὴν
3392 3255 3472 3318 εἰς
3492 3256 3584 3309 τὸν
3611 3255 3823 3329 Κύριον

2235 3343 2394 3414 ἡμῶν
2433 3344 2757 3414 ἀνήκουσαν.
2792 3363 2809 3396 ι
2852 3345 2962 3398 Καὶ
2992 3344 3061 3399 τά
3102 3346 3200 3416 μὲν
3242 3347 3367 3417 περὶ
3413 3347 3504 3399 τὸν
3562 3348 3823 3417 Ἰγνάτιον

2235 3434 2479 3488 τοιαῦτα.
2528 3435 2841 3506 Διαδέχεται
2884 3435 2941 3490 δὲ
2988 3436 3105 3507 μετ’
3143 3438 3304 3491 αὑτὸν
3338 3437 3435 3511 τὴν
3488 3438 3824 3511 Ἀντιοχείας

2237 3525 2539 3596 ἐπισκοπὴν
2568 3526 2775 3597 ”Ηρως.
3254 3516 3257 3521 ί

553 3620 835 3691 delegabo.
873 3617 1143 3688 Epistolas
1177 3630 1367 3669 omnes
1398 3613 1587 3683 lgnatii
1614 3627 1750 3682 quas
1784 3612 1851 3667 ad
1887 3628 1971 3667 me
2020 3612 2268 3683 scripsit,
2296 3625 2351 3669 et
2412 3631 2763 3687 quascunque
2807 3616 3026 3673 demum
3083 3619 3226 3689 apud
3269 3633 3369 3673 nos
3421 3620 3663 3690 reperire
3723 3637 3823 3693 po-

552 3718 798 3779 luimus,
831 3712 1289 3786 quemadmodum
1335 3708 1493 3763 nobis
1540 3708 1884 3770 mandastis,
1931 3707 1998 3761 ad
2034 3723 2128 3763 vos
2184 3710 2454 3764 misimus.
2526 3710 2672 3779 Quas
2720 3714 2937 3782 quidem
2986 3713 3113 3769 huic
3170 3714 3413 3786 epistola:
3461 3716 3817 3787 subii-cimus.

550 3810 629 3865 Es
667 3808 735 3862 iis
778 3811 1031 3877 magnam
1064 3802 1355 3857 utilitatem
1394 3801 1675 3871 percipere
1723 3800 1877 3855 vobis
1922 3799 2128 3856 licebit.
2158 3799 2450 3858 Continent
2479 3806 2623 3859 enim
2684 3805 2868 3871 ﬁdem,
2928 3807 3285 3875 patientiam,
3351 3817 3407 3864 et
3449 3820 3646 3867 caetera
3693 3826 3819 3882 qua-

549 3901 955 3970 adaugendum
1003 3896 1218 3952 Domini
1267 3895 1437 3951 nostri
1489 3894 1693 3950 cultum
1721 3894 2020 3973 pertinent.
2075 3896 2302 3966 sAtque
2354 3897 2470 3953 haec
2521 3899 2741 3969 quidem
2781 3901 2849 3956 de
2900 3899 3131 3971 lgnatio.
3190 3899 3310 3969 Quo
3360 3901 3659 3971 defuncto,
3694 3905 3816 3973 epi-

549 4009 828 4071 scopatum
853 3994 1213 4051 Antiochena:
1238 3991 1492 4049 Ecclesiae
1513 3993 1753 4063 suscepit
1780 3991 1980 4047 Herus.

2738 4087 3132 4140 ΚΕΦΑΛΑΙΟΝ
3190 4090 3311 4142 ΛΖ’.

975 4090 1134 4162 109
1168 4088 1396 4146 CAPUT
1436 4088 1701 4144 XXXVII.

2230 4177 2371 4245 Περὶ
2429 4175 2549 4230 τῶν
2591 4175 2774 4252 εἰσέτι
2813 4178 2953 4252 Δτότε
2996 4176 3463 4252 ,δια-πρεπόιςτων
3512 4181 3818 4252 εὐαγγελι-

2608 4245 2770 4299 στῶν
2804 4246 2943 4318 (Nic.
2985 4246 3031 4300 Η
3093 4247 3159 4300 Ε.
3203 4264 3281 4310 III,
3317 4247 3430 4319 2i).

596 4187 677 4243 De
709 4147 1019 4257 Evangelii.
1015 4147 1457 4255 p't‘Zdicatoribus
1496 4183 1586 4254 qui
1617 4147 2070 4399 ααΙιιιρῨΨιε

1200 4253 1479 4322 ﬂorebant.
1784 4270 1795 4281 ν
1830 4258 1835 4265 ’
1962 4268 2015 4339 ’Ἃ

622 4351 820 4399 Eadem
860 4354 1184 4399 tempestate
1216 4343 1398 4399 ﬂoruit
1448 4343 1609 4398 etiam
1643 4344 1830 4399 Ouadr
1932 4359 1958 4399 ε
1984 4383 2000 4399 .
2027 4358 2070 4399 αι

1200 4253 1479 4322 ﬂorebant.
1511 4253 1514 4254 ⁷

621 4351 820 4407 Eadem
860 4354 1184 4418 tempeState
1216 4343 1398 4399 ﬂoruit
1448 4343 1609 4398 etiam
1643 4340 1958 4413 Quadi-His
1984 4383 2000 4409 ,
2027 4343 2118 4413 qui

2298 4341 2421 4396 Τῶν
2451 4341 2509 4394 δὲ
2538 4340 2677 4395 κατά
2710 4342 2931 4406 τούτους
2959 4342 3380 4415 διαλαμψόιντων
3410 4346 3503 4401 καὶ
3531 4348 3813 4421 Κοδράτος

547 4460 671 4501 cum
721 4439 955 4512 Philippi
1018 4436 1230 4492 ﬁliabus
1296 4434 1614 4505 prophetica
1661 4436 1836 4505 gratia
1896 4434 2123 4489 illustris

2234 4426 2329 4507 ἦν·
2357 4434 2417 4487 ὃν
2456 4434 2573 4505 ἆμα
2628 4436 2748 4499 ταῖς
2804 4434 3070 4489 Φιλίππου
3135 4437 3439 4511 θυγατράσι
3487 4443 3813 4516 προφητικῷ

548 4537 716 4593 fuisse
751 4539 1106 4587 memoratur.
1133 4528 1337 4584 Praeter
1357 4527 1459 4581 bos
1494 4526 1589 4581 alii
1617 4541 1835 4598 quoque
1864 4526 2111 4596 complu-

2234 4527 2519 4599 χαρίσματι
2561 4526 2717 4596 λόγος
2764 4527 2879 4600 ἔχει
2929 4529 3252 4601 διαπρέψαι.
3290 4533 3399 4586 Ka‘t
3436 4533 3586 4588 ἄλλοι
3629 4536 3674 4590 δ’
3718 4537 3813 4591 ἐπὶ

548 4642 637 4682 res
676 4626 868 4682 eodem
923 4632 1167 4692 tempore
1196 4622 1524 4693 viguerunt,
1572 4616 1715 4673 inter
1747 4618 2118 4689 apostolorum

2234 4618 2428 4682 τούτοις
2456 4618 2672 4684 πλείους
2697 4619 3053 4692 ὲγνωρίζοντο
3078 4622 3219 4676 κατὰ
3255 4623 3464 4689 τούσδε,
3505 4626 3605 4697 τὴν
3659 4625 3812 4699 πράο-

545 4731 887 4775 successores
909 4714 1207 4785 principem
1232 4713 1539 4769 obtinentes
1569 4713 1775 4767 locum.
1804 4711 1905 4779 Qui
1934 4721 2120 4781 utpote

2234 4729 2320 4784 την
2350 4712 2505 4778 τάξιν
2536 4712 2637 4783 τῆς
2668 4711 2777 4765 τῶν
2804 4712 3122 4766 ἀποστόλων
3179 4714 3465 4785 ἐπέχοντες
3525 4717 3804 4789 διαδοχῆς·

544 4810 791 4881 discipuli
832 4817 1102 4865 tantorum
1137 4807 1385 4863 virorum
1438 4806 1789 4861 admirabiles
1843 4805 2001 4874 plane
2054 4818 2120 4860 ac

2234 4805 2269 4857 >2
2303 4806 2396 4859 καὶ
2416 4804 2510 4859 ἆτε
2533 4804 2830 4876 τηλικῶνδε
2864 4804 3017 4869 ὄντες
3052 4805 3288 4876 μαθηταὶ
3320 4806 3643 4880 θεοπρεπεῖς
3669 4810 3806 4881 (71),

542 4901 734 4963 divini,
777 4898 1137 4958 Ecclesiarum
1176 4897 1527 4954 fundamenta
1551 4913 1673 4964 qua:
1704 4897 1874 4953 variis
1902 4899 1955 4953 in
1980 4897 2120 4953 locis

2234 4898 2347 4962 τοὺς
2367 4896 2508 4951 κατά
2538 4896 2715 4950 πάντα
2729 4894 2894 4949 τόπον
2926 4896 3036 4951 τῶν
3063 4896 3396 4971 Ἐκκλησιῶν
3424 4900 3809 4973 προκαταὸλη-

1835 4147 2070 4283 “te

2217 5106 2455 5175 nostrum
2502 5096 2561 5151 in
2606 5096 2701 5152 illa
2754 5102 3175 5175 resurrectionis,
3223 5104 3393 5173 gloria
3445 5105 3807 5175 impalpabile,

2216 5168 2388 5242 ventis
2423 5183 2646 5242 aereque
2693 5170 2941 5224 subtilius
2984 5189 3094 5226 esse
3148 5168 3411 5242 futurum.
3461 5168 3665 5241 Quibus
3714 5168 3805 5233 ille

2215 5236 2491 5312 auditis.“
2520 5239 2741 5312 ratione
2768 5241 2999 5312 ueritatis
3034 5256 3080 5296 et
3113 5236 3350 5312 eiemplo
3386 5236 3679 5301 Dominicw
3718 5264 3804 5302 re-

2216 5307 2559 5382 surrectionis
2602 5310 2847 5375 ostendit,
2882 5312 2978 5366 hoc
3012 5314 3202 5382 dogma
3237 5307 3549 5370 orthodoxa
3579 5318 3707 5382 ﬁdei
3747 5321 3804 5373 in

2216 5378 2459 5430 omnibus
2504 5393 2613 5432 esse
2654 5383 2999 5443 contrarium.
3039 5378 3144 5437 et'c.
3180 5385 3373 5439 Exstat
3421 5389 3535 5442 hinc

545 5112 644 5167 erit
676 5126 768 5164 nec
798 5106 1119 5173 συντυριὶοηί
1163 5104 1466 5158 obnoxium.
1511 5100 1623 5170 Ego
1668 5113 1801 5173 vero
1836 5097 1968 5173 quid
2021 5098 2110 5153 hic

546 5182 869 5239 scholiastes
917 5167 1018 5233 sibi
1070 5176 1339 5237 voluerit,
1395 5167 1618 5242 prorsus
1666 5167 1878 5242 ignoro.
1924 5167 2111 5242 Neque

546 5255 690 5306 enim
727 5253 778 5304 in
810 5250 990 5304 verbis
1033 5247 1221 5320 lgua_tii
1265 5241 1555 5320 quidqu:_uu
1587 5250 1672 5320 est
1707 5241 2111 5320 reprehenden-

545 5325 694 5377 dum.
736 5322 841 5377 Sed
872 5310 1101 5373 fortasse
1143 5310 1427 5370 Grmculus
1459 5311 1546 5365 ille
1576 5312 1667 5379 qui
1730 5311 1833 5365 hoc
1868 5310 2108 5364 scholion

613 5396 752 5448 imus
781 5391 1021 5459 scripsit,
1054 5382 1725 5459 Eutycltianaurluerestm
1773 5380 2109 5459 sectabatur.

585 5410 752 5448 I'IIINIS
781 5410 1021 5459 SCl'IpSH,
1055 5410 1441 5455 DUIyCIIIaIIaIII
1473 5410 1725 5435 ualcant-
1773 5410 2111 5457 οσυωιιιιιιιιτ

545 5410 621 5519 fit:
641 5477 747 5533 qua
770 5461 1174 5533 vetustissimus
1198 5456 1428 5533 scriptor
1444 5452 1497 5533 in
1522 5449 1899 5533 Vita-Gregorii
1929 5447 2111 5532 Magna

545 5534 616 5588 ita
638 5522 824 5588 scribit
850 5549 861 5585 :
881 5529 1120 5595 Quicum
1143 5522 1319 5579 adhuc
1331 5533 1461 5576 esset
1475 5523 1534 5595 in
1550 5522 1732 5575 eadem
1750 5522 1876 5574 urbe
1890 5522 2111 5591 positus,

544 5612 839 5657 nascentem
872 5592 941 5654 ibi
977 5613 1159 5654 novam
1190 5595 1426 5648 haeresim
1449 5592 1513 5645 de
1546 5601 1687 5645 statu
1714 5608 1909 5645 nostra:
1937 5605 2113 5644 resur-

543 5675 823 5737 rectionis,
863 5674 974 5740 ipso
1025 5685 1126 5740 quo
1163 5673 1357 5740 exorta
1402 5672 1489 5740 est_
1517 5663 1702 5740 initi-9.,
1736 5662 1984 5740 j_u_vante_
2014 5660 2112 5714 Dei

540 5744 715 5814 gratia
750 5730 1325 5814 totitoticw'ueritatis,
1366 5733 1586 5814 attriuit.
1626 5730 1893 5814 Siquidem
1936 5730 2110 5802 Euty-

542 5804 714 5877 ἱιιὲιιε,
741 5812 974 5884 ejusdem
1004 5809 1145 5865 urbis
1168 5807 1460 5878 episcopus,
1492 5804 2101 5874 dogmatizabat,corpus

3620 5389 3694 5442 ita
3747 5388 3801 5442 in

2220 5448 2609 5527 manuscripto
2649 5450 2843 5527 codice
2896 5450 3289 5527 Musciaeensi,
3340 5455 3503 5526 digna
3558 5458 3803 5527 profecto

2217 5532 2341 5598 quae
2364 5519 2515 5599 typis
2544 5520 2758 5599 edatur.
2806 5520 2897 5599 Est
2927 5523 3071 5599 enim
3092 5519 3573 5599 longe-antiquior
3600 5544 3664 5583 ac
3702 5544 3801 5599 pu-

2218 5587 2330 5642 rior
2364 5588 2452 5641 illa
2482 5603 2644 5656 quam
2674 5587 2940 5647 Henricus
2970 5587 3224 5649 Canisqu
3252 5587 3439 5654 edidit:

2288 5658 2398 5729 (7t)
2440 5660 3105 5732 Mudntaiﬂeorrpsxsic.
3155 5666 3373 5723 [tectius
3419 5669 3471 5723 in
3514 5669 3795 5725 codicibus

2217 5728 2421 5812 noStris
2467 5728 2811 5812 h'lazqnliled:
2837 5728 2892 5788 et
2919 5728 3073 5791 Fulsﬁ
3098 5745 3155 5793 et
3196 5736 3368 5793 Savil.
3400 5740 3666 5812 scriptum
3706 5750 3791 5799 est

2212 5798 2537 5871 διαπρεπεῖς
2563 5800 2822 5873 μαθηται.
