4140 6430
306 316 415 372 295

1300 311 1646 369 HISTORIA}
1683 312 2247 371 ECCLESIASTICIE
2285 312 2416 369 LIB.
2460 310 2551 368 III.

3470 315 3578 371 εθι

309 429 502 493 θέντας
539 430 647 484 ὐπὸ
677 430 782 486 τῶν
806 430 1118 485 ἀποστόλων
1161 429 1445 501 θεμελίους
1479 429 1882 501 ἐπῳκοδόμουν,

2000 429 2218 500 apostoli
2248 430 2402 497 prius
2442 428 2692 497 iecerant
2718 467 2732 492 ,
2772 427 2973 483 additis
3009 428 3258 485 aediliciis
3286 441 3579 489 exstruxe-

308 520 566 586 αὔξοντες
599 525 679 586 είς
732 522 892 576 πλέον
942 522 1003 576 τὸ
1052 524 1337 595 κήρυγμα,
1371 522 1466 575 καὶ
1530 520 1598 576 τὰ
1651 523 1895 593 σωτήρια

310 618 605 688 σπέρματα
630 614 729 684 τῆς
760 613 868 666 τῶν
897 613 1142 685 οὐρανῶν
1164 612 1441 683 βασιλείας
1474 611 1578 665 ἀνά
1604 614 1784 665 πᾶσαν
1815 615 1893 676 εἰς

308 714 515 774 πλάτος
553 706 963 778 ἐπισπείροντες
1003 705 1102 776 τὴν
1133 704 1480 775 οἰκουμένην·
1519 704 1631 757 Καὶ
1688 702 1796 774 γὰρ
1829 703 1892 773 δὴ

313 805 555 857 πλεῖστοι
581 801 687 854 τῶν
717 800 839 853 τότε
875 798 1130 869 μαθητῶν
1185 797 1525 868 σφοδροτέρῳ
1580 795 1893 864 φιλοσοφίας

312 893 479 964 ἔρωτι
502 891 639 963 πρὸς
663 889 756 944 τοῦ
789 889 933 942 θείου
970 887 1144 957 Λόγου
1175 886 1275 958 τὴν
1304 887 1481 957 ψυχὴν
1510 885 1891 957 πληττόμενοι,

310 986 413 1056 τὴν
465 986 731 1055 σωτήριον
764 980 1030 1053 πρότερον
1062 979 1415 1051 ἀπεπλήρουν
1464 978 1891 1051 παρακέλευσιν,

313 1077 520 1130 ἐνδεέσι
554 1075 809 1144 νέμοντες
833 1072 930 1135 τὰς
963 1072 1170 1134 οὐσίας.
1207 1072 1439 1124 Ἔπειτα
1471 1070 1525 1124 δὲ
1583 1070 1894 1142 ἀποδημίας

313 1168 677 1238 στελλόμενοι,
701 1166 861 1238 ἔργον
887 1163 1176 1218 ἐπετέλουν
1202 1163 1604 1233 εὐαγγελιστῶν
1622 1204 1637 1227 ,
1667 1166 1779 1226 τοῖς
1812 1163 1893 1215 ἔτι

310 1263 547 1333 πάμπαν
576 1260 828 1330 ἀνηκόοις
859 1258 951 1311 τοῦ
992 1258 1092 1328 τῆς
1123 1257 1360 1321 πίστεως
1406 1257 1565 1326 λόγου
1603 1256 1892 1328 κηρύττειν

308 1356 405 1408 τον
460 1354 693 1425 Χριστὸν
749 1351 1225 1422 φιλοτιμούμενοι,
1288 1351 1381 1405 καὶ
1428 1350 1527 1422 τὴν
1576 1350 1683 1403 τῶν
1735 1349 1893 1403 θείων

310 1444 659 1524 Εὐαγγελίων
685 1442 1037 1515 παραδιδόναι
1067 1443 1306 1514 γραφήν.
1335 1436 1491 1496 Οὗτοι
1525 1442 1582 1495 δὲ
1612 1440 1892 1524 θεμελίους

297 1519 414 1608 ’τῆς
441 1539 677 1601 πίστεως
703 1537 795 1589 ἐτι)⁸
830 1534 999 1600 ξένοις
1024 1536 1135 1589 τισὶ
1165 1535 1349 1598 τόποις
1383 1534 1514 1587 αὐτὸ
1546 1519 1899 1605 μόνονὴκατα·

310 1631 653 1702 ϐαλλόμενοι,
687 1631 949 1701 ποιμένας
972 1646 1032 1682 τε
1079 1627 1436 1690 καθιστάντες
1485 1626 1723 1700 ἐτέρους.
1772 1624 1896 1680 τού-

311 1742 426 1788 τοις
457 1741 517 1777 τε
554 1723 739 1786 αὐτοῖς
772 1719 1168 1793 ἐγχειρίζοντες
1198 1719 1298 1791 τὴν
1344 1719 1451 1772 τῶν
1511 1720 1715 1790 ἀρτίως
1774 1719 1891 1771 εἰσ-

1998 533 2123 578 runt
2169 540 2184 578 :
2236 524 2679 594 priedicationem
2728 522 3005 594 Evangelii
3061 525 3235 597 magis
3282 542 3346 581 ac
3399 532 3574 597 magis

1996 625 2417 682 promoventes,
2462 624 2516 668 et
2563 614 2829 668 salutaria
2881 617 3035 687 regni
3083 618 3322 673 cmlestis
3367 619 3576 671 semina

1997 722 2092 775 per
2140 707 2448 760 universum
2501 715 2773 759 terrarum
2823 708 3015 762 orbem
3071 708 3182 763 late
3232 722 3575 778 spargentes.

1996 800 2275 869 Siquidem
2331 798 2581 868 plerique
2626 812 2692 852 ex
2744 799 2887 856 illius
2935 801 3197 869 temporis
3253 801 3575 870 discipulis,

1994 906 2225 958 quorum
2275 893 2489 947 animos
2523 892 2853 948 ardentioris
2902 893 3265 962 phiIoSOphia:
3303 892 3579 947 desiderio

2000 978 2233 1047 Verbum
2262 981 2503 1035 divinum
2530 982 2871 1047 incenderat,
2903 983 3212 1037 Servatoris
3240 982 3410 1037 nostri
3439 998 3579 1050 pra:-

1995 1082 2209 1141 ceptum
2234 1070 2345 1140 jam
2383 1083 2546 1126 antea
2596 1073 2989 1141 expleverant,
3020 1075 3211 1128 divisis
3248 1074 3390 1128 inter
3414 1088 3574 1143 egen-

1998 1172 2079 1216 tes
2104 1161 2457 1217 facultatibus
2490 1163 2627 1217 suis.
2675 1162 2880 1218 Deinde
2918 1165 3101 1218 relicta
3134 1164 3309 1232 patria
3348 1176 3576 1233 peregre

1996 1254 2410 1323 proﬁciscentes
2435 1295 2449 1319 ,
2482 1270 2677 1308 munus
2728 1254 2952 1309 obibant
2992 1254 3472 1321 evangelistarum,
3510 1254 3578 1309 iis

1995 1348 2088 1415 qui
2126 1346 2247 1401 lidei
2276 1360 2583 1401 sermonem
2615 1348 2849 1402 nondum
2882 1347 3222 1402 audivissent
3246 1388 3261 1412 ,
3290 1347 3574 1402 Christum

1994 1440 2292 1511 praedicare
2319 1481 2336 1506 ,
2380 1449 2436 1493 et
2465 1453 2745 1493 sacrorum
2779 1439 3202 1509 Evangeliorum
3246 1440 3418 1494 libros
3464 1449 3579 1492 tra-

1995 1535 2125 1587 dere
2153 1522 2442 1599 ambitiose
2481 1539 2813 1600 satageutes.
2850 1530 2911 1584 lli
2951 1542 3240 1600 postquam
3268 1530 3322 1584 in
3352 1529 3579 1584 remotis

1997 1623 2317 1694 quibusdam
2344 1639 2407 1678 ac
2433 1622 2680 1677 barbaris
2706 1622 3020 1692 regionibus
3048 1622 3402 1677 fundamenta
3444 1621 3568 1675 tidei

1991 1718 2259 1787 jecerant,
2294 1714 2538 1784 aliosque
2574 1723 2820 1784 pastores
2850 1715 3271 1777 constituerant,
3302 1724 3357 1768 et
3387 1710 3577 1767 novel-

309 1814 587 1884 αχθέντων
602 1814 896 1885 γεωργίαν,
923 1812 1115 1884 ἐτέρας
1134 1811 1285 1864 αὐτοὶ
1309 1809 1472 1863 πάλιν
1501 1808 1682 1880 χώρας
1708 1826 1766 1861 τε
1795 1808 1889 1862 καὶ

2000 1812 2061 1864 la:
2082 1808 2439 1881 plantationis
2478 1823 2664 1862 curam
2703 1806 2895 1861 iisdem
2928 1806 3340 1872 commiserant,
3367 1822 3433 1862 eo
3450 1821 3582 1861 con-

307 1907 441 1977 ἔθνη
468 1907 755 1978 μετῄεσαν,
788 1906 884 1959 σὺν
904 1907 971 1976 τῇ
1003 1906 1065 1957 ἐκ
1097 1902 1232 1956 Θεοῦ
1267 1902 1446 1973 χάριτι
1480 1902 1573 1954 καί
1608 1901 1888 1971 συνεργίᾳ,

306 1996 437 2050 ἐπεὶ
463 1998 558 2050 καὶ
586 1995 680 2049 τοῦ
712 1995 857 2048 θείου
891 1993 1207 2065 Πνεύματος
1252 1992 1419 2045 εἰσέτι
1448 1991 1569 2044 τότε
1609 1990 1676 2043 δι’
1710 1989 1890 2042 αὐτῶν

308 2091 562 2145 πλεῖσται
622 2088 917 2161 παράδοξοι
963 2087 1222 2157 δυνάμεις
1272 2085 1553 2157 ἐνήργουν,
1588 2083 1728 2137 ὥστε
1785 2082 1893 2136 ἀπὸ

306 2176 537 2255 πρώτης
570 2181 903 2252 ἀκροάσεως,
926 2178 1138 2252 ἀθρόως
1166 2177 1435 2248 αὔτανδρα
1466 2175 1643 2247 πλήθη
1687 2174 1890 2247 προθύ-

312 2294 431 2347 μως
464 2274 563 2345 τὴν
590 2275 669 2336 εἰς
687 2272 778 2325 τὸν
808 2272 916 2325 τῶν
945 2272 1081 2325 ὅλων
1111 2269 1450 2341 Δημιουργὸν
1475 2266 1753 2321 εὐσέϐειαν
1793 2268 1892 2321 αὐο

305 2371 432 2432 ταῖς
461 2368 660 2438 ψυχαῖς
703 2365 1095 2435 καταδέχεσθαι
1132 2363 1267 2435 (72).
1322 2362 1607 2415 Ἀδυνάτου
1654 2360 1700 2413 δ’
1743 2359 1894 2423 ὄντος

309 2466 449 2536 ἡμῖν
480 2464 725 2528 ἅπαντας
752 2462 812 2528 ἐξ
831 2462 1092 2533 ὀνόματος
1123 2457 1572 2531 ἀπαριθμεῖσθαι,
1618 2456 1733 2510 ὅσοι
1764 2454 1894 2507 ποτέ

309 2556 461 2612 κατά
484 2555 582 2627 τὴν
604 2554 829 2627 πρώτην
862 2553 968 2608 τῶν
1022 2552 1334 2607 ἀποστόλων
1366 2549 1617 2621 διαδοχὴν
1663 2550 1721 2602 ἐν
1768 2551 1893 2611 ταῖς

313 2650 459 2705 κατὰ
483 2650 581 2721 τὴν
607 2648 932 2720 οἰκουμένην
977 2645 1323 2715 Ἐκκλησίαις
1344 2644 1598 2713 γεγόνασι
1631 2642 1888 2713 ποιμένες

314 2742 348 2813 ἢ
391 2742 488 2796 καὶ
532 2741 936 2809 εὐαγγελισταὶ,
991 2737 1194 2792 τούτων
1244 2739 1466 2800 εἰκότως
1512 2735 1572 2801 ἐξ
1632 2735 1893 2805 ὀνόματος

312 2834 501 2903 γραφῇ
532 2831 705 2902 μόνων
734 2831 833 2900 τὴν
863 2830 1080 2901 μνήμην
1111 2819 1656 2899 κατατεθείμεθα,ὧν
1688 2826 1769 2880 ἔτι
1799 2826 1897 2880 καὶ

318 2924 410 2976 νῦν
440 2925 518 2987 είς
548 2924 694 2995 ἡμᾶς
725 2922 793 2975 δι’
826 2922 1231 2993 ὑπομνημάτων
1269 2921 1372 2993 τῆς
1413 2919 1776 2990 ἀποπολικῆς
1822 2918 1899 2973 δι-

317 3014 613 3078 δασκαλίας
640 3016 673 3087 ή
704 3014 1000 3089 παράδοσις
1034 3013 1278 3085 φέρεται.

817 3170 1214 3225 ΚΕΦΑΔΑΙΟΝ
1260 3170 1391 3224 ΑΠ’.

316 3285 456 3353 Περὶ
487 3284 595 3351 τῆς
619 3283 963 3354 Κλήμεντος
1002 3282 1333 3351 ἐπιστολῆς
1373 3283 1471 3354 καί
1504 3282 1622 3354 τῶν
1653 3279 1895 3354 ψευδῶς

386 3352 474 3423 είς
503 3356 691 3412 αὑτὸν
722 3352 1181 3425 ἀναφερομένων
1212 3357 1354 3425 (Nic.
1392 3353 1463 3408 Il.
1494 3352 1558 3407 Ε.
1588 3368 1671 3416 tlt,
1707 3353 1820 3424 18).

390 3489 601 3561 Ὠσπερ
627 3484 719 3544 οὖν
750 3486 1054 3559 ἀμέλειτοῦ
1100 3487 1361 3557 Ἰγνατίου
1395 3489 1452 3542 ὲν
1482 3483 1570 3551 αἷς
1606 3486 1897 3554 κατελέξα-

319 3599 418 3653 μεν
453 3581 779 3647 ἐπιστολαῖς,
815 3582 909 3636 καὶ
937 3581 1030 3635 τοῦ
1060 3582 1375 3653 Κλήμεντος
1407 3582 1463 3634 ἐν
1509 3583 1575 3651 τῇ
1625 3580 1896 3651 ἀνωμολο-

314 3674 533 3747 γημένῃ
562 3674 713 3746 παρά
746 3675 930 3738 πᾶσιν,
964 3674 1031 3745 ῆν
1059 3674 1123 3726 ἐκ
1157 3672 1446 3745 προσώπου
1476 3673 1575 3744 τῆς
1610 3673 1894 3743 Ῥωμαίων

328 3766 653 3837 Ἑκκλησίας
706 3769 772 3837 τῇ
806 3765 1105 3838 Κορινθίων
1157 3763 1546 3821 διετυπώσατο.
1600 3760 1753 3839 Ἐνῇ
1798 3765 1897 3835 τῆς

315 3859 457 3931 πρὸς
496 3858 777 3929 Ἐϐραίους
801 3858 972 3914 πολλά
992 3859 1238 3930 νοήματα
1262 3856 1551 3931 παραθεὶς,
1580 3858 1679 3930 ήδη
1710 3858 1766 3911 δὲ
1800 3858 1895 3911 καὶ

314 3948 595 4015 αὐτολεξεὶ
627 3953 811 4022 ῥητοῖς
838 3968 979 4005 τισιν
1022 3950 1083 4018 ἐξ
1112 3950 1279 4022 αὐτῆς
1327 3949 1691 4021 χρησάμενος,
1726 3949 1895 4020 σαφέ-

320 4060 491 4096 στατα
524 4043 854 4115 παρίστησιν
881 4043 964 4096 ὃτι
993 4042 1068 4115 μὴ
1095 4043 1211 4096 νέον
1251 4040 1487 4112 ὑπάρχει
1517 4041 1577 4095 τὸ
1611 4042 1896 4113 σύγγραμ-

321 4148 421 4201 μα.
460 4133 619 4188 Ὅθεν
651 4135 875 4199 εἰκότως
902 4135 1099 4202 ἔδοξεν,
1134 4136 1264 4190 αὐτύ
1290 4140 1402 4202 τοῖς
1428 4137 1633 4198 λοιποῖς
1658 4138 1894 4204 ἐγκατα-

319 4222 577 4295 λεχθῆναι
605 4227 896 4299 γράμμασι
936 4226 1030 4280 τοῦ
1073 4227 1417 4284 Ἀποστόλου,
1463 4227 1733 4300 Ἑϐραίοις
1784 4225 1894 4301 γὰρ

317 4314 407 4368 διά
427 4315 527 4387 τῆς
550 4319 779 4390 πατρίου
829 4318 1075 4393 γλώττης
1098 4320 1388 4393 ἐγγράφως
1416 4319 1755 4393 ώμιληκότος
1799 4317 1893 4372 τοῦ

320 4406 557 4473 Παύλου,
595 4413 643 4464 οἱ
681 4412 778 4483 μὲν
808 4411 900 4465 τὸν
935 4411 1325 4485 εὐαγγελιστὴν
1351 4414 1585 4472 Λουκᾶν.
1630 4415 1678 4467 οἱ
1717 4411 1774 4466 δὲ
1804 4410 1896 4465 τὸν

320 4499 615 4572 Κλήμεντα
663 4502 852 4558 τοῦτον
905 4504 1067 4559 αὐτὸν
1130 4505 1466 4578 ἑρμηνεῦσαι
1533 4505 1753 4575 λέγουσι
1795 4502 1895 4576 τήν

318 4594 560 4666 γραφήν.
584 4595 649 4649 Ὀ
676 4595 772 4649 καὶ
800 4594 997 4667 μᾶλλον
1030 4595 1116 4669 εῐη
1145 4596 1213 4650 ἀν
1243 4596 1459 4669 ἀληθὲς,
1493 4595 1574 4668 τῷ
1595 4597 1687 4649 τὸν
1712 4596 1897 4667 ὅμοιον

318 4687 419 4759 τῆς
441 4686 694 4761 φράσεως
726 4689 1047 4760 χαρακτῆρα
1079 4688 1179 4761 τήν
1206 4705 1267 4743 τε
1295 4688 1392 4742 τοῦ
1423 4688 1739 4760 Κλήμεντος
1786 4690 1900 4743 ἐπι-

322 4779 536 4852 στολήν,
566 4782 660 4835 καὶ
688 4782 789 4853 τὴν
816 4782 952 4855 πρὸς
986 4780 1267 4853 Ἐϐραίους
1301 4779 1628 4845 ἀποσώζειν,
1677 4781 1771 4836 καὶ
1819 4780 1900 4853 τῷ

325 4872 399 4946 μὴ
429 4874 619 4945 πόρρω
647 4873 715 4927 τὰ
742 4876 801 4929 ἐν
828 4874 1108 4946 ἑκατέροις
1136 4876 1249 4939 τοῖς
1281 4874 1670 4946 συγγράμμασι
1692 4875 1900 4947 νοήμα-

321 4983 385 5019 τα
419 4965 769 5019 καθεστάναι.
816 4965 1010 5019 ’ἰστέον
1037 4964 1082 5019 δ’
1116 4964 1192 5029 ὡς
1218 4965 1312 5019 καὶ
1347 4964 1575 5038 δευτέρα
1614 4984 1699 5030 τις
1758 4961 1900 5022 εἶναι

322 5057 541 5127 λέγεται
569 5058 664 5111 τοῦ
686 5057 1000 5129 Κλήμεντος
1047 5058 1324 5129 ἐπιστολή.
1351 5058 1426 5111 Οὐ
1459 5057 1565 5130 μὴν
1596 5058 1671 5113 ἔθ’
1693 5060 1897 5131 ὁμοίως

308 5151 389 5221 ᾖτῇ
417 5150 660 5221 προτέρᾳ
683 5150 777 5203 καὶ
828 5148 1030 5220 ταύτην
1082 5147 1358 5220 γνώριμον
1414 5148 1787 5221 ἐπιστάμεθα,
1816 5150 1897 5203 ὅτι

305 5200 1900 5335 ξμ’ἧδέκαϊτὲδξᾶρέᾷιῷἔαιὲῇᾌὶέςερημένᾲυςἐὲιζεήᾴζειίδή

324 5332 383 5385 δὲ
408 5333 501 5386 καὶ
532 5332 694 5405 ἕτερα
739 5332 983 5404 πολυεπῆ
1016 5334 1110 5388 καὶ
1159 5333 1348 5406 μακρά
1390 5335 1795 5407 συγγράμματα
1827 5335 1903 5399 ὡς

325 5421 423 5477 τοῦ
448 5423 615 5478 αὐτοῦ
664 5425 790 5497 χθὲς
821 5426 914 5479 καὶ
944 5424 1136 5498 πρώην
1161 5426 1305 5490 τινὲς
1329 5427 1664 5498 προήγαγον,
1693 5426 1902 5499 Πέτρου

1999 1904 2129 1959 lenti
2164 1901 2232 1955 ad
2290 1900 2428 1955 alias
2463 1910 2653 1969 gentes
2691 1914 2757 1953 ac
2805 1898 3056 1968 regiones
3083 1940 3098 1965 ,
3132 1900 3432 1955 comitante
3482 1900 3576 1957 Dei

1997 1994 2171 2065 gratia
2204 2008 2269 2047 ac
2293 1992 2495 2047 virtute
2535 1992 2927 2060 properabant.
2969 1991 3181 2061 Quippe
3225 1992 3389 2046 divini
3418 1994 3581 2061 spiri-

2001 2102 2085 2144 tus
2134 2090 2216 2143 vis
2267 2103 2331 2143 ac
2373 2087 2615 2157 potentia
2644 2128 2659 2151 ,
2712 2085 2879 2140 multa
2926 2101 3021 2155 per
3062 2087 3279 2140 eosdem
3317 2087 3578 2141 miracula

1999 2182 2286 2235 etiamtum
2316 2178 2667 2249 operabatur.
2694 2176 2845 2232 Adeo
2872 2184 2931 2230 ut
2971 2177 3143 2246 prima
3174 2177 3358 2231 statim
3396 2178 3579 2231 audita

1998 2272 2383 2342 praedicatione
2410 2310 2425 2336 ,
2470 2268 2710 2324 universi
2756 2267 2917 2323 simul
2951 2268 3136 2338 populi
3187 2270 3299 2322 veri
3331 2267 3584 2325 Numinis

1995 2365 2202 2421 cultum
2245 2362 2655 2433 promptissimo
2701 2361 2882 2415 animo
2911 2361 3277 2429 susciperent.
3310 2360 3581 2416 Cmterum
3621 2395 3631 2402 -

2000 2471 2124 2510 cum
2172 2452 2289 2509 ﬁeri
2315 2452 2466 2507 nullo
2503 2452 2662 2508 modo
2688 2452 2858 2521 possit
2904 2460 2960 2504 ut
2993 2452 3232 2521 singulos
3252 2453 3579 2515 nominatim

1999 2560 2415 2611 recenseamus,
2448 2551 2715 2613 quotquot
2751 2542 2943 2612 primis
2974 2542 3078 2597 illis
3104 2544 3417 2613 apostolica:
3455 2560 3581 2602 suc-

1997 2638 2261 2694 cessionis
2293 2636 2630 2707 temporibus
2650 2651 2747 2705 per
2775 2650 2967 2690 omnes
2989 2635 3137 2690 orbis
3169 2643 3440 2689 terrarmu
3466 2633 3570 2690 Ec-

1998 2728 2194 2784 clesias
2233 2727 2507 2783 antistites
2548 2736 2642 2780 aut
2691 2725 3040 2797 evangelista:
3089 2726 3354 2782 fuerunt:
3389 2740 3579 2782 eorum

1999 2822 2266 2877 duntaxat
2321 2820 2545 2877 nomina
2603 2818 2695 2875 hic
2750 2834 3187 2875 commemorare
3242 2820 3578 2895 statuimus,

2001 2927 2231 2980 quorum
2282 2922 2633 2966 monumenta
2687 2910 3042 2980 apostolicam
3109 2910 3325 2965 illorum
3380 2911 3580 2966 doctri-

2005 3021 2127 3059 nam
2160 3004 2502 3060 continentia
2535 3003 2712 3058 adhuc
2741 3012 3055 3073 supersunt.

2430 3162 2590 3233 ιιο
2611 3159 2837 3217 CAPUT
2863 3158 3152 3218 XXXVIII.

2110 3274 2184 3330 De
2213 3274 2492 3331 Clementis
2518 3272 2783 3343 Epistola.
2822 3274 3047 3340 aliisque
3080 3291 3197 3346 qua:
3229 3274 3370 3345 falso
3404 3250 3453 3329 ei

2630 3346 2958 3399 tribuuntur.

2074 3500 2237 3557 Verbi
2272 3502 2447 3572 gratia
2478 3500 2690 3572 lguatii,
2730 3518 2865 3572 quas
2899 3504 3274 3558 recensuimus
3308 3503 3578 3574 epistolae,

2001 3606 2056 3648 et
2077 3592 2377 3649 Clementis
2407 3590 2499 3647 illa
2532 3594 2600 3647 ab
2628 3595 2879 3650 omnibus
2915 3604 3128 3665 recepta
3154 3636 3171 3662 ,
3196 3611 3359 3665 quam
3388 3596 3577 3652 Ecclev

2002 3684 2095 3738 sia:
2124 3683 2388 3739 Romamn
2438 3684 2658 3739 nomine
2704 3685 2767 3739 ad
2820 3686 3223 3743 Corinthiorum
3277 3688 3577 3744 Ecclesiam

2005 3775 2253 3845 scripsit.
2289 3774 2344 3830 In
2379 3792 2482 3846 qua
2515 3794 2643 3833 cum
2680 3777 2880 3832 multas
2914 3777 3120 3832 inserat
3151 3780 3455 3835 sententias
3483 3782 3578 3837 de-

2002 3881 2246 3939 sumptas
2289 3883 2358 3925 ex
2381 3869 2612 3940 Epistula
2645 3870 2710 3922 ad
2741 3867 3031 3934 Ilebrmos,
3060 3870 3364 3938 iisdemque
3400 3871 3575 3925 inter-

2002 3959 2128 4013 dum
2162 3960 2343 4015 verbis
2372 3970 2584 4022 utatur,
2622 3961 2759 4015 satis
2806 3960 3012 4015 indicat
3042 3976 3180 4028 opus
3214 3962 3343 4015 illud
3375 3977 3575 4031 nequa-

2004 4067 2170 4122 quam
2209 4067 2399 4108 recens
2432 4068 2574 4109 esse.
2617 4053 2984 4121 Quamobrem
3012 4068 3135 4108 cum
3170 4053 3393 4123 reliquis
3430 4053 3577 4124 Apo~

2002 4143 2127 4198 stoli
2164 4145 2405 4214 ,scriptis
2435 4160 2540 4199 non
2574 4145 2692 4199 sine
2723 4159 2888 4199 causa
2920 4144 3025 4200 hoc
3055 4147 3221 4200 etiam
3250 4147 3577 4203 recensitum

2003 4235 2242 4292 videtur.
2295 4235 2432 4291 Cum
2482 4238 2628 4292 enim
2672 4235 2739 4290 ad
2785 4234 3045 4292 Hebraeos
3095 4237 3271 4307 patrio
3325 4252 3578 4294 sermone

2004 4329 2313 4399 scripsisset
2363 4328 2602 4394 Paulus,
2655 4329 2747 4384 alii
2789 4329 2989 4386 Lucam
3032 4331 3459 4402 evangelistam.
3489 4332 3577 4387 alii

2006 4420 2151 4473 hunc
2174 4418 2240 4473 de
2265 4433 2374 4489 quo
2402 4417 2676 4487 loquimur
2703 4416 3039 4475 Clementem
3062 4458 3077 4483 ,
3106 4417 3396 4487 Epistolam
3429 4415 3577 4472 illam

2003 4524 2129 4566 esse
2160 4511 2581 4580 interpretatum
2612 4510 2817 4565 ferunt.
2852 4509 3006 4576 Quod
3032 4509 3251 4578 quidem
3285 4508 3472 4561 verius
3498 4508 3573 4561 vi-

2003 4604 2186 4665 detur,
2226 4617 2349 4657 cum
2383 4603 2690 4671 praesertim
2721 4610 2779 4657 et
2806 4600 3103 4656 Clementis
3125 4639 3142 4664 ,
3167 4612 3223 4654 et
3253 4599 3341 4653 illa
3373 4600 3438 4653 ad
3474 4598 3583 4654 ηοω

2004 4691 2422 4765 brzeosEpistola
2441 4697 2689 4750 eumdem
2716 4695 2911 4749 habeat
2934 4690 3158 4763 stylum,
3184 4706 3282 4746 nec
3300 4691 3579 4760 utriusque

2006 4784 2198 4855 scripti
2232 4786 2515 4841 sententia:
2556 4785 2715 4842 valde
2742 4785 2888 4840 inter
2934 4799 2995 4839 se
3021 4783 3356 4851 discrepeut.
3392 4782 3577 4837 Scieno

2006 4874 2131 4929 dum
2162 4883 2341 4931 tamen
2366 4884 2452 4931 est
2473 4874 2702 4930 alteram
2730 4889 2948 4945 quoque
2972 4872 3273 4930 Clementis
3298 4872 3579 4943 epistolam

2005 4967 2369 5023 circumferri.
2421 4967 2623 5022 Verum
2672 4969 2814 5023 hanc
2865 4983 2972 5023 non
3025 4965 3251 5037 perinde
3307 4976 3581 5036 receptam

2006 5068 2171 5131 atque
2204 5061 2556 5130 approbatam
2584 5061 2777 5129 fuiSSe,
2801 5076 2901 5132 pro
2917 5070 3073 5117 certo
3096 5060 3361 5115 habemus
3380 5077 3398 5117 ι
3414 5074 3575 5129 quan-

2006 5153 2294 5223 doquidem
2338 5154 2663 5209 vetustiores
2712 5151 2831 5222 ejus
2876 5151 3187 5209 testimonio
3238 5166 3578 5222 nequaquam

2007 5256 2136 5298 usos
2184 5257 2307 5297 esse
2357 5244 2745 5315 comperimus.
2794 5243 3022 5312 Quidam
3064 5259 3226 5314 porro
3270 5242 3373 5297 alia
3417 5243 3575 5297 etiam

2008 5350 2171 5405 opera
2208 5336 2418 5406 prolixa
2446 5347 2502 5394 et
2536 5338 2753 5410 capiosa
2799 5338 2900 5393 sub
2927 5338 3047 5408 eius
3089 5337 3306 5393 nomine
3357 5334 3475 5390 heri
3516 5346 3576 5387 ac

2012 5425 2424 5482 nudiustertius
2454 5428 2508 5483 in
2542 5428 2721 5486 lucem
2756 5428 3109 5500 protulerunt
3137 5446 3152 5483 :
3190 5437 3314 5499 puta
3345 5424 3493 5481 Petri
3525 5432 3580 5479 et

375 5671 513 5755 _(72)
552 5671 770 5755 Αιξταῖς
808 5671 1038 5755 ροχαῑς
1076 5669 1528 5755 καταδέχεσθαι.
1576 5670 1745 5755 Iidem
1792 5680 1894 5731 tres

2000 5672 2144 5731 dices
2186 5688 2310 5731 cum
2342 5670 2624 5732 Saviliauo
2655 5673 2922 5746 scriptum
2974 5672 3177 5729 habent
3229 5671 3288 5727 ἐν
3332 5669 3454 5735 ταῖς
3487 5669 3578 5727 αὐ-

330 5742 443 5798 τῶν
472 5741 669 5815 ψυχαῖς
696 5743 1105 5815 καταδέχεσθαι,
1131 5744 1275 5816 quod
1307 5742 1480 5813 magis
1507 5741 1721 5815 probo.J
