4140 6430
290 372 394 425 £97

1279 371 1624 427 HISTORle
1667 369 2227 428 ECCLESIASTICz’E
2268 370 2396 427 LIB.
2439 371 2526 426 111.

3434 380 3536 433 233

290 491 690 559 συγκατατάξαι
751 495 868 554 ταῖς
916 493 1231 563 ἑρμηνείαις
1259 495 1394 562 (77).
1451 493 1848 564 διαϐεϐαιούμε-

1967 503 2152 549 nostra
2207 506 2420 560 quoque
2449 492 2756 545 assertione
2809 492 3076 546 ﬁrmetur.
3124 493 3239 548 Non
3285 498 3452 563 enim,
3480 511 3538 552 ut

284 601 375 646 νος
409 583 547 652 ὑπὲρ
575 582 751 636 αὐτῶν
779 584 1054 655 ἀλήθειαν.
1078 587 1150 637 Οὐ
1179 587 1284 658 γάρ
1321 591 1433 651 τοῖς
1466 587 1532 640 τά
1577 586 1746 639 πολλὰ
1775 587 1861 638 λέ-

285 691 471 741 γουσιν
500 674 713 744 ἔχαιρον
751 673 942 745 ὥσπερ
971 677 1018 728 οἱ
1051 677 1255 740 πολλοὶ,
1302 678 1433 730 ἀλλὰ
1483 682 1598 740 τοὶς
1652 677 1858 746 τάληθῆ

282 767 618 819 διδάσκουσιν
640 783 654 796 ⁸
688 765 810 819 οῦδέ
860 771 970 830 τοῖς
1001 769 1098 832 τὰς
1140 769 1425 838 ἀλλοτρίας
1456 772 1674 838 ἐντολάς
1726 789 1858 842 μνη-

199 855 220 872 ⁴
285 857 622 925 μονειὶουσιν,
640 857 778 910 ἀλλὰ
805 862 916 922 τοῖς
943 860 1042 922 τὰς
1064 861 1212 932 παρὰ
1230 863 1322 915 τοῦ
1355 863 1559 936 Κυρίου
1586 868 1652 936 τῇ
1679 865 1855 917 πίστει

276 950 589 1021 δεδομένας,
617 951 712 1004 καὶ
742 952 837 1004 ἀπ’
866 952 1035 1024 αὐτῆς
1083 953 1524 1024 παραγινομένας
1574 956 1674 1026 τῆς
1727 956 1857 1027 ἀλη-

277 1038 449 1100 θείας.
476 1039 538 1091 Εἰ
566 1039 621 1091 δέ
648 1057 748 1091 που
784 1041 877 1092 καὶ
907 1041 1400 1111 παρηκολουθηκώς
1451 1061 1534 1106 τις
1574 1048 1684 1108 τοῖς
1719 1062 1849 1114 πρε-

277 1130 562 1201 σϐυτέροις
593 1130 755 1195 ἔλθοι,
776 1132 900 1196 τοὺς
920 1133 1025 1185 τῶν
1051 1134 1430 1204 πρεσϐυτέρων
1455 1136 1733 1208 ἀνέκρινον
1771 1137 1855 1188 λό-

272 1237 405 1288 γους
428 1239 440 1253 ·
471 1223 524 1276 τί
555 1224 824 1296 Ἀνδρέας.
854 1224 884 1294 ἢ
915 1223 967 1277 τί
1014 1225 1216 1295 Πέτρος
1235 1222 1408 1290 εἶπεν,
1437 1227 1469 1298 ἢ
1497 1227 1548 1280 τί
1571 1228 1850 1292 Φίλιππος,

269 1316 302 1384 ἦ
337 1315 390 1366 τί
420 1317 640 1384 θωμᾶς,
666 1317 699 1386 ἢ
741 1317 993 1380 Ἰάκωϐος
1012 1335 1026 1347 ·
1054 1318 1086 1388 ἢ
1112 1317 1162 1370 τί
1192 1318 1461 1390 Ἰωάννης,
1493 1319 1526 1390 ἢ
1557 1319 1849 1384 Ματθαῶςσ

271 1405 305 1474 ἦ
347 1424 432 1469 τις
468 1408 652 1478 ἕτερος
679 1407 786 1461 τῶν
818 1407 914 1460 τοῦ
964 1409 1170 1481 Κυρίου
1217 1410 1500 1481 μαθητῶν,
1540 1411 1574 1464 ἆ
1606 1429 1665 1464 τε
1715 1413 1855 1483 Ἀρι-

268 1498 460 1563 στίων,
487 1501 579 1551 καὶ
610 1503 638 1552 ό
674 1500 1039 1571 πρεσϐύτερος
1106 1502 1376 1572 Ἰωάννης,
1421 1505 1469 1556 οἱ
1510 1503 1603 1556 τοῦ
1647 1504 1851 1576 Κυρίου

268 1589 814 1660 μαθηταῌέγουσιν.
842 1593 916 1645 Οὐ
948 1593 1053 1665 γὰρ
1085 1593 1152 1646 τά
1182 1596 1244 1647 ἐκ
1275 1595 1379 1647 τῶν
1425 1594 1640 1664 βιϐλίων
1664 1596 1852 1649 τοσοῦ-

268 1682 365 1732 τόν
404 1699 472 1750 με
504 1683 731 1752 ὠφελεῖν
766 1685 1177 1756 ὑπελάμϐανον,
1221 1687 1343 1739 ὅσον
1373 1688 1441 1738 τὰ
1471 1687 1620 1758 παρά
1676 1687 1853 1758 ζώσης

265 1773 455 1842 φωνῆς
490 1775 582 1826 καὶ
623 1776 905 1846 μενούσης.
950 1797 966 1827 ι
1024 1778 1192 1831 Ἔνθα
1235 1779 1330 1830 καί
1376 1777 1668 1847 ἐπιστῆσαι
1707 1776 1852 1842 ἄξιον

1967 586 2215 655 plerique
2239 582 2438 648 solent,
2467 597 2566 638 eos
2596 597 2834 652 unquam
2868 591 3110 639 sectatus
3143 601 3260 640 sum
3297 589 3388 656 qui
3422 604 3541 646 ver-

1966 680 2048 734 bis
2078 679 2380 744 aﬁluerent,
2419 679 2510 733 sed
2541 694 2634 733 eos
2674 679 2854 747 potius
2885 678 2978 748 qui
3011 694 3197 733 verum
3233 683 3537 751 docerent;

1967 787 2067 826 nec.
2093 786 2186 825 eos
2217 771 2304 839 qui
2343 785 2479 824 nova
2525 769 2773 838 quaedam
2828 779 2884 823 et
2935 769 3192 824 inusitata
3244 785 3535 844 praecepta,

1965 865 2063 916 sed
2093 859 2217 916 illos
2258 861 2350 932 qui
2384 861 2594 914 Domini
2626 861 2878 914 mandata
2913 860 2967 914 in
3006 861 3194 930 ﬁguris
3231 867 3452 931 tradita,
3484 874 3539 918 et

1964 953 2032 1007 ab
2087 953 2196 1022 ipsa
2243 953 2474 1008 veritate
2524 950 2764 1020 profecta
2837 954 3240 1008 memorabant.
3291 957 3440 1022 Quod
3492 974 3536 1012 st

1963 1043 2085 1111 quis
2112 1042 2380 1096 interdum
2422 1042 2551 1095 mihi
2582 1042 2910 1096 occurrebat
2941 1043 3033 1112 qui
3067 1059 3188 1096 cmn
3223 1047 3539 1102 senioribus

1963 1145 2209 1187 versatus
2244 1134 2455 1200 fuisset,
2487 1148 2552 1187 ex
2579 1149 2644 1188 eo
2670 1134 2891 1189 curiose
2919 1137 3246 1191 sciscitabar
3280 1155 3533 1208 quamam

1962 1234 2145 1277 essent
2181 1224 2454 1278 seniorum
2498 1225 2642 1277 dicta
2687 1240 2702 1277 :
2742 1223 2872 1292 quid
2925 1225 3194 1289 Andreas,
3245 1230 3374 1298 quid
3433 1229 3534 1286 Pe-

1963 1325 2102 1380 trus,
2130 1317 2258 1384 qttid
2297 1315 2598 1384 Philippus,
2631 1319 2762 1385 quid
2803 1317 3065 1382 Thomas,
3103 1321 3232 1387 quid
3275 1319 3532 1389 Jacohus,

1962 1408 2090 1474 quid
2114 1405 2375 1469 Joannes.
2401 1408 2530 1474 quid
2569 1407 2878 1472 Mattharus,
2915 1409 3043 1476 quid
3089 1411 3270 1464 carteri
3321 1411 3534 1466 Domini

1961 1497 2207 1566 discipuli
2241 1498 2421 1551 dicere
2456 1497 2597 1551 soliti
2625 1509 2851 1551 essent:
2885 1499 3143 1567 quidnam
3182 1501 3451 1566 Aristion,
3482 1510 3536 1556 et

1959 1590 2195 1644 Joannes
2224 1589 2524 1660 presbyter,
2580 1591 2830 1660 discipuli
2879 1592 3111 1656 Domini,
3146 1596 3530 1663 prmdicareut.

1963 1683 2144 1754 Neque
2172 1686 2316 1739 enim
2345 1701 2409 1738 ex
2443 1685 2706 1739 librorum
2753 1685 2988 1740 lectione
3023 1694 3228 1740 tantam
3269 1705 3352 1741 me
3384 1690 3536 1743 utili-

1964 1786 2127 1828 tatem
2157 1792 2352 1843 capere
2394 1791 2553 1844 posse
2585 1776 2992 1838 existimabam,
3042 1791 3300 1845 quantam
3330 1797 3394 1833 ex
3440 1784 3536 1835 ho.

260 1864 348 1926 δὶς
387 1868 814 1936 καταριθμοῦντι
839 1870 988 1941 αὐτῷ
1020 1871 1080 1924 τὸ
1130 1871 1372 1925 Ἰωάννου
1415 1872 1587 1942 ὄνομα
1611 1891 1626 1905 ο
1659 1867 1733 1926 ὧν
1767 1874 1848 1926 τὸν

1962 1870 2165 1921 mittunt
2216 1869 2391 1922 adhuc
2421 1869 2772 1937 superstitum
2811 1872 2928 1922 viva
2969 1887 3122 1926 voce.
3165 1891 3182 1922 ι
3237 1872 3447 1939 Quibus
3478 1876 3530 1928 in

265 1957 371 2026 μὲν
402 1959 666 2030 πρότερον
694 1960 885 2032 Πέτρῳ
913 1964 1005 2014 καὶ
1046 1962 1306 2032 Ἰακώϐῳ,
1343 1963 1436 2016 καὶ
1454 1963 1736 2033 Ματθαίῳ,
1763 1965 1855 2016 καὶ

261 2053 381 2110 τοῖς
414 2049 620 2113 λοιποῖς
647 2052 960 2114 ἀποστόλοις
990 2054 1410 2123 συγκαταλέγει,
1445 2054 1632 2122 σαφῶς
1679 2054 1854 2125 δηλῶν

260 2139 358 2190 τὸν
388 2139 783 2210 εῦαγγελιστήν
805 2157 818 2170 ο
856 2141 946 2193 τὸν
985 2141 1041 2194 δ’
1065 2144 1249 2214 ἕτερον
1278 2142 1528 2216 Ἰωάννην
1551 2143 1854 2207 διαστείλας

260 2231 356 2286 τὸν
388 2231 568 2299 λόγον,
594 2233 801 2304 ἑτέροις
833 2234 983 2304 παρά
1007 2234 1096 2286 τὸν
1116 2233 1224 2288 τῶν
1260 2233 1568 2287 ἀποστόλων
1620 2236 1852 2306 ἀριθμὸν

261 2325 621 2386 κατατάστει,
660 2325 932 2395 προτάξας
966 2325 1127 2378 αὐτοῦ
1150 2325 1240 2378 τὸν
1289 2325 1628 2397 Ἀριστίωνα.
1661 2327 1852 2395 Σαφῶς

257 2433 324 2468 τε
354 2417 519 2469 αὑτὸν
554 2416 919 2488 πρεσὸύτερον
947 2419 1220 2488 ὀνομάζει.
1265 2420 1353 2482 Ὠς
1387 2421 1479 2474 καὶ
1511 2420 1597 2472 διὰ
1649 2419 1852 2473 τούτων

259 2508 685 2561 ἀποδείκνυσθαι
712 2509 811 2579 τὴν
841 2508 1080 2578 ἱστορίαν
1107 2509 1282 2580 ἀληθῆ
1333 2511 1441 2562 τῶν
1478 2510 1570 2563 δύο
1601 2511 1851 2581 κατὰτὴν

275 2601 465 2654 Ἀσίαν
493 2602 780 2671 ὁμωνυμία
825 2601 1123 2672 κεχρῆσθαι
1169 2603 1486 2672 εἰρηκότων,
1549 2603 1642 2656 δύο
1686 2620 1744 2655 τε
1796 2606 1852 2655 ἐν

276 2693 491 2762 Ἐφέσῳ
520 2692 770 2760 γενέσθαι
794 2694 1053 2762 μνήματα
1079 2695 1174 2746 καὶ
1199 2693 1458 2764 ἐκάτερον
1497 2694 1742 2746 Ἰωάννου
1772 2693 1851 2747 ἔτι

261 2783 361 2835 νῦν
395 2784 646 2852 λέγεσθαι
669 2801 681 2814 ο
718 2781 797 2848 οἷς
818 2785 912 2837 καὶ
945 2787 1239 2854 ἀναγκαῖον
1271 2785 1559 2857 προσέχειν
1590 2787 1678 2840 τὸν
1702 2785 1847 2840 νοῦν.

263 2877 429 2941 Εἰκὸς
451 2878 558 2949 γάρ
593 2879 682 2931 τὸν
705 2878 957 2949 δεύτερον
983 2919 998 2941 ,
1039 2880 1086 2930 εἰ
1128 2880 1200 2948 μή
1233 2896 1318 2942 τις
1347 2879 1517 2932 ἐθέλοι
1553 2881 1642 2932 τὸν
1698 2880 1850 2952 πρῶ-

259 2974 500 3044 τον,την
533 2975 618 3024 ἐπ’
668 2973 930 3044 ὀνόματος
966 2974 1274 3046 φερομένην
1331 2974 1572 3026 Ἰωάννου
1623 2975 1849 3028 Ἀποκά-

261 3061 422 3130 λυψιν
445 3065 768 3132 ἑωρακέναι.
795 3065 903 3118 Καὶ
923 3065 950 3116 ὁ
979 3065 1072 3117 νῦν
1106 3064 1162 3117 δὲ
1187 3067 1317 3135 ἡμῖν
1359 3064 1517 3134 δηλοῦ
1528 3082 1690 3135 μενος
1732 3066 1846 3118 Πα-

1960 1960 2140 2013 verbis
2169 1959 2298 2012 illud
2349 1960 2512 2012 etiam
2543 1959 2948 2014 observandum
2991 1975 3098 2030 est,
3132 1965 3216 2018 his
3243 1966 3310 2019 ab
3343 1981 3408 2020 eo
3435 1981 3533 2036 po-

1959 2053 2117 2104 situm
2148 2066 2267 2104 esse
2295 2066 2488 2104 nomen
2515 2051 2765 2107 Joannis.
2798 2052 2864 2106 Et
2894 2054 3130 2122 priorem
3166 2057 3383 2126 quidem
3422 2073 3532 2113 una

1958 2158 2078 2199 Cum
2117 2143 2299 2206 Petro,
2332 2143 2554 2207 Jacoho,
2596 2145 2849 2200 Matllta‘o
2894 2155 2950 2200 et
2989 2149 3215 2217 reliquis
3268 2152 3531 2219 apostolis

1959 2246 2228 2298 recenset,
2279 2237 2410 2289 satis
2463 2236 2709 2291 indicans
2741 2253 2799 2292 se
2835 2239 2902 2292 de
2938 2241 3271 2311 evangelista
3318 2241 3532 2298 Joanne

1957 2327 2123 2380 verba
2151 2326 2351 2382 facere.
2387 2326 2575 2381 Postea
2628 2344 2760 2382 vero
2811 2331 3056 2386 adhibita
3111 2334 3384 2388 sermonis
3422 2335 3531 2389 dis-

1959 2419 2239 2483 tinctione,
2269 2419 2501 2471 alterum
2557 2418 2821 2473 Joannem
2865 2437 2986 2476 cum
3043 2423 3108 2477 iis
3157 2424 3391 2479 collocat
3438 2425 3530 2494 qtti

1955 2520 2107 2562 extra
2140 2525 2422 2562 numerum
2477 2519 2603 2562 sunt
2653 2511 3048 2577 apostolorum,
3103 2529 3422 2583 prmponens
3456 2515 3528 2568 illi

1957 2601 2290 2654 Aristionem
2342 2601 2629 2670 quemdam
2685 2622 2695 2654 :
2745 2605 3105 2671 eumdemque
3149 2608 3528 2676 presbyterum

1955 2691 2158 2746 diserte
2191 2692 2460 2747 nominat.
2488 2693 2605 2759 Quo
2640 2691 2700 2746 ﬁt
2730 2703 2788 2746 ut
2813 2708 2938 2748 vera
2969 2695 3220 2749 videatur
3246 2711 3368 2751 esse
3404 2712 3532 2751 nar--

1959 2784 2098 2838 ratio
2135 2783 2371 2846 illorum,
2406 2785 2495 2852 qui
2529 2786 2664 2839 duos
2734 2787 2921 2840 eodem
2969 2787 3187 2842 nomine
3229 2789 3531 2857 appellatos

1957 2875 2009 2929 in
2049 2876 2177 2930 Asia
2220 2875 2422 2929 vixisse
2471 2875 2766 2930 dixerunt:
2809 2887 2864 2931 et
2917 2878 3058 2947 apud
3100 2878 3373 2949 Ephesum
3425 2880 3531 2935 duo

1952 2981 2073 3021 esse
2130 2967 2404 3035 sepulcra,
2435 2977 2491 3022 et
2542 2978 2833 3038 utrumque
2859 2969 3085 3026 Joannis
3133 2973 3400 3028 hactenus
3432 2986 3529 3026 no-

1951 3059 2171 3114 tninari.
2207 3059 2383 3129 Atque
2412 3061 2512 3114 hoc
2542 3060 2978 3117 animadvertere
3013 3063 3066 3117 in
3115 3065 3306 3132 primis
3343 3078 3528 3120 neces-

264 3155 418 3218 πίας,
455 3158 577 3220 τοὺς
637 3157 734 3227 μὲν
773 3158 880 3211 τῶν
915 3157 1227 3211 ἀποστόλων
1289 3157 1480 3226 λόγους
1545 3159 1697 3229 παρὰ
1738 3159 1846 3211 τῶν

1954 3153 2155 3205 sarium
2187 3161 2334 3222 puto.
2383 3151 2691 3207 Verisimile
2721 3163 2804 3208 est
2832 3155 2975 3207 enim
3013 3154 3421 3212 Revelationem
3463 3161 3528 3216 il-

261 3246 448 3310 αῦτοῖς
515 3247 1068 3319 παρηκολουθηκότων
1123 3247 1375 3318 ὁμολογεῖ
1423 3247 1836 3318 παρειληφέναι,

1954 3245 2056 3299 lam
2092 3243 2316 3300 Joannis
2361 3245 2578 3299 nomine
2610 3245 2951 3316 inscriptam,
2999 3250 3044 3301 si
3091 3264 3195 3301 non
3259 3268 3286 3302 a
3347 3254 3527 3321 priore

277 3337 620 3408 ’Δριστίωνος
653 3339 710 3391 δέ
739 3340 832 3397 καὶ
861 3339 951 3391 τοῦ
979 3339 1354 3409 πρεσϐυτέρου
1397 3339 1643 3392 Ἰωάννου
1678 3341 1847 3412 αὐτή--

262 3444 388 3481 κων
412 3429 601 3482 ἑαυτόν
632 3446 764 3500 φησι
791 3429 1059 3498 γενέσθαι.
1106 3429 1392 3499 Ὀνομαστὶ
1432 3429 1559 3496 γοῦν
1591 3428 1846 3494 πολλάκις

263 3523 444 3574 αὐτῶν
477 3521 871 3592 μνημονεύσας,
905 3523 961 3572 ἐν
989 3525 1099 3585 τοῖς
1144 3522 1310 3575 αὑτοῦ
1341 3522 1735 3593 συγγράμμασι
1771 3521 1848 3574 τί-

265 3613 424 3684 θησιν
450 3614 628 3668 αὐτῶν
656 3614 1000 3682 παραδόσεις.
1047 3614 1156 3666 Καὶ
1198 3613 1370 3667 ταῦτα
1403 3614 1447 3667 δ’
1483 3617 1612 3684 ἡμῖν
1639 3617 1738 3667 οὐκ
1768 3617 1847 3679 εἰς

268 3703 328 3757 τὸ
352 3703 622 3774 ἄχρηστον
667 3704 922 3778 εἰρήσθω.
968 3705 1149 3769 ’Ἄξιον
1189 3703 1245 3756 δὲ
1287 3707 1408 3766 ταῖς
1469 3704 1846 3768 ἁποδοθείσαις

267 3795 360 3849 τοῦ
392 3797 578 3848 Παπία
613 3799 813 3864 φωναῖς
839 3836 853 3858 ,
885 3796 1163 3867 προσάψαι
1216 3796 1388 3861 λέξεις
1429 3797 1622 3867 ἐτέρας
1658 3796 1844 3863 αὑτοῦ,

264 3885 330 3938 δι’
363 3880 436 3938 ὧν
475 3888 753 3958 παράδοξά
784 3905 903 3940 τινα
941 3890 1145 3958 ἱστορεῖ
1206 3889 1301 3940 καὶ
1346 3887 1500 3950 ἄλλα,
1533 3888 1608 3950 ῶς
1665 3887 1730 3939 ἂν
1784 3889 1847 3940 ἐκ

265 3979 615 4048 παραδόσεως
645 3981 724 4042 είς
756 3981 917 4033 αὑτὸν
949 3981 1190 4034 ἐλθόντα.
1225 3980 1296 4032 To
1325 3980 1421 4050 μὲν
1455 3975 1546 4032 οῦν
1577 3979 1716 4032 κατά
1747 3978 1846 4050 τὴν

275 4067 576 4139 Ἰεράπολιν
603 4071 866 4124 Φίλιππον
901 4072 991 4124 τόν
1026 4073 1321 4125 ἀπόστολον
1358 4073 1472 4143 ἅμα
1513 4075 1634 4136 ταῖς
1674 4073 1844 4141 θυγα-

262 4164 420 4234 τράσι
447 4163 745 4236 διατρίψαι,
779 4165 866 4219 διὰ
893 4165 1000 4218 τῶν
1039 4165 1273 4236 πρόσθεν
1301 4165 1614 4237 δεδήλωται.
1659 4168 1747 4229 Ὠς
1788 4165 1844 4220 δὲ

263 4255 401 4307 κατὰ
432 4257 560 4318 τοὺς
590 4257 784 4320 αὐτοὺς
813 4259 840 4310 ό
862 4257 1077 4323 Παπίας
1105 4261 1413 4329 γενόμενος,
1433 4259 1682 4330 διήγησιν
1707 4275 1845 4328 παρ-

290 4345 571 4415 ειληφέναι
603 4346 913 4417 Θαυμασίαν
949 4349 1054 4402 ὑπὸ
1079 4349 1186 4402 τῶν
1212 4350 1306 4402 τοῦ
1347 4351 1615 4403 Φιλίππου
1677 4348 1842 4416 θυγα-

260 4437 432 4508 τέρων
460 4439 808 4509 μνημονεύει,
839 4439 908 4492 τὰ
940 4439 1034 4492 νῦν
1079 4441 1432 4511 σημειωτέον.
1482 4439 1695 4510 Νεκροῦ
1731 4439 1842 4510 γὰρ

1952 3338 2063 3404 illo,
2098 3349 2248 3392 certe
2274 3337 2342 3390 ab
2375 3337 2476 3391 hoc
2511 3341 2814 3407 posteriore
2862 3340 3036 3392 visam
3086 3340 3278 3395 fuisse.
3334 3344 3396 3397 Et
3426 3343 3525 3397 l’a-

1950 3433 2067 3502 pias
2116 3431 2336 3500 quidem
2385 3431 2451 3485 de
2497 3446 2603 3500 quo
2665 3445 2808 3485 nunc
2871 3445 3179 3487 sermonem
3234 3435 3522 3502 habemus,

1949 3523 2316 3592 apostolorum
2349 3523 2515 3589 dicta,
2552 3524 2620 3576 ab
2649 3523 2713 3576 iis
2747 3523 2837 3592 qui
2888 3539 3008 3577 cum
3041 3525 3296 3592 apostolis
3325 3532 3524 3584 versati

1950 3616 2188 3682 luerant,
2220 3630 2284 3670 se
2307 3615 2586 3684 accepisse
2621 3612 2902 3683 profitetur
2927 3631 2941 3668 :
2966 3614 3254 3672 Aristioais
3277 3630 3453 3673 autem
3475 3632 3530 3675 et

1947 3707 2173 3762 Joannis
2202 3707 2501 3777 presbyteri
2541 3707 2842 3760 auditorem
2879 3721 2936 3760 se
2965 3708 3094 3761 dicit
3121 3707 3310 3764 fuisse.
3361 3712 3524 3766 Multa

1949 3806 2097 3850 certe
2127 3810 2247 3864 qua:
2271 3795 2340 3849 ab
2375 3796 2444 3848 iis
2478 3793 2672 3848 tradita
2703 3805 3011 3864 aceeperat,
3057 3797 3305 3866 ipsorum
3353 3801 3526 3853 nomi-

1949 3889 2116 3942 natim
2149 3887 2426 3940 mentione
2461 3886 2626 3951 facta,
2660 3887 2712 3940 in
2744 3886 3168 3941 Commentariis
3222 3890 3335 3944 suis
3369 3903 3523 3946 retu-

1948 3982 2029 4036 lit.
2070 3982 2247 4049 Atque
2272 3981 2386 4035 ltaec
2416 3981 2636 4050 quidem
2687 3996 2791 4036 non
2818 3979 3118 4049 superﬂue,
3154 3981 3312 4050 112
3353 3993 3410 4036 ut
3435 3998 3527 4036 ar-

1947 4073 2144 4136 bitror,
2180 4087 2210 4126 a
2236 4073 2396 4127 nobis
2423 4073 2570 4127 dicta
2605 4072 2734 4126 sint.
2772 4071 2945 4126 Porro
2969 4086 3150 4141 operte
3174 4074 3406 4140 pretium
3437 4073 3524 4128 fu-

1945 4163 2076 4226 erit,
2102 4179 2266 4233 supra
2290 4164 2471 4218 citatis
2496 4163 2676 4233 Papiae
2709 4162 2892 4218 verbis
2954 4163 3060 4217 alia
3091 4165 3252 4218 etiam
3287 4165 3524 4232 ejusdem

1949 4255 2258 4308 testimonia
2287 4257 2603 4325 adjungere,
2636 4257 2687 4309 itt
2731 4256 2930 4325 quibus
2977 4255 3240 4311 miracula
3281 4257 3524 4326 quwdam

1945 4361 2011 4399 ex
2052 4347 2281 4400 aliorum
2321 4348 2423 4400 lide
2467 4362 2519 4400 at
2590 4345 2882 4398 traditione
2933 4356 3343 4400 commemorat.
3400 4345 3527 4398 l'hi-

1947 4435 2148 4508 lippum
2178 4438 2398 4507 quidem
2433 4435 2740 4506 apostolum
2779 4453 2882 4490 una
2916 4450 3037 4490 cum
3072 4435 3290 4488 ﬁliabus
3331 4434 3524 4490 lliera-

261 4530 553 4583 ἀνάστασιν
596 4534 716 4584 κατ’
756 4533 916 4585 αὑτὸν
935 4535 1221 4601 γεγονυῖαν
1255 4534 1475 4602 ἱστορεῖ,
1509 4532 1600 4584 καὶ
1641 4529 1706 4584 αὖ
1736 4533 1842 4586 πά-

1954 4529 2059 4598 poli
2091 4529 2288 4596 degere
2321 4527 2537 4582 solitum
2581 4531 2832 4596 superius
2867 4526 3173 4581 docuimus.
3211 4526 3366 4580 Nunc
3395 4542 3526 4581 vero

260 4624 341 4678 λιν
367 4625 554 4694 ἕτερον
604 4624 904 4696 παράδοξον
929 4626 1056 4694 περὶ
1097 4624 1326 4677 Ἰοῦστον
1357 4626 1449 4677 τὸν
1481 4623 1843 4694 ἐπικληθέντα

263 4716 554 4788 Βαρσαδᾶω
589 4716 700 4785 (78)
747 4716 1002 4783 γεγονὸς,
1035 4716 1110 4779 ὡς
1168 4715 1490 4787 δηλητήριον
1551 4715 1842 4786 φάρμακον

264 4809 552 4879 ἐμπιόντος
576 4810 670 4861 καί
699 4808 862 4877 μηδὲν
893 4807 1052 4877 ἀηδὲς
1084 4807 1171 4860 διὰ
1206 4808 1300 4879 τὴν
1321 4808 1416 4861 τοῦ
1449 4808 1654 4877 Κυρίου
1683 4807 1844 4876 χάριν

265 4900 675 4970 ὑπομείναντος.
707 4897 908 4950 Τοῦτον
938 4897 995 4950 δὲ
1022 4898 1111 4950 τὸν
1149 4898 1379 4950 Ἰοῦστον
1425 4900 1563 4968 μετὰ
1602 4897 1702 4968 τὴν
1748 4896 1842 4950 τοῦ

265 4992 511 5062 Σωτῆρος
564 4989 870 5058 ἀνάληψιν,
918 4990 1046 5052 τοὺς
1096 4991 1274 5059 ἱεροὺς
1334 4989 1664 5052 ἀποστόλους
1703 4987 1844 5056 μετά

263 5083 480 5139 Ματθία
514 5082 708 5153 στῆσαί
743 5097 799 5133 τε
829 5081 923 5135 καὶ
972 5080 1304 5146 ἐπεύξασθαι
1336 5080 1458 5134 ἀντὶ
1497 5079 1590 5133 τοῦ
1652 5079 1846 5151 προδό-

264 5221 459 5274 merito
521 5220 873 5289 reprehendit
929 5228 1084 5272 vetus
1135 5217 1461 5289 scholiastes
1509 5217 1593 5269 his
1634 5217 1840 5280 verbis,

265 5307 382 5359 quae
413 5293 482 5345 ad
519 5288 823 5358 marginem
858 5291 1062 5359 codicis
1100 5288 1360 5343 Mazariui
1396 5291 1633 5359 ascripta
1669 5299 1838 5359 suut_:

263 5349 326 5414 'J‘i
344 5379 425 5414 σοι
458 5362 551 5414 καὶ
575 5349 689 5424 τοῖς
717 5359 811 5413 τοῦ
840 5357 986 5430 ἱεροῦ
1019 5349 1635 5430 Ιῇλήμεντοςδιαλόγοις,
1685 5349 1844 5418 ἐνοῖς

261 5433 382 5484 ὅσον
416 5433 478 5484 τὸ
517 5432 711 5500 ὄφελος
748 5432 797 5482 οἱ
829 5427 1246 5500 ὀρθοδόξωςήκαὶ
1282 5427 1603 5500 εἰλικρινῶς
1624 5429 1842 5500 ἐντετυ-

262 5501 491 5572 χηκότες
515 5492 702 5570 σαφῶς
756 5492 1175 5572 ἴσασιν.Ἀπαγε
1202 5500 1308 5572 τῶν
1331 5492 1729 5572 διασυρμῶν,ῶ
1758 5496 1846 5572 λος

262 5565 495 5638 Ζξιὶὶλτατε
517 5589 530 5600 ·
571 5565 820 5624 πείσεται
849 5571 957 5638 γάρ
988 5587 1067 5622 σοι
1098 5565 1206 5624 τῶν
1237 5570 1373 5624 ὅλων
1412 5565 1586 5632 οὐδεὶς
1616 5568 1717 5636 τῆς
1745 5565 1840 5619 τοῦ

263 5641 394 5694 Θεοῦ
441 5642 795 5713 Ἐκκλησίας⁶
831 5641 923 5694 τοῦ
954 5640 1268 5713 Κλήμεντος
1299 5641 1522 5713 ἅπαντα.
1543 5642 1598 5691 ἐν
1638 5655 1835 5713 σεμνρ-

263 5713 503 5784 νομένοις
545 5703 666 5765 ἐστὶ
695 5703 807 5775 τοῖς
856 5703 1141 5783 τροφίμοις
1173 5703 1272 5784 τῆς
1311 5711 1614 5774 εὐσεϐείας»
1759 5703 1834 5761 ὧν

263 5783 645 5848 σπουδάζεται.

329 5854 441 5925 (77)
488 5853 934 5926 Συγιατατιὶξαι
983 5852 1111 5918 ταῖς
1141 5854 1494 5919 ἑρμηνείαις.
1536 5852 1610 5907 Ita
1639 5849 1834 5920 legitur

583 5948 855 6007 Ρηιιοι..
905 5945 1019 6005 Gn.
1073 5945 1203 6005 XX.
1268 5983 1271 5988 ι

1950 4619 2402 4687 quemadmodum
2439 4617 2656 4687 Papias.
2694 4619 2786 4687 qui
2827 4617 3021 4671 iisdem
3079 4618 3416 4684 temporibus
3447 4617 3526 4670 vi-

1950 4711 2050 4772 xit,
2083 4711 2384 4764 mirabilem
2417 4713 2710 4779 quamdam
2742 4711 3116 4762 narrationem
3149 4725 3177 4760 a
3207 4707 3437 4778 Philippi
3464 4709 3528 4762 ll-

1948 4803 2122 4856 liabus
2181 4803 2459 4871 accepisse
2527 4817 2585 4856 se
2638 4802 2843 4865 refert,
2899 4816 3260 4869 exponamus.
3323 4800 3529 4855 Scribit

1945 4895 2087 4947 enim
2121 4905 2390 4947 mortuum
2421 4910 2517 4946 sua
2547 4901 2706 4944 actate
2731 4890 2797 4943 ad
2827 4889 2996 4944 vitam
3031 4906 3152 4945 esse
3185 4899 3522 4945 revocatum.

1948 4985 2192 5039 Alterum
2228 4999 2448 5054 quoque
2477 4986 2668 5051 ingens
2700 4981 3019 5036 miraculum
3073 4982 3244 5036 refert
3275 4983 3340 5036 de
3368 4981 3527 5036 Justo

1948 5078 2037 5145 qui
2079 5075 2349 5131 Barsabas
2397 5077 2818 5147 cognominatus
2849 5085 2931 5128 est
2970 5091 2985 5139 ;
3039 5074 3130 5143 qui
3173 5089 3295 5129 cum
3325 5072 3526 5126 lethale

1951 5212 2002 5264 in
2041 5213 2226 5265 codice
2260 5212 2448 5281 Regio,
2487 5222 2542 5266 et
2573 5221 2719 5265 recte
2750 5212 2990 5279 quidem,
3027 5219 3085 5263 ιιι
3114 5209 3326 5277 opinor.
3363 5209 3525 5281 Certe

1951 5282 2179 5335 Ruﬁnus
2214 5279 2362 5352 hunc
2399 5284 2575 5336 locuut
2613 5284 2685 5336 ita
2727 5282 2872 5352 legit,
2913 5295 2970 5334 ut
3004 5297 3070 5334 ex
3117 5283 3368 5352 versione
3406 5279 3522 5348 ejus

1947 5363 2217 5421 apparet:
2250 5351 2374 5407 Non
2430 5353 2638 5423 pigebit-
2671 5349 2845 5404 autem
2893 5368 2984 5404 nos
3040 5352 3132 5403 tibi
3177 5349 3353 5423 omnia
3401 5365 3522 5418 (μυεῖ

1947 5423 2210 5490 quondam
2242 5441 2272 5474 tt
2307 5421 2620 5493 presbyteris
2649 5424 2948 5481 didicimus,
2985 5431 3031 5472 et
3065 5422 3189 5493 bene
3212 5421 3520 5493 retinemus,

1947 5493 2285 5545 recordantes
2337 5490 2592 5561 exponere
2638 5509 2755 5546 cum
2808 5491 3327 5561 interpretationibus
3382 5490 3516 5561 suis.

1948 5561 2159 5630 Reliqui
2192 5573 2374 5616 tamen
2403 5558 2619 5619 codices
2651 5563 2817 5623 Maz..
2851 5558 2987 5615 Med.
3022 5579 3085 5614 ac
3117 5559 3248 5614 Fuit.
3279 5575 3402 5613 cum
3425 5558 3523 5613 Ni-

1947 5637 2189 5705 cepltoro
2211 5635 2485 5705 scriptum
2518 5637 2717 5705 habent
2747 5633 3032 5705 συντάξαι.
3088 5704 3094 5705 γ
3305 5695 3360 5705 Α

2014 5701 2125 5774 (78)
2179 5698 2450 5758 Ἰοῦστον
2482 5704 2586 5758 τὸν
2633 5704 3036 5771 ἐπικληθέντα
3079 5698 3417 5774 Βαρᾳαόᾶν.
3459 5698 3515 5752 In

1945 5769 2118 5825 tritius
2148 5778 2346 5830 ItOsll‘iS
2373 5777 2650 5833 codicibus
2681 5769 2846 5842 Maz.,
2877 5774 3010 5828 Med.
3045 5783 3100 5826 et
3129 5769 3248 5824 [η’-ιιι
3319 5769 3518 5840 legitur

1943 5843 2280 5914 Βαρσαϐϐᾶν.

3129 5936 3204 5995 10
