4140 6430
643 363 747 421 299

1354 371 1624 438 ΕΗΞΕΒΙΙ
1660 374 2139 435 οᾸιδΑιιιΕΝειδ
2176 346 2325 435 ΟΡΡ.
2369 381 2550 440 PARS
2587 383 2629 441 1.
2660 415 2728 425 -
2766 356 3156 445 ΠΙΞΤΟΠΙΟᾸ.

3790 397 3901 453 500

644 480 896 551 poculum
929 482 1213 550 ebibisset,
1252 493 1430 543 tamen
1474 489 1568 546 Dei
1599 491 1812 561 adjutus
1861 494 2061 567 gratia,
2089 495 2187 550 nul

2310 515 2402 551 του
2445 499 2615 554 Ἰούδα
2647 500 2741 554 ἐπὶ
2775 501 2867 554 τὸν
2904 502 3101 575 κλῆρον
3151 502 3251 574 τῆς
3311 504 3750 579 ἀναπληρώσεως
3798 516 3899 567 τοῦ

643 569 752 625 lum
788 572 915 628 inde
960 577 1172 647 accepit
1206 579 1635 638 incommodum.
1686 582 1841 640 Hunc
1894 596 2074 641 autem
2112 585 2208 642 Ju-

640 671 784 719 stum
831 676 954 734 post
1012 668 1223 725 Domini
1275 687 1560 728 ascensum
1612 690 1642 728 a
1688 676 1895 732 sanctis
1956 678 2213 747 apostolis

641 757 958 825 productum
988 774 1110 817 esse
1147 762 1201 814 in
1242 764 1475 818 medium
1514 780 1637 819 cum
1683 765 1931 833 Matthia,
1978 767 2212 824 faciant-

641 861 750 918 que
791 849 857 904 ad
907 850 1075 906 Deum
1110 855 1499 922 precationem,
1558 869 1617 913 ut
1669 858 1809 914 alter
1838 877 2028 917 eorum
2065 872 2211 918 sorte

642 938 957 1005 duceretur,
999 946 1089 1014 qui
1125 946 1176 998 in
1210 946 1387 1001 locum
1423 950 1721 1017 proditoris
1749 949 1904 1007 Judae
1944 954 2211 1008 substitu-

640 1038 729 1087 tus
758 1048 1040 1089 numerum
1075 1039 1310 1105 ipsorum
1340 1039 1605 1109 expleret.
1630 1043 1863 1097 Actuum
1898 1044 2033 1099 liber
2068 1060 2212 1101 com-

639 1138 907 1182 memorat
934 1129 1019 1184 his
1046 1131 1230 1186 verbis
1262 1149 1277 1186 :
1317 1151 1335 1184 ι
1379 1133 1441 1186 Et
1481 1143 1792 1190 statuerunt
1817 1137 1973 1200 duos,
2009 1136 2207 1209 Josepli

638 1220 729 1289 qui
767 1222 1061 1277 vocabatur
1088 1222 1378 1291 Barsabas,
1410 1227 1500 1297 qui
1549 1228 1971 1298 cognominatus
1999 1239 2082 1285 est
2110 1229 2209 1285 Ju-

638 1320 776 1378 stus,
832 1322 888 1367 et
930 1314 1235 1371 Matthiam.
1272 1305 1359 1372 'Et
1406 1328 1622 1373 orantes
1671 1319 1943 1376 dixerunt.
1997 1341 2015 1373 i
2065 1321 2204 1378 Idem

639 1416 905 1471 praeterea
936 1408 1171 1478 scriptor
1198 1409 1302 1464 alia
1336 1410 1591 1465 nonnulla
1623 1412 1779 1465 nuda:
1829 1414 1984 1467 vocis
2033 1415 2198 1468 tradi-

639 1497 786 1553 tione
831 1500 898 1553 ad
948 1515 1007 1554 se
1048 1501 1368 1569 pervenisse
1421 1509 1671 1567 testatur,
1726 1519 1896 1560 novas
1941 1507 2205 1575 quasdam

634 1587 845 1643 scilicet
876 1589 1183 1644 Servatoris
1211 1591 1496 1660 parabolas
1513 1607 1577 1645 ac
1604 1596 2040 1661 prmdicationes,
2065 1598 2203 1652 alia-

633 1692 739 1746 que
799 1678 999 1734 fabulis
1035 1681 1311 1751 pr0piora.
1346 1681 1496 1736 Inter
1521 1700 1641 1754 qua:
1669 1696 1724 1738 et
1751 1686 1897 1742 mille
1937 1703 2201 1744 annorum

633 1768 864 1839 spatium
886 1781 1017 1839 post
1044 1787 1333 1842 corporum
1373 1779 1833 1832 resurrectionem
1877 1779 1993 1834 fore
2048 1781 2200 1847 dicit,

2322 588 2500 642 αὐτῶν
2531 590 2789 662 ἀριθμοῦ,
2830 594 2863 663 ἡ
2917 594 3026 646 τῶν
3066 594 3325 666 Πράξεων
3377 589 3478 650 ὧδέ
3539 616 3657 663 πως
3691 603 3901 677 ἱστορεῖ

2321 683 2536 752 γραφήο
2578 703 2595 733 ι
2621 683 2730 737 Καὶ
2756 683 2990 755 ἔστησαν
3018 686 3144 749 δύο,
3190 687 3387 759 Ἰωσὴφ
3426 690 3518 743 τὸν
3564 693 3901 766 καλούμενον

2320 773 2607 843 Βαρσαϐᾶν
2636 776 2694 839 ὃς
2723 776 2993 849 ἐπεκλήθη
3049 778 3278 843 Ἰοῦστος
3297 820 3313 843 ,
3347 782 3441 834 καὶ
3472 784 3720 840 Ματθίαν
3740 806 3753 818 ο
3801 789 3903 843 καὶ

2320 866 2749 936 προσευξάμενοι
2777 862 2949 922 εἷπον.
2982 889 3001 921 ι
3033 871 3142 923 Καὶ
3175 870 3311 925 ἄλλα
3336 872 3392 925 δὲ
3411 875 3437 926 ὁ
3462 875 3623 939 αὐτὸς
3658 894 3901 949 συγγρα-

2319 957 2453 1024 φεὺς
2485 958 2561 1021 ὡς
2595 960 2659 1012 ἐκ
2689 961 3037 1033 παραδόσεως
3066 962 3312 1034 ἀγράφου
3361 966 3441 1029 είς
3484 966 3645 1021 αὑτὸν
3692 970 3902 1041 ἥκοντα

2320 1050 2726 1122 παρατέθειται,
2760 1052 2915 1119 ξένας
2947 1054 3008 1107 τέ
3045 1072 3194 1120 τινας
3219 1057 3532 1128 παραϐολὰς
3557 1059 3651 1114 τοῦ
3708 1062 3863 1135 Σωτῆ
3886 1093 3897 1100 -

2320 1159 2410 1213 ρος
2443 1144 2535 1195 καὶ¹
2562 1143 2906 1208 διδασκαλίας
2931 1145 3116 1214 αὐτοῦ,
3151 1148 3242 1200 καί
3301 1166 3421 1202 τινα
3466 1149 3601 1204 ἄλλα
3650 1152 3900 1223 μυθικώ-

2315 1250 2465 1304 τερα.
2507 1235 2595 1287 Ἑν
2628 1230 2706 1298 οἷς
2740 1236 2834 1288 καὶ
2857 1236 3069 1305 χιλιάδα
3115 1240 3237 1291 τινᾶ
3275 1256 3439 1311 φησιν
3476 1242 3615 1294 ἐτῶν
3669 1244 3893 1299 ἔσεσθαι

2318 1323 2455 1395 μετά
2475 1324 2571 1396 τὴν
2599 1326 2664 1378 ἐκ
2696 1327 2907 1397 νεκρῶν
2939 1328 3257 1393 ἀνάστασιν,
3305 1333 3629 1401 σωματικῶς
3662 1336 3763 1406 τῆς
3793 1336 3894 1389 τοῦ

2313 1415 2548 1485 Χριστοῦ
2584 1414 2861 1485 βασιλείας
2889 1418 2979 1469 ἐπὶ
3007 1420 3238 1489 ταυτησὶ
3283 1419 3386 1489 τῆς
3436 1421 3541 1493 γῆς
3585 1424 3894 1495 ὑποστησο-

2317 1505 2503 1576 μένης.
2546 1508 2612 1559 "A
2639 1508 2732 1561 καὶ
2767 1509 3006 1580 ἠγοῦμαι
3036 1510 3133 1574 τὰς
3164 1511 3524 1577 ἀποπολικάς
3558 1516 3897 1586 παρεκδεξά-

2315 1614 2472 1667 μενον
2503 1598 2800 1670 διηγήσεις,
2829 1601 3136 1657 ὑπολαϐεῖν.
3172 1605 3238 1658 τὰ
3266 1608 3321 1657 ἐν
3358 1606 3716 1678 ὑποδείγμασι
3750 1610 3893 1681 πρὸς

2311 1686 2486 1739 αὐτῶν
2513 1689 2788 1757 μυστικῶς
2823 1690 3089 1761 εἰρημένα
3129 1693 3202 1763 μὴ
3226 1698 3625 1768 συνεωρακότα.
3676 1701 3890 1771 Σφόδρα

2311 1777 2418 1848 γάρ
2444 1795 2525 1831 τοι
2556 1780 2785 1851 σμικρὸς
2816 1780 2891 1835 ὣν
2919 1768 3008 1836 τὸν
3045 1785 3193 1849 νοῦν,
3227 1786 3302 1851 ὡς
3329 1787 3393 1840 ἂν
3443 1790 3507 1842 ἐκ
3558 1789 3667 1844 τῶν
3718 1794 3887 1847 αὑτοῦ

632 1868 740 1921 quo
772 1868 997 1925 regnum
1026 1854 1226 1909 Christi
1263 1859 1627 1924 corporaliter
1658 1871 1762 1915 stet
1813 1862 1865 1915 in
1909 1863 2042 1917 orbe
2095 1872 2187 1917 ter-

2301 1866 2474 1938 λόγων
2501 1873 2916 1944 τεκμηράμενον
2938 1876 3132 1940 εἰπεῖν,
3165 1878 3411 1945 φαίνεται
3432 1896 3446 1911 ο
3479 1881 3617 1954 πλὴν
3653 1883 3747 1938 καὶ
3773 1888 3887 1945 τοῖς

630 1961 837 2003 rerum.
892 1946 1021 2015 Quae
1056 1948 1281 2017 quidem
1311 1951 1384 2005 ita
1418 1952 1672 2020 opinatus
1701 1968 1823 2007 esse
1849 1955 2071 2009 videtur
2101 1956 2200 2010 Pa-

614 2037 746 2108 .pias
778 2052 845 2093 ex
882 2039 1019 2092 male
1045 2039 1336 2095 intellectis
1367 2043 1732 2110 apostolorum
1772 2046 2194 2111 narrationibus,

628 2142 751 2181 cum
781 2142 843 2184 ea
875 2144 994 2200 qua:
1014 2144 1215 2184 arcano
1238 2133 1469 2199 quodam
1494 2148 1658 2187 sensu
1687 2143 1741 2187 et
1766 2136 1996 2202 exempli
2029 2151 2194 2191 causa

625 2218 695 2272 ab
720 2218 824 2274 illis
851 2219 1188 2285 dicebantur,
1227 2223 1490 2278 nonsatis
1522 2225 1866 2289 pervidisset.
1902 2226 2193 2281 Fuitenim

624 2311 883 2367 mediocri
910 2312 1200 2367 admodum
1234 2315 1449 2381 ingenio
1481 2317 1762 2385 praeditus,
1797 2327 1854 2372 ut
1877 2334 1944 2372 ex
1976 2320 2196 2389 scriptis

603 2400 769 2457 .illius
802 2402 1080 2471 conjicere
1121 2404 1264 2459 licet.
1301 2405 1586 2476 Plerisque
1618 2417 1796 2462 tamen
1845 2420 1967 2479 post
2018 2409 2192 2480 ipsum

601 2490 1014 2550 ecclesiasticis
1038 2496 1399 2565 'scripioribus
1442 2498 1683 2568 ejusdem
1713 2501 1921 2555 erroris
1943 2504 2193 2556 occasio-

610 2601 749 2643 ‘nem
788 2588 1046 2658 .pra'buit,
1105 2590 1343 2644 hominis
1361 2600 1644 2646 ~vctustate
1672 2596 1997 2649 sententiam
2038 2611 2191 2649 suam

619 2678 942 2734 tuentibus:
990 2689 1114 2751 pii-ta
1158 2680 1380 2745 Irenaeo,
1430 2694 1484 2738 et
1525 2685 1568 2737 si
1605 2686 1728 2753 quis
1770 2685 1906 2740 alius
1944 2686 2188 2753 ejusdem

608 2768 895 2839 opinionis
941 2768 1126 2825 lantor
1173 2773 1402 2827 exstitit.
1438 2773 1587 2828 Alias
1626 2790 1838 2843 quoque
1889 2777 2187 2844 supradicti

616 2860 913 2917 Arislionis
941 2863 1317 2918 enarratioues
1349 2881 1662 2919 sermonum
1718 2867 1951 2932 Domini,
2004 2878 2058 2923 et
2090 2868 2187 2922 Je-

617 2955 1128 3030 ann-ispresbyteri
1181 2960 1501 3014 traditiones
1557 2958 1723 3013 refert
1759 2961 1812 3014 in
1853 2961 1968 3014 suis
2009 2961 2183 3016 libris.

618 3046 769 3115 Quas
797 3048 1038 3105 discendi
1063 3051 1320 3106 studiosis
1360 3052 1638 3105 indicasse
1668 3053 1930 3117 contenti,
1967 3069 2079 3107 rem
2116 3053 2185 3108 il-

614 3140 747 3210 lam,
795 3156 964 3213 quam
1012 3142 1078 3198 de
1122 3141 1304 3197 Marco
1355 3142 1688 3210 evangelista
1746 3143 1884 3197 idem
1943 3145 2187 3214 scriptor

2305 1963 2421 2032 μετ’
2446 1963 2605 2016 αὐτὸν
2626 1963 2894 2028 πλείστοις
2921 1966 3065 2029 ὅσοις
3090 1967 3196 2020 τῶν
3238 1969 3707 2046 ἐκκλησιαστικῶν
3730 2014 3743 2036 ,
3780 1975 3883 2045 τῆς
3939 2011 3955 2024 .

2299 2054 2487 2124 ὁμοίας
2520 2054 2667 2124 αὐτῷ
2687 2055 2843 2127 δόξης
2874 2058 3158 2129 παραίτιος
3186 2060 3394 2129 ιέγονε,
3416 2063 3517 2132 τὴν
3546 2065 3884 2136 ἀρχαιότητα

2298 2147 2525 2218 τάνδρὸς
2565 2149 3046 2220 προϐεϐλημένοις,
3077 2152 3264 2223 ὥσπερ
3299 2151 3392 2208 οὖν
3427 2156 3699 2229 Εἰρηναίῳ
3721 2198 3736 2222 ,
3787 2160 3884 2212 καὶ

2299 2238 2351 2291 εί
2380 2256 2464 2301 τις
2502 2238 2659 2303 ἄλλος
2684 2240 2750 2294 τὰ
2768 2241 2925 2311 ὃμοια
2959 2243 3171 2314 φρονῶν
3195 2247 3559 2317 ἀναπέφηνεν.
3579 2249 3689 2302 Καὶ
3710 2249 3880 2314 ἄλλας

2297 2328 2353 2381 δὲ
2388 2331 2454 2400 τῇ
2488 2330 2593 2402 ἰδίᾳ
2613 2334 2796 2403 γραφῇ
2825 2334 3190 2404 παραδίδωσιν
3242 2338 3585 2409 Ἀριστίωνος
3612 2341 3707 2394 τοῦ
3744 2342 3881 2412 πρό-

2299 2422 2422 2475 σθεν
2446 2422 2813 2495 δεδηλωμένου
2844 2426 2952 2479 τῶν
2977 2428 3071 2481 τοῦ
3132 2430 3335 2501 Κυρίου
3388 2430 3559 2500 λόγων
3590 2434 3878 2507 διηγήσεις

2298 2514 2430 2586 (79),
2462 2514 2556 2569 καὶ
2583 2516 2675 2569 τοῦ
2710 2519 3084 2592 πρεσϐυτέρου
3126 2522 3370 2575 Ἰωάννου
3399 2526 3749 2594 παραδόσεις,
3786 2529 3876 2597 ἐφ’

2294 2603 2360 2668 ἃς
2386 2607 2512 2671 τοὺς
2555 2609 2873 2679 φιλομαθεῖς
2914 2611 3353 2683 ἀναπέμψαντες,
3420 2617 3731 2686 ἀναγκαίως
3776 2620 3873 2674 νῦν

2296 2698 2671 2769 προσθήσομεν
2693 2703 2814 2764 ταῖς
2843 2704 3284 2774 προεκτεθείσαις
3313 2705 3479 2760 αὐτοῦ
3521 2713 3726 2777 φωναῖς
3758 2728 3870 2764 πα·-

2297 2789 2525 2858 ράδοσιν,
2561 2793 2594 2862 ἦ
2624 2792 2750 2862 περὶ
2774 2793 3000 2863 Μάρκου
3048 2794 3142 2847 τοῦ
3175 2793 3235 2848 τὸ
3287 2796 3615 2867 Εὐαγγέλιον
3666 2817 3870 2873 γεγρα-

2292 2878 2449 2948 φότος
2473 2879 2775 2933 ἐκτέθειται
2796 2881 2882 2935 διὰ
2910 2882 3143 2936 τούτων·
3177 2904 3195 2936 ι
3236 2888 3346 2939 Καὶ
3368 2887 3529 2941 τοῦτο
3572 2893 3601 2943 ὁ
3635 2893 3871 2962 πρεσϐύ-

2290 2986 2448 3041 τερος
2475 2970 2651 3039 ἔλεγε·
2710 2973 2938 3044 Μάρκος
2985 2975 3084 3043 μὲν
3125 2976 3463 3049 ἑρμηνευτὴς
3508 2981 3715 3052 Πέτρου
3755 2983 3867 3055 (80)

2291 3061 2597 3132 γενόμενος,
2628 3063 2727 3116 ὅσα
2757 3066 3178 3137 ἐμνημόνευσεν,
3218 3070 3459 3142 ἀκριϐῶς
3494 3072 3764 3144 ἔργαψεν,
3802 3077 3868 3129 οὐ

2292 3149 2471 3219 μέντοι
2525 3148 2675 3216 τάξει
2703 3152 2771 3205 τὰ
2795 3154 2899 3208 ὑπὸ
2929 3156 3023 3209 τοῦ
3053 3158 3288 3229 Χριστοῦ
3322 3160 3353 3229 ἢ
3382 3160 3695 3236 λεχθένταῆ
3726 3182 3870 3237 πρα-

613 3232 1082 3298 coinmeinoravit,
1113 3232 1489 3303 superioribus
1520 3233 1638 3301 ejus
1667 3234 1850 3288 verbis
1890 3235 2182 3291 subnecte-

2293 3241 2512 3312 χθέντα’
2546 3243 2666 3298 οὔτε
2692 3245 2801 3317 γὰρ
2827 3247 3028 3316 ἤκουσε
3056 3224 3150 3303 τοῦ
3179 3224 3408 3321 Κυρίου,
3442 3224 3565 3306 οὔτε
3622 3224 3866 3327 παρηκο-

612 3337 755 3378 mus.
790 3341 810 3374 ι
838 3322 1036 3377 Aiebat
1065 3322 1254 3382 etiam,
1276 3321 1470 3390 inquit,
1493 3322 1774 3392 presbyter
1800 3321 1888 3377 ille
1920 3321 2181 3390 Marcum,

611 3411 757 3469 Petri
779 3413 1153 3480 interpretem,
1175 3411 1333 3480 113
1361 3426 1699 3481 quaecunque
1729 3412 2006 3466 memoriae
2031 3428 2184 3467 man—

602 3506 855 3568 daverat,
904 3502 1191 3573 diligenter
1234 3503 1660 3572 perscripsisse:
1710 3518 1815 3557 non
1869 3511 2048 3558 tamen
2094 3517 2185 3558 or-

599 3596 737 3651 dine
765 3596 1100 3665 pertexuisse
1127 3611 1247 3666 qua:
1281 3611 1311 3649 a
1339 3597 1567 3651 Domino
1600 3605 1692 3650 aut
1721 3596 1867 3650 dicta
1905 3607 1998 3651 aut
2022 3605 2181 3667 gesta

606 3686 846 3742 fuerant.
871 3686 1055 3758 Neque
1082 3679 1228 3744 eiiim
1264 3689 1380 3756 ipse
1424 3689 1710 3743 Dominum
1759 3688 2044 3745 audiverat
2087 3698 2181 3743 aut

602 3787 850 3835 sectatus
877 3777 1070 3834 .fuerat
1105 3796 1363 3850 unquam.
1406 3779 1513 3834 Sed
1568 3796 1692 3834 cum
1742 3780 1923 3848 Petro,
1960 3781 2178 3847 utdixi,

606 3880 795 3942 postea
818 3882 1066 3927 versatus
1111 3884 1215 3938 est,
1251 3875 1344 3944 qui
1392 3890 1490 3943 pro
1520 3874 1858 3928 audientium
1912 3876 2176 3938 utilitate,

604 3978 716 4020 non
746 3978 879 4019 vero
916 3974 976 4018 ut
1003 3980 1319 4019 sermonum
1354 3965 1565 4022 Domini
1603 3966 1882 4020 historiam
1927 3976 2182 4021 contexe-

606 4063 717 4122 ret,
784 4055 1137 4127 Evangelium
1172 4058 1520 4125 praedicabat.
1556 4059 1826 4127 Quocirca
1871 4060 2006 4113 nihil
2044 4075 2172 4129 pec-

605 4144 753 4200 cavit
779 4145 1014 4210 Marcus,
1044 4147 1137 4217 qui
1169 4148 1421 4201 nonnulla
1472 4149 1545 4203 ita
1588 4150 1829 4219 scripsit,
1860 4160 2021 4217 prout
2061 4148 2176 4217 ipse

604 4237 868 4291 memoria
902 4240 1201 4306 repetebat.
1249 4237 1303 4291 ld
1335 4240 1534 4308 quippe
1589 4255 1754 4292 unum
1808 4240 2083 4298 studebat.
2117 4248 2174 4293 ut

603 4336 672 4376 ne
707 4322 839 4391 quid
873 4339 1061 4378 eorum
1093 4338 1213 4392 quae
1250 4325 1517 4389 audierat.
1562 4329 2030 4397 praetermitteret,
2083 4339 2176 4383 aut

599 4429 671 4470 ne
694 4413 823 4497 quid
847 4414 968 4469 falsi
1010 4414 1091 4472 eis
1126 4415 1421 4486 allingeret.
1451 4438 1469 4470 ι
1509 4419 1632 4474 llaec
1661 4420 1728 4475 de
1763 4420 1945 4476 Marco
1976 4421 2174 4491 Papias

593 4514 807 4559 narrat.
840 4504 914 4559 De
940 4503 1191 4560 Matthaco
1220 4521 1348 4562 vero
1378 4509 1459 4563 sic
1488 4509 1653 4564 habet
1678 4509 2173 4582 :iMatthteusqui—

599 4594 745 4660 deni,
784 4594 982 4664 inquit,
1014 4593 1281 4651 Hebraico
1310 4612 1561 4651 sermone
1593 4599 1772 4653 divina
1800 4600 2023 4670 scripsit
2045 4616 2171 4655 ora-
2209 4580 2251 4637 ί)

594 4685 724 4741 cula
767 4703 782 4741 :
841 4688 1233 4757 interpretatus
1277 4697 1372 4743 est
1408 4700 1586 4744 autem
1639 4692 2017 4761 unusquisque
2076 4692 2171 4747 illa

594 4788 758 4852 prout
798 4780 994 4850 potuit.
1029 4799 1050 4832 ι
1089 4779 1275 4835 Porro
1312 4782 1450 4836 idem
1499 4780 1689 4852 Papias
1737 4784 2063 4839 testimoniis
2100 4801 2169 4841 ex

594 4871 778 4941 priore
802 4869 1028 4927 Joannis
1059 4870 1319 4942 Epistola,
1365 4884 1420 4928 et
1465 4889 1531 4929 ex
1578 4876 1759 4945 priore
1804 4876 1989 4931 itidem
2020 4876 2166 4933 Petri

642 5056 757 5133 (79)
782 5056 1023 5133 Tincam?
1038 5059 1259 5127 Κυρίου
1272 5061 1473 5133 λόγων
1490 5061 1818 5133 διηγήσεις.
1847 5066 2010 5121 Recte
2031 5068 2172 5124 Mus-

589 5128 747 5185 culus
784 5131 1145 5210 enarratione:
1176 5128 1367 5184 vertit.’
1388 5128 1673 5210 llocﬁenim
1704 5128 1865 5210 sensu
1892 5136 2170 5210 διηγήσεις

591 5199 1111 5273 usurpat__Eusebius
1136 5215 1243 5273 non
1271 5201 1457 5273 semel.
1492 5201 1581 5273 Sic
1607 5206 1766 5273 paulo
1795 5199 2168 5265 aiitea'i'u'tioc

589 5286 652 5324 ca
694 5269 767 5324 ite
797 5269 931 5324 dixit
963 5287 978 5323 :
1006 5270 1072 5322 Ἃ
1087 5271 1182 5323 καὶ
1202 5270 1440 5353 ἡγουμαι
1458 5272 1557 5353 τὰς
1581 5269 1940 5355 ἀποστολικὰς
1957 5296 2167 5362 παρεκ-

586 5285 878 5405 δεὲάμενον
903 5340 1205 5405 διηγήσεις.
1242 5341 1503 5405 Origenes
1533 5360 1584 5396 in
1610 5345 1706 5398 lib.
1734 5362 1787 5399 iv
1849 5348 1924 5400 De
1963 5354 2162 5405 princi-

588 5355 878 5409 σεςαμενον
903 5355 1205 5410 οιηγησεις.
1242 5355 1503 5410 Urigenes
1533 5360 1584 5396 in
1610 5355 1706 5398 uti.
1734 5362 1787 5399 iv
1849 5355 1924 5400 De
1962 5355 2162 5416 princi-

588 5409 712 5475 piis,
743 5407 843 5461 Διά
868 5409 1026 5462 τοῦτο
1063 5412 1226 5534 ἡμεῖς
1248 5412 1361 5493 ’καὶ
1397 5410 1458 5464 τὸ
1490 5414 1549 5467 ἐν
1573 5414 1789 5500 τῷ]ὑπό
1812 5434 2166 5502 τινωηκατα-

588 5478 936 5534 φθονουμένῳ
982 5479 1101 5534 Βιόλ
1125 5499 1169 5534 ω
1207 5499 1283 5534 τω
1316 5484 1577 5534 Ποιυένι.
1623 5504 1764 5534 ουτω
1804 5488 2155 5534 διπηγουωξθηιΔ

631 5478 936 5559 ρονουμένῳ
981 5478 1169 5563 βιϐλίῳ
1207 5479 1283 5552 τῷ
1316 5484 1577 5606 Hatram,
1621 5478 1764 5540 οὕτω
1804 5487 2157 5561 διηγούμεθα.

640 5550 874 5620 idequae
898 5562 1087 5620 notaVi
1119 5554 1185 5605 ad
1216 5568 1335 5620 cap.
1371 5554 1393 5606 1
1465 5556 1555 5609 lib.
1594 5571 1687 5610 \‘ll.

640 5565 725 5602 ine
750 5565 874 5618 quae
908 5565 1087 5604 tt0l.:tV|
1119 5565 1185 5605 ait
1216 5568 1335 5620 cap.
1371 5565 1436 5606 14
1465 5565 1555 5609 lio.
1594 5571 1687 5610 \‘ll.

658 5618 772 5688 (80)
815 5619 1053 5693 Μάρκος
1095 5621 1467 5692 ἑρμηνευτὴς
1495 5625 1741 5693 Πέτρου.
1792 5627 2027 5682 Marcum
2071 5632 2156 5685 in-

586 5695 877 5767 terpretem
924 5689 1069 5767 Petri
1103 5689 1259 5767 mea
1288 5689 1451 5748 etiam
1495 5689 1861 5767 Hieronymus
1894 5700 1946 5753 in
1990 5698 2156 5755 Cata-

581 5757 721 5840 lqya,
757 5774 822 5813 ex
851 5762 951 5840 hoc
985 5760 1164 5832 Papiae
1191 5764 1328 5840 loco,
1352 5777 1428 5840 ni
1466 5757 1871 5840 opinorfllinc
1901 5774 2155 5840 estquod

581 5827 822 5898 plerique
851 5827 1163 5889 Graecorum
1198 5833 1363 5891 Marci
1389 5827 1736 5908 Evaiigclium
1784 5856 1812 5893 a
1854 5827 2042 5897 Petro.
2073 5842 2152 5898 di-

1465 5556 1555 5609 lib.
1594 5571 1687 5610 \‘ll.

2287 3332 2545 3405 λούθησεν
2590 3336 2779 3405 αὐτῷ,
2844 3338 3068 3410 ὕστερον
3102 3340 3178 3403 δὲ,
3222 3341 3297 3404 ὡς
3339 3342 3495 3414 ἔφην,
3538 3345 3749 3423 Πέτρῳ,
3803 3345 3865 3411 ὃς

2289 3425 2426 3498 πρὸς
2457 3428 2555 3491 τὰς
2588 3430 2772 3499 χρείας
2804 3431 3038 3484 ἐποιεῖτο
3057 3432 3154 3501 τὰς
3183 3433 3531 3502 διδασκαλίας
3552 3479 3568 3503 ,
3606 3439 3722 3492 ἀλλ’
3762 3440 3863 3510 οὐχ

2284 3519 2474 3591 ὥσπερ
2522 3521 2769 3587 σύνταξιν
2812 3524 2920 3577 τῶν
2958 3527 3237 3595 κυριακῶν
3286 3529 3605 3600 ποιούμενος
3663 3530 3863 3600 λόγων

2284 3610 2423 3664 ὥστε
2450 3612 2597 3666 οὐδὲν
2635 3614 2849 3685 ἥμαρτε
2878 3616 3099 3689 Μάρκος
3120 3659 3133 3677 ,
3167 3619 3340 3683 οὕτως
3372 3620 3486 3673 ἔνια
3527 3621 3744 3693 γράψας
3782 3622 3860 3687 ὡς

2284 3704 2787 3775 ἀπεμνημόνευσεν.
2832 3707 2977 3771 Ἐνὸς
3000 3709 3108 3781 γὰρ
3140 3712 3433 3782 ἐποιήσατο
3459 3714 3735 3784 πρόνοιαν,
3757 3715 3855 3768 τοῦ

2287 3794 2453 3866 μηδὲν
2481 3790 2555 3850 ὧν
2582 3798 2779 3868 ἤκουσε
2811 3799 3158 3869 παραλιπεῖν,
3200 3803 3232 3872 ἢ
3267 3802 3569 3872 ψεύσασθαί
3599 3822 3649 3857 τι
3682 3806 3739 3857 ἐν
3762 3805 3859 3858 αὒ-

2282 3889 2411 3949 τοῖς.
2454 3906 2472 3937 i
2511 3888 2695 3942 Ταῧτα
2725 3889 2823 3959 μὲν
2856 3888 2949 3942 οὖν
2970 3891 3247 3962 ἱστόρηται
3275 3891 3352 3962 τῷ
3376 3892 3566 3965 Παπίᾳ
3600 3893 3728 3964 περὶ
3758 3893 3857 3948 τοῦ

2281 3980 2530 4052 Μάρκου.
2561 3982 2694 4051 Περὶ
2715 3982 2770 4035 δὲ
2791 3983 2884 4035 τοῦ
2910 3983 3186 4037 Ματθαίου
3224 3985 3376 4038 ταῦτ’
3400 3984 3643 4056 είρηται’
3675 3988 3856 4041 «Ματ-

2281 4070 2428 4135 θαῖος
2457 4073 2556 4143 μὲν
2582 4070 2675 4127 οὖν
2722 4075 2956 4146 Ἐϐραΐδι
3005 4076 3268 4147 διαλέκτῳ
3309 4076 3377 4129 τά
3404 4077 3560 4145 λόγια
3592 4078 3853 4149 συνεγρά-

2278 4163 2432 4233 ψατο.
2478 4166 2815 4237 Ἰίρμήνευσε
2840 4167 2883 4219 δ’
2909 4168 3045 4243 αξιτά
3075 4168 3149 4231 ὼς
3173 4168 3400 4238 ἠδύνατο
3427 4170 3654 4235 ἕκαστος
3681 4171 3847 4241 (81).»

2279 4255 2560 4329 Κέχρηται
2587 4257 2629 4309 δ’
2650 4259 2679 4310 ὁ
2714 4258 2875 4323 αὐτὸς
2910 4261 3235 4332 μαρτυρίαις
3285 4263 3395 4316 ἀπὸ
3453 4264 3551 4332 τῆς
3583 4265 3851 4330 ,Ἰωάννου

2279 4346 2549 4417 προτέρας
2594 4349 2932 4420 Ἐπιστολῆς.
2958 4351 3050 4403 καὶ
3077 4352 3178 4422 τῆς
3227 4353 3437 4432 Πέτρρυ
3469 4354 3689 4425 ὁμοίως.
3731 4358 3851 4411 Ἐκ-

2277 4434 2512 4489 τέθειται
2543 4436 2598 4489 δὲ
2619 4440 2709 4491 καὶ
2749 4439 2913 4510 ἄλλην
2955 4442 3193 4510 ἱστορίαν
3246 4445 3374 4515 περὶ
3429 4448 3702 4513 γυναικὸς,
3755 4449 3850 4503 ἐπὶ

2278 4526 2499 4591 πολλαῖς
2520 4530 2815 4601 ἁμαρτίαις
2843 4533 3222 4607 διαδληθείσης
3250 4537 3342 4589 ἐπὶ
3378 4536 3472 4590 τοῦ
3508 4538 3850 4609 Κυρίου.Ἦν

2277 4618 2340 4671 τὸ
2369 4623 2510 4673 Κατ’
2528 4621 2833 4690 Ἐϐραίους
2855 4628 3234 4696 Εὐαγγέλιον
3262 4628 3522 4698 περιέχει.
3555 4632 3663 4683 Καὶ
3677 4632 3848 4686 ταῦτα

2276 4707 2319 4761 δ’
2357 4710 2481 4781 ἡμῖν
2533 4713 2845 4781 ἀναγκαίως
2904 4718 3040 4789 πρὸς
3085 4722 3196 4782 τοῖς
3242 4720 3540 4774 ἐκτεθεῖσιν
3598 4726 3849 4797 ἐπιτετη-

2278 4801 2345 4872 ρή
2353 4802 2480 4856 σθω.

2372 4894 2550 4962 Τέλος
2599 4896 2706 4951 τοῦ
2753 4896 2860 4967 τῆς
2880 4902 3399 4975 ἐκκλησιαστικῆς
3458 4904 3742 4975 Ἱστορίας

2856 4973 3040 5040 λόγου
3058 4974 3277 5039 τρίτου.

2278 5087 2481 5149 etatiiiii
2529 5097 2647 5137 esse
2684 5085 2944 5139 scribunt.
2994 5085 3072 5140 Ita
3116 5087 3449 5144 Athanasius
3497 5093 3549 5146 in
3606 5102 3840 5149 tractatu

2280 5148 2354 5203 De
2378 5152 2525 5226 libris
2559 5170 2729 5226 sacra?
2767 5153 3075 5226 Scriptum.
3117 5157 3269 5222 Quod
3314 5164 3584 5226 quomodo
3642 5148 3844 5218 intelli-

2276 5222 2508 5299 gendum
2524 5225 2613 5287 sit,
2648 5225 2803 5278 docet
2822 5226 2921 5299 _l_iic
2948 5225 3123 5294 Papiae
3150 5222 3533 5299 locus-Neque
3554 5233 3694 5286 enim
3723 5238 3843 5287 exi-

2274 5290 2605 5360 stimandum
2656 5305 2762 5359 est,
2815 5290 3048 5349 Marcum
3101 5312 3167 5350 ex
3224 5314 3323 5353 ore
3379 5290 3632 5356 dictantis
3686 5303 3835 5360 Petri

2275 5357 2626 5433 Epvangelium
2664 5357 2817 5417 suum
2865 5366 3178 5433 excepisse;
3225 5370 3315 5420 sed
3344 5384 3466 5424 cum
3498 5371 3588 5426 Pet
3602 5388 3716 5426 rum
3747 5357 3841 5426 an-

2273 5430 2443 5509 disset
2481 5435 2711 5509 verbnni
2740 5433 2831 5486 Dei
2867 5430 3083 5509 .Iiideeis
3113 5430 3376 5492 llcbraice
3425 5441 3831 5509 praedicantem.

2265 5497 2506 5577 ἥξοι-οων
2540 5504 2748 5571 singula
2776 5518 2903 5577 quae
2928 5507 2995 5557 ad
3026 5505 3299 5561 Christum
3328 5497 3692 5577 periinebant,
3720 5497 3836 5566 stu;

2264 5570 2417 5625 diose
2453 5570 2741 5638 digessisse
2764 5574 2951 5627 Graeco
2991 5590 3259 5632 sermone.

2332 5641 2472 5722 (ξί)-
2500 5642 2905 5722 Ὠςιήδύνατο
2950 5643 3227 5722 ἕκαστος.
3275 5646 3609 5722 ῌὶοοριιοτιιε
3646 5650 3830 5722 habet,

2258 5707 2676 5792 ὡς’,ἧνδξςξνατὸς
2694 5713 2945 5792 ἕκαστος,
2976 5716 3060 5792 (ιιιί
3087 5707 3432 5792 subscribam
3454 5731 3701 5790 .quatuor
3730 5707 3833 5777 no;

2260 5782 2357 5836 sui
2387 5783 2598 5838 codices
2629 5783 2787 5851 Maz.,
2815 5784 2974 5851 Med.,
3012 5784 3146 5842 Fuit.
3180 5796 3235 5844 et
3265 5782 3593 5847 Saiiliaiius.
