4096 6446
528 371 636 426 ’515

1236 365 1508 424 EUSEBII
1546 369 2022 426 CAESARIENSIS
2062 371 2215 426 OPP.
2254 371 2439 426 PARS
2477 374 2515 427 Ι.
2554 404 2626 441 -_—
2664 372 3052 428 HISTORICA.

3671 373 3775 427 sui

524 493 786 546 honorem
861 487 1021 559 119
1092 486 1221 543 Elii
1274 488 1495 543 Adriani
1549 489 1893 558 imperatoris
1951 488 2084 544 [Elin

2200 490 2368 561 ψασα,
2405 493 2485 555 εἰς
2524 492 2622 562 τὴν
2664 490 2755 544 τοῦ
2802 490 3127 563 κρατοῦντος
3153 490 3331 542 Αἰλίου
3388 488 3663 560 Ἀδριανοιῦ
3692 506 3773 541 τι-

522 589 825 648 nuncupata
876 584 978 632 est.
1024 576 1092 631 Et
1136 592 1256 632 cum
1309 575 1545 632 Ecclesia
1582 576 1820 644 ejusdem
1870 578 1973 633 loci
2022 595 2089 635 ex

521 669 768 740 gentibus
811 668 1133 731 coaluisset,
1168 668 1375 736 primus
1407 676 1528 736 post
1561 670 1843 738 episcopos
1881 684 1948 723 ex
1981 670 2091 723 cir-

519 760 854 816 cumcisione
919 758 1285 814 sacerdotium
1351 758 1496 813 illius
1551 759 1791 814 civitatis
1847 761 2090 830 suscepit

521 847 758 903 Marcus.

1112 936 1338 993 CAPUT
1375 936 1491 992 Vll.

521 1047 748 1115 Quinam
783 1064 843 1103 eo
878 1061 1104 1117 tempore
1126 1048 1278 1119 falso:
1304 1050 1557 1104 doctrina:
1585 1050 1741 1104 duces
1769 1051 2086 1105 exstiterint.

589 1182 760 1240 Porro
786 1183 1043 1241 Ecclesiis
1075 1184 1186 1254 jam
1219 1201 1312 1255 per
1350 1186 1663 1242 universum
1708 1187 2089 1241 orbeminstar

522 1275 950 1331 clarissimorum
976 1277 1210 1332 siderum
1238 1277 1587 1346 fulgentibus,
1633 1290 1687 1332 et
1733 1279 1948 1347 vigente
1994 1293 2089 1348 per

521 1382 711 1423 omnes
753 1369 1000 1423 tiationes
1045 1368 1151 1425 ﬁde
1200 1370 1256 1424 in
1306 1370 1592 1424 Dominum
1638 1385 1702 1424 ac
1740 1369 2084 1425 Servatorem

525 1467 766 1515 nostrum
815 1458 997 1515 Jcsum
1050 1461 1364 1529 Christum,
1402 1461 1672 1531 malignus
1722 1461 1810 1516 ille
1853 1463 2084 1528 dannon,

523 1561 705 1622 utpote
730 1554 967 1607 veritatis
989 1553 1234 1608 inimicus
1256 1594 1270 1616 ,
1306 1562 1361 1608 et
1406 1553 1657 1607 humanm
1691 1553 1886 1608 salutis
1916 1554 2086 1608 hostis

520 1654 737 1711 semper
777 1641 1195 1708 infestissimus,
1240 1657 1436 1699 omnes
1499 1644 1780 1699 machinas
1826 1648 2087 1700 adversus

523 1732 815 1788 Ecclesiam
847 1735 1250 1804 movens,prius
1289 1734 1506 1804 quidem
1537 1736 1782 1790 externis
1805 1752 1922 1791 eam
1960 1752 2085 1805 per-

2203 578 2328 652 μὴν,
2363 579 2518 633 Αἰλία
2549 580 3033 652 προσαγορεύεται.
3063 579 3173 634 Καὶ
3200 579 3263 650 δὴ
3297 579 3395 650 τῆς
3424 577 3610 631 αὐτόθι
3649 578 3772 630 Ἐκ-

2197 670 2424 742 κλησίας
2448 670 2508 735 ἐξ
2538 670 2708 725 ἐθνῶν
2739 669 3225 741 συγκροτηθείσης,
3256 666 3631 740 πρῶτοςομετά
3648 665 3774 728 τοὺς

2196 764 2262 816 ἐκ
2285 764 2583 834 περιτομῆς
2611 762 2960 825 ἐπισκόπους.
2982 761 3080 832 τὴν
3105 760 3211 813 τῶν
3237 762 3413 813 ἐκεῖσε
3432 758 3772 831 λειτουργίαν

2195 852 2554 924 ἐγχειρίζεται
2581 854 2820 923 Μάρκος.

2720 941 3112 995 ΚΕΦΑΛΑΙΟΝ
3166 942 3236 993 Z'.

2198 1029 2365 1096 Τίνες
2388 1031 2513 1102 nat:
2568 1029 2762 1102 ἐκεῖνο
2793 1029 3327 1102 κιιιροῦὼγεπῷναᾳι
3374 1028 3771 1102 ψευδωνύμου

2395 1098 2670 1169 γνώσεως
2693 1100 2944 1169 ἀρχηγοί
2966 1097 3103 1169 (Nic.
3132 1097 3201 1151 Η.
3237 1099 3300 1151 Ε.
3331 1116 3401 1160 tv,
3433 1099 3574 1170 2-4).

2264 1190 2400 1261 Ἤδη
2450 1191 2507 1243 δὲ
2543 1191 2937 1263 λαμπροτάτων
2967 1190 3121 1260 δίκην
3173 1191 3473 1262 φωστήρων
3508 1192 3616 1245 τῶν
3665 1192 3771 1246 ἀνά

2189 1280 2286 1352 τὴν
2299 1283 2620 1352 οἰκουμένην
2643 1282 3079 1339 ἀποστιλϐουσῶν
3109 1282 3304 1354 Ἐκκλη
3313 1283 3465 1347 σιῶν,
3486 1283 3768 1355 ἀκμαζού-

2191 1390 2291 1446 σης
2310 1392 2368 1427 τε
2400 1377 2479 1438 εἰς
2503 1376 2646 1429 ἅπαν
2671 1376 2731 1427 τὸ
2771 1375 2878 1426 τῶν
2904 1373 3201 1444 ἀνθρώπων
3234 1374 3389 1442 γένος
3431 1376 3528 1445 τῆς
3566 1377 3644 1439 εἰς
3677 1377 3768 1429 τὸν

2190 1467 2416 1536 Σωτῆρα
2446 1467 2536 1519 καὶ
2577 1467 2778 1537 Κύριον
2808 1466 2965 1537 ἡμῶν
3011 1465 3215 1536 Ἰησοῦν
3253 1467 3484 1537 Χριστὸν
3512 1466 3765 1531 πίστεως,

2189 1560 2218 1610 ὁ
2250 1558 2538 1627 μισόκαλος
2561 1558 2767 1629 δαίμων
2788 1554 2873 1613 οἷα
2899 1559 2997 1629 τῆς
3031 1558 3285 1627 ἀληθείας
3324 1558 3517 1629 ἐχθρὸς
3545 1560 3638 1612 καὶ
3664 1559 3764 1629 τῆς

2186 1649 2296 1702 τῶν
2328 1648 2622 1721 ἀνθρώπων
2664 1651 2933 1722 σωτηρίας
2975 1649 3060 1701 ἀεὶ
3100 1650 3379 1720 τυγχάνων
3423 1650 3764 1721 πολεμιώτα-

2186 1759 2297 1805 τος,
2334 1743 2510 1806 πάσας
2540 1742 2783 1813 στρέφων
2807 1743 2943 1796 κατά
2976 1743 3071 1814 τῆς
3118 1742 3438 1814 Ἐκκλησίας
3494 1743 3760 1815 μηχανὰς.

524 1823 897 1880 secutionibus
935 1835 1343 1895 oppugnaverat
1374 1843 1389 1879 :
1427 1835 1536 1880 tum
1570 1841 1698 1880 vero
1732 1828 1835 1881 hac
1864 1828 1947 1880 via
1985 1828 2083 1897 ipsi

2189 1834 2358 1888 πάλαι
2384 1837 2480 1905 μὲν
2502 1839 2611 1899 τοῖς
2630 1834 2825 1901 ἔξωθεν
2850 1834 3103 1904 διωγμοῖς
3131 1835 3247 1887 κατ’
3277 1835 3445 1904 αὐτῆς
3473 1834 3759 1900 ὡπλίζετοο

520 1916 815 1996 praeclusa,
849 1917 1112 1986 improbis
1154 1918 1475 1988 quibusdam
1502 1933 1567 1972 ac
1611 1918 1871 1973 maleﬁcis
1910 1920 2085 1973 homi-

523 2007 680 2061 nibus
715 2015 971 2077 tanquam
1007 2005 1389 2063 instrumentis
1430 2019 1487 2063 et
1525 2009 1786 2064 ministris
1823 2020 1980 2065 utens
2021 2012 2086 2065 ad

523 2099 749 2153 exitium
783 2114 845 2155 ac
875 2100 1165 2170 perniciem
1214 2101 1517 2154 animarum
1556 2103 1917 2170 comparatis,
1954 2101 2088 2156 alias

519 2192 641 2246 belli
691 2201 837 2246 artes
874 2195 1132 2259 tentavit,
1180 2193 1313 2247 nihil
1362 2208 1467 2248 non
1512 2193 1964 2255 comminiscens.
2023 2206 2082 2249 ut

523 2284 952 2354 prtestigiatores
974 2301 1038 2341 ac
1064 2284 1274 2341 subdoli
1302 2286 1547 2341 homines
1585 2286 1859 2356 religionis
1887 2299 2089 2343 nostra:

519 2377 840 2432 vocabulum
890 2378 994 2433 sibi
1045 2388 1415 2444 assumentes,
1456 2388 1568 2434 tum
1616 2396 1709 2436 eos
1737 2396 1805 2436 ex
1842 2382 2087 2439 ﬁdelibus

520 2461 658 2538 quos
682 2469 822 2525 forte
853 2471 1264 2540 deceperant,in
1293 2471 1615 2541 profundum
1648 2474 1798 2528 exitii
1818 2474 2082 2545 gurgitem

525 2560 881 2626 abducerent,
917 2573 1028 2616 tum
1056 2563 1175 2617 lidei
1210 2575 1407 2618 nostrae
1435 2566 1655 2635 ignaros
1687 2564 1808 2619 vitae
1846 2566 2084 2635 ipsorum

519 2652 769 2722 exemplo
788 2654 1097 2717 deterritos,
1129 2672 1158 2708 a
1192 2655 1274 2709 via
1308 2672 1428 2725 qua?
1452 2658 1517 2710 ad
1566 2656 1804 2711 salutare
1834 2657 1925 2711 Dei
1966 2673 2086 2712 ver-

521 2744 647 2820 bum
675 2746 859 2811 ducit,
893 2746 1080 2815 procul
1118 2758 1452 2803 averterent.
1484 2748 1650 2819 Igitur
1681 2765 1748 2805 ex
1794 2748 2088 2805 Menandro

521 2835 650 2903 illo,
686 2852 844 2907 quem
881 2839 1119 2893 Simonis
1149 2854 1517 2894 successorem
1545 2839 1709 2894 fuisse
1740 2856 1904 2910 supra
1937 2852 2087 2894 retu-

524 2928 708 2995 limus,
739 2938 931 2984 exorta
952 2941 1220 2985 venenata
1263 2932 1507 3000 quazdam
1541 2931 1711 2986 bestia
1742 2932 1997 3003 bilinguis
2024 2948 2088 2986 ac

521 3018 738 3090 biceps,
788 3020 1013 3074 duarum
1066 3022 1340 3075 haereseon
1380 3023 1520 3078 inter
1565 3037 1622 3077 se
1667 3023 2088 3091 discrepantium

523 3112 686 3167 duces
726 3113 1044 3167 constituit:
1089 3112 1442 3167 Saturninum
1479 3114 1639 3167 domo
1670 3113 2087 3178 Antiochenam,

2187 1927 2308 1981 τότε
2342 1944 2404 1995 γε
2447 1928 2551 1997 μὴν
2577 1927 2778 1980 τούτων
2819 1926 3328 1996 ἀποκεκλεισμένος,
3373 1928 3626 1997 πονηροῖς
3669 1928 3763 1980 καὶ

2188 2018 2376 2090 γόησιν
2415 2018 2665 2089 ἀνδράσιν
2695 2017 2880 2087 ῶσπερ
2910 2019 3048 2069 τισὶν
3076 2016 3335 2088 ὀλεθρίοις
3379 2016 3562 2087 ψυχῶν
3594 2018 3766 2089 ὀργά-

2188 2125 2320 2171 νοις,
2358 2108 2623 2172 διακόνοις
2654 2126 2711 2160 τε
2744 2107 3016 2170 ἀπωλείας
3042 2107 3336 2178 χρώμενος,
3369 2108 3581 2180 ἑτέραις
3611 2125 3768 2161 κατε-

2193 2200 2487 2271 στρατήγει
2535 2200 2794 2271 μεθόδοις,
2844 2200 3018 2252 πάντα
3073 2199 3237 2270 πόρον
3299 2200 3546 2265 ἐπινοῶν,
3592 2198 3663 2263 ὡς
3696 2199 3764 2253 ἂν

2189 2291 2480 2355 ὑποδύντες
2499 2292 2690 2363 γόητες
2713 2291 2806 2345 καὶ
2831 2290 3097 2362 ἀπατηλοὶ
3120 2291 3220 2362 τὴν
3248 2291 3413 2363 αὐτὴν
3433 2292 3525 2344 τοῦ
3562 2292 3767 2363 δόγμα-

2192 2400 2283 2447 τος
2314 2384 2445 2454 ἡμῖν
2496 2384 2882 2456 προσηγορίαν,
2926 2381 3059 2453 ὁμοῦ
3104 2383 3201 2452 μὲν
3246 2381 3355 2435 τῶν
3387 2383 3589 2435 πιστῶν
3637 2385 3767 2448 τοὺς

2195 2475 2332 2549 πρὸς
2363 2476 2540 2529 αὐτῶν
2568 2475 2972 2547 ἁλισκομένους,
3002 2479 3081 2541 είς
3098 2476 3255 2547 βυθὸν
3273 2475 3543 2539 ἀπωλείας
3557 2476 3763 2545 ἄγοιεν,

2191 2568 2325 2639 όμοῦ
2383 2567 2439 2621 δὲ
2482 2570 2607 2631 τοὺς
2653 2568 2753 2639 τῆς
2809 2569 3042 2632 πίστεως
3089 2568 3335 2637 ἀγνῶτας
3375 2568 3440 2621 δι’
3493 2563 3566 2622 ὧν
3608 2569 3764 2623 αὐτοὶ

2188 2659 2421 2732 δρῶντες
2464 2661 2809 2731 ἐπιχειροῖεν,
2839 2662 3230 2732 ἀποτρέποιντο
3262 2662 3360 2730 τῆς
3403 2662 3494 2714 ἐπὶ
3523 2661 3614 2715 τὸν
3659 2678 3766 2716 σω-

2186 2752 2376 2822 τήριον
2404 2750 2558 2819 λόγον
2597 2750 2850 2822 παρόδου.
2910 2751 3040 2804 Ἀπὸ
3075 2750 3203 2819 γοῦν
3242 2751 3334 2805 τοῦ
3365 2752 3676 2824 Μενάνδρου
3701 2753 3762 2806 ὃν

2190 2841 2428 2912 διάδοχον
2457 2842 2549 2895 τοῦ
2571 2841 2812 2913 Σίμωνος
2841 2842 2940 2914 ἤδη
2980 2843 3244 2915 πρότερον
3278 2841 3758 2914 παραδεδώκαμεν.

2188 2932 2532 3002 ἀμφίστομος
2554 2930 2743 3001 ὥσπερ
2775 2932 2868 2984 καὶ
2890 2931 3170 3000 δικέφαλος
3196 2932 3430 3002 όφιώδης
3466 2949 3548 2996 τις
3565 2932 3760 3002 προελ-

2191 3023 2357 3076 θοῦσα
2403 3022 2649 3093 δύναμις,
2695 3023 2837 3075 δυοῖν
2879 3023 3140 3095 αἱρέσεων
3186 3023 3452 3093 διαφόρων
3483 3023 3762 3095 ἀρχηγοὺς

2192 3117 2581 3185 κατεστήσατο,
2613 3112 2927 3183 Σατορνῖνόν
2953 3129 3012 3164 τε
3042 3113 3318 3181 ,Ἀντιοχέα
3344 3113 3402 3164 τὸ
3436 3112 3610 3180 γένος,
3665 3113 3761 3164 καὶ

520 3209 576 3256 et
601 3200 888 3258 Basilidem
919 3202 1366 3255 Alexandrinum.
1395 3205 1637 3268 Quorum
1663 3203 1753 3258 ille
1781 3203 1994 3272 quidem
2031 3203 2084 3258 in

2192 3208 2503 3278 Βασιλείδην
2539 3206 2908 3275 Ἀλεξανδρέα,
2940 3200 3012 3257 ὧν
3053 3208 3080 3258 ὁ
3110 3205 3207 3276 μὲν
3231 3205 3369 3258 κατά
3398 3206 3615 3276 Συρίαν,
3649 3208 3677 3259 ὁ
3704 3205 3763 3258 δὲ

528 3292 719 3365 Syria,
768 3292 856 3347 hic
900 3307 1030 3346 vero
1074 3295 1212 3361 apud
1262 3292 1553 3363 Egyptum
1608 3294 1785 3364 impia:
1831 3295 2089 3349 doctrinae

522 3384 739 3439 scholas
767 3383 1026 3438 condidit.
1050 3383 1116 3436 Et
1145 3382 1498 3437 Saturninum
1529 3384 1745 3452 quidem
1769 3384 1958 3439 eadem
1976 3385 2089 3439 lere

521 3490 642 3528 cum
675 3473 970 3529 Menandro
1003 3474 1320 3529 ementitum
1364 3489 1486 3529 esse
1534 3475 1775 3530 declarat
1802 3472 2041 3530 [remeas
2070 3494 2085 3531 :

522 3565 809 3621 Basilidem
844 3580 971 3620 vero
997 3565 1178 3635 specie
1196 3581 1532 3619 arcanorum
1558 3568 1942 3634 quorumdam,
1962 3582 2090 3637 por-

523 3665 762 3712 tentosas
789 3657 997 3713 fabulas
1024 3666 1388 3711 commentum
1412 3699 1426 3721 ,
1453 3659 1728 3727 opinionis
1753 3660 1930 3728 impiae
1965 3675 2081 3713 ma-

520 3751 867 3805 chinamenta
903 3750 957 3804 in
998 3751 1318 3806 immensum
1347 3751 1676 3807 extendisse.
1743 3752 1912 3807 Porro
1958 3768 2079 3807 cum

520 3841 706 3895 eodem
735 3852 974 3913 tempore
995 3842 1207 3911 plurimi
1228 3842 1583 3899 ecclesiastici
1607 3844 1706 3897 viri
1727 3846 2083 3914 patrocinium

524 3935 767 3990 veritatis
820 3937 1181 4006 susciperent,
1214 3949 1268 3993 ct
1301 3954 1402 4009 pro
1422 3937 1794 3993 ecclesiastica
1828 3937 2088 4006 apostoli-

521 4139 644 4197 mtts
676 4125 728 4178 in
762 4124 1069 4197 Epitaphio
1100 4126 1306 4192 Ponite,
1350 4144 1472 4182 cum
1522 4128 1697 4197 dicit:
1728 4125 1973 4197 Ingresso
2006 4134 2083 4180 est

522 4192 967 4263 Hierosolymam,
1021 4202 1193 4250 urbem
1226 4199 1580 4259 trinominem,
1627 4192 1824 4259 Iebus,
1882 4196 2082 4261 Solem,

518 4261 819 4334 Jerusalem
871 4278 889 4316 :
930 4281 1045 4334 qua:
1078 4272 1141 4318 ab
1176 4267 1327 4319 Ᾰῑιὶο
1354 4278 1532 4334 postea
1561 4266 1794 4320 Adriano
1831 4267 1896 4318 de
1922 4267 2087 4319 ruinis

519 4345 566 4385 et
590 4332 848 4385 cineribus
879 4332 1104 4388 ciuitatis
1136 4338 1188 4389 in
1215 4332 1419 4388 .Eliam
1447 4339 1700 4389 suscitata
1718 4346 1811 4387 est.
1846 4335 1999 4399 Nam,
2030 4344 2088 4388 ιιι

520 4416 659 4472 stupe
688 4402 820 4463 dixi,
850 4419 1117 4472 nunquam
1150 4422 1210 4457 ea
1240 4420 1389 4459 mens
1420 4408 1637 4459 Adriani
1668 4407 1787 4464 fuit.
1815 4415 1870 4456 ut
1900 4406 2085 4458 urbem

524 4470 949 4544 Hierosolymam
978 4470 1291 4538 suscitaret,
1320 4479 1517 4544 quippe
1547 4476 1634 4543 qui
1689 4474 2087 4527 infensissimus

2191 3304 2309 3356 κατ’
2346 3302 2639 3369 Αἴγυπτον,
2680 3300 3067 3370 συνεστήσαντο
3100 3298 3361 3373 θεομισῶν
3395 3298 3654 3369 αἱρέσεων
3678 3297 3761 3350 δι-

2189 3392 2481 3447 δασκαλεῖα
2504 3393 2601 3462 (5).
2635 3390 2716 3443 Τά
2739 3393 2834 3461 μὲν
2864 3386 2954 3443 οὖν
2977 3391 3200 3443 πλεῖστα
3232 3390 3322 3443 τὸν
3353 3391 3667 3462 Σατορνῖνον
3692 3388 3763 3441 τὰ

2190 3484 2326 3538 αὑτά
2352 3484 2429 3554 τῷ
2465 3483 2760 3554 Μενάνδρῳ
2786 3482 3169 3552 ψευδολογῆσαι
3207 3483 3235 3533 ό
3269 3484 3550 3553 Είρηναῖος
3587 3481 3755 3554 δηλοῖ.

2191 3574 2535 3643 προσχήματι
2561 3572 2619 3625 δὲ
2650 3572 3117 3643 ἀπορῥητοτέρων,
3151 3572 3240 3624 τὸν
3262 3571 3573 3642 Βασιλείδην
3598 3573 3678 3635 εἰς
3698 3571 3762 3624 τὸ

2191 3666 2414 3736 ἄπειρον
2451 3667 2620 3718 τεῖναι
2648 3663 2746 3729 τὰς
2783 3664 3020 3727 ἐπινοίας
3050 3663 3147 3733 (4),
3182 3663 3470 3726 δυσσεϐοῦς
3496 3663 3759 3733 αἱρέσεως

2190 3756 2366 3826 ἑαυτῷ
2403 3755 2727 3829 τερατώδεις
2788 3755 3169 3809 ἀναπλάσαντα
3209 3754 3544 3826 μυθοποιίας.
3594 3753 3756 3806 Πλείσ-

2195 3864 2337 3899 στων
2361 3840 2453 3899 οὖν
2493 3844 2955 3914 ὲκκλησιαστικῶν
2979 3845 3184 3915 ἀνδρῶν
3213 3846 3331 3897 κατ’
3370 3846 3543 3896 ἐκεῖνο
3564 3842 3759 3914 καιροῦ

2192 3937 2292 4006 τῆς
2320 3935 2573 4007 ἀληθείας
2604 3935 3176 4006 ὑπεραγωνιζομένων,
3200 3933 3556 4003 λογικώτερόν
3582 3950 3640 3985 τε
3656 3932 3762 4004 τῆς

2202 4125 2416 4196 Ἐπειδὴ
2471 4126 2576 4197 γὰρ
2629 4124 2823 4197 Αἴλιος,
2872 4123 3141 4197 “armis
3191 4119 3573 4197 ἐχρημάτιξξνν
3615 4121 3758 4197 ρῗξτψ

2190 4197 2283 4274 καὶ
2311 4192 2415 4265 τὴν
2433 4192 2584 4274 πόλιν
2613 4192 2890 4274 καλεῖσθαι
2920 4192 3341 4274 enumerasse;
3371 4193 3578 4274 ἐκεῖθεν
3598 4193 3758 4274 Allia.

2191 4263 2466 4337 μέχριτοῦ
2502 4265 2593 4317 νῦν
2625 4264 2967 4337 ὀνομάζεται,
3025 4264 3131 4337 ἀπὸ
3155 4263 3255 4337 τῆς
3302 4263 3614 4334 ἐπωνυμίας
3661 4265 3756 4318 τοῦ

2189 4334 2559 4407 κρατήσαντος
2589 4334 2681 4388 καὶ
2700 4334 3035 4407 καθελόντος
3050 4335 3236 4407 αὐτήν.

2263 4403 2666 4476 (ξ’›)Ὰὶ,ρέσιε‹ξιιι⁴
2688 4403 3095 4458 διδασκαλεῖα.
3146 4403 3198 4476 In
3233 4404 3453 4476 optimis
3467 4403 3755 4476 codicibus

2195 4474 2467 4529 Mazarino
2500 4492 2562 4529 ae
2597 4475 2848 4528 Medicmo
2882 4476 3137 4542 scriptum
3186 4475 3363 4527 inveni
3411 4474 3752 4531 διδασκάλια.

521 4540 910 4625 esseljludzeis.
941 4545 1031 4625 qui
1061 4558 1185 4601 tunc
1214 4540 1578 4625 ltostes'erant
1606 4545 1783 4612 populi
1809 4545 2082 4625 immani;
2120 4568 2164 4624 ι)
2192 4548 2392 4625 Atque,
2421 4556 2479 4595 ut
2516 4546 2695 4625 semel
2731 4540 3003 4625 moneant,
3036 4545 3114 4625 ila.
3156 4559 3376 4625 semper"
3414 4545 3514 4598 hoc
3560 4562 3752 4625 "tim?"

523 4611 616 4665 sed
644 4611 843 4666 Alliam
876 4611 1059 4666 urbem
1095 4618 1359 4678 condidit,
1390 4628 1444 4669 et
1471 4617 1523 4668 in
1553 4632 1615 4668 ea
1662 4611 1914 4681 templum
1939 4613 2086 4667 Jovis

521 4681 829 4748 Capitolini,
890 4700 995 4749 quo
1035 4683 1247 4740 Juda'os
1293 4688 1361 4741 ab
1418 4701 1483 4739 eo
1537 4687 1651 4739 loco
1684 4702 1841 4752 quem
1875 4700 2084 4737 summa

520 4753 867 4824 veneratione
897 4759 1390 4824 prOSequehantur,
1425 4759 1638 4822 penitus
1693 4764 1925 4809 arceret.
1982 4753 2087 4806 lie-

522 4820 661 4875 etitts
697 4838 826 4892 ergo
851 4820 1014 4886 Beda,
1040 4820 1132 4879 seu
1166 4843 1284 4893 quis
1310 4820 1468 4885 alius,
1502 4830 1552 4878 in
1580 4826 1912 4891 expositione
1940 4826 2087 4878 loco-

522 4905 641 4944 rum
673 4904 727 4946 et
768 4896 1001 4957 urbium,
1032 4912 1259 4961 quorum
1290 4900 1486 4951 mentio
1519 4900 1575 4949 lit
1615 4898 1664 4949 in
1709 4897 1930 4949 Actibus
1957 4910 2086 4960 apo-

523 4962 782 5035 stolorum
818 4980 830 5014 :
861 4963 1176 5028 Jerusalem,
1231 4969 1426 5035 inquit,
1470 4966 1768 5032 metropolis
1820 4965 2083 5034 quondam

520 5029 752 5096 Judwte,
779 5051 895 5101 qua:
936 5051 1071 5087 nunc
1096 5039 1158 5088 ab
1190 5029 1339 5090 /Elio
1387 5029 1641 5089 Adriano
1676 5029 1903 5095 (ἐτείοις,
1944 5037 2083 5102 quod

521 5117 635 5154 eum
689 5119 720 5155 α
788 5104 902 5155 Τιιο
940 5107 1254 5158 destructum
1306 5109 1493 5160 latiore
1545 5108 1649 5159 sitn
1691 5107 2080 5164 instaurauerit,

522 5170 674 5225 zElia
705 5175 1068 5244 cognominata
1112 5190 1182 5229 est
1213 5195 1231 5230 :
1259 5178 1407 5244 cujus
1459 5194 1606 5244 opere
1639 5177 1835 5233 {netttm
1887 5187 1982 5235 est,
2030 5189 2081 5226 at

522 5245 636 5296 loca
660 5255 861 5305 sancta,
890 5246 946 5296 id
1000 5256 1095 5307 est,
1142 5247 1427 5299 Dominica'
1474 5247 1733 5310 passionis
1760 5259 1805 5298 et
1852 5261 2083 5297 resurre-

523 5316 729 5375 ctionis,
762 5319 1025 5383 quondam
1062 5328 1207 5368 extra
1248 5319 1424 5369 urbem
1455 5317 1726 5384 jacentia,
1766 5332 1901 5368 nunc
1942 5320 2082 5382 ejus-

523 5389 638 5436 dem
669 5388 815 5438 urbis
846 5402 993 5438 muro
1024 5387 1415 5451 sepentrionuli
1461 5387 1869 5441 circuntdentur.
1916 5388 2082 5439 l’orro

523 5452 667 5507 [Elia
719 5457 807 5509 diu
843 5467 958 5522 post
1007 5457 1343 5509 Constantini
1399 5466 1639 5525 tempora
1674 5473 1867 5511 nomen
1922 5471 2079 5509 suum

524 5527 766 5578 retinuit.
800 5527 955 5580 Certe
985 5526 1034 5577 iit
1083 5525 1367 5580 ltinerario
1398 5526 1649 5579 Antonini
1679 5536 1734 5580 et
1782 5527 1831 5577 in
1883 5525 2079 5578 Tabula

530 5592 935 5663 l'eutingeriana
961 5610 1064 5648 non
1106 5596 1261 5665 aliter
1286 5607 1508 5665 vocatur
1553 5611 1713 5665 quam
1740 5595 1915 5659 ίΕιιιη
1952 5598 2081 5647 vitio

526 5675 701 5735 tamen
737 5668 1074 5719 lihrariormn
1114 5664 1267 5718 Helia
1293 5664 1587 5733 Capitolino
1618 5667 1776 5735 vulgo
1798 5666 2076 5735 scribitur.

524 5731 709 5805 Sedet
735 5736 1153 5805 Chrysostomus
1181 5736 1231 5788 in
1286 5731 1535 5789 oratione
1578 5736 1632 5799 5,
1681 5731 1931 5790 adversus
1978 5734 2079 5787 Ju-

520 5804 682 5868 da'os,
740 5806 808 5860 ita
854 5804 1186 5876 appellatam
1241 5805 1405 5862 fuisse
1442 5817 1600 5861 aetate
1649 5820 1744 5861 sua
1799 5814 2073 5862 testatur:

2192 4618 2547 4681 perscriptum
2576 4626 2657 4667 est
2686 4616 2736 4667 in
2765 4615 2965 4668 nostris
3000 4613 3295 4667 codicibus.
3341 4613 3443 4667 Pro
3472 4629 3578 4682 quo
3607 4613 3750 4670 Rob.

2189 4687 2518 4749 Stephanus,
2550 4683 2718 4747 Regio
2745 4685 3037 4752 exemplari
3068 4699 3280 4749 semper
3317 4685 3605 4747 inliterens,
3635 4702 3752 4738 ma-

2190 4755 2285 4807 luit
2330 4756 2492 4807 edere
2535 4754 2898 4807 διδασκαλεῖα.
2942 4754 3104 4821 quue
3130 4756 3282 4805 nobis
3321 4763 3525 4807 mutare
3564 4755 3753 4823 religio

2189 4825 2304 4878 fuit.
2350 4825 2577 4876 Ὶ’.ιιιι;ιιιι
2627 4836 2805 4877 tamen
2854 4825 3099 4877 codicum
3131 4834 3444 4877 nostrorum
3493 4835 3750 4880 constan-

2190 4896 2316 4949 tiam
2346 4895 2756 4962 Ιιιιιιιίιιιιιιιιιιςιιιι
2789 4894 3144 4959 Spernendam
3169 4910 3287 4946 esse
3313 4895 3583 4948 existimo.

2259 4965 2333 5035 (4)
2362 4968 2464 5030 Εἰς
2513 4964 2578 5016 τὸ
2604 4964 2849 5032 ἄπειροι·
2892 4963 3077 5035 τεῖναι
3121 4964 3227 5028 τὰς
3252 4964 3538 5028 ἐπινοίας.
3580 4963 3751 5020 Vetus

2188 5033 2451 5103 interpres
2501 5036 2684 5086 lrooati
2717 5035 2893 5087 Vertit.
2926 5033 2991 5086 In
3033 5037 3339 5085 immensum
3370 5035 3598 5087 extendit
3623 5051 3749 5089 aen-

2186 5106 2403 5157 tentiam
2428 5107 2677 5157 doetrina'
2705 5121 2832 5156 ante.
2900 5104 3169 5166 Ἐπινοίας
3206 5104 3365 5172 igitur
3412 5117 3569 5158 vocat
3597 5120 3748 5159 com-

2185 5185 2363 5228 menta
2427 5192 2522 5225 seu
2595 5177 3000 5226 adinveutitmes
3068 5173 3315 5226 Basilidis
3358 5190 3492 5241 quas
3548 5174 3748 5229 ibidem

2188 5245 2351 5298 refert
2409 5245 2654 5296 Irenzeus.
2703 5244 2806 5295 Eas
2859 5247 2908 5295 in
2965 5246 3284 5296 immensum
3337 5247 3751 5298 extendisseait

2185 5314 2492 5368 Basilidem.
2518 5316 2714 5382 quippe
2739 5314 2827 5381 qui
2859 5315 3100 5367 fabulosa
3125 5314 3369 5382 quaedam
3397 5316 3751 5370 conlinxisset

2182 5398 2230 5437 et
2262 5402 2418 5437 vanu.
2459 5384 2581 5436 ΙΙ.υο
2624 5385 2771 5436 enim
2802 5395 2990 5436 natura
3040 5381 3302 5435 mendacii
3344 5394 3445 5447 est,
3480 5394 3529 5435 ut
3568 5386 3749 5437 sitin-

2185 5454 2526 5507 lertninatum
2556 5463 2608 5506 et
2635 5469 2853 5521 Vagam,
2881 5453 3026 5507 nullo
3053 5464 3203 5506 certo
3241 5455 3397 5506 modo
3428 5469 3490 5506 ac
3514 5456 3751 5509 termino

2182 5523 2486 5578 deﬁnitum.
2539 5522 2750 5575 Veritas
2807 5539 2933 5576 vero
2973 5535 3118 5575 certa
3150 5532 3253 5587 est,
3302 5538 3365 5578 ac
3418 5525 3533 5576 sois
3559 5526 3750 5593 spatiis

2181 5594 2614 5663 circumscripta.
2664 5594 2859 5660 quibus
2910 5595 3041 5646 nihil
3087 5593 3208 5645 addi
3260 5594 3514 5663 autdemi
3548 5604 3744 5663 potest.

2181 5664 2363 5730 Itaque
2392 5674 2535 5716 recte
2586 5662 2741 5715 Plato
2769 5665 2821 5716 in
2854 5663 3137 5726 Tltea'teto,
3168 5664 3219 5715 ni
3254 5662 3430 5725 fallor,
3462 5668 3745 5718 veritatem

2183 5734 2487 5805 ἐμμετρίαν
2513 5749 2606 5787 seu
2658 5735 3063 5805 concinnitatem
3097 5747 3217 5787 esse
3242 5736 3395 5786 dixit.
3452 5734 3513 5786 lit
3549 5734 3746 5788 Πρηξῖ-

2182 5802 2273 5857 rus
2297 5802 2584 5927 gliersitett
2628 5804 2944 5874 ἀμετροεπῆ
2970 5807 3197 5868 vocavit,
3242 5804 3291 5859 id
3329 5816 3406 5859 est
3444 5821 3629 5857 ranam
3681 5820 3741 5857 ac

2182 5892 2293 5927 men
2334 5890 2496 5927 arent.

2181 5890 2496 5930 mendacem.
