4140 6430
250 401 357 468 329

1241 396 1590 453 HISTORIA}
1629 395 2189 454 ECCLESIASTICJE
2228 394 2356 450 LIB.
2397 392 2487 448 1V.

3397 395 3506 450 3‘5.

251 519 618 590 ἑπισκοπικῆς
651 519 899 589 διαδοχῆς
947 518 1058 573 ἀπὸ
1101 519 1209 572 τῶν
1250 519 1563 573 ἀποστόλων
1593 517 1826 590 ἔχοντος,

1931 517 2222 588 episcopali
2263 515 2390 572 sede
2429 528 2606 569 nonus
2653 508 3022 584 apostolorum
3071 528 3355 570 successor
3382 515 3505 577 fuit.

248 612 460 679 ἐδίδαξε
482 612 572 664 τὸν
603 612 706 666 ὑπὸ
729 611 824 664 τοῦ
843 613 1009 683 νόμου
1040 613 1133 666 καὶ
1163 611 1452 684 προφητῶν
1481 610 1828 682 κεκηρυγμέ-

247 722 339 758 νον
366 705 490 758 Θεὸς.
535 704 608 774 μὴ
642 699 780 758 εἶναι
814 705 1030 777 Πατέρα
1063 703 1156 759 τοῦ
1198 704 1404 776 Κυρίου
1450 704 1608 775 ἡμῶν
1653 703 1828 776 Ἰησοῦ

247 797 490 868 Χριστοῦ
511 809 526 825 ’
554 797 651 851 τὸν
699 798 796 868 μὲν
832 798 939 870 γὰρ
973 797 1352 869 γνωρίζεσθαι,
1404 797 1494 850 τὸν
1523 797 1579 850 δὲ
1610 797 1828 866 ἀγνῶτα

247 885 391 943 εἶναι
411 908 426 922 ·
458 890 550 943 καὶ
584 890 675 943 τὸν
706 892 804 961 μὲν
838 891 1060 955 δίκαιον,
1088 891 1176 944 τὸν
1203 891 1259 944 δὲ
1297 890 1498 958 ἀγαθὸν
1539 889 1824 961 ὑπάρχειν.

245 983 642 1053 Διαδεξάμενος
669 983 726 1036 δὲ
761 983 922 1036 αύτόν
955 983 1218 1054 Μαρκίων
1251 985 1278 1036 ὁ
1308 981 1584 1046 Ποντικὸς,
1625 981 1828 1053 ηὔξησε

249 1075 312 1129 τὸ
378 1075 750 1129 διδασκαλεῖον
808 1075 942 1146 (50),
1004 1075 1530 1147 ἀπηρυθριασμένως
1592 1073 1832 1145 βλασφτΓ

253 1167 374 1238 μῶν
406 1166 541 1234 (51).
582 1187 600 1218 ι
656 1168 712 1221 '0
755 1167 810 1220 δὲ
847 1168 1005 1230 αὐτὸς
1051 1168 1334 1238 Εἰρηναῖος
1361 1167 1451 1219 τὸν
1483 1165 1708 1237 ἄπειρον
1737 1165 1830 1234 βυ-

250 1257 342 1310 Θὸν
383 1258 483 1326 τῆς
516 1257 864 1311 Οὐαλεντίνου
900 1255 1270 1317 πολυπλανοῦς
1312 1255 1442 1325 ὕλης
1489 1254 1830 1309 εὑτονώτατα

249 1350 564 1422 διαπλώσας
593 1351 724 1420 (3‘2),
763 1350 991 1420 ἑρπετοῦ
1023 1351 1178 1421 δίκην
1222 1348 1554 1418 φωλεύοντος
1587 1349 1830 1422 ἀπόκρυ-

250 1459 351 1511 φον
383 1439 546 1495 οὖσαν
593 1441 754 1495 αὑτοῦ
792 1443 885 1495 καὶ
921 1443 1205 1512 λεληθυῖαν
1237 1442 1544 1511 άπογυμνοῖ
1579 1441 1677 1512 τὴν
1726 1459 1828 1495 κα-

251 1535 395 1588 κίαν.
465 1534 606 1604 Πρὸς
651 1534 860 1596 τούτοις
903 1534 997 1586 καὶ
1029 1532 1185 1586 ἄλλον
1216 1532 1369 1595 τινὰ,
1405 1532 1632 1603 Μάρκος
1682 1531 1830 1603 αύτῷ

249 1624 452 1695 ὄνομα,
485 1627 602 1678 κατ’
644 1626 839 1688 αὐτοὺς
881 1623 1133 1693 γενέσθαι
1163 1623 1308 1692 λέγει
1344 1624 1579 1694 μαγικῆς
1607 1623 1830 1688 κυϐείας

250 1695 662 1787 ἐμπειρότατον.
695 1715 900 1787 Γράφει
941 1715 997 1767 δὲ
1030 1715 1123 1768 καὶ
1165 1713 1262 1778 τὰς
1295 1713 1610 1777 ἀτελέστους
1651 1713 1828 1768 αὐτῶν

248 1809 492 1871 τελετάς,
526 1808 772 1878 μυσαράς
796 1825 854 1860 τε
892 1808 1274 1878 μυσταγωγίας
1315 1809 1616 1879 ἐμφαίνων,
1646 1809 1828 1872 αὐτοῖς

1931 615 2137 674 docuit,
2160 610 2326 664 Deum
2355 626 2514 683 quem
2538 611 2624 666 lex
2653 621 2709 666 et
2740 613 3020 680 prophetze
3048 611 3505 680 praedicaverunt,

1926 702 2141 763 Patrem
2175 719 2282 760 non
2311 718 2433 760 esse
2462 701 2676 756 Domini
2708 703 2882 757 nostri
2908 701 3040 758 Jesu
3072 702 3302 759 Christi.
3354 704 3507 760 Hunc

1929 797 2074 852 enim
2101 793 2378 866 cognosci,
2418 793 2566 847 illum
2613 807 2746 848 vero
2795 793 3037 862 ignotum
3070 809 3192 848 esse
3225 812 3240 848 :
3268 804 3323 848 et
3365 796 3511 849 hunc

1929 891 2146 960 quidem
2165 887 2370 956 justum
2401 887 2689 950 exsistere,
2716 886 2862 940 illum
2896 897 3075 942 autem
3108 888 3331 941 bonum.
3367 887 3508 942 lluic

1929 981 2126 1038 deinde
2156 981 2452 1036 succedens
2485 979 2751 1041 Ματθίου,
2778 979 3000 1034 natione
3042 979 3325 1045 Ponticus,
3349 982 3512 1037 scho-

1931 1073 2035 1128 lam
2054 1074 2216 1127 latius
2228 1073 2567 1142 propagavit,
2584 1072 3052 1140 impudentissime
3070 1071 3473 1142 blasphemaus.
3487 1091 3505 1124 ι

1929 1167 2074 1223 Idem
2103 1180 2264 1235 porro
2283 1165 2520 1217 Irenzeus
2542 1177 2825 1233 p05tqnam
2852 1164 3174 1218 immensam
3195 1164 3510 1232 voraginem

1929 1259 2174 1314 materiae
2215 1258 2359 1312 illius
2407 1258 2573 1310 variis
2605 1257 2882 1311 erroribus
2925 1257 3182 1311 involutae
3213 1274 3374 1327 quam
3401 1255 3510 1311 Va-

1929 1347 2167 1402 lentinus
2191 1349 2501 1412 invexerat,
2529 1347 2810 1402 uberrime
2837 1349 3122 1418 explicuit,
3153 1348 3420 1402 occultam
3445 1363 3509 1403 ac

1931 1442 2183 1496 latentem
2223 1442 2370 1495 illius
2417 1441 2662 1496 fraudem
2718 1448 2983 1510 tanquam
3025 1440 3194 1494 abditi
3243 1441 3512 1507 serpentis

1930 1534 2188 1588 denudat-
2210 1534 2388 1587 Alium
2413 1544 2675 1603 prieterea
2698 1535 2987 1603 quemdam
3019 1533 3235 1587 neruine
3270 1532 3510 1587 Marcum

1929 1627 2119 1678 eodem
2163 1634 2408 1694 tempore
2436 1627 2716 1682 exstitisse
2749 1626 2960 1688 scribit,
2995 1626 3324 1695 magicorum
3374 1639 3513 1692 prat-

1931 1717 2216 1780 stigiarum
2251 1719 2664 1787 peritissimum.
2691 1716 2796 1772 Sed
2821 1728 2875 1772 et
2912 1717 3172 1786 profanas
3196 1733 3383 1772 eorum
3409 1716 3510 1770 bo-

1932 1811 2135 1864 minum
2172 1811 2535 1878 initiationes,
2562 1820 2616 1866 et
2645 1811 3012 1865 abominanda
3037 1811 3294 1880 mysteria
3330 1808 3512 1863 decla-

249 1894 312 1966 δὴ
355 1894 563 1957 τούτοις
608 1899 720 1958 τοῖς
768 1895 1121 1966 γράμμασινο
1168 1919 1186 1948 ι
1240 1897 1302 1950 υἱ
1357 1899 1452 1968 μὲν
1497 1899 1604 1970 γάρ
1649 1898 1826 1951 αὐτῶν

1931 1912 2012 1958 rat
2037 1903 2121 1958 Itis
2145 1903 2358 1959 verbis:
2389 1923 2408 1955 ι
2434 1904 2657 1970 Quidam
2688 1906 2832 1958 enim
2858 1920 3044 1960 eorum
3079 1905 3375 1959 thalamum
3408 1919 3511 1958 nu-

248 1987 515 2057 νυμφῶνα
558 1987 1046 2052 κατασκευάζουσι,
1082 1988 1177 2042 καὶ
1218 1991 1605 2060 μυσταγωγίαν
1646 1993 1828 2044 ἐπιτε-

245 2077 401 2130 λοῦσι
446 2077 560 2146 μετ’
591 2077 934 2151 ἐπιῤῥήσεὼν
968 2096 1126 2132 τινων
1158 2083 1270 2143 τοῖς
1309 2080 1684 2152 τελουμένοις,
1737 2085 1831 2138 καὶ

246 2171 616 2240 πνευματικὸν
658 2172 833 2240 γάμον
885 2172 1185 2242 φάσκουσιν
1232 2169 1370 2226 εἶναι
1414 2174 1475 2226 τὸ
1529 2175 1618 2227 ὑπ’
1653 2176 1829 2228 αὐτῶν

244 2261 552 2330 γινόμενον,
592 2263 732 2316 κατὰ
776 2263 873 2334 τὴν
915 2264 1206 2335 ὁμοιότητα
1243 2264 1351 2317 τῶν
1383 2266 1494 2319 ἄνω
1539 2265 1826 2335 σὐζυγιῶν.

245 2355 310 2406 Οἱ
345 2354 402 2406 δὲ
434 2354 655 2422 ἄγουσιν
687 2357 770 2424 ἐφ’
798 2356 960 2427 ὕδωρ,
996 2357 1089 2409 κοιλ⁸
1117 2355 1486 2426 βαπτίζοντες,
1519 2357 1690 2422 οὕτως
1713 2360 1832 2410 ἐπι-

247 2445 495 2512 λέγουσιν
516 2463 530 2476 ο
560 2448 651 2509 Εἰς
666 2447 837 2516 ὄνομα
868 2445 1146 2514 ἀγνώστου
1178 2447 1392 2518 Πατρδς
1424 2447 1530 2500 τῶν
1560 2447 1715 2510 ὅλων,
1752 2451 1830 2512 εἰς

259 2537 548 2607 Ἀλήθειαν
585 2538 796 2609 μητέρα
843 2538 950 2590 τῶν
987 2538 1225 2603 πάντων,
1263 2541 1342 2602 είς
1379 2539 1469 2592 τὸν
1507 2538 1831 2593 κατελθόντα

245 2632 327 2692 εἰς
363 2630 456 2683 τὸν
504 2630 728 2700 Ἰησοῦν.
766 2629 945 2684 ’Λλλοι
979 2630 1035 2683 δὲ
1084 2630 1343 2701 Ἐὅραῖκά
1385 2630 1624 2701 ὀνόματα
1652 2629 1832 2682 ἐπιλέ-

246 2738 406 2790 γουσι
423 2721 558 2793 πρὸς
573 2721 633 2774 τὸ
650 2721 846 2792 μᾶλλον
881 2720 1326 2791 καταλπήξασθαι
1353 2721 1463 2791 (55)
1490 2721 1615 2785 τοὺς
1643 2722 1829 2774 τελου-

253 2814 469 2884 μένους.
515 2832 534 2865 ›
591 2814 749 2867 Ἀλλά
775 2814 882 2884 γὰρ
925 2813 1062 2884 μετὰ
1107 2812 1364 2883 τέταρτον
1396 2813 1492 2884 τῆς
1525 2813 1830 2882 ἐπισκοπῆς

250 2905 368 2968 ἔτος
405 2906 516 2976 (54)
553 2906 765 2974 ’Υγίνου
799 2906 1219 2975 τελευτήσαντος
1247 2944 1261 2968 ,
1291 2905 1418 2968 Πῖος
1464 2903 1557 2956 ὲπὶ
1613 2902 1830 2974 Ῥώμης

247 2996 612 3068 ἐγχειρίζεται
635 2997 732 3068 τὴν
756 2997 1116 3068 λειτουργίαν.
1141 2996 1298 3050 Κατά
1320 3013 1384 3064 γε
1415 2994 1520 3068 μὴν
1549 2996 1647 3065 τὴν
1689 2995 1831 3048 Ἀλε-

249 3088 536 3160 ξάνδρειαν
584 3089 812 3161 Μάρκος
858 3089 1235 3142 ἀναδείκνυται
1281 3086 1505 3157 ποιμὴν,
1555 3086 1830 3157 Εὐμενοῦς

248 3179 344 3250 ἐτη
375 3181 443 3234 τά
473 3181 649 3234 πάντα
682 3181 813 3235 δέκα
847 3181 981 3252 πρὸς
1012 3181 1188 3252 τρισὶν
1215 3179 1603 3250 ὲκπλήσαντος.
1635 3176 1740 3231 Τοῦ
1770 3194 1827 3230 τε

1934 1996 2155 2066 ptialem
2211 2005 2558 2063 construunt,
2587 2007 2642 2052 et
2673 1997 2990 2069 mysterium
3040 2005 3325 2065 peragunt,
3349 1995 3511 2048 verba

1931 2090 2114 2143 nescio
2141 2105 2263 2158 qua:
2292 2105 2455 2158 super
2482 2090 2568 2146 bis
2600 2091 2693 2160 qui
2737 2092 3047 2156 initiantur,
3097 2089 3468 2155 concipientes
3491 2127 3509 2153 ,

1930 2193 2130 2248 easque
2162 2179 2438 2246 spiritales
2475 2182 2692 2249 nuptias
2723 2196 2844 2235 esse
2867 2180 3160 2244 allirmant,
3183 2181 3248 2232 ad
3277 2178 3510 2233 formam

1929 2279 1984 2323 et
2012 2270 2320 2340 exemplum
2352 2272 2655 2326 caelestium
2685 2272 3086 2341 conjugiorum.
3114 2271 3218 2323 Alii
3251 2285 3378 2323 vero
3409 2270 3512 2323 ini-

1933 2359 2145 2414 tiandos
2183 2359 2466 2414 adducunt
2501 2363 2567 2416 ad
2603 2362 2904 2428 lavacrum,
2937 2372 2993 2416 et
3031 2369 3359 2431 mergentes,
3397 2361 3510 2416 Itzec

1933 2448 2213 2519 proferunt
2241 2452 2405 2507 verba
2443 2470 2455 2505 :
2487 2452 2542 2504 In
2578 2454 2799 2506 nomine
2829 2453 2998 2523 ignoti
3032 2451 3278 2507 omnium
3305 2452 3508 2515 Patris,

1932 2541 1984 2593 in
2030 2540 2273 2595 Veritate
2331 2544 2573 2596 oumium
2633 2553 2827 2609 matre,
2878 2544 2928 2596 in
2967 2559 3034 2597 eo
3087 2544 3179 2612 qui
3234 2544 3512 2598 descendit

1937 2630 2092 2701 125
2155 2633 2207 2685 in
2261 2631 2466 2686 Jesum.
2531 2633 2636 2687 Alii
2692 2648 2884 2688 rursus
2936 2633 3199 2689 Hebraica
3255 2638 3509 2705 quaedam

1933 2723 2284 2791 pronuntiant
2305 2724 2546 2790 nomina,
2578 2737 2635 2779 ut
2658 2725 2916 2792 majorem
2946 2725 3226 2778 initiandis
3251 2739 3508 2794 pavorem

1932 2813 2364 2870 incutianLoSed
2388 2814 2596 2885 Hygino
2618 2825 2738 2884 post
2764 2826 3016 2885 quartum
3052 2816 3395 2885 episcopatus
3421 2831 3512 2869 an-

1934 2920 2059 2958 num
2092 2915 2308 2958 mortuo
2335 2944 2351 2968 ,
2401 2904 2660 2960 Romanae
2690 2905 2946 2960 Ecclesia:
2985 2907 3350 2961 sacerdotium
3385 2922 3510 2962 sus-

1932 2995 2074 3063 cepit
2097 2995 2242 3048 Pius.
2278 2995 2622 3051 Alexandriae
2646 3011 2773 3052 vero
2797 3013 2920 3052 cum
2948 2998 3218 3052 Eumenes
3247 2999 3505 3053 tredecim

1931 3100 2104 3140 annos
2132 3087 2430 3157 explesset,
2465 3087 2676 3142 Marcus
2707 3089 2760 3142 in
2795 3089 2916 3157 ejus
2947 3089 3123 3143 locum
3159 3089 3386 3144 antiStes
3419 3090 3514 3145 de-

1933 3179 2176 3248 signatus
2215 3191 2317 3235 est.
2381 3181 2499 3246 Quo
2540 3181 2731 3235 deinde
2775 3190 2895 3249 post
2935 3181 3118 3236 decem
3167 3182 3514 3251 pontiﬁcatus

249 3247 482 3341 Μάρκου
513 3271 604 3323 ἐπὶ
633 3269 766 3324 δέκα
797 3247 900 3341 ἔτη-
929 3270 1028 3339 τῆς
1052 3247 1395 3342 λειτουργίας
1438 3268 1828 3340 ἀναπαυσαμέ-

1932 3284 2102 3324 annos
2142 3281 2390 3335 mortuo,
2436 3270 2817 3325 Alcxamlrinae
2858 3272 3115 3328 Ecclesia:
3164 3273 3514 3327 adminiStra-

250 3376 365 3424 νου,
419 3361 695 3414 Κελαδίων
747 3361 848 3431 τῆς
902 3362 1292 3433 Ἀλεξανδρέων
1360 3361 1685 3433 Ἐκκλησίας
1732 3361 1829 3434 τὴν

250 3449 592 3521 λειτουργίαν
625 3452 1057 3524 παραλαμϐάνει.
1087 3455 1196 3506 Καὶ
1229 3451 1368 3506 κατὰ
1403 3454 1502 3523 τὴν
1544 3453 1830 3524 Ῥωμαίων

251 3540 309 3594 δὲ
355 3542 510 3595 πόλιν
569 3544 1036 3616 πεντεκαιδεκάτῳ
1091 3545 1187 3616 τῆς
1245 3545 1553 3617 ἐπισκοπῆς
1601 3546 1831 3619 ἐνιαυτῷ

252 3634 384 3686 Πίου
420 3635 866 3705 μεταλλάξαντος,
911 3638 1188 3708 ’Λνίκητος
1230 3638 1337 3691 τῶν
1367 3641 1542 3693 ἐκεῖσε
1571 3641 1832 3716 προΐστα-

253 3743 362 3780 ται.
399 3726 536 3779 Καθ’
568 3726 627 3780 ὃν
667 3729 1008 3800 Ἡγήσιππος
1042 3730 1244 3802 ἱστορεῖ
1278 3731 1464 3784 ἑαυτὸν
1497 3733 1831 3805 ἐπιδημῆσαι

252 3821 319 3889 τῇ
358 3817 566 3889 Ῥώμῃ,
597 3821 929 3891 παραμεῖναί
964 3838 1023 3874 τε
1065 3822 1248 3875 αὐτόθι
1280 3823 1440 3896 μέχρι
1465 3823 1566 3894 τῆς
1602 3825 1824 3878 ἐπισκο-

253 3911 365 3981 πῆς
426 3912 760 3984 Ἐλευθέρου.
809 3913 1059 3968 Μάλιστα
1114 3915 1171 3968 δὲ
1221 3915 1469 3987 ἤκμαζεν
1521 3917 1614 3970 ἐπὶ
1661 3918 1828 3970 τῶνδε

266 4000 570 4066 Ἰουστῖνος,
625 4005 683 4057 ἐν
734 4005 1018 4074 φιλοσόφου
1074 4007 1313 4077 σχήματι
1368 4007 1683 4079 πρεσϐεύων
1738 4009 1829 4061 τὸν

256 4093 395 4146 θεῖον
427 4095 603 4163 λόγον,
639 4097 733 4149 καὶ
762 4100 875 4158 τοῖς
909 4099 1046 4168 ὑπὲρ
1089 4098 1189 4168 τῆς
1233 4098 1466 4163 πίστεως
1512 4099 1860 4168 ἐναγωνιζό-¹

259 4203 418 4258 μενος
449 4190 890 4260 συγγράμμασιν.
938 4189 1024 4254 ’ος
1052 4188 1114 4262 δὴ
1142 4191 1235 4243 καὶ
1263 4189 1479 4261 γράψας
1509 4190 1651 4245 κατὰ
1677 4191 1832 4260 Μαρ-

328 4313 446 4438 (βοζ
471 4313 717 4381 Ηῦξησε
748 4314 812 4368 τὸ
849 4313 1298 4397 διδασκαλεῖον.
1342 4311 1398 4392 in
1444 4313 1722 4394 codicibus
1741 4330 1838 4366 no-

328 4400 389 4438 rts
448 4385 534 4438 lar.
565 4424 580 4438 .
628 4385 766 4438 Med.
799 4391 852 4438 et
895 4383 1027 4438 Fuk.
1071 4394 1331 4438 scrmtum
1360 4397 1536 4436 Inveni
1581 4382 1836 4436 διδασκά-

257 4386 389 4438 stris
421 4382 534 4438 Mar.
565 4424 580 4448 ,
628 4385 766 4439 Med.
799 4391 852 4438 et
895 4383 1027 4439 Fuk.
1071 4387 1331 4452 scriptum
1359 4384 1536 4436 inveni
1581 4382 1836 4436 διδασκά-

256 4452 420 4521 λειον,
463 4471 567 4508 non
601 4455 653 4508 in
680 4457 780 4510 hoc
808 4455 979 4509 solum
1016 4455 1153 4519 loco,
1179 4456 1271 4510 sed
1307 4452 1618 4522 ubicunque
1656 4453 1707 4507 id
1737 4470 1833 4507 no-

258 4540 379 4580 men
407 4527 664 4579 occurrit.

333 4596 447 4666 (5t)
485 4595 884 4665 Βλασφημῶν.
914 4595 1123 4664 Religio
1164 4593 1822 4666 fuit_Cltristopborsono,

258 4663 448 4736 vocem
483 4663 795 4736 ham-quant
820 4663 1484 4736 ecclesiasticjscriptores
1506 4664 1822 4736 jamdudum

259 4733 506 4793 Latinam
539 4731 802 4800 l'ecei'unt,
827 4751 1113 4805 usurpare.
1148 4731 1323 4788 Vertit
1364 4731 1544 4802 itaque
1566 4733 1824 4805 convicia

252 4810 491 4876 joctans.
535 4808 671 4860 male
700 4803 976 4868 omninoi
1005 4806 1196 4860 melius
1251 4804 1525 4876 vertisset,
1557 4803 1825 4876 impieta-

260 4870 429 4930 cuius.
461 4876 552 4928 Sic
583 4876 920 4929 Domitianus
970 4877 1108 4945 apud
1139 4875 1456 4930 Suetonium
1492 4874 1625 4945 dicit
1661 4889 1685 4945 :_
1720 4870 1826 4925 Im-

262 4951 342 5014 pie
373 4951 576 4997 locutus
605 4957 677 5000 est
710 4943 1101 4999 Parntularius.
1160 4945 1277 5014 Nos?
1319 4954 1518 5007 tamen,
1562 4943 1824 5014 Ruﬁnum

263 5012 456 5077 secuti,
503 5018 760 5069 vertimus
809 5015 1184 5082 blasphemare.
1236 5013 1424 5082 Neque
1484 5013 1628 5068 enim
1680 5012 1826 5066 refu.

263 5087 452 5156 gieuda
482 5099 609 5141 sunt
648 5086 762 5156 [nec
800 5088 1000 5156 verba,
1035 5100 1155 5154 quae
1203 5094 1280 5138 tot
1321 5084 1642 5156 saeculorum
1697 5096 1826 5136 usus

262 5154 622 5210 consecravit.
676 5155 889 5226 Alioqui
954 5154 1208 5209 Ecclesiae
1265 5165 1319 5210 et
1365 5154 1726 5226 apostolorum
1770 5160 1827 5205 et

261 5226 486 5293 episcopi
532 5237 586 5280 et
637 5224 883 5281 catholici
929 5226 1146 5279 vitanda
1194 5234 1354 5279 erunt
1398 5224 1660 5278 vocabula
1709 5237 1724 5276 :
1769 5232 1825 5274 et

261 5296 418 5364 longa
449 5297 738 5351 verborum
777 5301 918 5351 serie
970 5295 1305 5350 obscuranda
1356 5295 1461 5348 erit
1503 5293 1715 5364 oratio,
1752 5308 1826 5364 ne

261 5362 516 5420 dictionis
545 5367 704 5420 unius
730 5382 950 5436 prorsus
976 5366 1308 5436 necessariae
1334 5363 1632 5436 asperitate
1663 5362 1827 5436 laeda-

263 5445 373 5489 tur.
412 5436 710 5506 Cyprianus
731 5431 898 5491 'certe
944 5437 1195 5506 indicta
1243 5435 1312 5487 ad
1351 5433 1664 5500 Pompeium
1714 5431 1827 5506 epi-

262 5501 564 5564 Stola.éum
600 5508 740 5561 hunc
781 5507 968 5560 Irenzei
1014 5505 1194 5560 locum
1240 5517 1531 5573 suppresso
1579 5501 1825 5556 auctoris

265 5576 482 5629 nomine
512 5577 864 5637 describeret,
899 5577 1065 5629 verbo
1104 5575 1464 5633 blasphemare
1498 5575 1572 5626 uti
1607 5587 1712 5626 non
1743 5586 1827 5624 re-

265 5649 489 5698 cusavit.
526 5645 616 5700 Sic
643 5648 785 5700 enim
814 5649 889 5699 ait
923 5665 934 5699 :
965 5646 1130 5710 Quem
1181 5645 1422 5699 Marcion
1462 5653 1692 5702 secutus.
1729 5642 1830 5693 ad-

265 5716 390 5768 ditis
417 5717 485 5768 ad
526 5719 718 5770 crimen
768 5718 1063 5784 augmenti:
1089 5759 1104 5782 ,
1139 5714 1514 5784 impudentius
1538 5713 1738 5768 cretei-is
1775 5720 1825 5763 et

268 5789 536 5864 obruptius
565 5790 618 5841 in
663 5788 826 5840 Deum
843 5783 1068 5841 Patrem
1113 5785 1412 5841 Creatorth
1467 5783 1825 5855 blasphemare

269 5860 517 5912 insumit.

505 5954 778 6016 ΡΑτιιοι..
825 5954 920 6015 GR
993 5955 1132 6022 XX.

1933 3359 2138 3413 tionem
2167 3359 2425 3414 Ccladion
2461 3361 2689 3430 accepit.
2735 3360 2805 3414 At
2832 3360 3019 3417 Romae
3048 3377 3172 3417 cum
3201 3361 3329 3416 Pius
3369 3378 3513 3417 anno

1927 3450 2272 3520 episcopatus
2325 3453 2409 3508 sui
2457 3455 2650 3523 quinto
2698 3454 2912 3510 decimo
2965 3456 3132 3509 vitam
3181 3470 3306 3512 eum
3339 3465 3514 3510 morte

1932 3555 2357 3608 commutasset,
2407 3547 2668 3604 Anicetus
2703 3547 2957 3602 Ecclesia:
2991 3547 3137 3603 illius
3162 3549 3406 3604 Antistes
3440 3548 3515 3602 fa-

1933 3647 2053 3693 ctus
2079 3649 2184 3694 est.
2211 3639 2383 3706 Hujus
2407 3641 2745 3710 temporibus
2775 3656 2833 3696 se
2862 3641 2914 3694 in
2944 3643 3136 3708 urbem
3159 3640 3389 3694 Romam
3422 3655 3513 3695 ve-

1939 3715 2083 3784 nisse
2125 3731 2325 3786 Scribit
2355 3731 2727 3802 Hegesippus,
2776 3731 3083 3801 ibidemque
3121 3731 3188 3784 ad
3230 3730 3509 3787 Eleutlteri

1938 3837 2108 3893 usque
2152 3826 2520 3894 episcOpatum
2565 3825 2824 3878 continuo
2869 3823 3258 3891 permansisse.
3308 3822 3510 3878 Eadem

1937 3923 2259 3984 tempestate
2296 3930 2408 3985 prae
2440 3917 2656 3968 caeteris
2683 3914 2935 3968 onmibus
2967 3911 3198 3966 ﬂorebat
3225 3910 3511 3977 Justinus,

1935 4006 2036 4060 sub
2080 4006 2266 4060 habitu
2311 4006 2618 4076 pltilOSOplti
2673 4006 2898 4060 verbum
2944 4003 3038 4058 Dei
3071 4004 3406 4075 praadicatts,
3459 4014 3514 4060 et

1937 4097 2156 4166 scriptis
2203 4095 2570 4152 voluminibus
2615 4111 2714 4167 pro
2759 4095 2865 4149 ﬁde
2911 4103 3097 4149 nostra
3141 4109 3512 4165 propugnans.

1937 4190 2038 4257 Qui
2070 4192 2122 4246 in
2152 4191 2292 4247 libro
2323 4191 2573 4247 adversus
2599 4189 2925 4245 Marciorum
2957 4203 3080 4244 eum
3111 4190 3290 4244 adhuc
3322 4201 3514 4259 super-

2017 4314 2130 4384 (3‘2)
2178 4312 2569 4369 Εὐτονώτατα
2622 4308 2993 4384 διαπλῴσας.
3062 4307 3432 4384 Ni_cephurus_
3457 4313 3509 4366 in

1945 4380 2039 4440 lib.
2079 4402 2156 4448 tv,
2190 4401 2311 4454 cap.
2341 4385 2396 4451 5,
2428 4383 2592 4439 habet
2612 4381 2960 4454 διαπλεύσας,
2993 4380 3133 4454 quod
3176 4396 3284 4454 non
3316 4381 3510 4454 probo.

1941 4457 2068 4510 Scio
2091 4447 2306 4522 quidem
2348 4447 2390 4508 av
2408 4455 2582 4522 poetis
2625 4450 2936 4515 διαπλώσας
2985 4451 3091 4522 dici
3128 4465 3226 4522 pro
3259 4447 3515 4505 διαπλεύ-

1929 4542 2059 4590 σας·
2090 4520 2184 4579 sed
2217 4527 2304 4580 hic
2344 4520 2450 4579 non
2507 4526 2720 4578 videtur
2769 4521 3083 4576 convenire.
3118 4520 3298 4590 Quare
3347 4523 3514 4577 malui

1929 4589 2141 4650 vertere
2175 4597 2276 4649 hoc
2321 4596 2443 4650 loco
2471 4594 2756 4661 explicare,
2789 4606 2856 4647 eo
2894 4606 3056 4661 sensu
3100 4605 3208 4659 quo
3238 4589 3514 4661 Eusebius

1930 4666 1983 4718 iu
2039 4666 2438 4733 posterioribus
2487 4659 2641 4718 libris
2696 4661 2855 4727 dicit,
2917 4659 3140 4733 ἧπλωτο
3193 4659 3263 4713 τά
3323 4661 3512 4733 γράμ-

1930 4752 2096 4806 ματα,
2125 4737 2399 4804 proposita
2430 4744 2548 4788 sunt
2569 4734 2766 4786 edicta.

1997 4826 2110 4899 (55)
2153 4827 2311 4899 Πρὸς
2356 4827 2422 4881 τὸ
2460 4823 2705 4899 μᾶλλον
2746 4819 3268 4899 καταπλήξασθαι.
3328 4818 3511 4899 Nostri

1927 4891 2151 4955 codices
2180 4891 2342 4960 Mai,
2368 4913 2430 4950 ac
2461 4891 2601 4950 Med.
2636 4911 2760 4948 cum
2793 4892 2933 4947 Fuk.
2955 4902 3011 4946 et
3037 4891 3211 4947 Savil.
3245 4892 3510 4961 scriptum

1928 4971 2132 5024 habent.
2168 4966 2536 5039 καταπλῆξαι.
2563 4967 2738 5031 Atque
2779 4964 2864 5039 ita_
2884 4962 3080 5039 legisse
3095 4963 3331 5039 _videtur_
3354 4971 3513 5039 vetus

1927 5041 2234 5112 int_erpres_
2273 5029 2461 5093 lremiei
2527 5038 2582 5090 in
2613 5105 2625 5112 Δ
2657 5029 2780 5112 cap.
2842 5033 2910 5112 ts
2940 5029 3107 5086 'libri
3171 5031 3356 5112 primi.
3422 5029 3514 5112 Sic

1925 5104 2287 5174 enim'vertit,
2321 5119 2377 5162 ut
2423 5105 2625 5176 stuport'
2668 5105 2776 5159 sint
2814 5104 2890 5157 re!
2935 5111 3261 5172 perterreant
3291 5117 3384 5155 eos
3421 5104 3511 5171 qui

1925 5188 2237 5234 morantur.

1997 5270 2111 5343 ('54)
2145 5270 2308 5324 Μετὰ
2342 5267 2627 5343 τέταρτον
2662 5265 2800 5343 τῆς,
2823 5259 3166 5343 ἐπισκοπῇς
3201 5259 3360 5342 ἔτος.
3395 5259 3513 5313 Ru-

1928 5330 2070 5398 ﬁnus
2091 5330 2301 5411 flegisse
2327 5330 2542 5393 videtur
2571 5330 3029 5411 κατὰ”ὶ·θέτιι.ρτονΓ
3081 5330 3174 5386 Sic
3211 5332 3355 5384 enim
3386 5343 3512 5411 ver-

1929 5415 1991 5468 tit
2023 5431 2036 5466 :
2069 5401 2273 5480 Quarto
2329 5418 2506 5463 autem
2537 5401 2893 5480 episcopatus
2939 5405 3203 5480 sui‘anno
3247 5401 3511 5480 cur-noe-

1927 5470 2165 5537 cessisset
2212 5478 2477 5550 Hyginus,
2528 5470 2784 5532 Romana:
2823 5473 3099 5550 Ecclesia:
3153 5470 3512 5550 sacerdotium

1929 5553 2064 5606 Pius
2095 5538 2344 5619 suscepit.
2377 5538 2550 5604 Porro
2583 5543 2907 5619 nomen_Pii
2955 5545 3046 5619 qui
3077 5539 3363 5619 successit
3404 5538 3514 5610 lly-

1928 5626 2074 5693 gino,
2108 5623 2160 5693 in
2196 5607 2728 5693 codicibusuostris
2760 5615 2924 5693 llam,
2958 5607 3111 5693 .Med.
3141 5619 3194 5693 et
3230 5607 3366 5693 Fuit:
3390 5607 3513 5693 nnou

1928 5679 2396 5758 circumﬂectitur,
2419 5690 2516 5746 sed
2551 5689 2764 5746 acuitur
2797 5688 2851 5743 in
2886 5685 3061 5755 prima
3086 5680 3315 5753 syllaba.
3345 5679 3512 5742 ldque

1928 5763 2137 5820 rectius
2160 5771 2313 5833 puto.

3130 5935 3198 5995 ll
