4140 6430
623 422 738 476 ἴ»Βῦ

1340 422 1607 479 EUSEBII
1646 424 2124 480 CA‘ZSARIENSIS
2162 424 2309 481 OPP.
2352 422 2530 478 PARS
2568 421 2607 477 l.
2651 453 2720 465 —
2757 420 3149 476 HISTORICA.

3762 404 3883 473 ‘356

637 544 806 593 teant.
863 534 1032 590 Multo
1064 536 1219 589 enim
1268 541 1442 608 magis
1476 539 1580 593 illis
1611 540 1865 593 convenit
1891 542 2080 608 punire
2108 555 2185 593 eo:

2320 535 2459 605 Ἐγὼ
2496 538 2595 607 μὲν
2623 533 2738 588 οἶδα
2768 534 2848 587 ὅτι
2882 535 2976 587 καὶ
3016 536 3127 595 τοῖς
3162 530 3303 593 θεοῖς
3344 529 3599 599 ἐπιμελές
3626 530 3765 592 ἐστι,
3804 530 3882 599 μὴ

624 629 724 699 qui
752 626 931 682 colere
962 629 1106 698 ipsos
1133 639 1426 692 recusant,
1459 644 1620 697 quam
1649 631 1823 685 vobis.
1856 632 1958 697 Qui
1990 646 2200 692 eorum.

636 721 898 775 adversus
933 734 1067 788 quos
1095 719 1534 784 tumultuamini,
1568 720 1889 773 sententiam
1915 735 1978 773 ac
2008 734 2205 789 propo-

633 814 799 867 situm
829 811 1059 880 amplius
1090 810 1432 865 conﬁrmatis
1455 850 1470 876 ,
1503 812 1627 865 dum
1659 826 1752 865 eos
1781 812 2050 864 accusatis
2088 822 2204 864 tan-

630 918 793 972 quam
828 902 1039 970 impios.
1096 901 1205 955 Illis
1252 909 1431 955 autem
1482 901 1645 969 longe
1677 902 1962 970 optabilius
2005 902 2199 969 fuerit,

632 1002 689 1045 ut
717 992 769 1046 in
791 994 881 1060 jus
910 992 1085 1045 vocati
1118 1000 1347 1045 mortem
1376 1001 1631 1060 oppetere
1658 994 1941 1048 videantur
1971 1010 2065 1065 pro
2091 995 2200 1050 Deo

630 1100 766 1151 suo,
820 1099 979 1154 quam
1015 1093 1074 1137 ut
1104 1084 1403 1138 incolumes
1448 1096 1787 1140 remaneant.
1841 1086 1920 1141 lta
1968 1090 2201 1143 victores

630 1178 907 1242 evadunt,
960 1178 1170 1231 animas
1215 1192 1342 1231 suas
1382 1176 1561 1245 potius
1611 1177 1988 1246 Projicientes,
2038 1195 2197 1249 quam

630 1277 689 1322 ut
717 1284 778 1323 ea
815 1268 998 1321 facere
1029 1283 1146 1337 quae
1164 1282 1267 1321 vos
1293 1268 1533 1335 jubelis,
1572 1268 1627 1322 in
1658 1269 1895 1323 animum
1930 1285 2085 1323 suum
2120 1270 2199 1323 in-

629 1363 849 1416 ducant.
907 1360 1172 1415 Czeterum
1222 1361 1288 1415 de
1349 1362 1742 1416 terraemotibus
1793 1364 1884 1432 qui
1930 1362 2014 1416 vel
2069 1362 2195 1417 facti

628 1462 753 1508 sunt
801 1454 883 1509 vel
917 1456 1213 1508 etiamnum
1264 1453 1433 1520 ﬁunt,
1497 1470 1604 1507 non
1647 1454 1940 1509 absurdum
1985 1455 2198 1509 videtur

628 1561 723 1601 vos
776 1560 1152 1609 commonere,
1214 1546 1302 1615 qui
1350 1557 1404 1600 et
1444 1548 1651 1601 animos
1706 1546 1940 1613 abjicitis
1986 1546 2197 1615 quoties

628 1637 935 1707 bujusmodi
966 1653 1125 1691 casus
1154 1639 1509 1707 contingunt,
1544 1650 1595 1693 et
1620 1649 1795 1693 vestra
1823 1655 1941 1691 eum
1977 1639 2193 1693 illorum

630 1729 892 1783 institutis
925 1730 1277 1795 comparatis.
1335 1730 1497 1798 Atqui
1550 1731 1624 1783 illi
1671 1731 1889 1799 quidem
1935 1733 2191 1799 majorem

629 1832 756 1876 tunc
790 1822 1039 1875 fiduciam
1076 1823 1126 1875 in
1163 1822 1271 1875 Deo
1303 1822 1586 1877 collocant.
1628 1823 1735 1877 Vos
1762 1839 1889 1875 vero
1914 1840 2012 1893 per
2035 1839 2192 1878 omne

2304 628 2582 682 λανθάνειν
2624 626 2747 690 τοὺς
2779 624 3071 686 τοιούτους.
3122 622 3263 674 Πολὺ
3306 620 3411 691 γὰρ
3450 618 3646 690 μᾶλλον
3682 621 3885 672 ἐκεῖνοι

2303 723 2588 776 κολάσαιεν
2632 721 2697 775 ἂν
2743 721 2868 783 τοὺς
2909 720 2984 791 μὴ
3024 718 3377 788 βουλομένους
3415 717 3607 780 αὐτοὺς
3639 733 3887 787 προσκυ-
3932 738 3939 747 ί

2303 814 2432 869 νεῖν.
2462 811 2495 882 ἢ
2529 812 2705 880 ὑμεῖς.
2736 808 2842 873 Οὓς
2876 811 2955 871 είς
2982 807 3221 878 ταραχὴν
3256 806 3548 876 ἐμϐάλλετε
3567 847 3581 869 ,
3612 806 3888 876 βεϐαιοῦνο

2301 920 2392 965 τες
2416 903 2513 973 τὴν
2536 900 2760 971 γνώμην
2787 902 2963 954 αὐτῶν
2993 901 3171 970 ἥνπερ
3202 900 3413 969 ἔχουσιν
3446 899 3578 968 (45),
3600 899 3676 962 ώς
3703 898 3887 952 ἀθέων
3912 919 3922 925 ·

2301 996 2754 1067 κατηγοροῦντες.
2794 998 2889 1067 Εἴη
2934 997 2979 1049 δ’
3014 996 3079 1049 ἂν
3123 996 3395 1058 κάκείνοις
3424 996 3635 1061 αἱρετὸν
3670 996 3784 1065 (46)
3822 996 3889 1048 τὸ
3916 998 3947 1068 ⁷,

2298 1086 2472 1140 δοκεῖν
2509 1087 3011 1159 κατηγορουμένους
3037 1085 3147 1155 (47)
3171 1085 3421 1139 τεθνάναι
3452 1086 3669 1155 μᾶλλον,
3699 1087 3730 1155 ῆ
3758 1084 3881 1156 ζῇν,
3926 1074 3954 1147 3

2298 1178 2437 1249 ὑπὲρ
2457 1180 2550 1232 τοῦ
2573 1180 2773 1232 οἰκείου
2805 1178 2963 1233 Θεοῦ.
3023 1179 3183 1232 Ὅθεν
3212 1180 3304 1230 καὶ
3332 1179 3540 1242 νικῶσι,
3568 1179 3886 1248 προιέμενοι

2296 1269 2395 1333 τὰς
2456 1271 2662 1323 ἑαυτῶν
2722 1270 2917 1339 ψυχάς,
2963 1272 3106 1340 ἤπερ
3158 1269 3469 1339 πειθόμενοι
3519 1265 3601 1331 οἷς
3660 1267 3883 1334 ἀξιοῦτε

2299 1363 2559 1433 πράττειν
2604 1362 2817 1426 αύτούς.
2850 1364 2986 1433 Περὶ
3018 1363 3073 1414 δὲ
3102 1361 3209 1413 τῶν
3250 1360 3491 1430 σεισμῶν
3522 1362 3630 1413 τῶν
3666 1361 3887 1429 γεγονό-

2294 1471 2402 1507 των
2442 1454 2536 1507 καὶ
2587 1454 2885 1524 γινομένων
2935 1455 3035 1506 οὐκ
3092 1454 3290 1507 ἄτοπον
3346 1454 3487 1522 ὑμᾶς
3542 1453 3878 1523 ὑπομνῆσαι,

2295 1544 2633 1615 ἀθυμοῦντας
2667 1547 2761 1616 μὲν
2784 1547 2911 1599 ὅταν
2943 1563 3046 1617 περ
3076 1539 3198 1609 ὦσι,
3232 1545 3675 1616 παραϐάλλοντας
3705 1544 3761 1596 δὲ
3810 1546 3881 1598 τά

2294 1640 2537 1709 ἡμέτερα
2571 1637 2680 1708 (48)
2728 1639 2862 1709 πρὸς
2898 1638 2966 1690 τὰ
3002 1638 3243 1691 ἐκείνων.
3294 1640 3356 1692 Οἱ
3404 1640 3501 1709 μὲν
3534 1635 3624 1693 οὖν
3674 1640 3883 1709 εύπαρο

2295 1732 2704 1803 ρησιαστότεροι
2766 1732 3005 1799 γίνονται
3065 1732 3201 1803 πρὸς
3236 1733 3327 1785 τὸν
3381 1732 3549 1785 Θεὸν·
3609 1732 3770 1803 ὑμεῖς
3821 1731 3881 1783 δὲ

2294 1824 2443 1895 παρὰ
2470 1825 2646 1877 πάντα
2675 1823 2765 1876 τὸν
2798 1825 2987 1894 χρόνον
3025 1824 3146 1877 *θ’
3175 1825 3233 1876 ὃν
3268 1826 3478 1892 ἀγνοεῖν
3506 1824 3733 1885 δοκεῖτε,
3769 1825 3878 1876 τῶν

628 1914 759 1967 illud
789 1922 1000 1981 tempus
1028 1928 1130 1982 quo
1164 1928 1274 1981 prae
1307 1914 1577 1983 imperitia
1610 1914 1716 1967 labi
1751 1915 1880 1968 milii
1908 1916 2185 1981 videmini,

2299 1933 2357 1967 τε
2386 1915 2522 1968 θεῶν
2551 1916 2644 1969 καὶ
2678 1915 2784 1967 τῶν
2819 1916 2991 1968 ἄλλων
3032 1915 3303 1985 ἀμελεῖτε,
3334 1917 3423 1968 καὶ
3452 1917 3549 1983 τῆς
3578 1914 3879 1987 θρησκείας

626 2006 755 2059 deos
808 2005 1121 2073 ncgligilis:
1171 2014 1226 2059 et
1273 2014 1387 2058 tum
1424 2006 1561 2059 alias
1595 2006 1947 2061 caeremonias
1979 2006 2196 2075 insuper

612 2096 877 2163 liabetis,
927 2104 1036 2147 tum
1088 2096 1294 2150 cultum
1344 2096 1667 2152 immortalis
1714 2098 1855 2152 illius
1891 2134 1904 2158 ,
1943 2108 1995 2151 ct
2039 2098 2195 2152 Chri-

626 2188 831 2241 stianos
856 2187 947 2253 qui
981 2186 1127 2240 illum
1155 2200 1481 2244 venerantur
1502 2229 1517 2255 ,
1548 2189 1846 2258 expellitis,
1875 2199 1928 2245 et
1955 2194 2021 2243 ad
2046 2207 2193 2244 mor-

627 2288 734 2332 tem
768 2294 936 2347 usque
967 2278 1222 2333 infestius
1250 2283 1570 2350 perurgetis.
1612 2280 1777 2334 Porro
1805 2282 1871 2337 de
1904 2282 1988 2335 his
2022 2283 2195 2335 homi-

626 2371 785 2425 nibus
810 2370 1020 2439 plurimi
1051 2372 1206 2442 127
1239 2372 1637 2440 provinciarum
1658 2382 1897 2427 rectores
1919 2373 2040 2426 divo
2055 2374 2193 2443 patri

628 2472 817 2516 nostro
837 2471 993 2515 antea
1015 2472 1369 2530 scripserunt.
1392 2460 1601 2527 Quibus
1628 2464 1717 2516 ille
1734 2465 2032 2534 rescripsit,
2051 2464 2193 2532 ejus-

630 2554 774 2606 modi
804 2554 1048 2607 homines
1083 2554 1225 2607 nulla
1257 2554 1501 2609 molestia
1534 2554 1851 2610 alliciendos
1879 2570 2000 2610 esse
2020 2595 2035 2620 ,
2083 2555 2188 2609 nisi

624 2644 767 2700 forte
794 2654 981 2699 contra
1032 2654 1231 2700 statum
1271 2646 1482 2715 imperii
1518 2647 1745 2701 Romani
1779 2647 1983 2717 aliquid
2014 2647 2189 2701 moliri

622 2738 956 2793 viderentur.
980 2734 1084 2790 Sed
1099 2746 1155 2790 et
1177 2737 1327 2791 multi
1346 2738 1413 2790 ad
1432 2752 1516 2791 me
1535 2740 1598 2792 de
1617 2738 1719 2793 illis
1734 2740 2030 2793 retulerunt
2050 2756 2062 2791 :
2080 2740 2193 2809 qui-

625 2832 724 2884 bus
747 2846 847 2900 ego
874 2831 1045 2899 patris
1074 2830 1175 2883 mei
1199 2829 1647 2883 constitutionem
1676 2841 1891 2885 secutus
1918 2834 2189 2902 respondi.

624 2924 775 2991 Quod
810 2925 852 2977 si
900 2924 1019 2992 quis
1053 2924 1227 2977 adhuc
1275 2924 1449 2993 pergit
1481 2924 1736 2992 cuiquam
1782 2924 1994 2977 illorum
2029 2940 2192 2992 nego-

624 3012 755 3066 tium
790 3011 1058 3066 facessere
1088 3027 1153 3066 ex
1195 3026 1259 3065 eo
1288 3013 1431 3082 quod
1464 3012 1804 3067 Christianus
1847 3015 1946 3079 sit,
1981 3016 2190 3073 delatus

621 3105 837 3172 quidem
885 3104 1112 3157 crimine
1162 3104 1511 3170 absolvatur,
1568 3105 1782 3158 tametsi
1834 3115 2041 3160 constet
2066 3122 2189 3161 eum

622 3196 796 3264 reipsa
827 3194 1203 3249 Christianum
1233 3211 1374 3249 esse.
1409 3195 1624 3250 Delator
1649 3206 1828 3251 autem
1859 3198 1975 3266 ipsc
2004 3210 2189 3268 pinnas

2299 2009 2396 2076 τῇς
2431 2008 2557 2076 περὶ
2588 2008 2676 2059 τὸν
2699 2006 2984 2068 ἀθάνατον,
3012 2006 3069 2058 ὃν
3096 2006 3158 2076 δὴ
3189 2008 3313 2069 τοὺς
3338 2009 3693 2078 Χριστιανοὺς
3749 2007 3881 2077 θρηο

2300 2099 2591 2161 σκεύοντας
2616 2099 2862 2152 ἐλαύνετε
2891 2100 2983 2152 καὶ
3021 2098 3243 2151 διώκετε
3278 2098 3381 2161 ἕως
3416 2099 3664 2153 θανάτου.
3703 2100 3879 2171 ’Υπὲρ

2297 2191 2353 2244 δὲ
2406 2189 2513 2242 τῶν
2565 2189 2839 2254 τοιούτων,
2897 2190 2995 2261 ἤδη
3048 2190 3141 2242 καὶ
3197 2188 3380 2241 πολλοὶ
3438 2190 3546 2243 τῶν
3594 2192 3719 2260 περ).
3778 2192 3877 2253 τὰς

2298 2282 2563 2353 ἐπαρχίας
2590 2282 2871 2352 ἡγεμόνων
2912 2282 3004 2333 καὶ
3034 2280 3110 2351 τῷ
3150 2280 3409 2352 θειοτάτῳ
3440 2282 3599 2352 ἡμῶν
3630 2281 3875 2353 ἔγραψαν

2300 2373 2466 2443 πατρί
2510 2372 2649 2441 (49)·
2700 2367 2781 2435 οἷς
2812 2374 2905 2425 καί
2938 2372 3243 2444 ἀντέγραψε
3281 2373 3445 2443 μηδὲν
3481 2374 3715 2444 ἐνοχλεῖν
3759 2376 3876 2435 τοῖς

2299 2465 2584 2527 τοιούτοις,
2632 2466 2680 2517 εί
2732 2464 2806 2535 μὴ
2857 2464 3125 2533 φαίνοιντο
3171 2482 3223 2516 τι
3270 2465 3395 2535 περὶ
3438 2464 3533 2534 τὴν
3588 2464 3877 2533 Ῥωμαίων

2297 2557 2591 2627 ἠγεμονίαν
2620 2556 3010 2629 ἐγχειροῦντες.
3042 2559 3150 2610 Καὶ
3182 2558 3303 2626 ἐμοὶ
3331 2557 3387 2609 δὲ
3413 2556 3541 2627 περὶ
3573 2555 3680 2608 τῶν
3707 2555 3879 2608 τοιού-

2295 2666 2403 2702 των
2430 2649 2610 2701 πολλοὶ
2634 2650 2729 2721 ἐσὴ
2741 2666 2934 2720 μαναν,
2966 2643 3047 2712 οἷς
3074 2650 3137 2718 δὴ
3159 2650 3252 2701 κα).
3276 2649 3611 2720 ἀντέγραψα,
3638 2664 3879 2701 κατακο-

2296 2737 2499 2791 λουθῶν
2526 2740 2590 2807 τῇ
2615 2737 2706 2790 τοῦ
2736 2739 2940 2809 πατρὸς
2964 2737 3176 2810 γνώμῃ.
3205 2740 3267 2791 Εἰ
3289 2739 3345 2791 δέ
3372 2756 3455 2802 τις
3482 2738 3730 2807 ἐπιμένοι
3752 2738 3877 2789 τινὰ

2295 2832 2400 2885 τῶν
2431 2830 2685 2885 τοιούτων
2728 2834 2806 2894 είς
2841 2832 3140 2903 πράγματα
3181 2830 3360 2900 φέρων
3396 2830 3471 2893 ώς
3514 2830 3577 2900 δὴ
3608 2828 3872 2890 τοιοῦτον,

2296 2926 2498 2987 ἐκεῖνος
2539 2927 2567 2977 ὁ
2598 2924 3039 2995 καταφερόμενος
3083 2922 3434 2977 άπολελύσθω
3464 2922 3559 2975 τοῦ
3604 2922 3881 2992 ἐγκλήμα-

2294 3036 2403 3082 τος,
2436 3019 2529 3069 καὶ
2560 3016 2653 3069 ἐὰν
2684 3016 2937 3088 φαίνηται
2967 3016 3205 3080 τοιοῦτος
3240 3015 3341 3068 ὤν’
3375 3016 3403 3067 ὁ
3432 3016 3486 3069 δὲ
3526 3016 3872 3086 καταφέρων,

2296 3108 2478 3177 ἔνοχος
2511 3107 2662 3161 ἔσται
2685 3109 2859 3177 δίκης.
2892 3107 3165 3179 Προετέθη
3196 3109 3254 3160 ὲν
3305 3107 3513 3177 Ἐφέσῳ
3543 3107 3653 3177 (50)
3699 3108 3755 3158 ἐν
3796 3107 3878 3176 τῷ

2296 3201 2458 3271 κοινῷ
2501 3202 2599 3272 τῆς
2648 3201 2830 3264 Ἀσίας
2878 3200 3011 3271 (51).
3052 3219 3070 3251 ι
3113 3198 3338 3262 Τούτοις
3375 3197 3519 3251 οὕτω
3559 3200 3874 3270 χωρήσασιν

619 3350 674 3405 in
738 3366 791 3404 tv
824 3352 973 3407 Orat.
1040 3365 1336 3404 sacrarum.
1383 3352 1447 3405 Et
1495 3352 1762 3407 Aristides
1811 3352 2024 3419 quidem
2084 3354 2192 3408 illic
2220 3363 2261 3419 c
2295 3370 2512 3409 sensum
2552 3357 2694 3408 hunc
2724 3354 3014 3407 admittere
3045 3369 3151 3407 non
3184 3363 3436 3421 possunt.
3466 3352 3682 3421 Optime
3727 3351 3873 3405 Lan-

619 3422 830 3485 scribit,
880 3421 980 3474 hoc
1022 3424 1307 3475 concilium
1350 3422 1400 3474 in
1444 3423 1724 3490 superiore
1775 3422 2005 3491 Phrygia
2060 3441 2186 3478 con-

617 3493 849 3554 venisse,
885 3492 1063 3554 idest,
1104 3494 1355 3559 Apamea:
1394 3493 1476 3544 vel
1511 3495 1801 3560 Synnadis.
1859 3495 2080 3546 Videtur
2113 3505 2186 3547 ta-

618 3576 741 3615 men
776 3564 939 3614 etiam
969 3563 1019 3614 iit
1062 3561 1179 3613 aliis
1206 3562 1521 3615 civitatibus
1559 3574 1941 3627 Congregatuui
1991 3564 2180 3619 fuiSse.

617 3630 787 3685 Erant
815 3643 869 3683 et
896 3634 947 3683 in
979 3633 1098 3683 aliis
1127 3634 1419 3697 provinciis
1454 3632 1634 3700 populi
1666 3632 1820 3685 lium.
1862 3632 2175 3699 liujusmodi

617 3700 871 3764 concilia‘,
898 3712 955 3753 ut
988 3705 1275 3755 concrlioui
1305 3717 1599 3767 provuiene
1637 3704 1848 3764 Africae,
1883 3705 2177 3757 concilium

618 3770 1054 3841 Byz:ieeuorum,
1139 3773 1432 3825 concilium
1535 3771 2026 3839 Tripolitanorum;
2112 3777 2181 3828 de

615 3844 1047 3964 ἓὲἑυιὲῖόηοωνί
1099 3843 1165 3895 ad
1225 3844 1320 3897 lib.
1375 3858 1544 3896 xxviii
1610 3845 1789 3896 Amm.
1840 3842 2180 3910 Marcellini,

652 3914 888 3978 33.3‘5.

614 3925 799 4049 p335":
836 3925 1222 4048 iisdatoiirrec
1275 3980 1389 4049 τὴν
1448 3981 1689 4052 γνώμην
1736 3982 1932 4037 αὐτῶν
1996 3982 2187 4051 ἥνπερ

613 4051 881 4127 ξχοῌυσινζ.
932 4053 1265 4127 Nicepluirus
1310 4064 1429 4120 post
1458 4051 1590 4127 ⁷Ιιςιιο
1634 4056 1815 4127 verba
1858 4055 2006 4107 addit
2058 4056 2185 4127 περὶ

614 4121 793 4192 ἡμῶν.
830 4122 1000 4193 Quam
1034 4125 1360 4189 scripturam
1393 4126 1675 4175 continuat
1709 4125 1881 4178 ltullni
1917 4121 2183 4193 interpre-

618 4201 771 4244 tatio.
814 4192 918 4244 Sed
953 4208 1060 4253 ros,
1097 4194 1297 4258 inquit,
1331 4195 1651 4259 conﬁrmatis
1693 4210 1871 4247 eorum
1907 4212 2034 4263 quos
2065 4192 2183 4263 per-

614 4262 888 4329 sequimini
926 4264 1232 4313 sementium
1258 4278 1417 4330 quam
1453 4264 1517 4315 de
1546 4263 1683 4317 vobis
1713 4262 1925 4330 habent,
1956 4262 2184 4319 dicentes

612 4346 699 4383 tos
736 4333 918 4397 impios
948 4346 1074 4383 esse.

684 4400 798 4471 (46)
842 4400 950 4466 Εϊη
981 4400 1031 4452 δ’
1057 4399 1133 4453 ἂν
1171 4401 1470 4465 κάκείνοις
1502 4402 1756 4467 αἱρετόν.
1789 4402 1841 4455 In
1874 4404 2044 4456 tribus
2081 4420 2181 4458 no-

612 4470 746 4543 stris
775 4472 1054 4543 codicibus
1090 4471 1248 4534 Maz.,
1279 4474 1423 4543 Med.
1444 4483 1496 4523 et
1527 4470 1655 4524 Fok.
1688 4474 1884 4540 legitur
1928 4474 2011 4543 εἴη
2042 4474 2085 4527 δ’
2116 4476 2182 4529 ἂν

610 4540 840 4601 ἐκείνοις
864 4540 1282 4613 αίρετόνηιιιιειιιι
1322 4541 1642 4613 scripturam
1678 4544 1845 4611 magis
1880 4540 2069 4613 probo.

2295 3442 2413 3494 gos.
2465 3428 2655 3478 doctus
2712 3424 2996 3491 Nircpliori
3051 3426 3339 3489 interpres,
3394 3426 3532 3476 liuoc
3569 3425 3740 3476 locum
3795 3426 3866 3475 ita

2287 3496 2491 3549 vertit:
2538 3494 2611 3547 De
2660 3506 2809 3546 terra:
2848 3494 3069 3546 motibus
3122 3504 3296 3547 autem
3335 3495 3425 3559 qui
3478 3494 3555 3547 rel
3605 3494 3750 3559 [nere
3792 3496 3871 3546 vel

2284 3566 2421 3633 ﬁunt
2468 3566 2673 3626 adhuc,
2717 3581 2817 3616 non
2850 3564 3205 3627 importunum
3242 3567 3398 3632 fuerit
3445 3581 3530 3617 vos
3575 3567 3666 3631 qui
3700 3580 3761 3615 ea
3806 3566 3873 3616 de

2285 3652 2446 3687 causa
2510 3636 2745 3686 animant
2800 3635 3170 3699 despondistis.
3247 3641 3549 3696 admouere,
3582 3644 3634 3684 ut
3666 3635 3871 3686 srilicet

2288 3720 2369 3757 res
2421 3718 2617 3757 vestros
2670 3721 2787 3757 cum
2836 3703 2987 3755 rebus
3057 3705 3274 3756 illorum
3329 3705 3631 3771 conferatis.
3694 3704 3866 3768 igitur

2283 3772 2498 3837 Latigus
2550 3775 2691 3827 hunc
2745 3775 2916 3827 locum
2983 3775 3052 3825 ita
3101 3775 3229 3839 legit
3261 3792 3275 3828 :
3309 3775 3425 3842 Οὐκ
3472 3774 3671 3827 ἄτοπον
3721 3775 3870 3842 ὑμᾶς

2289 3844 2630 3916 ὑπομνῆσαι,
2680 3842 3020 3916 ἀθυμοῦντας
3070 3838 3197 3916 ὅταν
3233 3862 3355 3916 περ
3395 3838 3528 3896 ὦσι*
3577 3838 3865 3914 παραϐάλ-

2288 3913 2573 3986 λονταςτά
2607 3913 2845 3986 ὑμέτερα
2871 3915 3007 3985 πρὸς
3032 3913 3099 3965 τὰ
3127 3913 3367 3986 ἐκείνων.
3397 3916 3861 3986 Quctnadmoduui

2289 3985 2483 4054 legitur
2520 3990 2586 4038 ad
2635 3983 2836 4038 ealce'iu
2873 3983 3192 4051 Apologetici
3224 3983 3440 4038 Justtttt.
3474 3984 3604 4050 Quae
3642 3986 3863 4052 quidem

2289 4070 2555 4121 scriptura
2591 4056 2718 4107 milii
2752 4056 3096 4107 vehementer
3132 4055 3323 4123 placet.

2360 4126 2471 4195 (49)
2518 4124 2600 4189 Τῷ
2629 4124 2904 4191 θειοτάτῳ
2942 4124 3139 4191 πατρί.
3168 4127 3340 4191 Supra
3387 4125 3714 4185 monuimus,
3744 4140 3865 4195 gra-

2288 4195 2429 4249 viter
2468 4198 2789 4248 liallucinari
2829 4195 3116 4246 ltitscbiuin
3142 4198 3229 4262 qui
3266 4196 3403 4247 lianc
3434 4196 3719 4261 epistolam
3753 4203 3863 4248 An-

2288 4266 2476 4318 tonino
2525 4265 2619 4318 l’io
2672 4266 3006 4330 ascripSerit.
3064 4263 3260 4317 Verum
3314 4266 3437 4317 licet
3490 4267 3714 4331 epistola
3766 4268 3860 4320 illa

2289 4352 2393 4387 non
2425 4338 2493 4388 sit
2532 4334 2788 4387 AutOniui
2826 4334 2929 4399 Pii,
2968 4346 3267 4402 opportune
3306 4346 3481 4387 tamen
3511 4346 3564 4387 et
3592 4352 3692 4387 suo
3742 4336 3865 4389 loco

2287 4405 2372 4457 hic
2426 4406 2733 4458 adducitur.
2782 4403 2838 4457 lu
2885 4420 2948 4456 ea
3001 4407 3198 4471 quippe
3250 4404 3308 4457 iit
3367 4407 3567 4457 lltt‘llllO
3618 4407 3865 4472 cpistola

2286 4474 2427 4528 illius
2458 4490 2615 4543 quam
2643 4476 2950 4527 Antoninus
2980 4474 3105 4527 Pius
3136 4478 3489 4541 rescripsvrat
3520 4479 3585 4527 ad
3614 4490 3860 4529 rectores

2286 4548 2722 4611 provinciarum,
2776 4544 3053 4597 consultus
3104 4546 3169 4595 ab
3226 4547 3289 4597 iis
3342 4547 3470 4611 quid
3526 4544 3863 4599 Clll‘i-lialtls

680 4613 795 4680 (47)
848 4602 1159 4664 Τδδοκὲῖφί
1210 4602 1793 4680 κατηγορουμένουςῗ
1824 4602 1929 4683 Ιιιῖη
1960 4618 2175 4680 quidem

2289 4602 2549 4683 agendum
2598 4602 2758 4669 esset.
2813 4614 2983 4681 llujus
3022 4615 3267 4679 epistolae
3322 4602 3427 4667 divi
3478 4614 3557 4668 Pii
3613 4616 3862 4668 meminit

610 4684 780 4736 codex
824 4683 1044 4751 ltegius,
1076 4686 1159 4735 cui
1200 4693 1472 4751 ςυιιεωιιιιι
1506 4683 1860 4749 hicepliorus.
1893 4682 2085 4738 Verum
2122 4688 2173 4737 iu

609 4758 796 4826 codice
840 4748 1114 4805 MJzarmO
1150 4748 1529 4826 etA‘Fuketiano
1566 4748 1827 4819 scriptum
1884 4756 2060 4826 inveni
2101 4755 2177 4826 τῷ

607 4821 782 4873 δοκεῖν
828 4821 1342 4893 κατηγορουμένοις.
1397 4823 1574 4875 Codex
1640 4836 1818 4875 autem
1893 4821 2178 4880 Medica-us

608 4840 782 4873 οοκειν
828 4840 1342 4945 κατηγορούμενος.
1397 4840 1574 4875 untex
1640 4840 1818 4875 autem
1893 4840 2174 4880 medica-us

608 4904 873 4965 scriptum
917 4894 1076 4946 habet
1112 4911 1142 4945 τ
1196 4894 1370 4945 δοκεῖν
1397 4895 1907 4965 κατηγορουμένοις.
1943 4897 2094 4960 Quod
2130 4900 2174 4949 si

606 4961 688 5031 rb!
729 4960 905 5015 δοκεῖν
965 4966 1238 5031 legamus,
1292 4960 1629 5016 referendum
1690 4960 1793 5017 em
1840 4970 1903 5017 ad
1957 4966 2175 5018 Vct'bittll

606 5029 1077 5106 τεθνάναιηβὶριιι
1128 5033 1642 5106 rguiitblusculus.
1691 5035 1925 5087 Si'vero
1971 5034 2048 5106 τῷ
2088 5036 2175 5089 δο-

608 5104 724 5153 κεῖν
750 5119 869 5153 ιυιιι
906 5102 1040 5157 Maz.
1080 5115 1129 5154 et
1163 5103 1296 5158 Fuk.
1331 5103 1427 5170 legi
1463 5107 1654 5166 placet.
1683 5117 1792 5156 tum
1830 5102 2173 5159 referendqu

608 5183 712 5225 erit
744 5172 808 5245 ad
834 5178 1055 5225 verbum
1088 5172 1589 5245 κατηγορουμένους
1625 5186 1784 5243 prout
1815 5178 1994 5229 retulit
2035 5175 2177 5229 Lan-

610 5258 728 5310 gus.
776 5238 865 5293 Sic
908 5246 1052 5295 enim
1095 5238 1255 5295 vertit
1297 5238 1311 5296 ξ
1350 5238 1554 5308 Quibus
1597 5238 1948 5313 pra-stabilius
1978 5250 2171 5310 etiam,

606 5314 733 5364 dum
774 5315 1011 5363 accusari
1047 5317 1296 5383 arguique
1332 5318 1590 5379 videntur,
1629 5332 1724 5384 pro
1765 5316 1874 5369 Deo
1910 5333 2003 5369 suo
2042 5318 2175 5369 mori

606 5388 804 5450 potius,
828 5398 982 5449 quam
1016 5384 1067 5433 in
1098 5387 1193 5434 vita
1235 5401 1463 5436 manere.

676 5450 786 5523 (48)
827 5451 1329 5526 Ιιαρᾳϐᾁλλοντας
1354 5452 1420 5505 δὲ
1444 5452 1517 5507 τὰ
1561 5453 1833 5525 ἡμέτερα.
1864 5454 2170 5526 Legendum

600 5523 822 5577 videtur
848 5525 915 5576 τὰ
941 5523 1223 5595 ὑμέτερα,
1248 5538 1304 5577 ut
1336 5523 1769 5595 scribitur'apud
1813 5523 2084 5581 Justinuui
2118 5529 2169 5580 iit

605 5596 757 5647 calce
802 5594 1145 5661 Apotugetici.
1197 5594 1366 5660 Quam
1439 5594 1761 5663 scripturam
1818 5610 2035 5651 secutus
2090 5608 2173 5650 est

604 5664 1149 5732 Christopborsonus.
1180 5665 1271 5718 Sic
1304 5664 1446 5717 enim
1479 5668 1639 5719 vertit
1673 5668 1816 5721 hunc
1848 5669 2021 5721 locum
2051 5681 2065 5719 :
2101 5666 2170 5721 Et

604 5734 837 5801 infelices
868 5736 1020 5787 vestri
1052 5736 1283 5787 omnium
1314 5751 1467 5807 casus
1500 5739 1552 5788 in
1583 5738 1879 5806 religionem
1922 5750 2170 5807 tanquam

604 5806 900 5856 eorumdth
926 5820 1143 5857 causam
1172 5805 1493 5873 transfertis.
1528 5805 1783 5860 Ettitidctit
1811 5805 2033 5876 quoque
2054 5826 2172 5861 sen-

603 5889 720 5927 sum
765 5878 1034 5941 expressit
1066 5876 1313 5931 ltutiuus.
1350 5879 1457 5932 bed
1485 5876 1673 5933 Graeca
1702 5880 1959 5933 Antonini
1999 5882 2162 5933 verba

2279 4684 2460 4737 Metito
2491 4686 2629 4738 infra
2669 4700 2787 4752 cap.
2813 4686 2902 4742 26.
2938 4700 3040 4751 qua
3094 4687 3314 4754 vetitum
3356 4700 3475 4737 esse
3507 4687 3639 4737 dicit
3687 4685 3857 4754 μηδὲν

2277 4755 2611 4825 νεωτερίζειν
2636 4743 2763 4826 περ).
2809 4743 3184 4825 Χριστιανούς.
3228 4754 3326 4807 llic
3372 4770 3498 4826 vero
3540 4755 3596 4826 in
3630 4743 3857 4826 episiola

2280 4828 2385 4896 divi
2434 4824 2595 4879 Marci
2629 4824 2826 4879 dicitur
2870 4836 3088 4878 cautum
3134 4840 3255 4878 esse
3302 4840 3331 4877 a
3380 4825 3504 4878 divo
3542 4825 3639 4877 Pio
3689 4824 3857 4896 μηδὲν

2278 4894 2476 4965 ὀχλεῖν,
2503 4902 2643 4964 quoi
2680 4898 2814 4947 idem
2848 4907 2949 4948 est.

2350 4970 2462 5033 (50)
2502 4963 2796 5033 Προετέθη
2860 4965 2929 5017 ἐν
2987 4963 3230 5034 Ἐφέσῳ.
3289 4963 3341 5015 Id
3407 4972 3527 5034 est:
3585 4968 3857 5031 preposita

2278 5032 2490 5104 Ephesi.
2541 5032 2630 5090 Sic
2664 5054 2713 5105 in
2765 5036 2968 5102 aliquot
3002 5032 3209 5105 legibus
3246 5034 3451 5086 codicis
3482 5032 3853 5087 Theodosiani

2277 5110 2525 5161 additur:
2564 5107 2627 5158 Ρ.
2657 5104 2724 5158 Ρ.
2769 5106 2945 5157 Itonia:
2966 5118 3057 5158 aut
3089 5105 3424 5173 Carthagine.
3460 5108 3586 5169 Qua:
3619 5114 3743 5155 nota
3777 5106 3855 5157 si-

2277 5180 2496 5244 gniticat
2526 5178 2667 5229 illam
2703 5178 3039 5242 imperatoris
3071 5177 3238 5245 legem
3276 5177 3485 5243 publice
3519 5176 3855 5241 propositam

2276 5265 2394 5299 esse
2428 5248 2479 5300 iu
2532 5263 2592 5298 ea
2644 5248 2885 5298 civitate.
2935 5248 3193 5299 Solebant
3241 5255 3421 5297 autem
3472 5245 3853 5312 imperatores,

2276 5320 2491 5384 quoties
2542 5316 2775 5384 aliquam
2814 5318 3251 5368 constitutionem
3303 5318 3368 5365 ad
3419 5330 3672 5384 oriturum
3704 5315 3856 5363 noti-

2277 5381 2404 5441 tiam
2426 5381 2703 5455 pervenire
2736 5388 2952 5447 vellent,
2990 5401 3082 5455 sua
3118 5401 3279 5437 manu
3309 5389 3618 5455 ascribere:
3653 5381 3856 5455 Propof

2275 5452 2456 5519 natur,
2487 5469 2543 5509 ut
2574 5459 2833 5510 discimus
2877 5472 2942 5508 ex
2972 5453 3210 5508 Novellis
3244 5456 3449 5522 aliquot
3483 5452 3853 5506 Valentiniani

2273 5538 2327 5579 et
2354 5528 2658 5595 Majoriatii,
2692 5537 2743 5578 et
2789 5541 2856 5579 ex
2884 5525 3103 5591 epistola
3134 5527 3197 5579 51
3233 5524 3433 5577 Juliani
3463 5526 3600 5595 Aug.
3630 5525 3854 5595 adAAte-

2276 5592 2590 5659 xandrinos,
2621 5598 2671 5648 in
2702 5596 2855 5665 cujus
2890 5598 3037 5649 calce
3070 5601 3339 5665 soriptuni
3375 5604 3456 5648 est
3484 5612 3495 5647 :
3524 5592 3852 5663 Προτεθήτω

2271 5669 2383 5730 τοῖς
2407 5666 2692 5737 ἡμετέροις
2721 5664 2963 5737 πολίταις
3003 5664 3423 5737 Ἀλεξανδρεῦσι.

2343 5733 2458 5808 (51⁷)
2505 5733 2600 5789 Ἠ·
2642 5737 2723 5801 τῷ
2779 5735 2956 5801 κοινῷ
3006 5734 3115 5802 τῆς
3167 5733 3381 5801 Ἀσίας.
3411 5735 3582 5787 Aliter
3626 5733 3714 5808 bic
3756 5747 3853 5808 su-

2274 5802 2443 5860 mitur
2481 5823 2771 5860 commune
2806 5809 2970 5870 Asize,
3015 5810 3172 5860 aliter
3206 5809 3257 5861 in
3296 5808 3649 5872 inscriptione
3686 5802 3850 5870 bujus

2273 5878 2531 5947 cpistolze.
2582 5878 2715 5931 Nam
2768 5878 2819 5931 iu
2876 5879 3234 5943 inscriptione
3281 5878 3502 5945 quidem
3554 5877 3705 5944 ipsa,
3756 5873 3849 5927 ubi
