4140 6430
256 389 369 449 35⁸1

1250 395 1600 454 utsronua
1638 375 2200 457 ECCLESIASTICAS
2238 399 2369 458 us.
2409 399 2500 459 tv.

3395 405 3532 462 558'-

251 507 638 582 ιπιμαρτυρῶι
688 508 936 567 Μελίτων
977 514 1078 586 τῆς
1111 514 1170 569 ὲν
1210 514 1472 588 Σάρδεσιν
1514 516 1804 591 Ἐκκλησία

1939 518 2075 574 luat.
2114 518 2395 589 Proposita
2430 517 2626 590 Ephesi
2655 519 2710 574 in
2743 518 2959 588 publico
2989 530 3251 576 conventu
3284 521 3442 578 Asiae.
3476 543 3497 577 ι

247 599 573 669 ιπίσκοπος,
617 605 740 656 κατ’
772 603 907 658 αὐτὸ
939 604 1338 678 γνωριζόμενος
1367 608 1465 664 τοῦ
1499 610 1712 682 χρόνου,
1747 611 1834 684 δῆ-

245 693 340 758 ’ὶός
372 696 524 749 ἐστιν
563 697 627 750 ὲκ
667 697 776 752 τῶν
826 699 1132 772 εἰρημένων
1176 704 1327 776 αὐτῷ
1359 706 1416 760 ἐν
1455 699 1489 779 ᾖ
1540 706 1832 779 πεποίηται

246 787 390 858 πρὸς
433 788 526 842 τὸν
567 789 945 864 αὐτοκράτορα
990 795 1200 866 Οὑῆρον
1231 795 1344 868 (5‘2)
1397 799 1536 873 ὑπὲρ
1569 798 1664 853 τοῦ
1710 799 1831 854 καθ’

244 881 400 952 ἡμᾶς
425 880 694 954 δόγματος
724 886 1121 961 χρησιμωτάτῃ
1152 889 1437 963 ἀπολογίᾳ.

778 978 1173 1034 ΚΕΦΑΛΑΙΟΝ
1212 982 1307 1035 IA'.

249 1063 328 1116 Τὰ
351 1063 489 1132 περὶ
516 1066 1051 1144 Πολυκάρπου-τοῦ
1079 1070 1212 1144 τῶρθξ⁸
1241 1073 1600 1144 (inperator
1627 1075 1833 1144 γνωρι-

439 1152 564 1205 μου
595 1140 1093 1208 μνημονευόμενα
1127 1140 1268 1209 (Nic.
1300 1142 1367 1199 E.
1397 1143 1556 1209 H.nt,
1585 1140 1699 1214 30).

322 1224 449 1278 Ἐπὶ
471 1225 530 1280 δὲ
560 1226 670 1280 τῶν
697 1227 1063 1300 δηλουμένων,
1101 1231 1384 1303 Ἀνικήτου
1415 1233 1513 1304 τῆς
1548 1233 1832 1304 Ῥωμαίων

252 1317 582 1388 Ἑκκλησίας
606 1319 933 1390 ἡγουμένου,
961 1322 1320 1394 Πολύκαρπον
1345 1324 1428 1378 ἔτι
1468 1327 1725 1397 περιόντα
1752 1325 1832 1397 τῷ

240 1407 342 1478 βίῳ
374 1408 627 1478 γενέσθαι
651 1427 710 1464 τε
740 1412 834 1465 ἐπὶ
867 1411 1105 1486 Ῥώμης,
1134 1415 1228 1468 καὶ
1248 1416 1328 1480 είς
1353 1416 1569 1487 ὁμιλίαν
1592 1417 1670 1488 τῷ
1692 1417 1832 1471 Ἀνι-

235 1501 396 1571 κήτῳ
419 1500 596 1555 ἐλθεῖν
628 1502 716 1557 διά
741 1521 794 1556 τι
823 1502 1042 1576 ζήτημα
1067 1508 1197 1580 ’περὶ⁵
1236 1509 1335 1578 τῆς
1377 1508 1518 1562 κατὰ
1548 1508 1608 1562 τὸ
1636 1509 1831 1581 Πάσχα

233 1592 479 1662 ἡμέρας,
507 1594 790 1665 Εἰρηναῖος
814 1596 1035 1676 ἱστορεῖ.
1063 1599 1174 1654 Kal.
1202 1601 1367 1672 ἄλλην
1388 1602 1443 1656 δὲ
1473 1605 1501 1656 ὁ
1522 1604 1682 1668 αὐτὸς
1705 1606 1832 1677 περὶ

234 1685 331 1740 τοῦ
369 1688 725 1760 Πολυκάρπου
756 1690 1090 1761 παραδίδωσι
1116 1692 1396 1765 διήγησιν,
1426 1695 1494 1766 ῆν
1530 1696 1828 1765 ἀναγκαῖον

232 1782 352 1844 τοῖς
381 1780 509 1854 περὶ
532 1781 696 1836 αὐτοῦ
725 1783 1072 1855 δηλουμένοις
1104 1786 1456 1858 ἐπισυνάψαι,
1484 1788 1655 1853 οὕτως
1680 1789 1828 1860 ἔχου-

239 1890 361 1928 σαν.
394 1875 532 1930 Ἀπὸ
573 1875 668 1930 τοῦ
696 1876 878 1948 τρίτου
921 1877 1030 1932 τῶν
1067 1878 1226 1948 Πρὸς
1244 1878 1352 1947 τάς
1368 1882 1630 1950 αἱρέσεις
1655 1883 1826 1955 Είρη-

1933 606 2059 668 Haec
2082 613 2301 682 quidem
2328 614 2404 666 ita
2428 623 2578 682 gesta
2603 627 2723 668 esse
2745 611 2924 668 Melito
2941 611 3194 669 Ecclesiae
3214 614 3504 674 Sardensis

1932 688 2252 774 episcopus,
2277 704 2369 773 qui
2397 704 2587 758 iisdem
2615 704 2948 773 temporibus
2972 701 3154 758 ﬂoruit
3173 746 3188 770 ,
3217 706 3504 775 perspicue

1933 804 2158 850 testatur
2181 797 2233 850 in
2249 795 2582 866 Apologetico
2609 795 2701 850 illo
2736 795 2891 866 longe
2906 797 3194 851 utilissimo
3217 837 3232 860 ,
3251 813 3408 864 quem
3431 798 3502 852 ad

1931 887 2312 956 imperatorem
2334 889 2529 944 Verum
2551 906 2648 960 pro
2660 891 2925 960 religione
2943 899 3126 944 nostra
3155 891 3497 960 conscripsit.

2505 981 2739 1038 CAPUT
2781 982 2920 1037 XIV.

2040 1071 2296 1136 Quwnam
2327 1071 2392 1125 de
2416 1070 2711 1142 Polycarpo
2743 1071 3102 1139 apostolorum
3135 1071 3393 1142 discipulo

2535 1153 2912 1197 minuerentur.

1997 1226 2200 1281 Eadem
2255 1236 2596 1296 tempestate,
2649 1230 2875 1285 Aniceto
2928 1230 3188 1286 Romanae
3247 1231 3503 1287 Ecclesiae

1937 1321 2290 1391 prmsidente,
2343 1321 2697 1394 Polycarpum
2736 1324 2825 1392 qui
2879 1324 3181 1377 etiamtum
3215 1334 3499 1391 superstes

1931 1423 2066 1478 erat,
2101 1412 2327 1470 Romam
2352 1416 2566 1470 venisse
2591 1417 2661 1471 ob
2682 1417 3037 1486 quaestionem
3068 1419 3355 1486 quamdam
3385 1431 3504 1485 qua:

1933 1507 1996 1560 de
2025 1505 2229 1561 Pascha
2255 1507 2536 1571 inciderat,
2565 1516 2618 1561 et
2643 1523 2766 1562 cum
2797 1510 3024 1564 Aniceto
3047 1509 3371 1577 colloquium
3401 1508 3500 1561 ha-

1933 1598 2112 1653 buisse
2142 1598 2305 1652 tradit
2340 1597 2591 1654 lrenaeus.
2624 1599 2797 1654 Aliam
2824 1609 3078 1671 praeterea
3103 1601 3242 1654 idem
3269 1601 3504 1669 scriptor

1932 1693 1996 1744 de
2025 1690 2321 1761 Polycarpo
2351 1705 2464 1745 rem
2499 1701 2692 1746 narrat
2725 1693 2778 1747 in
2833 1693 2993 1748 tertio
3037 1691 3235 1748 Contra
3279 1694 3499 1746 Iuereses

1933 1783 2090 1848 libro,
2114 1762 2278 1852 quam
2310 1784 2520 1839 caeteris
2566 1801 2686 1854 qure
2719 1784 2786 1839 de
2816 1784 2907 1839 illo
2955 1793 3455 1839 commemorantur
3482 1825 3501 1854 ,

1936 1876 2244 1930 necessario
2281 1876 2677 1947 adjungendatn
2709 1876 2912 1946 putavi.
2944 1877 3037 1931 Sic
3067 1887 3242 1930 autem
3285 1876 3450 1931 habet
3483 1893 3498 1932 :

232 1967 389 2021 ναίου
419 1968 528 2040 (53)
555 1985 570 2000 ο
605 1988 622 2021 ι
659 1970 770 2023 Καὶ
799 1968 1154 2040 Πολύκαρπος
1184 1971 1241 2025 δὲ
1276 1974 1338 2026 οὑ
1368 1974 1527 2044 μόνον
1561 1975 1664 2029 ὑπὸ
1691 1976 1804 2029 άπο

1939 1985 1956 2015 ι
1989 1967 2094 2022 Sed
2131 1976 2185 2021 et
2211 1965 2569 2040 Polycarpus,
2602 1968 2797 2037 inquit,
2835 1967 2917 2020 vir
2944 1966 3037 2036 qui
3084 1983 3189 2021 non
3224 1967 3395 2022 solum
3432 1969 3500 2026 ab

238 2059 440 2113 στόλων
467 2059 841 2131 μαθητευθεὶς,
864 2061 957 2116 καὶ
979 2065 1449 2135 συναναστραφεὶς
1470 2065 1689 2130 πολλοῖς
1713 2069 1826 2132 τοῖς

232 2151 326 2205 τδν
355 2153 588 2224 Χριστὸν
612 2154 935 2223 ἑωρακόσιν,
964 2155 1100 2210 ἀλλὰ
1124 2157 1217 2210 καὶ
1252 2157 1357 2209 ὑπὸ
1379 2158 1693 2212 ἀποστόλων
1724 2177 1826 2214 κα-

230 2244 521 2308 τασταθεὶς
545 2246 625 2308 είς
653 2247 749 2317 τὴν
779 2246 964 2302 Ἀσίαν
997 2250 1054 2302 ὲν
1091 2251 1157 2319 τῇ
1189 2249 1246 2300 ὲν
1275 2249 1496 2323 Σμύρνῃ
1529 2249 1824 2324 Ἐκκλησία

233 2333 550 2399 ἐπίσκοπος,
584 2334 642 2388 ὂν
686 2335 781 2390 καὶ
833 2337 994 2406 ἡμεῖς
1040 2337 1366 2409 ἑωράκαμεν
1411 2341 1470 2393 ἐν
1509 2343 1575 2412 τῇ
1631 2339 1822 2416 πρώτῃ

232 2425 388 2495 ήμῶν
419 2425 627 2497 ἡλικίᾳ.
651 2427 911 2481 Ἐπιπολὺ
937 2428 1047 2499 γάρ
1079 2430 1398 2501 παρέμεινε,
1429 2432 1524 2485 καὶ
1554 2432 1694 2486 πάνυ
1722 2450 1823 2504 γη-

235 2518 446 2588 ραλέος,
461 2519 685 2584 ἐνδόξως
699 2520 791 2574 καὶ
814 2521 1212 2591 ἐπιφανέστατα
1235 2527 1612 2595 μαρτυρήσας,
1631 2525 1819 2596 ἐξῆλθε

229 2611 321 2664 τοῦ
347 2611 490 2682 βίου,
517 2611 688 2665 ταῦτα
719 2611 934 2677 διδάξας
960 2614 1066 2678 ἀεὶ,
1089 2614 1129 2688 ἂ,
1147 2616 1240 2667 καὶ
1270 2616 1422 2687 παρὰ
1445 2618 1554 2671 τῶν
1584 2618 1818 2672 ἀποστό-

227 2705 334 2758 λων
375 2704 601 2774 ἔμαθεν,
641 2704 676 2758 ἃ
702 2705 795 2758 καὶ
824 2707 856 2775 ἠ
891 2704 1188 2776 Ἐκκλησία
1232 2708 1620 2778 παραδίδωσιν,
1658 2711 1694 2764 ἂ
1723 2711 1818 2765 καὶ

229 2798 366 2866 μόνα
395 2797 547 2850 ἐστὶν
582 2796 775 2868 ἀληθῆ.
811 2797 1166 2869 Βῐαρτυροῦσι
1210 2801 1418 2864 τούτοις
1445 2801 1501 2854 αἱ
1538 2801 1679 2856 κατὰ
1718 2802 1818 2874 τὴν

223 2888 415 2940 Ἀσίαν
478 2886 792 2955 Ἐκκλησίαι
836 2888 1170 2950 «acaum
1206 2889 1256 2940 οί
1304 2890 1463 2959 μέχρι
1506 2889 1601 2943 νῦν
1639 2890 1816 2944 διαδε-

1933 2060 2192 2128 apostolis
2217 2061 2482 2127 eruditus,
2516 2070 2722 2116 etcum
2753 2060 2935 2115 multis
2965 2061 3056 2129 qui
3096 2060 3383 2114 Dominum
3419 2061 3500 2116 vi-

1930 2153 2142 2220 derant,
2180 2153 2522 2208 familiariter
2549 2162 2824 2218 versatus,
2870 2168 3057 2208 verum
3087 2154 3253 2208 etiam
3283 2155 3336 2208 in
3366 2154 3500 2208 Asia

1929 2245 2246 2317 Smyrnensi
2274 2245 2531 2302 Ecclesiae
2563 2247 2632 2301 ab
2664 2245 2794 2314 ipsis
2815 2245 3078 2315 apostolis
3105 2246 3384 2300 ordinatus
3416 2253 3500 2298 est

1928 2339 2256 2408 episcopus:
2291 2353 2452 2404 quem
2488 2352 2586 2392 nos
2645 2352 2863 2407 quoque
2895 2337 3072 2391 adhuc
3129 2337 3500 2392 adolescentes

1928 2431 2159 2486 vidimus
2187 2429 2346 2503 (vixit
2376 2429 2520 2485 enim
2549 2430 2879 2498 diutissime,
2925 2441 2980 2486 et
3014 2429 3065 2484 in
3107 2430 3293 2484 ultima
3345 2443 3501 2484 sene-

1927 2531 2078 2577 ctute
2118 2536 2330 2576 summa
2361 2535 2485 2577 cum
2515 2519 2684 2590 gloria
2737 2522 2945 2575 illustre
2974 2535 3266 2591 perpessus
3293 2529 3496 2590 marty—

1927 2615 2087 2681 rium,
2110 2615 2344 2669 excessit
2374 2628 2405 2668 e
2426 2613 2592 2685 vita);
2628 2613 2716 2668 hic
2744 2653 2759 2678 ,
2813 2613 3054 2685 inquam,
3079 2613 3409 2684 Polycarpus
3433 2629 3497 2668 ea

1925 2720 2141 2775 semper
2179 2705 2366 2761 docuit
2398 2720 2516 2775 qum
2543 2707 2609 2760 ab
2646 2706 2905 2775 apostolis
2949 2705 3254 2770 didicerat,
3289 2713 3344 2759 et
3376 2720 3497 2773 qua:

1923 2798 2228 2852 etiamnum
2258 2797 2425 2851 tradit
2449 2796 2690 2852 Ecclesia
2712 2834 2728 2861 ,
2760 2804 2817 2850 et
2847 2810 2968 2864 quae
3020 2794 3132 2850 sola
3169 2803 3294 2849 sunt
3345 2808 3494 2848 vera.

1926 2887 2225 2944 Testantur
2252 2889 2356 2943 hoc
2409 2887 2666 2943 Ecclesia:
2696 2901 2888 2942 omnes
2929 2901 3050 2957 qua:
3089 2886 3141 2941 in
3201 2886 3328 2941 Asia
3364 2901 3532 2943 con~-

1923 2981 2125 3035 stitutse
2149 2989 2297 3044 sunt,
2331 2988 2386 3033 et
2415 2979 2725 3048 quicunque
2756 2979 2823 3033 ad
2869 2989 3112 3034 nostram
3142 2995 3314 3050 usque
3356 2990 3494 3036 teta-
3526 2998 3532 3002 ·

1925 3082 2034 3124 tem
2070 3071 2122 3125 in
2173 3069 2456 3142 Polycarpi
2490 3070 2669 3125 locum
2721 3079 3130 3125 successerunt.
3183 3071 3286 3138 Qui
3343 3082 3495 3127 certe

220 2977 476 3048 δεγμὲνοι
509 2977 600 3030 τὸν
626 2976 1002 3048 Πολύκαρπον,
1034 2977 1214 3049 πολλῴ
1252 2981 1688 3054 ἀξιοπιστότερον
1723 2984 1815 3036 καὶ

222 3069 575 3143 βεόαιὸτερον
604 3071 860 3143 ἀληθείας
889 3071 1140 3144 μάρτυρα
1164 3074 1314 3136 ὄντα,
1342 3075 1691 3128 Οὐαλεντίνου
1719 3076 1813 3127 καὶ

218 3162 551 3233 Μαρκίωνος
573 3164 666 3216 καὶ
687 3165 794 3218 τῶν
819 3165 1021 3220 λοιπῶν
1045 3167 1497 3235 κακογνωμὸνων,
1525 3167 1583 3229 ὃς
1609 3167 1698 3219 καὶ
1723 3168 1814 3219 ἐπὶ

217 3256 512 3328 ’Δνικήτου
553 3258 897 3330 ἐπιδημήσας
937 3263 1002 3331 τῇ
1055 3258 1241 3330 Ῥώμῃ
1290 3258 1517 3319 πολλοὺς
1555 3261 1662 3313 ἀπὸ
1705 3260 1813 3313 τῶν

217 3348 636 3419 προειρημένων
659 3349 948 3421 αἱρετικῶν
980 3349 1310 3422 ἐπέστρεψεν
1353 3353 1431 3414 είς
1455 3352 1552 3422 τὴν
1579 3351 1809 3421 Ἐκκλη-

216 3439 340 3492 σίαν
370 3440 469 3493 τοῦ
508 3440 664 3504 Θεοῦ,
699 3441 826 3512 μίαν
858 3442 950 3494 καὶ
996 3443 1162 3514 μόνην
1188 3442 1392 3513 ταύτην
1421 3443 1678 3511 ἀλήθειαν
1709 3461 1807 3510 κη-

218 3530 390 3601 ρύξας
415 3533 523 3584 ὑπὸ
545 3531 653 3584 τῶν
687 3533 1000 3586 ἀποστόλων
1025 3535 1440 3606 παρειληφέναι,
1467 3535 1562 3606 τὴν
1587 3536 1690 3590 ὑπὸ
1709 3537 1807 3609 τῆς

214 3617 549 3688 Ἐκκλησίας
590 3619 1042 3693 παραδεδομένην.
1080 3625 1190 3677 Kal
1230 3624 1366 3679 εἰσὶν
1411 3627 1460 3678 oi
1508 3626 1804 3697 ἀκηκοότες

216 3707 385 3761 αὐτοῦ
410 3750 425 3773 ,
466 3711 548 3762 ὅτι
579 3712 830 3783 Ἰωάννης
870 3718 899 3768 ό
933 3714 1028 3768 τοῦ
1077 3715 1282 3787 Κυρίου
1334 3716 1582 3788 μαθητὴς
1627 3720 1706 3771 ἐν’
1735 3721 1800 3789 τῇ

213 3801 433 3873 Ἐφέσῳ
462 3805 747 3874 πορευθεὶς
767 3805 1079 3870 λούσασθαι,
1107 3808 1200 3861 καὶ
1229 3807 1352 3861 ἰδὼν
1375 3808 1483 3862 ἔσω
1509 3808 1798 3880 Κήρινθον,

214 3890 446 3962 ἐξήλατο
468 3892 560 3947 τοῦ
588 3894 870 3964 βαλανείου
902 3900 975 3971 μὴ
1001 3899 1351 3968 λουσάμενος,
1383 3900 1496 3954 ἀλλ’
1531 3899 1796 3954 ἐπειπών

210 3989 591 4060 Φύττυμενμὴ
606 3989 703 4041 καὶ
727 3991 794 4044 τὸ
809 3991 1144 4055 ,ϐαλανεῖον
1161 3993 1446 4062 συμπέσῃ
1495 3992 1674 4047 ἔνδον
1701 3993 1799 4047 ὄν-

211 4099 317 4147 τος
343 4082 638 4150 Κηρίνθου
671 4086 776 4139 τοῦ
799 4084 906 4154 τῆς
930 4089 1216 4158 ἀληθείας
1249 4089 1484 4158 ἐχθροῦ.
1502 4091 1613 4144 Καὶ
1635 4091 1796 4154 αὐτὸς

212 4173 269 4227 δὲ
283 4176 314 4228 ό
328 4174 690 4248 Πολύκαρπος
712 4179 1000 4251 Μαρκίωνί
1024 4199 1152 4236 ποτε
1184 4185 1264 4246 είς
1275 4181 1398 4252 ὄψιν
1419 4182 1568 4254 αὐτῷ
1591 4183 1797 4236 ἐλθόντι

213 4358 414 4428 legitur
454 4358 530 4414 Μ.
567 4361 813 4416 Aurelius
859 4362 1156 4416 Antoninus
1201 4364 1466 4416 communi
1505 4363 1666 4427 Asite,
1699 4379 1791 4418 su-

212 4431 516 4503 mitur_pr_o
565 4433 828 4493 concilio,
880 4448 974 4486 seu
1031 4448 1129 4500 pro
1166 4431 1372 4503 legatis
1420 4435 1509 4503 qni
1562 4451 1630 4488 ex
1681 4445 1791 4490 tota

208 4499 343 4574 Asia
392 4501 661 4574 Ephesum
709 4499 1078 4574 convenerant
1112 4502 1175 4555 ad
1226 4499 1380 4557 sacra
1430 4499 1689 4574 ludosque
1739 4507 1790 4559 in

1923 3163 2093 3217 multo
2122 3162 2227 3217 ﬁde
2253 3163 2468 3233 dignior
2495 3177 2560 3217 ac
2601 3161 2925 3230 locupletior
2969 3163 3124 3217 testis
3156 3163 3258 3217 fuit
3292 3168 3497 3219 verita-

1923 3255 2014 3316 tis,
2051 3267 2212 3322 quam
2245 3261 2343 3306 aut
2374 3250 2690 3306 Valentinus
2717 3250 3046 3315 autMarcio,
3067 3261 3122 3306 et
3152 3252 3343 3321 reliqui
3371 3269 3466 3323 pra

1923 3359 2106 3397 varum
2137 3341 2460 3411 opinionum
2492 3350 2762 3397 auctores.
2797 3341 2943 3398 Idem
2979 3342 3189 3397 Aniceti
3231 3344 3493 3412 tempori-

1918 3438 2016 3490 bus
2056 3436 2218 3507 128
2270 3437 2498 3490 Romam
2561 3435 2804 3498 veniens,
2838 3434 3035 3488 multos
3068 3450 3134 3491 ex
3164 3436 3494 3505 supradictis
3535 3463 3539 3468 ι

1916 3530 2183 3584 haereticis
2214 3529 2282 3583 ad
2317 3529 2615 3584 Ecclesiam
2654 3527 2746 3583 Dei
2784 3529 3082 3593 revocavit,
3132 3528 3276 3582 hanc
3326 3542 3489 3583 unam

1911 3632 1965 3677 et
1998 3623 2170 3677 solam
2201 3622 2487 3677 veritatem
2525 3636 2584 3675 se
2623 3621 2692 3676 ab
2721 3620 2980 3689 apostolis
3035 3619 3314 3689 accepisse
3351 3634 3492 3688 prte-

1913 3718 2124 3781 dicans,
2159 3731 2283 3786 qua:
2335 3716 2402 3771 ab
2431 3714 2672 3770 Ecclesia
2720 3715 3046 3770 traderetur.
3095 3711 3162 3766 Et
3193 3721 3490 3781 supersunt

1912 3811 2094 3864 adhuc
2120 3809 2362 3866 nonnulli
2393 3812 2482 3880 qui
2514 3810 2663 3865 illum
2701 3811 2751 3865 id
2789 3818 3100 3863 narrantem
3132 3806 3443 3862 audiverint
3468 3839 3484 3864 ,

1907 3903 2168 3958 Joannem
2202 3904 2414 3958 Domini
2439 3904 2762 3974 discipulum
2789 3919 2910 3958 cum
2938 3901 3149 3956 lavandi
3177 3914 3342 3954 causa
3371 3899 3486 3958 hal—

1909 4011 2067 4050 neum
2102 3996 2296 4067 Ephesi
2325 4006 2472 4051 esset
2499 3997 2798 4065 ingressus,
2840 3994 2955 4047 viso
3000 3992 3146 4046 intus
3177 3989 3439 4045 Cerintho
3467 4027 3485 4056 ,

1911 4109 2036 4148 mox
2073 4095 2280 4150 illotum
2317 4109 2348 4149 e
2383 4092 2579 4148 balneo
2601 4090 2925 4161 profugisse,
2952 4097 3114 4157 atque
3143 4087 3195 4140 in
3225 4086 3339 4140 haec
3366 4099 3487 4154 pro-

1917 4184 2124 4253 rupisse
2179 4183 2342 4237 verba
2379 4200 2394 4237 :
2427 4179 2725 4252 Fugiamus
2760 4180 2904 4242 hinc,
2962 4194 3025 4231 ne
3068 4176 3210 4245 forte
3242 4176 3486 4231 balneum

1902 4364 2070 4419 fuisse
2110 4378 2415 4430 credamus,
2452 4365 2748 4432 prmsertim
2793 4379 2916 4417 cum
2951 4363 3066 4418 hate
3113 4362 3343 4433 cpistola
3376 4364 3483 4420 divi

1904 4435 2070 4488 Marci
2105 4435 2157 4489 id
2191 4435 2413 4488 omnino
2439 4436 2665 4490 suadere
2699 4436 2964 4487 videatur.
3533 4487 3540 4495 ,

1972 4506 2084 4573 (5‘2)
2139 4505 2296 4573 Πρὸς
2342 4506 2448 4558 τὸν
2495 4505 2900 4573 αὐτοκράτορα
2930 4501 3184 4570 Οὺῆρον.
3236 4505 3311 4557 lla
3369 4502 3485 4559 fere

209 4568 472 4650 honorem
517 4573 933 4665 itnperntormn;
970 4572 1020 4625 in
1054 4571 1158 4626 ﬁne
1191 4583 1370 4654 autem
1402 4568 1664 4665 epistolfg,
1696 4591 1791 4630 su-
1824 4611 1868 4665 υ
1898 4568 2076 4630 (ἔτ-ἐρεῖ
2119 4568 2405 4665 nominant
2551 4568 2884 4665 Alll‘tilllﬂlllll
2910 4615 2942 4656 ,_
2976 4568 3245 4665 uLirmtavi
3283 4576 3347 4627 ad
3386 4576 3481 4656 lib.

208 4641 376 4692 mitur
403 4656 504 4706 pro
538 4642 654 4695 loco
688 4643 804 4710 ipso
842 4643 892 4696 in
942 4658 1099 4710 quem
1135 4643 1555 4698 conveniebant.
1606 4645 1793 4700 Potest

207 4710 372 4762 etiam
404 4711 544 4765 sumi
599 4728 695 4781 pro
732 4711 930 4782 templo
970 4714 1110 4780 quod
1151 4729 1435 4768 commune
1479 4714 1621 4769 Asia!
1655 4732 1789 4770 con-

208 4789 489 4834 struxerat
541 4782 593 4836 in
652 4784 912 4854 honorem
969 4783 1152 4854 Romae
1193 4794 1250 4836 et
1294 4786 1546 4854 Augusti.
1601 4785 1790 4840 Exstat

208 4865 341 4924 Eine
366 4863 531 4924 vetus
549 4868 800 4907 nummus
821 4853 1026 4924 Claudii
1053 4855 1302 4924 Augusti,
1328 4857 1506 4910 editus
1529 4872 1558 4910 a
1583 4855 1788 4911 Joanne

207 4919 467 4994 Tristano
491 4922 1014 4994 Samctantantio,_iu
1041 4919 1162 4991 quo'
1183 4927 1438 4991 templum
1472 4942 1786 4994 expressum

207 5000 294 5044 est
333 4993 437 5045 hoc
464 4993 658 5064 titulo:
694 4994 755 5046 ll.
789 5003 839 5047 et
877 4991 1194 5064 AUGrcum
1216 4996 1316 5064 hac
1339 4991 1688 5064 inscriptione
1718 4997 1786 5050 ad

209 5071 502 5134 I_ttrutuqu_e
537 5063 674 5118 latus
703 5064 925 5132 templi:
957 5063 1118 5118 CUM.
1147 5063 1350 5118 ASIzE.
1385 5063 1782 5134 anlemplutn

207 5129 427 5198 Ephesi
456 5131 623 5188 fuisse
678 5129 951 5196 existimo,
999 5151 1108 5202 quo
1157 5136 1555 5190 conveniebant
1595 5129 1784 5190 omnes

204 5203 350 5274 Asiae
402 5203 651 5274 civitates
689 5206 754 5257 ad
791 5219 943 5274 sacra
982 5221 1081 5274 pro
1129 5205 1302 5257 salute
1337 5205 1463 5273 imp.
1495 5217 1550 5260 et
1602 5207 1781 5274 populi

206 5272 437 5344 Romani
481 5273 821 5328 celebranda.
870 5272 1107 5344 Eratque
1141 5275 1241 5328 hoc
1275 5272 1534 5344 templum
1583 5272 1780 5344 publici

199 5342 342 5410 juris
377 5344 544 5413 totius
581 5346 742 5407 Asiae,
778 5354 960 5411 utpote
999 5342 1273 5399 conmutni
1310 5342 1522 5413 sumptu
1557 5342 1778 5400 exstru-

205 5419 368 5464 ctum.
402 5411 534 5464 Ludi
561 5429 774 5482 quoque
798 5417 983 5468 eodem
1012 5417 1228 5469 nomine
1251 5411 1568 5469 dicebautur
1588 5417 1781 5470 Κοινὸν

217 5482 428 5556 Ἀσίας,
456 5484 536 5556 vel
565 5486 616 5537 in
652 5485 845 5549 plurali
873 5502 1098 5556 uoluero
1132 5487 1334 5540 Κοινά’
1368 5501 1597 5556 quorum
1631 5504 1781 5542 men-

208 5556 281 5605 tio
305 5556 366 5606 ﬂt
401 5554 452 5607 in
483 5554 832 5623 inscriptione
867 5554 1219 5613 Farnesiana.
1255 5569 1309 5610 et
1335 5554 1402 5611 in‘
1420 5559 1779 5612 marmoribus

208 5623 633 5698 Arundelliauis.
675 5625 738 5678 Et
776 5625 870 5679 hos
903 5629 1114 5698 quidem
1152 5629 1306 5680 ludos
1352 5629 1596 5698 Smyrna:
1627 5640 1780 5683 actos

208 5692 382 5764 fuisse
424 5697 619 5748 docent
650 5699 972 5762 supradicta:
1005 5697 1402 5764 inscriptiones.
1441 5692 1496 5752 et
1524 5715 1778 5753 nummus

208 5763 558 5829 imperatoris
616 5764 799 5820 Severi
855 5769 993 5832 apud
1046 5763 1357 5820 Tristanttm
1408 5770 1510 5822 hoc
1568 5769 1773 5824 titulo:

210 5833 440 5889 llPﬂTA
479 5835 694 5906 KOINA
729 5834 933 5892 ACl-AC
959 5837 1384 5906 (ΣΜῙῘΡΝΑΙΩΝ.
1413 5837 1614 5892 Tamen
1646 5841 1776 5893 nihil

208 5914 389 5975 vetat,
445 5905 734 5975 quominus
787 5906 886 5963 hos
948 5905 1103 5964 ludos
1149 5911 1316 5964 etiam
1377 5909 1573 5980 Ephesi
1626 5921 1776 5966 actos

1899 4662 2070 4712 xxv",
2105 4661 2227 4716 pag.
2253 4646 2379 4707 539,
2423 4649 2600 4700 Amm.
2652 4645 2965 4698 Mareellini.
3006 4643 3368 4716 Hieronymus
3428 4645 3479 4699 in

1895 4712 2200 4785 (Latalogoi
2244 4716 2448 4780 Melita,
2497 4716 2996 4783 inqttit,.Asianus,
3038 4712 3319 4785 Sardensis
3371 4717 3481 4778 epi-

1894 4783 2112 4853 scopus,
2149 4786 2342 4839 librant
2379 4789 2684 4854 imperatori
2735 4787 2916 4838 Marco
2961 4785 3152 4837 Anton.
3214 4783 3347 4837 Vero
3389 4788 3480 4854 qui

1894 4855 2184 4909 Frontonis
2232 4858 2460 4910 oratoris
2501 4856 2794 4923 discipulus
2839 4857 2976 4922 fuit,
3026 4873 3120 4924 pro
3166 4855 3476 4910 Christiano

1893 4931 2135 4994 dogmate
2170 4928 2338 4979 dedit.
2392 4925 2518 4980 Vide
2562 4943 2680 4988 cap.
2710 4927 2779 4978 ‘27
2821 4927 2980 4994 hujus
3014 4926 3156 4978 lihri.
3207 4927 3474 4979 Cancrum

1894 4998 2199 5050 monendus
2231 5010 2317 5050 est
2363 4995 2804 5068 lectonpbnpov,
2843 4999 3030 5068 tribus
3049 4996 3274 5068 syllabis
3307 4998 3473 5050 scribi

1893 5068 1947 5120 in
1978 5068 2182 5120 nostris
2227 5066 2504 5120 codicibus
2533 5063 2702 5127 Μειιζζ
2727 5068 2862 5120 Med.
2894 5077 2947 5119 et
2995 5063 3130 5122 Fuli.
3168 5068 3332 5135 idque
3365 5083 3473 5122 non

1896 5139 1985 5192 hic
2013 5137 2186 5188 solum
2229 5138 2320 5188 sed
2363 5138 2414 5189 in
2453 5138 2804 5204 sequentibus
2836 5137 3010 5194 libris.

1965 5207 2077 5273 (55)
2129 5204 2417 5281 ῘΑπὸ-τοῦ
2456 5202 2653 5281 τρίτου
2702 5206 2820 5281 adir-
2864 5204 3020 5281 Πρὸς
3049 5202 3168 5275 ’τὰς
3210 5213 3466 5281 αΙρέρνεις

1894 5271 2411 5356 Εἰρηναίου...Ηιιξο
2454 5275 2615 5356 verba
2676 5277 2889 5356 modico
2909 5271 3207 5356 intervallo
3253 5271 3466 5356 seiungi

1890 5342 2089 5401 debent
2117 5361 2146 5396 a
2192 5342 2430 5410 reliquis.
2469 5342 2600 5397 Sunt
2647 5347 2788 5397 enim
2843 5347 3013 5402 instar
3045 5349 3235 5407 indicis
3270 5342 3359 5407 seu
3393 5342 3461 5409 ti:-

1890 5417 2010 5476 tuli,
2040 5429 2147 5481 quo
2180 5427 2484 5489 monemur,
2514 5428 2578 5489 ex
2608 5430 2844 5489 quonam
2883 5418 3022 5472 libro
3053 5425 3332 5489 sequentia
3366 5427 3458 5479 de-

1890 5492 2134 5562 prompta
2166 5484 2294 5537 sint.
2330 5481 2491 5562 quue
2526 5486 2596 5537 ita
2633 5485 2807 5562 facere
2843 5489 2976 5542 solet
3007 5481 3293 5553 Eusebius.
3319 5510 3460 5562 quo-
3541 5516 3548 5521 τ

1891 5557 1992 5631 ties
2029 5555 2538 5631 integrasupaginas
2582 5569 2645 5631 ex
2680 5557 2863 5631 aliquo
2909 5575 3172 5628 scrptore
3207 5555 3458 5631 producit

1889 5625 2230 5700 inmedium.
2272 5621 2433 5700 Yetlii.
2478 5627 2658 5700 gratia
2685 5628 2737 5679 in
2771 5621 2921 5700 libro
2973 5621 3075 5693 ui,
3117 5621 3236 5700 cap.
3268 5634 3356 5697 52,
3395 5638 3456 5690 ἐκ

1886 5695 1994 5748 τῶν
2027 5693 2164 5760 Περὶ
2206 5692 2311 5746 τοῦ
2351 5693 2566 5762 Πάσχα
2622 5696 2920 5750 Ἀνατολίου
2957 5692 3258 5762 κανόνων.
3297 5692 3354 5756 et
3399 5706 3452 5761 in

1886 5767 1978 5820 lib.
2010 5780 2126 5826 vm,
2156 5778 2271 5832 cap.
2311 5765 2392 5828 10,
2423 5766 2511 5817 ubi
2541 5767 2870 5820 luculentum
2902 5771 3054 5823 all‘ert
3083 5773 3452 5830 testimonium

1885 5852 1950 5913 ex
1989 5833 2212 5913 epistola
2254 5833 2449 5913 Philete
2495 5837 2777 5907 martyris,
2817 5838 2923 5890 ἀπὸ
2955 5839 3047 5893 τοῦ
3079 5842 3264 5896 Φιλεου
3298 5845 3454 5913 πρὸς,
3532 5867 3548 5896 ·.

1887 5906 2178 5975 Θμουΐτης
2209 5905 2566 5976 γραμμάτων.
2639 5905 2648 5907 ἡ
3334 5905 3354 5913 ⁷
3422 5905 3454 5911 ”
