4140 6430
590 354 698 414 διδ

1303 355 1576 416 EUSEBII
1614 350 2091 412 CESANENSIS
2131 350 2284 408 OPP.
2323 347 2504 406 PARS
2540 348 2582 404 1.
2620 378 2693 392 ——
2730 343 3121 404 HISTORICA.

3734 341 3844 398 3N

588 479 713 534 dam
747 461 1111 550 persecutioni
1143 481 1306 537 ﬁnem
1337 481 1620 555 imposuit.
1647 497 1667 531 ι
1695 478 1827 537 Post
1853 480 1970 534 haec
2006 486 2132 532 ante

2265 472 2486 536 Τούτοις
2522 470 2648 543 ἑξῆς
2690 469 2796 542 πρὸ
2825 468 2924 539 τῆς
2955 466 3100 538 ἀμφὶ
3139 463 3235 519 τοῦ
3262 462 3620 536 Πολυκάρπου
3653 463 3847 535 διηγή-

586 589 750 642 quam
781 574 1064 646 Polycarpi
1094 575 1416 647 martyrium
1462 589 1695 630 narrare
1727 571 2115 644 aggrediamur
2141 610 2159 636 ,

585 679 652 720 ea
697 665 852 732 prius
890 672 1321 720 commemorant
1350 679 1470 734 qua;
1515 664 1582 719 ad
1613 663 1857 732 reliquos
1889 671 2163 730 martyres

586 756 939 826 spectabant,
971 767 1026 812 et
1057 766 1318 825 quantam
1348 757 1512 812 animi
1539 756 1898 811 constantiam
1929 754 1980 808 in
2010 753 2156 807 dolo-

587 848 738 902 ribus
772 847 1110 916 perferendis
1141 848 1484 903 ostenderint
1513 887 1527 912 ,
1563 847 1931 916 perscribunt.
1957 843 2162 900 Obstu-

583 940 896 1008 pescebant,
931 939 1104 1004 aiunt,
1131 955 1324 995 omnes
1368 940 1458 1009 qui
1501 941 1729 993 aderant
1759 953 1881 994 cum
1919 937 2041 993 illos
2080 937 2161 991 vi—

583 1033 771 1087 derent
796 1033 993 1102 partim
1023 1031 1208 1103 ﬂagris
1233 1034 1300 1086 ad
1331 1033 1550 1086 intimas
1573 1045 1742 1100 usque
1787 1046 1956 1087 venas
1984 1041 2036 1086 et
2067 1047 2158 1086 ar-

583 1125 751 1179 terias
784 1123 1022 1179 laniatos
1048 1141 1063 1190 ;
1094 1126 1230 1181 adeo
1269 1136 1329 1178 ut
1363 1124 1609 1192 corporis
1662 1125 1900 1177 membra
1947 1124 2159 1190 penitus

583 1216 882 1276 recondita,
927 1227 982 1270 et
1005 1218 1214 1272 viscera
1245 1218 1357 1285 ipsa
1391 1215 1701 1284 conspectui
1731 1226 2011 1284 paterent:
2038 1229 2160 1283 par-

583 1306 675 1360 tim
697 1307 1027 1361 concharum
1055 1324 1176 1377 quae
1213 1309 1442 1363 buccina
1471 1311 1725 1364 dicuntur
1744 1308 1918 1374 testis,
1942 1317 1995 1361 et
2023 1321 2160 1374 pra:-

581 1396 756 1450 acutis
781 1397 1106 1465 quibusdam
1142 1398 1366 1465 spiculis
1395 1399 1544 1452 humi
1577 1398 1868 1452 constratis
1899 1412 2158 1464 superpo-

579 1485 735 1550 sitos,
764 1495 818 1540 et
848 1487 992 1540 omni
1027 1487 1416 1556 suppliciorum
1441 1503 1505 1542 ac
1533 1497 1925 1542 tormentorum
1955 1500 2157 1556 genere

579 1577 923 1632 excruciatos
956 1595 970 1632 :
1000 1579 1192 1634 bestiis
1250 1577 1507 1648 denique,
1555 1585 1614 1631 ut
1645 1577 1715 1632 ab
1749 1575 1941 1632 iisdem
1983 1575 2154 1629 lania-

579 1757 688 1814 rias
738 1767 1100 1826 spectaretur,
1149 1757 1504 1812 nihilominus
1557 1757 1983 1821 sustinuerunt,
2023 1756 2154 1809 adeo

578 1837 636 1881 ut
666 1843 853 1882 omnes
896 1830 988 1897 qui
1037 1830 1290 1891 aderant,
1345 1828 1692 1881 miseratione
1736 1828 1875 1892 capii
1929 1827 2154 1896 ingemi-

578 1906 814 1959 scerent,
859 1899 957 1966 ipsi
991 1914 1120 1953 vero
1157 1909 1302 1951 tanta
1338 1897 1659 1951 fortitudine
1693 1897 1899 1966 praediti
1945 1905 2147 1959 essent,

577 1977 637 2020 ut
678 1983 836 2021 nemo
869 1969 1081 2021 illorum
1128 1969 1420 2035 suspirium
1465 1977 1559 2020 atit
1605 1968 1868 2034 gemitum
1903 1967 2147 2021 ediderit.

576 2037 948 2118 Ostendebant
1002 2039 1208 2118 scilicet
1254 2039 1406 2118 nobis
1457 2049 1726 2118 martyres
1765 2037 1987 2118 Christi,
2030 2050 2088 2118 se
2120 2052 2149 2090 a

577 2107 814 2176 propriis
846 2110 1169 2175 corporibus
1209 2108 1360 2175 quasi
1406 2105 1778 2175 peregrinatus
1816 2105 1983 2160 fuisse
2025 2108 2150 2160 dum

579 2188 981 2245 torquerentur,
1018 2188 1108 2231 aut
1165 2181 1341 2247 potius
1404 2178 1676 2232 Christum
1729 2178 1862 2246 ipsis
1909 2177 2151 2231 astitisse

576 2256 631 2301 et
684 2248 1025 2302 familiariter
1074 2263 1194 2302 cum
1249 2247 1379 2315 ipsis
1429 2263 1550 2301 esse
1601 2261 1895 2300 versatum.
1946 2247 2148 2301 Christi

579 2317 739 2383 igitur
773 2319 944 2387 gratia
981 2319 1095 2372 fulti
1124 2333 1187 2373 ac
1223 2319 1530 2378 sustentati,
1563 2318 1840 2370 hominum
1883 2327 2150 2370 tormenta

577 2392 935 2453 spernebant,
979 2391 1137 2442 unius
1169 2391 1314 2441 liora:
1355 2388 1530 2455 spatio
1574 2403 1633 2442 se
1663 2389 1730 2441 ab
1764 2388 1982 2440 aeternis
2028 2402 2152 2440 cru-

577 2457 810 2511 ciatibus
857 2458 1206 2511 redimeutes.
1256 2458 1507 2525 Frigidus
1555 2458 1686 2524 ipsis
1730 2459 2014 2511 videbatur
2047 2457 2148 2509 im-

580 2528 816 2580 manium
879 2528 1386 2598 carnilicuuirignis
1423 2565 1436 2588 ,
1475 2529 1672 2598 quippe
1713 2529 1802 2595 qui
1860 2527 1910 2581 in
1965 2530 2149 2580 animo

578 2597 860 2657 haberent,
887 2609 1145 2650 aeternum
1181 2597 1326 2649 illtiiii
1363 2612 1461 2651 nec
1493 2597 1603 2650 ullo
1636 2613 1870 2664 unquam
1910 2607 2150 2663 tempore

576 2668 1025 2735 eitstingiiendum
1062 2668 1236 2734 ignem
1265 2668 1488 2728 evitare,
1529 2677 1583 2719 et
1613 2668 1806 2719 mentis
1839 2669 2024 2721 oculos
2057 2668 2149 2720 de-

580 2739 712 2788 tixos
747 2739 1002 2790 haberent
1057 2738 1109 2789 in
1163 2737 1401 2804 pi-zciiiia.
1451 2752 1570 2804 qua:
1619 2739 1766 2790 viros
1805 2736 1971 2790 fortes
2024 2745 2146 2805 post

578 2805 838 2858 malorum
891 2807 1229 2860 tolerantiam
1279 2819 1527 2874 tuanent,
1576 2823 1696 2874 qua)
1731 2822 1829 2861 nec
1874 2809 2020 2860 auris
2053 2823 2150 2859 aii-

575 2874 708 2928 divit
744 2891 839 2928 nec
869 2877 1064 2930 oculus
1082 2878 1234 2940 vidit,
1273 2892 1371 2930 nec
1415 2877 1688 2930 hominum
1723 2892 1914 2931 scnsus
1944 2888 2035 2929 aut
2067 2878 2148 2930 iii-

579 2945 871 3014 teliigentia
923 2947 1355 3016 comprehendit,
1388 2948 1518 3014 ipsis
1562 2961 1690 2999 vero
1737 2957 1859 3000 tunc
1891 2947 2147 3001 ostende-

577 3017 774 3068 bantur
807 3031 832 3068 a
875 3017 1118 3080 Domino,
1153 3027 1336 3084 utpote
1364 3020 1452 3085 qui
1486 3033 1588 3070 non
1628 3017 1870 3070 homines
1894 3019 2144 3085 amplius,

576 3087 670 3138 sed
719 3086 892 3154 angeli
947 3097 1151 3141 essiuit.
1203 3090 1307 3141 Sed
1350 3099 1405 3140 et
1444 3088 1494 3141 hi
1528 3089 1616 3156 qui
1652 3090 1718 3139 ad
1753 3089 1952 3140 bestias
1991 3099 2146 3141 erant

2265 583 2420 630 σεως,
2448 564 2518 618 τὰ
2564 563 2706 617 κατὰ
2731 564 2857 625 τοὺς
2891 558 3110 621 λοιποὺς
3155 555 3494 628 ἀνιστοροῢσι
3535 555 3842 627 μάρτυρας,

2261 659 2377 722 οἵας
2413 657 2693 720 ἐνστάσεις
2722 655 2856 727 πρὸς
2881 651 2980 716 τὰς
3025 650 3322 722 ἀλγηδόνας
3345 649 3697 714 ἐνεδείξαντο,
3721 650 3842 702 δια-

2261 751 2581 823 γράφοντες.
2609 746 2966 818 Καταπλῆξαι
2989 746 3099 816 γάρ
3126 761 3258 813 φασι
3285 744 3410 806 τοὺς
3443 744 3501 796 ὲν
3535 741 3722 813 κύκλῳ
3748 760 3846 796 πε-

2263 842 2554 916 ριεστῶτας
2597 840 2902 911 θεωμένους
2927 839 3061 908 (61),
3101 837 3220 889 τοτὲ
3267 836 3364 907 μὲν
3413 834 3630 906 μάστιξι
3678 833 3843 903 μέχρι

2260 935 2482 990 καὶτῶν
2518 934 2780 988 ἐνδοτάτω
2811 931 3021 1002 φλεϐῶν
3068 931 3162 984 καὶ
3202 925 3480 1000 ἀρτηριῶν
3515 925 3845 990 καταξαινοο

2263 1028 2474 1100 μένους,
2507 1026 2581 1089 ὡς
2626 1024 2845 1102 ῆδηίκαὶ
2871 1023 2939 1077 τὰ
2969 1025 3026 1078 ἐν
3060 1025 3247 1094 μυχοῖς
3287 1019 3574 1091 ἀπόρρητα
3603 1016 3697 1070 τοῦ
3739 1015 3845 1069 σώ-

2262 1137 2430 1191 ματος
2453 1118 2734 1187 σπλάγχνα
2761 1133 2818 1170 τε
2848 1116 3027 1170 αὐτῶν
3065 1115 3158 1168 καὶ
3199 1113 3334 1184 μέλη
3367 1109 3797 1164 κατοπτεύεσθαι
3818 1123 3840 1144 σ

2256 1211 2379 1265 τοτὲ
2401 1211 2457 1263 δὲ
2495 1211 2620 1274 τοὺς
2653 1208 2759 1263 ἀπὸ
2803 1208 3069 1278 Θαλάττης
3110 1207 3358 1276 κήρυκας
3385 1204 3516 1274 (62),
3561 1203 3653 1256 καί
3685 1218 3841 1265 τινας

2257 1303 2398 1368 ὀξεῖς
2422 1302 2732 1366 ὀϐελίσκους
2774 1298 3353 1370 ὑποστρωννυμένους,
3386 1297 3480 1350 καὶ
3515 1295 3602 1348 διὰ
3636 1293 3840 1356 παντὸς

2256 1397 2427 1458 εἴδους
2461 1395 2734 1449 κολάσεων
2770 1395 2862 1448 καὶ
2897 1392 3145 1464 βασάνων
3184 1391 3471 1462 προϊόντας
3490 1429 3504 1452 ,
3551 1387 3644 1440 καὶ
3683 1385 3840 1447 τέλος

2256 1487 2450 1558 θηρσὶν
2477 1489 2558 1550 εἰς
2603 1486 2763 1556 βορὰν
2799 1483 3270 1556 παραδιδομένους.
3314 1481 3560 1535 Μάλιστα
3593 1479 3650 1530 δὲ
3693 1479 3839 1529 icto-

2257 1577 2442 1650 ροῦσιν
2469 1578 2763 1650 διαπρέψαι
2781 1577 2871 1630 τὸν
2889 1575 3264 1646 γενναιότατον
3285 1570 3640 1644 Γερμανικὸν,
3665 1570 3836 1639 ὑπορέ

2255 1707 2403 1753 suos,
2433 1691 2747 1760 prophetico
2773 1691 2967 1759 spiritu
2999 1690 3132 1743 dixit
3159 1709 3174 1744 :
3206 1709 3225 1741 ι
3249 1687 3439 1760 Vivum
3481 1702 3566 1738 me
3591 1684 3831 1760 cremari

2254 1756 2485 1827 oportet.
2501 1781 2519 1812 ι
2538 1756 2717 1815 ’νοτε-ο
2739 1756 2860 1816 cum
2884 1763 3149 1814 instarent
3165 1761 3256 1830 qni
3288 1759 3432 1812 illum
3456 1756 3831 1830 requirebant,

2185 1827 2226 1880 Β
2257 1833 2508 1901 migravit
2563 1833 2614 1885 in
2661 1833 2820 1886 aliam
2868 1832 3045 1884 villam
3090 1868 3105 1892 ,
3147 1827 3446 1901 statimque
3492 1829 3828 1879 advenerunt

2255 1899 2354 1954 illi‘
2381 1903 2471 1971 qni
2512 1904 2682 1970 ipsum
2730 1903 3077 1966 indagabant.
3132 1901 3195 1954 Et
3229 1915 3371 1971 cum;
3397 1899 3541 1951 illum
3589 1912 3694 1971 non
3741 1909 3830 1948 re-

2253 1966 2542 2042 perissent,
2567 1973 2703 2025 duos
2731 1973 2975 2028 servulos
3003 1970 3554 2042 comprehenderunt,
3579 1966 3822 2042 Quonim

2253 2037 2391 2111 alter
2427 2043 2710 2096 tormentis
2757 2042 3032 2104 subditus,
3081 2039 3499 2111 latelirainejus
3543 2037 3822 2111 indicavit.

2253 2109 2414 2165 Certe
2447 2112 2614 2166 latere
2655 2128 2756 2164 non
2786 2103 3027 2180 poterat,
3067 2107 3511 2180 quaiiquuidein
3537 2103 3825 2180 domestici

2252 2182 2371 2249 ejus
2415 2193 2568 2235 erant
2609 2183 2698 2250 qui
2751 2175 2921 2250 ipsum
2971 2175 3338 2248 prodiderunt.
3387 2178 3447 2230 Et
3497 2175 3827 2250 Irenarchiis

2251 2246 2340 2319 qui
2377 2262 2431 2305 et
2459 2246 2812 2306 Cleronomus
2841 2246 3142 2311 dicebatur,
3171 2258 3526 2318 cognomento
3553 2246 3822 2319 Herodes,

2251 2315 2396 2376 omni
2447 2337 2550 2391 ope
2595 2322 2978 2386 contendebat,
3015 2332 3072 2373 iit
3121 2315 3291 2386 ipsum
3336 2322 3400 2370 ad
3448 2317 3680 2391 stadium
3726 2315 3826 2366 ad-

2251 2387 2509 2454 duceret,
2566 2407 2672 2459 qno
2735 2392 2940 2446 scilicet
2993 2392 3322 2462 Polycarpus
3375 2387 3629 2462 “quideim
3685 2397 3818 2452 pro-

2253 2464 2424 2530 priam
2482 2455 2680 2516 sortem
2756 2461 3032 2528 impleret,
3074 2455 3296 2514 consors
3363 2458 3558 2530 Christi
3605 2455 3820 2530 factus,

2253 2524 2560 2600 proditores
2599 2542 2778 2584 autem
2815 2524 2956 2584 illitis
2990 2533 3175 2585 iisdem
3212 2531 3409 2596 quibus
3441 2525 3606 2580 Juilas
3647 2524 3824 2590 pmnis

2251 2601 2614 2656 adicerentur.
2657 2604 2824 2672 Igitur
2870 2602 3140 2672 diogniitie
3175 2610 3228 2653 et
3257 2600 3493 2666 equites,
3541 2604 3818 2672 tISS‘IllllplC

2250 2686 2434 2725 Secum
2469 2688 2636 2740 puero
2683 2667 2887 2738 Egressi
2937 2667 3059 2724 sunt
3105 2671 3239 2723 feria
3281 2679 3432 2722 sexta
3478 2669 3578 2720 sub
3605 2667 3819 2740 ~horam

2250 2756 2441 2804 caena},
2469 2738 2927 2796 armiscoiisnetis
2961 2742 3234 2803 instructi,
3265 2750 3518 2806 tanquam
3553 2738 3818 2787 adversus

2253 2812 2523 2865 latronem
2576 2823 2874 2865 currentes.
2933 2811 2996 2863 Et
3042 2815 3143 2864 sub
3193 2824 3486 2882 vesperam
3521 2806 3690 2882 simul
3737 2806 3822 2882 in-

2249 2883 2443 2949 gressi,
2473 2884 2644 2950 ipsum
2675 2882 2888 2948 quidem
2920 2891 3232 2948 repererunt
3266 2882 3317 2932 iii
3349 2878 3579 2950 quodam
3613 2877 3818 2950 solario

2245 2947 2534 3021 jacenten't.
2569 2947 2719 3006 Unde
2752 2967 2872 3004 cuiu
2909 2954 2957 3004 in
2983 2947 3147 3003 alium
3180 2951 3352 3004 locum
3395 2947 3550 2999 facile
3584 2947 3822 3021 migrare

2251 3015 2448 3092 posset,
2479 3024 2529 3076 id
2561 3034 2738 3075 tamen
2763 3033 3020 3088 praistare
3041 3023 3231 3085 noluit,
3264 3021 3487 3092 dicetis:
3525 3034 3542 3067 t
3584 3015 3817 3092 Fiatvo-

2253 3085 2428 3147 iunlas
2453 3092 2684 3144 Domini.
2715 3110 2734 3143 ι
2764 3085 2900 3145 Cum
2934 3107 3063 3159 ergo
3088 3093 3339 3144 introisse
3383 3089 3499 3141 illos
3527 3085 3819 3159 cognovis-

575 3157 940 3217 ledemﬂali.
975 3173 1096 3210 cum
1149 3158 1452 3211 (Ιίιιιῖεδῖιιιθ
1483 3160 1535 3210 ill
1575 3173 1796 3211 (“arcere
1837 3159 2146 3211 delillel'ell-
2173 3161 2214 3218 C
2249 3173 2352 3224 set,
2386 3163 2718 3217 descendite
2747 3157 3084 3215 cenaculo—et
3123 3162 3419 3214 collocutus
3445 3169 3525 3210 est
3551 3173 3674 3210 cuin
3710 3157 3812 3206 eis.

578 3234 684 3296 tur,
717 3228 1070 3294 gravissimos
1101 3229 1374 3281 cruciatus
1410 3228 1767 3294 pertulerunt,
1806 3230 2002 3296 partim
2039 3245 2148 3280 inu-

577 3295 780 3367 ricibus
833 3298 1069 3366 ipsorum
1140 3300 1353 3366 corpori
1408 3298 1730 3358 substratis,
1786 3295 1979 3367 partim
2025 3298 2147 3353 aliis

573 3366 832 3436 cujusque
887 3369 1026 3421 modi
1099 3370 1381 3436 suppliciis
1432 3366 1876 3429 excruciati,’ut
1933 3368 1978 3420 si
2030 3369 2143 3422 tieri

577 3448 791 3501 posset,
848 3447 1238 3492 tormentorum
1285 3439 1605 3492 assiduitate
1635 3454 1727 3490 eos
1776 3450 2034 3507 tyrannus
2077 3441 2142 3492 ad

573 3511 870 3574 ttegaudatii
900 3508 1106 3561 Chriin
1149 3510 1305 3562 fidem
1337 3511 1644 3562 adduceret.
1682 3507 1842 3561 Multa
1876 3509 2140 3574 siquidem

575 3577 836 3648 adversus
889 3579 1006 3630 illos
1057 3581 1385 3648 excogitavit
1437 3579 1702 3632 diabolus.
1758 3580 1862 3632 Sed
1918 3579 2143 3645 jnvaute

572 3644 770 3716 Chi-isti
814 3650 986 3715 gratia
1023 3650 1153 3702 nihil
1188 3644 1375 3703 contra
1400 3658 1622 3702 cunctos
1652 3644 1928 3716 prolicere
1952 3649 2138 3702 valuit.

571 3714 708 3769 Nam
754 3714 1087 3772 fortissimus
1131 3719 1487 3773 Geriiianicus
1538 3714 1833 3772 tolerantia:
1877 3734 1987 3772 suae
2025 3735 2140 3770 tua-

570 3787 850 3854 gnitt‘tdine
886 3800 1204 3842 caetcroruin
1244 3789 1665 3843 imbecillitatem
1707 3789 2016 3854 roborabat,
2049 3790 2140 3856 qui

571 3859 786 3922 quidem
839 3858 1032 3912 illustri
1083 3863 1381 3913 certamine
1429 3863 1687 3912 adversus
1729 3860 1931 3913 beStias
1975 3863 2139 3926 depu-

570 3929 776 3999 gnavit.
825 3927 956 3981 Nam
1010 3945 1134 3983 cum
1188 3930 1473 3999 proconsul
1525 3930 1702 3983 verbis
1754 3945 1878 3983 eum
1923 3929 2139 3983 flectere

573 3997 763 4064 vellet,
810 4011 1163 4068 maneretque
1189 3997 1261 4053 fut
1291 4017 1443 4053 suam
1495 4000 1606 4068 ipse
1646 4011 1859 4053 aetatem
1916 4002 2140 4052 misere-

577 4077 741 4130 retur,
775 4069 863 4122 ille
893 4069 1118 4123 bestiam
1149 4072 1292 4123 ultro
1319 4073 1382 4123 ad
1415 4084 1474 4123 se
1501 4072 1743 4136 attraxit,
1771 4086 1966 4139 cogens
1995 4072 2136 4124 illam

572 4153 636 4190 ac
667 4154 989 4205 provocans,
1030 4156 1138 4208 quo
1171 4142 1378 4206 scilicet
1419 4155 1482 4192 ex
1517 4141 1618 4192 hoc
1654 4141 1819 4208 impio
1865 4152 2024 4206 atque
2057 4144 2136 4192 iii-

561 4210 711 4276 justo
749 4208 945 4262 smcnlo
985 4212 1219 4264 velocius
1273 4212 1586 4278 einigraret.
1628 4210 1832 4263 Exinde
1885 4211 2133 4264 universa

572 4280 748 4348 populi
808 4281 1124 4345 multitudo,
1180 4283 1549 4333 fortitudinem
1612 4282 1712 4348 piae
1759 4295 1822 4334 ac
1874 4282 2135 4349 religiosa:

567 4351 1002 4402 Christianorum
1045 4350 1221 4418 gentis
1269 4366 1592 4418 magnopere
1637 4352 1920 4413 admirata,
1954 4355 2132 4404 accla-

568 4419 732 4490 litavit
761 4439 774 4473 :
813 4436 832 4470 ι
853 4419 1002 4472 'l‘olle
1025 4421 1237 4488 impios,
1259 4419 1585 4490 Polycarpus
1606 4424 1926 4488 requiratur.
1955 4440 1973 4470 ι
2009 4422 2134 4486 Qni-

566 4489 690 4542 daiu
733 4503 862 4542 vero
887 4495 1150 4545 oriundus
1173 4507 1202 4546 e
1233 4489 1488 4562 Phrygia,
1511 4493 1738 4554 Quintus
1774 4493 2012 4553 nomine,
2043 4495 2130 4559 qui

567 4574 741 4628 nuper
765 4575 828 4614 ex
861 4571 1031 4628 patria
1073 4564 1176 4617 ltiti:
1217 4567 1530 4626 advenerat,
1568 4577 1688 4614 cum
1735 4562 1932 4615 bestias
1963 4565 2124 4616 vidis-

566 4642 671 4694 set,
703 4645 904 4697 patore
939 4649 1232 4688 conCuSsus
1266 4647 1369 4690 est.
1393 4631 1492 4686 llic
1527 4648 1688 4701 porro
1719 4643 1835 4687 erat
1861 4634 1950 4700 qui
1991 4634 2124 4688 alios

565 4702 896 4768 perpulerat,
925 4715 986 4756 ιιι
1018 4704 1158 4758 ultro
1189 4722 1371 4759 secum
1411 4707 1476 4757 ad
1521 4704 1753 4756 tribunal
1777 4705 1974 4772 judicis
2013 4721 2133 4772 per-

565 4786 779 4844 gerent.
838 4772 988 4828 llunc
1058 4776 1346 4844 proconsul
1413 4774 1625 4829 blandis
1693 4776 2132 4842 persuasionibus

567 4842 804 4895 illectum
845 4861 908 4896 eo
937 4842 1184 4910 adduxit,
1223 4857 1280 4899 ut
1305 4847 1513 4915 jurai'ct
1542 4861 1606 4897 ac
1645 4847 1996 4899 sacrificaret.
2024 4845 2131 4899 Nos

563 4915 765 4988 itaque,
798 4915 1018 4978 fratres,
1050 4933 1154 4970 non
1189 4922 1482 4988 probatuus
1521 4930 1614 4968 eos
1659 4919 1748 4983 qui
1781 4916 1930 4988 ultro
1977 4932 2132 4988 acce-

563 4983 698 5056 dunt
757 4997 822 5056 ac
863 4983 1205 5056 semetipsos
1263 4988 1525 5056 produnt,
1571 5001 1693 5039 cum
1744 4986 1900 5056 aliter
1943 4987 2133 5053 praeci-

563 5053 744 5129 piatur
772 5054 822 5106 in
858 5053 1166 5124 Evaiige‘lio.
1200 5053 1550 5112 Adinirabilis
1594 5067 1773 5108 autem
1803 5055 2132 5125 Polycarpus

563 5138 796 5190 primum
825 5129 1042 5192 quidem
1082 5130 1384 5183 nullatenus
1422 5140 1722 5181 commotus
1747 5137 1830 5180 est
1862 5143 1982 5179 cuni
2029 5130 2130 5180 ista

565 5195 681 5267 geri
727 5202 969 5260 audiret,
1017 5203 1111 5252 sed
1163 5199 1214 5252 in
1260 5203 1390 5251 urbe
1441 5213 1758 5267 permanere
1796 5202 2127 5252 decreverat.

563 5261 752 5319 Plures
783 5276 960 5320 tamen
988 5273 1035 5323 ei
1071 5261 1457 5337 persuascriini
1487 5279 1543 5322 ut
1571 5271 1864 5321 secederet.
1897 5270 2131 5322 Secessit

559 5350 689 5407 ergo
735 5338 786 5389 iu
831 5339 1060 5407 agellum
1096 5343 1379 5407 quemdam
1421 5341 1562 5393 haud
1605 5340 1790 5407 procul
1828 5354 1856 5390 a
1890 5341 2126 5392 civitate.

558 5405 672 5460 lllie
706 5422 827 5461 cum
862 5405 1049 5476 paucis
1093 5405 1380 5465 eortiititius
1431 5405 1762 5471 morabatur,
1799 5410 1889 5461 diu
1941 5422 2131 5462 noctu-

559 5491 664 5550 que
699 5481 1040 5533 orationibus
1093 5482 1353 5547 iutentus,
1385 5496 1520 5550 quas
1561 5496 1656 5548 pro
1701 5483 1908 5532 cunctis
1943 5481 2132 5550 phonti-

559 5547 716 5620 nibus
747 5558 800 5602 et
833 5566 930 5619 pro
964 5554 1230 5605 universis
1273 5567 1370 5620 per
1403 5547 1595 5603 orbein
1647 5560 1913 5602 terrarum
1942 5549 2129 5604 Eccle-

557 5618 676 5680 siis,
708 5628 766 5671 ut
813 5618 978 5674 moris
1016 5624 1062 5675 ei
1108 5624 1236 5683 fuit.
1275 5618 1356 5674 ἰιιί
1401 5622 1564 5674 Deum
1604 5620 1882 5674 fundebat.
1927 5621 2130 5675 Triduo

557 5702 688 5762 vero
735 5702 1025 5760 antequam
1062 5695 1632 5762 ceinpreheiideretur,
1683 5694 1824 5744 inter
1862 5695 2128 5744 orandum

553 5759 732 5812 oblata
772 5771 854 5815 est
882 5759 931 5816 ei
977 5759 1200 5817 coalitus
1233 5767 1388 5818 visio.
1428 5763 1655 5816 Videbat
1703 5778 1847 5815 enim
1895 5763 2126 5818 Cervical

556 5844 711 5882 suum
746 5831 866 5900 igne
899 5835 1170 5893 consumi.
1199 5835 1264 5890 Et
1307 5850 1430 5890 mox
1460 5847 1756 5890 conversus
1787 5833 1852 5889 ad
1892 5836 2121 5888 comites

2247 3233 2381 3286 Cum
2446 3245 2626 3287 autem
2680 3233 3078 3286 admirarentur
3145 3245 3334 3283 omnes
3385 3239 3598 3281 tetateni
3673 3225 3817 3276 illius

2245 3313 2404 3369 atque
2443 3302 2835 3364 constantiam,
2880 3303 3098 3367 quidam
3121 3317 3184 3353 ex
3236 3301 3300 3353 iis
3324 3299 3613 3352 dicebant:
3660 3314 3678 3345 ι
3705 3297 3819 3346 Cur

2248 3381 2449 3425 tantum
2522 3373 2810 3425 adhibetur
2867 3373 3100 3423 studium
3166 3380 3220 3421 ut
3287 3369 3592 3437 liiijtiSiiiodi
3646 3378 3818 3418 sciicx

2245 3441 2770 3508 caiiipreheiidalur?
2791 3461 2809 3491 ι
2846 3444 2914 3493 At
2947 3441 3033 3492 ille
3053 3441 3338 3494 c0iil‘e5litn
3361 3439 3508 3491 cibos
3529 3453 3650 3508 cuni
3685 3447 3816 3508 potu

2243 3515 2321 3567 eis
2363 3505 2556 3579 apponi
2591 3512 2782 3577 jussit,
2829 3525 3087 3580 quantum
3130 3511 3226 3578 ipsi
3265 3512 3582 3562 voluisSeiit.
3626 3505 3817 3580 l’ctiit-

2240 3599 2345 3652 qiie
2373 3585 2440 3633 ab
2469 3585 2546 3636 eis
2577 3583 2724 3636 horae
2752 3579 3006 3650 spatium,
3038 3598 3145 3648 quo
3183 3581 3350 3634 libere
3389 3591 3443 3630 et
3472 3581 3675 3644 absque
3710 3579 3816 3627 im-

2240 3651 2549 3722 pedimento
2591 3664 2794 3705 oraret.
2838 3653 2988 3717 Quod
3039 3667 3160 3705 cum
3213 3651 3315 3722 ipsi
3368 3655 3809 3722 concessissent,

2241 3719 2393 3776 Stans
2427 3723 2514 3776 ille
2561 3724 2738 3776 oravit
2783 3723 2972 3790 plenus
3019 3724 3190 3789 gratia
3228 3721 3360 3774 Dei;
3403 3722 3539 3771 adeo
3588 3730 3644 3769 ut
3695 3719 3813 3784 ipse

2239 3796 2455 3862 quidem
2489 3796 2713 3846 duarum
2747 3794 3001 3846 horarum
3044 3793 3219 3857 spatio
3261 3791 3420 3862 silere
3464 3807 3566 3842 non
3603 3796 3807 3856 posset,

2241 3861 2516 3916 auditores
2553 3879 2682 3917 vero
2723 3864 3082 3915 atliiiiralioue
3126 3861 3416 3926 stupefacti
3470 3868 3809 3916 tenerentur,

2240 3934 2546 4002 multosque
2599 3949 2784 3988 eorum
2845 3944 3132 3998 pimiiterct
3191 3935 3334 3998 quod
3385 3934 3540 3982 talem
3593 3941 3814 3996 tamque

2238 4006 2475 4056 divinum
2498 4020 2680 4057 senem
2715 4004 2921 4070 capturi
2968 4003 3256 4055 venissent.
3283 4002 3459 4054 Finita
3489 4002 3757 4063 oratione,
3784 4013 3805 4048 ι

2237 4087 2290 4126 et
2326 4088 2544 4135 csetcra,
2573 4084 2629 4124 ut
2670 4075 2936 4125 habentur
2965 4074 3123 4124 infra.

2308 4142 2417 4214 (Gl)
2451 4143 2596 4208 Τοὺς
2618 4143 2688 4194 ἐν
2718 4143 2919 4208 κύκλῳ
2953 4140 3348 4214 περιεστῶτας
3379 4138 3726 4214 θεωμένους.
3753 4135 3812 4214 lit

2235 4209 2467 4282 quatuor
2495 4215 2774 4268 codicibus
2806 4217 2967 4274 lllaz.,
2999 4214 3160 4277 Μαι,
3195 4211 3324 4266 ιιιιιί.
3364 4223 3413 4264 et
3440 4212 3604 4263 Savil.
3643 4209 3839 4282 trarii--~

2238 4278 2356 4336 cola
2411 4285 2751 4350 coniunctiva
2825 4287 3039 4335 aditur
3104 4285 3202 4336 hoc
3256 4285 3409 4335 modo
3467 4278 3812 4350 καταπλῆξαι

2235 4354 2342 4425 γάρ
2391 4347 2524 4425 φασι
2564 4356 2688 4418 τοὺς
2730 4355 2786 4406 ἐν
2832 4351 3014 4423 κύκλῳ
3058 4353 3424 4424 περιεστῶτας
3475 4353 3566 4404 καὶ
3605 4347 3812 4419 eamps-

2235 4423 2374 4487 νονς.
2419 4423 2697 4493 Vulgatain
2726 4437 2900 4476 tamen
2943 4423 3221 4476 Ιιεριιιηιιειιι
3261 4426 3428 4491 magis
3453 4425 3644 4489 probo.

2312 4495 2419 4565 (62)
2453 4489 2596 4560 Τοῦς
2612 4494 2729 4548 ἀπὸ
2753 4493 3052 4560 θαλάττης
3079 4489 3370 4561 κήρυκας-ξ
3388 4494 3614 4545 lii-linus
3639 4489 3810 4565 muri-

2238 4563 2328 4619 cas
2352 4563 2528 4620 vertit.
2566 4568 2748 4620 Genus
2791 4578 2874 4618 est
2921 4583 3141 4618 Illall'lll‘tl:
3174 4571 3411 4618 cochlea:
3441 4581 3532 4616 seu
3566 4563 3808 4622 CUIICiIIE,

2238 4641 2389 4703 cujus
2422 4641 2622 4691 nietitio
2647 4640 2700 4688 lit
2729 4637 2778 4688 in
2815 4637 2978 4689 veteri
3009 4637 3397 4704 epigrammate
3431 4634 3662 4685 iioudtiui
3690 4631 3813 4704 edif

2240 4700 2314 4758 ω’
2349 4708 2531 4773 Quinti
2584 4708 2881 4775 cujusdam,
2923 4708 3007 4758 tibi
3043 4700 3243 4759 'UQniis
3296 4709 3529 4773 piscator
3575 4700 3810 4770 Apollini

2236 4778 2435 4832 Acritie
2462 4777 2766 4846 huiusmodi
2792 4778 3051 4829 concham
3076 4776 3287 4846 dedicat
3319 4793 3331 4827 :

2237 4849 2462 4914 Ἀκρίτᾳ
2500 4843 2705 4912 divido,
2737 4846 3046 4911 Βιθυνίδος
3071 4845 3137 4910 ὃς
3169 4844 3300 4897 τόδε
3328 4843 3522 4913 χώρης

2306 4919 2663 4986 Κράσπεδον
2689 4918 2979 4986 αἰγιαλοῖς
3011 4915 3415 4986 Terra-refovete?
3442 4917 3630 4986 ἔχεις-⁸

2235 4982 2413 5057 Δᾶμις
2439 4993 2470 5041 0'
2497 4982 2840 5057 xvpteurilc,
2876 4982 3094 5056 ψάμμῳ
3121 4987 3295 5053 κέρας
3325 4985 3454 5038 αἰὲν
3473 4982 3743 5052 ἐρείδων,

2305 5062 2640 5126 φρουρητὸν
2663 5060 2866 5127 κήρυκ’
2897 5057 3180 5126 αὺτοφυεὶ
3213 5058 3464 5110 σκόλοπι

2236 5122 2413 5196 Oriris,
2446 5122 2620 5198 ἀέρας
2640 5122 2810 5183 liter
2831 5130 2967 5197 μὲν,
2991 5122 3082 5181 ἐπ’
3108 5129 3308 5180 εὺσεϐί
3317 5145 3350 5193 ῃ
3373 5127 3422 5178 δ’
3447 5130 3478 5179 ό
3503 5122 3734 5195 γεραιὸς·

2302 5197 2646 5268 Εὺχόμενος
2682 5201 2923 5253 νούσων
2954 5199 3127 5266 ἐκτὸς
3153 5197 3301 5251 ἰδεῖν
3322 5198 3518 5264 ἀίδην.

2307 5271 2361 5322 Id
2385 5286 2489 5336 est,
2978 5301 2984 5306 ι

2235 5341 2429 5394 Acrius
2456 5340 2706 5408 Apollini,
2734 5340 2824 5406 qui
2856 5339 2990 5391 hanc
3016 5355 3162 5391 oram
3182 5337 3445 5407 Bithynia:

2305 5410 2591 5464 Littoi'ibus
2626 5414 2842 5463 viariam
2869 5422 3007 5462 tenes
3037 5427 3057 5465 :

2234 5481 2416 5534 Darnis
2465 5484 2714 5550 piscator,
2759 5482 2847 5549 qui
2889 5495 3088 5546 semper
3126 5488 3233 5531 rete
3275 5493 3486 5530 arenam
3520 5487 3682 5615 itaqu:
3712 5473 3809 5527 de-

3549 5556 3637 5596 mit
3669 5553 3730 5608 tt,

3549 5553 3730 5608 mutii,

2306 5621 2563 5675 Muricem
2595 5621 2767 5673 nativo
2798 5619 2934 5673 vallo
2965 5619 3222 5672 munitum

2234 5691 2443 5747 Dicavit
2471 5707 2627 5746 senex
2661 5709 2675 5744 :
2707 5692 2811 5744 leve
2839 5690 3046 5758 quidem
3088 5696 3302 5756 denunt,
3351 5689 3443 5829 sled
3478 5699 3658 5767 tamen
3691 5682 3805 5747 pie-

3394 5771 3515 5809 iaits
3537 5769 3729 5816 causa;

3394 5771 3515 5809 iatts
3537 5769 3729 5816 causa;

2310 5832 2563 5890 Precatus
2593 5843 2648 5888 ut
2668 5832 2860 5902 absque
2895 5829 3088 5885 morbis
3122 5831 3187 5884 ad
3215 5825 3391 5884 manes
3414 5825 3713 5882 descendat.
