4140 6430
323 331 435 390 διε

1317 339 1666 398 HISTORIA]
1707 343 2268 403 ECCLESIASTICAS
2307 345 2435 404 LIB.
2475 345 2565 404 IV.

3467 354 3573 411 3‘6

325 449 606 544 ῥωννύντα
634 452 731 507 σὺν
759 452 879 526 θείᾳ
908 455 1092 527 χάριτι
1124 456 1223 529 τὴν
1260 460 1499 531 ἔμφυτον
1523 462 1633 534 (65)
1665 465 1793 537 περὶ
1817 465 1865 519 τί

1969 500 1981 528 ι
2009 477 2220 536 rentur,
2246 470 2511 538 objectos.
2539 467 2814 540 Praecipue
2833 483 2960 524 vero
2980 469 3240 526 enituisse
3267 469 3452 526 dicunt
3478 489 3573 544 ge-

319 543 552 599 θάνατον
581 547 674 601 τοῦ
702 549 952 621 σώματος
974 553 1191 610 δειλίαν.
1236 556 1570 628 Βουλομένου
1593 561 1658 629 γέ
1689 578 1769 614 τοι
1808 562 1900 616 τοῦ

317 635 629 691 ἀνθυπάτου
657 639 858 694 πείθειν
888 643 1070 709 αὐτὸν,
1105 645 1542 718 προϐαλλομένου
1567 666 1626 704 τε
1663 651 1761 724 τὴν
1784 651 1902 723 ήλι-

314 729 441 824 κίαν
464 732 560 784 καὶ
586 731 985 797 ἀντιϐολοῦντος
1015 738 1209 809 κομιδῆ
1235 740 1354 794 νέον
1386 741 1512 796 ὄντα
1535 744 1628 796 καὶ
1643 745 1896 824 ἀκμαῖον,

309 817 494 874 οἶκτον
522 824 715 877 ἑαυτοῦ
739 825 944 891 λαϐεῖν,
971 828 1045 900 μὴ
1075 829 1358 901 μελλῆσαι,
1387 835 1680 906 προθύμως
1709 817 1770 891 δέ
1788 839 1900 891 ὲπι-

315 915 626 969 σπείσασθαι
658 919 738 981 είς
779 920 968 974 ἑαυτὸν
1000 921 1060 975 τὸ
1081 923 1289 994 θηρίον,
1320 930 1601 1000 μονονουχὶ
1632 930 1895 1002 βιασάμε-

310 1020 403 1058 νον
435 1008 528 1060 καὶ
557 1009 932 1081 παροξύναντα
952 1054 966 1078 ,
999 1014 1076 1078 ὡς
1111 1016 1178 1069 ἂν
1212 1017 1398 1088 τάχιον
1445 1019 1538 1073 τοῦ
1570 1022 1756 1076 ἀδίκου
1799 1024 1895 1078 καὶ

308 1095 513 1186 ἀνόμου
540 1097 654 1164 βίου
675 1100 852 1154 αὐτῶν
875 1103 1211 1178 ἀπαλλαγείη
1243 1107 1373 1179 (64).
1403 1110 1603 1165 Τούτου
1626 1113 1681 1167 δὲ
1706 1115 1796 1168 ὲπί
1817 1114 1893 1186 τῷ

305 1185 603 1258 διαπρεπεῖ
634 1189 848 1263 θανάτῳ
884 1193 944 1246 τὸ
984 1197 1091 1249 πᾶν
1137 1198 1339 1270 πλῆθος
1371 1202 1767 1274 ἁποθαυμάσαν
1791 1185 1892 1277 τῆς

303 1279 562 1350 ἀνδρείας
589 1283 680 1336 τὸν
711 1283 927 1358 θεοφιλῆ
956 1287 1230 1360 μάρτυρα,
1263 1291 1355 1344 καὶ
1394 1293 1494 1364 τὴν
1539 1295 1768 1349 καθόλου
1796 1297 1889 1350 τοῦ

303 1370 498 1438 γένους
525 1373 632 1443 (65)
661 1375 769 1429 τῶν
796 1378 1137 1448 Χριστιανῶν
1164 1381 1384 1454 ἀρετὴν,
1424 1383 1633 1456 ἀθρόως
1665 1387 1889 1460 ὲπιϐοᾷν

301 1462 592 1534 ἄρξασθαιο
630 1465 786 1539 «Αἶρε
812 1470 939 1532 τούς
961 1469 1170 1536 ἀθέους·
1192 1473 1460 1544 ζητείσθω
1474 1476 1880 1548 Πολύκαρπος.»

300 1557 416 1610 Καὶ
447 1559 513 1631 δὴ
549 1559 804 1632 πλείστης
837 1563 927 1616 ἐπὶ
957 1566 1076 1650 ταῖς
1105 1563 1254 1634 βοαῖς
1291 1569 1591 1641 γενομένης
1617 1571 1883 1642 ταραχῆς,

298 1651 490 1722 Φρύγα
521 1655 638 1708 τινα
671 1655 732 1709 τὸ
761 1656 915 1726 γένος
947 1660 1173 1716 Κόϊντον
1195 1660 1451 1731 τούνομα,
1478 1666 1672 1717 νεωστὶ
1697 1665 1762 1718 ὲκ
1787 1666 1886 1736 τῆς

296 1743 538 1814 Φρυγίας
577 1749 892 1815 ἐπιστάντα,
925 1752 1100 1807 ἰδόντα
1131 1757 1258 1816 τοὺς
1289 1754 1482 1828 θῆρας,
1510 1758 1603 1811 καὶ
1647 1758 1743 1824 τάς
1791 1760 1883 1813 ἐπὶ

295 1835 512 1899 τούτοις
527 1838 775 1904 ἀπειλὰς,
795 1843 1135 1914 καταπτῆξαι
1151 1846 1249 1916 τὴν
1265 1845 1441 1918 ψυχὴν
1461 1848 1881 1917 μαλακισθέντα,

296 1926 393 1979 καὶ
417 1927 564 1992 τέλος
591 1930 690 2001 τῆς
712 1934 983 2006 σωτηρίας
1008 1936 1245 1991 ἐνδοῦναι
1268 1937 1398 2008 (66).
1428 1939 1646 2011 Ἐδήλου
1675 1942 1731 1995 δὲ
1755 1941 1881 1994 τοῦ-

293 2034 389 2070 τον
415 2021 442 2072 ό
462 2021 561 2090 τῆς
583 2028 987 2098 προειρημένης
1011 2031 1227 2101 γραφῆς
1248 2031 1403 2100 λόγος
1428 2033 1879 2107 προπετέστερον,

294 2109 411 2163 ἀλλ’
457 2113 519 2165 οὐ
554 2116 673 2167 κατ’
719 2118 1002 2172 εὐλάϐειαν
1049 2123 1380 2195 ὲπιπηδῆσαι
1425 2125 1502 2196 τῷ
1547 2125 1880 2200 δικαστηρίῳ

294 2203 393 2254 σὺν
420 2204 648 2276 ἑτέροις,
691 2209 882 2264 ἁλόντα
921 2212 965 2264 δ’
991 2208 1084 2267 οὖν
1117 2215 1286 2285 ὅμως,
1321 2219 1631 2287 καταφανὲς
1664 2220 1878 2274 ὑπόδει-

291 2311 408 2366 γμα
444 2300 573 2384 τοῖς.
599 2301 731 2353 πᾶσι
760 2308 1082 2375 παρασχεῖν,
1111 2307 1192 2359 ὅτι
1227 2309 1300 2380 μὴ
1335 2309 1443 2363 δέοι
1475 2313 1588 2373 τοῖς
1618 2311 1879 2375 τοιούτοις

291 2389 680 2458 ῥιψοκινδύνως
699 2397 792 2477 καὶ
807 2398 1119 2463 ἀνευλαϐῶς
1135 2401 1369 2454 κατατολ
1377 2405 1503 2474 μᾷν.
1530 2404 1690 2457 Ἀλλά
1705 2405 1876 2477 ταύτῃ

289 2483 388 2551 μὲν
416 2479 530 2554 εἶχε
560 2485 732 2558 πέρας
756 2463 826 2543 τὰ
857 2491 998 2544 κατά
1029 2492 1272 2556 τούτους.
1305 2494 1409 2547 Τόν
1436 2512 1497 2563 γε
1525 2495 1630 2566 μὴν
1664 2496 1874 2567 θαυμα-

287 2574 553 2629 σιώτατον
589 2579 971 2650 Πολύκαρπον,
1005 2583 1072 2637 τὰ
1107 2585 1206 2656 μὲν
1256 2586 1449 2657 πρῶτα
1478 2587 1681 2641 τούτων
1714 2589 1872 2642 ἁκού-

287 2684 480 2733 σαντα,
511 2670 781 2743 ἀτάραχον
803 2674 1097 2745 διαμεῖναι,
1121 2678 1384 2743 εὐσταθὲς
1409 2680 1469 2732 τὸ
1489 2675 1618 2750 ἦθος
1643 2681 1734 2734 καὶ
1761 2682 1875 2735 ἀκί-

285 2777 444 2830 νητον
476 2762 806 2831 φυλάξαντα,
837 2764 1119 2834 βούλεσθαί
1149 2785 1208 2820 τε
1232 2769 1396 2822 αὐτοῦ
1424 2770 1564 2824 κατὰ
1591 2771 1689 2842 τὴν
1721 2772 1871 2826 πόλιν

285 2853 602 2924 περιμένειν
629 2872 642 2884 ·
679 2856 971 2910 πεισθέντα
993 2876 1054 2927 γε
1091 2860 1197 2931 μὴν
1227 2861 1567 2915 ἁντιϐολοῦσι
1596 2866 1706 2926 τοῖς
1736 2864 1869 2933 ἀμφ’

282 2947 469 3009 αὐτὸν,
505 2950 600 3001 καὶ
631 2949 705 3013 ὡς
737 2949 801 3002 ἂν
832 2950 1110 3015 ὑπεξέλθοι
1145 2954 1550 3024 παρακαλοῦσι,
1588 2955 1868 3027 προελθεῖν

279 3039 361 3102 είς
387 3039 449 3092 οὐ
479 3040 668 3111 πόρρω
704 3041 965 3095 διεστῶτα
1008 3043 1108 3112 τῆς
1136 3045 1343 3109 πόλεως
1376 3046 1544 3118 ἀγρὸν
1577 3047 1867 3118 διατρίϐειν

2003 560 2418 616 nerosissimum
2447 559 2855 624 Germanicum,
2884 559 2975 630 qui
3006 559 3187 615 divina
3209 563 3423 632 adjutus
3445 580 3570 633 gra-

2001 652 2099 719 tia,
2140 652 2331 707 mortis
2373 661 2575 706 metum
2607 652 2822 721 corpori
2857 667 2886 705 a
2924 663 3117 707 natura
3155 653 3374 708 insitum
3407 672 3568 726 supe-

1999 747 2166 801 ravit.
2191 745 2322 800 Nam
2346 761 2468 799 cum
2494 745 2779 814 proconsul
2797 746 2976 800 verbis
3002 761 3123 800 eum
3141 744 3355 802 ﬂectere
3386 749 3567 810 vellet.

1999 837 2404 906 admonensque
2433 837 2580 891 illum
2615 837 2821 904 relatis,
2856 847 3038 892 oraret
3066 848 3125 893 ut
3153 853 3360 894 memor
3388 843 3570 898 adole-

1997 930 2220 983 scentize
2241 944 2355 982 sua:
2381 927 2482 984 sibi
2517 929 2630 999 ipse
2658 940 2926 999 parceret,
2957 930 3046 983 ille
3075 930 3207 984 nihil
3260 932 3566 997 cunctatus,

1996 1021 2136 1076 ultro
2167 1021 2219 1076 in
2246 1036 2305 1078 se
2333 1023 2627 1078 attraxisse
2657 1022 2880 1077 bestiam
2916 1023 3135 1088 dicitur,
3170 1027 3557 1094 propemodum

1990 1129 2110 1170 eam
2139 1117 2362 1186 adigens
2388 1132 2452 1170 ac
2475 1117 2780 1183 stimulans,
2807 1132 2913 1187 quo
2929 1118 2995 1171 ab
3016 1118 3113 1170 hoc
3133 1117 3295 1186 impio
3325 1116 3556 1185 injusto-

1993 1216 2098 1270 que
2131 1203 2330 1257 saeculo
2385 1203 2622 1257 velocius
2681 1204 3019 1258 abscederet.
3055 1203 3222 1257 Porro
3252 1214 3370 1272 post
3430 1205 3552 1259 illu-

1991 1303 2162 1349 strem
2198 1294 2354 1362 hujus
2382 1295 2685 1362 interitum,
2715 1295 2968 1348 universa
3001 1295 3304 1358 multitudo,
3348 1306 3455 1349 tttm
3480 1295 3564 1351 di—

1989 1386 2101 1441 vini
2139 1386 2824 1457 martyrisfortitudinem,
2864 1397 2975 1441 tum
3013 1388 3178 1442 totius
3225 1386 3564 1442 Christiano-

1990 1495 2111 1533 rum
2146 1481 2359 1550 generis
2384 1481 2636 1546 virtutem
2675 1495 3004 1550 magnopere
3027 1479 3315 1542 admirata,
3339 1487 3561 1547 repente

1986 1570 2290 1626 acclamare
2322 1572 2486 1640 coepit
2512 1589 2526 1625 :
2553 1591 2570 1624 ι
2599 1571 2747 1625 Tolle
2772 1573 2962 1640 impios
2987 1589 3000 1625 :
3030 1570 3360 1641 Polycarpus
3383 1569 3562 1639 requi-

1985 1677 2157 1722 ratur.
2184 1683 2202 1716 ι
2232 1664 2430 1719 Secuto
2459 1665 2652 1719 dehinc
2671 1673 2791 1732 post
2812 1663 3112 1733 lmjusmodi
3138 1662 3559 1716 acclamationes

1989 1756 2313 1826 gravissimo
2338 1765 2510 1820 motu,
2537 1755 2767 1821 Quintus
2794 1756 3038 1823 quidam,
3092 1753 3314 1807 natione
3335 1751 3512 1822 Phryx
3537 1791 3557 1818 ,

1987 1851 2077 1922 qui
2113 1864 2284 1920 nuper
2314 1865 2378 1903 ex
2415 1847 2648 1919 Phrygia
2677 1849 2996 1909 advenerat,
3029 1861 3152 1900 cum
3187 1846 3329 1900 feras
3357 1855 3413 1898 et
3439 1858 3558 1912 qua:

1985 1951 2242 2014 praeterea
2298 1940 2709 1994 intentabantur
2763 1945 3032 1991 tormenta
3081 1937 3344 1998 vidisset,
3383 1934 3556 1987 fracto

1985 2036 2167 2092 animo
2198 2033 2437 2104 expavit,
2491 2031 2821 2099 tandemque
2871 2031 2994 2083 vita:
3047 2028 3343 2082 retinenda:
3376 2025 3556 2080 studio

1983 2128 2165 2182 cessit.
2195 2125 2294 2180 llic
2326 2138 2488 2194 porro
2514 2121 2745 2188 Quintus
2781 2130 2838 2175 ut
2868 2120 2918 2173 in
2960 2120 3144 2172 eadem
3177 2119 3399 2187 epistola
3454 2118 3555 2170 do-

1981 2228 2159 2282 cetur,
2192 2216 2502 2270 temeritate
2537 2214 2772 2284 quadam
2830 2227 2896 2264 ac
2931 2211 3158 2264 levitate
3191 2212 3414 2274 ductus,
3447 2224 3552 2263 non

1981 2326 2104 2366 cum
2141 2309 2231 2374 pio
2267 2323 2330 2361 ac
2362 2305 2616 2374 religioso
2671 2313 2839 2369 metu,
2877 2319 2980 2357 una
3016 2319 3138 2357 cum
3180 2303 3386 2372 aliquot
3434 2302 3555 2355 aliis

1981 2403 2046 2456 ad
2066 2399 2299 2455 tribunal
2325 2397 2670 2467 prosiluerat.
2691 2397 2794 2449 Sed
2816 2395 3074 2449 continuo
3104 2404 3312 2463 captus,
3342 2393 3555 2448 illustre

1978 2499 2360 2552 documentum
2399 2493 2651 2547 omnibus
2686 2490 2934 2561 prmbuit,
2984 2505 3048 2543 ne
3071 2480 3333 2558 prmcipiti
3388 2486 3554 2541 amia-

1977 2591 2058 2644 cia
2097 2574 2354 2643 sine'ullo
2381 2584 2713 2639 inﬁrmitatis
2743 2598 2854 2638 suae
2891 2591 3140 2651 respectu
3176 2579 3335 2647 130
3361 2576 3551 2642 hujus-

1975 2682 2120 2737 modi
2162 2680 2414 2752 periculis
2459 2694 2578 2733 sese
2631 2678 2951 2745 objicerent.
3003 2675 3068 2728 Et
3097 2674 3275 2728 dehis
3329 2670 3547 2741 quidem

1973 2776 2257 2830 hactenus.
2303 2772 2671 2828 Admirandus
2721 2781 2900 2824 autem
2936 2768 3025 2823 ille
3054 2767 3404 2837 Polycarpus,
3438 2761 3551 2832 pri-

1974 2883 2119 2923 mum
2150 2868 2366 2936 quidem
2398 2882 2521 2922 cum
2554 2865 2670 2919 hzec
2705 2862 3032 2930 accepisset,
3062 2859 3368 2929 nullatenus
3393 2869 3546 2910 corn-

1971 2971 2150 3016 motus
2188 2970 2299 3025 est,
2345 2961 2439 3014 sed
2473 2955 2770 3026 tranquillo
2800 2961 3102 3022 serenoque
3130 2952 3315 3005 animo
3349 2950 3547 3020 persti-

1973 3054 2053 3108 tit.
2078 3054 2464 3120 Statueratque
2506 3051 2706 3105 ibidem
2738 3050 2789 3101 in
2838 3045 2972 3100 urbe
3005 3058 3310 3098 remanere.
3349 3041 3544 3096 Verum

279 3145 337 3181 τε
369 3129 466 3182 σὺν
488 3129 690 3198 ὀλίγοις
715 3132 966 3196 ἐνταῦθα,
990 3133 1205 3206 νύκτωρ
1236 3137 1329 3189 καὶ
1360 3139 1476 3208 μεθ’
1507 3138 1720 3210 ἡμέραν
1739 3137 1798 3192 οὐ
1815 3157 1865 3192 τι

1969 3144 2380 3200 obsecrantibus
2402 3141 2785 3204 familiaribus,
2804 3135 3257 3203 hortantihusque
3273 3143 3329 3186 ut
3346 3147 3403 3186 se
3422 3131 3545 3186 inde

281 3222 466 3292 ἕτερον
494 3223 820 3290 πράττοντα,
845 3226 877 3297 ἢ
905 3229 1025 3290 ταῖς
1050 3228 1186 3298 πρὸς
1218 3230 1308 3282 τὸν
1349 3229 1551 3302 Κύριον
1578 3231 1865 3303 διακαρτε-

281 3312 478 3384 ροῦντα
510 3315 714 3384 εὐχαῖς,
745 3316 810 3368 δι’
859 3310 932 3368 ὧν
963 3317 1169 3372 δεῖσθαι
1199 3319 1293 3372 καὶ
1327 3320 1609 3384 ἱκετεύειν,
1639 3322 1862 3392 εἰρήνην

279 3405 658 3476 ἐξαιτούμενον
683 3411 802 3471 ταῖς
835 3408 938 3461 ἀνά
962 3411 1144 3463 πᾶσαν
1165 3411 1265 3483 τὴν
1291 3413 1614 3483 οἰκουμένην
1639 3413 1866 3485 Ἐκκλη-

281 3499 424 3562 σίαις
451 3516 464 3529 ·
498 3499 655 3552 τοῦτο
683 3499 792 3572 γὰρ
839 3502 931 3554 καὶ
964 3497 1100 3554 εἶναι
1129 3504 1192 3556 ὲκ
1220 3504 1314 3556 τοῦ
1347 3504 1544 3568 παντὸς
1568 3505 1715 3575 αὐτῷ
1742 3505 1864 3557 σύν-

275 3589 426 3659 ηθες.
458 3591 569 3643 Καὶ
610 3591 672 3662 δὴ
704 3593 1013 3662 εὐχόμενον,
1047 3597 1105 3648 ὲν
1135 3596 1371 3667 ὀπτασίᾳ
1398 3597 1567 3667 τριῶν
1597 3599 1862 3669 πρότερον

275 3679 499 3750 ἡμερῶν
521 3680 619 3751 τῆς
650 3680 1208 3755 συλλήψεως,νύκτωρ
1241 3684 1367 3738 ἰδεῖν
1398 3685 1460 3738 τό
1486 3687 1589 3738 ὑπὸ
1621 3687 1862 3759 κεφαλῆς

274 3772 439 3824 αὐτοῦ
471 3772 696 3844 στρῶμα
735 3774 944 3844 ἀθρόως
979 3775 1148 3839 οὕτως
1181 3776 1285 3828 ὑπὸ
1315 3776 1484 3847 πυρὸς
1525 3777 1750 3848 φλεχθὲν
1778 3781 1861 3833 δε-

277 3864 641 3933 δαπανῆσθαι,
669 3864 891 3929 ἕξυπνον
925 3867 981 3920 δὲ
1024 3869 1116 3921 ἐπὶ
1154 3868 1328 3939 τούτῳ
1362 3869 1670 3940 γενόμενον,
1700 3874 1861 3938 εὐθὺς

279 3955 690 4025 ὐφερμηνεῡσαι
738 3960 848 4021 τοῖς
877 3957 1112 4029 παροῦσι
1152 3960 1213 4012 τὸ
1245 3961 1433 4028 φανὲν,
1474 3966 1755 4035 μονονουχὶ
1799 3966 1859 4019 τὸ

277 4049 470 4118 μέλλον
499 4050 957 4120 προθεσπίσαντα,
982 4052 1166 4121 σαφῶς
1189 4070 1246 4105 τε
1272 4053 1561 4108 ἀνειπόντα
1589 4059 1698 4119 τοῖς
1720 4058 1857 4128 ἀμφ’

270 4139 452 4201 αὐτόν,
469 4142 546 4193 ὅτι
571 4141 676 4193 δέοι
708 4141 868 4194 αὐτόν
894 4142 979 4195 διὰ
1005 4143 1238 4214 Χριστὸν
1271 4146 1402 4216 πυρὶ
1426 4145 1524 4216 τὴν
1556 4145 1698 4219 ζωὴν
1727 4166 1855 4219 μετ-

270 4231 518 4297 αλλάξαι.
548 4234 940 4304 Ἐπικειμένων
967 4234 1030 4305 δὴ
1056 4231 1149 4289 οὖν
1193 4237 1290 4288 σὺν
1342 4238 1490 4311 πάσῃ
1517 4238 1718 4308 σπουδῇ
1747 4240 1855 4298 τῶν

269 4324 680 4394 ἀναζητούντων
728 4326 927 4393 αὐτόν,
960 4323 1116 4390 αὖθις
1164 4327 1268 4381 ὑπὸ
1315 4329 1415 4398 τῆς
1455 4330 1562 4382 τῶν
1614 4330 1854 4400 ἀδελφῶν

268 4416 563 4480 διαθέσεως
606 4418 698 4471 καὶ
743 4418 977 4490 στοργῆς
1037 4419 1498 4490 ἐκϐεϐιασμένον,
1551 4423 1852 4494 μεταϐῆναί

1969 3236 2322 3300 subduceret,
2348 3233 2401 3288 in
2441 3248 2629 3288 eorum
2664 3230 2988 3286 sententiam
3015 3227 3182 3282 ﬂexus
3206 3267 3222 3292 ,
3256 3226 3322 3279 ad
3355 3237 3542 3294 agrum

1965 3328 2253 3397 quemdam
2284 3327 2489 3380 civitati
2514 3323 2819 3395 proximum
2848 3321 3096 3376 secessit.
3145 3318 3220 3372 lbi
3259 3333 3380 3371 cum
3410 3330 3542 3384 pau-

1965 3420 2044 3474 cis
2069 3417 2354 3473 comitibus
2405 3419 2608 3487 degens
2633 3461 2647 3486 ,
2686 3418 2772 3471 die
2804 3425 3078 3482 noctuque
3110 3411 3382 3465 continuis
3411 3422 3540 3462 ora-

1967 3511 2228 3574 tionibus,
2261 3525 2363 3563 nec
2387 3509 2474 3562 alii
2509 3519 2772 3578 praeterea
2811 3507 3053 3560 intentus
3098 3503 3249 3573 operi
3286 3515 3539 3572 perseve-

1962 3602 2158 3656 rabat:
2193 3610 2318 3655 vota
2354 3614 2652 3668 precesque
2697 3599 2760 3652 ad
2787 3598 2958 3652 Deum
3013 3595 3219 3649 faciens
3254 3609 3350 3663 pro
3404 3607 3538 3663 pace

1963 3709 2028 3747 ac
2059 3692 2456 3761 tranquillitate
2478 3691 2717 3744 oumium
2744 3705 2862 3759 qua:
2886 3689 3086 3756 uhique
3118 3696 3384 3740 terrarum
3413 3691 3539 3738 sunt

1963 3783 2356 3838 Ecclesiarum.
2400 3781 2455 3834 Id
2490 3782 2637 3834 enim
2682 3780 2770 3833 ille
2804 3789 2964 3830 antea
3019 3791 3235 3846 semper
3284 3775 3538 3827 factitare

1961 3885 2335 3929 consueverat.
2363 3872 2628 3927 Cancrum
2661 3870 2838 3923 triduo
2869 3879 3156 3937 antequam
3180 3865 3538 3935 comprehen-

1960 3967 2201 4029 deretur,
2237 3977 2398 4020 noctu
2428 3966 2570 4019 inter
2589 3964 2856 4018 orandmn
2899 3962 3106 4015 solutus
3158 3961 3208 4014 in
3239 3972 3486 4014 somnum
3511 3995 3532 4023 ,

1959 4059 2145 4112 videre
2177 4057 2278 4112 sibi
2315 4058 2464 4112 visus
2496 4067 2576 4111 est
2608 4055 2845 4111 cervical
2891 4070 2998 4124 quo
3021 4065 3183 4120 caput
3209 4051 3531 4115 reclinahat,

1959 4160 2132 4205 totum
2169 4160 2387 4218 repente
2413 4147 2632 4204 ﬂamma
2658 4156 3065 4216 consumptum.
3111 4144 3280 4211 Quam
3311 4143 3378 4197 ob
3401 4157 3531 4196 cau-

1956 4259 2070 4298 sam
2102 4257 2133 4297 e
2163 4257 2354 4297 somno
2390 4244 2684 4309 excitatus,
2713 4243 2896 4296 statim
2927 4241 3102 4293 visum
3135 4254 3288 4291 suum
3341 4244 3530 4290 astan-

1958 4336 2100 4389 tibus
2154 4335 2446 4404 exposuit;
2507 4335 2670 4404 idque
2729 4334 2872 4403 quod
2908 4331 3010 4387 sibi
3051 4339 3369 4384 eventurum
3408 4335 3529 4383 erat

1957 4429 2351 4495 praenuntians,
2400 4426 2763 4481 familiaribus
2800 4426 2915 4481 suis
2949 4434 3133 4493 aperte
3165 4422 3414 4492 praedixit
3468 4435 3527 4476 se

267 4527 432 4578 φασιν
475 4513 554 4574 είς
579 4511 763 4583 ἓτερον
806 4512 1002 4583 ἀγρόν,
1039 4511 1164 4565 ἔνθα
1195 4515 1310 4583 μετ’
1342 4513 1401 4566 οὐ
1449 4513 1696 4568 πλεῖστον
1725 4517 1851 4579 τοὺς

1969 4533 2051 4585 )ro
2103 4517 2320 4573 Christo
2362 4517 2596 4573 ﬂammis
2647 4519 2995 4587 absumptum
3048 4515 3138 4568 iri.
3190 4514 3358 4568 Porro
3399 4527 3523 4567 cum

268 4603 688 4667 συνελαύνοντας
715 4604 980 4667 ἐπελθεῖν,
1009 4604 1101 4657 δύο
1124 4622 1183 4656 τε
1207 4604 1315 4658 τῶν
1345 4605 1533 4658 αὐτόθι
1566 4607 1846 4660 συλλαϐεῖν

267 4695 493 4759 παίδων,
525 4688 598 4748 ὧν
627 4696 849 4768 θάτερον
895 4699 1302 4768 αἰκισαμένους,
1329 4699 1620 4769 ἐπιστῆναι
1655 4698 1720 4752 δι’
1747 4701 1845 4753 αὐ-

263 4787 356 4842 τοῦ
385 4793 452 4861 τῇ
478 4788 570 4842 τοῦ
598 4789 954 4862 Πολυκάρπου
977 4793 1293 4862 καταγωγῇ.
1332 4790 1459 4860 Ὀψὲ
1481 4791 1539 4844 δὲ
1568 4791 1668 4862 τῆς
1696 4791 1845 4864 ὥρας

334 4990 448 5060 (65)
484 4992 981 5060 ’Υπρρῤωννύντα
1008 4992 1130 5048 σὺν
1157 4994 1286 5060 θείᾳ
1309 4990 1500 5062 χάριτι
1525 4992 1640 5061 τὴν
1657 4993 1840 5062 ἐμφυ-

264 5078 388 5125 ror,
419 5075 528 5118 etc.
561 5063 731 5117 Verba
780 5065 952 5131 ipsius
987 5065 1226 5133 epistolae
1259 5081 1420 5132 quam
1455 5065 1704 5133 superius
1738 5081 1838 5117 cx-

264 5135 607 5200 scripsimus,
655 5133 813 5200 longe
853 5134 1016 5186 alium
1063 5149 1281 5189 sensum
1318 5134 1597 5188 exhibent.
1651 5133 1834 5202 Neque

262 5204 406 5255 enim
441 5204 700 5267 seipsum,
739 5205 831 5255 sed
859 5205 1128 5257 sociorum
1178 5206 1387 5258 animos
1442 5203 1685 5272 exemplo
1734 5219 1832 5258 suo

263 5279 614 5346 commutasse
646 5274 844 5346 dicitur
877 5276 1251 5346 Germanicus.
1297 5275 1352 5346 ’ρ
1383 5274 1492 5346 γὰρ
1522 5275 1833 5346 γενναιόταέ

262 5359 352 5417 τος
391 5342 742 5417 ,Γερμανικὸς
781 5344 1152 5417 ὲπερῤὡννυεν
1192 5344 1369 5398 αὐτῶν
1398 5342 1495 5417 τὴν
1516 5345 1717 5398 δειλίαν
1747 5344 1834 5397 διὰ

262 5413 360 5492 τῇς
386 5415 441 5535 élv
461 5413 609 5484 αὐτῷ
628 5413 932 5486 ύπομονῆςζ
957 5417 1059 5482 Qui
1086 5431 1278 5470 sensus
1307 5413 1687 5486 inibi-quidem
1713 5432 1830 5468 tita-

263 5499 344 5535 ωδ
372 5501 404 5535 υ
428 5497 566 5535 acet.

301 5502 344 5538 IS
372 5497 566 5538 υΙὶΝῗει.

263 5499 728 5636 Κωδέῗίὲίιόμσυ
747 5557 899 5636 βίου.
928 5555 1121 5611 αὐτῶν
1138 5557 1533 5636 ἀπαλᾼαγείη.
1569 5555 1680 5636 [ioc
1711 5555 1830 5611 loco

263 5639 448 5679 vocem
485 5626 665 5679 αὐτῶν
693 5629 1045 5690 restituimus,
1077 5643 1197 5695 quae
1225 5630 1277 5679 in
1315 5626 1712 5695 Regioquidem
1739 5641 1831 5680 co-

263 5695 384 5765 dice
427 5698 634 5761 deerat,
670 5699 764 5752 sed
794 5701 844 5752 in
889 5699 1056 5751 tribus
1102 5697 1305 5751 nostris
1353 5697 1627 5751 codicibus
1666 5695 1830 5765 Maz.,

263 5763 629 5823 Med.etFuk.
661 5780 715 5823 et
752 5769 806 5824 in
836 5769 1124 5840 exemplari
1164 5769 1329 5838 ipsius
1358 5767 1597 5838 epistola:
1611 5763 1828 5838 legitur.

1954 4610 2099 4665 omni
2135 4611 2312 4664 studio
2337 4626 2400 4664 ac
2431 4610 2708 4680 diligentia
2735 4609 3106 4662 incumberent
3129 4606 3218 4675 qui
3248 4619 3371 4658 eum
3402 4618 3524 4672 per-

1953 4699 2338 4769 vestigabaut,
2395 4715 2584 4754 rursus
2633 4699 2862 4752 fratrum
2918 4696 3112 4751 affectu
3150 4705 3204 4750 et
3257 4695 3524 4750 cbaritate

1952 4791 2286 4862 compulsus,
2320 4800 2377 4844 ut
2405 4791 2580 4859 aiunt,
2618 4791 2685 4844 ad
2714 4791 2872 4844 aliam
2905 4789 3087 4842 villam
3123 4787 3520 4858 commigravit.

2020 4994 2128 5064 (65)
2176 4994 2294 5063 Τὴν
2331 4993 2592 5064 καθόλου
2624 4991 2742 5047 ’τοῦ
2777 4992 3013 5061 γένους.
3053 4992 3122 5064 in
3153 4992 3340 5046 codice
3377 4989 3519 5044 Maz.

1945 5076 2000 5120 et
2048 5062 2345 5118 l'tiketiano
2392 5063 2618 5117 καθόλου
2667 5065 2928 5117 scribitur
2974 5062 3188 5131 quidem
3231 5079 3331 5116 una
3363 5077 3517 5126 voce,

1941 5152 2134 5206 aspero
2179 5145 2354 5206 tamen
2388 5135 2775 5206 spiritu‘nted‘ia
2801 5133 3002 5206 syllaba
3040 5141 3389 5206 prarnotatutj.
3502 5186 3504 5189 ,

2012 5201 2121 5275 (66)
2134 5204 2245 5274 Τῆς
2261 5201 2555 5275 σωτηρίας
2574 5201 3107 5275 ἐνδοῦναὶλὶυίίυιιε
3125 5205 3280 5256 vertit
3293 5203 3516 5275 salutem

1937 5273 2158 5345 segnitia
2188 5277 2422 5342 perdere.
2461 5273 2732 5328 Masculus
2757 5290 2882 5327 vero
2913 5273 3134 5326 salutem
3149 5289 3299 5345 suam
3326 5273 3514 5345 prude-
3580 5284 3586 5302 τ

1938 5341 2011 5401 νεῖ
2041 5347 2112 5399 At
2139 5341 2664 5411 Christophorsonus
2712 5346 2930 5398 uberius
2981 5355 3038 5396 ut
3079 5341 3306 5396 solut'et
3345 5341 3513 5410 proli-

1938 5419 2060 5471 xius
2094 5418 2484 5483 interpretatus
2509 5425 2592 5468 est
2627 5417 2726 5468 hoc
2758 5415 2918 5466 modo
2945 5431 2959 5469 :
3004 5412 3069 5465 Et
3104 5415 3308 5464 tandem
3341 5412 3512 5483 salute

1937 5488 2148 5556 prodita
2175 5481 2359 5539 manus
2387 5502 2496 5556 prta
2533 5487 2740 5554 ignavia
2765 5484 2988 5556 dedisse.
3015 5483 3155 5556 sane
3180 5481 3510 5556 aliquid_ltic

1938 5549 2151 5610 videtur
2188 5549 2397 5609 deesse.
2433 5549 2619 5624 Neque
2653 5559 2795 5607 enim
2827 5554 3014 5609 Graece
3037 5553 3236 5624 dicitur
3266 5549 3510 5624 ένδούναι

1933 5627 2035 5697 τῆς
2069 5626 2363 5697 σωτηρίας,
2411 5628 2512 5680 nisi
2534 5621 2696 5679 'forte
2725 5624 3018 5697 subaudias
3055 5623 3234 5697 ἕνεκα.
3270 5621 3374 5675 Nec
3391 5623 3508 5697 Δἰηι-

1935 5691 2130 5751 merito
2167 5691 2287 5765 quis
2325 5697 2633 5763 suspicetur
2663 5695 3010 5752 scribendum
3046 5708 3166 5750 esse
3205 5691 3505 5746 ἐκπεσόντα

1933 5768 2034 5840 τῆς
2065 5767 2359 5840 σωτηρίας,
2385 5765 2644 5820 ἐνδοῦναι.
3279 5785 3301 5808 ο
