4140 6430
269 381 396 438 553

1280 372 1630 430 HISTORIA}
1670 371 2232 431 ECCLESIASTICIE
2267 372 2398 428 LIB.
2440 371 2532 427 IV.

3447 376 3558 432 55b

267 500 495 556 λέοντα.
524 499 581 553 '0
609 498 664 551 δὲ
683 497 786 568 ἔφη
819 496 891 568 μὴ
920 491 1058 550 εἶναι
1082 494 1200 560 ἐξὸν
1221 495 1390 567 αὑτῷ,
1419 496 1606 568 ἐπειδὴ
1634 495 1833 549 ὲπεπλτ

1939 529 1951 556 ι
1981 511 2100 549 rum
2126 493 2388 564 supplicio
2419 502 2755 548 reservatur.
2791 489 2905 549 Sed
2935 495 3066 564 quid
3091 498 3322 553 cessas?
3375 501 3559 572 profer

270 590 455 660 ρὼκει
478 588 547 643 τὰ
572 588 887 658 κυνηγέσια.
917 587 1050 640 Τότε
1094 585 1270 650 ἔδοξεν
1299 588 1481 652 αὑτοῖς
1512 587 1862 659 ὁμοθυμαδὸν

269 681 595 750 ὲπιόοῆσαι,
624 679 766 750 ὥστε
799 679 975 744 ζῶντα
991 678 1082 732 τὸν
1113 678 1469 752 Πολύκαρπον
1495 679 1860 733 κατακαῦσαι.

273 775 434 829 Ἔδει
474 773 583 845 γὰρ
603 773 665 826 τὸ
698 774 795 843 τῆς
823 772 1232 844 φανερωθείσης
1259 772 1406 844 αὑτῷ
1436 773 1530 825 ἐπὶ
1559 771 1654 825 τοῦ
1691 790 1863 844 προσ-

265 866 582 936 κεφαλαίου
641 864 909 927 ὀπτασίας
961 865 1351 937 πληρωθῆναιο
1409 865 1497 918 ὅτε
1553 865 1673 918 ίδὼν
1733 866 1863 920 αὑτὸ

266 939 598 1028 καιόμενον,
653 957 1106 1028 προσευχόμενος,
1159 954 1311 1010 εἶπεν
1344 959 1702 1030 ἐπιστραφεὶς
1748 952 1864 1022 τοῖς

268 1052 397 1120 μετ’
431 1049 596 1102 αὑτοῦ
632 1051 840 1112 πιστοῖς
868 1049 1222 1120 προφητικῶς
1241 1068 1254 1081 ·
1291 1069 1309 1100 ι
1337 1052 1428 1102 Δεῖ
1460 1067 1527 1121 με
1557 1049 1732 1113 ζῶντα
1759 1069 1860 1104 κα-

261 1145 572 1212 τακαῆναι.
605 1160 624 1193 ι
657 1142 841 1195 Ταῦτα
879 1138 971 1195 οὖν
1019 1143 1156 1214 μετὰ
1201 1142 1454 1196 τοσούτου
1507 1145 1705 1214 τάχους
1739 1144 1862 1213 ἐγέ-

261 1251 415 1296 νετο,
447 1234 693 1304 θᾶττονῆ
727 1233 963 1302 ἐλέγετο,
991 1233 1098 1285 τῶν
1129 1233 1298 1304 ὄχλων
1333 1235 1677 1305 παραχρῆμα
1708 1251 1862 1288 συνα-

262 1325 558 1392 γαγόντων
585 1327 649 1378 ὲκ
675 1323 784 1377 τῶν
813 1326 1185 1397 ἐργαστηρίων
1212 1326 1306 1378 καὶ
1329 1326 1393 1378 ἐκ
1419 1326 1526 1379 τῶν
1565 1326 1860 1396 βαλανείων

263 1415 406 1482 ξύλα
441 1417 532 1469 καὶ
566 1417 835 1488 φρύγανα,
867 1416 1100 1486 μάλιστα
1147 1416 1414 1470 Ἰουδαίων
1445 1418 1762 1488 προθύμως,
1784 1418 1860 1482 ὡς

262 1508 392 1571 ἔθος
427 1510 633 1572 αὑτοῖς,
664 1510 744 1572 εἰς
777 1508 932 1562 τοῦτο
962 1508 1379 1579 ὑπουργούντων
1417 1509 1551 1580 (77).
1587 1510 1747 1563 Ἀλλὰ
1770 1512 1858 1564 ὅτε

260 1601 296 1669 ἠ
355 1600 516 1670 πυρὰ
559 1599 883 1670 ἡτοιμάσθη,
935 1599 1272 1670 ἀποθέμενος
1330 1599 1505 1671 ἑαυτῷ
1556 1601 1733 1654 πάντα
1784 1601 1858 1655 τὰ

263 1692 488 1762 ἱμάτια,
521 1695 611 1746 καὶ
648 1692 815 1757 λύσας
844 1693 938 1764 τὴν
968 1693 1164 1763 ζώνην,
1196 1695 1456 1763 ἐπειρᾶτο
1477 1695 1570 1747 καὶ
1605 1693 1856 1748 ὑπολύειν

260 1785 465 1838 ἑαυτὸν
505 1785 638 1854 (78),
681 1786 754 1857 μὴ
796 1784 1058 1856 πρότερον
1098 1784 1256 1837 τοῦτο
1307 1783 1507 1848 ποιῶν,
1550 1784 1637 1838 διὰ
1664 1785 1723 1839 τὸ
1770 1786 1855 1839 ἀεὶ

258 1877 504 1930 ἕκαστον
536 1877 645 1930 τῶν
699 1876 906 1929 πιστῶν
959 1873 1302 1940 σπουδάζειν,
1353 1876 1503 1938 ὅστις
1543 1877 1728 1946 τάχιον
1760 1877 1854 1930 τοῦ

259 1968 479 2039 χρωτὸς
517 1969 682 2023 αὑτοῦ
716 1969 1014 2039 ἐφάψηται.
1063 1968 1151 2021 Ἐν
1185 1968 1349 2021 παντὶ
1367 1967 1475 2038 γὰρ
1508 1967 1719 2037 ἀγαθῆς
1739 1967 1856 2020 ἓνε-

258 2080 363 2116 κεν
412 2063 685 2127 πολιτείας
719 2063 810 2117 καὶ
844 2063 951 2134 πρὸ
984 2062 1081 2132 τῆς
1115 2061 1306 2124 πολιᾶς
1347 2060 1687 2131 ἐκεκόσμητο
1720 2059 1851 2130 (79).

258 2155 489 2220 Εὐθέως
521 2151 615 2209 οὖν
649 2154 798 2226 αὑτῴ
843 2153 1180 2226 περιετίθετο
1222 2153 1290 2206 τὰ
1339 2151 1477 2225 πρὸς
1523 2152 1621 2223 τὴν
1673 2151 1852 2223 πυρὰν

256 2249 596 2320 ἡρμοσμένα
647 2249 854 2319 ὃργανα
903 2246 1041 2317 (80).
1081 2245 1398 2300 Μελλόντων
1441 2244 1497 2296 δὲ
1544 2243 1723 2297 αὐτῶν
1756 2245 1850 2296 καὶ

259 2327 576 2411 προσηλοῦν
603 2339 783 2403 αὑτὸν,
809 2333 960 2391 εἶπεν
979 2354 992 2368 ·
1031 2356 1050 2389 t
1096 2335 1297 2404 Ἀφετέ
1331 2353 1398 2406 με
1425 2333 1614 2398 οὑτως.
1661 2333 1718 2387 '0
1740 2335 1848 2406 γὰρ

254 2433 441 2498 διδοὺς
481 2433 773 2504 ὑπομεῖναι
814 2429 876 2484 τὸ
914 2428 1046 2501 πῦρ,
1081 2427 1242 2482 δώσει
1278 2427 1371 2480 καὶ
1391 2425 1562 2498 χωρὶς
1590 2426 1690 2498 τῆς
1715 2427 1847 2498 ὑμε-

253 2612 427 2671 Asiae.
461 2607 597 2664 Nam
620 2623 744 2663 cum
772 2608 959 2664 Asiani
1003 2607 1309 2662 communia
1333 2609 1598 2664 haberent
1625 2611 1842 2678 templa,

253 2699 444 2742 sacra.
491 2681 657 2747 festos
683 2680 820 2740 dies,
866 2691 921 2733 et
969 2694 1258 2733 commune
1303 2679 1633 2744 cont-ilium,
1689 2695 1841 2733 cont--

255 2767 428 2809 mune
476 2754 639 2804 etiam
685 2750 960 2803 habebant
1011 2751 1192 2816 gentis
1243 2750 1637 2811 sacerdotium,
1695 2751 1837 2817 quod

254 2823 541 2878 asiarchia
584 2821 780 2872 dicitur
815 2820 866 2871 iu
901 2818 1055 2889 libris
1080 2819 1626 2889 jurisaEligehantur
1661 2830 1841 2873 autem

256 2893 535 2947 asiarrhze
586 2891 687 2943 hoc
715 2889 895 2944 modo.
927 2888 1164 2959 Singulae
1190 2888 1350 2943 urbes
1374 2889 1518 2942 Asiae
1555 2889 1707 2942 initio
1745 2905 1846 2943 cu-

249 2966 460 3036 jusque
493 2960 730 3036 auni,-i_d
763 2970 866 3036 _est
916 2960 1014 3036 sub
1063 2962 1448 3028 aequinoctium
1499 2961 1840 3036 autumnale,

256 3029 587 3088 concionem
621 3030 917 3090 habebant,
959 3029 1012 3081 in
1036 3046 1141 3098 qua
1180 3045 1342 3082 unum
1370 3046 1439 3083 ex
1485 3029 1600 3084 suis
1629 3029 1842 3084 civibus

255 3103 571 3158 asiarcham
621 3101 1010 3162 nominabant;
1065 3101 1272 3168 legatos
1302 3098 1500 3154 deinde
1550 3101 1840 3154 mittebant

257 3177 324 3228 ad
378 3187 675 3253 commune
738 3170 915 3253 gentis
961 3171 1276 3250 concilium,
1343 3171 1434 3238 qui
1478 3184 1671 3253 n'omen
1721 3172 1909 3253 ejusc

256 3246 348 3310 qui
383 3244 532 3296 domi
561 3240 764 3293 electus
817 3239 992 3293 fuerat
1039 3241 1438 3294 renuntiarent.
1496 3239 1630 3293 Tum
1678 3239 1835 3294 σύνε-

254 3316 374 3386 δροι
409 3330 476 3366 ex
515 3311 768 3386 omnibus
803 3311 870 3363 iis
910 3325 1048 3386 quos
1093 3311 1321 3386 singula:
1368 3311 1616 3386 civitates
1662 3310 1838 3386 a_siar-

253 3380 391 3438 citas
427 3382 867 3442 nominaverant,
901 3381 1083 3436 decem
1109 3381 1328 3433 circiter
1343 3380 1639 3449 eligebnnt.
1672 3380 1836 3436 Docet

255 3456 310 3509 id
339 3454 616 3508 Aristides
646 3451 696 3502 in
729 3462 920 3517 quarta
956 3449 1258 3503 orationum
1304 3467 1598 3514 sacrarum,
1649 3452 1738 3504 tibi
1776 3466 1836 3506 se

256 3529 480 3577 tertium
516 3532 609 3574 aut
636 3530 886 3588 quartum
928 3523 1232 3573 asiarcham
1267 3535 1294 3572 a
1338 3522 1604 3590 syuedris.
1647 3521 1698 3574 id
1727 3531 1831 3586 est,

255 3611 284 3648 α
314 3594 596 3648 communi
639 3593 782 3644 Asia:
831 3591 1058 3644 consilio
1105 3591 1447 3660 designatum
1504 3605 1628 3644 esse
1676 3592 1829 3648 dicit.

255 3665 364 3720 Sed
403 3661 692 3716 diﬂicultas
728 3672 830 3723 est,
864 3672 1040 3713 utrum
1085 3661 1139 3715 hi
1191 3675 1380 3714 onmes
1406 3662 1497 3728 qui
1533 3661 1586 3713 in
1617 3663 1832 3730 publico

251 3737 402 3789 Asia:
433 3732 666 3787 concilio
700 3731 964 3800 designati
999 3733 1237 3795 inerant,
1271 3731 1430 3783 simul
1464 3732 1826 3784 sacerdotium

289 3806 661 3861 esserintzan
688 3817 814 3854 vero
855 3815 994 3854 unus
1039 3803 1299 3853 duntaxat
1332 3801 1491 3853 fuerit
1556 3801 1824 3854 asiarcha.

299 3880 448 3928 lures
475 3874 699 3940 quidem
731 3871 898 3924 fuisse
925 3871 1218 3938 quotannis
1277 3872 1553 3924 asiarchas
1598 3869 1829 3924 allirmat

251 3944 369 4003 Jac.
421 3944 678 4000 Usserius
739 3943 1133 4004 Armachauus,
1169 3955 1234 3994 eo
1275 3940 1416 4007 quod
1467 3943 1516 3994 in
1563 3955 1686 4008 cap.
1735 3957 1826 3994 XIX

252 4021 483 4069 Artuum
511 4011 902 4081 apostolorum,
928 4011 1109 4078 plures
1139 4020 1513 4081 memorantur
1567 4009 1827 4066 asiarchte

253 4088 495 4140 suasisse
530 4080 696 4138 Paulo
723 4097 790 4136 ne
836 4083 886 4134 in
928 4084 1195 4135 theatrum
1251 4080 1602 4148 Ephesiorum
1638 4083 1824 4149 prodi-

252 4169 354 4211 ret.
396 4156 506 4209 Sed
538 4155 691 4206 locus
724 4153 812 4205 ille
839 4153 1070 4204 Actuum
1115 4151 1248 4204 nihil
1293 4152 1504 4219 probat.
1549 4150 1825 4207 Asiarchae

251 4228 392 4280 enim
422 4226 538 4279 illic
574 4233 836 4278 vocantur
862 4223 952 4290 qui
975 4221 1275 4275 Asiarchiae
1300 4223 1661 4276 sacerdotium
1697 4238 1822 4290 ges-

249 4309 456 4359 serant,
484 4311 551 4349 eo
584 4295 740 4362 plane
773 4294 936 4346 modo
963 4307 1070 4359 quo
1099 4291 1386 4360 pontiﬁces
1420 4292 1730 4345 Judawrum
1767 4293 1820 4346 in

249 4367 548 4432 Evangelia
599 4365 880 4432 dicuntur,
914 4372 1185 4429 quotquot
1237 4362 1612 4430 poutillCatum
1660 4373 1821 4416 antea

246 4431 793 4492 adt‘ninistraverant.
843 4431 958 4500 Ego
988 4447 1116 4486 vero
1161 4431 1414 4486 libentius
1468 4433 1818 4497 crediderim,

249 4525 410 4562 unum
460 4509 724 4559 duntaxat
755 4503 921 4556 fuisse
960 4503 1250 4571 quotannis
1291 4503 1615 4557 asiarcham.
1668 4501 1820 4556 Licet

241 4584 385 4633 enim
427 4578 617 4647 plures
653 4591 681 4627 a
710 4575 962 4644 syuedris
1002 4573 1270 4642 designari
1297 4575 1556 4647 solerent,
1596 4572 1648 4624 id
1677 4575 1814 4626 forte

242 4643 442 4710 tiebat;
468 4659 529 4700 ut
560 4660 626 4699 ex
657 4643 847 4699 eorum
875 4659 1099 4696 numero
1129 4659 1292 4695 unum
1316 4643 1550 4711 aliquem
1587 4658 1814 4711 proccu-

241 4722 319 4774 sul
353 4720 640 4773 llomanus
677 4716 926 4782 eligeret,
967 4713 1426 4782 quemadmodum
1484 4715 1550 4765 de
1603 4715 1824 4765 irenaro-

237 4794 353 4844 chis
382 4790 506 4842 lieri
559 4787 775 4840 Solitum
821 4799 942 4839 esse
991 4785 1155 4837 tradit
1202 4782 1472 4836 Aristides
1521 4782 1574 4836 in
1622 4785 1810 4836 eadem

235 4865 508 4914 oratione.
546 4858 734 4912 Potuit
759 4858 920 4909 etiam
950 4855 999 4907 id
1029 4855 1274 4907 consulto
1298 4853 1414 4906 ﬁeri
1459 4869 1486 4906 a
1537 4854 1808 4921 syuedris,

236 4934 364 4984 utsi
405 4933 552 4983 {orte
583 4930 628 4981 is
671 4927 762 4995 qui
809 4926 1016 4995 primus
1077 4923 1323 4977 asiarcha
1366 4926 1434 4976 ab
1467 4925 1598 4992 ipsis
1633 4922 1811 4995 fuerat

233 5004 577 5072 designatus,
621 4993 734 5072 [aio
777 4993 1104 5051 concederet
1158 4995 1472 5072 priusquam
1505 4993 1807 5072 sacerdotii

233 5073 312 5125 sui
348 5063 570 5124 inimus
590 5069 884 5139 explesset,
907 5071 1048 5139 alter
1079 5070 1325 5133 essetqui
1357 5063 1477 5131 ejus
1504 5064 1807 5139 locumex-

232 5143 424 5209 pleret.
489 5135 676 5196 Ununi
725 5152 887 5208 porro
931 5136 1454 5209 fuissequotaunts
1502 5135 1806 5209 asiarcham

230 5204 461 5281 apparet
491 5227 560 5266 ex
603 5204 1204 5281 [ine—huius‘epistolze,
1237 5208 1325 5281 ubi
1365 5204 1690 5281 lfolycarpus
1725 5204 1806 5281 di-

230 5275 372 5336 citur
396 5297 597 5352 passus
625 5296 746 5352 esse
778 5275 878 5352 sub
909 5277 1155 5346 Philippo
1175 5275 1804 5352 asiarc_ha,proconsule

229 5346 410 5407 autem
447 5354 593 5408 Asiae
626 5351 804 5406 Statio
832 5349 1135 5415 Quadrato.
1170 5346 1302 5401 Nam
1343 5350 1386 5400 si
1432 5348 1614 5412 plures
1647 5353 1806 5398 erant

230 5426 516 5490 asiarcbze,
560 5438 666 5477 nou
711 5436 850 5476 unus
894 5419 1270 5475 tantummodo
1311 5417 1576 5471 nominari
1597 5418 1799 5469 debuit.

229 5494 398 5549 Porro
422 5489 579 5548 valde
612 5508 904 5548 onerosum
936 5499 1054 5546 erat
1085 5491 1190 5544 hoc
1222 5489 1608 5549 sacerdotium,
1639 5498 1802 5556 atque

229 5567 432 5621 idcirco
466 5565 684 5636 nonnisi
717 5562 1090 5636 opulentiores
1122 5562 1189 5612 ad
1217 5559 1270 5636 id
1304 5559 1600 5636 gerendum
1635 5558 1802 5636 elige-

229 5638 442 5690 bantur.
470 5635 612 5689 Hinc
637 5642 719 5688 est
753 5631 897 5702 quod
939 5632 1148 5702 Strabo
1186 5632 1463 5702 observat,
1523 5631 1802 5702 asiarchas

229 5707 339 5760 fere
365 5724 432 5760 ex
462 5697 1099 5771 Tralliauis'desumptos
1123 5699 1312 5765 fuisse,
1341 5708 1628 5771 propterea
1655 5697 1797 5765 quod

228 5775 345 5848 ejus
376 5780 530 5831 urbis
559 5777 709 5831 cives
751 5777 924 5848 totius
959 5769 1102 5828 Asia:
1138 5769 1543 5848 epuletttissittti
1592 5776 1795 5848 essent.

230 5839 342 5903 Non
384 5850 558 5904 solius
606 5857 789 5903 autem
835 5847 1005 5915 Asiae,
1055 5843 1151 5900 sed
1184 5839 1525 5914 generaliter
1556 5839 1797 5895 omnium

1970 585 2332 656 quodcunque
2354 583 2618 638 volueris.
2648 603 2667 635 ι
2701 584 2828 640 Haec
2864 593 2918 640 et
2944 586 3058 640 alia»
3089 589 3244 655 plura
3263 594 3556 649 cumdice-

1970 685 2072 744 ret,
2110 678 2310 732 ﬁducia
2338 676 2500 732 simul
2525 688 2580 731 et
2608 678 2804 748 gaudio
2847 678 3177 748 replebatur,
3212 693 3266 737 et
3299 684 3352 738 in
3401 687 3556 742 vultu

1967 771 2084 840 ejus
2117 771 2289 840 gratia
2326 769 2574 839 quaadam
2633 769 2931 824 emicabat.
2987 771 3336 843 Tantumque
3384 779 3558 834 abfuit

1967 872 2025 918 ut
2054 865 2119 919 iis
2140 879 2260 932 quae
2283 864 2382 931 ipsi
2415 866 2554 919 dicta
2581 873 2758 929 erant,
2793 865 3016 919 territus
3046 867 3378 927 concideret.
3411 869 3554 936 Quin

1964 963 2152 1010 contra
2187 956 2299 1022 ipse
2325 956 2613 1024 proconsul
2645 956 2910 1010 attonitus
2937 958 3110 1019 stetit,
3136 959 3390 1027 misitque
3422 977 3559 1029 prte-

1961 1061 2151 1100 conem
2186 1048 2277 1115 qui
2303 1049 2355 1101 in
2393 1047 2572 1102 medio
2601 1049 2778 1102 stadio
2801 1057 2882 1102 ter
2905 1052 3275 1118 pronuntiavit
3301 1070 3316 1106 :
3348 1071 3365 1104 ι
3394 1054 3556 1125 Poly-

1962 1152 2156 1205 carpus
2195 1153 2255 1193 se
2295 1139 2666 1194 Christianum
2733 1155 2854 1197 esse
2906 1142 3184 1211 professus
3244 1156 3346 1200 est.
3387 1161 3405 1192 ι
3437 1149 3554 1214 Qun

1961 1230 2148 1282 audito
2176 1229 2361 1282 statim
2419 1232 2669 1285 universa
2697 1233 2984 1286 multitudo
3027 1235 3308 1304 gentilium
3351 1252 3415 1290 ac
3454 1243 3552 1291 Ju-

1963 1321 2198 1374 dtrorum
2227 1321 2317 1390 qui
2371 1320 2658 1391 Smyrnam
2708 1324 3036 1391 incolebant,
3099 1326 3402 1382 incredibili
3459 1329 3549 1381 fu-

1961 1426 2085 1464 rore
2118 1420 2172 1464 et
2206 1411 2408 1479 ingenti
2435 1413 2664 1479 strepitu
2695 1414 3016 1467 acclamavit
3044 1433 3058 1469 ς
3103 1435 3122 1468 ι
3147 1415 3247 1471 Hic
3264 1422 3552 1476 estdoctOr

1960 1502 2106 1557 Asia:
2128 1514 2181 1556 et
2205 1513 2356 1569 pater
2387 1502 2853 1570 Christianorum,
2885 1521 3110 1562 eversor
3133 1509 3414 1564 nuiniuum
3441 1527 3542 1564 no-

1959 1608 2224 1660 strorum,
2271 1599 2362 1667 qui
2397 1597 2583 1653 multis
2630 1601 2875 1670 pracipit
2912 1617 2979 1655 ne
3028 1602 3359 1669 sacriﬁcent,
3413 1619 3548 1659 neve

1959 1690 2087 1746 deos
2112 1692 2446 1746 immortales
2481 1691 2727 1746 adorent.
2761 1710 2781 1743 ι
2825 1691 2948 1747 [hec
2983 1694 3227 1749 dicentes
3284 1695 3546 1750 inclama-

1958 1781 2109 1845 bant,
2137 1783 2513 1852 rogahantque
2541 1781 2847 1852 Philippum
2871 1784 3214 1852 Asiarcham,
3239 1797 3298 1841 ut
3331 1788 3541 1842 leonem

1887 1855 1929 1910 Β
1959 1876 2221 1931 adversus
2246 1875 2607 1946 Polycarpum
2633 1878 2931 1932 emitteret.
2961 1879 3045 1932 At'
3070 1879 3156 1933 ille
3214 1884 3428 1948 negavit
3490 1883 3542 1935 id

1958 1966 2058 2020 sibi
2111 1967 2296 2031 licere,
2339 1968 2496 2038 133
2552 1971 2751 2037 quippe
2779 1969 2872 2038 qui
2928 1970 3382 2039 amphitheatrale
3427 1986 3542 2039 spe-

1957 2058 2227 2112 ctaculum
2277 2059 2390 2127 jam
2452 2061 2736 2115 edidisset.
2798 2061 2949 2116 Tunc
3006 2078 3197 2116 omnes
3259 2079 3365 2116 uno
3404 2079 3538 2118 con-

1954 2165 2116 2204 sensu
2149 2151 2544 2218 acclamarunt,
2581 2161 2641 2206 ut
2683 2153 3016 2224 Polycarpus
3056 2156 3212 2210 vivus
3250 2157 3540 2210 combureo

1955 2252 2124 2297 retur.
2151 2241 2385 2297 Necesse
2419 2243 2561 2297 enim
2593 2254 2711 2297 erat
2738 2256 2794 2298 ut
2825 2245 2961 2300 visio
2999 2246 3111 2310 illa,
3143 2262 3303 2315 quam
3333 2247 3386 2301 in
3419 2263 3540 2302 cer-

1954 2333 2112 2386 vicali
2159 2334 2385 2395 viderat.
2443 2335 2805 2404 impleretur,
2861 2348 2990 2392 tunc
3032 2354 3152 2391 cum
3193 2340 3333 2394 inter
3374 2355 3536 2394 oran-

1952 2427 2078 2479 dum
2108 2425 2196 2481 illo
2239 2426 2430 2480 ardere
2454 2427 2592 2493 viso,
2628 2429 2696 2482 ad
2734 2428 2931 2483 fratres
2954 2431 3044 2498 qui
3079 2431 3252 2499 ipsum
3307 2433 3536 2486 comita-

1954 2609 2363 2683 provinciarum
2412 2611 2730 2683 sacerdotes
2788 2624 3012 2683 munera
3057 2611 3310 2683 edebant.
3344 2614 3531 2683 Augu-

1950 2681 2126 2734 stinus
2155 2682 2206 2732 in
2229 2681 2457 2748 epistola
2492 2679 2546 2738 5,
2581 2684 2644 2733 de
2669 2681 2896 2745 Apuleio
2929 2681 3153 2747 loquens
3187 2698 3198 2734 :
3234 2681 3335 2746 Qui
3359 2679 3533 2735 sua".

1951 2753 2044 2802 dos
2075 2751 2356 2817 prouinciae
2387 2767 2480 2817 pro
2515 2767 2703 2814 magno
2739 2751 2862 2819 fuit,
2900 2760 2952 2803 ut
2978 2768 3195 2804 munera
3236 2763 3406 2804 atteret
3447 2770 3529 2805 vc-

1950 2831 2260 2886 natoresque
2290 2823 2522 2883 vestiret,
2555 2833 2602 2873 et
2637 2837 2730 2886 pro
2757 2833 2938 2874 statua
2974 2823 3075 2874 sibi
3116 2825 3256 2888 apud
3301 2821 3525 2877 Coenses

1947 2890 2197 2949 locanda.
2227 2907 2293 2943 cm
2325 2907 2430 2958 qua
2472 2891 2678 2943 civitate
2717 2893 2936 2945 habebat
2991 2907 3232 2952 uxorem,
3275 2899 3526 2946 adversus

1945 2962 2414 3013 contradictionem
2463 2963 2811 3027 quorumdam
2869 2962 3062 3014 civium
3113 2962 3370 3026 litiqaret.
3418 2963 3520 3018 Ubi
3597 2969 3599 2972 ’

1943 3031 2123 3082 obiter
2159 3045 2354 3082 moneo
2403 3032 2750 3084 scribendum
2785 3047 2907 3084 esse
2936 3031 3076 3095 apud
3121 3030 3337 3084 Oenses.
3377 3033 3525 3087 Uxor

1943 3100 2087 3151 enim
2121 3099 2547 3166 Apuleiieratex
2582 3097 2689 3154 Oea
2726 3101 2857 3154 urbe
2897 3099 3112 3156 African
3147 3102 3219 3154 Ex
3249 3103 3333 3157 his
3363 3105 3524 3156 Intel-

1944 3168 2127 3239 ligitur
2147 3186 2245 3223 cur
2276 3180 2558 3241 tantOpere
2583 3171 2908 3225 laboraverit
2929 3172 3215 3238 Aristides,
3235 3185 3284 3224 ut
3309 3175 3524 3241 publico

1942 3241 2084 3292 Asiae
2109 3240 2416 3293 sacerdotio
2454 3241 2799 3294 liberaretur.
2844 3241 3053 3308 Quippe
3105 3244 3153 3294 id
3211 3240 3350 3296 onus
3399 3255 3522 3297 erat

1937 3313 2343 3378 gravissuuum,
2367 3326 2491 3364 cum
2527 3313 2802 3364 asiart'ha:
2819 3316 2884 3365 ad
2915 3311 3206 3364 editioan
3237 3329 3520 3369 munerum

1937 3382 2460 3440 constringerentur.
2486 3379 2848 3436 Philosuatus
2885 3383 2950 3434 iu-
2973 3382 3288 3441 Scopeliano
3316 3382 3504 3450 Soiilti-

1934 3461 2057 3522 sta:
2097 3451 2411 3522 Ἀρχιερεὺς
2465 3452 2562 3522 μεν
2594 3450 2813 3518 ἐγένετο
2851 3452 2952 3522 τῆς
2995 3452 3176 3522 Ἀσίας
3223 3453 3381 3517 αὑτός
3433 3471 3516 3518 τε,

1935 3521 2028 3593 καὶ.
2060 3521 2316 3593 πρόγονρι
2365 3521 2555 3593 αὑτοῦ,
2592 3525 2721 3593 παῖς
2761 3525 2842 3593 ἐκέ
2869 3521 3094 3593 πατρὸς
3116 3522 3315 3585 πάντες
3367 3525 3426 3576 ’0
3457 3524 3517 3578 δὲ

1934 3585 2192 3664 στέφανος
2212 3585 2387 3664 οὗτος
2403 3592 2589 3655 πολὺς,
2629 3592 2722 3643 καὶ
2756 3592 2895 3663 ὑπὲρ
2927 3585 3136 3664 πολλῶν
3182 3594 3512 3664 χρημάτων.

1935 3661 1986 3731 Id
2019 3674 2100 3714 est
2144 3679 2156 3713 :
2199 3662 2451 3731 Pontifex
2474 3664 2613 3714 Asia?
2636 3679 2726 3713 seu
2765 3661 3013 3714 nsi/irrita
3041 3663 3141 3731 fuit
3173 3661 3368 3727 ipsam
3400 3682 3515 3717 ma-

1923 3730 2070 3798 jores
2098 3734 2234 3798 ejus,
2271 3730 2369 3783 ita’
2395 3745 2449 3784 ut
2484 3733 2732 3785 continua
2760 3735 2892 3784 serie
2917 3730 3061 3797 [ilius
3087 3734 3225 3797 patri
3261 3738 3514 3787 succede-

1936 3813 2032 3855 ret.
2070 3801 2166 3853 Est
2194 3813 2368 3854 autem
2397 3801 2558 3868 hujus
2577 3803 2862 3853 sacerdotii
2893 3802 3056 3855 Itonos
3077 3818 3184 3855 non
3206 3804 3508 3867 mediocris,

1930 3886 2022 3924 nec
2046 3872 2298 3923 mediocri
2322 3887 2544 3936 pecunia
2576 3879 2802 3924 constat.

1997 3941 2119 4023 (77).
2142 3941 2445 4023 fligi-route
2471 3941 2954 4023 i2_:_rooproo!tlwtf.
3007 3939 3278 4023 Inui-ibus
3307 3944 3508 4023 nostris

1925 4008 2208 4064 codicibus
2235 4011 2459 4068 Mazar.,
2497 4011 2636 4064 Med.
2672 4008 2722 4064 et
2760 4008 2949 4063 Fukcl.
2985 4011 3247 4077 scriptum
3277 4024 3387 4078 est,
3423 4016 3505 4078 είς

1926 4081 2098 4153 ταῦτα
2142 4079 2580 4152 ὑπουργούντων,
2610 4082 3070 4153 quemadmomnu
3103 4083 3265 4153 etiam
3307 4083 3507 4153 lt-gitus

1928 4152 1980 4204 in
2009 4149 2413 4219 exetnplatihus
2445 4155 2640 4220 quibus
2667 4167 2796 4206 usus
2834 4160 2919 4205 est
2960 4149 3078 4204 Jac.
3118 4149 3504 4207 UsscrtusAr-

1926 4224 2248 4277 ntachanus.
2279 4222 2530 4276 Rutilium
2565 4238 2780 4290 quoque
2814 4223 2886 4275 ita
2920 4221 3113 4292 legisse
3136 4237 3201 4276 ex
3233 4224 3348 4292 ejus
3384 4239 3504 4276 ver-

1926 4295 2082 4348 sione
2115 4304 2360 4362 apparet,
2397 4295 2487 4345 Sic
2536 4289 2704 4344 enim
2731 4289 3123 4362 interpreiainr
3169 4311 3182 4346 :
3225 4289 3503 4362 Prwcipuc

1921 4362 2124 4416 ludatis
2147 4363 2420 4414 ardentius
2450 4363 2505 4415 in
2537 4362 2649 4415 lucc
2665 4378 2731 4415 ea:
2758 4378 2901 4415 more
2931 4363 3266 4432 ferventibus.

1993 4434 2102 4504 (78)
2152 4433 2460 4487 Ὑπολύειν
2487 4432 2724 4486 ἑαυτόν.
2761 4433 3074 4504 llujusutodi
3121 4433 3356 4487 cilicium
3382 4433 3501 4503 epi-

1923 4502 2103 4571 scopis
2147 4514 2200 4558 et
2230 4503 2641 4572 conl'essorihus
2693 4514 2952 4572 praestare
2992 4502 3237 4562 solebant
3285 4502 3501 4558 veteres

1923 4575 2244 4628 Christiani.
2271 4573 2361 4627 Sic
2403 4575 2455 4627 iu
2490 4571 2747 4626 Passione
2793 4571 3080 4631 Fittctnosi
3129 4575 3368 4642 t-piscOpi
3421 4574 3498 4627 le-

1914 4645 2094 4713 gimus
2130 4660 2140 4692 :
2176 4644 2306 4697 Cum
2335 4646 2552 4697 venisset
2591 4649 2659 4695 ad
2701 4645 3178 4709 amphitheatrum,
3203 4646 3385 4697 statim
3426 4644 3496 4696 ad

1913 4731 2031 4766 eum
2057 4719 2270 4768 accessit
2303 4714 2612 4782 Augustalis
2647 4730 2858 4766 nontme
2887 4715 3050 4766 let-tor
3085 4719 3346 4784 ejusdem,
3375 4730 3495 4768 cum

1912 4787 2120 4853 [ictibus
2153 4793 2456 4853 deprecans,
2491 4795 2542 4836 ut
2571 4784 3044 4853 cumexcalciaret.

1985 4855 2094 4923 (79)
2129 4854 2250 4922 Πρὸ
2286 4852 2397 4922 τῆς
2435 4851 2652 4920 πολιᾶς
2685 4852 3353 4922 ἐκεκόσμητολιιιιείυιιε
3386 4871 3490 4909 vox

1912 4939 1978 4978 eo
1999 4927 2217 4993 quidem
2247 4941 2430 4987 sensu,
2485 4940 2582 4993 pro
2627 4941 2692 4977 eo
2721 4928 2864 4991 quod
2915 4927 3006 4978 alii
3045 4930 3288 4980 dicerent
3329 4925 3497 4979 ἐτετί-

1914 5012 2071 5066 μητο.
2103 4996 2172 5047 At
2204 4994 2545 5061 Nicephorus
2574 5009 2697 5048 cum
2733 4997 2846 5048 haec
2882 5011 2986 5048 nou
3028 4997 3374 5066 intelligeret,
3415 4996 3494 5066 lo-

1912 5065 2034 5139 cum
2085 5066 2445 5139 interpolavit
2487 5067 2588 5139 hoc
2625 5067 2782 5139 modo
2813 5080 2826 5116 :
2871 5065 3072 5139 Ἀγαθῇ
3105 5065 3214 5137 γὰρ
3246 5065 3494 5130 πολιτείᾳ

1911 5137 2003 5189 καὶ
2031 5135 2137 5206 πρὸ
2161 5135 2260 5206 τῆς
2288 5135 2478 5199 πολιᾶς
2507 5133 2866 5205 ἐκεκόσμητο.
2898 5139 2951 5188 In
2988 5133 3280 5192 usset'iana
3307 5148 3489 5189 autem

1909 5207 2150 5260 editione
2195 5208 2346 5260 lin-us
2396 5207 2482 5259 hic
2512 5207 2679 5258 aliter
2714 5209 3071 5274 Interpolatus
3114 5217 3198 5262 est
3253 5209 3303 5259 in
3343 5207 3489 5261 hunc

1909 5277 2126 5349 titodum
2159 5293 2180 5349 :7
2214 5276 2312 5349 ’Ev_
2329 5276 2492 5349 παντὶ
2518 5275 2628 5346 γὰρ
2658 5275 2828 5349 καλῷ,
2876 5278 3085 5349 ἀγαθῆς
3116 5278 3303 5331 ἕνεκεν
3336 5276 3485 5329 πολιο

1905 5346 2196 5435 τεὲξςλκξὲ
2223 5346 2451 5435 “satis
2486 5347 2794 5435 reperies
2826 5346 3185 5435 έῖεεκάσμτιτοτ

1978 5419 2090 5486 (80)
2133 5418 2208 5470 Τὰ
2248 5416 2414 5485 πρὸς
2444 5416 2575 5485 τὴν
2610 5416 2808 5485 πυρὰν
2840 5416 3188 5489 ἡρμοσμένα
3235 5416 3478 5489 ὄργανα.

1906 5489 2168 5541 Tunicam
2201 5495 2482 5558 molestam
2519 5489 2784 5558 intelligo,
2825 5492 2944 5556 pice
2976 5487 3044 5542 ac
3073 5491 3335 5543 bitumine
3375 5487 3483 5541 illi-

1907 5570 2038 5627 tam,
2075 5563 2142 5610 de
2174 5574 2278 5626 qua
2306 5557 3179 5627 Juvenalis—ejusquesrholiastvs
3214 5560 3455 5626 loquitur

1909 5626 2035 5682 i.etn
2069 5629 2247 5696 palum
2267 5645 2359 5682 seu
2393 5633 2633 5698 stipitem
2651 5626 2720 5682 ad
2747 5626 2908 5699 quem
2938 5632 3298 5698 alligahautur
3324 5645 3473 5682 cotu-

1902 5699 2126 5753 burendi
2160 5715 2174 5750 :
2208 5699 2440 5767 denique
2476 5700 2659 5753 clavos
2681 5715 2745 5752 ac
2778 5700 2950 5766 funes,
2982 5710 3040 5756 ut
3078 5701 3263 5755 videre
3293 5708 3378 5754 est
3414 5701 3472 5755 iu

1901 5771 2048 5824 Actis
2079 5768 2256 5825 Piouii
2287 5772 2567 5838 martyris,
2600 5772 2699 5826 sub
2723 5771 2909 5825 liuetn.
