4140 6430
637 338 742 394 MS
1349 329 1617 390 EUSEBII
1651 324 2128 386 CESARIENSIS
2169 327 2322 386 OPP.
2359 327 2540 385 PARS
2577 326 2619 383 l.
2655 357 2726 370 -—
2761 324 3156 386 HISTOBICA.
3772 325 3862 384 δα

632 457 736 524 Alq
753 469 818 510 ue
847 453 936 508 hic
959 449 1140 506 exitus
1172 445 1472 503 admirandi
1501 444 1646 500 illius
1689 453 1741 498 et
1782 443 2058 514 apostolici
2104 441 2205 497 Po-

2315 441 2743 514 μαρτυρηκότων
2778 441 3025 514 φέρεται,
3068 441 3305 513 Κάρπου
3345 436 3441 492 καὶ
3473 436 3740 504 Παπύλου,
3783 440 3866 496 καὶ

630 551 743 620 lyca
763 549 842 619 rpi
880 565 892 601 :
927 544 1085 615 cujus
1109 541 1358 599 ordinem
1377 554 1442 594 ac
1464 536 1658 593 seriem
1693 535 1886 591 fratres
1911 535 2205 607 Smyrnen-

2315 533 2573 602 γυναικὸς
2606 533 2982 604 ⁹Αγαθονέκης,
3013 533 3148 604 μετὰ
3169 531 3435 595 πλείστας
3457 531 3550 586 καὶ
3577 531 3868 603 διαπρεπεῖς

628 639 702 695 sis
742 638 1017 700 Ecclesiae,
1051 636 1103 688 in
1133 647 1195 687 ea
1221 646 1382 702 quam
1422 630 1656 685 diximus
1681 627 1905 698 epistola
1935 629 2205 682 memoriae

2315 627 2603 698 ὁμολογίας
2625 627 2887 694 ὲπιδόξως
2910 625 3370 696 τετελειωμένων.

628 744 724 800 pro
739 731 1008 786 diderunt.
1042 725 1148 782 Seu
1179 733 1236 779 et
1258 723 1360 778 alia
1387 721 1646 792 martyria
1678 721 1779 776 sub
1825 720 1964 775 idem
1997 728 2208 791 tempus

626 837 733 892 quo
769 823 1102 892 Polycarpus
1143 832 1333 890 passus
1372 823 1472 880 est,
1527 815 1666 883 apud
1711 813 2005 886 Smyrnam
2056 812 2225 876 facta,
2268 814 2321 868 in
2384 813 2571 868 eadem
2639 810 2866 880 epistola
2899 810 3229 881 coniunctim
3279 808 3561 879 leguntur.
3604 805 3660 860 In
3700 806 3872 876 quibus

625 926 676 968 et
709 915 1052 971 Metrodorus
1085 911 1325 981 quidam,
1355 908 1446 980 qui
1511 905 1804 962 Marcionis
1860 914 2022 960 secta:
2061 905 2351 977 presbyter
2413 906 2717 974 dicebatur,
2765 903 2998 957 flammis
3045 909 3410 971 consumptus
3466 899 3687 954 interiit.
3738 898 3873 954 Celeo

637 1013 909 1068 bcrrimus
935 1024 1154 1081 quoque
1186 1007 1330 1062 inter
1363 1005 1606 1074 reliquos
1663 1001 1778 1072 ejus
1845 1001 2101 1071 temporis
2129 1011 2394 1073 martyres
2435 1000 2534 1055 fuit
2565 999 2810 1054 Pionius.
2876 996 3045 1067 Cujus
3101 996 3350 1066 singulas
3384 993 3784 1056 confessiones,
3809 1009 3865 1050 ac

639 1109 940 1165 libertatem
967 1107 1020 1161 in
1058 1105 1305 1170 dicendo,
1331 1111 1498 1172 utque
1564 1114 1750 1154 coram
1814 1098 2029 1168 populis
2061 1113 2125 1152 ac
2185 1097 2501 1168 praesidibus
2568 1109 2665 1167 pro
2725 1094 2848 1148 fidei
2911 1104 3114 1147 nostra:
3158 1091 3484 1147 defensione
3518 1090 3873 1162 peroraverit,

637 1197 929 1255 conciones
989 1196 1115 1249 item
1175 1193 1241 1248 de
1311 1191 1648 1247 institutione
1717 1186 1866 1254 fidei,
1936 1200 2198 1259 praeterea
2239 1187 2669 1249 cohortationes,
2739 1193 2904 1253 atque
2957 1183 3308 1238 invitationcs
3371 1186 3439 1238 ad
3471 1197 3568 1237 eos
3593 1183 3683 1252 qui
3717 1198 3879 1252 perse-

638 1293 876 1352 cutionis
916 1299 1163 1360 tempore
1223 1287 1358 1356 lapsi
1395 1285 1609 1340 fuerant
1646 1302 1660 1339 :
1730 1283 2088 1338 allocutiones
2114 1283 2276 1336 etiam
2319 1291 2371 1336 et
2394 1279 2795 1335 consolationes
2833 1293 2972 1347 quas
3023 1279 3075 1332 in
3126 1292 3358 1332 carcere
3404 1277 3616 1346 positus
3652 1275 3875 1330 adeunti-

640 1365 740 1446 bus
765 1391 944 1456 ipsum
1006 1385 1268 1441 fratribus
1333 1381 1623 1446 adhibuit;
1669 1396 1790 1451 qua:
1825 1395 1990 1450 super
2029 1379 2116 1434 his
2163 1387 2469 1438 tormenta.
2513 1386 2857 1446 quantosque
2899 1374 3116 1430 dolores
3159 1372 3490 1428 sustinuerit
3549 1387 3566 1426 :
3629 1369 3876 1426 clavorum

638 1478 861 1546 insuper
894 1473 1250 1538 confixiones,
1291 1479 1345 1527 et
1385 1469 1688 1525 mirabilem
1738 1471 1792 1524 in
1849 1469 2032 1524 medio
2073 1482 2204 1535 rogo
2241 1466 2607 1520 constantiam
2675 1485 2687 1519 :
2755 1471 2987 1518 mortem
3031 1462 3264 1530 denique
3313 1461 3491 1532 ipsam
3537 1475 3656 1530 qua:
3700 1470 3872 1514 cuncta

641 1571 730 1628 illa
760 1568 1023 1626 miracula
1062 1567 1348 1622 subsecuta
1409 1575 1514 1633 est,
1541 1564 1589 1621 si
1648 1564 1740 1635 qui
1771 1563 1954 1619 volent
2015 1575 2370 1633 cognoscere,
2411 1574 2506 1616 eos
2543 1559 2609 1614 ad
2655 1557 2936 1628 epistolam
3004 1556 3070 1611 de
3103 1554 3245 1610 illius
3299 1553 3573 1624 martyrio
3631 1553 3874 1607 uberrime

638 1661 1003 1731 conscriptam
1061 1659 1438 1726 amandamus,
1481 1673 1644 1728 quam
1705 1671 1804 1713 nos
1856 1655 1910 1710 in
1970 1670 2134 1726 opere
2187 1657 2251 1710 de
2292 1651 2486 1724 priscis
2539 1649 2866 1723 martyribus
2919 1663 3154 1718 quorum
3222 1646 3515 1718 passiones
3565 1644 3875 1714 collegimus.

645 1755 805 1825 136
827 1752 1019 1824 ordine
1081 1765 1180 1806 suo
1215 1750 1562 1806 inseruimus.
1618 1749 1864 1804 Aliorum
1899 1759 2162 1820 praeterea
2193 1747 2284 1816 qui
2325 1746 2378 1800 in
2416 1745 2549 1799 urbe
2581 1743 2723 1798 Asiae
2752 1743 3020 1813 Pergamo
3064 1739 3164 1796 sub
3207 1739 3262 1794 id
3315 1749 3530 1808 tempus
3582 1739 3877 1809 martyrium

639 1848 782 1918 passi
821 1854 966 1909 sunt,
996 1843 1129 1898 Acta
1166 1843 1463 1901 etiamnum
1515 1840 1996 1906 circumferuntur,
2043 1839 2206 1908 Carpi
2244 1839 2514 1901 videlicet,
2585 1833 2809 1903 Papuli,
2873 1843 2930 1888 et
2971 1832 3218 1888 mulieris
3267 1829 3559 1900 Cujusdam
3605 1830 3874 1901 Agathoni-

638 1955 715 1996 εει
746 1957 761 1992 ι
792 1939 885 2009 qui
929 1949 1050 2008 post
1086 1937 1285 1993 multas
1318 1945 1480 2005 atque
1537 1934 1778 1991 illustres
1817 1933 1946 1989 ﬁdei
2005 1941 2204 1988 nostrae
2240 1932 2613 1987 confessiones
2653 1928 2889 2000 glorioso
2923 1929 3073 1981 exitu
3107 1927 3480 1984 consummati
3509 1933 3654 1980 sunt.

1207 2114 1436 2173 CAPUT
1486 2114 1628 2172 XVI.

639 2235 914 2305 Quomodo
972 2232 1217 2305 Justinus
1268 2228 1963 2305 pltilosopltus_religioneu_t
2013 2226 2212 2283 Christi

845 2305 1020 2359 Romae
1061 2303 1358 2372 prazdicans
1414 2300 1728 2371 martyrium
1781 2300 1994 2354 meruit.

705 2487 899 2542 Iisdem
929 2483 1265 2554 temporibus
1287 2491 1342 2536 et
1363 2481 1635 2545 Justinus,
1677 2479 1836 2550 cujus
1862 2496 2027 2550 supra
2059 2495 2213 2533 men-

635 2581 832 2636 tionem
853 2578 1100 2643 fecimus,
1125 2592 1248 2632 cum
1273 2579 1504 2632 alterum
1523 2575 1719 2632 librum
1740 2589 1840 2646 pro
1863 2574 1987 2629 fidei
2013 2583 2213 2629 nostra:

633 2671 951 2728 defensione
985 2667 1407 2740 imperatoribus
1429 2667 1682 2737 superius
1717 2664 2036 2720 memoratis
2053 2665 2212 2718 obtuo

633 2764 812 2827 lisset,
848 2777 1004 2818 sacro
1037 2761 1300 2832 martyrio
1329 2767 1624 2816 exornatus
1651 2766 1735 2813 est
1766 2757 1960 2812 fraude
1997 2772 2061 2812 ac
2098 2770 2212 2810 ma-

634 2853 1038 2910 chinationibus
1077 2851 1386 2908 Crescentis
1430 2849 1781 2920 philosophi,
1837 2848 1930 2918 qui
1986 2847 2211 2902 vivendi

635 2949 899 3002 rationem
941 2959 1166 3015 prorsus
1218 2942 1632 2999 convenientem
1673 2956 1736 2996 ac
1789 2940 2208 3012 respondentem

632 3037 851 3109 Cynicae
910 3035 1253 3106 appellationi
1306 3033 1685 3090 aemulabatur.
1726 3028 1896 3100 Qttetn
1940 3048 2063 3088 cum
2117 3029 2213 3090 ille

633 3131 920 3201 disputans
944 3129 1297 3184 audientibus
1323 3127 1572 3199 plurimis
1597 3126 1950 3191 convicisset,
1990 3125 2210 3180 tandem

635 3222 886 3277 veritatis
919 3222 1063 3276 illius
1089 3235 1253 3291 quam
1285 3221 1698 3292 przedicaverat,
1735 3219 2022 3290 przetniunt
2065 3232 2211 3270 mar-

633 3312 773 3383 tyrio
821 3320 1146 3368 consecutus
1203 3321 1304 3367 est.
1368 3311 1522 3366 llunc
1571 3320 1755 3364 autem
1811 3311 2019 3364 exitum
2062 3310 2208 3374 vitm,

631 3402 770 3456 idem
813 3403 901 3457 ille
946 3417 1092 3456 verm
1127 3403 1410 3473 sapientia:
1453 3402 1886 3460 studiosissimus
1941 3411 2206 3467 sectator,

2828 2090 3224 2143 ΚΕΦΑΛΑΙΟΝ
3253 2090 3375 2157 ις’.

2318 2204 2509 2276 Ὅπως
2538 2205 2866 2276 ΑἸουστῖνος
2913 2209 2946 2259 ὁ
2999 2207 3334 2275 φιλόσοφος
3365 2205 3479 2259 τὸν
3525 2206 3773 2276 Χριστοῦ
3797 2206 3881 2261 ,Μ-

2313 2292 2424 2346 γον
2453 2274 2552 2328 ἐπὶ
2576 2275 2686 2344 τῆς
2735 2274 3032 2348 Ῥωμαίων
3073 2280 3306 2344 πόλεως
3346 2274 3697 2344 πρεσϐεύων
3724 2278 3879 2348 ἐμαρ-

2669 2346 3094 2417 τύρησεν(Νίε.
3132 2348 3204 2404 ΙΙ.
3232 2348 3299 2402 Ε.
3383 2363 3471 2415 ttt,
3503 2348 3616 2419 52).

2385 2481 2543 2536 Κατὰ
2569 2480 2790 2546 τούτους
2818 2481 2873 2534 δὲ
2903 2481 2996 2534 καὶ
3021 2481 3048 2533 ὁ
3081 2479 3261 2554 μικρῷ
3298 2480 3541 2552 πρόσθεν
3572 2481 3699 2552 ἡμῖν
3729 2480 3878 2551 δηλω·

2314 2573 2427 2637 θεὶς
2465 2575 2768 2637 Ἰουστῖνος,
2801 2572 3052 2642 δεύτερον
3077 2573 3218 2644 ὑπὲρ
3245 2571 3351 2625 τῶν
3383 2571 3510 2626 καθ’
3541 2573 3686 2642 ἡμᾶς
3706 2571 3879 2640 δογμὰο

2312 2683 2419 2719 των
2453 2664 2654 2735 βιϐλίον
2677 2665 2904 2728 ἀναδοὺς
2935 2665 3042 2734 (90)
3080 2667 3191 2728 τοῖς
3223 2663 3621 2736 δεδηλωμένοις
3653 2664 3875 2734 ἄρχουσι,

2314 2758 2444 2830 θείῳ
2474 2759 2905 2828 κατακοσμεῖται
2941 2756 3223 2829 μαρτυρίῳ
3244 2799 3257 2823 ,
3302 2757 3599 2827 φιλοσόφου
3632 2758 3674 2808 Κ
3685 2755 3878 2826 ρίσκεν-

2311 2868 2404 2914 τος
2458 2851 2570 2922 (τὸν
2615 2849 2935 2922 φερώνυμον
2965 2850 3020 2903 δὲ
3041 2845 3194 2913 οὗτος
3221 2852 3286 2920 τῇ
3314 2851 3531 2921 Κυνικῇ
3566 2847 3876 2921 προσηγορίᾳ

2313 2940 2428 3012 βίον
2457 2957 2515 2993 τε
2533 2941 2836 3014 καὶτρὸπον
2864 2939 3089 3013 ἐζήλου)
3121 2940 3216 3012 τὴν
3250 2940 3548 3013 ἐπιϐουλὴν
3590 2941 3731 3012 αύτῴ
3761 2955 3878 2993 κατ-

2311 3031 2668 3106 αρτύσαντος,
2699 3033 2930 3105 ἐπείπερ
2964 3033 3249 3096 πλεονάκις
3301 3035 3358 3086 ὲν
3398 3033 3666 3102 διαλόγοις
3702 3031 3879 3102 ἀκροκ-

2311 3125 2418 3180 τῶν
2444 3125 2726 3198 παρόντων
2757 3127 2866 3198 (9|)
2895 3125 3119 3189 εὐθύνας
3153 3125 3312 3179 αὑτὸν
3336 3166 3349 3190 ,
3378 3125 3452 3179 τὰ
3493 3126 3775 3196 νικητήρια
3804 3139 3880 3175 τε·

2310 3220 2515 3274 λευτῶν
2543 3221 2683 3294 ὑπὲρ
2720 3217 2788 3294 ἧς
2817 3220 3146 3291 ἐπρέσϐευεν
3173 3220 3430 3292 ἀληθείας
3452 3261 3467 3285 ,
3497 3220 3588 3274 διὰ
3631 3218 3722 3272 τοῦ
3751 3235 3875 3289 μαρ-

2309 3313 2494 3385 τυρίου
2519 3312 2610 3366 τοῦ
2640 3315 2757 3366 κατ’
2793 3313 2952 3366 αὑτὸν
2983 3314 3297 3384 ἀνεδήσατο.
3343 3313 3516 3367 Τοῦτο
3560 3313 3616 3365 δὲ
3664 3311 3754 3365 καὶ
3794 3310 3878 3362 α)-

2310 3403 2400 3468 τδς
2425 3407 2584 3470 ὁταῐς
2601 3405 2889 3476 ἀληθείαις
2917 3405 3371 3476 φιλοσοφώτατος,
3405 3407 3464 3459 ἐν
3494 3409 3559 3476 τῇ
3591 3400 3875 3474 δεδηλωμέ-

630 3495 687 3550 in
731 3497 1046 3563 supradicto
1094 3498 1427 3568 Apologctico
1483 3506 1668 3566 aperte
1717 3506 1880 3568 prout
1939 3504 2058 3550 erat
2105 3496 2205 3566 ipsi

2313 3514 2378 3569 νῃ
2423 3498 2743 3568 Ἀπολογίᾳ
2769 3499 2954 3568 σαφῶς
2979 3499 3148 3562 οὕτως
3167 3537 3182 3562 ,
3212 3498 3401 3570 ὥσπερ
3431 3495 3524 3552 οὖν
3553 3497 3646 3550 καὶ
3677 3493 3876 3566 ἔμελλεν

631 3602 800 3656 prope
840 3588 982 3643 diem
1020 3601 1337 3652 eventurus,
1375 3589 1620 3657 praedicit
1664 3589 1750 3644 his
1778 3588 1962 3645 verbis
1993 3606 2006 3642 :
2049 3605 2069 3639 ι
2095 3587 2209 3658 Ego

630 3678 794 3734 etiam
835 3690 1095 3748 exspecto
1121 3690 1182 3735 ut
1209 3681 1275 3736 ab
1314 3681 1498 3750 aliquo
1540 3697 1731 3738 eorum
1769 3684 1859 3752 qui
1897 3679 2208 3752 philosophi

631 3774 991 3843 appellantur,
1026 3774 1240 3830 insidiis
1270 3784 1512 3846 appetar,
1567 3783 1622 3829 et
1668 3775 1720 3828 in
1772 3789 2001 3830 nervum
2047 3789 2205 3828 cont-

630 3984 818 4050 tyrum
847 3976 1092 4050 Carpiet
1119 3977 1327 4046 Papuli,
1364 3977 1417 4050 in
1457 3979 1644 4032 eadem
1670 3977 1759 4032 illa
1797 3975 2202 4050 Smyrnmorum

628 4048 854 4116 epistola
886 4048 1316 4103 continerentur.
1355 4048 1508 4112 Quod
1537 4057 1715 4101 tamen
1751 4048 1937 4102 verum
1967 4063 2072 4101 non
2110 4065 2211 4116 pu-

631 4129 704 4172 to.
735 4117 918 4190 Neque
957 4119 1102 4190 enim
1143 4120 1437 4173 verisimile
1460 4127 1572 4190 est,
1603 4117 1912 4190 Smyrntcos
1953 4125 2208 4190 martyria

629 4203 750 4258 qua:
796 4187 1041 4258 l’ergami
1065 4197 1216 4258 gesta
1254 4197 1430 4250 erant,
1458 4188 1509 4240 itt
1547 4187 1772 4255 epistula
1810 4204 1905 4242 sua
1938 4187 2206 4244 retuliEtse.

630 4257 968 4311 Prubabilius
987 4257 1090 4320 est,
1110 4260 1238 4310 Acta
1270 4260 1384 4311 haec
1415 4267 1713 4328 martyrum
1754 4258 2208 4328 Pergamenorum

627 4343 657 4380 a
688 4328 984 4396 Smyrnaeis
1036 4330 1116 4382 vel
1153 4343 1182 4380 a
1234 4327 1750 4397 quibusdantialiis,
1785 4327 2208 4397 ob’argumenti

627 4397 1052 4469 similitudinem
1071 4406 1258 4466 postea
1292 4396 1543 4469 adiuncta
1562 4396 1732 4451 fuisse
1760 4396 2003 4469 epistolae
2017 4397 2208 4469 Smyr-

629 4483 890 4533 naaorum,
937 4477 992 4522 et
1040 4466 1094 4520 in
1128 4483 1294 4520 unum
1335 4467 1488 4535 quasi
1533 4482 1729 4536 corpus
1759 4466 1996 4521 redacta.
2032 4466 2206 4536 Atque

629 4539 699 4592 ita
744 4539 886 4591 hunc
927 4537 1100 4590 locum
1148 4539 1358 4604 cepisse
1395 4538 1608 4591 videtur
1656 4537 2014 4605 Nicephorus.
2062 4539 2204 4594 Duas

627 4622 793 4678 porro
822 4606 1078 4679 epistolas
1107 4609 1514 4679 Smyrnzcorum
1553 4606 1717 4662 fuisse
1752 4609 2037 4662 existimo:
2069 4608 2202 4664 alte-

2290 3590 2438 3643 ,ὅσον
2464 3589 2613 3644 ούπω
2647 3591 2774 3663 περ).
2800 3590 2961 3644 αὑτὸν
3003 3588 3376 3662 συμϐήσεσθαι
3398 3630 3412 3654 ,
3441 3587 3728 3663 προλαῦὼν
3758 3587 3876 3638 ἀπο-

2318 3680 2568 3754 σημαίνει
2594 3681 2804 3747 τούτοις
2843 3684 3026 3746 αύτοῖς
3070 3684 3182 3746 τοῖς
3232 3683 3476 3754 ῥήμασι·
3534 3701 3552 3734 t
3595 3678 3758 3748 Κάγὼ
3794 3671 3875 3730 οὖν

2316 3775 2598 3848 προσδοκῶ
2624 3777 2729 3830 ὑπό
2759 3794 2903 3842 τινος
2929 3775 3037 3830 τῶν
3069 3775 3472 3847 ὠνομασμένων
3508 3771 3873 3842 ἐπιϐουλευθῆσ

2311 3977 2887 4050 Animadversipnibus
2918 3977 3258 4050 Eusebianis,
3297 3993 3420 4050 pag.
3463 3978 3593 4042 20!,
3634 3977 3707 4032 ait
3743 3975 3874 4050 hunc

2313 4051 2614 4103 secundum
2673 4047 2871 4118 Justini
2931 4045 3567 4118 Apologeticmufcnjus
3617 4051 3716 4103 hoc
3765 4045 3870 4118 loco

2315 4120 2642 4172 mentionem
2676 4117 2805 4172 facit
2845 4114 3128 4182 Eusebius,
3179 4121 3338 4173 hodie
3383 4114 3492 4173 non
3535 4130 3768 4178 exstare,
3797 4114 3871 4166 id-

2313 4203 2416 4257 qtte
2443 4189 2618 4258 palam
2643 4204 2765 4243 esse
2801 4189 3051 4244 afﬁrmat.
3099 4190 3158 4243 In
3200 4205 3306 4259 quo
3341 4202 3517 4243 tamen
3562 4191 3714 4259 longe
3734 4184 3867 4259 faili-

2314 4257 2696 4329 tur.’Etenim
2751 4260 3038 4322 Eusebius,
3093 4257 3371 4329 postquam
3427 4262 3564 4315 dixit
3611 4257 3865 4314 Justinum

2310 4328 2687 4398 philosophum
2736 4330 3026 4385 secundam
3066 4328 3163 4398 pro
3207 4332 3535 4386 Christianis
3563 4328 3860 4397 Apologia»)

2309 4398 2380 4453 Μ.
2427 4397 2646 4453 Aurelio
2688 4401 2966 4455 Antonino
3009 4397 3288 4463 obtulisse,
3342 4401 3526 4455 statim
3572 4417 3637 4456 ex
3689 4397 3863 4451 eadem

2307 4471 2559 4541 oratione,
2589 4469 2856 4541 insignem
2909 4471 3088 4541 locum
3134 4469 3311 4535 affert,
3361 4487 3469 4540 quo
3497 4466 3864 4541 Justinusad-

2307 4554 2495 4595 versus
2523 4539 2868 4595 Crescentem
2888 4540 3150 4612 Cynicum
3181 4539 3556 4612 philosophum
3589 4539 3862 4612 invehitur.

2309 4612 2409 4675 Qui
2443 4611 2658 4682 quidem
2709 4612 2860 4667 locus
2909 4609 3069 4666 hodie
3098 4609 3275 4666 exstat
3325 4609 3858 4682 in'Apologiaprima

628 4675 742 4753 ram
781 4675 900 4747 qua:
928 4679 994 4732 de
1027 4675 1332 4748 Polycar-pi,
1365 4678 1588 4753 alteram
1619 4693 1739 4747 quae
1761 4679 1824 4753 de
1857 4679 2204 4753 Pioniimar-
2238 4675 2280 4730 Ι)
2309 4675 2547 4753 ejusdem
2569 4679 2786 4747 Justini,
2813 4699 2932 4753 pag.
2950 4682 3022 4736 46
3045 4682 3296 4753 editionis
3321 4675 3643 4738 Parisiensis
3672 4675 3865 4735 διωθο-

627 4750 769 4821 tyrio
809 4764 1054 4821 seorsum
1103 4749 1658 4821 commemoraverit:
1696 4749 1913 4821 _qui_bus
1964 4749 2205 4821 subjecta

625 4818 784 4874 erant
812 4819 942 4873 Acta
969 4821 1236 4889 passionis
1269 4821 1432 4888 Carpi
1459 4828 1514 4873 et
1545 4818 1752 4889 Papttli.
1787 4818 1950 4874 Certe
1987 4819 2206 4874 Pionius

628 4892 866 4959 itemque
896 4891 1105 4958 Carpus
1135 4901 1189 4945 et
1224 4892 1476 4960 Papulus,
1517 4891 1676 4944 Det-io
1703 4891 2023 4958 imperante,
2059 4907 2205 4943 tuar-

629 4963 829 5032 tyriutn
863 4963 1007 5030 passi
1037 4969 1275 5032 suntaut
1302 4977 1492 5032 eorum
1525 4960 1656 5032 Acta
1695 4962 1960 5030 hodieque
1997 4971 2200 5016 testan-

628 5028 738 5087 tur.
765 5028 944 5098 Quare
965 5033 1146 5099 passio
1170 5031 1384 5085 illorum
1413 5031 1602 5084 referri
1627 5028 1738 5087 non
1773 5028 1945 5101 potuit
1975 5033 2026 5086 in
2053 5033 2199 5087 dicta

626 5105 1030 5173 Smyrntcorum
1063 5102 1312 5173 epistola,
1344 5115 1464 5168 qua:
1511 5102 1580 5156 de
1611 5101 1890 5172 Polycarpi
1939 5102 2199 5173 martyrio

624 5173 801 5227 adhuc
825 5172 1031 5226 recenti
1077 5172 1277 5240 scripta
1313 5183 1399 5226 est
1433 5175 1498 5226 ad
1543 5174 1839 5227 Ecclesiam
1889 5172 2195 5227 Philomelii

627 5243 958 5314 temporibus
986 5241 1152 5314 Marci
1181 5243 1467 5314 Antonini.
1500 5241 1964 5314 VidenBarouium
1995 5243 2068 5314 ad?
2094 5258 2198 5296 an-

627 5312 754 5367 nuui
795 5312 999 5368 Christi
1058 5312 1182 5374 169,
1227 5328 1348 5383 cap.
1393 5313 1484 5377 2'2,
1533 5323 1585 5367 et
1637 5313 1910 5369 Usserium
1946 5315 1998 5367 itt
2059 5313 2197 5368 libro

627 5385 702 5438 De
729 5401 866 5437 anno
899 5383 1062 5438 solari
1089 5383 1436 5436 Macedonum
1459 5393 1510 5437 et
1545 5383 1885 5452 Asianorum,
1915 5398 2032 5452 cap.
2066 5385 2118 5438 5.

695 5455 808 5526 (90)
847 5455 1132 5526 Δεύτερον
1169 5453 1322 5526 ὑπὲρ
1367 5451 1486 5526 τῶν
1515 5455 1644 5526 καθ’
1685 5451 1842 5522 ἡμᾶς
1889 5451 2198 5526 δογμάτων

617 5523 865 5592 ,βιϐλίον
887 5525 1168 5591 ἀναδούς.
1191 5525 1456 5578 Eusebius
1481 5525 1617 5578 inl'ra
1635 5539 1753 5593 cap.
1773 5528 1832 5578 Π
1871 5523 2200 5582 mentionem

624 5609 819 5652 iterum
868 5599 994 5652 facit
1048 5597 1206 5664 hujus
1245 5597 1467 5649 secundi
1514 5595 1860 5663 Apologetici,
1901 5611 2059 5664 quem
2105 5595 2198 5650 Ju-

623 5671 801 5723 stinus
850 5669 978 5737 itnp.
1024 5667 1096 5722 Μ.
1145 5665 1368 5737 Aurelio
1410 5666 2196 5737 Antoninoproﬁhrisliattis

619 5734 1192 5808 dicaveratftljusdem
1225 5736 1345 5790 libri
1373 5736 1620 5808 meminit
1643 5736 1804 5808 etiam
1835 5734 2197 5808 Hieronymus

623 5809 863 5877 inopere
914 5805 992 5866 ua
1030 5808 1370 5878 scriptoribus
1417 5805 1803 5862 ecclesiasticis.
1842 5805 2085 5875 Scaliger
2139 5810 2193 5863 itt

2309 4751 2533 4806 Latinas.
2566 4753 2762 4806 Verum
2800 4751 2851 4805 in
2891 4751 3122 4820 vulgatis
3149 4752 3348 4806 Justiui
3374 4753 3864 4820 editionibus,ora-

2311 4824 2486 4878 tiones
2511 4823 2654 4892 illius
2687 4819 3030 4892 apologeticie
3072 4833 3398 4892 praepostero
3423 4826 3621 4878 ordine
3643 4819 3860 4877 colloca-

2310 4901 2374 4967 ta:
2391 4904 2536 4967 sunt.
2563 4891 2694 4947 Nam
2722 4909 2839 4963 qua:
2854 4891 3094 4967 secunda
3115 4897 3329 4967 ponitur
3361 4895 3414 4967 in
3455 4894 3668 4967 esensis
3690 4901 3858 4967 excut-

2307 4965 2573 5032 plaribus,
2604 4979 2667 5017 ea
2717 4962 2899 5034 priore
2937 4962 3056 5017 loco
3086 4964 3209 5032 poni
3246 4963 3451 5018 debuit.
3482 4963 3612 5029 Qua:
3658 4974 3778 5034 vero
3807 4962 3857 5009 in

2303 5034 2631 5088 editionibus
2665 5032 2836 5104 prima
2869 5043 3200 5094 recensetur.
3229 5045 3283 5088 et
3319 5035 3386 5087 ad
3409 5045 3649 5087 senatum
3678 5032 3857 5104 Βοιιιιι·

2306 5120 2432 5157 nunt
2459 5101 2716 5172 inscripta
2731 5115 2834 5172 est,
2853 5119 2912 5157 ea
2945 5105 3242 5174 posteriore
3270 5104 3388 5159 loco
3405 5104 3656 5160 collocari
3688 5101 3850 5160 debet.

2307 5183 2363 5228 ut
2394 5175 2634 5242 pluribus
2663 5174 2801 5230 infra
2834 5175 3026 5230 dicturi
3062 5190 3272 5229 sumus.

2376 5237 2485 5318 (9i)
2523 5243 2851 5318 Ἀκροατῷν
2885 5245 3233 5318 παρόντων.
3267 5245 3351 5318 illa
3393 5244 3604 5318 quidem
3645 5237 3851 5318 Regius.

2306 5314 2413 5387 Sed
2441 5314 2672 5385 quatuor
2705 5317 2916 5386 reliqui,
2958 5318 3160 5371 Mazar.
3201 5314 3503 5371 scilicet—ac
3538 5315 3695 5375 Med.,
3739 5319 3852 5387 ett-tn

2304 5386 2440 5440 Fuk.
2466 5397 2521 5440 et
2568 5388 2862 5453 Saviliano,
2914 5388 3172 5454 scriptum
3226 5389 3445 5450 habent,
3473 5387 3557 5439 ἐπ’
3586 5386 3854 5454 ἁκροατωδ

2303 5457 2530 5522 εὐθύνας
2567 5459 2750 5523 αὐτόν,
2780 5459 2921 5526 quod
2965 5458 3178 5525 quidem
3231 5458 3359 5512 mihi
3392 5460 3602 5510 videtur
3647 5458 3852 5526 (ιιι-ξαππς

2301 5531 2424 5586 tius.
2465 5530 2634 5584 Porro
2667 5531 2782 5583 haec
2799 5523 3063 5597 periodus
3090 5541 3212 5580 cum
3245 5530 3295 5582 in
3329 5527 3517 5583 Graeco
3549 5525 3760 5581 confusa
3788 5523 3852 5571 sit

2298 5613 2359 5652 ac
2393 5601 2726 5669 perturbata,
2756 5601 2806 5653 itt
2831 5602 2968 5669 duas
2991 5612 3020 5650 a
3053 5597 3206 5652 nobis
3233 5599 3404 5652 divisa
3436 5608 3540 5664 est,
3582 5608 3640 5651 ut
3675 5600 3851 5669 scusth

2296 5667 2534 5792 ppe'rtior
2568 5671 2902 5727 redderetur.
2948 5668 3114 5738 quue
3145 5678 3310 5726 etiam
3343 5677 3469 5724 ante
3495 5683 3594 5726 uos
3621 5667 3853 5737 praesum

2349 5759 2375 5792 tl
2402 5755 2545 5792 mus.

2319 5743 2545 5799 tuﬁnus.
