4140 6430
558 331 664 385 375

1282 330 1552 390 EUSEBll
1589 326 2064 389 CASSARIENSIS
2100 324 2253 388 OPP.
2291 330 2473 387 PARS
2508 330 2550 386 l.
2588 330 2668 374 --’
2696 326 3082 388 HISTOBICA.

3693 333 3809 387 376

554 450 659 506 uiis
695 449 915 505 asserit.
966 448 1066 507 Est
1112 458 1168 505 et
1212 449 1351 509 alius
1407 454 1552 512 liber
1606 457 1692 511 cui
1743 456 1957 512 titulum
2000 456 2121 512 fecit

2236 454 2295 508 ὲν
2335 446 2380 521 ᾧ
2452 453 2741 526 διαφόρους
2781 453 3001 517 πεύσεις
3039 451 3322 524 προτείνας
3364 451 3617 522 περὶτοῦ
3658 451 3808 506 κατὰ

553 539 791 596 Ρεαίιεε.
826 542 979 597 Alius
1034 545 1161 599 item
1213 556 1596 616 excerptorum
1626 548 1764 603 liber
1812 548 1889 602 De
1926 550 2124 613 anima,

559 634 613 687 in
643 648 751 702 quo
799 636 1093 704 propositis
1138 638 1307 691 variis
1361 638 1882 709 interrogationibus
1917 654 2035 709 quae
2060 640 2127 694 ad

554 738 935 796 argumentum
969 730 1098 785 illud
1147 734 1443 801 pertinent,
1477 733 1756 802 gentilium
1790 732 2131 803 philosopho—

552 834 673 873 rum
725 817 884 873 aﬂ‘ert
936 823 1239 877 sententias
1268 840 1282 876 :
1311 825 1506 893 quibus
1550 825 1711 879 etiam
1763 839 1822 881 se
1851 826 2126 881 contradi-

552 920 791 977 cturum,
823 928 1083 984 suamque
1138 915 1203 968 de
1249 915 1335 969 his
1368 916 1694 970 sententiam
1724 916 1777 971 in
1825 917 1933 972 alio
1965 933 2127 987 opere

554 1006 891 1073 prolaturum
916 1020 1038 1062 esse
1063 1008 1361 1076 pollicetur.
1387 1008 1706 1079 Composuit
1747 1012 1911 1065 etiam
1942 1008 2127 1063 Dialo-

552 1113 676 1166 gum
705 1099 953 1153 ατηενιανς
979 1097 1218 1165 Judwos,
1253 1116 1410 1170 quem
1465 1103 1602 1171 apud
1639 1102 1907 1172 Ephesum
1940 1104 2128 1159 habuit

554 1205 679 1243 cum
707 1189 1024 1260 Tryphoue,
1070 1192 1309 1247 omnium
1370 1202 1497 1247 tunc
1535 1196 1797 1263 temporis
1818 1193 2124 1249 Judreorum

553 1279 930 1338 celeberrimo.
981 1283 1099 1350 Quo
1146 1287 1199 1339 in
1227 1285 1367 1341 libro
1394 1287 1623 1356 ingenue
1652 1296 1901 1353 testatur,
1936 1301 2125 1357 quem-

554 1372 841 1428 admodum
876 1391 973 1444 per
1005 1377 1241 1431 divinam
1264 1379 1493 1448 gratiam
1521 1378 1588 1432 ad
1635 1393 1778 1432 verm
1851 1376 1977 1433 ﬁdei
2026 1380 2124 1433 do-

550 1464 784 1520 etrinam
810 1466 1071 1537 impulsus
1102 1469 1209 1531 sit;
1239 1479 1293 1524 et
1312 1486 1471 1541 quam
1499 1481 1753 1527 contento
1774 1472 1923 1543 prius
1949 1472 2126 1527 studio

553 1555 607 1610 in
639 1557 1035 1629 philosophiam
1083 1561 1434 1629 incubuisset,
1493 1574 1802 1633 quantoque
1839 1565 2004 1618 animi
2029 1580 2124 1618 ar.-

553 1649 687 1703 dore
714 1648 767 1703 in
795 1651 1023 1705 veritate
1059 1654 1479 1722 pervestiganda
1535 1654 1909 1709 laboravisset.
1940 1655 2126 1711 Refert

554 1739 717 1792 etiam
768 1737 981 1795 Judazos
1035 1742 1296 1797 adversus
1349 1743 1552 1798 Christi
1607 1744 1913 1799 doctrinam
1954 1745 2120 1801 multa

552 1829 813 1885 insidiose
872 1845 937 1885 ac
991 1832 1368 1888 fraudulenter
1415 1834 1757 1892 machinatus
1794 1835 1983 1903 fuisse,
2018 1839 2121 1892 hu-

548 1920 787 1989 jusmodi
851 1926 919 1980 ad
970 1927 1317 1998 Tryphonem
1375 1930 1559 1986 verbis
1602 1941 1758 1987 utens
1796 1950 1810 1986 :
1842 1951 1860 1984 ι
1889 1932 2121 1989 Tantum

552 2013 734 2077 abest,
788 2015 983 2085 inquit,
1021 2028 1196 2074 utvos
1224 2035 1410 2076 eorum
1463 2036 1582 2090 qua:
1623 2023 1787 2094 impie
1832 2026 2123 2094 gesseratis

550 2108 888 2177 pmnituerit.
917 2109 1053 2177 Quin
1086 2113 1195 2167 imo
1226 2113 1489 2183 quosdam
1524 2115 1590 2169 ad
1616 2114 1852 2170 idlectos
1878 2116 2123 2173 homines

550 2198 606 2253 in
650 2214 839 2257 omnes
891 2202 1040 2258 orbis
1088 2212 1266 2273 partes
1318 2205 1595 2271 emisistis,
1635 2208 1727 2277 qui
1772 2208 2124 2266 dicerentse-

508 2274 693 2346 "ctam
718 2292 1004 2362 impiorum
1032 2293 1459 2352 Christianorum
1501 2308 1743 2356 exortam
1780 2316 1922 2368 esse,
1951 2316 2122 2371 eaque

551 2383 807 2441 adversus
859 2401 957 2440 nos
988 2388 1188 2455 probra
1215 2389 1573 2460 divulgarent,
1636 2407 1757 2463 quae
1788 2393 2003 2449 eﬂ‘ulire
2029 2410 2121 2449 so-

548 2475 665 2531 lent
686 2476 722 2530 ii
753 2477 842 2547 qui
871 2492 959 2533 res
985 2486 1200 2534 nostras
1234 2482 1453 2550 penitus
1479 2483 1751 2551 ignorant.
1806 2485 1957 2539 Adeo
2010 2500 2118 2539 non

548 2566 724 2621 solum
756 2568 907 2622 vobis
932 2568 1082 2637 ipsis,
1106 2570 1201 2625 sed
1234 2572 1468 2635 cunctis,
1498 2582 1557 2627 ut
1583 2573 1655 2628 ita
1702 2574 1902 2641 dicam,
1938 2576 2117 2632 homi-

550 2657 709 2714 nibus
737 2660 943 2714 erroris
991 2671 1152 2730 atque
1181 2661 1459 2731 injustitia:
1492 2680 1717 2720 causam
1776 2670 2053 2735 praebetis.
2093 2689 2111 2722 ι

549 2750 660 2805 Sed
684 2762 739 2808 et
772 2752 825 2806 in
852 2752 1042 2806 eodem
1078 2753 1237 2821 libro,
1262 2758 1557 2827 prophetiae
1607 2763 1747 2814 dona
1780 2760 1957 2815 adhuc
2015 2776 2115 2817 sua

547 2855 712 2902 etate
743 2848 795 2902 in
838 2845 1082 2902 Ecclesia
1124 2852 1357 2917 viguisse
1400 2850 1608 2906 seribit.
1649 2850 1874 2909 Joannis
1896 2869 2117 2925 quoque

546 2938 953 2999 Revelationem
1019 2955 1451 3011 commemorat,
1506 2960 1667 3014 quam
1739 2946 1807 3001 ab
1873 2948 2114 3018 apostolo

547 3034 915 3106 conscriptam
944 3051 1064 3092 esse
1104 3037 1307 3093 diserte
1356 3037 1506 3093 dicit.
1536 3038 1949 3105 Quaedamdtem
1983 3056 2111 3111 pro-

2232 547 2333 618 τὴν
2361 546 2616 600 ὑπόθεσιν
2641 546 2845 619 προϐλή
2855 564 3020 618 ματος
3040 587 3055 609 ,
3096 546 3206 599 τῶν
3235 546 3363 617 παρ’
3405 546 3630 617 Ἕλλησι.
3660 545 3807 613 φιλο-

2234 640 2417 708 σόφων
2450 638 2804 710 παρατίθεται
2854 639 2954 703 τὰς
3001 637 3188 706 δόξας,
3240 632 3328 701 αἶς
3368 639 3460 691 καὶ
3508 638 3805 703 ἀντιλέξειν

2234 732 2594 802 ὑπισχνεῖται,
2617 734 2715 802 τήν
2736 748 2796 785 τε
2813 732 2973 796 αὐτὸς
2999 730 3163 784 αὑτοῦ
3182 730 3336 796 δόξαν
3365 732 3420 783 ἐν
3442 730 3610 803 ἑτέρῳ
3630 746 3807 800 παρα-

2230 823 2493 894 ϐήσεσθαι
2514 824 2922 895 συγγράμματι.
2951 823 3060 875 Kai.
3080 821 3365 891 Διάλογον
3392 822 3447 899 δὲ
3480 822 3627 889 πρὸς
3659 821 3805 876 Ἰου-

2232 914 2441 982 δαίους
2474 916 2780 982 συνέταξεν,
2801 915 2859 967 ὃν
2883 916 2974 968 ἐπὶ
2992 916 3090 985 τῆς
3129 916 3390 984 Ἐφεσίων
3420 915 3624 977 πόλεως
3660 914 3805 985 πρὸς

2237 1008 2505 1080 Τρύφωνα
2532 1008 2639 1061 τῶν
2679 1008 2800 1061 τότε
2838 1007 3102 1079 Ἐϐραίων
3143 1007 3534 1078 ἐπισημότατον
3571 1007 3805 1077 πεποίηα

2227 1119 2316 1154 ται
2341 1119 2354 1132 ’
2386 1103 2442 1154 ἐν
2551 1102 2675 1155 τίνα
2704 1101 2964 1171 τρόπονή
3006 1100 3123 1153 θεία
3168 1101 3326 1171 χάρις
3370 1100 3529 1153 αὐτὸν
3571 1100 3663 1152 ἐπὶ
3703 1100 3803 1152 τὸν

2229 1195 2327 1262 τῆς
2387 1194 2623 1257 πίστεως
2678 1194 3016 1266 παρώρμησε
3070 1192 3226 1261 λόγον
3269 1191 3455 1262 δηλοῖ,
3497 1192 3685 1244 ὁποίαν
3733 1207 3803 1244 τε

2228 1287 2491 1359 πρότερον
2518 1287 2645 1359 περὶ
2685 1286 2754 1340 τά
2782 1286 3044 1356 φιλόσοφα
3104 1286 3398 1357 μαθήματα
3429 1285 3659 1356 σπουδὴν
3686 1286 3806 1337 elc-

2230 1378 2535 1443 ενήνεκται,
2567 1378 2660 1431 καὶ
2686 1377 2815 1447 ὅσην
2841 1368 3130 1448 ἐποιήσατο
3162 1376 3263 1445 τῆς
3290 1375 3543 1445 ἀληθείας
3566 1374 3808 1444 ἐκθυμο-

2232 1470 2403 1540 τάτην
2438 1469 2685 1541 ζήτησιν.
2730 1470 2954 1539 Ἱστορεῖ
2980 1468 3024 1521 δ’
3049 1470 3107 1521 ὲν
3137 1466 3319 1538 ταύτῴ
3341 1467 3467 1539 περὶ
3506 1466 3801 1530 Ἰουδαίων,

2224 1566 2302 1631 ὡς
2347 1564 2489 1617 κατὰ
2540 1563 2639 1634 τῆς
2684 1561 2777 1615 τοῦ
2837 1559 3073 1633 Χριστοῦ
3123 1558 3463 1623 διδασκαλίας
3510 1557 3803 1620 ἐπιϐουλὴν

2230 1654 2755 1724 συσκευασαμένων,
2804 1651 2945 1705 αύτά
2994 1651 3163 1705 ταῦτα
3206 1650 3344 1723 πρὸς
3393 1650 3483 1703 τὸν
3524 1649 3805 1720 Τρύφωνα

2227 1747 2676 1816 ἀποτεινόμενος·
2728 1763 2746 1796 ι
2782 1745 2855 1798 Οὐ
2905 1745 3060 1816 μόνον
3098 1744 3155 1798 δὲ
3202 1747 3263 1799 ού
3312 1747 3670 1818 μετενοήσατε
3706 1746 3801 1817 ἐφ’

2224 1836 2304 1903 οἷς
2334 1839 2605 1911 ἐπράξατε
2623 1837 2807 1902 κακῶς
2837 1838 2933 1908 (9),
2959 1836 3094 1891 ἀλλά
3114 1838 3311 1909 ἄνδρας
3330 1839 3615 1903 ἐκλεκτοὺς
3641 1840 3804 1893 ἐκλε-

2230 1932 2449 2003 ξάμενοι
2488 1931 2610 1984 τότε
2646 1929 2753 1984 ἀπὸ
2789 1930 3168 2002 Ἰερουσαλὴμ,
3210 1930 3549 2001 ἐξεπέμψατε
3582 1934 3660 1995 είς
3689 1932 3803 1984 πᾶ,-

2226 2040 2324 2077 σαν
2355 2022 2454 2096 τὴν
2478 2022 2580 2093 γῆν
2598 2020 2846 2089 λέγοντες
2864 2060 2878 2085 ,
2914 2022 3120 2092 αἵρεσιν
3148 2020 3304 2074 ἄθεον
3328 2022 3663 2093 Χριστιανῶν
3704 2038 3806 2075 πε-

2227 2114 2454 2184 φάνθαι,
2508 2112 2900 2181 καταλέγοντες
2937 2128 2997 2164 τε
3040 2111 3211 2165 ταῦτα
3235 2153 3250 2178 ,
3281 2111 3424 2183 ἅπερ
3460 2112 3582 2166 καθ’
3634 2112 3801 2183 ἡμῶν

2226 2209 2275 2260 οἱ
2309 2206 2625 2275 ἀγνοοῦντες
2650 2206 2798 2277 ἡμᾶς
2820 2203 3059 2266 ἅπαντες
3082 2203 3351 2272 λέγουσιν,
3380 2204 3519 2257 ὥστε
3543 2205 3602 2257 ού
3631 2205 3799 2275 μόνον

2221 2303 2435 2364 ἑαυτοῖς
2460 2299 2671 2363 ἀδικίας
2697 2297 2857 2352 αἴτιοι
2881 2298 3171 2370 ὑπάρχετε,
3205 2296 3340 2350 ἀλλά
3364 2298 3456 2351 καὶ
3477 2301 3587 2361 τοῖς
3611 2298 3799 2362 ἄλλοις

2221 2392 2423 2447 ἅπασιν
2469 2391 2653 2455 ἁπλῶς
2695 2389 3019 2462 ἀνθρώποις.
3064 2408 3083 2441 ι
3122 2390 3325 2463 Γράφει
3364 2390 3421 2444 δὲ
3460 2392 3553 2444 καὶ
3602 2392 3678 2455 ὡς
3708 2392 3800 2446 ὅτι

2221 2486 2330 2557 (-10)
2358 2484 2516 2556 μέχρι
2550 2484 2644 2537 καὶ
2682 2482 2846 2536 αὐτοῦ
2875 2482 3184 2553 χαρίσματα
3220 2483 3531 2554 προφητικά
3572 2483 3798 2555 διέλαμ-

2221 2596 2319 2631 πεν
2351 2580 2443 2630 ἐπὶ
2465 2578 2562 2647 τῆς
2597 2575 2937 2646 Ἐκκλησίας.
2975 2575 3263 2646 Μέμνηται
3290 2576 3345 2628 δὲ
3372 2576 3583 2647 καὶτῆς
3613 2578 3803 2631 Ἰωάν-

2219 2688 2311 2724 νου
2340 2667 2774 2738 Ἀποκαλύψεως,
2811 2668 2997 2737 σαφῶς
3019 2667 3110 2721 τοῦ
3132 2669 3427 2721 ἀποστόλου
3455 2669 3623 2741 αὐτὴν
3650 2665 3798 2724 εἶναι

2217 2762 2410 2831 λέγων.
2446 2760 2552 2813 Καὶ
2576 2760 2752 2831 ῥητῶν
2778 2760 2834 2813 δέ
2864 2776 3023 2813 τινων
3050 2758 3397 2830 προφητικῶν
3437 2776 3539 2830 μνη
3550 2759 3793 2830 μονεύει,

2217 2853 2505 2924 διελέγχων
2530 2851 2619 2905 τὸν
2646 2849 2940 2923 Τρύφωνα,
2977 2850 3053 2912 ὡς
3093 2848 3157 2902 ἂν
3197 2848 3608 2920 περικοψάντων
3648 2850 3797 2903 αὐτὰ

2227 2944 2496 2999 Ἰουδαίων
2546 2943 2655 2996 ἀπὸ
2708 2942 2807 3013 τῆς
2855 2941 3095 3013 Γραφῆς.
3146 2940 3376 2994 Πλεῖστα
3418 2940 3473 2993 δὲ
3506 2941 3599 2993 καὶ
3630 2941 3799 3009 ἕτερα

2214 3038 2365 3109 παρά
2401 3036 2614 3099 πολλοῖς
2658 3034 2881 3106 φέρεται
2923 3032 3171 3102 ἀδελφοῖς
3207 3031 3314 3086 τῶν
3373 3031 3536 3085 αὑτοῦ
3591 3032 3791 3086 πόνων.

546 3128 833 3198 phetarum
862 3130 1163 3184 testimonia
1187 3130 1415 3200 profert,
1448 3147 1569 3201 quae
1591 3132 1850 3188 adversus
1866 3133 2113 3205 Trypho-

2226 3128 2437 3184 Ούτωσὶ
2465 3128 2522 3182 δὲ
2551 3126 2788 3196 σπουδῆς
2814 3122 2951 3179 εἶναι
2977 3124 3115 3191 ἄξιοι
3143 3125 3237 3177 καὶ
3263 3126 3373 3188 τοῖς
3401 3124 3648 3188 παλαιοῖς
3678 3125 3802 3179 ἐδόο

549 3232 671 3273 nem
697 3219 1004 3287 disputans,
1039 3238 1067 3276 a
1098 3221 1297 3278 Judaeis
1325 3239 1355 3279 e
1383 3225 1555 3279 sacris
1611 3224 1767 3279 tibris
1805 3226 1976 3282 recisa
2025 3237 2112 3282 at»

547 3326 654 3381 que
682 3323 951 3383 expuncta
1002 3329 1123 3371 esse
1158 3315 1456 3372 convincit.
1503 3316 1730 3372 Exstant
1750 3326 1803 3373 et
1832 3319 1940 3373 alia
1967 3334 2115 3376 com-

549 3404 705 3471 plura
744 3404 982 3473 ejusdem
1015 3409 1277 3476 opuseula
1324 3422 1492 3477 penes
1542 3409 1741 3465 multos
1764 3409 1884 3464 ﬁdei
1918 3419 2117 3466 nostrae

549 3495 806 3552 cultores.
845 3498 1005 3552 Tanti
1061 3499 1215 3572 14],
1252 3515 1414 3570 porro
1462 3501 1715 3556 aestimati
1750 3510 1875 3557 sunt
1898 3502 2061 3558 etiam
2084 3517 2114 3556 a

551 3589 824 3644 veteribus
875 3588 1019 3645 illius
1076 3590 1221 3656 libri,
1258 3601 1318 3646 ut
1377 3591 1615 3646 lrenaaus
1639 3592 1754 3661 ejus
1784 3591 2117 3648 testimoniis

550 3680 819 3736 interdum
861 3691 1064 3737 utatur.
1118 3682 1251 3738 Nam
1319 3692 1374 3739 et
1428 3683 1481 3738 in
1530 3684 1668 3740 libro
1707 3696 1899 3754 quarto
1923 3684 2119 3741 Contra

549 3772 769 3828 haereses
813 3773 931 3829 haec
983 3773 1188 3830 habet:
1230 3792 1249 3825 ι
1291 3772 1576 3841 Praeclare,
1624 3776 1818 3846 inquit,
1852 3794 1880 3830 a
1908 3776 2119 3836 Justino

549 3864 752 3920 dictum
779 3868 864 3921 est
896 3867 947 3920 in
983 3865 1121 3923 libro
1149 3867 1409 3922 Adversus
1438 3868 1758 3923 Marcionem
1786 3884 1805 3924 :
1844 3886 1864 3920 ι
1906 3866 1986 3924 Ne
2015 3869 2119 3940 ipsi

555 3974 576 4009 ι
614 3958 830 4029 quidem
878 3959 1128 4027 Domino,
1173 3961 1269 4028 ait,
1297 3961 1600 4015 crediturus
1625 3962 1895 4031 essem,-si
1948 3962 2116 4017 alium

552 4068 574 4102 ι
613 4050 781 4106 Deum
814 4052 1129 4121 praedicaret
1157 4068 1317 4122 quam
1343 4054 1523 4107 mundi
1555 4053 1957 4110 Conditoreth
1983 4054 2116 4111 Etin

549 4144 739 4211 quinto
772 4143 1013 4213 ejusdem
1038 4145 1219 4213 operis
1270 4144 1445 4199 libro:
1480 4163 1499 4196 ι
1560 4145 1747 4208 Recte.
1798 4147 1990 4215 inquit,
2020 4146 2117 4203 Ju-

552 4233 731 4288 stinus
752 4233 910 4297 dixit,
937 4232 1196 4287 Satanam
1250 4243 1377 4288 ante
1408 4234 1699 4289 adventum
1735 4236 1945 4290 Domini
1972 4252 2117 4290 nun-

551 4342 713 4394 quam
760 4341 949 4381 ausum
988 4326 1155 4381 fuisse
1208 4326 1369 4396 impie
1412 4325 1560 4397 loqui
1606 4328 1868 4384 adversus
1918 4328 2109 4394 Deum,

2221 3238 2353 3276 κουν
2383 3221 2433 3273 oi
2464 3219 2687 3291 τάνδρὸς
2711 3217 2892 3286 λόγοι,
2927 3216 3003 3280 ὡς
3026 3215 3115 3270 τὸν
3146 3218 3429 3291 Είρηναῖον
3472 3218 3797 3287 ἀπομνημο-

2220 3312 2396 3369 νεύειν
2420 3310 2584 3364 αύτοῦ
2615 3308 2818 3380 φωνὰς,
2846 3307 3002 3361 τοῦτο
3042 3308 3138 3379 μὲν
3170 3309 3227 3361 ὲν
3253 3306 3330 3379 τῷ
3360 3307 3602 3378 τετάρτῳ
3633 3308 3798 3376 Πρὸς

2225 3402 2331 3470 τὰς
2349 3401 2629 3470 αἱρέσεις,
2663 3398 2801 3455 αὐτὰ
2826 3397 2890 3468 δὴ
2919 3397 3089 3452 ταῦτα
3108 3397 3421 3467 ἐπιλέγοντα
3441 3414 3455 3429 ’
3489 3417 3506 3449 ι
3550 3399 3659 3451 Ka‘t
3690 3416 3794 3452 κα-

2222 3492 2332 3556 λῶς
2367 3494 2646 3554 Ίουστῖνος
2689 3492 2745 3543 ὲν
2788 3487 2866 3560 τῷ
2898 3490 3053 3557 Πρὸς
3091 3489 3409 3557 Μαρκίωνα
3455 3488 3794 3560 συντάγματι

2228 3601 2424 3657 φησιν,
2448 3584 2716 3655 δτι-Αύτῷ
2736 3582 2813 3653 τῷ
2842 3583 3031 3655 Κυρίῳ
3070 3583 3175 3636 οὐδ’
3217 3581 3282 3636 ἂν
3313 3582 3603 3654 ἐπείσθην,
3632 3582 3793 3637 ἄλλον

2227 3678 2357 3732 Θεὸν
2394 3677 2810 3746 καταγγέλλοντι
2856 3674 3009 3747 παρά
3038 3673 3126 3727 τὸν
3161 3675 3525 3747 Δημιουργόν·
3578 3694 3597 3727 ›
3631 3674 3793 3728 τοῦτο

2224 3771 2281 3825 δὲ
2310 3772 2367 3824 ὲν
2388 3769 2464 3842 τῷ
2495 3770 2728 3841 πέμπτῳ
2757 3768 2857 3839 τῆς
2892 3766 3063 3838 αύτῆς
3092 3767 3396 3830 ὑποθέσεως
3427 3766 3513 3820 διὰ
3551 3766 3753 3820 τούτων
3771 3786 3786 3800 ’

2231 3879 2249 3912 ι
2290 3862 2400 3914 Καὶ
2436 3860 2614 3923 καλῶς
2644 3862 2672 3914 ὁ
2712 3860 2988 3921 Ἰουστῖνος
3020 3857 3121 3928 ἔφη
3142 3898 3155 3919 ,
3181 3858 3263 3911 ὅτι
3300 3858 3407 3930 πρὸ
3444 3857 3545 3931 μὲν
3568 3858 3664 3929 τῆς
3691 3857 3789 3912 τοῦ

2222 3953 2429 4025 Κυρίου
2478 3952 2779 4024 παρουσίας
2825 3951 3081 4005 οὐδέποτε
3130 3950 3427 4023 ἐτόλμησεν
3464 3952 3492 4003 ὁ
3545 3952 3789 4015 Σατανᾶς

2225 4046 2612 4118 βλασφημῆσαι
2642 4045 2731 4099 τὸν
2756 4044 2908 4108 Θεὸν,
2938 4043 3033 4097 ἀτε
3067 4042 3288 4115 μηδέπω
3315 4044 3469 4107 εἰδὼς
3496 4041 3661 4096 αὐτοῦ
3688 4042 3789 4114 τὴν

2222 4138 2568 4209 κατάκρισιν.
2629 4156 2647 4189 ι
2701 4137 2811 4190 Ka‘t
2854 4135 3028 4190 ταῦτα
3069 4136 3125 4189 δὲ
3161 4137 3472 4207 ἀναγκαίως
3525 4136 3788 4208 εἰρήσθω,

2221 4238 2300 4298 είς
2328 4232 2636 4306 προτροπὴν
2658 4231 2750 4284 τοῦ
2784 4231 2920 4302 μετὰ
2950 4231 3181 4302 σπουδῆς
3208 4234 3333 4296 τοὺς
3359 4231 3671 4303 φιλομαθεῖς
3694 4232 3790 4285 καὶ

2220 4323 2345 4385 τοὺς
2372 4321 2559 4374 τούτου
2587 4319 2865 4392 περιέπειν
2892 4320 3102 4391 λόγους.
3124 4322 3232 4375 Καὶ
3264 4322 3331 4376 τὰ
3360 4323 3455 4395 μὲν
3480 4321 3618 4376 κατὰ
3640 4322 3790 4376 τόνδε

550 4416 749 4487 q‘uippe
792 4415 885 4486 qui
947 4415 1357 4471 damnationem
1410 4431 1561 4471 suam
1628 4417 1864 4471 nondum
1916 4417 2119 4487 liquido

2226 4412 2444 4468 τοιαῦτα
2469 4408 2558 4484 ἦν.

550 4556 929 4613 obscuriorum
955 4552 1317 4623 quazstionum
1354 4554 1419 4607 de
1446 4552 1843 4612 lncaruatione.
1879 4553 2118 4619 Qmestio

550 4629 696 4683 enim
737 4627 850 4696 ipsa
903 4624 1042 4696 tituli
1081 4623 1195 4678 loco
1226 4624 1591 4696 pramtittitur,
1620 4625 1817 4696 deinde
1847 4624 2125 4696 subjungi-

552 4709 642 4751 tnr
674 4694 961 4764 expositio.
996 4694 1428 4765 Sententiaitem
1479 4710 1572 4748 seu
1618 4695 1811 4765 dogma
1854 4694 2123 4748 interdum

553 4768 671 4822 vice
703 4763 845 4821 tituli
875 4781 967 4819 seu
1006 4763 1203 4819 indicis
1235 4765 1533 4833 prteligitur
1563 4765 1665 4819 hoc
1693 4763 1857 4821 modo
1882 4765 1985 4828 ὅτι,
2017 4776 2121 4818 etc.

500 4886 501 4889 η
555 4838 754 4892 lleinde
779 4836 1071 4906 apponitur
1105 4835 1541 4906 demonstratio,
1592 4844 1649 4887 ut
1700 4835 1884 4888 videre
1948 4843 2030 4888 est
2074 4837 2124 4888 in

555 4905 871 4977 supradicto
919 4905 1526 4977 Cyrilli‘Alexaudrini
1583 4906 1741 4960 libro.
1804 4906 2123 4977 llujusmodi

552 4973 657 5031 fuit
702 4973 893 5033 Justini
942 4973 1081 5030 liber
1129 4974 1204 5028 De
1243 4976 1423 5027 anima
1476 4991 1495 5027 :
1546 4973 2127 5045 quwstiones’scilicet

551 5063 616 5102 ac
640 5051 926 5102 sententia:
951 5046 1197 5115 quaedam
1231 5047 1295 5099 (le
1326 5054 1517 5099 natura
1551 5057 1602 5099 et
1660 5047 1869 5114 origine
1916 5045 2127 5099 anima.

553 5133 676 5173 rum
718 5119 966 5186 :quibus
991 5117 1419 5186 subjunctaerat
1472 5115 1670 5170 Justini
1729 5118 2000 5186 expositio
2058 5131 2125 5169 ac

553 5184 973 5243 demonstratio.
1024 5188 1250 5256 E.\j_stant
1298 5184 1459 5240 hodie
1508 5184 1816 5241 Alexandri
1858 5185 2126 5256 Aphrodi-

554 5259 750 5313 siensis
774 5258 895 5311 libri
936 5259 1041 5312 duo
1072 5254 1150 5309 De
1181 5257 1381 5328 anima,
1408 5271 1543 5323 quos
1570 5257 1889 5328 σχόλιαῙιιιέ
1908 5254 2128 5310 Κιθαιιέ

554 5330 752 5397 possis.
782 5329 919 5381 Sunt
948 5328 1091 5382 enim
1134 5328 1186 5378 in
1214 5327 1547 5397 scholiorum
1572 5327 1788 5381 modum
1854 5343 1917 5381 ea
1965 5343 2123 5397 quam

554 5395 666 5453 dixi
690 5399 900 5458 ratione
937 5397 1240 5466 compositi.
1268 5395 1581 5462 llnjusmodi
1612 5400 1772 5451 etiam
1793 5399 1944 5453 fuere
1970 5395 2128 5452 stho-

558 5469 757 5525 liurunt
786 5470 913 5523 libri
940 5476 1158 5523 centum
1193 5467 1497 5537 abWAmelio
1546 5468 1868 5537 philosopho
1902 5484 2126 5537 compo-

555 5540 670 5605 siti,
706 5555 935 5608 quorum
976 5539 1222 5608 meminit
1268 5536 1602 5607 Porphyrius
1652 5540 1704 5591 in
1742 5536 1941 5593 Plotini
1985 5536 2122 5591 Vita.

554 5606 813 5677 Ejusdem
848 5606 1354 5679 argumentifuisse
1389 5608 1638 5660 videntur
1670 5608 1786 5664 libri
1830 5608 2126 5665 ἐπιλέκτων

557 5680 768 5751 σχολῶν
803 5696 831 5733 a
859 5677 1095 5751 Diogene
1131 5677 1387 5751 '_l:arsensi
1424 5681 1725 5751 compositi,
1760 5696 1988 5748 quorum
2022 5697 2129 5734 me-

557 5747 720 5805 niinit
752 5747 1003 5805 Laertius
1034 5750 1088 5805 in
1120 5747 1381 5818 Epicuro.
1423 5748 1664 5817 Denique
1707 5747 1949 5805 scholion
1997 5768 2104 5804 non

557 5838 834 5897 nunquam
862 5822 1057 5877 dicitur
1091 5822 1242 5877 locus
1271 5835 1338 5876 ex
1367 5820 1548 5892 aliquo
1571 5822 1866 5896 _scriptore
1887 5836 2103 5899 excer-

2227 4561 2367 4620 plus.
2385 4549 2476 4604 Sic
2495 4551 2633 4620 apud
2658 4550 3012 4619 Epiphaniam
3034 4552 3085 4606 in
3108 4552 3295 4607 hazresi
3321 4552 3790 4619 Marcionitarum,

2228 4638 2351 4690 pag.
2375 4621 2480 4695 32°).
2506 4639 2518 4674 :
2548 4622 2692 4695 ᾼύτὴ
2730 4624 2826 4695 μέν
2847 4624 2944 4694 τῆς
2984 4624 3385 4695 προειρημένης
3414 4623 3565 4693 ὑμῶν
3594 4624 3793 4677 ὑποθέ-

2230 4707 2368 4766 σεως
2392 4691 2922 4766 ἠᾼσχολιοποιηθεῖσα
2960 4691 3685 4766 σύντομοςίύπομνηματικὴ
3730 4696 3791 4760 ἐξ

2229 4762 2573 4835 ἀντιγράφων
2595 4762 2687 4815 τοῦ
2712 4762 3031 4835 Μαρκίωνος
3056 4762 3304 4828 σύνταξις
3330 4762 3463 4835 πρὸς
3482 4762 3638 4827 ἔπος.
3674 4762 3788 4818 ’89-

2228 4833 2414 4906 quitur
2443 4833 2867 4906 ιιοδιρὲᾐσχόλιον
2898 4836 3005 4888 ἀπὸ
3042 4835 3135 4887 τοῦ
3162 4833 3476 4903 εὐαγγελίου
3511 4836 3612 4906 τοῦ
3638 4835 3790 4906 παρά

2227 4903 2533 4974 Μαρκίωνι.
2591 4903 2690 4961 Ubi
2746 4906 2911 4968 vides,
2967 4906 3209 4960 scholion
3276 4906 3408 4959 nihil
3470 4905 3616 4960 aliud
3668 4903 3793 4960 esse

2230 4989 2392 5044 quam
2419 4974 2590 5028 locum
2617 4985 2929 5044 excerptum
2964 4990 3029 5030 ex
3063 4976 3339 5044 evangelio
3371 4975 3683 5037 Marcionis,
3702 4980 3791 5031 cui

2231 5043 2562 5112 Epiphanius
2625 5043 3002 5098 refutationem
3059 5047 3351 5113 subjungit.
3421 5046 3496 5099 l‘ta
3554 5046 3789 5101 scholion

2232 5114 2483 5165 Eunomii
2510 5113 2709 5168 dicitur
2740 5118 2789 5167 in
2822 5114 3192 5183 Disputatione
3214 5117 3493 5169 orthodoxi
3526 5133 3644 5170 cum
3676 5116 3791 5169 Eu-

2230 5184 2402 5256 nomia
2429 5198 2587 5250 quam
2643 5185 2813 5237 edidit
2852 5184 3102 5239 Canisius
3150 5197 3296 5240 tonio
3328 5185 3389 5241 V.
3446 5188 3612 5241 Recte
3659 5203 3790 5256 ergo

2233 5253 2593 5328 Ilieronymus
2618 5262 2861 5328 excerpta
2903 5257 3310 5324 interpretatur,
3352 5272 3486 5325 quas
3524 5253 3791 5328 Origenes

2232 5322 2554 5394 σημειώσεις
2579 5339 2671 5394 seu
2698 5324 2880 5392 σχόλια
2913 5322 3293 5394 appellaverat.

2306 5388 2379 5463 (9)
2429 5393 2546 5461 Ἐφ’
2571 5388 2659 5458 οἷς
2687 5388 3223 5462 ἐὲὲράξατέκακῶς.
3256 5397 3312 5450 In
3352 5397 3487 5456 Fuk.
3541 5409 3597 5454 et
3658 5398 3785 5452 Sav.

2229 5464 2491 5529 scriptum
2523 5474 2603 5517 est
2643 5468 2852 5528 κακοῖς,
2883 5480 2988 5518 ιιοη
3017 5469 3175 5521 male.

2302 5532 2413 5603 (10)
2446 5532 2665 5602 Γράφει
2693 5534 2760 5585 δὲ
2789 5535 2885 5588 καί
2915 5535 2994 5599 ὡς
3017 5536 3123 5590 ὅτι.
3155 5537 3506 5592 Pleonasmus
3534 5548 3637 5601 est,
3664 5554 3785 5592 cum

2231 5604 2496 5678 alterutra
2515 5620 2614 5658 vox
2654 5603 3040 5678 su_ilic_iat._Nisi
3065 5606 3200 5662 forte
3218 5610 3337 5678 quis
3369 5610 3517 5662 malit
3546 5611 3788 5664 scribere

2230 5675 2306 5737 ὡς
2329 5673 2408 5726 ἔτι
2434 5674 2594 5745 μέχρι
2635 5674 2727 5726 καὶ⁸
2761 5674 2947 5748 αὑτοῦ,
2970 5688 3075 5730 etc.
3112 5678 3215 5732 Sed
3235 5673 3387 5733 —nihil
3410 5695 3544 5748 opus
3574 5690 3656 5733 est
3685 5681 3786 5734 hac

2233 5748 2627 5815 emendatione,
2653 5762 2774 5800 cum
2828 5746 3171 5815 pleonasmus
3232 5750 3320 5803 hic
3380 5746 3659 5803 lai‘niliaris
3713 5751 3784 5805 sit

2230 5816 2481 5871 Eusebio.
2506 5814 2580 5871 lta
2610 5817 2751 5871 enim
2775 5814 3012 5888 laquitur
3038 5819 3089 5874 iu
3118 5834 3234 5891 cap.
3260 5820 3332 5873 22
3380 5820 3535 5890 hujus
3566 5820 3708 5876 libri.
