4140 6430
287 352 402 407 577

1287 351 1634 411 HISTORIA]
1671 348 2230 410 ECCLESIASTICE
2264 350 2393 406 LIB.
2432 349 2524 407 IV.

3418 349 3524 406 578

285 474 660 542 cognovisset.
695 491 719 531 ι
764 476 944 547 Atque
968 475 1083 531 haec
1129 477 1439 533 necessario
1473 492 1504 530 a
1543 476 1699 532 nobis
1749 476 1896 532 dicta
1931 475 2072 541 sint,
2110 486 2168 530 ut
2225 474 2462 530 discendi
2509 470 2736 534 studiosi
2777 472 2847 527 ad
2899 470 3064 529 libros
3106 473 3224 544 ejus
3267 485 3521 531 accurate

286 569 690 637 pervolvendos
719 569 1032 624 incitentur.
1064 569 1331 624 Hactenus
1379 570 1446 625 de
1477 569 1713 627 Iustino.

482 667 491 698 ι
810 661 1201 714 ΚΕΦΑΛΑῘΟΝ
1241 663 1340 714 ΙΘ’.

1888 664 1935 722 A

2546 650 2772 707 CAPUT
2812 649 2955 706 XIX.

292 749 468 821 Τίνες
497 747 594 821 ἐπὶ
623 747 732 821 τῆς
773 748 1004 821 ρύήρου
1027 749 1369 815 βασιλείας,
1415 748 1523 818 τῆς
1569 751 1860 821 Ῥωμαίων

1969 747 2198 816 Quinam
2219 748 2505 818 imperante
2532 742 2667 821 Yero
2691 743 2935 821 Ecclesia:
2954 739 3202 796 Romanae
3224 749 3275 796 et
3292 742 3517 798 Alexan-

365 819 464 872 καὶ
550 818 974 890 ᾎλεξανδρέων
1037 821 1401 889 Ἐκκλησίας
1482 818 1864 890 προέστησαν

367 891 506 957 (Nic.
533 889 601 942 Η.
636 889 702 942 Ε.
729 905 799 951 tv,
832 891 943 961 illi.

366 981 504 1052 Ἤδη
528 981 586 1034 δὲ
623 982 702 1044 εἰς
733 981 915 1050 ὃγδοον
955 981 1281 1054 ἐλαυνούσης
1313 983 1431 1049 ἔτος
1468 983 1569 1054 τῆς
1599 982 1862 1055 δηλουμέ-

284 1090 391 1143 νης
418 1073 732 1144 ἡγεμονίας,
779 1073 880 1144 τῆς
922 1073 1206 1144 Ῥωμαίων
1249 1071 1571 1146 Ἑκκλησίας
1604 1074 1703 1146 τὴν
1743 1076 1862 1127 ὲπι-

289 1164 502 1236 σκοπὴν
531 1165 808 1236 Ἀνίκητον
842 1165 1031 1220 ἕνδεκα
1057 1170 1169 1231 τοῖς
1203 1169 1366 1222 πᾶσιν
1395 1168 1538 1220 ἔτεσι
1565 1167 1858 1234 διελθόντα,

285 1259 482 1330 Σωτὴρ
509 1259 826 1329 διαδέχεται.
864 1259 1023 1314 Ἀλλὰ
1061 1260 1156 1314 καὶ
1197 1261 1297 1332 τῆς
1340 1262 1726 1334 Ἀλεξανδρέων
1759 1281 1861 1318 πα-

288 1347 502 1419 ροικίας
545 1348 879 1413 Κελαδίωνος
912 1350 1198 1423 τέτταρσιν
1248 1352 1342 1405 ἐπὶ
1385 1351 1514 1406 δέκα
1548 1352 1692 1406 ἔτεσι
1725 1370 1860 1424 προ-

284 1439 538 1506 στάντος,
566 1440 664 1510 τὴν
694 1439 940 1513 διαδοχὴν
977 1443 1326 1514 Ἀγριππῖνος
1349 1443 1722 1516 διαλαμϐάνει.

811 1621 1205 1675 ΚΕΦΑΛΑῘΟΝ
1238 1625 1322 1678 K'.

429 1711 594 1778 Τίνες
619 1711 729 1781 τῆς
764 1713 1102 1781 Ἀντιοχέων
1134 1714 1272 1783 (δίς.
1311 1714 1379 1771 II.
1411 1716 1478 1772 E.
1511 1734 1584 1784 tv,
1617 1719 1728 1789 l9).

354 1803 674 1883 Τηνικαῆτα
718 1805 812 1857 καὶ
868 1805 962 1856 ἐπὶ
1012 1804 1111 1875 τῆς
1169 1806 1484 1878 Ἀντιοχέων
1531 1811 1857 1885 Ἐκκλησίας

280 1888 547 1960 Θεόφιλος
576 1893 730 1957 ἕκτος
775 1893 883 1946 ἀπὸ
918 1893 1026 1946 τῶν
1059 1895 1368 1951 ἀποστόλων
1400 1900 1740 1972 ὲγνωρίζετο,
1770 1921 1882 1965 τε-Δ

2476 815 2644 870 drina:
2671 813 2998 884 pt'tefuerint.

2032 982 2201 1039 Porro
2226 978 2536 1051 supradicto
2575 979 2898 1049 imperatore
2950 975 3064 1044 iam
3087 985 3334 1031 octavum
3365 975 3520 1044 prin-

1961 1074 2176 1144 cipatus
2197 1086 2396 1126 annum
2433 1078 2643 1142 agente,
2669 1084 2791 1124 cum
2821 1068 3076 1122 Anicetus
3119 1066 3375 1121 Ecclesiae
3403 1065 3518 1121 Bo-

1960 1180 2132 1220 mana:
2167 1165 2532 1236 episcopatum
2568 1161 2818 1218 undecim
2843 1160 2999 1216 annis
3039 1160 3386 1222 obtinuisset,
3412 1159 3517 1214 So-

1960 1266 2044 1313 ter
2075 1258 2126 1312 in
2150 1257 2269 1328 ejus
2295 1255 2470 1311 locum
2495 1254 2772 1310 successit.
2798 1253 2950 1323 Apud
2973 1253 3354 1308 Alexandriam
3380 1267 3517 1320 quo-

1959 1365 2064 1422 que
2111 1365 2232 1404 cum
2291 1349 2542 1404 Celadion
2594 1362 2692 1418 per
2752 1361 2922 1401 annos
2948 1344 3366 1416 iqnatuordecim
3408 1343 3522 1398 Ec-

1957 1445 2135 1500 clesiae
2191 1441 2515 1515 praefuisset,
2571 1439 2901 1510 Agrippinus
2965 1438 3151 1496 sedem
3198 1438 3317 1508 ejus
3371 1436 3515 1492 obti-

1959 1535 2098 1592 nuit.

2556 1622 2783 1680 CAPUT
2820 1621 2937 1677 XX.

1960 1715 2186 1783 Quinam
2209 1733 2267 1771 eo
2297 1726 2527 1783 tempore
2550 1717 2926 1771 Antiochenam
2960 1712 3250 1769 Ecclesiam
3267 1712 3515 1766 rexerint.

1966 1874 1968 1876 _
2025 1809 2378 1865 Antiochense
2403 1824 2533 1863 vero
2560 1807 2814 1863 Ecclesiae
2838 1806 3202 1876 episcOpatnm
3233 1812 3416 1859 sextus
3443 1801 3513 1858 ab

1960 1901 2222 1973 apostolis
2269 1899 2602 1968 Theophilus
2655 1899 3007 1968 gubernabat.
3052 1895 3261 1965 Quippe
3307 1894 3518 1950 Corne-

281 1983 488 2054 τάρτου
537 1985 634 2056 μὲν
674 1984 784 2038 τῶν
828 1986 1003 2038 ἐκεῖσε
1048 1987 1184 2057 μετὰ
1231 1989 1453 2059 Ἥρωνα
1497 1995 1858 2059 καταστάντος

1959 1995 2083 2058 lius,
2109 1992 2336 2048 Ileronis
2360 2004 2660 2053 successor,
2690 1997 2912 2059 quartus
2952 1989 3020 2044 ab
3059 1987 3315 2058 apostolis
3338 1986 3514 2042 eidem

285 2075 608 2147 Κορνηλίου,
633 2076 769 2146 μετὰ
788 2077 842 2130 δὲ
863 2077 1043 2142 αὑτὸν,
1064 2078 1300 2152 πέμπτῳ
1321 2080 1512 2154 βαθμῷ
1528 2083 1626 2156 τὴν
1644 2086 1862 2140 ἐπισκο-

284 2168 397 2240 πὴν
432 2170 672 2241 Ἔρωτος
702 2169 1106 2241 διαδεξαμένου.

811 2353 1033 2407 ΚΕΦΑΛ
1041 2355 1105 2407 ΑΙ
1113 2355 1203 2408 ΟΝ
1242 2355 1373 2409 ΚΑ’.

283 2445 428 2514 Περὶ
470 2444 589 2500 τῶν
637 2447 785 2526 θεατὰ
833 2449 1082 2526 τούτους
1128 2446 1596 2526 (Singara?di
1636 2448 1859 2526 έῖεκλη-

394 2517 725 2570 σιαστικῶν
757 2519 1151 2587 συγγραφέων
1169 2518 1307 2590 (Nic.
1338 2517 1408 2571 Η.
1440 2518 1500 2572 Ε.
1537 2535 1612 2580 tv,
1643 2518 1751 2586 l9}.

361 2607 649 2679 Ἥκμαζον
671 2608 728 2661 δὲ
762 2611 819 2662 ὲν
845 2610 1055 2674 τούτοις
1087 2611 1178 2664 ἐπὶ
1200 2610 1299 2681 τῆς
1339 2609 1660 2682 Ἐκκλησίας
1691 2610 1860 2684 Ἡγή-

290 2700 494 2762 σιππός
527 2716 585 2752 τε
621 2699 678 2752 ὃν
709 2700 865 2770 ἴσμεν
900 2702 963 2753 ἐκ
993 2700 1100 2754 τῶν
1126 2700 1424 2771 προτέρων,
1467 2702 1558 2754 καὶ
1590 2701 1860 2766 Διονύσιος

287 2789 594 2863 Κορινθίων
614 2791 926 2855 ἐπίσκοπος,
951 2791 1173 2855 Πινυτός
1199 2809 1258 2844 τε
1284 2791 1440 2856 ἄλλος
1467 2792 1575 2846 τῶν
1606 2794 1696 2847 ἐπὶ
1714 2795 1755 2846 Κ
1765 2796 1861 2866 ρή-

288 2901 390 2952 της
416 2883 730 2947 ἐπίσκοπος,
767 2883 1028 2946 Φίλιππός
1056 2900 1114 2935 τε
1143 2883 1233 2936 ἐπὶ
1270 2883 1477 2948 τούτοις
1515 2885 1607 2940 καὶ
1649 2886 1860 2940 Ἀπολι-

286 2975 476 3046 νάριος
509 2976 604 3030 καὶ
631 2975 896 3040 Μελίτων,
930 2976 1210 3039 Μουσανός
1235 2993 1294 3030 τε
1330 2979 1422 3032 καὶ
1452 2978 1742 3042 Μόδεστος,
1766 2978 1860 3032 καὶ

285 3067 382 3120 ἐπὶ
412 3068 576 3120 πᾶσιν
612 3066 926 3139 Εἰρηναῖος·
961 3059 1035 3121 ὧν
1071 3067 1164 3120 καὶ
1197 3069 1277 3131 είς
1317 3070 1465 3139 ἡμᾶς
1493 3070 1592 3140 τῆς
1631 3069 1860 3122 ἀποστο-

287 3162 445 3231 λικῆς
491 3162 837 3232 παραδόσεως
881 3162 914 3232 ὴ
951 3159 1050 3230 τῆς
1085 3158 1273 3229 ὑγιοῦς
1315 3161 1547 3226 πίστεως
1591 3160 1860 3234 ἔγγραφος

285 3254 558 3326 κατῆλθεν
581 3253 872 3327 όρθοδοξία.

781 3419 1006 3473 ΚΕΦΑΛ
1014 3417 1176 3472 AION
1231 3417 1357 3472 KB'.

352 3513 497 3583 Περὶ
542 3512 906 3582 Ἡγησίππου
935 3511 1035 3583 καὶ
1062 3529 1149 3583 ων
1179 3506 1356 3576 οὗτος

785 3583 926 3654 (Nic.
954 3581 1024 3638 ll.
1064 3581 1129 3636 Ε.
1173 3598 1245 3646 ιν,
1279 3583 1357 3653 7).

379 3697 422 3750 0
475 3695 577 3766 μὲν
610 3688 702 3748 οὖν
762 3692 1099 3765 Ἡγήσιππος
1131 3692 1188 3744 ἐν
1228 3689 1388 3743 πέντε
1429 3689 1541 3752 τοίς
1588 3689 1668 3752 είς
1712 3685 1860 3758 ἡμᾶς

282 3788 531 3846 ἐλθοῦσιν
566 3784 1002 3855 Ὑπομνήμασι,
1019 3783 1118 3854 τῆς
1146 3783 1280 3846 ἰδίας
1305 3780 1528 3852 γνώμης
1552 3777 1859 3850 πληρεστά·⁸

279 3899 379 3953 την
416 3881 640 3953 μνήμην
667 3870 1073 3940 καταλέλοιπεν,
1108 3876 1165 3927 ὲν
1189 3870 1270 3937 οἷς
1301 3873 1468 3944 δηλοῖ,
1491 3872 1566 3935 ώς
1591 3870 1860 3933 πλείστοις

281 3971 605 4033 ἐπισκόποις
637 3967 972 4040 συμμίξειεν,
1001 3967 1306 4038 ἀποδημίαν
1334 3965 1675 4036 στειλάμενος
1700 3962 1860 4034 μέχρι

293 4062 540 4134 Ῥώμης,
577 4062 672 4115 καὶ
702 4061 777 4124 ώς
809 4060 889 4113 ὅτι
919 4059 1017 4130 τὴν
1047 4059 1214 4132 αὐτὴν
1246 4056 1397 4129 παρὰ
1423 4055 1637 4110 πάντων
1671 4055 1863 4134 παρεί-

280 4131 419 4229 ληφε
433 4131 805 4208 διδασκαλίαν.
850 4151 1103 4205 Ἀκοῢσαί
1137 4131 1202 4219 γέ
1226 4167 1308 4203 τοι
1353 4148 1583 4220 πάρεστι
1616 4131 1862 4219 μετάτι-

279 4268 342 4304 να
367 4249 483 4320 (Η)
513 4247 646 4319 περὶ
673 4246 772 4317 τῆς
793 4245 1108 4316 Κλήμεντος
1134 4242 1272 4314 πρὸς
1298 4239 1618 4312 Κορινθίους
1647 4241 1864 4293 ἐπιστο-

277 4347 371 4418 λῆς
403 4341 562 4413 αὑτῷ
612 4339 898 4412 εἰρημένα,
943 4335 1281 4405 ἐπιλέγοντος
1311 4334 1515 4389 ταῦτα’
1551 4353 1569 4386 ‹
1593 4333 1703 4387 Καὶ
1749 4333 1850 4385 ἐπ-

279 4437 477 4508 έμενεν
509 4437 544 4506 ἡ
591 4431 890 4498 Ἐκκλησία
920 4432 954 4501 ἡ
982 4429 1282 4501 Κορινθίων
1307 4430 1364 4481 ὲν
1398 4426 1475 4497 τῷ
1507 4424 1652 4497 ὀρθῷ
1695 4423 1858 4494 λόγῳ,

281 4531 440 4602 μέχρι
486 4527 713 4600 Πρίμου
740 4522 1189 4584 ὲπισκοπεύοντος
1213 4522 1268 4574 ὲν
1295 4518 1571 4590 Κορίνθῳ·
1604 4513 1684 4580 οἷς
1740 4534 1861 4570 συν-

1399 3508 1759 3581 μνημονεύει

273 4621 437 4695 έμιξα
471 4621 658 4675 πλέων
674 4621 754 4682 είς
785 4616 1022 4688 Ῥώμην,
1045 4615 1138 4669 καὶ
1166 4611 1512 4682 συνδιέτριψα
1534 4613 1646 4672 τοῖς
1666 4611 1862 4682 Κοριν-

273 4716 410 4781 θίοις
444 4713 672 4786 ἡμέρας
715 4710 924 4775 ἱκανὰς,
956 4711 1013 4763 ὲν
1043 4705 1131 4773 αἷς
1164 4705 1580 4776 συνανεπάημεν

271 4810 436 4880 λόγῳ.
490 4805 795 4875 Γενόμενος
826 4803 882 4857 δὲ
926 4804 984 4856 ὲν
1047 4799 1255 4872 Ῥώμῃ,
1305 4797 1552 4866 διαδοχὴν
1598 4792 1855 4863 ἐποιησά-

273 4921 380 4975 μην
415 4900 534 4972 (12)
571 4899 769 4970 μέχρις
806 4897 1104 4968 Ἀνικήτου,
1144 4887 1204 4948 οὗ
1239 4892 1481 4952 διάκονος
1511 4883 1578 4959 ἦν
1617 4885 1858 4939 Ἐλεύθε-

271 5015 383 5069 ρος.
413 4995 533 5050 Καὶ
566 4989 728 5061 παρὰ
763 4989 1044 5061 Ἀνικήτου
1075 4985 1374 5056 διαδέχεται
1417 4978 1625 5050 Σωτὴρ,
1663 4977 1780 5047 μεθ’
1801 4976 1859 5028 ὃν

280 5067 634 5157 Ἐλεύθερος.
682 5083 769 5135 Ἐν
812 5083 1016 5153 ἑκάστῃ
1061 5079 1117 5132 δὲ
1160 5077 1376 5146 διαδοχῇ
1423 5071 1516 5126 καὶ
1564 5072 1621 5123 ὲν
1657 5067 1862 5140 ἑκάστῃ

273 5181 424 5235 πόλει
454 5178 638 5240 οὕτως
666 5173 800 5245 ἕχει,
825 5173 897 5237 ώς
921 5175 948 5226 ὁ
975 5170 1138 5242 νόμος
1163 5167 1419 5240 κηρύττει
1452 5164 1544 5217 καὶ
1576 5162 1625 5215 οἱ
1650 5157 1863 5232 προφῆ-

343 5373 387 5440 (l
407 5371 459 5440 1)
489 5363 663 5423 Merci
697 5379 848 5440 circa:
887 5361 977 5440 Sic
1005 5357 1144 5440 coda
1163 5356 1295 5424 lleg.
1322 5352 1511 5440 'prima
1531 5363 1736 5440 Imanu':
1785 5344 1861 5400 Ita

276 5418 768 5504 eti‘a-inllepitrod.
807 5431 976 5504 savil.
1007 5429 1167 5504 Editi,
1203 5418 1577 5504 phalaﬁwé,
1602 5418 1761 5504 male.

348 5490 813 5582 ῐιέγίὶαδοκὴγ
853 5490 1566 5582 ἐπριησάμηίθεξὲθνίηυὲι
1591 5490 1656 5582 ³ξ¹

283 5560 367 5639 sui
383 5560 598 5638 colli—cis
634 5560 732 5645 pro
758 5560 1286 5645 etaooxﬁv'_co'rrexit
1326 5560 1635 5645 otarptﬁiptf
1683 5568 1860 5645 utrum

285 5628 724 5718 conjectura,
757 5662 822 5698 an
847 5628 944 5699 ex"
967 5628 1069 5696 lide
1118 5628 1471 5702 manuscripti
1500 5628 1857 5718 exemplaris,

286 5697 555 5780 incert-tim
583 5761 599 5782 ,
664 5697 938 5778 uictorque
999 5721 1202 5782 tamen_
1243 5697 1552 5782 necessaria
1607 5708 1698 5782 est.
1741 5697 1858 5782 lucc

668 5765 1121 5849 capite
1149 5778 1204 5833 ll
1245 5775 1406 5851 huius
1434 5771 1576 5833 libri,
1611 5767 1707 5851 ubi
1729 5765 1853 5851 .Euf-

293 5835 1173 5930 Ilergetsippilocum
1210 5835 1454 5908 addi-ait,
1510 5837 1666 5910 paulo
1694 5835 1855 5890 aliter,

1961 2087 2216 2143 Ecclesia:
2245 2084 2588 2154 prtesederat.
2613 2080 2783 2148 Quem
2815 2079 3008 2135 deinde
3049 2079 3322 2148 excipiens
3346 2077 3514 2144 Eros,

1959 2179 2151 2250 quinto
2172 2178 2240 2232 ab
2291 2174 2544 2245 apostolis
2582 2172 2699 2229 loco
2741 2171 3312 2229 eamdem—Ecclesium
3350 2169 3516 2226 rexit.

2541 2352 2768 2411 CAPUT
2809 2350 2954 2406 XXI.

1959 2451 2038 2507 De
2102 2448 2444 2519 scriptoribus
2473 2449 2832 2503 ecclesiasticis
2880 2446 2972 2517 qui
3013 2446 3194 2500 eadem
3239 2452 3389 2497 aztate
3411 2443 3516 2512 ﬂo-

2613 2528 2854 2571 ruerunt.

2030 2615 2222 2670 Iisdem
2248 2612 2577 2682 temporibus
2607 2611 2658 2663 in
2689 2609 2925 2664 Ecclesia
2951 2606 3132 2663 ﬂoruit
3154 2604 3512 2674 IIegesippus.

1959 2708 2023 2762 de
2058 2721 2166 2777 quo
2205 2706 2258 2760 in
2288 2703 2656 2772 superioribus
2687 2701 2838 2755 libris
2883 2697 3094 2753 abunde
3129 2696 3238 2765 jam
3268 2695 3414 2759 dixi;
3461 2704 3518 2748 et

1959 2795 2263 2865 Dionysius,
2297 2791 2696 2847 Corinthiorum
2745 2787 3030 2860 episcopus
3058 2826 3073 2850 ,
3123 2785 3348 2856 Pinytus
3376 2798 3514 2854 quo-

1959 2904 2064 2960 que
2108 2886 2451 2943 Cretensium
2500 2885 2820 2953 cpisc0pus;
2872 2880 3155 2948 Philippus
3178 2885 3436 2947 praeterea
3461 2882 3519 2929 et

1956 2978 2284 3050 Apollinaris
2314 2991 2378 3030 ac
2414 2974 2630 3030 Melite:
2664 2973 2922 3028 blusaus
2945 2971 3105 3024 etiam
3140 2979 3194 3022 et
3223 2967 3514 3029 Modestus,

1957 3086 2020 3126 ac
2047 3077 2322 3139 postremo
2378 3063 2536 3136 142
2591 3062 2842 3117 lrenmus.
2883 3059 3119 3125 Quorum
3179 3053 3419 3109 omnium
3453 3050 3518 3104 li-

1955 3162 2062 3228 bri,
2128 3161 2396 3215 sinceram
2452 3153 2763 3224 apostolica:
2789 3149 3100 3205 traditionis
3123 3163 3185 3200 ac
3223 3159 3362 3199 verae
3395 3141 3516 3197 lidci

1956 3253 2256 3309 doctrinam
2279 3250 2650 3308 continentes,
2681 3247 2745 3299 ad
2776 3258 2874 3299 nos
2900 3256 3067 3311 usque
3106 3243 3493 3309 pervenerunt.

2531 3404 2758 3462 CAPUT
2782 3400 2946 3458 XXII.

1964 3503 2042 3558 De
2095 3501 2409 3573 Hegesippo,
2448 3500 2614 3569 deque
2644 3497 2710 3550 iis
2767 3509 2992 3566 quorum
3026 3491 3333 3544 mentionem
3362 3486 3514 3557 facit.

2031 3687 2363 3758 Hegesippus
2389 3683 2604 3754 quidem
2633 3681 2686 3735 in
2729 3679 2964 3750 quinque
3007 3673 3518 3730 Commentariorum

1959 3780 2115 3835 libris
2138 3778 2226 3847 qui
2276 3777 2341 3830 ad
2386 3789 2484 3831 nos
2512 3778 2896 3843 pervenerunt,
2946 3765 3369 3822 luculentissima
3392 3762 3518 3818 ﬁdei

1959 3885 2070 3926 sua:
2101 3865 2406 3923 testimonia
2429 3863 2583 3918 nobis
2610 3861 2848 3931 reliquit.
2877 3857 3082 3912 Scribit
3114 3855 3256 3910 enim
3289 3867 3369 3919 se,
3395 3866 3515 3906 cum

1959 3961 2185 4016 Romam
2221 3955 2675 4028 proﬁcisceretur,
2705 3951 2967 4022 plurimos
2989 3948 3272 4017 episcopos
3296 3943 3516 4007 adiisse,

1959 4063 2014 4109 et
2038 4051 2105 4106 ab
2124 4048 2371 4106 omnibus
2414 4061 2574 4100 unam
2601 4043 2953 4111 eamdemque
3007 4038 3274 4092 audivisse
3312 4033 3518 4090 doctri-

1960 4158 2106 4199 nam.
2163 4139 2308 4195 Idem
2334 4146 2616 4208 postquam
2686 4133 2754 4188 de
2785 4129 3076 4188 Clementis
3119 4127 3184 4180 ad
3212 4123 3520 4181 Corinthios

1959 4233 2182 4308 epistola
2239 4231 2482 4301 quaedam
2540 4220 3007 4285 commemoravit,
3050 4220 3164 4274 haec
3191 4215 3363 4281 addit,
3401 4228 3521 4284 quas

1958 4307 2079 4395 nos,
2109 4329 2152 4383 si
2177 4326 2375 4396 placet,
2428 4320 2710 4375 audiamus
2744 4335 2757 4371 :
2802 4334 2822 4367 ι
2860 4315 2925 4370 Ει
2963 4311 3364 4369 Corinthiorum
3399 4307 3522 4375 qui-

1960 4423 2102 4484 dem,
2137 4415 2336 4486 inquit,
2367 4411 2610 4467 Ecclesia
2630 4408 2683 4462 in
2711 4415 2856 4461 recta
2886 4406 2989 4460 ﬁde
3029 4399 3330 4472 permansit
3353 4412 3523 4465 usque

1960 4513 2028 4566 ad
2078 4508 2347 4571 Primum,
2384 4500 2624 4571 ejusdem
2672 4497 2772 4553 loci
2800 4496 3130 4564 episcopum,
3178 4505 3407 4560 quocum
3442 4487 3524 4541 fa-

1961 4599 2245 4656 miliariter
2275 4594 2576 4649 collocutus
2603 4605 2720 4644 sum
2756 4589 2879 4642 dum
2923 4585 3146 4638 Romam
3167 4581 3521 4651 navigarem;

1609 4701 1687 4772 τῷ
1714 4675 1858 4773 ὀρθῷ
1889 4691 1933 4746 D
1961 4707 2061 4748 nec
2081 4703 2282 4760 paucos
2312 4687 2431 4741 dies
2468 4689 2716 4738 versatus
2741 4695 2859 4735 sum
2905 4692 3027 4730 cum
3052 4675 3373 4738 Corinthiis,
3405 4687 3526 4727 mu-

1963 4795 2216 4854 tuamque
2248 4798 2313 4838 ex
2337 4788 2484 4835 recta
2524 4775 2628 4832 lide
2675 4770 3094 4828 consolationem
3121 4765 3384 4836 cepimus.
3413 4763 3525 4820 Ilo-

1962 4894 2106 4935 mam
2133 4890 2266 4930 vero
2318 4887 2442 4928 cum
2489 4868 2783 4930 venissem,
2825 4861 2996 4916 mansi
3047 4861 3117 4914 ibi
3142 4861 3284 4929 apud
3323 4858 3522 4913 Anice-

1964 4978 2100 5033 tum,
2125 4967 2278 5037 cujus
2308 4975 2420 5019 tum
2449 4962 2708 5016 diaconus
2736 4963 2854 5012 erat
2876 4952 3218 5007 Eleutherus.
3249 4951 3378 5006 Post
3422 4949 3524 5005 ob-

1966 5063 2099 5117 itum
2135 5058 2327 5114 deinde
2371 5055 2582 5110 Aniceti
2615 5051 2879 5107 successit
2909 5049 3086 5114 Soter,
3131 5061 3289 5115 quem
3312 5043 3524 5113 excepit

1965 5154 2311 5212 Eleutherus.
2360 5147 2419 5204 In
2473 5143 2700 5214 singulis
2755 5153 2934 5198 autem
2996 5139 3370 5212 episcoporum
3403 5153 3525 5192 suc-

1965 5342 2080 5398 hrcc
2112 5339 2439 5396 referuntur.
2471 5331 2677 5389 Etenim
2717 5328 2982 5385 Eusebius
3022 5325 3149 5398 illic
3177 5323 3386 5398 scribit,
3415 5321 3524 5398 IIe-

1964 5395 2238 5480 éesippum
2279 5404 2855 5480 RomamAadventas‘se
2907 5395 3256 5480 temporibus.
3285 5395 3518 5480 An‘iceti.

1960 5463 2207 5547 grosque
2233 5481 2299 5532 ad
2346 5473 2717 5547 pontiﬁcatum
2763 5463 3061 5547 Eleutherii
3091 5467 3148 5547 in_
3179 5463 3516 5547 lll'be.l.‘0lll:|

1957 5533 2362 5622 permansisse:
2398 5545 2936 5622 Hegesippus‘lamen
2989 5539 3093 5617 hoc
3137 5535 3252 5590 loco
3316 5533 3365 5584 id
3409 5547 3516 5622 non

1956 5607 2108 5682 dicit,
2144 5621 2236 5674 sed
2269 5607 2680 5682 tantntnvait,'s}-.
2711 5612 2895 5666 Roma:
2924 5607 3185 5661 mansisse
3235 5616 3402 5682 usan
3449 5607 3514 5652 ad

1953 5670 2860 5760 pontificatu—nrAnicctgllomam
2912 5693 3042 5748 ergo
3076 5682 3300 5732 venerat
3343 5670 3514 5742 Hege-

1950 5755 2133 5836 sippus
2159 5762 2260 5818 sub
2289 5769 2530 5815 extrema
2562 5755 2640 5810 Pii
2668 5762 2930 5822 tempora.
