4140 6430
580 344 687 400 585

1289 335 1556 392 ευδεωι
1594 338 2073 398 CESARIEIVSIS
2108 338 2262 398 OPP.
2302 336 2480 396 PARS
2524 340 2565 394 I.
2602 369 2673 381 -—
2707 336 3097 393 HISTORICA.

3723 332 3833 388 384

579 458 875 514 sciderunt.
922 478 942 513 ι
992 457 1139 516 Idem
1188 466 1453 529 prmterea
1512 436 1751 529 scriptor
1812 472 1987 517 seetas
2035 462 2145 517 illas

2260 461 2371 513 Kal.
2402 461 2566 530 ἕτερα
2614 460 2671 513 δὲ
2719 458 2947 511 πλεῖστα
2985 457 3207 529 γράφει,
3247 447 3323 509 ὧν
3367 455 3431 509 ἐκ
3480 453 3680 526 μέρους
3725 451 3833 521 ἠδη

579 564 700 619 quae
734 551 1006 619 quondam
1030 551 1168 621 apud
1224 549 1435 606 Judaeos
1478 551 1843 617 invaluerunt,
1897 569 2147 609 recenset

578 640 667 696 his
691 643 907 699 verbis:
952 662 973 696 ι
1012 644 1198 708 Erant,
1243 642 1438 711 inquit,
1493 645 1727 700 diversa:
1785 655 1947 700 secta:
1985 657 2146 717 atque

578 735 861 789 sententia!
914 737 965 789 in
1029 739 1466 801 circumcisione,
1500 736 1637 790 inter
1667 736 1803 790 iilios
1834 736 1993 792 Israel
2048 739 2146 793 ad-

579 840 770 885 versus
797 827 994 881 tribum
1018 828 1187 894 Iudae,
1222 840 1278 885 et
1307 830 1567 882 adversus
1619 826 1892 883 Christum
1931 829 2142 885 :Essmi

581 917 1062 982 seilicet,Galilari,
1104 917 1608 986 IIemerohaplistaz,
1646 915 1984 983 Masbotbazi,
2033 916 2144 972 Sa-

581 1010 812 1072 maritre,
868 1009 1171 1074 Sadducmi,
1227 1008 1508 1065 Pharisaei.
1548 1026 1567 1059 ι
1619 1007 2013 1063 Scribitetiam
2039 1009 2143 1062 alia

580 1098 991 1167 quamplurima,
1037 1116 1158 1170 qua:
1202 1100 1430 1166 nosjam
1482 1097 1731 1165 superius
1786 1100 2022 1153 maxima
2077 1116 2143 1155 ex

580 1199 754 1257 parte,
781 1190 891 1245 suis
929 1206 1152 1261 quaeque
1176 1193 1309 1246 locis
1338 1208 1402 1247 ac
1465 1193 1795 1259 temporibus
1840 1193 2143 1247 inserentes

582 1281 888 1337 retulimus.
923 1281 1192 1338 Nonnulla
1245 1284 1369 1337 item
1403 1298 1467 1337 ex
1501 1285 1847 1339 Hebraeorum
1904 1284 2146 1354 Evange-

580 1368 653 1423 lio
682 1381 736 1425 et
766 1373 1015 1443 Syriaco,
1040 1384 1093 1428 et
1129 1390 1192 1428 cx
1220 1373 1479 1430 Ilebraica
1509 1374 1690 1444 lingua
1716 1374 1922 1438 profert
1949 1375 2001 1428 in
2035 1391 2147 1429 me—

582 1464 752 1527 dium,
806 1467 939 1520 satis
986 1482 1083 1534 per
1106 1468 1219 1521 haec
1259 1475 1442 1535 aperte
1493 1465 1826 1533 signiﬁcans,
1856 1480 1915 1520 se
1946 1481 2012 1520 ex
2044 1466 2147 1521 Ile-

578 1554 741 1610 bracis
772 1557 836 1610 ad
888 1556 1089 1612 Christi
1139 1559 1297 1613 ﬁdem
1342 1559 1643 1613 transiisse.
1684 1558 1803 1611 Alia
1833 1572 2046 1628 quoque
2079 1574 2147 1614 ex

2253 554 2516 624 πρότερον
2552 550 3055 623 ἐμνημονεύσαμεν,
3095 548 3309 610 οἰκείως
3345 549 3456 609 τοῖς
3488 548 3699 616 καιροῖς
3728 541 3834 607 τὰς

2253 644 2495 717 ἱστορίας
2540 644 2923 716 παραθέμενοι.
2978 643 3083 695 Ἕκ
3122 658 3183 693 τε
3220 639 3321 712 τοῦ
3362 639 3480 693 καθ’
3537 634 3835 710 Ἐϐραίους

2251 736 2581 805 Εὑαγγελίου
2605 736 2700 789 καὶ
2718 735 2811 787 τοῦ
2827 731 3116 805 Συριακοῦ,
3133 732 3226 785 καὶ
3248 731 3391 793 ίδίως
3408 731 3471 783 ἐκ
3484 730 3584 799 τῆς
3616 726 3836 799 Ἐϐραῖ-

2250 828 2340 891 δος
2382 827 2660 881 διαλέκτου
2691 825 2813 880 τινὰ
2860 825 3092 897 τίθησιν,
3147 824 3423 895 ἐμφαίνων
3461 822 3519 888 ἐξ
3556 820 3827 893 Ἐϐραίων

2250 920 2442 989 ἑαυτὸν
2477 919 2927 973 πεπιστευκέναιο
2985 919 3079 973 καὶ
3112 917 3242 971 ἄλλα
3269 916 3324 969 δὲ
3349 915 3425 978 ὼς
3459 915 3525 967 ἂν
3565 915 3624 981 ἐξ
3687 916 3829 967 Ἰου-

2248 1012 2441 1082 δαϊκῆς
2463 1013 2711 1084 ἀγράφου
2740 1011 3087 1083 παραδόσεως
3119 1007 3460 1080 μνημονεύει’
3494 1006 3553 1061 οὐ
3586 1006 3741 1077 μόνος
3764 1006 3826 1059 δὲ

2248 1098 2420 1169 οὗτος,
2454 1104 2587 1158 ἀλλά
2629 1104 2722 1156 καὶ
2766 1104 3051 1175 Εἰρηναῖος
3100 1101 3194 1156 καὶ
3225 1102 3252 1153 ὁ
3283 1101 3390 1163 πᾶς
3428 1098 3536 1151 τῶν
3577 1097 3826 1167 ἀρχαίων

2247 1196 2427 1267 χορὸς,
2466 1195 2768 1267 πανάρετον
2818 1195 3013 1264 Σοφίαν
3046 1194 3145 1257 τὰς
3176 1190 3483 1262 Σολομῶνος
3514 1189 3826 1261 Παροιμίας

2250 1288 2475 1342 ἐκάλουν
2501 1286 2635 1357 (26).
2676 1288 2786 1341 Kal.
2830 1286 2959 1359 περὶ
2993 1285 3101 1338 τῶν
3132 1284 3434 1354 λεγομένων
3479 1283 3535 1336 δέ
3578 1278 3827 1352 ἀποκρύ-

2251 1397 2365 1450 φων
2396 1380 2796 1451 διαλαμϐάνων,
2820 1382 2911 1433 ἐπὶ
2933 1379 3038 1433 τῶν
3064 1377 3226 1433 αὑτοῦ
3258 1377 3461 1449 χρόνων
3495 1374 3629 1447 πρός
3654 1388 3824 1427 τινων

2249 1471 2537 1542 αἱρετικῶν
2570 1471 2980 1525 ἀναπεπλάσθαι
3011 1470 3133 1525 τινὰ
3159 1470 3360 1524 τούτων
3395 1470 3616 1541 ἱστορεῖ.
3657 1464 3827 1521 Ἀλλὰ

2252 1563 2362 1635 γὰρ
2394 1564 2478 1634 ἐφ’
2511 1565 2699 1636 ἕτερον
2733 1565 2834 1636 ἤδη
2870 1564 3194 1637 μεταϐατέον
3226 1562 3357 1635 (27).

579 1644 819 1702 Judaicis
869 1649 1252 1704 traditionibus
1297 1650 1498 1720 scripto
1550 1649 1771 1703 minime
1817 1651 2228 1718 comprehensis
2272 1657 2437 1725 petita
2496 1667 2903 1714 commemorat.
2959 1657 3074 1710 Non
3128 1656 3296 1710 solum
3345 1663 3523 1709 autem
3557 1652 3688 1722 ipse,
3718 1650 3823 1707 sed

580 1740 742 1795 etiam
798 1742 1035 1797 Irenaeus
1081 1754 1135 1798 et
1185 1759 1375 1798 omnes
1426 1743 1652 1812 antiqui,
1684 1742 1976 1797 Proverbia
2033 1743 2338 1806 Salomonis
2385 1766 2578 1807 vocare
2636 1754 2817 1807 solent
2870 1751 3197 1823 Sapientiam
3261 1751 3503 1805 omnium
3552 1749 3818 1802 virtutum

578 1847 845 1906 prmecpta
899 1839 1287 1896 continentem.
1323 1839 1563 1908 Denique
1592 1853 1754 1908 agens
1783 1838 1850 1892 de
1897 1839 2049 1893 libris
2078 1842 2166 1910 qui
2227 1847 2518 1916 apocryphi
2586 1847 2862 1913 dicuntur,
2894 1846 3153 1917 quosdam
3189 1860 3375 1900 eorum
3415 1859 3511 1900 sua
3560 1850 3719 1897 aetate
3742 1850 3819 1906 ab

579 1929 851 1985 nonnullis
898 1930 1167 1985 haereticis
1196 1930 1515 1998 compositos
1564 1942 1686 1983 esse
1726 1928 1934 1983 scribit.
1965 1928 2072 1984 Sed
2104 1932 2214 1999 jam
2261 1936 2328 1990 ad
2364 1936 2500 1992 alios
2541 1948 2894 1992 transeamus.

1139 2094 1366 2151 CAPUT
1398 2092 1588 2150 XXIII.

580 2206 659 2264 De
689 2206 959 2278 Dionysio,
997 2206 1389 2263 Corinthiorum
1430 2211 1699 2281 episcopo,
1742 2219 1789 2264 et
1820 2209 1884 2263 de
1911 2212 2143 2281 epistolis

1163 2282 1227 2333 ab
1251 2297 1308 2334 eo
1337 2280 1568 2349 scriptis.

648 2392 727 2446 Ac
762 2390 994 2460 primum
1025 2392 1241 2462 quidem
1296 2394 1361 2446 de
1414 2391 1670 2463 Dionysio
1710 2392 1993 2449 dicendum
2042 2400 2145 2457 est,

580 2484 669 2551 qui
704 2481 1113 2538 Coriuthiormn
1147 2484 1403 2539 Ecclesiae
1433 2484 1802 2553 episcopatum
1831 2485 2018 2554 gessit,
2050 2498 2149 2537 nec

580 2576 752 2631 solum
786 2575 996 2645 populis
1023 2575 1123 2629 sibi
1159 2575 1489 2640 commissis,
1509 2591 1696 2629 verum
1723 2575 1886 2630 etiam
1916 2575 2145 2628 aliarum

579 2668 858 2735 regionum
902 2677 959 2723 et
988 2668 1197 2722 urbium
1249 2667 1461 2733 incolis,
1496 2668 1709 2722 divinos
1754 2666 1973 2721 labores
2020 2681 2148 2721 suos

577 2758 785 2827 prolixe
816 2758 1255 2822 communicavit,
1289 2759 1530 2812 omnium
1560 2759 1858 2814 commodis
1897 2758 2146 2812 utilitati-

578 2866 684 2920 que
724 2851 1042 2915 inserviens,
1088 2852 1139 2905 in
1160 2852 1456 2923 .calbolicis
1483 2852 1611 2916 illis,
1636 2866 1770 2920 quas
1808 2852 1875 2906 ad
1902 2851 2146 2907 diversas

580 2941 851 2996 Ecclesias
891 2940 1127 3009 scripsit,
1163 2941 1423 3009 epistolis.
1458 2941 1535 2996 Ex
1567 2942 1762 3010 quibus
1800 2955 1908 3011 una
1930 2942 2145 3010 quidem

578 3043 661 3088 est
684 3034 750 3087 ad
773 3030 1234 3094 Lacedaemonios.
1264 3042 1430 3087 recta:
1450 3033 1571 3087 fidei
1602 3032 1994 3087 institutionem
2019 3047 2150 3086 con-

578 3129 781 3188 tinens,
844 3138 1142 3194 pacemque
1193 3134 1248 3178 et
1297 3125 1557 3179 unitatem
1610 3124 1928 3186 insinuans;
1982 3114 2144 3179 altéra

580 3234 715 3274 vero
747 3219 815 3272 ad
846 3218 1208 3272 Athenienses
1243 3218 1480 3286 scripta,
1507 3216 1753 3271 excitans
1787 3216 1854 3269 ad
1886 3215 2066 3281 Iidem,
2094 3225 2149 3270 et

580 3313 647 3365 ad
680 3312 849 3365 vitam
874 3326 938 3366 ex
965 3320 1235 3380 prazcepto
1268 3310 1547 3381 Evangelii
1581 3309 1965 3365 traducendam
1994 3327 2008 3364 :
2041 3325 2147 3379 qua

2751 2100 3145 2155 ΚΕΦΑΛΑῙΟΝ
3175 2099 3303 2155 Kl".

2246 2214 2383 2282 Περὶ
2436 2215 2748 2269 Διονυσίου
2798 2215 3142 2282 Κορινθίων,
3166 2213 3499 2282 ἐπισκόπου
3560 2208 3657 2282 καὶ
3720 2203 3816 2264 ὧν

2408 2285 2669 2354 ἔγραψεν
2717 2280 3054 2339 ἑπισὲολῶν
3084 2281 3223 2355 (Nic.
3253 2282 3326 2340 Η.
3354 2280 3419 2334 Ε.
3457 2296 3529 2347 tv,
3564 2280 3641 2350 8).

2315 2396 2425 2450 Kal.
2457 2396 2671 2469 πρῶτόν
2702 2414 2765 2467 γε
2796 2398 2922 2469 περὶ
2965 2394 3239 2449 Διονυσίου
3272 2394 3489 2464 φατέον,
3520 2394 3601 2446 ὅτι
3624 2408 3682 2447 τε
3708 2391 3814 2463 τῆς

2246 2489 2304 2543 ἐν
2323 2489 2569 2561 Κορίνθῳ
2590 2490 2877 2562 παροικίας
2899 2490 2989 2543 τὸν
3010 2488 3108 2559 τῆς
3126 2488 3423 2560 ἐπισκοπῆς
3443 2485 3813 2559 ἐγκεχείριστο

2248 2581 2451 2653 θρόνον,
2487 2583 2579 2636 καὶ
2612 2582 2688 2646 ὡς
2727 2583 2827 2653 τῆς
2858 2582 3040 2636 ἐνθέου
3070 2582 3383 2654 φιλοπονίας
3422 2581 3481 2633 οὐ
3516 2580 3669 2650 μόνον
3696 2581 3815 2641 τοῖς

2249 2676 2339 2729 ὑπ’
2381 2674 2564 2740 αὑτὸν,
2617 2676 2730 2729 ἀλλ’
2785 2675 2884 2748 ἤδη
2928 2674 3025 2729 καὶ
3072 2676 3186 2739 τοῖς
3229 2673 3320 2726 ἐπὶ
3363 2671 3463 2742 τῆς
3510 2667 3812 2737 ἀλλοδαπῆς

2247 2765 2492 2835 ἀφθόνως
2546 2765 2839 2831 ἐκοινώνει,
2894 2763 3304 2837 χρησιμώτατον
3363 2760 3562 2814 ἅπασιν
3620 2752 3812 2809 ἐαυτὸν

2247 2857 2529 2922 καθιστὰς,
2566 2859 2622 2912 ἐν
2670 2852 2758 2921 αἷς
2804 2855 3143 2911 ὑπετυποῦτο
3173 2852 3485 2914 καθολικαῖς
3526 2848 3660 2921 πρὸς
3712 2853 3814 2909 τας

2259 2947 2579 3019 Ἐκκλησίας
2608 2948 2933 3010 ἐπιστολαῖς.
2967 2939 3068 3000 *Ων
3104 2948 3251 2999 ἐστιν
3276 2945 3309 3014 ἡ
3337 2943 3433 3014 μὲν
3462 2939 3599 3010 πρὸς
3636 2940 3815 2992 Δακε-

2246 3039 2574 3111 δαιμονίους,
2623 3037 2929 3110 ὀρθοδοξίας
2966 3032 3455 3109 κατηχητικὴ(28),
3491 3033 3711 3102 εἰρήνης
3749 3047 3815 3083 τε

2246 3132 2343 3187 κα).
2389 3131 2632 3195 ἐνώσεως
2659 3131 2950 3202 ὑποθετική
2970 3149 2983 3161 ·
3013 3133 3045 3202 ἡ
3076 3131 3133 3184 δὲ
3162 3130 3297 3202 πρὸς
3339 3127 3669 3199 Ἀθηναίους,
3731 3126 3817 3179 δι-

2248 3224 2499 3296 εγερτική
2523 3226 2756 3286 πίστεως
2798 3223 2890 3277 καὶ
2915 3223 3015 3293 τῆς
3042 3221 3183 3276 κατά
3209 3221 3269 3274 τὸ
3301 3219 3624 3289 Εὑαγγὲλιον
3664 3215 3817 3269 πολι-

2248 3314 2430 3376 τείαςο
2478 3308 2545 3385 ἧς
2589 3312 3028 3383 ὁλιγωρήσαντας
3082 3309 3324 3381 ἐλέγχει,
3369 3309 3445 3372 ὡς
3492 3307 3557 3361 ἂν
3612 3304 3814 3379 μικρώ

582 3404 639 3459 in
664 3418 723 3458 re
754 3403 1139 3474 negligentiam
1174 3403 1351 3473 arguit
1374 3401 1809 3466 Atheniensium,
1836 3402 2034 3470 quippe
2055 3398 2145 3468 qui

2249 3406 2358 3458 δεῖν
2390 3403 2731 3467 ἀποστάντας
2758 3402 2853 3457 τοῦ
2878 3402 3035 3471 λόγου
3053 3442 3067 3467 ,
3099 3402 3159 3467 ἐξ
3182 3394 3349 3473 οὗπερ
3378 3401 3468 3455 τὸν
3496 3399 3815 3471 προεστῶτα

580 3512 611 3550 a
644 3495 748 3551 ﬁde
778 3496 1167 3564 prepemodum
1192 3494 1569 3560 descivissent,
1597 3508 1665 3549 ex
1693 3508 1798 3563 quo
1829 3492 2148 3561 Publiusip-

583 3601 768 3642 sorum
794 3586 1082 3656 episcopus
1129 3586 1182 3639 in
1225 3584 1694 3653 persecutionibus
1734 3594 1862 3641 tunc
1891 3583 2147 3653 temporis

582 3679 839 3735 excitatis
870 3678 1190 3749 martyrium
1225 3676 1489 3732 subierat.
1524 3675 1767 3732 Meminit
1806 3678 1967 3732 etiam
1999 3677 2146 3745 Qua-

583 3770 749 3837 drati,
789 3770 879 3841 qui
927 3780 1049 3840 post
1086 3769 1405 3842 martyrium
1436 3768 1637 3836 Publii,
1665 3769 1953 3840 episcopus
1980 3769 2148 3825 Athe-

586 3999 616 4037 a
659 3980 861 4037 Iudaeis
912 3979 1181 4046 distinxit,
1208 3989 1262 4035 et
1309 3978 1611 4035 Iudaeorum
1664 3978 1881 4048 quidem
1937 3985 2145 4048 septem

586 4054 821 4107 haereses
866 4052 1137 4106 recensuit
1179 4069 1193 4106 :
1228 4050 1685 4105 Samaritanorum
1723 4063 1851 4103 vero
1894 4058 2148 4117 quatuor.

585 4122 947 4192 Hegesippum
1006 4131 1183 4174 tamen
1237 4122 1406 4192 secuti
1450 4131 1607 4192 sunt_
1629 4119 2008 4192 Hieronymus,
2055 4135 2148 4173 seu

585 4186 965 4262 quisquis—gest
1018 4199 1205 4262 auctor
1254 4186 1846 4262 Indiculiplsidorus,
1875 4186 2148 4262 Honorius

584 4258 1089 4332 Augustodunensis
1132 4270 1187 4314 et
1234 4259 1323 4332 alii
1361 4279 1374 4314 :
1406 4260 1495 4332 qui
1541 4260 1844 4332 Samaritas
1876 4259 2020 4311 inter
2051 4258 2148 4313 Ju-

588 4328 824 4387 dazorum
855 4332 1089 4383 hmreses
1118 4330 1441 4395 retulerunt,
1476 4330 1584 4383 late
1632 4328 1838 4382 scilicet
1879 4339 2150 4383 sumentes

587 4418 781 4456 nomen
830 4398 1157 4454 Judteorum.
1198 4400 1373 4467 Atque
1409 4401 1479 4453 ita
1521 4400 1760 4453 sensisse
1797 4397 2009 4451 videtur
2040 4399 2145 4452 lle-

588 4473 865 4552 gesippus.
915 4484 1056 4552 cum“
1083 4470 1197 4552 ait:
1238 4464 1755 4552 ’ῌσανδέγνὼμαι
1799 4466 2041 4552 διάφοροι
2092 4471 2151 4552 ἐν

585 4536 651 4613 τῇ
706 4536 993 4612 περιτομῇ.
1023 4538 1128 4593 Sed
1155 4539 1296 4609 quod
1324 4540 1549 4613 subiicit
1560 4542 1616 4591 ἐν
1648 4536 1781 4613 υἱοῖς
1818 4536 2057 4613 Ἰσραὴλ,
2102 4541 2153 4593 id

582 4608 692 4682 jam
716 4608 970 4666 excusari
1004 4625 1108 4682 non
1134 4608 1329 4682 potest,
1360 4626 1481 4682 cum
1518 4608 1847 4664 Samaritani
1882 4623 2151 4677 nunquam

588 4679 688 4754 pro
714 4682 838 4754 (aliis
867 4680 1024 4754 Israel
1063 4679 1478 4754 habitifueriut.

654 4752 765 4822 (26)
806 4750 1147 4819 Πανάρετον
1180 4751 1431 4822 Σοφίαν·
1476 4749 1583 4816 τὰς
1633 4750 1979 4819 Σολομῶνος
2029 4753 2149 4802 [Ia-

577 4823 815 4891 ροιμίας
858 4822 1139 4875 ἐκάλουν.
1178 4821 1536 4891 Hieronymus
1570 4822 1620 4873 in
1662 4821 1946 4891 _(.'Itrouico,
1974 4822 2145 4889 olym-

587 4889 743 4961 piade
769 4903 1053 4957 cxxxv1,et
1085 4892 1137 4961 in
1183 4889 1502 4961 Prwfatione
1544 4893 1611 4943 ad
1636 4889 1935 4961 Proverbia
1984 4892 2141 4961 Suio-

586 4958 776 5024 rnouis,
830 4962 1024 5015 librum
1082 4958 1371 5029 Sapientiae
1413 4959 1539 5014 Jesu
1596 4960 1688 5013 lilii
1726 4958 2142 5026 Sirach,:rarci—

576 5049 757 5102 ρετον
783 5032 1038 5100 appellari
1072 5030 1286 5102 scribit.
1338 5029 1532 5084 Eadem
1565 5044 1724 5099 porro
1773 5032 1978 5102 ratione
2017 5044 2139 5100 pro-

585 5100 771 5156 verbia
813 5100 1114 5155 Salomonis
1156 5108 1367 5153 veteres
1412 5102 1764 5169 appellarunt,
1803 5100 2138 5169 πανάρετον

585 5172 829 5241 Σοφίαν.
857 5171 1061 5239 Quippe
1090 5168 1225 5224 liber
1248 5169 1361 5241 _ilIe
1389 5168 1861 5241 Sapientiteglesu
1915 5168 2009 5225 [illi
2058 5171 2138 5225 Si-

586 5238 741 5305 raéh,
778 5245 915 5311 apud
943 5238 1198 5294 l-lebrtcos
1234 5238 1511 5311 Parui:on
1556 5239 1886 5311 inscribitur,
1916 5242 2140 5311 perinde

585 5329 649 5367 ac
680 5307 1257 5380 Iiber'Proverbiorum
1307 5307 1630 5380 Salomonis.
1686 5310 1749 5363 Et
1801 5307 2145 5380 quemadmo-

585 5384 711 5436 dum
752 5382 1005 5436 Salomon
1064 5389 1183 5447 post
1236 5379 1527 5433 Parabolas
1561 5380 1853 5449 scripserat
1877 5381 2147 5435 Ecclesia-

585 5465 720 5506 stem
752 5466 801 5503 et
831 5453 1109 5506 Canticum
1152 5449 1517 5515 canticorum,
1547 5449 1624 5503 sic
1675 5450 1838 5503 etiam
1880 5452 2146 5506 Siraeides

586 5518 861 5573 l’arabolis
901 5522 1013 5574 suis
1047 5520 1426 5590 Ecclesiastem
1466 5531 1521 5573 et
1545 5518 1848 5590 Canticum
1873 5520 2147 5590 exemplo

588 5592 897 5647 Salomonis
949 5590 1165 5658 adjecit.
1199 5589 1492 5657 Utriusque
1542 5589 1706 5653 igitur
1734 5587 2008 5643 Parabolas
2056 5587 2141 5643 ili-

586 5672 684 5713 cta'
720 5678 844 5717 sunt
868 5664 937 5715 ab
961 5660 1199 5731 antiquis
1228 5660 1526 5731 πανάρετος
1548 5658 1744 5731 Σοφία.
1783 5660 1887 5731 Sed
1927 5671 1979 5715 et
2006 5661 2145 5731 liber

587 5732 681 5785 ille
708 5734 798 5801 qui
826 5731 1099 5800 Sapientia
1136 5729 1441 5784 Salomonis
1488 5730 1622 5784 falso
1640 5729 2147 5801 inscribitttr,1ravo't~

586 5798 744 5873 ρετος
774 5798 941 5872 Σοφία
970 5802 1166 5858 dicitur
1202 5800 1269 5857 ab
1301 5801 1594 5856 Athanasio
1641 5799 1692 5854 in
1722 5798 1968 5871 Synopsi,
1997 5810 2049 5854 ct
2080 5802 2145 5854 ab

2251 3495 2427 3551 αὐτῶν
2465 3496 2730 3548 Πούπλιον
2764 3494 3107 3567 μαρτυρῆσαι
3144 3493 3284 3547 κατὰ
3313 3493 3438 3556 τοὺς
3463 3492 3581 3545 τότε
3615 3490 3815 3562 συνέϐη

2251 3587 2541 3659 διωγμοὺς.
2565 3586 2841 3660 Κοδράτου
2868 3587 2924 3640 δέ
2960 3585 3096 3657 μετά
3118 3585 3208 3638 τὸν
3232 3586 3648 3657 μαρτυρήσαντα
3676 3584 3817 3637 Πού-

2254 3677 2405 3733 πλιον
2438 3678 2805 3740 καταστάντος
2838 3675 3015 3730 αὐτῶν
3045 3675 3341 3728 ἐπισκόπου
3377 3674 3486 3747 (29)
3524 3674 3814 3745 μέμνηται,

2250 3769 2663 3843 ἐπιμαρτυρῶν,
2696 3769 2771 3834 ὡς
2801 3769 2889 3823 διὰ
2928 3767 3029 3839 τῆς
3060 3766 3221 3820 αὐτοῦ
3260 3766 3496 3836 σπουδῆς
3527 3769 3819 3836 ἐπισυναχ-

2257 3977 2560 4049 Epiphanio
2593 3976 2646 4029 in
2672 3975 2810 4049 libro
2842 3972 2917 4049 De
2945 3971 3281 4049 ponderibus.
3315 3968 3513 4049 Verum
3537 3977 3595 4049 ut
3618 3967 3708 4021 hic
3752 3968 3820 4020 li-

2257 4039 2375 4105 ber'
2397 4049 2531 4102 falso
2560 4046 2849 4101 aseribitur
2879 4039 3153 4099 Sa’lomoui
3180 4080 3196 4106 ,
3239 4041 3317 4097 sic
3348 4039 3595 4095 Panareti
3650 4053 3819 4093 voca-

2251 4119 2437 4175 bulum
2466 4117 2603 4172 ialso
2628 4125 2866 4184 usurpat.

2323 4209 2656 4282 (27)A‘A.U,&
2684 4206 2910 4282 γὰρ-ἐφ’
2930 4205 3134 4282 ἕτερον
3171 4204 3285 4282 ἤδη
3321 4200 3816 4282 ,ιιεςζαϐαζέονφΑὒ

2250 4269 2534 4337 ιιίἐνθίὺίε
2565 4269 2725 4348 caput
2746 4269 2815 4331 93
2845 4269 3035 4347 incipit
3059 4278 3111 4330 in
3149 4269 3336 4330 codice
3373 4273 3668 4336 Mazarino,
3704 4269 3812 4325 Re-

2250 4354 2337 4424 gio
2364 4361 2419 4406 et
2452 4348 2768 4405 Fuketiaao.

2328 4443 2449 4515 (28),
2489 4439 2857 4515 Ὀρθοδοξίας
2885 4435 3278 4515 κ-αζηχητιριή.
3307 4435 3361 4489 In
3404 4433 3571 4489 tribus
3615 4434 3815 4488 codici-

2263 4508 2361 4568 bus
2403 4508 2575 4576 Maz.)
2620 4510 2759 4565 Med.
2803 4521 2858 4563 et
2905 4508 3041 4564 Fuk.
3081 4509 3341 4578 scriptum
3390 4515 3471 4560 est.
3519 4522 3816 4578 κατηχητι-

2261 4585 2380 4655 κῆς.
2410 4583 2517 4637 Sed
2550 4580 3160 4655 vulgatam___lcct_ionem
3194 4576 3389 4655 inagis
3411 4576 3611 4655 probo,
3652 4591 3813 4655 quam

2260 4644 2549 4709 conﬁrmat
2609 4644 2771 4705 eiiam
2812 4648 3164 4719 Nicephorius.
3217 4646 3307 4701 Sic
3342 4644 3813 4719 enimilleAhunc

2259 4724 2471 4778 Eusebii
2503 4722 2677 4775 locum
2705 4713 2969 4793 expressit
3000 4738 3014 4773 :
3052 4713 3151 4793 Ὧν
3186 4717 3453 4793 μίαᾼπρὸς
3479 4713 3818 4793 ῥακεδαιμο-

2180 4804 2224 4859 ι)
2253 4793 2396 4858 νίους
2432 4792 2565 4857 ἐστὶ,
2602 4785 2900 4861 κατήχησιν
2929 4785 3256 4860 περιέχουσα
3288 4785 3607 4858 ὁρθοδοξίας.

2318 4885 2429 4953 (29)
2463 4882 2759 4951 Κοδρᾶτον
2779 4880 2845 4953 δὲ
2858 4881 3072 4953 μετὰ...
3090 4880 3394 4953 Πούπλιον
3412 4874 3818 4953 καταᾳτάντος

2244 4948 2595 5009 ἐπισκόπου.
2627 4952 2777 5007 Hune
2811 4948 3140 5017 Quadratum
3158 4950 3483 5003 Athenarum
3507 4948 3813 5015 episcopum

2244 5026 2675 5093 diStiuguendum
2696 5036 2813 5077 esse
2829 5021 3078 5093 existimo
3096 5019 3417 5093 {Quadrato
3436 5017 3523 5093 illo
3542 5016 3813 5084 apostolo-

2244 5112 2360 5149 rum
2382 5089 2659 5162 discipulo,
2682 5093 2833 5162 cujus
2866 5091 3110 5162 meminit
3121 5089 3379 5162 Eusebius
3407 5089 3560 5162 inlib.
3590 5102 3668 5162 ut,
3692 5102 3810 5162 cap.

2244 5166 2330 5228 '57,
2370 5167 2461 5234 qui
2502 5158 2607 5217 una
2639 5158 2761 5234 cuni
2784 5160 3014 5234 Philippi
3042 5159 3254 5234 ﬁliabus
3280 5158 3588 5234 prophetico
3607 5159 3817 5234 charis-

2248 5228 2655 5297 mate'ornatus,
2672 5228 3016 5302 Evangeliuin
3041 5230 3205 5302 variis
3235 5230 3287 5282 in
3314 5228 3457 5302 locis
3482 5228 3813 5295 praedicavit.

2246 5305 2398 5359 Hune
2426 5304 2568 5358 enim
2603 5297 2912 5372 episcOpum
2955 5315 3061 5355 non
3110 5300 3274 5353 fuisse
3313 5297 3481 5372 liquet
3530 5312 3595 5372 es
3624 5311 3818 5372 supra-

2244 5377 2387 5430 dicto
2408 5366 2805 5429 Eusebii'locoI
2830 5372 3138 5437 Quadratus
3164 5380 3342 5423 autem
3373 5367 3463 5421 ille
3496 5367 3584 5435 qui
3621 5366 3819 5433 Apolo-

2240 5447 2458 5523 geticuln
2491 5459 2586 5523 pro
2616 5442 2873 5523 religione
2898 5450 3079 5523 nostra
3092 5440 3340 5523 Adriano
3366 5438 3723 5523 inip..ob'tulit,
3748 5438 3817 5492 de

2243 5509 2351 5583 quo
2394 5509 2652 5568 Eusebius
2700 5509 2755 5565 iii
2785 5510 3049 5583 principio
3085 5510 3212 5583 libri
3254 5510 3456 5583 quarti,
3493 5509 3705 5583 is_i_pse_
3730 5518 3815 5583 est

2245 5577 2608 5654 apostolorum
2643 5577 3039 5654 discipulus—ut
3067 5577 3531 5654 diserteaﬂirmat
3552 5577 3818 5654 Eusebius
3906 5642 3912 5651 η

2243 5648 2295 5709 in
2314 5653 2591 5708 Chronico.
2615 5653 2720 5709 Sed
2746 5648 3048 5721 Quadratus
3074 5652 3403 5721 Athenarum
3430 5648 3815 5721 episcopus,ab

2244 5725 2336 5780 illo
2360 5724 2721 5795 apostolorum
2754 5719 3013 5795 discipulo
3035 5735 3253 5795 prorsus
3276 5719 3681 5795 distinguendus
3703 5727 3810 5795 est.

2247 5786 2409 5861 Nam,
2436 5805 2490 5849 ut
2517 5810 2674 5865 supra
2709 5795 2836 5861 dixi,
2868 5786 3174 5861 Quadratus
3200 5789 3286 5846 ille
3324 5787 3683 5859 apostolorum
3730 5786 3818 5840 di-
