4140 6430
207 403 310 460 585

1168 398 1516 456 HISTORIE
1554 397 2111 457 ECCLESIASTICJB
2148 399 2276 456 LIB.
2315 398 2406 457 IV.

3349 404 3455 461 386

208 519 403 573 θέντων
439 517 542 570 καὶ
585 516 679 587 τῆς
729 513 962 578 πίστεως
1007 512 1432 586 ἀναζωπύρησιν
1481 515 1790 588 εἰληχότων.

1903 515 2171 571 uiensium
2203 515 2362 590 ιω
2393 526 2476 572 est
2505 517 2838 574 constitutus
2868 535 2883 572 :
2913 516 3138 588 ejusque
3184 518 3368 575 labore
3403 505 3458 574 e‘

208 613 364 682 Δηλοῐ
385 609 432 664 δ’
470 612 572 664 ἐπὶ
600 608 827 671 τούτοις,
857 607 933 671 ὡς
958 609 1053 662 καὶ
1089 609 1362 672 Διονύσιος
1393 611 1421 662 ὁ
1469 610 1787 681 Ἀρεοπαγί-

207 717 301 773 της
332 700 440 753 ὑπὸ
472 700 576 753 τοῦ
607 698 903 752 ἀποστόλου
947 697 1160 752 Παύλου
1189 700 1528 771 προτραπεὶς
1559 699 1652 753 ἐπὶ
1686 701 1787 771 τὴν

210 794 387 847 πίστιν
420 793 573 846 κατὰ
616 791 684 844 τὰ
714 792 770 844 ἐν
814 793 932 854 ταῖς
966 789 1205 862 Πράξεσι
1237 791 1600 863 δεδηλωμένα,
1637 792 1789 864 πρῶ-

209 899 293 945 τος
323 881 426 950 τῆς
486 879 787 951 Ἀθηναίων
818 879 1110 950 παροικίας
1146 879 1247 950 τὴν
1292 879 1594 952 ἐπισκοπὴν
1631 883 1791 949 ἐγκε-

213 975 468 1046 χείριστο.
503 973 674 1043 ’Ἄλλη
708 971 751 1024 δ’
786 970 1040 1042 ἐπιστολή
1073 989 1160 1035 τις
1189 970 1355 1025 αὑτοῦ
1384 971 1522 1044 πρὸς
1547 971 1792 1044 Νικομη-

211 1066 325 1128 δέας
350 1064 612 1136 φέρεται·
649 1066 706 1117 ἐν
798 1062 896 1133 τὴν
929 1063 1252 1135 Μαρκίωνος
1275 1063 1483 1135 αἵρεσιν
1511 1063 1785 1134 πολεμῶν,

211 1158 282 1230 τῷ
317 1159 417 1229 τῆς
466 1157 731 1228 ἀληθείας
780 1155 1109 1226 παρίσταται
1161 1156 1345 1210 κανόνι
1389 1156 1524 1228 (50).
1573 1157 1683 1210 Καὶ
1717 1157 1785 1229 τῇ

224 1248 522 1320 Ἐκκλησία
571 1247 628 1301 δέ
671 1250 736 1318 τῇ
777 1246 1117 1320 παροικούσῃ
1166 1247 1444 1320 Γόρτυναν
1510 1247 1628 1320 ἅμα
1667 1250 1789 1312 ταῖς

214 1338 418 1401 λοιπαῖς
467 1338 617 1392 κατὰ
660 1339 882 1410 Κρήτην
915 1338 1227 1409 παροικίαις
1252 1339 1579 1403 ἐπιστείλας,
1602 1338 1791 1392 Φίλιπ-

216 1447 305 1484 πον
329 1429 638 1484 ἐπίσκοπον
665 1429 845 1483 αὐτῶν
872 1429 1213 1502 ἀποδέχεται,
1261 1430 1354 1485 ἆτε
1382 1431 1446 1504 δὴ
1475 1432 1567 1485 ἐπὶ
1599 1432 1784 1486 πλείσ-

214 1537 322 1584 ταις
353 1518 467 1592 (51)
510 1520 962 1592 μαρτυρουμένης
982 1521 1365 1594 ἀνδραγαθίαις
1387 1521 1486 1592 τῆς
1514 1522 1604 1574 ὑπ’
1628 1522 1787 1576 αὐτὸν

227 1612 574 1683 Ἐκκλησίας,
608 1613 708 1684 τήν
735 1630 796 1666 τε
833 1612 940 1666 τῶν
972 1613 1260 1684 αίρετικῶν
1289 1612 1617 1684 διαστροφὴν
1651 1614 1787 1667 ὑπο-

219 1707 508 1777 μιμνήσκει
544 1706 926 1775 φυλάττεσθαι.
957 1707 1148 1777 Καὶτῇ
1187 1705 1483 1778 Ἐκκλησία
1508 1705 1565 1758 δὲ
1587 1709 1652 1778 τῇ
1680 1724 1787 1762 πα-

219 1799 468 1873 ροικούσῃ
499 1801 809 1870 ’Ἄμαστριν
847 1799 962 1871 ἃμα
994 1802 1113 1862 ταῖς
1141 1796 1286 1852 κατὰ
1315 1797 1516 1853 Πόντον
1546 1799 1787 1853 ἐπιστεί-

1888 607 2154 662 industria
2194 609 2345 662 cives
2396 608 2574 663 denuo
2603 609 2658 662 in
2686 607 2987 664 Ecclesiam
3031 610 3370 676 convenisse,
3400 619 3457 665 et

1888 698 2185 754 redivivum
2216 700 2336 755 lidei
2369 700 2615 756 ardorem
2647 701 2698 756 in
2734 702 2839 756 illis
2895 710 3206 772 reparatum
3233 717 3350 758 esse
3382 713 3474 766 te:

1887 799 2085 845 statur.
2115 790 2305 846 Refert
2366 800 2625 860 praeterea
2684 793 2999 864 Dionysium
3044 779 3479 865 Areopagitam,5

1885 883 1974 952 qui
2011 897 2040 936 a
2063 881 2228 937 Paulo
2255 883 2496 952 apostolo
2520 885 2586 938 ad
2622 884 2782 940 fidem
2811 900 3108 942 conversus
3133 895 3236 952 est,
3266 867 3480 956 quem?

1886 975 2170 1032 admodum
2238 977 2472 1030 traditur
2519 975 2573 1030 in
2623 977 2847 1034 Actibus
2894 978 3287 1048 apostolorum,
3344 980 3456 1048 pri-

1889 1083 2033 1123 mum
2085 1069 2324 1124 omnium
2381 1067 2637 1125 Ecclesiae
2689 1071 3038 1126 Atheniensis
3092 1072 3454 1126 sacerdotium

1887 1160 2210 1231 suscepisse.
2239 1159 2346 1216 Sed
2380 1169 2435 1216 et
2468 1160 2573 1214 alia
2603 1161 2718 1230 ejus
2742 1163 2968 1232 epistola
2999 1171 3175 1218 exstat
3202 1163 3268 1218 ad
3292 1162 3454 1216 Nico-

1889 1256 2217 1322 medienses,
2247 1257 2297 1310 in
2331 1269 2437 1324 qua
2487 1254 2778 1312 Marcionis
2811 1257 3060 1312 hmresim
3111 1257 3454 1327 impugnans,

1884 1348 2131 1404 veritatis
2162 1347 2361 1420 regular
2395 1348 2629 1405 firmiter
2655 1349 2997 1404 adhaerescit.
3029 1347 3285 1404 Ecclesia:
3314 1363 3456 1417 prmo

1891 1448 2034 1494 terea
2085 1438 2532 1511 Gortynensium,
2590 1449 2644 1494 et
2705 1439 2931 1508 reliquis
2987 1438 3147 1494 simul
3199 1437 3460 1492 Ecclesiis

1887 1532 2061 1589 Cretae
2089 1532 2303 1589 litteras
2330 1533 2598 1600 scribens,
2625 1533 2934 1604 episcopum
2971 1532 3207 1603 ipsorum
3256 1530 3458 1600 Philip-

1886 1641 2013 1696 pum
2054 1614 2382 1696 m'agntipere
2435 1626 2732 1696 praedicat,
2782 1626 2979 1696 quippe
3023 1623 3178 1694 cujus
3217 1622 3460 1677 Ecclesia

1888 1718 2163 1790 egregiam
2217 1716 2431 1772 laudem
2487 1717 2821 1773 fortitudinis
2872 1727 2927 1773 et
2980 1716 3226 1788 generosi
3271 1715 3458 1782 animi,

1888 1807 2161 1865 communi
2205 1811 2447 1864 omnium
2496 1823 2764 1864 consensu
2817 1808 3140 1862 retulisset:
3169 1814 3460 1875 monetque

214 1890 325 1957 λας,
353 1891 692 1964 Βακχυλίδου
725 1893 821 1963 μὲν
848 1893 942 1946 καὶ
976 1891 1279 1956 Ἐλπίστου,
1313 1890 1388 1956 ὡς
1423 1891 1488 1946 ἂν
1513 1891 1673 1946 αὐτὸν
1694 1893 1787 1946 ἐπὶ

1899 1913 1951 1956 ιιι
1982 1901 2051 1957 ab
2075 1900 2455 1956 hmreticorum
2491 1901 2682 1954 fraude
2709 1914 2772 1954 ac
2803 1899 3043 1954 versutia
3072 1897 3176 1953 sibi
3205 1906 3458 1953 caveant.

216 1984 273 2038 τὸ
297 1984 504 2055 γράψαι
530 1984 952 2056 προτρεψάντων
981 1983 1270 2054 μέμνηται,
1291 1983 1524 2054 Γραφῶν
1545 2001 1606 2037 τε
1631 1983 1788 2038 θείων

219 2075 500 2147 ἐξηγήσεις
536 2074 949 2148 παρατέθειται,
997 2075 1295 2128 ἐπίσκοπον
1343 2075 1520 2129 αὐτῶν
1565 2075 1791 2148 ὀνόματι

222 2168 438 2239 Παλμαν
488 2167 880 2239 ὑποσημαίνων
904 2182 917 2196 °
969 2165 1138 2221 πολλὰ
1183 2166 1241 2220 δὲ
1291 2167 1420 2240 περὶ
1464 2166 1644 2239 γάμου
1698 2169 1792 2222 καὶ

220 2261 434 2329 ἁγνείας
466 2265 584 2326 τοῖς
620 2264 802 2326 αὐτοῖς
850 2265 1125 2335 παραινεῖ.
1172 2263 1284 2317 Καὶ
1314 2264 1440 2327 τοὺς
1489 2263 1549 2328 ἐξ
1592 2263 1710 2327 οἵας
1743 2263 1785 2317 δ’

221 2348 305 2407 οὖν
335 2352 729 2419 ἁποπτώσεως,
753 2355 861 2409 εἴτε
889 2355 1283 2428 πλημμελείας,
1312 2356 1421 2409 εἴτε
1457 2355 1562 2427 μὴν
1589 2358 1792 2428 αἱρετι-

222 2445 319 2514 κῆς
342 2447 558 2518 πλάνης
592 2448 1047 2520 ἐπιστρέφοντας,
1089 2447 1390 2514 δεξιοῦσθαι
1441 2450 1789 2521 προστάττει.

224 2536 449 2602 Ταύταις
475 2538 617 2609 ἄλλη
647 2537 1054 2608 ἐγκατείλεκται
1074 2539 1209 2609 πρὸς
1235 2539 1548 2603 Κνωσσίους
1578 2541 1796 2593 ἐπιστο-

225 2629 306 2700 λὴ,
338 2633 394 2684 ἐν
491 2631 726 2685 Πινυτὸν
755 2631 856 2702 τῆς
890 2632 1182 2703 παροικίας
1214 2632 1515 2687 ἐπίσκοπον
1544 2648 1795 2702 παρακα-

227 2721 322 2789 λεῖ,
350 2724 424 2797 μὴ
458 2723 601 2796 βαρὺ
631 2723 849 2796 φορτίον
879 2723 1184 2794 ἐπάναγκες
1207 2723 1267 2777 τὸ
1290 2724 1418 2796 περὶ
1444 2723 1665 2794 ἁγνείας
1683 2724 1798 2788 τοῖς

233 2945 789 3019 εςῑριιῐμθιιιιιιηιιιιιιι
812 2945 1097 3019 episcopus
1127 2943 1247 3000 fuit.
1283 2945 1441 3019 Certe
1463 2961 1564 3019 nec
1601 2945 1794 3019 Diony-

235 3018 336 3070 sius
375 3017 784 3072 Corinthiorum
834 3017 1143 3087 episcopus,
1209 3031 1309 3071 nec
1345 3015 1606 3072 Eusebius
1645 3015 1791 3084 Qua-

237 3088 435 3141 dnituui
467 3087 803 3141 Athenarum
863 3088 1171 3157 episcopum
1231 3087 1383 3140 aiunt
1430 3087 1598 3142 fuisse
1629 3088 1794 3143 disci-

237 3157 406 3224 pulum
462 3157 852 3226 apostolorum.
921 3157 1073 3224 Quod
1131 3157 1313 3226 utique
1372 3159 1624 3212 omissuri
1689 3175 1791 3214 non

236 3237 399 3318 erant,
423 3229 466 3282 si
497 3243 600 3318 res
621 3228 1106 3318 itajse‘jiali‘uisset,
1133 3243 1254 3318 cum
1278 3227 1390 3281 hare
1418 3227 1498 3282 vel
1528 3228 1792 3318 praecipua
1823 3260 1867 3318 α

238 3297 345 3351 laus
372 3309 518 3355 esset
557 3298 834 3366 Quadrati.
874 3296 1134 3353 Praeterea
1168 3307 1465 3366 temporum
1495 3296 1633 3352 ratio
1667 3296 1797 3355 satis

239 3367 511 3440 admonet,
572 3378 642 3440 ut,
681 3369 780 3440 hos
848 3369 982 3424 duos
1029 3367 1352 3440 Quadratos;
1382 3369 1792 3440 distinguamus.

239 3436 532 3503 Quadratus
562 3439 702 3493 enim
728 3439 817 3493 ille
843 3439 1204 3508 apostolorum
1227 3438 1516 3509 discipulus
1542 3436 1646 3494 rion
1675 3456 1798 3509 pro-

242 3511 392 3562 cessit
418 3510 564 3563 ultra
593 3519 832 3578 tempora
863 3509 1206 3577 imperatoris
1225 3509 1466 3562 Adriani.
1493 3508 1796 3575 Quadratus

240 3591 359 3632 vero
403 3580 736 3635 Athenarum
791 3582 1072 3648 episcopus
1117 3578 1411 3634 Ecclesiam
1465 3579 1606 3634 illam
1656 3583 1798 3635 rexit

242 3649 532 3721 principatu
569 3649 731 3703 Marci
759 3650 1035 3721 Antonini,
1055 3659 1120 3721 ut
1140 3659 1357 3721 constat
1375 3664 1443 3704 ex
1465 3649 1567 3705 hac
1592 3649 1796 3721 Diony-

245 3719 301 3790 sii
347 3723 409 3774 ad
435 3721 796 3777 Athenienses
832 3720 1076 3790 cpistola.
1108 3719 1238 3773 Nam
1273 3718 1559 3790 Dionysius
1603 3721 1667 3776 de
1696 3718 1796 3777 hoc

245 3787 505 3862 Quadrato
556 3792 793 3862 loquitur
832 3787 1093 3862 tanquam
1135 3791 1200 3862 de
1236 3787 1580 3862 aequali,_qni
1611 3806 1797 3847 recens

244 3860 515 3915 ordinatus
555 3859 741 3916 fuisset
763 3859 1045 3929 episcopus
1073 3861 1426 3914 Athenarum.
1457 3859 1668 3914 Floruit
1698 3875 1797 3914 an-

249 3939 340 4004 t‘cm
369 3931 657 4004 Dionysius
685 3931 1086 4004 Corinthiorum
1118 3931 1402 4000 episcopus
1439 3940 1698 4004 regnante
1721 3930 1794 3988 Μ.

247 3999 526 4057 Antonino:
561 4003 741 4068 Quare
774 4002 1026 4072 assentiri
1068 3999 1172 4056 non
1197 3999 1799 4072 possumﬁB.’llierony-

249 4085 345 4134 mo,
376 4075 463 4141 qui
510 4073 608 4127 hos
645 4073 776 4127 duos
808 4071 1110 4141 Quadratos
1144 4073 1362 4126 minime
1397 4071 1661 4124 distinxit.
1707 4071 1797 4126 Sic

247 4140 617 4210 enim’scribit
647 4144 699 4196 in
734 4143 870 4196 libro
910 4140 984 4195 De
1009 4143 1347 4210 scriptoribus
1391 4142 1796 4210 ecclesiasticis:

250 4209 544 4282 Quadratus
563 4214 918 4282 apostolorum
937 4209 1240 4276 discipulus,
1270 4209 1455 4264 Publio
1479 4211 1797 4266 Athenarum

250 4281 473 4353 episcopo
502 4285 560 4336 ob
582 4283 776 4338 Christi
803 4283 958 4353 [idem
981 4285 1234 4351 martyrio
1250 4290 1520 4345 coronato,
1551 4283 1604 4334 in
1628 4283 1798 4334 locum

251 4351 351 4418 ejus
374 4351 727 4416 substituitur.
758 4363 806 4408 et
840 4351 1129 4406 Ecclesiam
1158 4353 1345 4421 grandi
1375 4365 1569 4404 terrore
1599 4353 1800 4420 disper-

252 4437 374 4493 sam,
401 4427 506 4493 ﬁde
543 4434 590 4477 et
626 4424 1011 4493 industriaisua
1039 4432 1338 4493 congregat,
1363 4423 1634 4493 etctldem
1665 4424 1799 4476 scri-

255 4491 345 4565 bit!
373 4490 422 4548 in
473 4496 695 4565 epistola
749 4497 815 4550 ad
863 4492 1110 4565 Magnum
1141 4490 1425 4565 oratorem
1470 4490 1796 4546 Romanum.

256 4561 348 4644 Sed
373 4578 422 4619 ct
456 4561 520 4644 in
542 4565 849 4644 Graecorum
879 4563 1204 4644 'l‘llenplogio,
1238 4563 1544 4644 Quadratus
1582 4572 1799 4644 aposto-

1890 1989 1946 2045 In
1969 1991 2193 2062 epistola
2207 2006 2337 2046 vero
2351 2007 2513 2062 quam
2542 1990 2728 2045 scribit
2750 1990 2816 2045 ad
2837 1989 3133 2046 Ecclesiam
3160 1990 3463 2044 Amastria-

1890 2097 2083 2137 norum
2144 2092 2198 2139 et
2236 2092 2460 2138 caeteras
2513 2081 2671 2137 simul
2726 2081 2998 2137 Ecclesias
3045 2083 3222 2147 Ponti,
3251 2097 3309 2137 se
3339 2081 3460 2151 qni-

1891 2174 2014 2230 dem
2043 2189 2073 2228 a
2103 2174 2433 2246 Bacchylide
2466 2182 2520 2230 et
2551 2173 2758 2243 Elpisto
2791 2174 2856 2228 ad
2887 2173 3230 2229 scribendum
3263 2175 3462 2244 imp-ul-

1896 2280 2014 2320 sum
2044 2279 2163 2319 esse
2191 2273 2602 2320 commemorat.
2659 2265 2978 2334 EpiscOpum
3016 2272 3192 2320 autem
3221 2264 3460 2334 ipsorum

1894 2356 2134 2414 Palmam
2164 2357 2481 2412 nominatim
2508 2357 2808 2427 appellans,
2841 2371 3116 2412 sacrarum
3151 2355 3463 2426 Scriptura-

1896 2466 2018 2507 rum
2053 2449 2444 2520 espositionem
2479 2449 2662 2505 affert.
2707 2447 2870 2502 Multa
2903 2463 3117 2520 quoque
3154 2450 3221 2504 de
3263 2449 3466 2518 nuptiis

1898 2550 1953 2598 et
1975 2541 2042 2596 de
2067 2541 2318 2596 castitate
2347 2541 2427 2596 eis
2451 2541 2696 2611 praecipit
2727 2558 2741 2594 :
2772 2549 2826 2595 et
2855 2553 3077 2596 cunctos
3103 2541 3192 2610 qui
3219 2557 3248 2595 a
3275 2541 3464 2611 quovis

1900 2632 2072 2702 lapsu,
2100 2634 2215 2688 sive
2240 2631 2461 2697 delicto,
2487 2632 2600 2688 sive
2619 2632 2784 2686 etiam
2815 2633 2882 2687 ab
2909 2632 3163 2687 hazrctiea
3195 2633 3466 2702 pravitate

1902 2723 2174 2790 resiliunt,
2203 2721 2434 2791 benigne
2461 2722 2663 2792 suscipi
2691 2720 2866 2792 jubet.
2887 2720 2942 2775 In
2969 2722 3160 2777 eodem
3191 2723 3464 2778 volumine

1898 2959 2086 3001 omnes
2115 2951 2348 3000 constat.
2397 2942 2505 2998 Nec
2535 2942 2812 3012 probabile
2837 2952 2917 2997 est
2942 2942 3090 2996 illum
3122 2942 3286 2996 vitam
3328 2945 3466 2998 ulte-

1898 3017 2014 3071 rius
2035 3016 2375 3084 produxisse,
2400 3015 2599 3083 quippe
2629 3013 2718 3082 qui
2743 3013 2854 3082 jam
2880 3014 3199 3083 grandzcvus
3227 3013 3466 3084 adCln-i-

1900 3088 1967 3140 sti
1998 3083 2150 3140 fidem
2181 3100 2473 3140 conversus
2505 3087 2593 3138 sit.
2628 3084 2850 3138 Athenis
2882 3085 3024 3136 enim
3063 3098 3169 3137 non
3199 3083 3297 3137 nisi
3334 3100 3462 3153 pro-

1901 3165 2052 3212 vecta
2081 3156 2194 3226 jam
2236 3156 2580 3226 tetatecives
2615 3154 2668 3208 in
2696 3155 3033 3226 Areopagum
3075 3159 3466 3226 promoveban-

1904 3236 2007 3281 tur.
2035 3223 2185 3293 Quod
2217 3227 2260 3280 si
2295 3224 2538 3279 Publium
2576 3225 2621 3279 ei
2656 3223 2901 3292 proxime
2921 3223 3266 3278 successisse
3311 3226 3465 3279 dica-

1903 3313 2053 3358 mus,
2089 3312 2208 3350 cun".
2261 3295 2347 3349 hic
2397 3296 2699 3364 principatu
2726 3293 2812 3366 ΑΜ.
2847 3294 3098 3347 Antonini
3145 3297 3464 3366 martyrium

1904 3367 2111 3427 fecerit.
2137 3367 2253 3434 plus
2279 3381 2441 3434 quam
2476 3381 2580 3420 Lxx
2611 3364 2769 3434 annis
2802 3367 2852 3417 in
2884 3367 3191 3432 episcopatu
3227 3364 3346 3418 eum
3378 3368 3463 3420 vi-

1904 3438 2050 3491 xisse
2071 3433 2353 3490 dieendnm
2385 3445 2486 3489 est.
2517 3433 2685 3490 Porro
2708 3433 2951 3487 Publium
2990 3444 3247 3502 regnante
3289 3434 3470 3490 Marco

1903 3506 2130 3562 subiisse
2164 3505 2498 3576 martyrium,
2553 3520 2640 3576 ex_
2662 3506 2762 3559 hac
2792 3505 3028 3576 Dionysii
3075 3505 3140 3576 ad
3168 3505 3466 3560 Athenien-

1903 3592 1990 3631 ses
2023 3576 2248 3646 epistola
2287 3574 2577 3646 colligitur.
2620 3574 2848 3645 Scripsit
2889 3575 3031 3628 enim
3082 3574 3220 3628 hanc
3266 3576 3467 3643 episto-

1903 3647 2009 3701 lam
2065 3647 2351 3717 Dionysius
2407 3645 2476 3698 ad
2537 3646 3026 3717 Athenienscsput
3075 3659 3262 3717 eorum
3307 3647 3464 3717 tidem

1903 3713 2215 3781 suscitaret,
2247 3731 2366 3785 qua:
2407 3724 2532 3784 post
2584 3727 2808 3770 mortem
2854 3713 3051 3779 Publii,
3105 3715 3359 3781 dissipata
3396 3716 3469 3770 ob

1904 3788 2168 3841 fervorem
2196 3787 2586 3858 persecutionis
2613 3786 2874 3858 Ecclesia,
2907 3785 3132 3858 multum
3163 3785 3336 3858 fuerat
3361 3788 3466 3858 im;

1905 3858 2112 3912 minuta
2149 3873 2165 3913 :
2196 3852 2300 3910 nisi
2332 3857 2473 3923 quod
2504 3855 2808 3922 Quadratus
2856 3855 2945 3922 qui
2995 3857 3045 3907 in
3077 3852 3250 3906 locum
3290 3854 3463 3908 Publii

1904 3942 2095 3982 recens
2127 3928 2452 3982 substitutus
2484 3926 2680 3989 fuerat,
2716 3939 2833 3978 eam
2881 3925 3090 3992 erigere
3124 3935 3285 3994 atque
3322 3927 3469 3978 exci-

1906 4008 2021 4052 tare
2050 4007 2310 4066 cmperat.
2360 3995 2524 4062 Cujus
2561 4004 2812 4050 conatum
2857 3994 3223 4066 ntadjavaret
3249 3995 3467 4066 Diony-

1903 4070 2038 4134 sius,
2075 4064 2195 4122 cum
2226 4068 2290 4121 ad
2309 4078 2429 4120 eum
2450 4075 2632 4135 utpote
2667 4064 3059 4132 metropolitem
3092 4064 3309 4118 Achaiae
3337 4080 3464 4118 cura

1906 4141 2020 4193 bmc
2041 4137 2358 4207 pertineret,
2392 4137 2531 4207 hanc
2572 4136 2638 4207 ad
2681 4135 3040 4207 Athenienses
3078 4135 3227 4207 dedil
3261 4135 3465 4201 cpisto-

1906 4209 2009 4262 lam
2029 4203 2055 4273 ,⁷
2075 4207 2363 4277 etquidem
2391 4207 2490 4260 sub
2519 4205 2672 4259 initio
2698 4205 3040 4277 episcopatus
3066 4203 3171 4256 sui.
3195 4204 3362 4260 Orsn.~
3382 4215 3466 4258 est

1907 4291 2083 4332 autem
2110 4274 2477 4344 episc0patum
2512 4277 2838 4344 temporibus
2864 4274 3066 4328 Soteris
3099 4289 3266 4342 ριψλυ,
3296 4284 3354 4328 ιιι
3383 4291 3467 4326 stt-

1905 4365 1998 4414 pra
2032 4351 2160 4410 disi,
2183 4360 2302 4416 post
2333 4348 2537 4401 obitum
2565 4345 2754 4410 Primi,
2786 4345 3464 4416 Corinthiorumepiseopi,

1905 4434 2061 4486 quem
2087 4415 2424 4472 snb’Aniceto
2443 4418 2647 4486 sedisse
2665 4416 2819 4470 testis
2835 4429 2914 4486 est
2939 4415 3237 4484 llcgesippu
3255 4435 3292 4468 ς.
3315 4417 3465 4480 Quod

1906 4485 1951 4544 si
1992 4488 2211 4544 Publius
2249 4488 2349 4542 sub
2375 4485 2610 4554 Trajano
2634 4499 2824 4555 passus
2853 4485 3061 4548 fuisset,
3095 4495 3153 4537 ut
3205 4489 3316 4538 vult
3345 4487 3463 4538 διε-ρο

1908 4560 2158 4623 mondus,
2201 4557 2336 4613 nihil
2360 4556 2472 4626 jam
2508 4572 2684 4611 causa:
2711 4564 2830 4609 erat
2866 4571 2962 4626 cur
3005 4555 3289 4625 Dionysius
3319 4565 3467 4626 tanto

257 4632 332 4702 lus
358 4637 704 4689 confunditur
730 4650 850 4688 cum
873 4620 1146 4701 Quadrafo
1168 4620 1502 4702 Athenarum
1526 4620 1796 4702 episcopo.
1830 4620 1874 4676 D
1905 4639 2025 4699 pOSl
2077 4620 2787 4702 tempore_Atlienieusibus
2810 4625 3075 4702 scriberet
3109 4620 3469 4702 ιιξίβυεείιιιιι-

262 4701 438 4774 γεω...
478 4708 528 4759 in
566 4705 756 4774 Typico
783 4704 1094 4759 monasterii
1125 4703 1182 4756 S.
1209 4703 1368 4774 Saba}
1405 4701 1492 4755 hic
1516 4718 1670 4774 error
1697 4719 1802 4774 non

259 4771 491 4828 habetur.
513 4776 600 4829 Sic
611 4771 758 4829 enim
774 4775 830 4828 in
847 4792 910 4829 eo
929 4775 1120 4842 legitur
1139 4774 1224 4828 die
1239 4773 1303 4826 ‘21
1337 4772 1688 4838 Septembris,
1709 4773 1803 4826 τοῦ

259 4844 398 4916 ἁγίου
439 4846 732 4899 ἀποστόλου
768 4845 1042 4916 Κοδρὲπου
1076 4842 1170 4898 τοῦ
1205 4846 1261 4897 ἐν
1290 4845 1356 4915 τῇ
1385 4842 1698 4916 Μαγνησίᾳ.
1739 4842 1808 4896 Ει

265 4915 364 4969 haec
390 4920 602 4986 quidem
632 4918 697 4971 de
718 4913 991 4986 Quadrato
1015 4913 1353 4970 Athenarum
1371 4913 1622 4986 episcopo
1641 4913 1679 4986 Aa
1699 4930 1806 4986 ino-

263 4986 335 5038 bis
360 4982 638 5042 observata
676 4990 810 5042 sint.
856 4985 1006 5052 Quod
1041 5001 1169 5040 vero
1205 4993 1412 5053 spectat
1457 4985 1524 5036 ad
1558 4982 1804 5038 Publium

265 5053 584 5126 decessorem
638 5056 921 5123 Quadrati,
966 5056 1247 5126 plerosque
1293 5055 1364 5108 ita
1391 5053 1594 5126 sentire
1630 5055 1802 5121 video,

266 5121 488 5199 Publiqu
511 5121 936 5199 hunc'Diouysio
964 5121 1304 5199 :Areopagita:
1327 5125 1570 5199 proxime
1592 5139 1807 5199 succes-

267 5195 401 5251 sisse.
437 5199 509 5251 Ita
542 5193 904 5253 Baronius'in
963 5193 1335 5252 Notationibus
1390 5197 1456 5246 ad
1488 5193 1806 5263 Martyrolo-

270 5265 395 5332 gium
415 5267 738 5335 Romanum,
763 5269 1081 5322 Sirmondus
1109 5268 1160 5319 in
1186 5264 1566 5319 dissertatione
1589 5262 1663 5317 De
1677 5265 1806 5318 dao-

271 5340 352 5410 bus
376 5338 651 5410 Dionysiis,
675 5337 992 5410 Blondellus
1004 5338 1062 5410 in
1091 5337 1589 5410 praafatioueguam
1620 5336 1808 5402 Apolo-

271 5407 358 5479 gia:
390 5404 920 5479 suae'pro’sententia
951 5404 1262 5478 Hieronymi
1293 5404 1545 5479 prafixit,
1589 5415 1649 5479 et
1679 5415 1808 5479 ante

275 5475 379 5547 illos
409 5475 700 5544 Usuardus,
737 5479 893 5547 cujus
950 5480 1063 5532 haec
1110 5475 1236 5532 sunt
1274 5477 1436 5530 verba
1480 5475 1710 5547 addiem
1737 5475 1801 5529 91

274 5541 527 5604 Januarii:
561 5541 773 5605 Natalis
803 5541 880 5603 Β.
925 5547 1102 5602 Publii
1133 5547 1382 5615 episcOpi,
1423 5545 1510 5614 qui
1531 5547 1808 5615 _secundus

274 5629 370 5692 Ροει
385 5618 687 5692 Dionysium
706 5621 1094 5692 AreOpagitam,
1113 5613 1502 5692 Atheniensium
1519 5613 1808 5692 Ecclesiam

278 5691 411 5755 fecit.
446 5687 637 5746 Veium
657 5708 780 5746 cum
815 5687 1198 5745 ii’ec'Eusebius
1227 5702 1326 5742 nec
1356 5687 1640 5755 Dionysius
1668 5687 1718 5738 id
1741 5689 1810 5739 de

278 5753 446 5816 Publio
485 5764 740 5826 dixerint,
768 5762 912 5816 haud
941 5758 1102 5815 facile
1142 5758 1464 5813 crediderim
1495 5753 1648 5810 illum
1680 5756 1806 5808 Dio-

279 5831 412 5894 Itysio
431 5832 671 5901 proxime
695 5830 1042 5901 successisse.
1063 5829 1230 5901 Certe
1262 5827 1552 5900 Dionysius
1569 5830 1810 5901 Areopa-

278 5907 397 5964 lttcs
431 5898 741 5973 principatu
785 5900 1076 5961 Domitiani
1118 5899 1250 5957 abiit
1295 5898 1503 5975 evita,
1556 5906 1616 5952 ut
1665 5898 1808 5952 inter

803 5990 837 6023 ς.

1905 4693 2027 4753 llam
2057 4693 2243 4752 eoruin
2279 4698 2470 4764 fidem,
2505 4711 2624 4751 cum
2643 4695 2755 4765 jatu
2787 4711 2816 4749 a
2845 4694 3118 4760 Quadrato
3146 4693 3198 4748 id
3226 4695 3468 4749 cumula-

1907 4779 1959 4825 te
1994 4768 2288 4835 praastitum
2315 4768 2526 4822 fuisset.

1975 4833 2085 4909 (30)
2140 4838 2290 4909 vulg.
2358 4835 2438 4901 τῷ
2508 4834 2618 4905 τῆς
2683 4834 3051 4909 ⁸ἶιᾷκκλησίας
3115 4833 3470 4909 ,παρίσταται

1904 4904 2131 4964 κανόνι.
2200 4904 2532 4978 Nicephorus
2571 4904 2639 4960 'in
2679 4904 2790 4978 libs
2823 4919 2897 4978 iv.
2955 4919 3075 4972 cap.
3126 4904 3196 4978 8._
3239 4919 3335 4974 pro
3384 4906 3467 4978 his

1906 4982 2086 5034 verbis
2160 4979 2274 5033 hinc
2332 4973 2555 5048 posuit,
2637 4974 2713 5048 τῷ
2776 4973 3207 5048 ἐκκλησιαστικῷ
3247 4973 3469 5048 ⁷-κανόνι

1907 5053 2124 5120 στοιχεῖ,
2166 5049 2220 5103 id
2255 5044 2362 5120 rest—
2385 5044 2973 5120 ecclesiasticte_rcguli_e
3028 5044 3240 5120 insistit_.
3276 5045 3330 5096 In
3360 5059 3468 5120 quo

1911 5114 2131 5175 sensum
2172 5119 2389 5188 quidem
2420 5119 2682 5186 expressit
2731 5115 2971 5188 Eusebii,
3029 5115 3124 5169 sed
3174 5114 3466 5188 vitaret-hi

1905 5183 2234 5263 παρίσταται
2290 5204 2394 5263 non
2434 5183 2515 5263 est
2572 5195 2868 5263 assecutus.
2901 5184 3028 5263 Vox_
3055 5193 3138 5239 est
3187 5183 3472 5263 familiaris

1907 5253 2138 5315 Eusebio
2185 5257 2569 5330 παρίστασθαι,
2603 5272 2723 5330 qua;
2763 5256 2902 5330 idem
2949 5255 3088 5330 valet
3117 5269 3181 5310 ac
3227 5253 3466 5330 probare,

1906 5342 2159 5393 astruere,
2189 5323 2500 5397 conﬁrmare
2529 5323 2593 5382 ac
2617 5323 2916 5396 defendere,
2937 5334 2994 5380 ut
3021 5324 3111 5378 hic
3132 5326 3298 5397 vertit
3317 5323 3469 5397 Rufi:

1908 5417 2030 5458 nus.
2075 5401 2166 5456 Sic
2195 5393 2457 5453 Eusebius
2492 5398 2630 5453 infra
2661 5393 2715 5449 in
2744 5397 2916 5466 capite
2946 5397 3135 5466 ultimo
3162 5395 3324 5463 hujus
3347 5393 3467 5446 libri

1909 5474 1975 5527 de
2033 5470 2367 5524 Bardessane
2401 5464 2866 5538 Ιοίιιιειιεείκανῶς
2906 5466 2984 5537 τῷ
3026 5464 3471 5538 λόγῳᾼπαριστα-

1911 5541 2075 5613 μένῳ·
2092 5555 2253 5613 quem
2286 5535 2600 5613 locum—non
2633 5538 2901 5613 intellexit
2922 5535 3464 5613 Cliristopborsonus.

1979 5604 2260 5684 (δ’ίγἊτε
2291 5609 2390 5684 *δὴ
2432 5609 2531 5665 ἐπὶ
2583 5608 2915 5684 πλείσταις.
2966 5604 3470 5684 Ita-legiturjtrcof

1907 5672 2029 5738 dice
2057 5672 2248 5752 Regio.
2287 5672 2394 5736 Sed
2439 5691 2547 5737 tres
2567 5681 2785 5752 reliqui,
2832 5672 2969 5752 Μαι.
3001 5672 3226 5752 scilicet,
3250 5672 3389 5726 Med.
3418 5680 3474 5752 et

1910 5753 2066 5818 Fuk.,
2098 5741 2352 5822 scriptum
2399 5752 2599 5809 habent
2653 5741 2728 5813 ὥς
2763 5741 2827 5805 ἂν
2864 5750 2955 5804 ἐπὶ
2994 5745 3293 5812 πλείσταις,
3329 5741 3473 5814 quod

1912 5827 2048 5882 idem
2071 5835 2174 5881 est.
