4140 6430
709 360 816 417 587

1413 356 1681 416 EUSEBII
1717 357 2193 417 CESABlENSlS
2233 356 2387 418 OPP.
2423 362 2601 420 PARS
2642 363 2682 419 Ι.
2722 395 2790 407 -
2830 364 3220 423 HISTORICA.
3828 380 3910 438 εδδ

707 479 1017 534 continetur
1039 476 1202 533 etiam
1233 476 1460 548 epistola
1488 480 1554 534 ad
1577 477 1860 545 Gnossios,
1894 479 1945 533 in
1978 495 2083 548 qua
2112 481 2261 552 Piny.

2318 487 2348 544 Α
2378 482 2623 551 ἀδελφοῖς
2657 482 2977 547 ἐπιτιθέναι,
3011 484 3110 556 τῆς
3151 484 3209 537 δὲ
3239 485 3350 540 τῶν
3384 485 3596 542 πολλῶν
3618 497 3917 566 καταστοχά-

705 577 820 625 tum
847 569 1105 626 Ecclesiae
1135 569 1280 625 illius
1302 571 1618 640 episcopum
1648 581 1850 635 monet,
1875 587 1943 628 ne
1959 589 2121 644 grave
2142 590 2280 630 onus

705 664 979 719 castitatis
1018 661 1256 716 fratrum
1291 665 1594 719 cervicibus
1618 673 1870 734 tanquam
1913 668 2278 720 necessarium

709 756 974 825 imponat,
1002 755 1093 810 sed
1127 755 1243 821 ejus
1270 770 1390 824 qum
1426 755 1477 809 in
1503 755 1775 826 plerisque
1803 755 2112 812 hominibus
2139 758 2282 813 inest

703 846 1040 902 inﬁrmitatis
1087 847 1354 900 rationem
1386 845 1602 902 habeat.
1643 845 1740 901 Cui
1779 847 2024 918 epistolae
2050 863 2279 918 respon-

704 943 840 996 dens
873 951 1058 1010 postea
1091 939 1340 1012 Pinytus.
1364 940 1727 995 admiratione
1755 941 1972 1010 quidem
2007 957 2070 998 ac
2101 942 2280 997 laudi-

703 1031 805 1086 hus
832 1033 990 1088 effert
1018 1034 1284 1104 imprimis
1305 1033 1622 1104 Dionysium
1649 1053 1662 1088 :
1688 1033 1782 1089 sed
1810 1044 1987 1090 tamen
2010 1036 2278 1103 hortatur,

702 1134 764 1178 ut
787 1125 1096 1181 solidiorem
1117 1126 1297 1180 cibum
1327 1127 1544 1180 tandem
1573 1125 1876 1194 impertiat,
1904 1135 1960 1182 et
1993 1127 2280 1182 transmis-

706 1220 781 1274 sis
815 1219 1010 1274 iterum
1041 1218 1384 1287 perfectioris
1419 1219 1676 1274 doctrinm
1702 1219 1902 1274 litteris
1929 1218 2140 1288 plebem
2171 1220 2277 1275 sibi

705 1312 1052 1365 commissam
1083 1311 1228 1365 alere
1255 1312 1422 1366 velit:
1448 1327 1515 1367 ne
1551 1311 1693 1368 forte
1721 1312 1916 1367 lacteis
1939 1315 2279 1369 sermonibus

704 1412 965 1472 perpetuo
994 1403 1245 1458 innutriti
1283 1404 1552 1468 homines,
1573 1405 1624 1458 in
1652 1404 1884 1459 infantili
1915 1405 2147 1474 quadam
2172 1405 2280 1460 dis-

704 1493 897 1559 ciplina
951 1494 1212 1559 paulatim
1275 1506 1690 1549 consenescant.
1731 1494 1862 1561 Qua:
1906 1495 2122 1564 quidem
2165 1495 2280 1564 epi-

703 1586 838 1639 stola
871 1595 928 1640 et
975 1595 1178 1641 rectam
1213 1586 1390 1657 Pinyti
1429 1585 1610 1654 fidem,
1662 1595 1715 1642 et
1761 1586 2175 1643 sollicitudinem
2213 1588 2280 1642 de

701 1678 946 1746 profectu
976 1679 1150 1764 plebis
1179 1680 1277 1750 ipsi
1304 1680 1626 1746 commissaz,
1652 1681 2020 1750 eloquentiam
2062 1695 2278 1751 quoque

699 1782 755 1826 et
789 1773 1037 1842 peritiam
1063 1789 1244 1828 rerum
1271 1773 1604 1836 divinarum,
1630 1773 1778 1828 velut
1813 1772 2008 1829 tabella
2033 1775 2270 1842 quadam

2380 573 2568 638 ζεσθαι
2614 573 2916 638 ἀσθενείας.
2961 575 3104 646 Πρὸς
3137 575 3202 646 ἢν
3242 577 3270 628 ὁ
3312 577 3542 643 Πινυτὸς
3581 580 3913 654 ἀντιγράφων,

2380 664 2648 737 θαυμάζει
2690 666 2788 738 μὲν
2821 669 2915 722 καὶ
2950 667 3270 737 ἀποδέχεται
3295 669 3388 722 τὸν
3415 671 3702 738 Διονύσιον,
3726 677 3920 734 ἀντιπα.

2383 758 2609 829 ρακαλεί
2629 758 2685 812 δὲ
2709 759 3068 832 στερροτέρας
3088 759 3189 830 ήδη
3217 762 3346 814 ποτὲ
3371 764 3705 832 μεταδιδόναι
3722 772 3919 841 τροφῆς,

2377 851 2731 922 τελειοτέροις
2755 852 3076 924 γράμμασιν
3119 852 3363 919 εἰσαῦθις
3403 855 3496 908 τὸν
3524 858 3614 910 ὑπ’
3641 860 3780 929 αὐτῷ
3818 861 3920 915 λαὸν

2380 941 2779 1014 ὑποθρέψαντα,
2831 941 2907 1004 ὡς
2958 939 3032 1012 μὴ
3073 941 3346 1006 διατέλους
3391 946 3507 1007 τοῖς
3556 945 3920 1013 γαλακτώδεσιν

2377 1033 2804 1106 ἐνδιατρίϐοντες
2849 1035 3048 1103 λόγοις,
3088 1039 3154 1106 τῇ
3202 1035 3464 1106 νηπιώδει
3510 1037 3694 1108 ἀγωγῇ
3738 1038 3918 1094 λάθοιεν

2378 1127 2879 1198 καταγηράσαντες.
2916 1127 2994 1180 Δι’
3021 1123 3090 1200 ἦς
3119 1127 3406 1197 ἐπιστολῆς
3428 1126 3575 1199 καὶὴ
3607 1128 3697 1182 τοῦ
3722 1130 3917 1186 Πινυτοῦ

2378 1219 2507 1290 περὶ
2546 1218 2644 1290 τὴν
2680 1218 2860 1272 πίστιν
2900 1218 3178 1292 ὀρθοδοξία
3207 1236 3266 1272 τε
3296 1220 3394 1272 καί
3434 1219 3656 1290 φροντὶς
3700 1223 3791 1291 τῆς
3829 1223 3918 1276 τῶν

2379 1312 2634 1384 ὑπηκόων
2661 1313 2946 1383 ὠφελείας,
2967 1315 3027 1368 τό
3047 1331 3104 1369 τε
3131 1313 3309 1380 λόγιον
3350 1313 3446 1364 καί
3476 1313 3509 1382 ἡ
3557 1313 3682 1385 περὶ
3723 1313 3786 1367 τὰ
3821 1315 3918 1372 θεῖα

2377 1403 2614 1468 σύνεσις,
2647 1403 2722 1467 ὡς
2765 1403 2834 1456 δι⁹
2867 1403 3266 1475 ἀκριϐεστάτης
3311 1401 3690 1456 ἀναδείκνυται
3723 1405 3915 1468 εἰκόνος.

2381 1494 2504 1548 Ἔτι
2548 1493 2640 1546 τοῦ
2690 1493 2962 1546 Διονυσίου
3011 1493 3104 1546 καὶ
3151 1493 3289 1564 πρὸς
3353 1490 3658 1562 Ῥωμαίους
3698 1495 3919 1567 ἐπιστολὴ

2377 1585 2623 1657 φέρεται,
2667 1586 2947 1655 ὲπισκόπῳ
2987 1585 3064 1657 τῷ
3113 1584 3233 1638 τότε
3276 1584 3493 1654 Σωτῆρι
3543 1585 3915 1654 προσφωνοῦσα.

2389 1680 2479 1745 Ἐξ
2501 1675 2568 1752 ἧς
2597 1679 2749 1733 οὐδὲν
2779 1674 2890 1732 οἷον
2917 1679 2978 1732 τὸ
3011 1680 3104 1732 καὶ
3137 1677 3482 1749 παραθέσθαι
3515 1675 3689 1742 λέξεις
3717 1677 3835 1746 (52),
3860 1679 3918 1734 δι’

2376 1763 2454 1824 ὧν
2483 1770 2545 1822 τὸ
2575 1769 2735 1840 μέχρι
2770 1767 2866 1821 τοῦ
2896 1767 3017 1820 καθ’
3044 1769 3192 1837 ἡμᾶς
3225 1765 3470 1837 διωγμοῦ
3512 1765 3773 1837 φυλαχθὲν
3808 1770 3918 1822 Ῥω-

698 1865 841 1932 picta
873 1864 1092 1933 egregie
1138 1872 1551 1919 commonstrat.
1589 1863 1781 1918 Exstat
1832 1864 1997 1919 etiam
2038 1864 2261 1933 epistola

2318 1853 2341 1907 3
2373 1861 2549 1934 μαίων
2581 1861 2699 1925 ἔθος
2732 1860 2843 1931 (55)
2873 1860 3288 1930 ἀποδεχόμενος,
3318 1858 3494 1912 ταῦτα
3524 1859 3748 1930 γράφει·
3786 1879 3803 1912 ι
3844 1861 3918 1929 Ἐξ

699 1953 939 2022 ejusdem
971 1955 1216 2026 Dionysii
1249 1955 1314 2009 ad
1345 1953 1835 2018 Romanos,Soteri
1866 1963 1994 2010 tunc
2013 1957 2270 2027 temporis

699 2051 952 2118 episcopo
977 2048 1165 2103 Romae
1182 2051 1330 2103 urbis
1358 2058 1687 2121 nuncupata,
1705 2064 1770 2104 ex
1796 2065 1900 2117 qua
1926 2065 2093 2120 pauca
2124 2066 2272 2120 qua:-

699 2143 824 2195 dam
852 2141 939 2196 hic
968 2142 1210 2196 inserere
1249 2157 1355 2196 non
1400 2143 1694 2198 absurdum
1730 2142 1912 2209 fuerit,
1937 2141 2024 2196 ubi
2064 2143 2270 2196 scilicet

697 2236 788 2291 ille
839 2249 1045 2290 morem
1099 2236 1516 2307 institutumque
1565 2236 1956 2303 Romanorum,
2003 2235 2158 2308 145
2201 2236 2266 2290 ad

695 2329 1124 2395 persecutionem
1153 2341 1322 2398 usque
1352 2337 1541 2383 nostra
1573 2337 1733 2382 aetate
1778 2327 1974 2383 factam
2007 2336 2268 2398 perpetuo

695 2420 1026 2474 custoditum
1083 2435 1410 2491 magnopere
1453 2421 1867 2485 commendans,
1909 2422 1982 2476 ita
2031 2421 2262 2476 scribit:

699 2531 720 2567 σ
756 2512 882 2567 ﬂare
915 2513 1084 2577 enim,
1117 2514 1310 2582 inquit.
1343 2515 1500 2569 vobis
1529 2513 1866 2570 consuetudo
1896 2522 1977 2567 est
2000 2512 2112 2581 jam
2143 2512 2268 2566 imle

695 2606 767 2660 ab
805 2606 921 2674 ipso
959 2606 1242 2672 religionis
1274 2606 1521 2669 exordio,
1569 2615 1628 2660 ut
1661 2605 1862 2659 fratres
1892 2619 2082 2659 omnes
2114 2603 2266 2658 vario

693 2695 1080 2750 beneficiorum
1151 2711 1349 2765 genere
1390 2695 1656 2758 alliciatis,
1708 2705 1762 2749 et
1797 2693 2056 2749 Ecclesiis
2077 2709 2264 2764 quam-

691 2786 962 2857 plurimis,
988 2803 1111 2857 quae
1141 2787 1194 2841 in
1231 2788 1459 2856 singulis
1501 2786 1727 2842 urbibus
1763 2789 2069 2842 constitutae
2119 2795 2264 2853 sunt,

693 2881 1001 2934 necessaria
1033 2881 1156 2934 vita:
1187 2881 1426 2936 subsidia
1482 2881 1902 2947 transmittatis;
1943 2891 1998 2935 et
2028 2880 2128 2934 hac.
2175 2895 2261 2934 ra-

696 2969 840 3022 tione
868 2979 977 3023 tum
1008 2969 1278 3040 egentium
1309 2971 1545 3040 inepiam
1576 2969 1891 3034 sublevatis,
1930 2979 2040 3024 tum
2074 2968 2263 3024 fratri-

691 3060 792 3116 bus
815 3061 906 3130 qui
950 3063 1002 3116 in
1045 3062 1276 3116 metallis
1299 3077 1434 3132 Opus
1463 3061 1684 3126 faciunt,
1721 3063 2031 3116 necessaria
2067 3075 2266 3131 suppe-

693 3151 916 3207 ditatis:
947 3169 1043 3223 per
1077 3155 1190 3210 hzec
1218 3170 1336 3224 quae
1357 3157 1424 3208 ab
1454 3155 1611 3209 initio
1633 3155 2006 3210 transmittere
2035 3169 2264 3208 consue-

691 3246 848 3301 vistis
878 3262 1127 3313 munera,
1152 3263 1358 3304 morem
1395 3248 1809 3318 institutumque
1837 3246 2205 3302 Romanorum
2233 3260 2262 3299 a

692 3337 989 3404 majoribus
1025 3339 1220 3394 vestris
1242 3349 1526 3409 acceptum
1560 3339 1788 3395 Romani
1826 3338 2141 3394 retinentes.
2170 3341 2264 3393 At-

687 3443 796 3499 que
829 3430 971 3484 hunc
996 3445 1200 3484 morem
1223 3432 1414 3488 beatus
1439 3432 1729 3501 episcopus
1753 3441 1939 3486 vester
1965 3429 2128 3486 Soter
2153 3447 2256 3486 non

689 3520 928 3575 servavit
957 3520 1161 3585 solum,
1193 3536 1383 3576 verum
1404 3521 1564 3576 etiam
1597 3521 1858 3576 adauxit:
1895 3531 2004 3574 tum
2031 3536 2256 3574 munera

688 3612 894 3668 sanctis
919 3613 1188 3668 destinata
1213 3614 1431 3682 copiose
1456 3614 1901 3682 subministratis,
1928 3620 2038 3668 tum
2063 3613 2263 3669 fratres

687 3719 912 3775 peregre
963 3706 1339 3772 advenientes,
1390 3717 1646 3777 tanquam
1685 3707 1886 3761 liberos
1933 3721 2062 3760 suos
2107 3716 2264 3775 pater

687 3797 1102 3852 amantissimus
1145 3798 1322 3853 beatis
1369 3800 1711 3854 sermonibus
1755 3796 2109 3853 consolando.
2143 3815 2162 3848 ι
2196 3795 2255 3851 ln

687 3885 789 3940 hac
811 3887 923 3954 ipsa
959 3887 1121 3941 etiam
1161 3888 1387 3951 epistola
1423 3889 1668 3944 meminit
1695 3888 1992 3944 Clementis
2021 3887 2261 3958 epistola:

684 3979 752 4032 ad
792 3979 1108 4035 Corinthios
1159 3982 1405 4052 scriptaz,
1438 3997 1600 4052 quam
1654 3995 1718 4037 ex
1755 3982 1928 4052 prisca
1965 3989 2258 4035 consuetu-

755 4130 977 4202 (52)’E£
995 4130 1072 4198 ἧς
1089 4128 1408 4187 οὐδὲν-οῖον
1421 4133 1489 4187 τὸ
1511 4134 1631 4196 καί,
1652 4131 1819 4202 etc.l_n
1853 4131 2038 4186 codice
2059 4130 2246 4200 Regio,

681 4198 855 4272 queui
879 4215 1097 4255 secutus
1135 4214 1217 4256 est
1257 4205 1582 4274 Stephanus,
1618 4198 1852 4274 pro__oiov
1878 4202 1960 4274 τό⁸
1988 4198 2250 4274 scribitur

683 4271 904 4342 ἄτοπον.
979 4274 1085 4325 Sed
1165 4271 1368 4342 reliqui
1425 4271 1656 4332 codices,
1707 4271 1868 4342 Maz,
1917 4271 2246 4342 hiedWCtnn

684 4341 818 4397 Fnk.
843 4352 899 4394 ct
930 4343 1201 4395 Saviliano
1223 4338 1482 4411 scriptum
1517 4345 1713 4396 habent
1738 4341 1888 4395 οὐδὲν
1913 4338 2022 4396 οἷον
2061 4341 2122 4394 τὺ
2159 4342 2250 4394 καὶ

682 4412 1024 4484 παραθέσθαι
1060 4413 1248 4478 λέξεις.
1287 4414 1436 4480 Quod
1473 4411 1897 4484 profectoilonge
1921 4422 2004 4466 est
2031 4412 2248 4480 elegan-

685 4483 808 4536 tius.
841 4483 1061 4537 Plirasis
1097 4494 1179 4537 est
1221 4485 1500 4538 familiaris
1543 4483 1790 4547 Eusebio,
1821 4498 1982 4550 quam
2011 4497 2107 4534 nos
2130 4497 2252 4534 ver-

2372 1956 2546 2027 ἀρχῆς
2570 1955 2678 2026 γὰρ
2727 1955 2857 2025 ὑμῖν
2898 1953 3017 2018 ἔθος
3064 1954 3182 2005 ἐστὶ
3212 1952 3391 2015 τοῦτο,
3430 1953 3637 2016 πάντας
3670 1955 3760 2024 μὲν
3786 1954 3915 2008 ἀδελ-

2371 2050 2505 2118 φοὺς
2525 2047 2778 2110 ποικίλως
2795 2046 3118 2116 εὐεργετεῖν,
3137 2045 3488 2116 Ἐκκλησίαις
3509 2061 3568 2098 τε
3593 2044 3798 2109 πολλαῖς
3817 2049 3917 2109 ταῖς

2370 2141 2510 2196 κατά
2540 2142 2717 2194 πᾶσαν
2748 2140 2900 2192 πόλιν
2929 2138 3115 2208 ἐφόδια
3146 2139 3405 2210 πέμπειν,
3441 2132 3544 2192 ὦδε
3583 2138 3679 2209 μὲν
3710 2139 3800 2208 τὴν
3827 2138 3915 2191 τῶν

2369 2234 2636 2304 δεομένων
2662 2232 2852 2286 πενίαν
2884 2231 3275 2301 ἀναψύχοντας,
3307 2232 3365 2284 ἐν
3401 2231 3684 2302 μετάλλοις
3707 2231 3759 2284 δὲ
3786 2231 3915 2284 ἀδελ-

2370 2330 2490 2397 φοῖς
2537 2325 2871 2398 ὑπάρχουσιν
2915 2323 3406 2396 ὲπιχορηγοῦντας’
3460 2325 3529 2378 δι’
3585 2316 3658 2377 ὧν
3701 2324 3914 2394 πέμπετε

2368 2420 2603 2493 ἀρχῆθεν
2651 2419 2897 2488 ἐφοδίων,
2947 2418 3430 2490 πατροπαράδοτον
3481 2417 3604 2482 ἔθος
3663 2419 3914 2490 Ῥωμαίων

2381 2515 2636 2583 Ῥωμαῖοι
2665 2511 3128 2581 διαφυλάττοντες,
3169 2511 3197 2563 ὃ
3225 2511 3285 2564 οὐ
3320 2510 3483 2580 μόνον
3507 2511 3913 2582 διατετήρηκενό

2371 2607 2638 2678 μακάριος
2665 2605 2817 2676 ὑμῶν
2843 2605 3134 2666 ἐπίσκοπος
3163 2604 3373 2676 Σωτὴρ,
3403 2603 3544 2656 ἀλλά
3581 2605 3673 2656 καὶ
3706 2601 3913 2673 ἐπηύξηο

2368 2717 2483 2765 κεν,
2535 2698 2876 2770 ἐπιχορηγῶν
2919 2699 3015 2768 μὲν
3047 2699 3146 2770 τὴν
3191 2697 3641 2768 διαπεμπομένην
3668 2697 3910 2766 δαψίλειαν

2366 2793 2464 2864 τὴν
2489 2794 2568 2855 είς
2599 2793 2721 2854 τοὺς
2755 2790 2962 2858 ἁγίους,
2992 2789 3171 2858 λόγοις
3197 2789 3252 2843 δὲ
3294 2791 3589 2863 μακαρίοις
3613 2792 3734 2854 τοὺς
3764 2791 3911 2845 ἀνιόν-

2367 2901 2465 2947 τας
2491 2883 2751 2952 ἀδελφοὺς
2779 2882 2910 2953 (54),
2939 2881 3014 2945 ὡς
3037 2882 3204 2935 τέκνα
3234 2884 3416 2954 πατὴρ
3448 2883 3803 2954 φιλόστοργος,
3821 2901 3910 2936 πα-

2370 2976 2679 3048 ρακαλῶν.»
2726 2977 2814 3028 Ἐν
2857 2976 2993 3045 αὐτῇ
3039 2973 3097 3027 δὲ
3135 2973 3306 3048 ταύτῃ
3351 2976 3447 3029 καὶ
3487 2977 3588 3045 τῆς
3629 2977 3910 3046 Κλήμεντος

2370 3070 2504 3141 πρὸς
2528 3069 2846 3140 Κορινθίους
2870 3069 3140 3141 μέμνηται
3164 3068 3474 3139 ἐπιπολῆς,
3493 3069 3665 3141 δηλῶν
3682 3066 3910 3121 ἀνέκαθεν

2368 3161 2427 3228 ἐξ
2454 3163 2680 3234 ἀρχαίου
2715 3162 2866 3226 ἔθους
2901 3164 2991 3216 ἐπὶ
3020 3164 3116 3235 τῆς
3157 3161 3482 3232 Ἐκκλησίας
3509 3162 3606 3233 τὴν
3635 3161 3908 3228 ἀνάγνωσιν

2318 3245 2333 3264 ¹
2367 3256 2535 3325 αὐτῆς
2563 3256 2849 3309 ποιεῖσθαι.
2882 3256 3043 3324 Λέγει
3073 3254 3203 3325 γοῦν
3223 3273 3267 3306 ἰ
3303 3256 3413 3326 Τὴν
3442 3258 3680 3326 σήμερον
3709 3248 3792 3306 οὖν
3815 3254 3911 3306 Ku-

2366 3349 2560 3421 ριακὴν
2601 3348 2760 3416 ἁγίαν
2795 3347 3004 3419 ἡμέραν
3052 3347 3400 3420 διηγάγομεν,
3454 3343 3578 3420 ὲνῇ
3632 3343 3910 3414 ἀνεγνώκα-

2366 3439 2599 3511 μεν
2632 3439 2783 3510 ὑμῶν
2815 3440 2914 3510 τὴν
2965 3439 3285 3511 ἐπιστολήν·
3335 3441 3402 3512 ἢν
3441 3439 3637 3511 ἕξομεν
3677 3436 3758 3491 ἀεί
3795 3450 3907 3487 ποτε

2360 3532 2822 3601 ἀναγινώσκοντες
2878 3533 3260 3595 νουθετεῖσθαι,
3298 3533 3374 3597 ὡς
3418 3533 3516 3586 καὶ
3545 3531 3642 3603 τὴν
3668 3527 3907 3604 προτέραν

2359 3630 2492 3699 ἡμῖν
2539 3628 2627 3681 διὰ
2663 3628 2979 3698 Κλήμεντος
3012 3629 3335 3698 γραφεῖσαν.
3371 3644 3390 3676 ι
3444 3625 3568 3678 Ἔτι
3606 3625 3661 3678 δὲ
3698 3625 3726 3676 ὁ
3767 3619 3908 3682 αὐτὸς

2360 3723 2455 3775 καὶ
2487 3721 2616 3794 περὶ
2644 3720 2752 3774 τῶν
2786 3721 2928 3774 ἰδίων
2963 3718 3280 3781 ἐπιστολῶν,
3313 3719 3387 3782 ὠς
3421 3711 3904 3790 ρᾳδιουργηθεισῶν,

2358 3812 2532 3868 ταῦτά
2564 3830 2726 3884 φησιν
2747 3831 2760 3844 ·
2782 3832 2801 3864 ‹
2851 3811 3169 3874 Ἐπιστολάς
3210 3807 3338 3881 γὰρ.
3361 3809 3606 3878 ἀδελφῶν
3621 3806 3726 3879 (56)
3761 3803 3904 3868 ἀξιω·

2363 3909 2569 3963 σάντων
2599 3925 2664 3978 με
2687 3905 2914 3977 γράψαι,
2945 3904 3176 3976 ἔγραψα.
3207 3903 3315 3956 Καὶ
3335 3904 3541 3967 ταύτας
3565 3904 3614 3955 oi
3637 3899 3726 3955 τοῦ
3750 3894 3906 3952 διαδό-

2359 4000 2454 4055 λου
2488 3999 2772 4055 ἀπόστολοι
2808 3997 3058 4064 ζιζανίων
3088 3996 3412 4069 γεγέμικαν,
3443 3994 3480 4050 ἃ.
3525 3996 3623 4067 μὲν
3654 3987 3904 4064 ἐξαιροῦν-

2356 4136 2470 4191 sius
2517 4132 2913 4189 Alexandrinus
2946 4132 3232 4200 episcopus
3261 4130 3314 4183 in
3347 4129 3574 4200 epistola
3603 4126 3668 4183 ad
3697 4124 3903 4200 Stepha-

2356 4222 2483 4261 num
2515 4219 2729 4273 papam,
2751 4217 2912 4273 qnam
2929 4195 3115 4273 refert
3130 4195 3393 4273 Eusebius
3403 4201 3460 4273 in
3487 4199 3584 4273 lib.
3608 4214 3700 4273 vit,
3724 4195 3898 4273 cap._i:

2355 4277 2421 4329 Αί
2464 4265 2642 4346 μέντοι
2679 4265 2880 4346 Συρίαε
2898 4271 3021 4346 ὅλαι
3038 4272 3190 4346 καλή
3227 4271 3470 4346 Ἀραϐία,
3503 4265 3586 4346 οἷς
3642 4267 3900 4346 ἐπαρκεῖτε

2357 4335 2634 4407 ἑκάστοτε,
2695 4335 2790 4397 καὶ
2824 4339 2905 4407 οἷς
2961 4343 3056 4395 νῦν
3108 4335 3474 4396 ὲπὲστέίλατε.
3529 4340 3582 4394 Id
3621 4335 3900 4405 esu-Syriae

2357 4434 2532 4470 omnes
2595 4423 2647 4469 ct
2705 4413 2922 4474 Arabia,
2970 4413 3157 4482 quibus
3204 4415 3450 4480 pecunias
3488 4411 3762 4465 identidem
3789 4407 3900 4459 rub-

2357 4487 2736 4540 ministratis...
2759 4485 2928 4555 Quem
2956 4485 3130 4538 locum
3178 4483 3316 4538 male
3345 4493 3628 4537 verterunt
3660 4483 3900 4547 interpre-

683 4554 878 4607 nacnlo
908 4569 1156 4608 sermooe
1192 4554 1421 4608 feliciter
1465 4555 1840 4621 exprimimus.
1880 4552 1970 4607 Sic
2005 4553 2248 4621 suprain
2284 4555 2327 4610 Ι)
2359 4566 2456 4610 tes.

683 4638 924 4694 cap._xttt
973 4625 1091 4677 libri
1125 4627 1282 4694 primi
1318 4626 1382 4678 de
1414 4620 1626 4693 Aligaro
1659 4623 1890 4694 loquens
1919 4624 1996 4694 ait
2027 4639 2042 4676 :
2084 4620 2249 4675 Οὐδὲν

679 4687 876 4745 δὲόῗον
912 4696 1004 4748 καὶ
1035 4687 1212 4749 αὐτῶν
1235 4687 1534 4750 ἐπακοῦσαῖ
1565 4695 1672 4747 τῶν
1693 4687 2007 4747 ἐπιστολῶν.

754 4764 863 4836 (55)
899 4767 1213 4834 Φυλαχθὲν
1254 4767 1544 4835 Ῥωμαίων
1565 4766 1720 4836 ἔθος.
1755 4765 2053 4817 Notandum
2082 4772 2164 4836 est
2188 4761 2250 4836 il-_-

682 4832 853 4907 lustre
885 4832 1250 4891 testimonium
1286 4832 1529 4907 Dionysii
1566 4835 1972 4907 Corinthiorum
2012 4833 2247 4907 e_pis_c0pi

680 4905 748 4976 de
770 4904 1008 4960 Romana
1049 4907 1307 4971 Ecclesia,
1342 4904 1461 4976 qua:
1484 4922 1606 4961 cum
1631 4915 1795 4976 esset,
1816 4904 2247 4976 epulentissitna,

682 4975 908 5029 aliarum
929 4977 1295 5031 Ecclesiarum
1322 4973 1559 5047 inepiatn
1592 4975 1914 5032 liberalitate
1937 4991 2034 5047 sua
2065 4973 2250 5047 suble-

679 5047 877 5109 vahat,
913 5057 967 5101 et
998 5049 1258 5103 fratribus
1315 5048 1382 5102 ad
1419 5044 1692 5102 inetallum
1736 5046 2004 5100 damnatis
2048 5054 2140 5097 attt
2193 5044 2245 5096 in

679 5118 928 5169 exsilium
971 5119 1172 5183 missis,
1229 5119 1482 5172 alimenta
1537 5128 1586 5173 et
1646 5131 1868 5171 munera
1925 5116 2249 5170 submittere

681 5199 1059 5241 consueverat.
1112 5189 1172 5242 In
1205 5189 1346 5243 hunc
1375 5204 1528 5244 usum
1557 5189 1760 5242 liebant
1787 5186 2027 5241 collectae
2068 5185 2119 5238 in
2146 5185 2249 5238 Ec-

679 5257 844 5310 clesia
868 5255 1111 5312 Romana
1145 5260 1334 5315 diebus
1366 5259 1677 5325 Dominicis,
1708 5259 1772 5312 de
1795 5258 1993 5325 quibus
2030 5264 2247 5325 exstant

679 5327 883 5396 aliquot
913 5328 973 5400 S.
1001 5328 1199 5384 Leonis
1235 5346 1384 5400 papa:
1429 5324 1726 5384 sermones.
1781 5324 1911 5394 Quae
1961 5324 2246 5400 laudabilis

679 5398 1012 5470 consuetudo
1038 5401 1153 5470 jam
1187 5396 1360 5454 in'dca
1387 5402 1572 5470 primis
1593 5396 2245 5470 apostolorumtempori-

680 5466 778 5521 bus
803 5466 1069 5530 instituta,
1105 5472 1154 5523 in
1191 5466 1460 5539 postrema
1495 5466 1657 5524 etiam
1703 5469 2084 5539 persecutione
2119 5467 2244 5519 Dio-

679 5539 900 5593 cletiani
929 5551 1141 5594 servata
1174 5538 1275 5602 est.
1310 5554 1367 5596 ut
1401 5542 1490 5596 hic
1531 5550 1763 5594 testatur
1795 5538 2056 5592 Eusebius
2093 5552 2104 5588 :
2137 5552 2246 5605 quo

681 5618 922 5678 tempore
973 5611 1212 5666 Ecclesia
1261 5611 1499 5665 Romana
1549 5610 1870 5665 Christianis
1920 5611 1985 5662 ad
2029 5607 2244 5661 metalla

677 5677 978 5753 l’atastiiia;
1003 5693 1059 5737 et
1083 5699 1175 5752 per
1210 5681 1500 5753 A‘ngptum
1538 5680 2118 5753 damnatis._col_lectas
2153 5692 2245 5744 pe-

679 5751 870 5802 cunias
904 5749 1178 5806 niisit.'lle
1205 5749 1494 5808 hoe't'nore
1533 5753 1788 5806 Romana:
1829 5749 2084 5805 Ecclesia:
2107 5764 2245 5814 pra:-

680 5829 763 5872 ter
795 5821 1106 5893 Dionysium
1153 5823 1551 5881 Corinthiorum
1583 5823 1821 5892 loquitur
1845 5822 2009 5875 etiam
2046 5820 2240 5892 Diony-

2427 4625 2538 4696 (54)
2579 4624 2724 4690 Τοὺς
2773 4625 3052 4689 ἀνιόντας
3093 4620 3600 4696 d58..1_§7_0i5'c._5iflle
3631 4620 3830 4696 Langus
3851 4623 3894 4668 et

2353 4691 2623 4751 Masculus
2647 4696 2914 4747 redeuntes
2938 4705 3167 4768 vertere.
3201 4692 3386 4768 Melius
3415 4692 3637 4768 Rufinus
3660 4691 3726 4743 ita
3751 4691 3898 4768 inter-

2352 4777 2615 4838 pretatur.
2646 4767 2974 4838 advenientes
3013 4764 3203 4838 fratres
3236 4764 3472 4838 clementi
3493 4765 3630 4838 satis
3661 4769 3706 4838 ei
3739 4764 3894 4838 milis-

2349 4827 2478 4893 ὶίηιο
2501 4840 2704 4890 solatur
2733 4837 2983 4904 alloquio.
3013 4827 3278 4906 'lntelligit
3315 4834 3455 4906 enim
3477 4831 3765 4906 _Dionysius
3797 4827 3892 4906 fra-

2352 4921 2462 4962 trcs
2515 4910 2604 4977 qui
2659 4922 2722 4959 ex
2777 4903 3080 4973 longinquis
3138 4903 3444 4977 regionibus
3477 4903 3699 4977 Romam
3726 4903 3890 4977 νοοῖτο

2351 4969 2761 5038 consueverant,
2777 4969 2995 5043 penuria
3019 4975 3154 5043 apud
3170 4969 3226 5028 se
3243 4975 3607 5028 laborantibus
3623 4969 3894 5026 subsidium

2349 5050 2565 5113 aliquod
2607 5065 2633 5100 a
2662 5047 2917 5113 Romanis
2955 5045 3199 5097 relaturi.

2422 5107 2531 5191 (35)
2575 5112 2748 5191 Ὲᾼνῃῇ
2768 5114 3205 5191 ἀνεγνώκαμεν.
3240 5113 3417 5191 Nostri
3441 5115 3654 5191 codices
3685 5107 3891 5191 Malam,

2349 5180 2490 5244 Med.
2516 5180 2571 5242 'et
2606 5180 2742 5242 Fnk'.‘
2773 5180 3032 5251 scriptum
3067 5180 3263 5239 habent
3284 5184 3550 5257 ἔγνωμεν,
3581 5180 3892 5252 Nicephorius

2347 5277 2476 5314 vero
2508 5260 2844 5328 ἀνέγνωμεν.
2872 5259 3299 5328 (ὶτνιοιιιιιι-ιιιιηι
3336 5258 3434 5310 hoc
3469 5257 3757 5328 fragmento
3786 5261 3888 5328 et":

2346 5334 2501 5386 Slolte
2530 5322 2767 5401 Dionysii
2801 5329 2866 5381 ad
2900 5329 3106 5401 clerum
3146 5326 3481 5401 liomannm,
3501 5322 3796 5401 jungendns

2347 5404 2484 5456 alter
2516 5388 2932 5468 locns'ejusdcm
2968 5398 3208 5467 cpistola:
3245 5412 3404 5468 quem
3437 5388 3624 5468 citavit
3651 5388 3891 5468 Eusebius

2348 5455 2547 5542 incap.
2580 5455 2782 5540 petiuit.
2809 5469 2899 5521 lib.
2925 5455 3015 5542 _n.'
3034 5469 3155 5520 llzec
3176 5455 3318 5542 enim
3345 5469 3448 5542 duo
3490 5467 3774 5534 fragmenta
3797 5455 3886 5508 sibi

2347 5538 2970 5598 invirém'connectenda
2999 5553 3120 5591 esse
3148 5549 3250 5590 non
3280 5538 3603 5590 dubitamus.

2418 5591 2978 5684 (εδῖξίιρεἓέάέιέλάς.τ.
3013 5605 3310 5684 ἁδελρῶθς.
3330 5610 3506 5662 Codex
3520 5607 3744 5684 itaque,
3763 5591 3881 5684 ngf:

2344 5663 2905 5752 ςιιῖιῖ-ἰτιῖιέρνοεοιιί
2949 5663 3382 5752 interserithhoe
3408 5680 3587 5740 modo,
3626 5663 3887 5752 ὲῖξιεξῖολᾲς

2344 5754 2452 5825 γὰρ
2477 5751 2741 5822 ἀδελφῶν,
2760 5762 2889 5818 etes,
2927 5760 3087 5822 atque
3107 5752 3179 5803 ita
3202 5747 3536 5820 Nicephorus
3560 5756 3614 5803 et
3655 5743 3883 5799 ltutinus.
