4112 6428
578 301 685 360 595

1290 289 1560 348 EUSEBII
1594 284 2077 347 CESARlENSlS
2111 281 2267 347 OPP.
2307 283 2488 342 PARS
2525 285 2568 342 I.
2608 317 2675 326 --
2714 284 3108 344 HISTORICA.

3731 287 3844 341 396

487 421 528 440 "
576 422 722 475 illius
777 408 1032 480 Augusti,
1068 405 1159 476 qui
1213 419 1352 460 unus
1401 419 1468 458 ex
1517 402 1814 470 majoribus
1863 404 1971 457 tuis
2025 399 2139 458 fuit,

2254 399 2348 452 καὶ
2404 399 2818 470 συναρξαμένην
2876 398 3171 471 Αὐγούστῳ
3218 399 3533 470 φιλοσοφίαν
3560 419 3574 433 ·
3627 403 3698 471 ἣν
3751 399 3858 457 καὶ

577 512 812 565 faustum
847 509 1281 574 prosperumque
1329 494 1557 563 imperio
1594 494 1840 548 Romano
1865 508 2024 548 omen
2057 507 2152 546 ex-

575 600 735 657 stitit.
763 595 842 651 Ex
877 608 943 648 eo
972 589 1244 659 siquidem
1278 594 1528 655 tempore
1557 584 1814 639 maximis
1849 584 2155 637 incremen-

581 693 650 747 ;is
692 697 851 744 aucta
894 694 980 740 est
1026 679 1288 748 maiestas
1327 677 1542 746 imperii
1591 675 1819 730 Romani
1851 692 1863 727 :
1895 673 2049 740 cujus
2099 681 2153 726 tu

579 786 750 838 haeres
780 793 846 834 ac
875 789 1181 838 successor,
1204 770 1576 843 aspirantibns
1603 769 1846 821 (minium
1876 766 2036 828 votis,
2057 781 2156 835 po-

581 875 710 927 titns
739 886 800 926 es
827 868 1162 940 potierisqne
1185 866 1442 932 deinceps
1468 876 1574 914 una
1609 876 1730 914 cum
1755 858 1899 924 lilio;
1924 859 1968 912 si
1997 858 2156 912 modo

577 973 780 1016 sectam
824 958 998 1024 illam,
1027 969 1152 1026 qua:
1198 959 1323 1008 cbm
1379 947 1608 1018 imperio
1641 946 1894 1010 educata,
1930 955 1987 1000 et
2029 958 2153 998 cum

539 1029 546 1034 ’
576 1054 819 1122 Augusto
866 1045 1028 1104 simul
1081 1045 1336 1100 inchoata
1368 1051 1476 1105 est,
1511 1049 1566 1095 ct
1607 1054 1773 1109 quam
1811 1037 2046 1106 majores
2079 1035 2154 1089 tui

576 1160 682 1197 una
712 1159 832 1198 cum
861 1143 1079 1196 caeteris
1107 1137 1460 1208 religionibus
1485 1135 1795 1198 coluerunt,
1825 1132 1962 1186 tueri
1996 1131 2149 1184 velis.

575 1236 746 1292 Porro
779 1233 1098 1304 religionem
1129 1241 1372 1286 nostram
1405 1230 1544 1283 bono
1593 1227 1813 1296 publico
1847 1223 2152 1278 adolevisse

577 1343 682 1381 una
716 1342 838 1382 cum
871 1323 1101 1392 imperio
1127 1323 1271 1391 quod
1307 1320 1541 1375 feliciter
1568 1327 1806 1386 cceptum
1842 1316 2042 1380 fuerat,
2080 1315 2144 1368 il-

576 1418 664 1474 lud
693 1416 997 1472 certissimo
1020 1421 1340 1483 argumento
1362 1422 1466 1477 est,
1489 1410 1632 1480 quod
1657 1408 1769 1477 jam
1804 1409 1930 1462 inde
1954 1423 1984 1461 a
2005 1407 2155 1478 prin-

575 1511 754 1579 cipatu
815 1509 1044 1579 Augusti
1107 1505 1239 1560 nihil
1297 1504 1537 1566 adversi,
1575 1503 1669 1557 sed
1697 1509 1912 1556 'contra
1967 1501 2147 1555 omnia

575 1617 832 1672 prospera
865 1611 920 1654 et
953 1599 1238 1668 magnilica
1285 1611 1352 1650 ex
1399 1595 1566 1649 animi
1600 1594 1872 1650 sententia
1913 1603 2150 1660 votoque

571 1691 814 1744 omnium
843 1687 1210 1754 contigerunt.
1248 1684 1359 1738 Soli
1393 1698 1459 1737 ex
1499 1683 1752 1737 omnibus
1778 1682 1923 1736 Nero
1951 1697 2014 1737 ac
2046 1683 2148 1736 Do-

2255 493 2304 544 οί
2333 490 2585 562 πρόγονοί
2615 508 2710 544 σου
2745 491 2884 562 πρὸς
2915 495 3036 555 ταῖς
3067 492 3256 557 ἄλλαις
3289 494 3611 565 θρησκείαις
3651 497 3857 567 ἐτίμη-

2257 601 2377 638 σαν.
2411 585 2519 636 Καὶ
2543 583 2700 637 τοῦτο
2728 584 2984 654 μέγιστον
3015 585 3316 656 τεκμήριον
3341 584 3434 638 τοῦ
3466 587 3603 657 πρὸς
3631 587 3855 657 ἀγαθοῦ

2255 674 2346 729 τὸν
2381 674 2502 728 καθ’
2525 677 2676 746 ἡμᾶς
2705 675 2860 745 λόγον
2883 680 3230 748 συνακμάσαι
3265 682 3332 749 τῇ
3358 678 3538 742 καλῶς
3557 679 3855 752 ἀρξαμένῃ

2258 763 2522 838 βασιλείᾳ,
2546 768 2612 819 ἐκ
2631 766 2724 820 τοῦ
2749 768 2912 838 μηδὲν
2937 768 3139 838 φαῦλον
3166 769 3276 822 ἀπὸ
3302 770 3402 840 τῆς
3420 770 3729 839 Αὐγούστου
3745 773 3848 842 ἁρ-

2255 855 2359 926 χῆς
2383 856 2710 928 ἀπαντῆσαι,
2753 857 2888 911 ἀλλὰ
2918 859 3226 912 τούναντίον
3253 861 3469 914 ἅπαντα
3493 861 3723 934 λαμπρὰ
3749 862 3857 916 καὶ

2256 948 2438 1014 ἔνδοξα
2471 949 2613 1002 κατὰ
2644 949 2742 1013 τὰς
2778 950 2994 1004 πάντων
3023 951 3208 1021 εὐχάς.
3256 953 3424 1005 Μόνοι
3450 953 3668 1006 πάντων
3705 954 3852 1006 ἁνα-

2257 1037 2571 1102 πεισθέντες
2605 1040 2710 1092 ὑπό
2756 1056 2919 1094 τινων
2945 1040 3228 1110 βασκάνων
3250 1041 3573 1112 ἀνθρώπων,
3605 1043 3698 1095 τὸν
3718 1043 3853 1097 καθ’

2255 1129 2402 1199 ἡμᾶς
2439 1131 2496 1182 ὲν
2534 1130 2755 1202 διαὸολῇ
2791 1132 3132 1201 καταστῆσαι
3165 1131 3322 1201 λόγον
3347 1133 3620 1205 ἠθέλησαν
3644 1135 3849 1206 Νέρων

2255 1222 2348 1274 καὶ
2385 1223 2708 1291 Δομετιανός
2743 1222 2854 1293 (48)
2875 1240 2888 1252 ·
2922 1224 3014 1292 ἀφ’
3047 1217 3123 1278 ὧν
3153 1224 3248 1276 καὶ
3277 1224 3335 1278 τὸ
3361 1225 3456 1295 τῆς
3481 1226 3852 1295 συκοφαντίας

2253 1312 2432 1382 ἀλόγῳ
2462 1312 2716 1384 συνηθείᾳ
2743 1315 2870 1386 περ).
2902 1317 3026 1378 τοὺς
3054 1315 3330 1380 τοιούτους
3354 1317 3546 1388 ῥυῆναι
3570 1317 3854 1388 συμὸἐὸηο

2255 1420 2317 1456 κε
2349 1403 2560 1472 ψεῦδος.
2594 1405 2754 1457 Ἀλλὰ
2781 1406 2877 1476 τὴν
2900 1408 3124 1460 ἐκείνων
3152 1408 3374 1476 ἄγνοιαν
3403 1409 3452 1460 οί
3489 1409 3569 1462 σοὶ
3602 1410 3851 1474 εὐσεϐεῖς

2255 1493 2487 1565 πατέρες
2521 1494 3007 1565 ἐπηνωρθώσαντο,
3056 1497 3317 1562 πολλάκις
3364 1498 3579 1562 πολλοῖς
3609 1500 3847 1572 ἐπιπλή-

2253 1585 2442 1652 ξαντες
2473 1586 2787 1657 ἐγγράφως,
2814 1588 2930 1641 ὅσοι
2965 1590 3090 1660 περὶ
3118 1588 3322 1643 τούτων
3355 1592 3669 1662 νεωτερίσαι
3695 1593 3850 1645 ἐτόλ-

2255 1693 2455 1748 μησαν.
2501 1678 2588 1730 Ἐν
2615 1672 2696 1742 οἷς
2725 1679 2752 1730 ὁ
2784 1679 2881 1750 μὲν
2907 1679 3129 1743 πάππος
3152 1697 3244 1732 σου
3285 1681 3578 1752 Ἀδριανὸς,
3628 1683 3850 1748 πολλοῖς

573 1780 850 1840 mitianns,
887 1777 1278 1832 malevolorum
1313 1775 1677 1846 quorumdam
1715 1775 1962 1830 consiliis
1994 1775 2139 1828 indu«

2256 1768 2354 1836 μὲν
2391 1769 2486 1821 καὶ
2515 1768 2714 1834 ἄλλοις,
2749 1749 2847 1824 καὶ
2876 1772 3155 1842 Φουνδάνῳ
3184 1773 3241 1825 δὲ
3267 1771 3344 1842 τῷ
3363 1749 3658 1844 άνθυπάτῳ
3680 1778 3851 1846 ἡγου-

575 1871 679 1934 cti,
728 1869 1043 1938 religionem
1085 1878 1330 1921 nostram
1371 1867 1654 1921 criminari
1714 1867 2062 1921 studuerunt.
2106 1868 2139 1919 Α

2255 1858 2398 1929 μένῳ
2447 1860 2549 1931 τῆς
2611 1862 2798 1926 Ἀσίας
2857 1865 3083 1934 γράφων
3143 1863 3392 1932 φαίνεται
3418 1883 3431 1896 ο
3460 1868 3489 1918 ο
3542 1867 3599 1920 δὲ
3656 1868 3850 1940 πατήρ

573 1960 770 2029 quibus
797 1959 1052 2027 deinceps
1093 1958 1232 2013 falsa
1282 1957 1370 2012 illa
1403 1958 1694 2013 adversum
1732 1973 1829 2013 nos
1873 1957 2148 2011 calumnia

574 2050 812 2102 manavit
846 2051 911 2102 ad
943 2057 1218 2117 posteros,
1251 2057 1308 2100 nt
1343 2063 1460 2102 mos
1487 2059 1573 2103 est
1596 2049 1767 2117 vulgi,
1803 2055 2007 2124 absque
2042 2049 2148 2102 ullo

567 2139 769 2207 judicio
818 2139 1122 2206 hujusmodi
1176 2138 1490 2192 rumoribus
1528 2139 1686 2193 ﬁdem
1721 2139 2006 2194 adhibere.
2040 2140 2146 2193 Ve-

573 2248 691 2288 rum
723 2233 1049 2302 imperitiam
1079 2232 1291 2286 illorum
1313 2241 1677 2288 correxerunt
1698 2232 1927 2302 piissimi
1953 2246 2147 2301 paren-

572 2341 659 2381 tes
693 2327 793 2388 tni,
825 2325 1206 2394 frequentibus
1234 2325 1519 2394 rescriptis
1551 2323 1902 2394 obiurgantes
1931 2339 2026 2380 eos
2057 2325 2147 2392 qui

571 2421 836 2472 adversus
885 2416 1162 2484 religionis
1211 2428 1414 2470 nostra:
1469 2416 1718 2470 homines
1763 2416 1887 2470 novi
1942 2415 2147 2485 aliquid

569 2507 739 2562 moliti
769 2517 978 2562 essent.
1024 2507 1171 2564 lnter
1203 2521 1340 2574 quos
1369 2521 1504 2560 avus
1539 2515 1661 2560 tuus
1691 2506 1983 2570 Adrianus,
2023 2521 2146 2562 cum

567 2599 691 2653 aliis
716 2599 980 2668 pluribus,
1008 2607 1121 2654 tum
1156 2598 1424 2652 Fundano
1462 2597 1608 2652 Asiae
1650 2598 1965 2664 proconsuli
2001 2597 2150 2654 litte-

570 2707 662 2746 ras
713 2689 879 2744 dedit.
925 2689 1088 2744 Pater
1117 2703 1334 2757 quoque
1358 2697 1500 2752 tuus,
1538 2702 1646 2756 quo
1677 2698 1920 2759 tempore
1947 2702 2144 2747 cuncta

568 2782 732 2837 simul
766 2796 890 2834 cum
921 2780 1041 2846 ipso
1070 2777 1516 2842 administrabas,
1544 2780 1764 2850 scripsit
1797 2780 1864 2833 ad
1896 2781 2148 2836 civitates

570 2887 636 2926 ne
671 2879 860 2926 contra
889 2886 988 2926 nos
1010 2868 1275 2926 tumultus
1298 2869 1641 2926 concitarent
1670 2887 1685 2924 :
1725 2871 2048 2926 nominatim
2077 2873 2144 2926 ad

569 2963 886 3029 Larissa-os,
911 2964 976 3018 ad
999 2962 1543 3026 Thessalonicenses,
1571 2961 1638 3017 ad
1663 2962 2050 3030 Athenienses,
2077 2966 2143 3018 ad

567 3055 853 3111 universos
906 3052 1142 3124 denique
1197 3053 1433 3108 Grmcos.
1482 3053 1558 3108 Te
1604 3067 1759 3120 vero,
1807 3054 2007 3124 quippe
2048 3055 2138 3125 qui

566 3148 706 3200 idem
738 3145 878 3214 quod
910 3145 985 3200 illi
1026 3147 1093 3200 de
1140 3145 1296 3200 nobis
1347 3145 1572 3208 sentias,
1627 3146 1734 3200 imo
1786 3146 1951 3200 etiam
1983 3146 2142 3220 longe

567 3239 858 3292 humanius
887 3245 1052 3306 atque
1085 3237 1409 3305 sapientius,
1437 3246 1588 3291 tanto
1615 3236 1789 3305 magis
1817 3237 2144 3294 conﬁdimus

563 3327 744 3381 ontnia
773 3342 896 3382 esse
923 3327 1189 3380 facturum
1210 3343 1329 3394 quae
1360 3341 1638 3397 rogamus.
1666 3345 1684 3378 ι
1724 3325 1848 3381 llaec
1874 3327 1926 3380 in
1946 3342 2141 3396 supra-

564 3418 712 3472 dicto
736 3417 1008 3472 Melitonis
1034 3416 1172 3471 libro
1205 3416 1475 3485 lcgantur.
1507 3415 1649 3470 Idem
1685 3417 1738 3470 in
1770 3418 2045 3487 excerptis
2073 3417 2142 3471 ab

566 3510 682 3578 ipso
717 3510 1056 3578 compositis,
1103 3507 1386 3561 universos
1437 3504 1652 3562 Veteris
1696 3507 2030 3564 Testamenti
2073 3510 2140 3564 li-

564 3599 689 3654 bros
721 3600 811 3668 qni
848 3601 1088 3654 omnium
1137 3613 1406 3653 consensu
1443 3598 1643 3669 recepti
1696 3609 1843 3664 sunt,
1871 3600 2053 3654 statim
2086 3601 2138 3655 in

565 3691 834 3759 principio
886 3691 1066 3760 operis
1114 3699 1386 3743 recenset.
1442 3689 1613 3755 Quem
1647 3690 1862 3758 quidem
1905 3692 2136 3749 indicem

565 3787 666 3838 hoc
695 3785 812 3838 loco
839 3797 1113 3852 apponere
1165 3782 1536 3838 necessarium
1569 3784 1778 3851 putavi.
1824 3782 1920 3838 Sic
1955 3793 2137 3840 autem

563 3873 725 3929 habet
753 3873 818 3927 ad
845 3873 1066 3928 verbum
1098 3889 1110 3925 :
1145 3890 1163 3923 ι
1200 3870 1384 3927 Melito
1411 3870 1668 3926 Onesimo
1699 3871 1857 3926 fratri
1883 3873 2134 3928 salutem.

558 3964 692 4018 Cum
723 3977 821 4032 pro
855 3977 1041 4017 amore
1066 3976 1130 4016 ac
1151 3963 1328 4017 studio
1355 3973 1444 4016 tuo
1473 3975 1600 4032 erga
1632 3964 1857 4016 verbum
1892 3963 2004 4026 Dci,
2034 3979 2136 4018 sae-

559 4056 720 4125 piusa
753 4069 838 4108 me
856 4052 1240 4121 postulaveris,
1258 4059 1317 4106 ut
1343 4061 1602 4122 excerpta
1630 4053 1878 4121 quaedam
1901 4068 1966 4106 ex
1993 4053 2136 4124 Lege

559 4156 612 4202 et
639 4145 927 4215 l’rophetis
953 4157 1072 4213 qua:
1096 4145 1160 4198 ad
1186 4144 1540 4198 SerVatorem
1565 4154 1619 4198 et
1644 4145 1710 4197 ad
1732 4144 2042 4198 universam
2070 4145 2132 4198 li-

556 4239 678 4294 dem
709 4248 951 4300 nostram
982 4236 1278 4304 pertinent,
1321 4233 1415 4288 tibi
1444 4247 1871 4301 componerem;
1903 4251 2134 4304 cumque

557 4329 727 4384 libros
751 4328 960 4383 Veteris
983 4326 1143 4398 149
1161 4325 1491 4380 Testamenti
1521 4335 1777 4379 accurate
1806 4341 2134 4397 cognoscere

555 4421 954 4488 concupiveris,
981 4429 1112 4488 quot
1155 4434 1381 4474 numero
1413 4428 1467 4472 et
1501 4433 1608 4489 quo
1636 4417 1743 4471 sint
1780 4419 1971 4472 ordine
2010 4434 2133 4472 con-

555 4511 765 4582 scripti,
789 4509 839 4564 id
859 4509 1122 4581 perlicere
1138 4509 1281 4564 omni
1305 4508 1484 4564 studio
1502 4507 1764 4563 laboravi.
1783 4507 1912 4563 Scio
1930 4508 2129 4579 quippe

621 4624 737 4694 (48)
780 4622 965 4698 Moror
983 4620 1230 4698 ίτάντωγ
1260 4661 1274 4674 .
1304 4660 1318 4677 .
1345 4663 1361 4679 .
1393 4621 1596 4698 Νέρων
1626 4621 1721 4698 καί
1753 4624 2123 4698 densum-oc.

557 4692 939 4749 Idem'scribit
983 4692 1350 4748 Tertullianus
1397 4693 1450 4763 in
1502 4692 1858 4763 Apologetico,
1891 4709 2012 4761 cap.
2047 4696 2122 4748 5:

554 4763 864 4833 Reperietis,
893 4763 1086 4832 inquit,
1122 4763 1349 4828 primum
1387 4760 1657 4833 Neronem
1675 4760 1739 4815 'in
1763 4764 1899 4833 hanc
1929 4760 2124 4818 sectam

557 4831 668 4888 tuin
693 4834 922 4887 maxime
941 4831 1138 4902 Romae
1167 4835 1416 4902 orientem
1437 4831 1744 4902 Cwsariano
1768 4832 1945 4901 gladio
1980 4836 2125 4902 fero-

553 4907 705 4960 cisse.
739 4904 802 4957 Et
829 4901 988 4970 paulo
1005 4911 1129 4970 post
1158 4919 1171 4953 :
1208 4901 1517 4957 Tentarerat
1540 4912 1590 4956 et
1615 4901 1987 4968 Domitianus,
2007 4920 2127 4968 por-

553 4977 626 5029 tio
660 4972 887 5027 Neronis
933 4973 996 5025 de
1025 4973 1357 5043 crudelitate.
1391 4973 1599 5038 Quibus
1647 4971 1765 5027 haec
1809 4973 2078 5043 subjnngit
2108 4989 2122 5026 :

555 5044 816 5098 Ca’terum
857 5044 920 5094 de
966 5052 1038 5095 tot
1075 5042 1263 5096 exinde
1303 5043 1621 5110 principibus
1681 5044 1750 5095 ad
1789 5042 2123 5105 hodiernam,

553 5116 690 5167 edite
732 5115 959 5182 aliquant
1005 5112 1373 5165 debellatorem
1427 5111 1880 5166 Christianorum.
1928 5114 2125 5177 Quales

552 5201 673 5252 ergo
699 5184 834 5253 leges
865 5187 981 5234 ητα»
1000 5221 1014 5245 ,
1044 5197 1174 5248 quas
1214 5183 1460 5236 adversus
1491 5199 1584 5235 nos
1609 5183 1708 5236 soli
1741 5193 1978 5236 exercent
2025 5184 2125 5235 im-

554 5256 662 5317 pii,
697 5254 914 5314 iniusti,
955 5263 1167 5317 turpes,
1210 5263 1415 5318 truces,
1452 5255 1602 5314 vani.
1649 5254 1906 5306 dementes
1930 5256 1956 5308 Ρ
1995 5270 2124 5318 quas

555 5324 822 5394 Trajanus
851 5331 1078 5394 exparte
1104 5321 1389 5394 frustratus
1417 5332 1491 5375 est
1517 5336 1537 5394 _:
1562 5339 1691 5392 quas
1725 5325 1900 5394 nullus
1931 5321 2125 5376 Adria-

552 5390 674 5456 nus,
702 5393 882 5460 nullus
922 5390 1073 5455 Pius,
1102 5390 1278 5444 nullus
1316 5390 1482 5445 Verus
1511 5390 1795 5460 impressit.

623 5465 736 5536 (49)
775 5459 850 5536 :07
882 5461 951 5515 δὲ
977 5460 1350 5536 ενταερήρ-ονου.Δ
1377 5459 1720 5536 Βεεοςὶνιυῐη
1755 5462 1972 5531 quidem
2015 5463 2125 5536 ᾼητ

551 5531 723 5590 tonini
774 5533 854 5587 Pii
907 5545 1006 5602 pro
1059 5531 1384 5602 Christianis
1414 5533 1576 5602 hodie
1608 5545 1720 5602 non
1755 5542 1955 5588 exstat.
2017 5533 2121 5589 Sed

548 5601 1065 5674 cjnsmentio’litin
1111 5601 1373 5674 rescripto
1419 5601 2010 5674 M._Atn‘elii_Antonini
2055 5604 2121 5656 ad

548 5671 796 5730 civitates
825 5674 983 5739 Λεία»,
1017 5673 1158 5741 quod
1188 5687 1350 5738 supra
1379 5672 1560 5728 retulit
1585 5671 1850 5728 Eusebius
1899 5690 2024 5742 cap.
2056 5673 2123 5728 15

559 5749 720 5811 binus
749 5745 893 5801 libri.
929 5744 1095 5799 Porro
1136 5745 1276 5799 hunc
1312 5745 1489 5800 locum
1539 5744 1611 5800 ita
1637 5744 1803 5800 scribi
1863 5745 2117 5800 mallem:

2170 3107 2213 3163 C

2253 1967 2346 2002 σου
2370 1951 2501 2020 (49),
2528 1952 2622 2004 καὶ
2643 1953 2735 2006 σού
2765 1952 2835 2007 τὰ
2865 1954 3154 2025 σύμπαντα
3177 1957 3504 2021 διοικοῦντος
3533 1958 3703 2030 αύτῷ,
3721 1962 3850 2022 ταῖς

2251 2041 2438 2094 πόλεσι
2480 2044 2608 2114 περὶ
2633 2044 2727 2097 τοῦ
2759 2045 2924 2115 μηδὲν
2957 2048 3298 2118 νεωτερίζειν
3330 2049 3460 2120 περὶ
3486 2050 3643 2120 ἡμῶν
3675 2052 3849 2122 ἐγρα-

2248 2131 2347 2202 ψεν
2365 2149 2378 2162 ·
2409 2135 2466 2186 ἐν
2499 2129 2580 2197 οἷς
2605 2136 2698 2189 καὶ
2731 2137 2868 2208 πρὸς
2891 2140 3274 2209 Λαρισσαίους,
3307 2143 3400 2195 καὶ
3422 2141 3558 2213 πρὸς
3579 2141 3851 2197 Θεσσαλο-

2249 2230 2419 2290 νικεῖς
2447 2229 2540 2280 καὶ
2577 2227 2917 2300 Ἀθηναίους,
2943 2231 3193 2304 καὶπρὸς
3223 2235 3428 2297 πάντας
3453 2235 3743 2308 Ἕλληνας.
3774 2237 3843 2291 Σὲ

2247 2316 2305 2369 δὲ
2328 2319 2421 2371 καὶ
2455 2319 2656 2389 μᾶλλον
2687 2323 2815 2395 περὶ
2839 2322 3046 2376 τούτων
3075 2325 3173 2397 τὴν
3199 2326 3368 2398 αὐτὴν
3393 2327 3620 2391 ἐκείνοις
3647 2328 3846 2398 ἔχοντα

2249 2406 2473 2480 γνώμην
2497 2411 2631 2481 (50),
2661 2413 2755 2465 καὶ
2776 2413 2911 2467 πολύ
2935 2431 2998 2483 γε
3018 2416 3530 2490 φιλανθρωποτέραν
3562 2421 3656 2472 καὶ
3692 2421 3843 2489 φιλο-

2249 2499 2589 2570 σοφωτέραν,
2621 2503 2962 2572 πεπείσμεθα
2996 2506 3173 2558 πάντα
3197 2507 3461 2575 πράσσειν
3485 2508 3586 2560 ὅσα
3614 2525 3710 2561 σου
3733 2509 3844 2562 δεό-

2252 2586 2410 2656 μεοα.
2449 2607 2466 2638 ι
2519 2588 2681 2641 Ἀλλὰ
2719 2589 2891 2642 ταῦτα
2933 2590 3032 2661 μὲν
3065 2593 3122 2644 ὲν
3154 2591 3233 2662 τῷ
3265 2591 3555 2662 δηλωθέντι
3601 2593 3842 2648 τέθειται

2247 2680 2408 2751 λόγῳ.
2439 2682 2528 2734 Ἑν
2551 2681 2606 2735 δὲ
2640 2685 2760 2745 ταῖς
2785 2683 3114 2752 γραφείσαις
3133 2683 3281 2754 αύτῷ
3314 2685 3586 2753 ἐκλογαῖς,
3614 2686 3642 2736 ὁ
3676 2686 3842 2748 αὐτὸς

2248 2773 2390 2826 κατὰ
2423 2773 2484 2826 τὸ
2507 2775 2789 2845 προοίμιον
2818 2776 2952 2846 ἀρχό
2961 2793 3119 2845 μενος
3141 2775 3249 2828 τῶν
3271 2777 3718 2848 ὁμολογουμένων
3739 2779 3842 2843 τῆς

2247 2864 2489 2928 Παλαιᾶς
2515 2865 2789 2936 Διαθήκης
2813 2867 3044 2938 Γραφῶν
3065 2870 3294 2919 ποιεῖται
3312 2867 3610 2934 κατάλογον
3627 2885 3640 2898 ·
3662 2868 3723 2920 ὃν
3742 2869 3841 2920 καὶ

2247 2958 2542 3026 ἀναγκαῖον
2582 2957 2817 3012 ἐνταῦθα
2860 2958 3152 3023 καταλέξαι
3183 2959 3481 3031 ἡγούμεθα,
3519 2959 3713 3030 ἔχοντα
3744 2961 3840 3013 ἐπὶ

2245 3049 2441 3114 λέξεως
2479 3050 2652 3114 οὕτως
2676 3068 2689 3081 ο
2725 3070 2742 3100 ι
2779 3051 3030 3104 Μελίτων
3065 3051 3341 3122 Ὀνησίμῳ
3361 3051 3436 3122 τῷ
3468 3051 3682 3122 ἀδελφῷ
3712 3053 3837 3123 χαί-

2249 3159 2382 3213 ρειν.
2428 3143 2644 3212 Ἐπειδὴ
2681 3142 2940 3206 πολλάκις
2975 3140 3213 3211 ἠξίωσας
3247 3143 3448 3214 σπουδῇ
3479 3147 3544 3214 τῇ
3579 3145 3716 3215 πρὸς
3741 3144 3836 3196 τὸν

2241 3235 2398 3304 λόγον
2433 3234 2734 3306 χρώμενος,
2777 3235 3028 3303 γενέσθαι
3057 3253 3138 3288 σοι
3172 3235 3404 3304 ἐκλογὰς
3429 3237 3490 3290 ἐκ
3522 3254 3578 3290 τε
3609 3237 3706 3291 τοῦ
3742 3237 3834 3291 νό-

2246 3344 2346 3396 μου
2378 3328 2472 3379 καὶ
2498 3327 2606 3378 τῶν
2641 3327 2936 3398 προφητῶν
2971 3328 3099 3396 περὶ
3124 3325 3216 3380 τοῦ
3253 3329 3504 3399 Σωτῆρος
3529 3329 3622 3382 καὶ
3652 3330 3835 3400 πάσης

2241 3418 2338 3487 τῆς
2381 3419 2616 3481 πίστεως
2649 3417 2828 3489 ἡμῶν,
2878 3418 2957 3471 ἔτι
3006 3419 3062 3472 δὲ
3103 3420 3198 3472 καὶ
3231 3419 3423 3490 μαθεῖν
3453 3419 3550 3490 τὴν
3581 3421 3691 3473 τῶν
3726 3439 3834 3474 πα-

2241 3510 2408 3563 λαιῶν
2447 3509 2666 3580 βιϐλίων
2700 3509 3000 3582 ἐϐουλήθης
3035 3511 3343 3583 ἀκρίϐειαν,
3391 3513 3531 3565 πόσα
3582 3512 3674 3564 τὸν
3707 3514 3830 3585 apt-

2243 3600 2378 3671 θμον
2398 3601 2492 3654 καὶ
2518 3603 2678 3654 ὁποῖα
2700 3600 2795 3672 τὴν
2821 3601 2973 3666 τάξιν
2997 3599 3128 3667 εἷεν,
3163 3602 3471 3656 ἐσπούδασα
3514 3603 3574 3656 τὸ
3621 3604 3833 3660 τοιοῦτο

2241 3692 2466 3764 πρᾶξαι,
2509 3692 2869 3763 ἐπιστάμενός
2906 3711 2998 3746 σου
3031 3693 3092 3746 τὸ
3122 3694 3406 3748 σπουδαῖον
3441 3697 3566 3767 περὶ
3607 3696 3705 3767 τὴν
3740 3697 3834 3749 πίει

2241 3799 2378 3848 στιν,
2425 3785 2520 3836 καὶ
2564 3781 2860 3852 φιλομαθὲς
2889 3782 3016 3852 περὶ
3056 3782 3148 3834 τὸν
3183 3782 3360 3850 λόγον,
3393 3784 3553 3837 ὃτιτε
3592 3784 3830 3854 μάλιστα

2240 3877 2456 3931 πάντων
2493 3875 2642 3946 πόθῳ
2671 3875 2748 3946 τῷ
2771 3874 2905 3946 πρὸς
2936 3875 3069 3928 Θεὸν
3111 3876 3285 3929 ταῦτα
3328 3877 3660 3949 προκρίνεις,
3699 3879 3831 3948 περὶ

2237 3968 2338 4038 τῆς
2362 3968 2579 4022 αἰωνίου
2603 3966 2874 4037 σωτηρίας
2895 3966 3312 4037 ἀγωνιζόμενος.
3351 3967 3610 4020 ’Λνελθὼν
3630 3964 3723 4022 οὖν
3746 3971 3827 4033 είς

2236 4061 2335 4130 τὴν
2369 4058 2655 4130 ἀνατολὴν,
2694 4059 2786 4111 καὶ
2834 4059 2938 4121 ἕως
2983 4057 3076 4110 τοῦ
3124 4060 3291 4112 τόπου
3351 4061 3643 4128 γενόμενος
3696 4061 3824 4114 ἔνθα

2239 4145 2513 4218 ἐκηρύχθη
2561 4146 2655 4198 καὶ
2693 4146 2964 4217 ἐπράχθη,
3011 4147 3104 4200 καὶ
3135 4147 3379 4218 ἀκριϐῶς
3417 4149 3602 4220 μαθὼν
3633 4150 3700 4203 τὰ
3725 4152 3823 4220 τῆς

2238 4235 2478 4298 Παλαιᾶς
2504 4234 2777 4305 Διαθήκης
2806 4235 3001 4304 βιϐλία,
3038 4236 3310 4304 ὑποτάξας
3341 4237 3563 4308 ἔπεμψά
3599 4257 3715 4293 σοι·
3746 4233 3825 4293 ὧν

2237 4325 2445 4379 ἐστιτὰ
2484 4326 2753 4396 ὀνόματα·
2791 4327 3069 4390 Μωῦσέως
3103 4327 3284 4391 πέντε,
3308 4329 3544 4393 Γένεσις,
3579 4331 3816 4397 Ἕξοδος,

2238 4419 2541 4480 Λευῖτικὸν,
2615 4418 2859 4489 Ἀριθμοὶ
2914 4419 3048 4488 (51),
3116 4422 3553 4490 Δευτερονὸμιον·
3613 4423 3820 4492 Ἰησοῦς

2237 4510 2416 4580 Ναυῆ,
2448 4510 2667 4582 Κριταὶ,
2715 4510 2869 4564 Ῥούθ
2891 4528 2902 4541 ·
2940 4512 3230 4565 Βασιλειῶν
3257 4513 3512 4580 τέσσαραο
3551 4513 3812 4585 Παραλειο

2238 4624 2368 4713 δ’δέ
2415 4625 2596 4695 πατήρ
2643 4641 2770 4687 σου,
2821 4625 2914 4679 καὶ
2958 4624 3050 4678 σοῦ
3090 4625 3156 4678 τὰ
3190 4625 3367 4678 πάντα
3394 4626 3816 4694 συνδιοικοῦντος

2230 4712 2414 4835 uigil.)
2455 4761 2624 4835 sese
2657 4762 2754 4816 καὶ
2779 4762 3022 4835 μᾶλλον
3065 4765 3204 4835 ,περὶ
3233 4767 3460 4819 τούτων
3483 4765 3598 4834 τὴν
3618 4767 3815 4834 αὐτὴν

2233 4833 2491 4899 ἐκείνοις
2520 4833 2741 4906 ἔχοντα
2778 4833 3038 4906 γιίῴμην.
3065 4833 3159 4888 His
3178 4837 3356 4890 verbis
3375 4833 3815 4906 Melitoilcsigna-

2233 4923 2294 4961 re
2315 4906 2529 4959 videtur
2547 4904 2827 4972 epistolam
2844 4903 2912 4957 Μ.
2933 4906 3211 4968 Antonini,
3231 4909 3295 4958 ad
3322 4906 3624 4961 Coninmne
3663 4903 3811 4963 Ksizr!

2230 4979 2414 5030 datam
2450 4988 2549 5042 pro
2597 4973 2957 5036 Christianis,
2987 4976 3168 5043 inqua
3206 4977 3349 5028 inter
3385 4984 3582 5030 cretera
3626 4977 3813 5041 legun-

2231 5055 2339 5116 tur
2367 5047 2484 5116 haec
2520 5043 2695 5116 verba
2730 5059 2743 5095 :
2790 5044 3067 5116 lgaiépoi.
3114 5045 3171 5097 δὲ
3221 5045 3348 5116 περὶ
3376 5045 3504 5116 τῶν
3553 5046 3809 5103 τοιούτων

2229 5115 2426 5193 πολλοὶζ
2443 5112 2747 5193 ἐσῄμανανξ
2777 5108 2858 5176 οἷς
2880 5114 2944 5187 δὴ
2978 5108 3084 5193 ’καὶ
3112 5108 3434 5187 προέγραψα
3473 5117 3808 5170 κατακολου-

2228 5185 2336 5239 θῶν
2365 5187 2429 5255 τῇ
2451 5182 2780 5256 τοῦπατρὸς
2809 5201 2908 5256 μου
2931 5182 3143 5256 γνώμῃ.

2300 5245 2429 5324 (5ιῖ
2461 5245 3123 5325 ᾼευῖτιῖὶὸιξ,ίἈρίθμὸίῘ
3171 5255 3226 5308 In
3281 5255 3479 5325 nostris
3523 5257 3806 5312 codicibus

2228 5323 2457 5397 Malam,
2486 5323 2624 5397 Med.
2657 5335 2710 5376 et
2739 5323 2902 5397 _Fuk.,
2953 5323 3165 5397 necnon
3196 5327 3359 5397 apud
3411 5324 3804 5397 Nicephorum,

2228 5396 2449 5468 inverso
2494 5393 2688 5468 ordine
2739 5394 2934 5468 legitur
2969 5393 3584 5468 ἈριθμοὶίΛευῐτικόν,
3627 5398 3805 5467 Atque

2228 5466 2300 5520 ita
2331 5465 2560 5518 Rulinus
2594 5463 2644 5517 in
2665 5464 2792 5536 suis
2818 5463 3221 5536 exemplaribus
3269 5465 3530 5536 scriptum
3576 5463 3800 5522 invene-

2228 5543 2315 5589 rat
2349 5544 2422 5607 ut_
2432 5549 2496 5588 ex
2533 5533 3238 5607 Vgrsi_()HB_erS_:lppar¢l._
3263 5533 3435 5606 Moysi
3470 5535 3591 5590 libri
3643 5538 3803 5607 quia-

2226 5621 2322 5675 que
2345 5621 2360 5656 :
2382 5603 2619 5675 Genesis,
2654 5601 2893 5669 Exortus,
2935 5605 2987 5658 N
2996 5601 3180 5674 itineri,
3207 5601 3470 5660 Leviticus
3497 5646 3512 5672 ,
3545 5601 3800 5661 Deu'tero-

2227 5674 2639 5746 nomium._Si_c
2690 5675 2832 5746 enim
2881 5676 3073 5746 legitur
3097 5679 3149 5730 in
3205 5677 3580 5731 vetustissimo
3610 5677 3801 5733 codice

2225 5744 2550 5802 Parisiensis
2582 5743 2862 5802 Ecclesia».
