4112 6428
563 363 660 421 ιΟἹ

1271 347 1539 406 EUSEBII
1581 347 2054 406 CESARIENSlS
2090 334 2251 405 ΟΡΡ.
2293 346 2473 406 PARS
2511 349 2552 405 l.
2595 378 2663 389 —
2702 345 3096 405 HISTORICA.

3714 351 3822 407 ιω

549 482 738 527 rarum
766 463 1014 537 partibus
1047 463 1338 519 violentior
1367 465 1628 522 adversus
1675 475 1894 522 nostros
1940 480 2108 537 ρει-εει

2232 467 2340 537 γῆς
2381 465 2735 538 σφοδρότερον
2795 462 3284 537 ἀναρριπισθέντος
3336 481 3431 518 του
3485 465 3607 521 καθ’
3657 469 3823 540 ἡμῶν

551 557 698 614 cutio
746 562 1018 611 commota
1068 562 1213 608 esset
1257 567 1325 609 ex
1379 555 1691 612 incursione
1743 557 2127 627 popularimn,

549 645 975 704 innumerabiles
991 660 1158 716 prope
1184 658 1452 718 martyres
1472 663 1570 716 per
1599 649 1910 706 universum
1934 651 2126 705 orbem

549 738 851 804 enituisse,
897 752 962 792 ex
1011 737 1076 790 iis
1117 751 1238 806 quae
1282 737 1334 790 in
1375 737 1532 791 unica
1563 739 1843 808 provincia
1881 741 2127 810 contige-

553 841 699 895 runt,
738 827 1012 898 conjicere
1040 836 1142 880 est.
1176 826 1306 892 Quae
1342 827 1580 894 quidem,
1615 837 1800 897 utpote
1829 829 2124 884 immortali

549 920 817 980 memoria
853 918 1197 989 dignissima,
1233 917 1540 971 litterarum
1587 919 1952 973 monumentis
1979 934 2128 973 com-

549 1015 802 1071 mendata
847 1021 900 1066 et
937 1009 1004 1064 ad
1042 1019 1293 1079 posteros
1327 1009 1647 1063 transmissa
1697 1019 1845 1064 sunt.
1896 1010 1960 1064 Et
2005 1019 2125 1065 acta

546 1102 767 1175 quidem
806 1102 920 1170 ipsa
959 1099 1157 1169 quibus
1195 1098 1508 1168 plenissima
1551 1100 1741 1154 harum
1781 1116 1958 1155 rerum
1992 1117 2124 1156 nar-

547 1196 687 1251 ratio
722 1193 1052 1254 continetur,
1092 1193 1144 1245 in
1177 1206 1342 1260 opere
1373 1191 1446 1245 De
1475 1193 1796 1262 martyribus
1838 1194 2049 1264 integra
2090 1209 2120 1249 a

545 1286 706 1342 nobis
740 1284 946 1339 inserta
992 1289 1151 1348 sunt;
1189 1299 1255 1337 ex
1287 1283 1481 1352 quibus
1529 1300 1634 1338 non
1669 1284 1842 1339 solum
1883 1286 2123 1356 cognitio

548 1375 708 1448 154
764 1389 944 1428 rerum
992 1382 1264 1444 gestarum
1293 1413 1306 1438 ,
1341 1389 1526 1428 verum
1578 1375 1742 1429 etiam
1791 1376 2119 1430 documenta

543 1467 764 1538 pietatis
793 1465 1002 1537 percipi
1037 1473 1284 1534 possunt.
1325 1465 1676 1536 Qumcunque
1714 1477 1894 1522 tamen
1925 1467 2007 1527 ad,
2035 1469 2118 1520 in-

543 1557 798 1611 stitutum
841 1566 1086 1610 nostrum
1121 1564 1368 1624 spectare
1415 1557 1546 1609 mihi
1597 1557 1710 1610 visa
1739 1567 1904 1620 sunt,
1937 1571 1998 1611 ea
2035 1559 2119 1611 in-

544 1646 964 1716 praesentiarum
1015 1645 1297 1714 seligens.
1350 1646 1437 1700 hic
1474 1662 1762 1716 apponam.
1809 1648 1882 1702 Ac
1937 1649 2118 1702 caeteri

539 1735 762 1807 quidem
794 1735 1152 1790 historiarum
1185 1736 1504 1805 seriptores,
1536 1736 1669 1790 nihil
1698 1737 1840 1790 aliud
1869 1737 1982 1792 fere
2011 1755 2118 1794 mo-

2232 553 2472 624 διωγμοῦ
2501 553 2562 618 ἐξ
2599 553 2894 617 ἐπιθέσεως
2926 554 3036 608 τῶν
3070 553 3212 607 κατὰ
3242 553 3342 617 τὰς
3375 555 3559 619 πόλεις
3602 557 3822 628 δήμων,

2235 643 2499 717 μυριάδας
2531 642 2822 714 μαρτύρων
2866 643 2968 696 ἀνὰ
3004 642 3102 714 τὴν
3133 645 3456 714 οἰκουμένην
3496 646 3819 719 διαπρέψαι,

2232 732 2522 804 στοχασμῷ
2552 732 2734 785 λαϐεῖν
2759 733 2967 786 ἔνεστιν
2997 734 3106 786 ἀπὸ
3128 733 3234 786 τῶν
3270 734 3388 787 καθ’
3414 734 3472 789 ἒν
3500 735 3654 800 ἔθνος
3685 755 3823 809 συμ-

2229 822 2570 894 ϐεϐηκότων·
2606 821 2640 876 ἃ
2669 822 2762 875 καὶ
2792 825 2974 893 γραφῇ
3007 827 3118 886 τοῖς
3171 823 3465 894 μετέπειτα
3497 827 3823 897 παραδοθῆ-

2227 933 2334 979 ναι,
2371 914 2604 986 ἀλήστου
2649 915 2870 986 μνήμης
2901 914 2979 978 ῶς
3004 913 3218 986 ἀληθῶς
3255 915 3456 980 ἐπάξια
3482 917 3633 984 ὄντα,
3671 936 3820 989 συμ-

2227 1007 2448 1078 δέδηκε-
2477 1007 2589 1077 Τῆς
2619 1008 2714 1077 μὲν
2742 1003 2834 1060 οὖν
2861 1008 2988 1078 περὶ
3017 1007 3221 1060 τούτων
3253 1009 3638 1081 ἐντελεστάτης
3673 1011 3820 1082 ὕφη-

2230 1100 2438 1168 γήσεως
2462 1097 2523 1150 τὸ
2555 1100 2662 1152 πᾶν
2689 1097 3048 1168 σύγγραμμα,
3079 1101 3144 1168 τῇ
3181 1097 3302 1153 Τῶν
3331 1104 3650 1170 μαρτύρων
3681 1104 3820 1174 ἡμῖν

2227 1189 2626 1244 κατατέτακται
2664 1188 2988 1258 συναγωγῇ
3038 1190 3172 1260 (75),
3204 1191 3302 1261 οὐχ
3357 1193 3635 1264 ἱστορικὴν
3679 1194 3820 1248 αὐτὸ

2229 1281 2406 1350 μόνον,
2455 1280 2590 1334 ἀλλὰ
2648 1282 2743 1334 καὶ
2787 1280 3173 1353 διδασκαλικὴν
3228 1283 3480 1354 περιέχον
3531 1285 3816 1357 διήγησιν.

2237 1373 2440 1426 Ὁπόσα
2473 1373 2535 1440 γέ
2575 1390 2656 1426 τοι
2706 1373 2808 1442 τῆς
2854 1372 3138 1444 παρούσης
3179 1373 3354 1444 ἔχοιτο
3403 1379 3816 1447 πραγματείας,

2221 1463 2371 1517 ταῦτ’
2400 1465 2494 1518 ἐπὶ
2517 1464 2611 1517 τοῦ
2645 1465 2909 1534 παρόντος
2950 1463 3350 1536 ἀναλεξάμενος
3386 1468 3812 1540 παραθήσομαι.

2226 1554 2406 1608 Ἀλλοι
2475 1555 2572 1625 μὲν
2632 1551 2724 1608 οὖν
2791 1554 3068 1628 ἱστορικὰς
3132 1557 3444 1628 ποιούμενοι
3501 1560 3812 1632 διηγήσεις.

2222 1645 2438 1710 πάντως
2465 1645 2530 1699 ἂν
2561 1647 2880 1719 παρέδωκαν
2907 1650 2972 1719 τῇ
3008 1651 3193 1718 γραφῇ
3221 1649 3474 1720 πολέμων
3499 1652 3678 1716 νίκας,
3714 1655 3815 1705 καὶ

2219 1737 2449 1807 τρόπαια
2492 1740 2610 1790 κατ’
2658 1739 2888 1810 ἐχθρῶν,
2919 1739 3242 1810 στρατηγῶν
3271 1758 3330 1793 τε
3360 1742 3663 1813 ἀριστείας,
3713 1747 3814 1802 καὶ

539 1825 812 1880 numentis
853 1825 966 1880 suis
1007 1825 1404 1894 prodiderunt,
1439 1840 1601 1894 quam
1657 1824 1882 1882 bellicas
1935 1827 2108 1882 victo-

2218 1827 2451 1882 ὁπλιτῶν
2492 1829 2882 1900 ἀνδραγαθίας,
2942 1833 3133 1901 αἵματι
3184 1833 3276 1886 καὶ
3331 1833 3547 1905 μυρίοις
3599 1837 3810 1904 φόνοις,

540 1917 685 1981 rias,
723 1924 778 1971 et
806 1926 989 1970 erecta
1045 1918 1112 1969 de
1147 1916 1399 1970 hostibus
1431 1917 1590 1970 victis
1634 1926 1868 1986 tropaea;
1908 1918 2107 1973 ducum

538 2023 625 2067 res
654 2006 910 2077 praeclare
957 2021 1136 2082 gestas
1159 2045 1174 2071 ,
1229 2007 1388 2061 fortia
1417 2007 1649 2062 militum
1681 1994 1822 2064 facta
1844 2051 1858 2076 ,
1889 2009 1981 2078 qui
2012 2024 2111 2079 pro

536 2101 707 2170 patria
737 2141 752 2163 ,
800 2115 898 2169 pro
954 2100 1142 2154 liberis
1175 2116 1238 2154 ac
1271 2099 1505 2156 fortunis
1547 2100 1658 2155 suis
1687 2141 1702 2166 ,
1756 2117 1950 2157 manus
1984 2117 2112 2158 suas

533 2194 804 2263 sanguine
853 2203 905 2247 et
955 2193 1164 2248 infinita
1199 2193 1436 2248 hostium
1483 2195 1630 2249 crede
1679 2195 2112 2251 commaculare-

533 2295 678 2340 rant.
723 2285 794 2338 At
843 2298 942 2338 nos
967 2285 1059 2353 qui
1104 2299 1276 2339 sacrae
1303 2285 1582 2352 cujusdam
1615 2300 1679 2341 ac
1713 2285 1910 2341 divinae
1935 2288 2113 2356 reipu-

533 2377 688 2432 blicae
741 2375 1023 2430 historiam
1082 2391 1409 2442 narramus,
1465 2377 1808 2446 pacatissima
1859 2378 2109 2449 quaedam

533 2468 672 2523 bella
703 2482 802 2538 pro
831 2466 1066 2536 spiritali
1097 2481 1230 2536 pace
1258 2477 1532 2536 suscepta,
1567 2483 1768 2537 eosque
1793 2471 1886 2540 qui
1918 2472 1970 2525 in
2007 2471 2108 2525 hu.

527 2555 762 2626 jusmodi
795 2555 949 2610 bellis
980 2571 1075 2624 pro
1109 2556 1339 2610 veritate
1371 2571 1434 2609 ac
1461 2555 1718 2625 religione
1743 2559 1920 2626 potius
1941 2573 2103 2627 quam

530 2663 626 2718 pro
651 2648 824 2717 patria
856 2661 921 2700 ac
948 2646 1136 2701 liberis
1166 2648 1380 2701 fortiter
1410 2649 1783 2712 decertarant,
1823 2649 2104 2703 immorta-

531 2740 676 2795 libus
707 2740 1013 2794 litterarum
1048 2739 1414 2798 monumentis
1467 2738 1851 2796 mandabimus
1881 2757 1893 2793 :
1933 2741 2106 2794 athleo

531 2841 710 2888 tarum
739 2847 838 2902 pro
876 2832 1078 2902 pietate
1107 2831 1464 2901 pugnantium
1511 2833 1878 2886 constantiam
1905 2873 1919 2896 ,
1947 2843 2003 2886 et
2052 2835 2104 2888 in

2219 1921 2444 1984 παίδων,
2460 1923 2551 1975 καὶ
2567 1924 2846 1994 πατρίδος,
2866 1926 2959 1992 καὶ
2975 1925 3072 1995 τῆς
3093 1925 3260 1996 ἄλλης
3281 1927 3469 1980 ἕνεκεν
3487 1930 3810 1999 περιουσίας

2225 2013 2574 2083 μιανθέντων.
2612 2016 2667 2068 '0
2687 2015 2742 2067 δέ.
2762 2033 2822 2084 γε
2846 2017 2938 2069 τοῦ
2963 2017 3103 2070 κατά
3122 2018 3256 2071 Θεὸν
3278 2019 3672 2089 πολιτεύματος
3691 2021 3808 2091 (74)

2217 2103 2611 2177 διηγηματικὸς
2638 2108 2767 2178 ἡμῖν
2797 2108 2974 2176 λόγος,
3005 2111 3132 2173 τοὺς
3166 2111 3307 2183 ὑπὲρ
3338 2114 3506 2184 αὐτῆς
3530 2115 3631 2184 τῆς
3662 2132 3735 2169 κα
3750 2116 3812 2170 τὰ

2214 2195 2391 2269 ψυχὴν
2427 2199 2649 2269 εἰρήνης
2697 2201 3158 2270 είρηνικωτάτους
3204 2203 3501 2275 πολέμους,
3544 2208 3640 2260 καὶ
3676 2210 3810 2272 τοὺς

2216 2287 2274 2338 ὲν
2319 2287 2525 2350 τούτοις
2563 2289 2704 2359 ὑπὲρ
2753 2289 3010 2360 ἀληθείας
3045 2292 3243 2361 μᾶλλον
3284 2295 3319 2366 ἦ
3366 2297 3658 2366 πατρίδος,
3710 2300 3810 2357 καὶ

2219 2378 2418 2449 μᾶλλον
2450 2381 2590 2451 ὑπὲρ
2629 2381 2911 2445 εὐσεϐείας
2953 2384 2984 2454 ἧ
3026 2385 3135 2438 τῶν
3166 2385 3440 2455 φιλτάτων
3469 2389 3804 2460 ἀνδρισαμέ-

2216 2489 2358 2535 νους,
2391 2473 2636 2536 αἰωνίαις
2666 2474 3041 2546 ἀναγράψεται
3091 2479 3333 2550 στήλαις,
3372 2481 3480 2534 τῶν
3514 2483 3806 2549 εὐσεϐείας

2214 2563 2461 2634 ἀθλητῶν
2489 2566 2586 2629 τὰς
2620 2568 2916 2632 ἐνστάσεις,
2941 2571 3034 2622 καὶ
3057 2571 3157 2634 τὰς
3177 2573 3538 2644 πολυτλήτους
3557 2575 3805 2648 ἀνδρίας.

2211 2656 2450 2727 τρόπαια
2499 2674 2557 2710 τε
2594 2657 2660 2711 τὰ
2711 2659 2850 2713 κατά
2883 2660 3174 2732 δαιμόνων,
3219 2664 3314 2717 καὶ
3340 2665 3494 2729 νίκας
3520 2667 3621 2731 τὰς
3661 2669 3807 2721 κατὰ

2211 2747 2319 2799 τῶν
2347 2747 2596 2816 ἀοράτων
2627 2749 2958 2816 ἀντιπάλων,
2995 2753 3088 2805 καὶ
3118 2755 3242 2817 τοὺς
3276 2756 3368 2808 ἐπὶ
3398 2759 3534 2810 πᾶσι
3575 2757 3796 2824 τούτοις

2215 2839 2531 2905 στεφάνους,
2568 2841 2646 2901 εἰς
2674 2839 2890 2894 αἰώνιον
2933 2843 3154 2915 μνήμην
3181 2846 3595 2918 ἀνακηρύττων.

527 2927 868 2998 perferendis
917 2925 1302 2996 tnultiplicibns
1355 2927 1642 2980 tormentis
1693 2927 2106 2993 fortitudinem,
2173 2941 2370 3000 tropaea
2422 2935 2684 2987 adversus
2735 2934 3010 2992 daemones
3068 2948 3270 2994 statuta
3301 2981 3316 3006 ,
3356 2952 3544 3010 partas
3594 2958 3664 2997 ex
3712 2944 3800 2998 in-

526 3021 832 3078 visibilibus
897 3021 1146 3078 hostibus
1202 3021 1479 3085 victorias,
1536 3036 1770 3076 coronas
1835 3021 2068 3092 denique
2124 3026 2189 3078 ad
2222 3033 2538 3096 perpetuam
2583 3029 2918 3096 posteritatis
2954 3033 3270 3086 memoriam
3305 3035 3687 3103 praedicantes.

1184 3112 1414 3168 CAPUT
1448 3114 1483 3167 Ι.

528 3206 668 3274 Quot
701 3207 755 3260 in
788 3205 976 3261 Galliis
1013 3217 1060 3260 et
1114 3207 1504 3275 quomodoipro
1533 3209 1723 3275 pietate
1760 3209 2099 3264 occubuerint

1097 3287 1342 3344 regnante
1378 3273 1531 3333 Vero.

599 3437 768 3494 Porro
805 3438 956 3510 regio
989 3438 1104 3507 ipsa
1136 3438 1189 3493 in
1219 3452 1327 3508 qua
1353 3437 1587 3492 stadium
1618 3439 1684 3493 ad
1707 3438 1824 3494 haec
1852 3453 1972 3509 quae
1992 3439 2101 3495 dixi

526 3531 826 3586 certamina
859 3531 1212 3585 constitutum
1244 3530 1385 3595 fuit,
1423 3529 1598 3583 Gallia
1631 3539 1876 3585 vocatur.
1910 3531 1967 3586 lu
2001 3531 2104 3586 hac

524 3619 644 3675 duae
685 3635 796 3689 prae
843 3621 1056 3674 caeteris
1111 3619 1351 3686 insignes
1399 3627 1834 3688 praestantesque
1889 3619 2102 3674 urbium

527 3722 730 3768 matres
761 3713 1126 3778 celebrantur,
1165 3712 1485 3780 Lugdunum
1517 3726 1580 3766 ac
1608 3711 1835 3777 Vienna,
1871 3727 2102 3781 quarum

525 3814 810 3874 utramque
836 3814 1080 3874 permeat
1115 3805 1409 3862 Rhodanus
1431 3843 1448 3870 ,
1480 3805 1786 3860 universam
1818 3806 2098 3876 regionem

521 3894 785 3964 praecipiti
809 3911 968 3949 cursu
999 3893 1403 3950 circumfluens.
1431 3893 1596 3962 Igitur
1626 3894 1976 3952 nobilissimae
2003 3896 2102 3950 ho-

523 4003 639 4041 rum
680 3987 926 4042 locorum
958 3987 1213 4042 Ecclesiae
1257 3987 1708 4040 commentarium
1741 3987 1808 4041 de
1847 3987 2113 4056 passione-

523 4087 825 4148 martyrum
860 4093 1083 4132 suorum
1126 4077 1192 4131 ad
1241 4077 1516 4132 Ecclesias
1563 4077 1706 4134 Asia:
1739 4078 2100 4147 Phrygiaeque

521 4170 825 4234 miserunt,
858 4185 922 4224 ea
950 4184 1070 4238 quae
1100 4168 1243 4237 apud
1291 4185 1349 4223 se
1377 4180 1524 4240 gesta
1555 4180 1710 4227 erant
1733 4210 1746 4234 ,
1785 4169 1889 4225 hoc
1936 4167 2099 4220 modo

519 4258 1202 4327 commemorantes;ipsa
1255 4260 1401 4312 enim
1452 4261 1615 4316 verba
1670 4276 1774 4314 non
1823 4255 2099 4328 gravabor

525 4365 798 4421 apponere
832 4369 845 4404 :
877 4368 896 4402 ι
956 4349 1113 4405 Servi
1146 4351 1353 4407 Christi
1405 4354 1495 4423 qui
1551 4353 1695 4423 apud
1723 4349 1988 4406 Viennam
2044 4353 2097 4399 et

522 4461 792 4517 Melitonis
835 4459 1234 4529 Apologeticum
1266 4461 1335 4514 Μ.
1365 4460 1642 4514 Antonino
1687 4474 1810 4515 esse
1853 4460 2093 4513 oblatum
2130 4463 2174 4521 D

519 4547 663 4588 anno
688 4531 808 4598 ejus
837 4531 1046 4600 imperii
1083 4546 1137 4582 Χ.
1164 4532 1447 4600 Caeterum
1473 4542 1527 4584 et
1559 4533 1610 4583 in
1635 4531 1784 4600 Arsia,
1817 4540 1869 4585 et
1901 4529 1951 4582 in
1972 4529 2095 4600 Gal.

520 4603 606 4659 liis
638 4603 866 4671 aliisque
913 4599 1230 4670 provinciis,
1286 4601 1591 4669 persecutio
1649 4599 1738 4653 illa
1780 4615 1922 4671 anno
1949 4599 2096 4667 ejus-

518 4673 638 4730 tletn
670 4671 928 4726 Antonini
966 4686 1080 4726 xvu
1116 4671 1492 4726 vehementius
1539 4671 1766 4734 exarsit,
1798 4679 1856 4723 nt
1901 4670 1988 4723 ltic
2016 4672 2098 4724 di-

519 4751 665 4798 serie
686 4742 853 4797 refert
888 4740 1172 4796 Eusebius.
1205 4740 1260 4794 In
1287 4742 1442 4810 cujus
1473 4752 1620 4794 textu
1656 4755 1910 4794 numeros
1931 4756 2097 4794 anno-

521 4829 638 4865 rnm
691 4827 794 4865 uon
845 4827 964 4866 esse
1015 4823 1322 4880 corruptos,
1362 4811 1444 4865 vel
1491 4812 1616 4865 ltinc
1665 4820 1908 4878 apparet,
1951 4815 2096 4878 quod

518 4883 624 4942 hoc
644 4884 833 4937 eodem
859 4898 1001 4936 anno
1032 4881 1376 4936 Eleutherum
1414 4881 1671 4935 Romanae
1703 4880 1853 4933 urbis
1885 4883 2097 4948 episco-

521 4967 646 5021 pum
709 4953 886 5006 Soteri
927 4952 1260 5006 successisse
1306 4953 1517 5006 scribit.
1573 4952 1724 5017 Quod
1770 4951 1988 5021 quidem
2042 4955 2094 5006 in

518 5020 780 5077 Chronico
815 5021 1029 5077 confert
1085 5024 1134 5073 itt
1165 5037 1365 5074 annum
1398 5037 1486 5074 va
1514 5021 1796 5074 Antonini.
1835 5020 1962 5074 Vide
2000 5022 2098 5076 Ba-

520 5094 732 5148 ronium
762 5093 829 5146 ad
863 5107 1064 5145 annum
1107 5091 1310 5146 (Jhrisni
1343 5093 1465 5146 179.
1511 5091 1670 5144 Certe
1710 5099 1900 5143 auctor
1934 5090 2099 5147 Claro-

517 5164 623 5219 nici
654 5161 1030 5226 Alexandrini,
1065 5162 1388 5231 martyrium
1432 5162 1647 5221 Pothini
1683 5169 1737 5214 et
1764 5160 2095 5230 reliquorum

517 5235 810 5301 consignat
837 5247 981 5301 attito
1014 5245 1102 5285 XVI
1131 5232 1411 5286 Antonini.

587 5299 701 5370 (75)
733 5299 811 5369 Τῇ
850 5300 971 5356 Τῶν
992 5303 1380 5370 μαρτύρων...
1429 5299 1770 5370 συναγωγῇ.
1805 5300 1903 5354 Sic‘
1926 5301 2094 5358 Euse-

518 5374 638 5427 hius
666 5388 863 5426 vocare
903 5375 1040 5426 solet
1082 5374 1276 5426 librutn
1318 5373 1393 5425 De
1433 5373 1792 5442 martyribus,
1841 5387 1907 5424 eo
1954 5374 2095 5442 quod

519 5443 647 5497 nihil
677 5443 821 5496 aliud
866 5452 1012 5496 esset
1062 5459 1223 5511 quam
1262 5443 1508 5496 collectio
1567 5449 1846 5511 Actorum.
1907 5442 1982 5495 Ita
2044 5445 2095 5497 in

518 5514 658 5584 libro
684 5527 758 5576 tv,
787 5529 910 5582 cap.
948 5513 1034 5584 15,
1067 5509 1165 5565 sub
1196 5514 1354 5584 linem
1385 5527 1398 5565 :
1439 5513 1559 5584 Ἐπὶ
1583 5509 1782 5584 ταύτην
1811 5514 2099 5584 παραπέμ-

513 5583 726 5655 ψωμεν,
761 5587 872 5646 τοῖς
903 5582 1012 5635 τῶν
1043 5583 1312 5655 ἀρχαίων.
1340 5581 1744 5655 συναχθεῐσιν-ῠή
1757 5587 1846 5652 μῐν
1885 5581 2094 5655 μαρτυ-

519 5649 654 5726 ρζοὶς
689 5649 1350 5726 évzstaypévrpi."supple
1382 5649 1620 5726 γραφήν.
1657 5649 1787 5706 Vide
1810 5649 2092 5726 infra'cap.

514 5723 603 5783 21.
637 5739 702 5779 ex
732 5740 839 5811 quo
869 5738 1015 5794 patet
1048 5723 1429 5780 scribendum
1469 5723 1565 5793 hLe
1621 5735 1740 5782 esse
1782 5725 2096 5803 μαρτυρίων

517 5811 823 5873 cumquem.

2737 3123 3134 3176 ΚΕΦΑΛΛῘΟΝ
3182 3124 3259 3178 A'.

2218 3213 2392 3285 Ὅσοι
2436 3214 2533 3267 καὶ
2561 3211 2741 3285 ,ὅπως
2785 3214 2934 3266 κατὰ
2975 3212 3209 3281 Οὺῆρον
3238 3215 3484 3285 exiitch
3522 3219 3799 3285 Γαλλίας

2293 3283 2399 3357 τῷν
2461 3283 2612 3357 om?
2670 3283 2806 3357 tﬁc_
2836 3285 3143 3357 εὐσεϐείας
3199 3284 3523 3350 διεξῆλθον
3589 3283 3795 3357 ἀγῶνά

2281 3352 2422 3421 (Nic.
2457 3352 2523 3406 11.
2561 3352 2625 3409 E.
2683 3368 2753 3417 tv,
2785 3354 2893 3418 18).

2269 3447 2308 3498 Γ
2312 3445 2467 3500 αλλία
2501 3446 2598 3516 μὲν
2627 3441 2720 3497 οὖν
2756 3445 2788 3514 ἡ
2817 3441 2966 3512 χώρα
2994 3437 3081 3510 ἦν,
3110 3439 3232 3494 καθ’
3258 3441 3324 3511 ἢν
3361 3441 3421 3493 τὸ
3456 3439 3562 3492 τῶν
3587 3439 3779 3509 δηλου-

2211 3544 2386 3610 μένων
2413 3538 2783 3607 συνεκροτεῖτο
2813 3534 3042 3586 στάδιον·
3076 3530 3144 3604 ἦς
3184 3533 3545 3605 μητροπόλεις
3589 3533 3788 3600 ἐπίση-

2203 3642 2292 3694 μοι
2333 3632 2426 3680 καὶ
2456 3627 2606 3690 ποιρά
2635 3629 2731 3690 τὰς
2766 3626 2928 3688 ἄλλας
2963 3624 3069 3678 τῶν
3098 3625 3286 3678 αύθόθι
3317 3625 3670 3696 διαφέρουσαι
3703 3623 3788 3694 βε-

2206 3716 2448 3785 εόηνται,
2491 3715 2818 3783 Λούγδουνος
2865 3715 2959 3767 καὶ
3001 3714 3213 3775 Βίεννα,
3257 3712 3324 3766 δι’
3359 3707 3434 3766 ὧν
3464 3712 3788 3784 ἀμφοτέρων

2205 3808 2302 3879 τὴν
2348 3810 2525 3860 πᾶσαν
2565 3806 2748 3879 χώραν
2795 3804 2973 3876 πολλῷ
3011 3803 3088 3874 τῷ
3133 3803 3364 3875 ῥεύματι
3406 3803 3716 3874 περιρρέων
3762 3806 3794 3856 ὁ

2217 3893 2463 3962 ’ίόδανὸς
2500 3898 2742 3968 ποταμὸς
2781 3897 3025 3959 διέξεισι.
3053 3896 3165 3966 Τὴν
3208 3891 3302 3949 οὖν
3346 3895 3473 3965 περ).
3509 3894 3618 3946 τῶν
3650 3911 3796 3964 μαρ-

2200 3988 2378 4062 τύρων
2405 3990 2620 4061 γραφὴν
2643 3989 2697 4042 αἱ
2725 3988 2850 4060 τῇδε
2877 3986 3298 4057 διαφανέσταται
3331 3984 3649 4055 Ἐκκλησίαι
3673 3989 3797 4048 ταῖς

2206 4071 2344 4123 κατὰ
2373 4073 2470 4143 τὴν
2512 4073 2694 4124 Ἀσίαν
2723 4074 2814 4126 καὶ
2837 4073 3076 4142 Φρυγίαν
3103 4069 3524 4142 διαπέμπονται,
3558 4073 3628 4123 τὰ
3657 4071 3790 4142 παρ’

2205 4162 2395 4225 αὑταῖς
2430 4164 2760 4234 πραχθέντα,
2796 4163 2984 4216 τοῦτον
3017 4163 3393 4234 ἀνιστοροῦσαι
3436 4162 3527 4216 τὸν
3561 4163 3786 4234 τρόπον.

2205 4253 2600 4324 Παραθήσομαι
2634 4255 2690 4307 δὲ
2729 4255 2827 4318 τὰς
2857 4255 3035 4309 αὐτῶν
3071 4257 3287 4324 φωνάς·
3341 4278 3357 4308 t
3397 4258 3460 4309 Oi
3499 4257 3558 4308 ὲν
3592 4255 3787 4326 Βιέννῃ

2205 4347 2294 4397 καὶ
2328 4345 2645 4416 Λουγδούνῳ
2675 4346 2782 4417 (75)
2813 4347 2910 4417 τῆς
2933 4346 3159 4412 Γαλλίας
3190 4347 3582 4421 παροικοῦντες
3610 4346 3786 4401 δοῦλοι

2273 4460 2386 4532 (74)
2428 4460 2538 4532 Τοῦ
2567 4460 2717 4514 κατά
2773 4459 2922 4512 Θεὸν
2956 4459 3409 4532 πολιτεύματος.
3446 4459 3788 4532 Nicephorus

2204 4531 2255 4584 in
2283 4529 2411 4600 cap.
2449 4530 2537 4594 16,
2585 4532 2676 4584 lib.
2714 4546 2789 4591 ιν,
2821 4546 2917 4598 pro
2953 4529 3038 4583 his
3073 4531 3251 4600 verbis
3307 4531 3488 4590 habet,
3529 4529 3628 4598 τῆς
3662 4531 3784 4583 καθ’

2202 4599 2369 4672 ἡμᾶς
2400 4600 2692 4665 πολιτείας,
2757 4600 2807 4655 id
2865 4610 2949 4653 est
2995 4599 3297 4672 reipublicae
3347 4600 3688 4672 Christiania.
3727 4611 3786 4654 ιιι

2203 4669 2547 4738 interpretati
2607 4687 2818 4726 sumus.
2871 4672 2940 4722 At
2984 4669 3516 4736 Christophorsonns
3547 4671 3782 4724 divinam

2203 4743 2400 4795 vivendi
2428 4743 2684 4796 rationem
2711 4742 2894 4802 vertit,
2929 4740 3070 4805 quod
3109 4756 3210 4792 non
3245 4739 3444 4805 piat-et.
3492 4740 3546 4791 In
3577 4740 3786 4792 codici-

2203 4811 2298 4863 lms
2326 4812 2528 4866 ucstris
2556 4810 2895 4871 Maz..llled.,
2933 4809 3064 4862 Fuk.
3097 4821 3148 4861 et
3184 4812 3233 4860 in
3265 4810 3395 4864 Sa".
3426 4809 3497 4860 ita
3526 4811 3786 4862 scribitur

2201 4880 2288 4934 hie
2321 4883 2467 4936 locus
2497 4900 2509 4934 :
2551 4884 2608 4933 Ὀ
2630 4882 2685 4934 δέ
2716 4899 2777 4948 γε
2820 4881 2947 4952 περὶ
2978 4879 3070 4952 τοῦ
3107 4878 3228 4930 καθ’
3268 4880 3416 4949 ἡμᾶς
3456 4879 3785 4952 πολιτεύμα-

2200 4969 2311 5016 τος,
2354 4964 2484 5016 t-tc.,
2537 4967 2847 5021 quanquam
2898 4949 2956 5004 in
3014 4949 3154 5004 Med.
3221 4957 3442 5018 vulgata
3512 4950 3673 5005 lectio
3710 4953 3778 5004 ad

2203 5025 2502 5086 marginem
2536 5024 2778 5090 apposita
2804 5033 2906 5074 est.

2272 5092 2385 5161 (75)
2421 5096 2483 5145 Ol
2514 5088 2584 5145 ἐκ
2619 5091 2833 5158 Βιέννῃ
2877 5090 2973 5142 καὶ
3034 5088 3410 5157 Λουγδούνῳ.
3457 5089 3656 5155 Duplex
3695 5091 3785 5143 hic

2201 5167 2429 5227 quaestio
2456 5164 2652 5216 oritur.
2685 5162 2889 5221 Prima,
2929 5177 3025 5212 cur
3055 5161 3168 5212 haec
3196 5161 3427 5226 epistola
3468 5162 3784 5228 scripta_sit

2201 5226 2532 5298 conjunctim
2584 5248 2612 5284 a
2657 5232 2864 5284 dualms
2901 5231 3181 5291 Ecclesiis,
3221 5227 3508 5283 Viennensi
3557 5226 3621 5282 ac
3684 5226 3795 5280 Ln-

2200 5303 2486 5370 gtlnneaasi.
2525 5303 2726 5357 Altera.
2761 5318 2861 5355 cur
2896 5300 3034 5356 Galli
3063 5299 3249 5354 Graece
3296 5300 3541 5354 scribant
3566 5298 3630 5351 ad
3681 5300 3781 5352 Et:-

2200 5374 2393 5425 clesias
2424 5376 2566 5428 Asiae
2598 5385 2649 5427 et
2670 5372 2932 5442 Phrygiae,
2970 5383 3022 5425 et
3046 5371 3487 5442 adElt-utherum
3523 5371 3780 5442 ﬂuuiana:

2203 5444 2350 5496 ttrbis
2385 5445 2718 5512 episcopum.
2755 5441 2908 5507 Quod
2947 5443 3011 5494 ad
3047 5441 3280 5512 primam
3314 5441 3530 5512 attinet,
3569 5441 3777 5512 hoeid-

2201 5515 2346 5566 circo
2379 5509 2584 5566 factum
2609 5514 2884 5572 existimo,
2917 5513 3056 5578 quod
3103 5511 3357 5564 Ecvlesim
3390 5509 3778 5564 Viennensium

2200 5599 2262 5635 ac
2291 5582 2753 5650 Lugdunensium,
2806 5598 2912 5634 non
2965 5583 3124 5634 motio
3173 5582 3272 5635 loci
3329 5582 3632 5644 vicinitate,
3684 5595 3779 5633 seu

2201 5657 2359 5706 etiam
2386 5654 2550 5704 mutui
2579 5654 2779 5704 amoris
2806 5653 3016 5704 vinculo
3042 5652 3342 5719 conjunctae
3369 5661 3545 5704 erant.
3573 5652 3632 5704 l‘lt
3656 5666 3776 5705 cun!

2203 5722 2254 5774 in
2303 5723 2489 5776 eadem
2538 5723 2909 5790 persecutione
2947 5720 3106 5773 simul
3141 5725 3534 5786 decertassent,
3576 5723 3782 5788 episto-

2201 5790 2308 5855 lmt
2343 5794 2405 5848 de
2433 5793 2548 5850 suis
2580 5793 2904 5866 martyribus
2927 5790 3087 5846 simul
3117 5801 3169 5847 et
3191 5791 3516 5859 coniunctim
3542 5792 3781 5862 scripse-
