4112 6428
345 279 454 335 409

1379 282 1728 342 msroune
1767 255 2324 348 ΕςοιΕὲιΑδτιοίε
2368 292 2491 350 LIB.
2537 294 2596 349 v.

3501 301 3608 356 UO

345 391 612 468 Χριστοῦ,
645 393 758 458 τοῖς
790 393 932 448 κατά
956 393 1054 468 τὴν
1093 393 1279 449 Ἀσίαν
1309 394 1402 450 καὶ
1437 398 1677 469 Φρυγίαν
1712 399 1808 470 τὴν
1837 400 1916 453 αὕη

2037 402 2356 474 Lugdunum
2387 405 2578 460 Gallize
2608 405 2811 475 degunt
2839 447 2855 471 ,
2899 405 3159 463 fratribus
3205 424 3298 479 per
3324 411 3506 466 Asiam
3552 425 3606 469 et

343 488 443 558 τὴν
474 489 575 559 τῆς
594 486 1023 560 ἀπολυτρώσεως
1055 491 1183 559 ἡμῖν
1214 490 1396 544 πίστιν
1430 494 1526 546 καὶ
1561 493 1753 548 ἐλπίδα
1777 494 1931 564 ἔχου-

346 593 431 630 σιν
466 578 736 646 ἀδελφοῖς,
787 579 974 649 είρήνη
1026 579 1119 630 καὶ
1159 578 1317 650 χάρις
1359 582 1451 634 καὶ
1479 581 1605 648 δόξα
1645 582 1753 636 ἀπὸ
1795 583 1928 636 Θεοῦ

343 669 563 741 Πατρδς
583 671 677 724 καὶ
703 669 940 741 Χριστοῦ
981 667 1153 742 Ἰησοῦ
1179 670 1272 723 τοῦ
1301 672 1504 742 Κυρίου
1532 675 1708 745 ἡμῶν.
1743 695 1759 726 ι
1797 672 1928 728 Εἶτα

342 757 557 823 τούτοις
582 759 726 830 ἑξῆς,
766 759 932 830 ἕτερα
963 762 1472 833 προοιμιασάμενοι,
1505 765 1604 835 τὴν
1644 765 1738 818 τοῦ
1769 765 1927 834 λόγου

342 854 628 925 καταρχὴν
663 853 940 908 ποιοῦνται
981 855 1038 906 ὲν
1067 853 1307 918 τούτοις·
1349 875 1367 908 ι
1411 857 1483 910 Τὸ
1535 858 1634 928 μὲν
1680 856 1776 911 οὖν
1828 859 1927 930 μέ-

343 945 506 1012 γεθος
541 946 638 1016 τῆς
687 945 874 998 ἐνθάδε
921 945 1175 1017 θλίψεως,
1227 948 1320 1001 καὶ
1359 948 1458 1019 τὴν
1504 950 1774 1022 τοσαύτην
1820 951 1928 1004 τῶν

341 1034 518 1090 ἐθνῶν
558 1038 639 1102 είς
679 1039 806 1100 τοὺς
839 1038 1028 1106 ἁγίους
1060 1039 1250 1110 ὀργὴν,
1290 1041 1383 1092 καὶ
1410 1042 1509 1094 ὅσα
1539 1042 1837 1113 ὑπέμειναν
1878 1044 1928 1095 οἱ

344 1131 608 1202 μακάριοι
657 1131 953 1202 μάρτυρες,
989 1131 1075 1184 ἐπ’
1118 1131 1347 1203 ἀκριϐὲς
1390 1131 1503 1186 οὔθ’
1552 1135 1712 1204 ἡμεῖς
1755 1137 1928 1187 εἰπεῖν

341 1221 542 1286 ἱκανοὶ,
572 1220 696 1274 οὔτε
733 1221 839 1292 μὴν
865 1225 1047 1294 γραφῇ
1069 1224 1470 1296 περιληφθῆναι
1492 1225 1735 1279 δυνατόν.
1759 1227 1928 1279 Παντὶ⁹

337 1312 454 1384 γὰρ
507 1312 680 1366 σθένει
724 1313 1021 1385 ἐνέσκηψεν
1059 1318 1086 1368 ὁ
1127 1316 1522 1386 ἀντικείμενος,
1576 1317 1928 1389 προοιμιαζό-

341 1422 513 1477 μενος
544 1407 645 1477 ἤδη
680 1407 778 1478 τὴν
822 1407 994 1471 ἀδεῶς
1031 1408 1328 1479 μέλλουσαν
1367 1409 1585 1463 ἔσεσθαι
1627 1411 1928 1482 παρουσίαν

337 1497 542 1550 αὐτοῦ’
577 1499 670 1552 καὶ
700 1497 785 1551 διὰ
816 1498 1032 1552 πάντων
1065 1499 1298 1571 διῆλθεν,
1340 1499 1534 1565 ἐθίζων
1573 1502 1698 1564 τοὺς
1733 1502 1925 1554 ἑαυτοῦ

337 1591 438 1644 καὶ
472 1591 870 1662 προγυμνάζων
909 1593 1049 1646 κατά
1079 1593 1187 1646 τῶν
1221 1592 1422 1647 δούλων
1455 1595 1549 1648 τοῦ
1585 1593 1741 1655 Θεοῦ,
1787 1595 1925 1649 ὥστε

341 1682 420 1754 μὴ
456 1684 615 1753 μόνον
643 1685 828 1737 οἰκιῶν
860 1684 969 1756 (ἳϐ)
999 1685 1091 1739 καὶ
1129 1685 1422 1756 βαλανείων
1453 1687 1546 1740 καὶ
1573 1689 1779 1759 ἀγορᾶς
1813 1687 1926 1758 εἵρ-

335 1774 556 1843 γεσθαι,
597 1777 730 1830 ἀλλὰ
762 1776 856 1831 καὶ
903 1778 964 1830 τὸ
993 1778 1221 1832 καθόλου
1273 1779 1556 1848 φαίνεσθαι
1602 1781 1756 1852 ήμῶν
1803 1799 1925 1834 τινα

337 1868 525 1931 αὐτοῖς
580 1869 912 1942 ἀπειρῆσθαι
957 1873 1015 1923 ὲν
1076 1871 1246 1942 ὁποίῳ
1291 1873 1488 1944 δήποτε
1538 1873 1708 1944 τόπῳ.
1770 1874 1922 1926 Ἀντ-

337 1962 668 2031 εστρατήγει
710 1961 766 2014 δὲ
797 1963 829 2032 ἡ
862 1962 1020 2032 χάρις
1047 1963 1142 2016 τοῦ
1175 1963 1331 2026 Θεοῦ,
1361 1964 1457 2016 καὶ
1484 1965 1609 2027 τοὺς
1645 1965 1740 2034 μὲν
1763 1964 1919 2017 ἀσθε-

337 2049 449 2111 νεῖς
494 2049 742 2120 ἐρρύετο,
791 2051 1224 2120 ἀντιπαρέτασσε
1263 2053 1320 2105 δὲ
1373 2053 1596 2116 στύλους
1654 2054 1920 2125 ἑδραίους,

339 2139 676 2210 δυναμένους
712 2141 800 2194 διὰ
829 2143 929 2212 τῆς
960 2143 1239 2214 ὑπομονῆς
1274 2146 1455 2197 πᾶσαν
1487 2146 1585 2215 τὴν
1622 2145 1796 2216 ὁρμὴν
1827 2145 1922 2198 τοῦ

338 2235 578 2306 πονηροῦ
620 2237 699 2298 είς
723 2236 950 2299 ἑαυτοὺς
981 2234 1203 2289 ἑλκύσαι
1227 2254 1239 2266 ο
1276 2237 1325 2290 οἳ
1359 2237 1452 2290 καὶ
1487 2237 1651 2307 ὁμόσε
1685 2237 1924 2307 ἐχώρουν

339 2327 507 2398 αὐτῷ,
537 2329 646 2381 πᾶν
669 2323 809 2392 εἶδος
830 2327 1132 2399 ὀνειδισμοῦ
1167 2329 1261 2382 καὶ
1284 2328 1558 2393 κολάσεως
1584 2330 1919 2400 ἀνεχόμενοι,

339 2418 389 2473 οἶ
434 2419 530 2472 καὶ
575 2420 645 2474 τὰ
690 2419 859 2473 πολλὰ
906 2419 1063 2488 ὀλίγα
1109 2420 1424 2490 ἡγούμενοι,
1474 2421 1733 2474 ἔσπευδον
1783 2423 1920 2492 πρὸς

339 2512 592 2583 Χριστὸν,
627 2512 794 2576 ὅντως
825 2511 1256 2583 ἐπιδεικνύμενοι
1289 2513 1421 2584 (77),
1456 2516 1537 2567 ὅτι
1570 2515 1670 2566 οὐκ
1699 2515 1820 2580 ἄξια
1851 2516 1920 2568 τὰ

338 2604 640 2676 παθήματα
667 2603 761 2658 τοῦ
787 2603 883 2658 νῦν
914 2606 1128 2676 καιροῦ,
1157 2605 1292 2676 πρὸς
1311 2605 1410 2676 τὴν
1440 2605 1732 2676 μέλλουσαν
1761 2607 1918 2674 δόξαν

336 2697 787 2767 ἀποκαλυφθῆναι
821 2700 902 2761 είς
939 2699 1106 2768 ἡμᾶς.
1145 2697 1255 2750 Καὶ
1307 2697 1521 2766 πρῶτον
1576 2699 1674 2768 μὲν
1707 2698 1776 2751 τὰ
1811 2701 1917 2753 ἀπὸ

333 2788 428 2842 τοῦ
458 2789 617 2859 ὄχλου
654 2789 924 2860 πανδημεὶ
961 2788 1200 2860 σωρηδὸν
1228 2789 1619 2861 ἐπιφερόμενα,
1654 2789 1918 2858 γενναίως

337 2882 629 2952 ὑπέμενον,
658 2881 991 2953 ἐπιϐοήσεις,
1022 2883 1116 2935 καὶ
1148 2883 1382 2952 πληγὰς,
1406 2883 1501 2935 καὶ
1532 2885 1795 2953 συρμοὺς,
1826 2885 1919 2936 καὶ

333 2972 663 3044 διαρπαγὰς,
711 2973 803 3026 καὶ
837 2972 1000 3026 λίθων
1041 2973 1226 3042 βολὰς,
1272 2976 1365 3028 καὶ
1407 2975 1748 3044 συγκλείσεις
1777 2977 1912 3048 (78),

2035 493 2322 564 Phrygiam
2366 495 2700 560 constitutis,
2731 496 2822 565 qui
2852 497 3096 551 eamdem
3131 501 3411 556 nobiscum
3447 503 3602 557 fidem

2032 602 2095 641 ac
2124 602 2272 655 spem
2299 587 2502 642 habent
2531 589 2943 657 redemptionis,
2989 605 3094 658 pax
3121 603 3174 646 et
3207 595 3380 661 gratia
3409 604 3461 648 et
3493 597 3606 666 glo-

2035 675 2112 726 ria
2142 689 2170 726 a
2210 673 2318 728 Deo
2368 674 2528 730 Patre
2555 685 2607 730 et
2651 675 2876 732 Christo
2904 678 3032 732 Jesu
3064 681 3288 734 Domino
3331 694 3539 739 nostro.
3580 705 3599 736 ι

2033 766 2156 821 Post
2191 767 2304 821 haec
2345 767 2538 822 deinde
2571 769 2816 838 quaedam
2853 770 2955 822 alia
2979 770 3212 839 praefati,
3238 775 3602 829 narrationem

2033 859 2200 926 ipsam
2234 859 2625 913 ordiuntnrbis
2653 861 2834 915 verbis
2863 880 2874 914 :
2911 880 2926 912 ι
2959 861 3022 914 Ει
3043 862 3360 930 gravitatem
3387 867 3603 934 quidem

2033 949 2199 1016 ipsam
2220 965 2605 1016 :erumnarnnt,
2631 961 2683 1004 et
2705 953 2983 1020 gentilium
3006 956 3265 1009 adversus
3285 967 3507 1012 sanctos
3524 959 3604 1012 fu-
3644 1022 3648 1026 ι

2033 1057 2209 1096 rorem
2245 1056 2305 1095 ac
2338 1043 2564 1106 rabiem,
2597 1058 2820 1113 quaeque
2845 1054 2896 1099 et
2925 1059 3124 1114 quanta
3163 1049 3305 1103 beati
3340 1062 3606 1122 martyres

2030 1134 2270 1202 perpessi
2298 1132 2454 1204 155
2486 1145 2629 1201 sunt,
2651 1153 2747 1190 nec
2776 1152 2872 1190 nos
2896 1138 3196 1207 exprimere
3229 1142 3471 1198 dicemlo.
3505 1159 3605 1198 nec

2032 1227 2315 1294 quisquam
2339 1229 2625 1281 scribendo
2651 1229 2936 1297 complecti
2963 1241 3219 1285 accurate
3240 1235 3428 1300 possit.
3446 1233 3604 1288 Omni

2031 1320 2295 1384 siquidem
2326 1319 2514 1372 virium
2549 1320 2749 1388 impetu
2793 1323 2844 1375 iu
2889 1337 2986 1376 nos
3037 1323 3196 1377 irruit.
3229 1325 3599 1392 adverSarius,

2031 1411 2295 1464 adventus
2329 1411 2409 1464 sui
2443 1411 2494 1464 in
2525 1427 2632 1480 quo
2664 1429 2785 1466 cum
2817 1415 2962 1468 omni
3001 1413 3218 1468 licentia
3256 1426 3604 1484 grassaturas

2029 1511 2134 1566 est,
2186 1503 2297 1572 jam
2333 1512 2440 1555 tum
2477 1504 2636 1558 nobis
2685 1505 2835 1558 initia
2868 1521 2929 1559 ac
2979 1507 3277 1573 primordia
3316 1509 3599 1562 exhibens.

2031 1593 2174 1646 Nihil
2215 1594 2416 1661 quippe
2471 1595 2795 1649 intentatum
2853 1597 3093 1666 reliquit,
3146 1598 3268 1651 dum
3322 1599 3603 1652 ministros

2031 1699 2159 1738 suos
2187 1686 2501 1750 assuefacit,
2532 1695 2583 1738 et
2619 1687 2940 1754 quibusdam
2980 1689 3134 1757 quasi
3169 1688 3426 1757 proludiis
3445 1704 3603 1742 excr-

2030 1783 2116 1830 cet
2142 1775 2400 1829 adversns
2425 1791 2611 1830 servos
2636 1777 2748 1830 Dei.
2775 1778 2923 1831 Adeo
2947 1788 3002 1831 ut
3033 1794 3134 1832 non
3165 1779 3336 1832 solum
3371 1781 3437 1832 ab
3471 1783 3602 1835 aedi-

2029 1865 2146 1922 bus.
2185 1881 2212 1918 a
2245 1866 2472 1931 balneis,
2502 1881 2530 1919 a
2560 1865 2678 1920 foro
2703 1881 3018 1920 arceremur
3052 1884 3274 1922 :vermn
3320 1871 3480 1923 etiam
3513 1872 3600 1924 iu-

2027 1959 2317 2011 terdictnm
2380 1957 2543 2012 fuerit
2625 1972 2692 2011 ne
2775 1959 2895 2027 quis
2973 1972 3216 2015 nostrum
3278 1978 3600 2032 quocunque

2027 2048 2241 2102 demum
2282 2049 2332 2102 in
2365 2048 2483 2102 loco
2517 2057 2820 2119 appareret.
2858 2048 2962 2106 Sed
2990 2053 3160 2121 gratia
3191 2054 3284 2107 Dei
3324 2070 3418 2122 pro
3442 2054 3600 2110 nobis

2026 2141 2288 2194 adversus
2311 2141 2584 2196 diabolum
2611 2143 2938 2212 depugnavit
2971 2162 2984 2198 :
3017 2155 3070 2198 et
3119 2145 3449 2200 infirmiores
3475 2148 3594 2215 qni-

2027 2230 2148 2284 dem
2178 2232 2436 2296 servavit,
2464 2236 2612 2286 viros
2642 2243 2821 2288 autem
2847 2235 2921 2289 illi
2943 2236 3193 2305 opposuit
3223 2238 3595 2292 columnarum

2027 2322 2199 2376 instar
2234 2324 2423 2377 firmos
2453 2339 2514 2378 ac
2551 2326 2799 2392 stabiles,
2852 2328 2944 2396 qui
2983 2326 3299 2382 fortitudine
3349 2343 3442 2382 sua
3479 2331 3598 2382 nni-

2024 2433 2242 2470 versmn
2278 2418 2540 2472 daemonis
2567 2419 2825 2488 impetum
2853 2420 2904 2473 in
2942 2421 3259 2489 semctipsos
3284 2422 3598 2489 pertrahere

2024 2508 2293 2561 valerent.
2332 2507 2396 2561 lli
2444 2524 2572 2577 ergo
2598 2510 2846 2563 cominus
2894 2510 3194 2579 congressi,
3230 2525 3389 2562 utnne
3428 2525 3596 2578 genus

2019 2599 2298 2668 opprobrii
2350 2601 2724 2652 sustinuerunt
2773 2617 2786 2652 :
2839 2609 2893 2654 et
2943 2614 3064 2666 quae
3103 2601 3192 2653 alii
3249 2601 3502 2654 diuturna
3543 2610 3597 2654 ρι

2021 2691 2204 2759 gravia
2230 2689 2579 2754 existimant,
2610 2691 2708 2758 ipsi
2748 2690 2884 2744 levia
2918 2691 3195 2756 ducentes,
3227 2692 3292 2743 ad
3317 2690 3594 2746 Christum

1968 2795 1970 2799 '
2023 2785 2104 2839 ire
2152 2784 2566 2854 properabant;
2622 2785 2872 2853 exemplo
2923 2799 3020 2838 suo
3058 2785 3423 2847 ostendentes,
3487 2801 3592 2839 non

2020 2890 2143 2930 esse
2171 2877 2358 2946 dignas
2393 2875 2668 2943 passiones
2716 2875 2874 2945 hujus
2909 2875 3092 2930 saeculi
3136 2891 3254 2944 qua:
3301 2875 3594 2930 conferan-

2023 2979 2111 3020 tur
2141 2980 2260 3020 cutn
2296 2965 2467 3033 gloria
2496 2980 2616 3034 qum
2651 2965 2702 3017 in
2737 2966 2890 3018 nobis
2917 2964 3207 3022 rcvelanda
3241 2975 3344 3020 est.
3378 2966 3454 3020 Ac
3486 2968 3592 3036 pri-

334 3064 428 3118 καὶ
464 3061 622 3115 πάνθ’
665 3063 767 3114 ὅσα
794 3061 1124 3134 ἠγριωμένῳ
1169 3063 1364 3133 πλήθει
1398 3065 1473 3127 ὼς
1509 3065 1645 3136 πρὸς
1688 3065 1916 3137 ἐχθροὺς

2023 3075 2166 3113 nnnn
2209 3059 2427 3128 quidem
2469 3073 2804 3128 qnmcunquc
2853 3075 2880 3110 a
2931 3060 3124 3127 populo
3160 3059 3415 3114 universo
3444 3075 3596 3113 acer-

332 3155 429 3206 καὶ
464 3153 753 3222 πολεμίους
779 3152 922 3221 φιλεῖ
942 3154 1209 3221 γίνεσθαι.
1243 3155 1353 3208 Καὶ
1385 3156 1448 3226 δὴ
1477 3156 1802 3226 ἀναχθέντες
1835 3159 1914 3221 είς

332 3245 431 3315 τὴν
459 3245 666 3314 ἀγορὰν
696 3244 798 3297 ὑπό
831 3261 890 3297 τε
923 3244 1017 3297 τοῦ
1054 3245 1335 3316 χιλιάρχου
1380 3249 1473 3300 καὶ
1510 3247 1618 3300 τῶν
1650 3265 1914 3320 προεστη-

332 3340 508 3394 κότων
560 3339 659 3409 τῆς
707 3338 912 3400 πόλεως
963 3336 1220 3403 ἐξουσιῶν
1253 3338 1392 3408 (79),
1438 3341 1529 3392 ἐπὶ
1583 3339 1784 3402 παντὸς
1818 3339 1911 3393 τοῦ

333 3432 574 3503 πλήθους
607 3429 988 3501 ἀνακριθέντες
1021 3430 1115 3483 καὶ
1144 3430 1594 3501 ὁμολογήσαντες,
1643 3430 1914 3484 συνεκλεί-

337 3571 484 3616 runt.
515 3561 595 3614 Ad
619 3562 733 3615 Inec
774 3569 1000 3628 utraque
1033 3559 1307 3628 provincia
1352 3562 1450 3614 sub
1485 3563 1642 3615 unius
1673 3563 1914 3630 prmsidis

327 3631 730 3702 iurisdictione,
753 3641 879 3702 tunc
909 3632 1124 3702 quidem
1173 3632 1431 3702 temporis
1459 3633 1668 3686 videtur
1723 3634 1910 3694 fuisse;

332 3700 471 3756 mox
495 3717 562 3755 eo
586 3701 898 3768 conjicitur.
927 3701 1068 3768 quod
1098 3713 1202 3752 tam
1225 3700 1560 3754 Viennenses
1584 3719 1742 3769 quam
1777 3703 1908 3769 Lng-

333 3774 629 3832 duncnses,
672 3773 740 3822 ob
784 3771 937 3822 fidem
980 3770 1178 3823 CbriSIi
1215 3786 1240 3821 η
1275 3772 1500 3838 pra‘side
1531 3771 1908 3837 comprehensi

334 3852 388 3896 et
423 3841 662 3893 damnati
703 3854 821 3892 esse
855 3841 1111 3891 dicuntur
1138 3842 1188 3892 in
1222 3842 1322 3893 bac
1357 3842 1599 3907 cpistola.
1633 3843 1720 3893 lla:
1749 3843 1912 3907 igitur

336 3927 516 3965 causae
564 3920 689 3962 sunt
733 3925 831 3962 cur
858 3910 1183 3972 coniunctim
1220 3911 1541 3974 scripserint
1574 3911 1912 3964 Viennenses

337 3990 389 4036 et
436 3981 843 4048 Lugdunenses.
883 3979 1013 4032 Nam
1045 3981 1185 4046 quod
1225 3981 1479 4046 suspicati
1523 3992 1646 4032 sunt
1673 3981 1912 4048 quidam,

336 4068 499 4106 unum
516 4060 642 4103 tunc
660 4050 821 4101 fuisse
839 4054 1147 4115 episcopum
1169 4049 1386 4101 Vimina-
1409 4061 1570 4116 atque
1586 4050 1850 4118 Lugduni,
1868 4050 1920 4102 id

334 4137 398 4176 ex
415 4122 642 4185 bacipsa
659 4121 882 4184 epistola
909 4121 1064 4171 facile
1081 4119 1362 4181 refellitur,
1379 4136 1496 4188 qua:
1515 4121 1794 4173 Pothinum
1812 4119 1920 4187 cpi-

335 4207 558 4256 smpum
587 4188 827 4258 Lugduni
847 4190 1010 4242 fuisse
1029 4189 1182 4250 dicit,
1204 4205 1306 4242 non
1330 4191 1457 4243 item
1491 4188 1727 4244 Viennae.
1751 4189 1918 4242 Porro

334 4260 720 4326 Lugdunenses
743 4261 1134 4312 bonorisCausa
1164 4259 1544 4312 Viennensium
1566 4278 1760 4313 nomen
1785 4275 1919 4326 prae-

371 4339 702 4388 onnnl.eum
733 4341 912 4382 tamen
933 4330 1032 4396 ipsi
1068 4328 1451 4398 Lugdunenses
1469 4331 1751 4394 epistolam
1779 4331 1919 4382 scri-

371 4347 702 4388 onnnt.emn
733 4347 912 4382 tamen
933 4347 1032 4396 lpSl
1068 4347 1451 4398 Lugdunenses
1469 4347 1751 4394 epistulam
1779 4347 1918 4382 scrt-

334 4347 461 4455 Eant
487 4400 636 4454 deiis
657 4412 774 4462 qua!
801 4399 1040 4464 Lugduni
1077 4411 1224 4464 gesta
1243 4401 1475 4458 fuerant.
1493 4401 1758 4454 Vetustati
1784 4415 1918 4469 quo-

2024 3153 2189 3205 vatim
2250 3149 2662 3219 ingerebantur,
2734 3153 3179 3206 constantissime
3245 3152 3591 3206 tolerarunt:

2022 3241 2446 3294 acclamationes
2489 3239 2720 3302 scilicet,
2756 3239 2961 3308 plagas,
2999 3243 3351 3308 raptatioues,
3391 3240 3595 3308 spolia.

2024 3333 2198 3386 tiones
2229 3333 2516 3393 bonormn,
2548 3331 2783 3397 lapidum
2829 3331 3032 3398 jactus,
3074 3347 3348 3394 carceres,
3397 3342 3592 3386 cuncta

2023 3424 2257 3494 denique
2281 3438 2401 3492 quae
2429 3423 2620 3493 vulgus
2646 3425 2830 3479 lurore
2859 3433 2913 3478 et
2939 3425 3086 3478 rabie
3121 3425 3472 3488 coacitatum,
3501 3425 3598 3477 ad.

2022 3560 2122 3614 bns
2166 3570 2273 3613 tum
2319 3560 2648 3614 arcebantur
2695 3560 3011 3624 Christiani,
3052 3561 3102 3614 id
3153 3570 3233 3614 est
3283 3560 3349 3614 ab
3390 3561 3592 3614 uadibus

2018 3631 2342 3686 amicorum,
2397 3633 2845 3699 propinquorum,
2900 3632 3177 3700 epillcum.
3215 3629 3401 3698 Neque
3447 3633 3592 3684 enim

2017 3701 2298 3770 assentior
2324 3700 2535 3762 tlulino,
2571 3702 2658 3768 qui
2694 3701 3032 3754 Christianos
3091 3703 3142 3753 in
3195 3702 3306 3753 suis
3353 3703 3592 3770 ipsorum

2014 3768 2260 3836 domibus
2291 3769 2536 3823 habitare
2566 3771 2861 3836 prohibitos
2891 3772 3235 3824 existimavit.

2087 3839 2199 3906 (77)
2237 3829 2763 3908 Ἐπιδεικνῦμενοι.
2825 3840 3000 3893 Codex
3056 3840 3340 3893 lllcdiemus
3394 3841 3591 3894 adver-

2021 3908 2168 3982 bium
2203 3909 2351 3982 addit
2381 3909 2482 3982 hoc
2519 3912 2707 3982 nzodo._
2732 3909 2899 3971 ὅντως
2929 3908 3378 3982 ἐπιδεικνύμενοι.
3409 3910 3592 3982 Neque

2024 3979 2184 4031 aliter
2218 3979 2383 4031 codex
2417 3978 2575 4040 Maz,
2613 3979 2746 4034 Fnk.
2782 3991 2833 4031 et
2867 3981 3192 4032 Sttvilianns.

2099 4047 2207 4116 (78)
2237 4050 2641 4114 Συγκλείσεις.
2672 4048 2784 4102 Non
2816 4066 3030 4116 possunt
3060 4050 3290 4116 probare
3323 4049 3589 4116 interpre-

2029 4118 2287 4170 tationem
2322 4119 2486 4186 Langi
2515 4131 2566 4172 et
2594 4121 3091 4184 Clll‘lsltllllltlt'StHIl.
3127 4120 3214 4187 qui
3250 4120 3592 4188 συγκλείσεις

2028 4203 2263 4239 carceres
2297 4199 2533 4244 vertunt.
2571 4189 2667 4241 llic
2703 4191 2844 4242 enim
2884 4191 3058 4255 primo
3090 4190 3206 4242 loco
3240 4201 3591 4244 recensentur

2030 4256 2242 4319 injurim
2282 4268 2334 4309 et
2363 4258 2522 4323 mala,
2550 4274 2668 4327 qur
2693 4276 2720 4310 a
2759 4260 3000 4310 conferta
3034 4260 3212 4327 populi
3244 4262 3586 4314 multitudine

2028 4327 2402 4380 inferebantur
2451 4329 2793 4383 Christianis.
2843 4327 2896 4380 In
2950 4332 3148 4397 quibus
3200 4345 3386 4382 carcer
3413 4332 3586 4383 locum

2030 4397 2229 4450 habere
2269 4413 2373 4451 non
2437 4410 2632 4465 potest.
2687 4397 3198 4469 .lmiicnmqnippc,
3244 4416 3372 4469 non)
3410 4400 3586 4469 populi

332 4486 442 4537 que
463 4481 515 4523 ct
539 4461 808 4522 nobilitati
834 4461 1058 4522 colonia:
1079 4461 1540 4523 Viennensiumid
1562 4461 1818 4523 tributum
1840 4470 1921 4522 vi-
1954 4461 1994 4513 Ῑ)
2025 4475 2161 4527 erat,
2194 4483 2316 4521 reos
2344 4461 2547 4521 carceri
2588 4469 2915 4535 mancipare.
2954 4461 3334 4536 Rectius-ergo
3363 4461 3587 4523 [luti-nus

332 4541 447 4594 deri
473 4549 668 4606 potest.
686 4539 838 4604 Quod
864 4556 991 4593 vero
1005 4541 1068 4591 ad
1091 4542 1386 4592 secundant
1416 4543 1768 4608 qumstionem
1794 4541 1913 4593 atti-

334 4619 449 4672 net,
467 4626 531 4662 ex
555 4610 668 4676 ipsa
689 4609 912 4674 epistola
939 4611 1194 4662 discimus
1216 4610 1477 4676 plurimos
1498 4611 1662 4665 fuisse
1694 4610 1911 4665 Graecos

333 4680 386 4733 iu
426 4679 1079 4748 EcclesiaLugdunensi,
1111 4679 1412 4748 cujusmodi
1453 4680 1552 4733 fuit
1601 4683 1813 4734 Attalus
1856 4692 1910 4734 et

332 4751 642 4818 Alexander
673 4747 932 4818 Phryges.
960 4760 1011 4802 et
1050 4747 1357 4804 Alcibiades
1397 4751 1664 4804 oriundus
1689 4754 1813 4804 item
1843 4767 1909 4805 ex

331 4817 589 4888 Phrygia,
624 4827 681 4870 ut
711 4817 904 4889 ιψιιιυι·
934 4837 947 4873 :
979 4818 1214 4889 Irenazus
1247 4836 1463 4889 quoque
1499 4822 1758 4875 oriundus
1794 4831 1910 4874 erat

331 4905 396 4942 ex
443 4887 592 4952 Asia,
623 4899 675 4942 et
708 4887 1066 4958 Polycarpnm
1100 4887 1346 4960 Smyrna:
1373 4887 1620 4944 audierat
1652 4907 1754 4943 una
1786 4905 1906 4943 cum

334 4961 556 5014 Floriuo
602 4959 894 5012 admodum
932 4975 1086 5027 puer,
1131 4959 1346 5028 ut’ipse
1388 4971 1639 5014 testatur.
1693 4961 1906 5014 Pothini

332 5045 552 5100 quoque
590 5029 943 5100 episcopivel
979 5046 1176 5084 nomen
1228 5029 1422 5099 ipsum,
1468 5031 1710 5086 Graecam
1744 5033 1910 5100 origi-

334 5097 458 5154 nem
503 5101 775 5166 designat.
821 5097 1056 5154 Proinde
1094 5115 1200 5154 non
1245 5097 1440 5153 inirum
1495 5112 1598 5165 est,
1636 5101 1680 5153 si
1717 5103 1806 5169 qui
1835 5097 1908 5154 ex

332 5171 461 5226 Asia
491 5171 542 5222 in
569 5169 774 5223 Gallias
798 5178 1077 5236 venerant,
1110 5171 1370 5224 fratribus
1401 5172 1513 5225 suis
1536 5173 1588 5225 in
1613 5172 1740 5224 Asia
1773 5186 1903 5224 con-

333 5241 546 5294 stitutis
568 5241 634 5292 de
676 5243 837 5293 rebus
864 5241 978 5293 suis
1000 5241 1242 5294 scribant
1269 5259 1281 5294 :
1313 5256 1342 5293 a
1381 5242 1598 5308 quibus,
1643 5251 1701 5294 ut
1732 5241 1904 5295 credi-

334 5312 440 5365 bile
461 5319 564 5372 est,
599 5309 880 5376 epistolam
931 5309 1073 5363 illam
1122 5311 1189 5364 de
1245 5315 1506 5381 martyrio
1543 5312 1821 5380 Polycarpi
1853 5321 1906 5363 ct.

336 5385 587 5444 aliorum,
632 5383 781 5450 prius
815 5382 1179 5449 accepissent.
1216 5380 1398 5448 llnjus’
1429 5394 1611 5435 autem
1658 5381 1904 5449 epistola:

334 5461 611 5505 auctorem
662 5451 829 5505 fuisse
879 5452 1119 5506 arbitror
1145 5451 1436 5517 Irenaeum;
1469 5453 1560 5521 qui
1595 5453 1810 5521 quidem
1840 5467 1904 5506 eo

339 5532 580 5592 tempore
616 5521 871 5592 Ecclesia}
899 5521 1272 5592 Lugdunensis
1295 5532 1407 5576 erat
1439 5525 1748 5592 presbyter.

407 5591 522 5660 (76)
551 5589 648 5659 Μὴ
669 5592 865 5660 μόνον
891 5589 1114 5646 οἰκιῶν.
1152 5589 1682 5660 ChriStophOt‘somts
1732 5592 1902 5658 wdiﬁ-

336 5662 418 5712 cia
466 5663 674 5728 publica
725 5663 1140 5732 interpretatur,
1182 5664 1324 5732 quod
1375 5680 1477 5716 non
1512 5666 1700 5732 probo,
1741 5664 1903 5716 οἰκίαι

335 5733 479 5787 enim
509 5732 728 5788 nonnisi
761 5737 824 5787 de
862 5735 1088 5799 privatis
1135 5735 1382 5788 domibus
1416 5734 1687 5801 dicuntur,
1721 5751 1749 5789 a
1783 5749 1900 5805 qut-

2019 4539 2201 4599 vet'tit,
2234 4539 2496 4590 concludi.
2530 4538 2634 4592 Sed
2666 4550 2713 4591 et
2740 4539 3022 4598 verberari,
3053 4540 3244 4606 inquit.
3283 4555 3336 4591 se
3369 4540 3431 4591 ab
3455 4540 3584 4606 illis,

2013 4622 2074 4676 uc
2105 4606 2357 4671 lqpiduri.
2391 4621 2436 4660 et
2473 4609 2742 4670 concludi,
2768 4609 3028 4673 patienter
3058 4604 3406 4676 accipiebant.
3438 4604 3587 4660 Gen-

2014 4675 2136 4730 tiles
2160 4679 2302 4731 enim
2342 4676 2685 4731 Christianos
2735 4679 2872 4730 intra
2905 4681 3094 4731 domos
3141 4675 3268 4731 snas
3299 4677 3588 4731 conclude-

2012 4746 2161 4809 bant,
2202 4748 2324 4799 dtmt
2361 4763 2387 4799 a
2425 4749 2541 4800 foro
2587 4759 2641 4800 et
2689 4748 2894 4800 balneis
2950 4761 3044 4800 cos
3094 4757 3365 4809 arcerent,
3403 4762 3500 4799 nec
3533 4749 3585 4800 in

2011 4818 2286 4881 publicum
2331 4819 2546 4886 prodire
2597 4821 2863 4879 sinerent,
2907 4825 2965 4868 nt
3017 4832 3182 4885 supra
3224 4819 3425 4870 dictum
3480 4829 3583 4871 est.

2011 4885 2152 4939 Infra
2187 4885 2360 4940 tamen
2394 4887 2732 4955 συγκλείσεις
2768 4903 2864 4953 pro
2895 4904 3102 4939 carcere
3131 4899 3439 4940 sumuntur.

2083 4957 2194 5026 (79)
2228 4960 2694 5025 Προεστηκότων
2723 4955 2833 5024 τῆς
2863 4960 3104 5024 πόλεως
3127 4955 3441 5022 ἐξουσιῶν.
3474 4955 3586 5011 Ma-

2012 5027 2274 5096 gistratus
2323 5032 2681 5094 nnmieipales
2723 5030 2998 5097 intelligit,
3033 5032 3121 5094 qui
3169 5029 3333 5081 etiam
3390 5029 3582 5080 duum-

2013 5097 2110 5148 viri
2146 5097 2481 5150 dicebantur.
2517 5098 2779 5164 Quamvis
2803 5111 2984 5151 autem
3014 5098 3262 5164 ἐξουσίας
3294 5113 3385 5150 seu
3432 5109 3584 5165 pore-

2011 5169 2169 5238 statis
2203 5169 2546 5232 vocabulum,
2590 5172 2702 5222 lere
2732 5169 2798 5221 de
2851 5167 3144 5234 majoribus
3170 5169 3446 5238 jndicibns
3478 5168 3583 5220 dici

2010 5236 2170 5301 solet,
2203 5239 2292 5305 qui
2327 5238 2521 5290 habent
2547 5238 2637 5306 jus
2672 5237 2861 5306 gladii,
2907 5247 2963 5290 ιιι
3015 5236 3185 5293 docet
3226 5237 3485 5305 Ulpianns
3528 5239 3581 5288 itt

2012 5308 2167 5359 titulo
2201 5305 2695 5376 Uejurisdictione,
2726 5317 2777 5360 et
2817 5309 2890 5360 De
2921 5310 3199 5361 verborum
3233 5305 3584 5374 signiﬁcatio-

2009 5376 2186 5440 nibus,
2214 5386 2389 5430 tamen
2415 5380 2480 5431 de
2519 5379 2926 5446 magistratibus
2972 5380 3136 5432 etiam
3172 5376 3586 5443 ntnnicipalibus

2010 5458 2329 5515 usurpatur,
2359 5451 2450 5516 qui
2486 5449 2757 5501 habebant
2785 5449 3048 5501 modii-ant
3077 5449 3582 5516 coercitionemtut

2010 5518 2304 5588 loquuntur
2351 5515 2769 5588 jbrisconsulti,
2792 5519 2884 5572 Sic
2916 5522 3054 5588 apud
3087 5517 3394 5573 Juvenaleat
3430 5531 3444 5566 :
3476 5515 3578 5588 Qa-

2007 5584 2313 5655 biorumqne
2342 5584 2452 5642 me
2472 5598 2720 5657 potestas.
2757 5587 2901 5644 lnl't'a
2940 5584 3028 5646 ubi
3055 5590 3120 5646 tle
3149 5588 3401 5652 Pothino,
3435 5584 3587 5642 πολιη

2008 5658 2156 5711 τικιιι
2189 5658 2427 5726 ἐξουσίαι
2463 5660 2734 5715 dicuntur.
