4112 6428
374 361 490 415 U3

1405 357 1761 416 HISTORIAE’.
1801 356 2367 417 ECCLESIASTICJE
2401 355 2528 411 LIB.
2573 355 2635 412 ν.

3521 357 3624 410 414

373 472 480 540 τῆς
510 470 620 524 τῶν
656 469 902 539 ἀδελφῶν
944 469 1241 539 ἀπολογίας
1282 469 1375 524 καὶ
1418 472 1515 543 τὴν
1561 470 1753 525 ἐαυτοῦ
1787 471 1955 525 θεῖναι

2062 470 2452 526 Christianus:
2485 469 2575 524 ille
2621 467 2991 524 Christianum
3039 480 3098 521 se
3147 480 3267 522 esse
3321 465 3624 520 clarissima

369 563 573 634 ψυχήν.
609 559 718 616 Ἦν
753 562 860 632 γὰρ
892 563 986 614 καὶ
1016 561 1130 616 ἔστι
1159 565 1379 634 γνήσιος
1415 563 1651 633 Χριστοῦ
1687 563 1950 634 μαθητὴς,

372 653 686 707 ἀκολουθῶν
713 653 789 723 τῷ
823 654 994 724 ἀρνίῳ
1025 655 1158 707 ὅπου
1203 656 1268 708 ἂν
1308 655 1513 728 ὑπάγῃ.
1574 657 1850 710 Ἐντεῦθεν
1890 659 1954 729 δὴ

370 745 711 817 διεκρίνοντο
743 744 851 815 (85)
894 747 943 798 oi
977 746 1170 809 λοιποὶ,
1215 747 1311 800 καὶ
1349 749 1570 819 φανεροὶ
1612 749 1706 802 καὶ
1749 749 1954 820 ἕτοιμοι

373 838 616 904 ἐγίνοντο
656 837 1143 908 πρωτομάρτυρες.
1187 839 1248 890 Οἳ
1285 839 1380 892 καὶ
1420 839 1558 908 μετά
1607 841 1788 912 πάσης
1833 859 1956 912 προ-

373 926 577 997 θυμίας
622 927 962 998 ἀνεπλήρουν
1009 927 1107 997 τὴν
1149 928 1439 998 ὁμολογίαν
1483 929 1582 999 τῆς
1629 932 1952 1000 μαρτυρίας.

388 1020 703 1087 Ἐφαίνοντο
729 1021 785 1073 δὲ
822 1020 916 1074 καὶ
955 1022 1002 1073 οἱ
1033 1020 1306 1090 ἀνέτοιμοι
1345 1023 1437 1074 καὶ
1469 1022 1826 1092 ἀγύμναστοι,
1863 1024 1956 1076 καὶ

375 1110 456 1164 ἔτι
485 1111 750 1176 ἀσθενεῖς,
798 1113 1008 1181 ἀγῶνος
1043 1113 1277 1183 μεγάλου
1305 1114 1454 1167 τόνον
1490 1117 1732 1183 ἐνεγκεῖν
1757 1106 1838 1186 ’μὴ
1868 1115 1958 1168 δυ-

373 1204 622 1274 νάμενοι.
655 1199 752 1257 Ὧν
780 1207 874 1259 καὶ
895 1206 1148 1271 ἐξέπεσον
1179 1205 1289 1276 (86)
1332 1207 1406 1269 ὡς
1428 1206 1561 1260 δέκα
1588 1208 1677 1260 τὸν
1700 1208 1954 1278 ἀριθμόν·

373 1296 425 1348 οἳ
453 1296 546 1347 καὶ
579 1297 820 1367 μεγάλην
841 1297 1016 1369 λύπην
1038 1298 1132 1349 καὶ
1157 1297 1353 1361 πένθος
1376 1300 1684 1371 ἀμέτρητον
1709 1301 1955 1371 ἐνεποίη-

375 1402 476 1440 σαν
503 1388 657 1456 ἡμῖν,
706 1389 800 1440 καὶ
840 1388 938 1460 τὴν
988 1388 1294 1459 προθυμίαν
1335 1391 1443 1443 τῶν
1485 1391 1690 1444 λοιπῶν
1725 1392 1832 1444 τῶν
1883 1392 1956 1464 μὴ

376 1480 822 1550 συνειλημμένων
865 1481 1147 1550 ἐνέκοψαν,
1181 1484 1230 1536 οἳ
1271 1483 1473 1554 καίπερ
1503 1483 1678 1537 πάντα
1713 1485 1782 1537 τά
1813 1485 1959 1539 δεινά

378 1569 700 1638 πάσχοντες,
730 1571 878 1640 ὅμως
916 1573 1282 1642 συμπαρῆσαν
1314 1575 1425 1635 τοῖς
1457 1573 1690 1644 μάρτυσι
1729 1575 1820 1627 καὶ
1858 1576 1958 1629 ούκ

378 1660 737 1713 ἀπελείποντο
787 1662 987 1714 αὐτῶν.
1052 1662 1183 1715 Τότε
1238 1664 1303 1734 δὴ
1355 1666 1404 1716 οί
1455 1667 1656 1728 πάντες
1709 1667 1958 1736 μεγάλως

377 1751 750 1822 ὲπτοὴθημεν,
791 1752 878 1805 διὰ
922 1753 982 1806 τὸ
1022 1755 1216 1825 ἄδηλον
1259 1756 1359 1824 τῆς
1407 1757 1716 1826 ὁμολογίας,
1759 1759 1819 1810 οὺ
1861 1759 1958 1822 τὰς

375 1844 782 1915 ἐπιφερομένας
833 1844 1083 1908 κολάσεις
1132 1846 1479 1916 φοϐούμενοι,
1527 1849 1662 1902 ἀλλὰ
1701 1849 1762 1902 τὸ
1806 1850 1956 1912 τέλος

377 1936 714 2006 ἀφορῶντες,
762 1938 854 1989 καὶ
898 1937 959 1989 τὸ
1023 1938 1324 1991 ἀποπεσεῖν
1367 1957 1488 1992 τινα
1534 1940 1782 2004 δεδιότες.
1827 1942 1957 1992 Συν-

375 2028 746 2098 ελαμὸάνοντο
793 2027 975 2098 μέντοι
1025 2028 1148 2081 καθ’
1194 2030 1429 2100 ἑκάστην
1478 2032 1690 2103 ἡμέραν
1729 2032 1955 2096 οἱάξιοι,

375 2118 470 2170 τὸν
518 2119 740 2173 ἐκείνων
788 2120 1231 2192 ἀναπληροῦντες
1279 2123 1529 2193 ἀριθμὸν,
1586 2123 1724 2176 ὥστε
1772 2124 1957 2176 συλλεο

375 2210 543 2278 γῆναι
574 2213 638 2264 ἐκ
667 2211 774 2264 τῶν
795 2211 888 2264 δύο
925 2212 1257 2282 Ἐκκλησιῶν
1285 2213 1397 2285 (87)
1414 2216 1618 2277 πάντας
1645 2215 1770 2278 τοὺς
1800 2233 1964 2268 σπου-

374 2302 578 2365 δαίους,
620 2303 713 2356 καὶ
745 2304 814 2356 δι’
848 2297 923 2357 ὧν
971 2305 1206 2374 μάλιστα
1253 2308 1592 2376 συνειστήκει
1640 2305 1709 2358 τὰ
1752 2306 1956 2360 ἐνθάδε.

376 2393 852 2464 Συνελαμϐάνοντο
896 2393 952 2447 δὲ
998 2396 1091 2448 καὶ
1143 2397 1346 2450 ἐθνικοί
1389 2415 1532 2461 τινες
1585 2397 1794 2450 οἰκέται
1851 2399 1959 2452 τῶν

373 2485 680 2555 ἡμετέρων,
709 2487 832 2537 ἐπεὶ
857 2487 1090 2557 δημοσίᾳ
1123 2489 1408 2550 ἐκέλευσεν
1440 2492 1468 2542 ὁ
1502 2488 1723 2561 ἡγεμὼν
1754 2490 1958 2562 ἀναζη-

373 2574 585 2627 τεῖσθαι
617 2575 822 2640 πάντας
854 2578 1029 2646 ἡμᾶς·
1076 2579 1125 2630 οἳ
1158 2579 1250 2630 καὶ
1289 2578 1407 2631 κατ’
1450 2579 1674 2650 ἐνέδραν
1719 2580 1810 2633 τοῦ
1855 2582 1959 2634 Σα-

372 2669 534 2728 τανᾶ,
599 2667 928 2738 φοϐηθέντες
982 2669 1083 2733 τάς
1145 2670 1410 2740 βασάνους
1468 2671 1536 2734 ἃς
1594 2673 1720 2736 τοὺς
1775 2674 1961 2739 ἁγίους

375 2758 606 2812 ἔϐλεπον
638 2761 964 2830 πάσχοντας,
1014 2763 1121 2815 τῶν
1147 2762 1492 2833 στρατιωτῶν
1522 2763 1612 2815 ἐπὶ
1643 2763 1801 2817 τοῦτο
1822 2781 1962 2836 παρ-

371 2852 668 2919 ορμὼντων
725 2853 939 2914 αὐτοὺς,
1005 2852 1408 2921 κατεψεύσαντο
1490 2855 1648 2924 ἡμῶν
1699 2855 1961 2910 Θυέστεια

373 2941 586 3004 δεῖπνα,
618 2943 712 2995 καὶ
745 2943 1110 3008 Οἱδιποδείους
1133 2945 1328 3016 μίξεις,
1353 2949 1458 3000 καὶ·
1477 2948 1575 3000 ὅσα
1604 2949 1744 3019 μήτε
1781 2948 1960 3003 λαλεῖν

379 3035 515 3103 μήτε
529 3039 666 3088 νοεῖν
685 3036 841 3107 θέμις
858 3037 1150 3106 ὴμίν,ἀλλὰ
1173 3040 1308 3110 μηδέ
1329 3040 1604 3093 πιστεύειν
1617 3041 1733 3095 είτι
1752 3043 1960 3096 τοιοῦτο

375 3125 597 3179 πώποτε
633 3130 781 3198 παρὰ
813 3128 1121 3200 ἀνθρώποις
1155 3131 1390 3198 ἐγένετο.
1441 3131 1657 3186 Τούτων
1701 3133 1757 3186 δὲ
1789 3151 1958 3204 φημι-

377 3220 616 3276 σθέντων
645 3222 844 3284 πάντες
884 3223 1349 3295 ἀπεθηριώθησαν
1386 3227 1465 3290 είς
1487 3228 1655 3297 ἡμᾶς,
1687 3227 1826 3280 ὥστε
1861 3228 1956 3281 καὶ

375 3312 431 3364 εἴ
451 3329 598 3374 τινες
635 3312 696 3365 τὸ
728 3313 993 3386 πρότερον
1027 3315 1091 3367 δι’
1122 3317 1433 3386 οἰκειότητα
1458 3317 1568 3386 (88)
1611 3319 1952 3390 ἐμετρίαζον,

377 3403 493 3455 τότε
579 3403 827 3474 μεγάλως
887 3405 1243 3476 ἐχαλέπαινον
1300 3411 1394 3461 καὶ
1465 3411 1769 3478 διεπρίοντο
1834 3411 1954 3464 καθ’

380 3489 534 3559 ἡμῶν
565 3492 698 3561 (89).
754 3492 1086 3562 Ἐπληροῦτο
1125 3496 1182 3548 δὲ
1215 3496 1273 3548 τὸ
1303 3497 1408 3549 ὑπὸ
1437 3497 1529 3550 τοῦ
1562 3499 1768 3569 Κυρίου
1797 3500 1954 3570 ἡμῶν

375 3581 687 3649 εἰρημένον,
710 3583 790 3635 ὅτι
812 3601 830 3635 ι
856 3583 1131 3638 ἐλεύσεται
1149 3586 1336 3657 καιρὸς
1361 3590 1418 3640 ἐν
1515 3591 1621 3653 πᾶς
1653 3591 1680 3642 ὁ
1709 3592 1956 3644 ἀποκτεί-

376 3688 472 3734 νας
509 3674 674 3742 ὑμᾶς,
709 3674 848 3741 δόξει
879 3676 1132 3747 λατρείαν
1161 3680 1490 3749 προσφέρειν
1515 3682 1592 3752 τῷ
1613 3682 1750 3753 Θεῷ.
1779 3702 1798 3733 ι
1843 3685 1956 3736 Ἐν-

374 3762 553 3817 ταῦθα
593 3766 776 3819 λοιπὸν
811 3767 1065 3838 ὑπεράνω
1105 3771 1281 3843 πάσης
1325 3772 1638 3843 ἐξηγήσεως
1685 3774 1954 3844 ὑπέμενον

375 3855 628 3920 κολάσεις
650 3859 699 3909 οἱ
738 3858 880 3926 ἆγιοι
917 3861 1209 3934 μάρτυρες,
1241 3865 1694 3936 φιλοτιμουμένου
1719 3867 1814 3920 τοῦ
1847 3869 1949 3920 Σα-

373 3946 514 3998 τανᾶ
537 3946 631 3999 καὶ
652 3947 719 4002 δι’
741 3950 962 4006 ἐκείνων
995 3954 1223 4024 ῥηθῆναί
1244 3972 1296 4007 τι
1319 3956 1427 4010 τῶν
1452 3955 1662 4028 βλασφή
1674 3975 1788 4028 μων
1817 3957 1946 4029 (90).

457 4100 565 4186 (85)
618 4105 1016 4186 Διεξιρίνοντο.
1073 4105 1653 4186 Metaphora_videlur
1701 4127 1828 4186 esse
1887 4114 1956 4186 ab

377 4176 619 4237 athletis,
647 4176 738 4240 qui
767 4186 1059 4244 antequam
1101 4176 1375 4232 certamen
1402 4182 1622 4242 inirent,
1648 4183 1952 4237 examinari

377 4244 625 4324 Solebant
651 4257 713 4296 ac
747 4247 1016 4324 probari,__
1045 4257 1224 4324 utrum
1261 4250 1544 4324 ingenui,‘
1573 4259 1756 4305 utrum
1784 4255 1956 4308 mtatis

379 4315 653 4385 athletica:
710 4323 912 4368 essent.
977 4316 1042 4369 Et
1097 4317 1131 4370 ii
1186 4315 1399 4384 quidem
1457 4319 1546 4385 qui
1576 4321 1642 4372 ad
1677 4331 1953 4376 certamen

379 4384 831 4458 admittebantur,
853 4385 1190 4458 _dicebant_ur
1217 4384 1604 4458 εἰσκρίνεσθαι.
1638 4389 1741 4455 Qui
1770 4402 1951 4445 autem

1996 1824 2033 1876 Β

1985 3169 2026 3226 C

2058 579 2188 618 voce
2216 564 2516 632 professus,
2553 564 2606 616 in
2635 569 2935 630 martyrum
2963 573 3250 613 numerum
3284 558 3485 612 relatus
3513 565 3622 611 est:

2061 655 2358 707 advocatus
2380 652 2601 720 quidem
2633 650 3071 705 Christianorum
3092 648 3291 718 judicis
3313 649 3491 715 elogio
3529 663 3624 716 ap-

2059 745 2312 815 pellatus,
2341 744 2550 798 habens
2578 755 2762 798 autem
2807 744 2858 796 in
2893 744 3072 810 scipso
3098 742 3414 794 advocatum
3453 739 3627 808 Spiri-

2060 849 2170 890 tum
2205 847 2453 891 sanctum
2488 837 2663 890 multo
2725 834 3091 887 abundantius
3121 848 3276 901 quam
3307 832 3623 886 Zacharias.

2057 926 2228 992 Quem
2273 927 2487 996 quidem
2539 925 2830 980 charitatis
2889 923 3244 977 exuberantia
3313 921 3624 982 declaravit.

2057 1021 2256 1088 quippe
2282 1020 2372 1088 qni
2402 1017 2728 1072 sustinuerit
2762 1032 2856 1084 pro
2883 1014 3108 1068 fratrum
3137 1013 3446 1066 defensione
3471 1013 3627 1064 morti

2059 1120 2234 1163 semet
2265 1108 2520 1175 obiicere.
2580 1107 2705 1160 Fuit
2737 1107 2878 1158 enim
2908 1115 2963 1158 et
3000 1114 3080 1158 est
3113 1117 3402 1172 germanus
3427 1101 3626 1153 Christi

2059 1202 2378 1270 discipulus,
2411 1216 2644 1270 sequens
2672 1200 2884 1269 Agnum
2914 1211 3233 1267 quocunque
3265 1194 3630 1248 ierit.Exiude

2057 1294 2223 1348 etiam
2266 1293 2454 1361 reliqui
2514 1292 2758 1360 dignosci
2827 1305 2891 1344 ac
2945 1287 3210 1355 distingui
3280 1301 3512 1350 cmpere.
3568 1285 3630 1336 lit

2059 1386 2294 1454 prompti
2325 1384 2542 1452 quidem
2576 1398 2639 1436 ac
2673 1381 2847 1452 parati
2879 1389 3034 1434 erant
3067 1387 3508 1447 protomartyres,
3539 1375 3627 1443 qui

2059 1491 2273 1531 summa
2306 1477 2610 1529 animorum
2650 1474 2937 1527 alacritate
2969 1470 3265 1524 solemnem
3309 1467 3451 1521 illam
3490 1483 3626 1520 mar-

2063 1577 2239 1638 tyrum
2273 1565 2670 1622 confessionem
2725 1565 3030 1618 ediderunt.
3069 1561 3168 1628 Qui
3197 1577 3325 1614 vero
3377 1561 3627 1629 imparati

2059 1667 2113 1712 et
2150 1657 2516 1723 inexercitati,
2554 1671 2653 1711 nec
2685 1655 2858 1708 firmis
2908 1655 3084 1708 adhuc
3133 1660 3289 1706 erant
3329 1652 3535 1704 viribus
3563 1650 3630 1703 ad

2063 1749 2320 1815 impetum
2362 1749 2492 1802 tanti
2523 1747 2846 1800 certaminis
2891 1745 3292 1807 sustinendum,
3355 1752 3481 1796 tunc
3517 1756 3633 1794 ma-

2062 1841 2259 1895 nifeste
2295 1849 2605 1909 patuerunt.
2661 1838 2740 1891 Ex
2792 1840 2988 1906 quibus
3037 1840 3218 1891 decem
3269 1835 3485 1888 circiter
3519 1832 3631 1889 eol-

2062 1932 2220 2000 lapsi,
2280 1931 2574 1985 maximum
2639 1930 2801 1986 nobis
2863 1929 3101 1983 dolorem
3155 1937 3211 1982 et
3261 1926 3630 1980 incredibilem

2062 2024 2263 2076 luctum
2332 2022 2676 2086 attulerunt;
2723 2029 2777 2076 et
2842 2021 3067 2075 aliormn
3128 2019 3464 2073 alacritatem
3523 2018 3632 2072 fre-

2061 2123 2276 2183 gerunt,
2315 2115 2406 2180 qui
2436 2114 2674 2166 nondum
2710 2111 3112 2180 comprehensi,
3152 2109 3279 2163 licet
3312 2108 3630 2178 gravissima

2062 2215 2379 2275 paterentur
2434 2205 2798 2268 incommoda,
2846 2213 3019 2257 tamen
3057 2203 3392 2272 martyribus
3437 2209 3634 2268 prmsto
3693 2201 3696 2204 ’

2061 2299 2310 2364 aderant,
2326 2312 2426 2351 nec
2441 2299 2509 2351 ab
2528 2310 2715 2350 eorum
2731 2305 3022 2364 conspectu
3047 2293 3416 2348 discedebant.
3432 2291 3634 2346 Omnes

2065 2400 2192 2445 tunc
2221 2389 2478 2459 temporis
2503 2387 2822 2456 gravissimo
2847 2396 2990 2440 metu
3014 2385 3247 2454 perculsi
3270 2383 3632 2448 haerebamus,

2061 2483 2133 2540 ob
2178 2485 2442 2539 incertum
2477 2482 2840 2539 confessionis
2864 2492 3158 2535 eventum:
3193 2496 3298 2534 non
3339 2479 3480 2549 quod
3519 2489 3631 2534 tor-

2063 2587 2238 2633 menta
2269 2595 2387 2648 qua:
2413 2577 2814 2640 inferebantur,
2844 2588 3164 2643 magnopere
3193 2572 3632 2634 timeremus,scd

2063 2667 2317 2740 quoniam
2351 2667 2553 2722 exitum
2587 2667 2662 2720 rei
2708 2667 2889 2720 animo
2945 2663 3358 2734 prospicientes,
3415 2677 3481 2714 ne
3512 2661 3638 2730 quis

2062 2769 2340 2814 corruerct
2379 2760 2723 2812 verebamur.
2754 2756 3368 2826 Comprehendebantur
3393 2754 3636 2823 quatidie

2063 2855 2156 2923 qui
2193 2851 2344 2920 digni
2377 2861 2538 2906 erant
2578 2860 2635 2904 ut
2684 2864 2967 2903 numerum
3011 2849 3223 2902 illorum
3272 2845 3581 2914 supplerent
3617 2861 3632 2897 :

2062 2949 2197 3002 adeo
2233 2957 2289 3001 ut
2315 2963 2378 3002 ex
2413 2956 2645 3014 utraque
2675 2944 2918 2998 Ecclesia
2951 2938 3382 3010 prmstantissimi
3412 2937 3656 3018 quique,‘

2061 3049 2114 3093 et
2139 3053 2366 3107 quorum
2407 3037 2640 3090 maxime
2686 3034 2872 3090 labore
2913 3043 3076 3102 atque
3127 3029 3390 3084 industria
3429 3043 3511 3081 res
3549 3027 3635 3082 hic

2064 3128 2375 3183 constitutae
2413 3126 2648 3191 fuerant,
2690 3125 2850 3179 simul
2878 3137 3069 3179 omnes
3103 3128 3438 3174 tenerentur.
3480 3118 3632 3185 Capti

2064 3231 2188 3275 sunt
2241 3221 2401 3275 etiam
2432 3220 2649 3288 quidam
2706 3227 3014 3273 nostrorum
3076 3214 3213 3268 servi
3268 3213 3357 3282 qui
3406 3211 3636 3280 gentiles

2063 3321 2245 3375 erant,
2295 3311 2737 3381 quandoquidem
2791 3322 2994 3378 praeses
3042 3321 3139 3360 nos
3195 3319 3384 3360 omnes
3433 3303 3635 3372 requiri

2062 3405 2240 3474 palam
2293 3402 2555 3471 iusserat.
2613 3401 2714 3468 Qui
2763 3399 3029 3455 daemonis
3072 3399 3330 3467 impulsu,
3379 3411 3498 3450 cum
3529 3407 3638 3448 lora

2063 3511 2244 3555 nzenta
2281 3499 2697 3555 reformidare-nt
2731 3513 2851 3567 qua:
2882 3505 3099 3550 sanctos
3119 3493 3323 3563 perpeti
3360 3492 3632 3554 videbant,

2065 3594 2328 3647 militibus
2372 3593 2439 3645 ad
2477 3591 2580 3645 hoc
2613 3591 2784 3658 ipsum
2808 3603 2902 3642 eos
2935 3586 3308 3649 incitantihus,
3337 3583 3634 3655 Thyesteas

2063 3685 2324 3752 quasdam
2368 3697 2555 3738 emnas
2590 3692 2642 3736 et
2681 3681 2920 3735 incestos
2960 3677 3152 3744 OEdipi
3196 3677 3540 3736 concubitus,
3580 3671 3632 3726 ct

2065 3776 2167 3829 alia
2207 3791 2326 3843 qua:
2362 3788 2462 3828 nec
2501 3769 2746 3842 proloqui
2801 3769 2960 3823 nobis
2991 3783 3092 3820 nec
3127 3766 3361 3834 cogitare
3411 3763 3492 3817 fas
3528 3771 3632 3826 est,

2060 3881 2122 3919 ac
2177 3881 2243 3920 ne
2300 3864 2528 3919 credere
2558 3863 2777 3932 quidem
2831 3858 3159 3913 sustinemus
3197 3854 3336 3923 apud
3386 3855 3636 3908 homines

2061 3971 2296 4026 unquam
2340 3963 2490 4026 gesta
2537 3952 2720 4018 fuisse,
2765 3951 3022 4004 adversus
3056 3961 3155 4002 nos
3195 3944 3442 4000 ementiti
3478 3943 3634 4013 157

2065 4124 2170 4176 tur,
2202 4111 2307 4167 nisi
2339 4111 2556 4173 matrix,
2589 4122 2748 4175 quam
2783 4103 3146 4176 catlietlralem
3193 4116 3469 4156 vocamus.
3518 4101 3637 4176 Atio

2066 4170 2394 4236 Viennensis
2445 4181 2498 4233 in
2545 4170 2859 4248 Chronica,
2900 4173 3165 4248 flustutq
3195 4182 3324 4226 tunc
3380 4170 3634 4248 temporis

2063 4252 2420 4305 Viennensem
2477 4250 2786 4317 episcopum
2836 4245 3016 4317 fuisse
3063 4241 3227 4306 dicit,
3279 4241 3635 4317 eamdemque

2061 4323 2319 4375 diuturno
2358 4311 2549 4374 exsilio
2579 4311 2906 4370 maceratum
2937 4313 3168 4381 palmam
3204 4311 3446 4379 martyrii
3481 4321 3633 4362 retus

2064 4392 2212 4446 lisse.
2263 4390 2432 4444 Porro
2475 4390 2699 4442 verbum
2748 4383 3070 4453 συλλεγῆναι
3109 4382 3634 4453 ChristOpborsouus

381 4455 823 4535 reputliabatltur,
849 4453 1216 4535 ὲκκρίνεσθαι.
1274 4449 1526 4535 lﬂx'ameir
1556 4449 1734 4535 autern
1787 4463 1956 4530 ipsum

2063 4464 2269 4516 vertit:
2328 4449 2981 4535 «rimarentur,»Laugus,
3042 4453 3415 4535 afﬂigerentur.
3465 4449 3640 4511 Melas

380 4522 980 4590 vocabatur6tdxpmg,
1000 4535 1056 4578 ut
1073 4540 1135 4578 ex
1159 4529 1257 4581 hoc
1274 4530 1392 4582 loco
1409 4529 1790 4595 colligo.Plena
1806 4522 1956 4585 certe

379 4601 465 4644 est
495 4596 611 4647 bzec
641 4594 871 4660 epistola
901 4595 1183 4648 vocabulis
1210 4614 1238 4648 a
1272 4613 1329 4650 rc
1358 4594 1612 4652 athletica
1656 4602 1952 4655 translatis.

380 4661 537 4726 Quod
561 4673 617 4735 _et
644 4667 744 4718 loci
789 4663 950 4732 huius
980 4664 1137 4720 lectio
1165 4666 1280 4735 ipsa
1313 4667 1537 4731 indicat,
1593 4678 1652 4722 et
1685 4684 1782 4724 nos
1817 4671 1956 4725 infra

378 4733 730 4788 ostendemus
768 4737 1027 4796 apertius.

455 4799 708 4877 _(8_6L)"0r
736 4799 833 4854 καὶ
866 4803 1179 4877 ἐξέπεσον.
1215 4807 1268 4859 In
1303 4806 1488 4877 codice
1530 4806 1697 4874 Regio
1739 4807 1957 4877 legitur,

381 4872 477 4952 καὶ
504 4873 827 4952 ἐξέτρωσοιν,
865 4876 1026 4952 quod
1050 4879 1272 4952 verbum
1323 4876 1452 4952 mihi
1499 4872 1834 4952 nequaquam
1862 4872 1961 4952 ne;

382 4943 692 5020 gligenihim
715 4948 959 5020 videtur.
988 4946 1308 5020 cumcuinr
1330 4946 1506 5020 ratius
1546 4943 1616 5000 sit
1652 4943 1705 5000 et
1734 4947 1962 5002 inusita-

385 5013 990 5091 llltSﬁlla-lllﬁiéﬁEGOV,
1023 5015 1231 5091 facilius
1263 5013 1956 5091 cb‘éﬁespwcajiinitiatum

381 5093 466 5157 est
502 5084 553 5136 in
599 5085 660 5157 τὸ
691 5086 967 5152 ἐξέπεσον,
998 5100 1157 5152 quam
1201 5085 1303 5138 hoc
1333 5085 1384 5138 in
1411 5084 1590 5157 illud.
1629 5084 1960 5157 Ὲξέτρωσαν

385 5153 548 5219 igitur
593 5156 678 5226 hic
729 5159 946 5224 passive
993 5157 1228 5208 sumitur
1280 5170 1376 5223 pro
1405 5152 1853 5226 ἐξημϐλώθησαν,
1909 5159 1959 5211 id

383 5231 486 5304 est,
546 5225 766 5304 abortiri
825 5226 954 5296 facti
1014 5236 1172 5304 sum,
1217 5227 1436 5304 .excussi
1490 5225 1648 5289 sunt,
1701 5227 1960 5298 ἔκτρωμα

384 5292 648 5358 ἐγένοντο.
684 5292 835 5362 ρειαί
867 5293 1184 5362 metaphora
1217 5295 1408 5348 iterum
1453 5306 1748 5365 usurpatur
1793 5292 1957 5365 inii-at,

384 5366 689 5434 ubiiagitur
714 5367 781 5419 de
820 5365 1004 5434 lapsis.

459 5433 568 5503 (87)
596 5437 776 5490 Ὥστε
803 5432 1177 5504 σιὶυῑλεγῆναι
1196 5433 1263 5487 ἐκ
1287 5432 1404 5487 τῶν
1416 5433 1532 5505 δύο
1565 5435 1957 5505 Ἐκκλησιῶν.

388 5503 463 5557 Ex
494 5505 731 5560 Ecclesia
770 5508 979 5562 scilicet
1010 5503 1300 5558 Viennensi
1329 5515 1384 5558 et
1413 5503 1785 5574 Lngdunensi.
1838 5508 1962 5562 llaec

387 5584 564 5645 autem
614 5577 777 5630 verba
844 5575 1112 5645 imprimis
1172 5577 1597 5645 notandausunt,
1646 5592 1711 5630 ex
1765 5579 1961 5645 quibus

389 5644 673 5715 manifeste
716 5643 943 5715 apparet
973 5645 1337 5699 Viennensem
1394 5643 1694 5699 Ecelesiam
1740 5643 1960 5715 perinde

388 5727 451 5783 ac
480 5713 916 5783 Lugdunensem,
963 5732 1116 5769 suum
1178 5725 1304 5771 tunc
1338 5716 1646 5782 episcopum
1681 5713 1956 5770 habuisse.

387 5781 592 5854 Quippe
623 5786 864 5841 Ecclesia
904 5785 969 5840 ab
1005 5786 1243 5856 antiquis
1275 5781 1632 5853 scriptoribus
1685 5801 1792 5844 non
1825 5787 1958 5842 dici-

2064 4532 2230 4600 pbora
2267 4531 2478 4600 videtur
2502 4542 2620 4600 esse
2647 4542 2674 4577 a
2705 4525 2966 4600 fructibus
2989 4525 3081 4590 qui
3112 4524 3497 4600 decerpantur.

2135 4602 2152 4667 ζ
2159 4600 2247 4670 88)
2277 4599 2356 4652 Δι’
2387 4596 2742 4670 οἰκειότητα.
2792 4591 2916 4648 llaec
2951 4587 3052 4670 vox
3081 4607 3184 4670 non
3213 4587 3394 4670 solum
3409 4587 3640 4670 propin-.

2061 4658 2322 4740 quitatem
2355 4668 2580 4740 generis
2601 4658 2867 4730 designat,
2891 4666 2999 4740 sed
3039 4663 3203 4740 etiam
3235 4658 3532 4740 amicitiam
3567 4670 3639 4721 ao

2061 4729 2515 4795 benevoleniiam.
2564 4729 2838 4800 Interpres
2890 4730 3177 4801 Nicephori
3219 4729 3408 4801 etiam__
3441 4729 3632 4801 Imma-

2061 4813 2284 4864 nitalem
2328 4808 2558 4869 addidit,
2612 4797 2726 4860 non.
2755 4797 3046 4857 contentus
3086 4797 3501 4856 necessitudinis
3540 4812 3634 4850 vo-

2059 4879 2271 4934 cabulo.

2137 4948 2246 5020 (89)
2299 4945 2641 5015 Διεπριοντο
2690 4943 2819 4997 καθ’
2857 4941 3047 5012 ἡμῶν.
3082 4940 3259 4996 Codex
3291 4935 3510 5006 Regius,
3545 4936 3630 5004 ἐφ’

2061 5021 2092 5072 ἠ
2103 5023 2209 5072 μῖν.

2082 5039 2209 5090 λμιν.

2134 5090 2245 5158 ibit)
2287 5091 2345 5141 Τι
2373 5084 2491 5139 τῶν
2508 5082 2913 5158 ,βλασφήμωφκ
2941 5081 3105 5158 Recte
3135 5078 3366 5158 llnfinus
3385 5074 3620 5158 blasphe-

2064 5143 2241 5213 πηίου(
2256 5143 2524 5212 adversus
2544 5143 2980 5209 Christianurmn
3010 5151 3323 5217 religionem
3358 5143 3626 5212 intelligit.

2062 5228 2213 5295 Quod
2245 5229 2404 5296 plane
2433 5223 2994 5296 conlirtnaturAverbis
3025 5220 3271 5296 proxime
3299 5217 3628 5296 anteceden-

2065 5283 2208 5353 tibus
2243 5283 2336 5351 καὶ
2375 5295 2444 5350 δι’
2489 5295 2730 5349 ἐκείνων.
2777 5293 2910 5348 Cum
2948 5283 3092 5363 enim
3127 5283 3629 5363 servi_Cli_rist_iano-

2064 5385 2220 5432 rum,
2260 5378 2401 5420 metu
2443 5369 2779 5419 eruciatuum
2825 5362 3137 5430 perterriti,
3193 5356 3526 5432 infanticidia
3574 5364 3630 5408 et

2065 5426 2298 5491 incestos
2323 5437 2650 5490 concubitus
2681 5437 2746 5488 de
2786 5426 3116 5487 Christianis
3148 5426 3381 5485 confessi
3416 5433 3624 5484 essent,

2063 5508 2314 5562 Studebat
2374 5507 2624 5572 Satanas,
2666 5515 2723 5557 ut
2756 5502 3051 5558 Christiani
3105 5503 3194 5568 qui
3251 5494 3626 5562 comprehensi

2063 5578 2278 5646 fuerant
2303 5576 2564 5646 ejusmodi
2613 5575 2913 5646 calnn'inias
2938 5574 2986 5646 in
3042 5572 3354 5638 religionem
3386 5573 3625 5617 nostrain

2057 5642 2348 5715 iactarent:
2375 5645 2579 5714 Quippe
2603 5645 2812 5711 jndices
2839 5642 2987 5715 quini
3012 5647 3400 5715 tormentorum
3428 5645 3627 5702 genere

2065 5708 2713 5785 Christianosurgebant,
2745 5724 2809 5769 .ut
2837 5712 3132 5784 Thyesteas
3158 5708 3417 5785 quasdam
3444 5718 3626 5785 uenas

2064 5798 2119 5844 et
2167 5788 2400 5843 incestos
2443 5775 2760 5841 coiicubitus
2811 5775 2952 5854 apud
2985 5797 3043 5836 se
3088 5775 3271 5851 peragi
3303 5775 3624 5834 faterentur.
