  <div class='ocr_page' id='page_1' title='image "/cluster/home/n/w/nwhite01/storage/ocr_20150623/20/hvd.32044073501181/221.png"; bbox 0 0 4112 6428; ppageno 0'>
   <div class='ocr_carea' id='block_1_1' title="bbox 413 320 520 376">
    <p class='ocr_par' dir='ltr' id='par_1_1' title="bbox 413 320 520 376">
     <span class='ocr_line' id='line_1_1' title="bbox 413 320 520 376; baseline -0.019 0"><span class='ocrx_word' id='word_1_1' title='bbox 413 320 520 376; x_wconf 67' lang='grc'><strong>415</strong></span> 
     </span>
    </p>
   </div>
   <div class='ocr_carea' id='block_1_2' title="bbox 1129 305 2949 372">
    <p class='ocr_par' dir='ltr' id='par_1_2' title="bbox 1129 305 2949 372">
     <span class='ocr_line' id='line_1_2' title="bbox 1129 305 2949 372; baseline -0.005 -3"><span class='ocrx_word' id='word_1_2' title='bbox 1129 313 1398 372; x_wconf 82' lang='lat' dir='ltr'><strong>EUSEBH</strong></span> <span class='ocrx_word' id='word_1_3' title='bbox 1437 311 1919 370; x_wconf 62' lang='lat' dir='ltr'><strong>CESARIENSIS</strong></span> <span class='ocrx_word' id='word_1_4' title='bbox 1957 309 2110 368; x_wconf 79' lang='lat' dir='ltr'><strong>OPP.</strong></span> <span class='ocrx_word' id='word_1_5' title='bbox 2149 308 2330 366; x_wconf 79' lang='lat' dir='ltr'><strong>PARS</strong></span> <span class='ocrx_word' id='word_1_6' title='bbox 2369 309 2409 364; x_wconf 89' lang='grc'><strong>1.</strong></span> <span class='ocrx_word' id='word_1_7' title='bbox 2450 342 2518 352; x_wconf 90' lang='lat'><strong>——</strong></span> <span class='ocrx_word' id='word_1_8' title='bbox 2557 305 2949 364; x_wconf 68' lang='lat' dir='ltr'><strong>HleORlCA.</strong></span> 
     </span>
    </p>
   </div>
   <div class='ocr_carea' id='block_1_3' title="bbox 3583 303 3691 357">
    <p class='ocr_par' dir='ltr' id='par_1_3' title="bbox 3583 303 3691 357">
     <span class='ocr_line' id='line_1_3' title="bbox 3583 303 3691 357; baseline 0 0"><span class='ocrx_word' id='word_1_9' title='bbox 3583 303 3691 357; x_wconf 71' lang='grc' dir='ltr'><strong>4ιό</strong></span> 
     </span>
    </p>
   </div>
   <div class='ocr_carea' id='block_1_4' title="bbox 417 421 2015 502">
    <p class='ocr_par' dir='ltr' id='par_1_4' title="bbox 417 431 2008 502">
     <span class='ocr_line' id='line_1_4' title="bbox 417 431 2008 502; baseline -0.002 -13"><span class='ocrx_word' id='word_1_10' title='bbox 417 443 562 490; x_wconf 78' lang='lat' dir='ltr'><strong>sum.</strong></span> <span class='ocrx_word' id='word_1_11' title='bbox 588 433 686 488; x_wconf 79' lang='lat' dir='ltr'><strong>llis</strong></span> <span class='ocrx_word' id='word_1_12' title='bbox 721 433 772 486; x_wconf 90' lang='lat' dir='ltr'><strong>in</strong></span> <span class='ocrx_word' id='word_1_13' title='bbox 819 431 1009 502; x_wconf 80' lang='lat' dir='ltr'><strong>vulgus</strong></span> <span class='ocrx_word' id='word_1_14' title='bbox 1041 433 1272 502; x_wconf 79' lang='lat' dir='ltr'><strong>sparsis,</strong></span> <span class='ocrx_word' id='word_1_15' title='bbox 1309 447 1502 487; x_wconf 89' lang='lat' dir='ltr'><strong>omnes</strong></span> <span class='ocrx_word' id='word_1_16' title='bbox 1531 435 1791 488; x_wconf 90' lang='lat' dir='ltr'><strong>continuo</strong></span> <span class='ocrx_word' id='word_1_17' title='bbox 1820 433 1871 486; x_wconf 93' lang='lat' dir='ltr'><strong>in</strong></span> <span class='ocrx_word' id='word_1_18' title='bbox 1908 447 2008 486; x_wconf 88' lang='lat' dir='ltr'><strong>nos</strong></span> 
     </span>
    </p>
   </div>
   <div class='ocr_carea' id='block_1_5' title="bbox 2120 421 3692 502">
    <p class='ocr_par' dir='ltr' id='par_1_5' title="bbox 2125 421 3692 501">
     <span class='ocr_line' id='line_1_5' title="bbox 2125 421 3692 501; baseline -0.006 -19"><span class='ocrx_word' id='word_1_19' title='bbox 2125 429 2650 501; x_wconf 77' lang='grc' dir='ltr'>’Υπερϐεὸλημένως</span> <span class='ocrx_word' id='word_1_20' title='bbox 2691 427 2748 481; x_wconf 84' lang='grc' dir='ltr'>δὲ</span> <span class='ocrx_word' id='word_1_21' title='bbox 2798 423 3099 496; x_wconf 73' lang='grc' dir='ltr'><strong>ἐνέσκηψεν</strong></span> <span class='ocrx_word' id='word_1_22' title='bbox 3145 426 3178 494; x_wconf 76' lang='grc' dir='ltr'>ἡ</span> <span class='ocrx_word' id='word_1_23' title='bbox 3227 423 3364 494; x_wconf 75' lang='grc' dir='ltr'>ὀργὴ</span> <span class='ocrx_word' id='word_1_24' title='bbox 3409 424 3558 478; x_wconf 77' lang='grc' dir='ltr'>πᾶσα</span> <span class='ocrx_word' id='word_1_25' title='bbox 3598 421 3692 474; x_wconf 70' lang='grc' dir='ltr'>καὶ</span> 
     </span>
    </p>
   </div>
   <div class='ocr_carea' id='block_1_6' title="bbox 417 524 1992 594">
    <p class='ocr_par' dir='ltr' id='par_1_6' title="bbox 417 524 1992 594">
     <span class='ocr_line' id='line_1_6' title="bbox 417 524 1992 594; baseline -0.003 -13"><span class='ocrx_word' id='word_1_26' title='bbox 417 529 553 581; x_wconf 84' lang='lat' dir='ltr'><strong>adeo</strong></span> <span class='ocrx_word' id='word_1_27' title='bbox 575 524 785 580; x_wconf 80' lang='lat' dir='ltr'><strong>efferati</strong></span> <span class='ocrx_word' id='word_1_28' title='bbox 819 535 965 591; x_wconf 91' lang='lat' dir='ltr'><strong>sunt,</strong></span> <span class='ocrx_word' id='word_1_29' title='bbox 1002 534 1058 578; x_wconf 91' lang='lat' dir='ltr'><strong>ut</strong></span> <span class='ocrx_word' id='word_1_30' title='bbox 1089 525 1132 578; x_wconf 84' lang='lat' dir='ltr'><strong>si</strong></span> <span class='ocrx_word' id='word_1_31' title='bbox 1159 526 1249 593; x_wconf 88' lang='lat' dir='ltr'><strong>qui</strong></span> <span class='ocrx_word' id='word_1_32' title='bbox 1285 525 1422 580; x_wconf 91' lang='lat' dir='ltr'><strong>forte</strong></span> <span class='ocrx_word' id='word_1_33' title='bbox 1453 524 1800 594; x_wconf 76' lang='lat' dir='ltr'><strong>cognationis</strong></span> <span class='ocrx_word' id='word_1_34' title='bbox 1828 541 1992 581; x_wconf 89' lang='lat' dir='ltr'><strong>causa</strong></span> 
     </span>
    </p>
   </div>
   <div class='ocr_carea' id='block_1_7' title="bbox 417 614 1995 683">
    <p class='ocr_par' dir='ltr' id='par_1_7' title="bbox 417 614 1995 683">
     <span class='ocr_line' id='line_1_7' title="bbox 417 614 1995 683; baseline -0.003 -11"><span class='ocrx_word' id='word_1_35' title='bbox 417 615 691 672; x_wconf 80' lang='lat' dir='ltr'><strong>moderati</strong></span> <span class='ocrx_word' id='word_1_36' title='bbox 734 630 860 683; x_wconf 79' lang='lat' dir='ltr'><strong>erga</strong></span> <span class='ocrx_word' id='word_1_37' title='bbox 915 629 1015 668; x_wconf 93' lang='lat' dir='ltr'><strong>nos</strong></span> <span class='ocrx_word' id='word_1_38' title='bbox 1081 615 1350 669; x_wconf 79' lang='lat' dir='ltr'><strong>hactenus</strong></span> <span class='ocrx_word' id='word_1_39' title='bbox 1407 614 1787 678; x_wconf 78' lang='lat' dir='ltr'><strong>exstitissent,</strong></span> <span class='ocrx_word' id='word_1_40' title='bbox 1868 623 1995 668; x_wconf 91' lang='lat' dir='ltr'><strong>tunc</strong></span> 
     </span>
    </p>
   </div>
   <div class='ocr_carea' id='block_1_8' title="bbox 413 707 1995 776">
    <p class='ocr_par' dir='ltr' id='par_1_8' title="bbox 413 707 1995 776">
     <span class='ocr_line' id='line_1_8' title="bbox 413 707 1995 776; baseline -0.003 -14"><span class='ocrx_word' id='word_1_41' title='bbox 413 707 763 762; x_wconf 85' lang='lat' dir='ltr'><strong>acerbissima</strong></span> <span class='ocrx_word' id='word_1_42' title='bbox 799 707 1178 776; x_wconf 73' lang='lat' dir='ltr'><strong>indignatione</strong></span> <span class='ocrx_word' id='word_1_43' title='bbox 1206 707 1460 762; x_wconf 91' lang='lat' dir='ltr'><strong>commoti</strong></span> <span class='ocrx_word' id='word_1_44' title='bbox 1487 709 1751 761; x_wconf 86' lang='lat' dir='ltr'><strong>adversus</strong></span> <span class='ocrx_word' id='word_1_45' title='bbox 1778 716 1995 760; x_wconf 89' lang='lat' dir='ltr'><strong>nostros</strong></span> 
     </span>
    </p>
   </div>
   <div class='ocr_carea' id='block_1_9' title="bbox 414 793 1996 864">
    <p class='ocr_par' dir='ltr' id='par_1_9' title="bbox 414 793 1996 864">
     <span class='ocr_line' id='line_1_9' title="bbox 414 793 1996 864; baseline 0 -17"><span class='ocrx_word' id='word_1_46' title='bbox 414 793 791 847; x_wconf 85' lang='lat' dir='ltr'><strong>infremerent.</strong></span> <span class='ocrx_word' id='word_1_47' title='bbox 819 794 1206 864; x_wconf 87' lang='lat' dir='ltr'><strong>Complebalur</strong></span> <span class='ocrx_word' id='word_1_48' title='bbox 1240 795 1422 862; x_wconf 84' lang='lat' dir='ltr'><strong>itaque</strong></span> <span class='ocrx_word' id='word_1_49' title='bbox 1451 795 1504 848; x_wconf 97' lang='lat' dir='ltr'><strong>id</strong></span> <span class='ocrx_word' id='word_1_50' title='bbox 1533 795 1675 862; x_wconf 91' lang='lat' dir='ltr'><strong>quod</strong></span> <span class='ocrx_word' id='word_1_51' title='bbox 1708 810 1738 849; x_wconf 88' lang='lat' dir='ltr'><strong>a</strong></span> <span class='ocrx_word' id='word_1_52' title='bbox 1769 793 1996 848; x_wconf 88' lang='lat' dir='ltr'><strong>Domino</strong></span> 
     </span>
    </p>
   </div>
   <div class='ocr_carea' id='block_1_10' title="bbox 415 883 1996 952">
    <p class='ocr_par' dir='ltr' id='par_1_10' title="bbox 415 883 1996 952">
     <span class='ocr_line' id='line_1_10' title="bbox 415 883 1996 952; baseline 0.001 -16"><span class='ocrx_word' id='word_1_53' title='bbox 415 883 731 952; x_wconf 71' lang='lat' dir='ltr'><strong>prmdictum</strong></span> <span class='ocrx_word' id='word_1_54' title='bbox 777 883 953 938; x_wconf 85' lang='lat' dir='ltr'><strong>fuerat</strong></span> <span class='ocrx_word' id='word_1_55' title='bbox 998 884 1083 939; x_wconf 84' lang='lat' dir='ltr'><strong>his</strong></span> <span class='ocrx_word' id='word_1_56' title='bbox 1116 886 1295 938; x_wconf 86' lang='lat' dir='ltr'><strong>verbis</strong></span> <span class='ocrx_word' id='word_1_57' title='bbox 1337 884 1429 938; x_wconf 74' lang='grc' dir='ltr'><strong>³¹⁶ε</strong></span> <span class='ocrx_word' id='word_1_58' title='bbox 1470 903 1490 937; x_wconf 80' lang='grc' dir='ltr'><strong>ι</strong></span> <span class='ocrx_word' id='word_1_59' title='bbox 1527 884 1721 939; x_wconf 81' lang='lat' dir='ltr'><strong>Veniet</strong></span> <span class='ocrx_word' id='word_1_60' title='bbox 1761 896 1996 952; x_wconf 87' lang='lat' dir='ltr'><strong>tempus,</strong></span> 
     </span>
    </p>
   </div>
   <div class='ocr_carea' id='block_1_11' title="bbox 417 975 1999 1045">
    <p class='ocr_par' dir='ltr' id='par_1_11' title="bbox 417 975 1999 1045">
     <span class='ocr_line' id='line_1_11' title="bbox 417 975 1999 1045; baseline 0 -17"><span class='ocrx_word' id='word_1_61' title='bbox 417 990 539 1028; x_wconf 88' lang='lat' dir='ltr'><strong>cum</strong></span> <span class='ocrx_word' id='word_1_62' title='bbox 573 975 885 1045; x_wconf 86' lang='lat' dir='ltr'><strong>quicunque</strong></span> <span class='ocrx_word' id='word_1_63' title='bbox 917 991 1010 1029; x_wconf 88' lang='lat' dir='ltr'><strong>vos</strong></span> <span class='ocrx_word' id='word_1_64' title='bbox 1057 977 1340 1042; x_wconf 82' lang='lat' dir='ltr'><strong>occiderit,</strong></span> <span class='ocrx_word' id='word_1_65' title='bbox 1379 976 1584 1030; x_wconf 91' lang='lat' dir='ltr'><strong>cultum</strong></span> <span class='ocrx_word' id='word_1_66' title='bbox 1615 976 1813 1030; x_wconf 71' lang='lat' dir='ltr'><strong>offerre</strong></span> <span class='ocrx_word' id='word_1_67' title='bbox 1847 975 1999 1029; x_wconf 83' lang='lat' dir='ltr'><strong>vide-</strong></span> 
     </span>
    </p>
   </div>
   <div class='ocr_carea' id='block_1_12' title="bbox 417 1065 1997 1139">
    <p class='ocr_par' dir='ltr' id='par_1_12' title="bbox 417 1065 1997 1139">
     <span class='ocr_line' id='line_1_12' title="bbox 417 1065 1997 1139; baseline -0.001 -17"><span class='ocrx_word' id='word_1_68' title='bbox 417 1065 568 1122; x_wconf 81' lang='lat' dir='ltr'><strong>bitur</strong></span> <span class='ocrx_word' id='word_1_69' title='bbox 598 1069 726 1122; x_wconf 88' lang='lat' dir='ltr'><strong>Deo.</strong></span> <span class='ocrx_word' id='word_1_70' title='bbox 773 1087 791 1121; x_wconf 78' lang='grc' dir='ltr'><strong>ι</strong></span> <span class='ocrx_word' id='word_1_71' title='bbox 825 1069 1034 1124; x_wconf 77' lang='lat' dir='ltr'><strong>Exinde</strong></span> <span class='ocrx_word' id='word_1_72' title='bbox 1059 1070 1389 1124; x_wconf 75' lang='lat' dir='ltr'><strong>sanctissimi</strong></span> <span class='ocrx_word' id='word_1_73' title='bbox 1431 1081 1700 1138; x_wconf 72' lang='lat' dir='ltr'><strong>n‘tartyres</strong></span> <span class='ocrx_word' id='word_1_74' title='bbox 1735 1068 1997 1139; x_wconf 80' lang='lat' dir='ltr'><strong>ejusmodi</strong></span> 
     </span>
    </p>
   </div>
   <div class='ocr_carea' id='block_1_13' title="bbox 418 1161 1998 1231">
    <p class='ocr_par' dir='ltr' id='par_1_13' title="bbox 418 1161 1998 1231">
     <span class='ocr_line' id='line_1_13' title="bbox 418 1161 1998 1231; baseline 0.002 -19"><span class='ocrx_word' id='word_1_75' title='bbox 418 1167 691 1214; x_wconf 88' lang='lat' dir='ltr'><strong>tormenta</strong></span> <span class='ocrx_word' id='word_1_76' title='bbox 720 1163 1113 1226; x_wconf 89' lang='lat' dir='ltr'><strong>sustinuerunt,</strong></span> <span class='ocrx_word' id='word_1_77' title='bbox 1141 1178 1260 1230; x_wconf 60' lang='lat' dir='ltr'><strong>quae</strong></span> <span class='ocrx_word' id='word_1_78' title='bbox 1301 1162 1444 1216; x_wconf 89' lang='lat' dir='ltr'><strong>nulla</strong></span> <span class='ocrx_word' id='word_1_79' title='bbox 1478 1177 1714 1231; x_wconf 82' lang='lat' dir='ltr'><strong>unquam</strong></span> <span class='ocrx_word' id='word_1_80' title='bbox 1742 1161 1998 1215; x_wconf 87' lang='lat' dir='ltr'><strong>oratione</strong></span> 
     </span>
    </p>
   </div>
   <div class='ocr_carea' id='block_1_14' title="bbox 419 1252 2001 1321">
    <p class='ocr_par' dir='ltr' id='par_1_14' title="bbox 419 1252 2001 1321">
     <span class='ocr_line' id='line_1_14' title="bbox 419 1252 2001 1321; baseline 0 -17"><span class='ocrx_word' id='word_1_81' title='bbox 419 1252 650 1319; x_wconf 81' lang='lat' dir='ltr'><strong>exprimi</strong></span> <span class='ocrx_word' id='word_1_82' title='bbox 680 1253 885 1321; x_wconf 85' lang='lat' dir='ltr'><strong>possint</strong></span> <span class='ocrx_word' id='word_1_83' title='bbox 916 1269 928 1304; x_wconf 87' lang='lat'><strong>:</strong></span> <span class='ocrx_word' id='word_1_84' title='bbox 969 1254 1167 1307; x_wconf 75' lang='lat' dir='ltr'><strong>Satana</strong></span> <span class='ocrx_word' id='word_1_85' title='bbox 1209 1255 1498 1308; x_wconf 75' lang='lat' dir='ltr'><strong>ambitiose</strong></span> <span class='ocrx_word' id='word_1_86' title='bbox 1549 1253 1913 1306; x_wconf 91' lang='lat' dir='ltr'><strong>contendente</strong></span> <span class='ocrx_word' id='word_1_87' title='bbox 1943 1260 2001 1305; x_wconf 90' lang='lat' dir='ltr'><strong>ut</strong></span> 
     </span>
    </p>
   </div>
   <div class='ocr_carea' id='block_1_15' title="bbox 419 1339 2000 1412">
    <p class='ocr_par' dir='ltr' id='par_1_15' title="bbox 419 1339 2000 1412">
     <span class='ocr_line' id='line_1_15' title="bbox 419 1339 2000 1412; baseline 0.001 -18"><span class='ocrx_word' id='word_1_88' title='bbox 419 1339 488 1394; x_wconf 88' lang='lat' dir='ltr'><strong>ab</strong></span> <span class='ocrx_word' id='word_1_89' title='bbox 523 1341 630 1394; x_wconf 84' lang='lat' dir='ltr'><strong>illis</strong></span> <span class='ocrx_word' id='word_1_90' title='bbox 671 1357 888 1411; x_wconf 83' lang='lat' dir='ltr'><strong>quoque</strong></span> <span class='ocrx_word' id='word_1_91' title='bbox 928 1344 1133 1412; x_wconf 87' lang='lat' dir='ltr'><strong>aliquid</strong></span> <span class='ocrx_word' id='word_1_92' title='bbox 1183 1345 1345 1412; x_wconf 84' lang='lat' dir='ltr'><strong>impie</strong></span> <span class='ocrx_word' id='word_1_93' title='bbox 1381 1345 1676 1397; x_wconf 84' lang='lat' dir='ltr'><strong>diceretur.</strong></span> <span class='ocrx_word' id='word_1_94' title='bbox 1721 1342 2000 1410; x_wconf 61' lang='lat' dir='ltr'><strong>Prieciptte</strong></span> 
     </span>
    </p>
   </div>
   <div class='ocr_carea' id='block_1_16' title="bbox 424 1433 2002 1502">
    <p class='ocr_par' dir='ltr' id='par_1_16' title="bbox 424 1433 2002 1502">
     <span class='ocr_line' id='line_1_16' title="bbox 424 1433 2002 1502; baseline 0.003 -20"><span class='ocrx_word' id='word_1_95' title='bbox 424 1441 602 1484; x_wconf 89' lang='lat' dir='ltr'><strong>tamen</strong></span> <span class='ocrx_word' id='word_1_96' title='bbox 640 1433 780 1502; x_wconf 83' lang='lat' dir='ltr'><strong>Vulgi</strong></span> <span class='ocrx_word' id='word_1_97' title='bbox 815 1450 879 1487; x_wconf 88' lang='lat' dir='ltr'><strong>ac</strong></span> <span class='ocrx_word' id='word_1_98' title='bbox 919 1435 1164 1502; x_wconf 77' lang='lat' dir='ltr'><strong>pt‘a&#39;sidis</strong></span> <span class='ocrx_word' id='word_1_99' title='bbox 1191 1444 1244 1487; x_wconf 86' lang='lat' dir='ltr'><strong>et</strong></span> <span class='ocrx_word' id='word_1_100' title='bbox 1274 1434 1505 1487; x_wconf 80' lang='lat' dir='ltr'><strong>militum</strong></span> <span class='ocrx_word' id='word_1_101' title='bbox 1538 1434 1692 1488; x_wconf 90' lang='lat' dir='ltr'><strong>furor</strong></span> <span class='ocrx_word' id='word_1_102' title='bbox 1719 1435 2002 1487; x_wconf 84' lang='lat' dir='ltr'><strong>universus</strong></span> 
     </span>
    </p>
   </div>
   <div class='ocr_carea' id='block_1_17' title="bbox 424 1522 2000 1591">
    <p class='ocr_par' dir='ltr' id='par_1_17' title="bbox 424 1522 2000 1591">
     <span class='ocr_line' id='line_1_17' title="bbox 424 1522 2000 1591; baseline 0.001 -15"><span class='ocrx_word' id='word_1_103' title='bbox 424 1522 668 1577; x_wconf 84' lang='lat' dir='ltr'><strong>incubuit</strong></span> <span class='ocrx_word' id='word_1_104' title='bbox 698 1525 750 1577; x_wconf 91' lang='lat' dir='ltr'><strong>in</strong></span> <span class='ocrx_word' id='word_1_105' title='bbox 790 1525 1051 1578; x_wconf 81' lang='lat' dir='ltr'><strong>Sanctum</strong></span> <span class='ocrx_word' id='word_1_106' title='bbox 1074 1567 1088 1590; x_wconf 88' lang='lat'><strong>,</strong></span> <span class='ocrx_word' id='word_1_107' title='bbox 1117 1526 1404 1581; x_wconf 74' lang='lat' dir='ltr'><strong>diaconum</strong></span> <span class='ocrx_word' id='word_1_108' title='bbox 1446 1525 1830 1591; x_wconf 78' lang='lat' dir='ltr'><strong>Viennensem,</strong></span> <span class='ocrx_word' id='word_1_109' title='bbox 1861 1535 1914 1578; x_wconf 92' lang='lat' dir='ltr'><strong>et</strong></span> <span class='ocrx_word' id='word_1_110' title='bbox 1949 1526 2000 1578; x_wconf 91' lang='lat' dir='ltr'><strong>in</strong></span> 
     </span>
    </p>
   </div>
   <div class='ocr_carea' id='block_1_18' title="bbox 424 1612 2003 1685">
    <p class='ocr_par' dir='ltr' id='par_1_18' title="bbox 424 1612 2003 1685">
     <span class='ocr_line' id='line_1_18' title="bbox 424 1612 2003 1685; baseline 0.002 -20"><span class='ocrx_word' id='word_1_111' title='bbox 424 1612 1064 1685; x_wconf 80' lang='lat' dir='ltr'><strong>Maturum,neophytum</strong></span> <span class='ocrx_word' id='word_1_112' title='bbox 1094 1616 1309 1682; x_wconf 87' lang='lat' dir='ltr'><strong>quidem</strong></span> <span class='ocrx_word' id='word_1_113' title='bbox 1348 1615 1523 1681; x_wconf 90' lang='lat' dir='ltr'><strong>illum,</strong></span> <span class='ocrx_word' id='word_1_114' title='bbox 1569 1615 1662 1669; x_wconf 91' lang='lat' dir='ltr'><strong>sed</strong></span> <span class='ocrx_word' id='word_1_115' title='bbox 1696 1614 2003 1685; x_wconf 84' lang='lat' dir='ltr'><strong>generosis-</strong></span> 
     </span>
    </p>
   </div>
   <div class='ocr_carea' id='block_1_19' title="bbox 423 1705 2000 1778">
    <p class='ocr_par' dir='ltr' id='par_1_19' title="bbox 423 1705 2000 1778">
     <span class='ocr_line' id='line_1_19' title="bbox 423 1705 2000 1778; baseline 0.003 -22"><span class='ocrx_word' id='word_1_116' title='bbox 423 1705 618 1758; x_wconf 87' lang='lat' dir='ltr'><strong>simum</strong></span> <span class='ocrx_word' id='word_1_117' title='bbox 680 1707 1032 1760; x_wconf 90' lang='lat' dir='ltr'><strong>nihilominus</strong></span> <span class='ocrx_word' id='word_1_118' title='bbox 1093 1710 1326 1778; x_wconf 81' lang='lat' dir='ltr'><strong>pugilem</strong></span> <span class='ocrx_word' id='word_1_119' title='bbox 1365 1709 1569 1763; x_wconf 79' lang='lat' dir='ltr'><strong>Christi</strong></span> <span class='ocrx_word' id='word_1_120' title='bbox 1601 1727 1616 1765; x_wconf 89' lang='lat'><strong>:</strong></span> <span class='ocrx_word' id='word_1_121' title='bbox 1648 1709 1703 1763; x_wconf 92' lang='lat' dir='ltr'><strong>in</strong></span> <span class='ocrx_word' id='word_1_122' title='bbox 1759 1708 2000 1760; x_wconf 79' lang='lat' dir='ltr'><strong>Attalum</strong></span> 
     </span>
    </p>
   </div>
   <div class='ocr_carea' id='block_1_20' title="bbox 2102 511 3691 592">
    <p class='ocr_par' dir='ltr' id='par_1_20' title="bbox 2102 511 3691 592">
     <span class='ocr_line' id='line_1_20' title="bbox 2102 511 3691 592; baseline -0.007 -18"><span class='ocrx_word' id='word_1_123' title='bbox 2102 521 2260 592; x_wconf 82' lang='grc' dir='ltr'>ὖχλου</span> <span class='ocrx_word' id='word_1_124' title='bbox 2297 520 2391 574; x_wconf 73' lang='grc' dir='ltr'>καὶ</span> <span class='ocrx_word' id='word_1_125' title='bbox 2427 519 2690 590; x_wconf 80' lang='grc' dir='ltr'><strong>ἡγεμόνος</strong></span> <span class='ocrx_word' id='word_1_126' title='bbox 2723 517 2818 570; x_wconf 69' lang='grc' dir='ltr'><strong>καὶ</strong></span> <span class='ocrx_word' id='word_1_127' title='bbox 2863 513 3212 587; x_wconf 81' lang='grc' dir='ltr'><strong>στρατιωτῶν</strong></span> <span class='ocrx_word' id='word_1_128' title='bbox 3251 513 3385 584; x_wconf 82' lang='grc'><strong>(91),</strong></span> <span class='ocrx_word' id='word_1_129' title='bbox 3424 515 3504 576; x_wconf 87' lang='grc' dir='ltr'><strong>είς</strong></span> <span class='ocrx_word' id='word_1_130' title='bbox 3547 511 3691 579; x_wconf 85' lang='grc' dir='ltr'>Σάγ-</span> 
     </span>
    </p>
   </div>
   <div class='ocr_carea' id='block_1_21' title="bbox 2100 605 3690 678">
    <p class='ocr_par' dir='ltr' id='par_1_21' title="bbox 2100 605 3690 678">
     <span class='ocr_line' id='line_1_21' title="bbox 2100 605 3690 678; baseline -0.006 -13"><span class='ocrx_word' id='word_1_131' title='bbox 2100 629 2228 665; x_wconf 88' lang='grc' dir='ltr'>κτον</span> <span class='ocrx_word' id='word_1_132' title='bbox 2273 610 2518 664; x_wconf 89' lang='grc' dir='ltr'>διάκονον</span> <span class='ocrx_word' id='word_1_133' title='bbox 2567 608 2675 663; x_wconf 86' lang='grc' dir='ltr'>ἀπὸ</span> <span class='ocrx_word' id='word_1_134' title='bbox 2713 608 2936 678; x_wconf 85' lang='grc' dir='ltr'>Βιέννης</span> <span class='ocrx_word' id='word_1_135' title='bbox 2980 606 3112 677; x_wconf 74' lang='grc'><strong>(92),</strong></span> <span class='ocrx_word' id='word_1_136' title='bbox 3156 607 3250 659; x_wconf 85' lang='grc' dir='ltr'>καί</span> <span class='ocrx_word' id='word_1_137' title='bbox 3282 607 3361 668; x_wconf 80' lang='grc' dir='ltr'><strong>εἱς</strong></span> <span class='ocrx_word' id='word_1_138' title='bbox 3402 605 3690 674; x_wconf 83' lang='grc' dir='ltr'>Μάτουρον</span> 
     </span>
    </p>
   </div>
   <div class='ocr_carea' id='block_1_22' title="bbox 2101 696 3691 772">
    <p class='ocr_par' dir='ltr' id='par_1_22' title="bbox 2101 696 3691 772">
     <span class='ocr_line' id='line_1_22' title="bbox 2101 696 3691 772; baseline -0.006 -16"><span class='ocrx_word' id='word_1_139' title='bbox 2101 702 2463 772; x_wconf 75' lang='grc' dir='ltr'>νεοφώτιστον</span> <span class='ocrx_word' id='word_1_140' title='bbox 2501 701 2620 771; x_wconf 83' lang='grc' dir='ltr'>μὲν,</span> <span class='ocrx_word' id='word_1_141' title='bbox 2650 699 2788 752; x_wconf 87' lang='grc' dir='ltr'><strong>ἁλλὰ</strong></span> <span class='ocrx_word' id='word_1_142' title='bbox 2829 701 3073 768; x_wconf 87' lang='grc' dir='ltr'>γενναῖον</span> <span class='ocrx_word' id='word_1_143' title='bbox 3108 696 3439 766; x_wconf 72' lang='grc' dir='ltr'>ἀγωνιστὴν,</span> <span class='ocrx_word' id='word_1_144' title='bbox 3483 696 3579 750; x_wconf 73' lang='grc' dir='ltr'><strong>καὶ</strong></span> <span class='ocrx_word' id='word_1_145' title='bbox 3609 697 3691 758; x_wconf 78' lang='grc' dir='ltr'><strong>είς</strong></span> 
     </span>
    </p>
   </div>
   <div class='ocr_carea' id='block_1_23' title="bbox 2103 786 3690 864">
    <p class='ocr_par' dir='ltr' id='par_1_23' title="bbox 2103 786 3690 864">
     <span class='ocr_line' id='line_1_23' title="bbox 2103 786 3690 864; baseline -0.008 -15"><span class='ocrx_word' id='word_1_146' title='bbox 2103 795 2369 849; x_wconf 79' lang='grc' dir='ltr'>Ἀτταλον</span> <span class='ocrx_word' id='word_1_147' title='bbox 2394 792 2753 864; x_wconf 85' lang='grc' dir='ltr'>Περγαμηνὸν</span> <span class='ocrx_word' id='word_1_148' title='bbox 2768 791 2847 862; x_wconf 83' lang='grc' dir='ltr'>τῷ</span> <span class='ocrx_word' id='word_1_149' title='bbox 2874 791 3042 859; x_wconf 81' lang='grc' dir='ltr'>γένει.</span> <span class='ocrx_word' id='word_1_150' title='bbox 3072 789 3264 844; x_wconf 87' lang='grc' dir='ltr'>στύλον</span> <span class='ocrx_word' id='word_1_151' title='bbox 3285 790 3380 842; x_wconf 76' lang='grc' dir='ltr'><strong>καὶ</strong></span> <span class='ocrx_word' id='word_1_152' title='bbox 3407 786 3690 859; x_wconf 82' lang='grc' dir='ltr'>ἑδραίωμα</span> 
     </span>
    </p>
   </div>
   <div class='ocr_carea' id='block_1_24' title="bbox 2103 872 3692 951">
    <p class='ocr_par' dir='ltr' id='par_1_24' title="bbox 2103 872 3692 951">
     <span class='ocr_line' id='line_1_24' title="bbox 2103 872 3692 951; baseline -0.007 -12"><span class='ocrx_word' id='word_1_153' title='bbox 2103 884 2211 940; x_wconf 82' lang='grc' dir='ltr'><strong>τῶν</strong></span> <span class='ocrx_word' id='word_1_154' title='bbox 2245 883 2477 937; x_wconf 78' lang='grc' dir='ltr'>ἐνταῦθα</span> <span class='ocrx_word' id='word_1_155' title='bbox 2509 883 2595 936; x_wconf 74' lang='grc' dir='ltr'><strong>ἀεὶ</strong></span> <span class='ocrx_word' id='word_1_156' title='bbox 2620 882 2901 951; x_wconf 80' lang='grc' dir='ltr'>γεγονότα,</span> <span class='ocrx_word' id='word_1_157' title='bbox 2936 882 3030 936; x_wconf 75' lang='grc' dir='ltr'><strong>καὶ</strong></span> <span class='ocrx_word' id='word_1_158' title='bbox 3058 883 3138 946; x_wconf 86' lang='grc' dir='ltr'><strong>είς</strong></span> <span class='ocrx_word' id='word_1_159' title='bbox 3167 879 3480 940; x_wconf 84' lang='grc' dir='ltr'>Βλανδίναν,</span> <span class='ocrx_word' id='word_1_160' title='bbox 3525 876 3592 929; x_wconf 77' lang='grc' dir='ltr'>δι’</span> <span class='ocrx_word' id='word_1_161' title='bbox 3621 872 3692 948; x_wconf 81' lang='grc' dir='ltr'>ἧς</span> 
     </span>
    </p>
   </div>
   <div class='ocr_carea' id='block_1_25' title="bbox 2105 968 3691 1045">
    <p class='ocr_par' dir='ltr' id='par_1_25' title="bbox 2105 968 3691 1045">
     <span class='ocr_line' id='line_1_25' title="bbox 2105 968 3691 1045; baseline -0.006 -16"><span class='ocrx_word' id='word_1_162' title='bbox 2105 974 2373 1039; x_wconf 73' lang='grc' dir='ltr'>ἐπέδειξεν</span> <span class='ocrx_word' id='word_1_163' title='bbox 2412 976 2440 1028; x_wconf 92' lang='grc' dir='ltr'><strong>ὁ</strong></span> <span class='ocrx_word' id='word_1_164' title='bbox 2466 974 2698 1045; x_wconf 82' lang='grc' dir='ltr'>Χριστὸς</span> <span class='ocrx_word' id='word_1_165' title='bbox 2731 976 2811 1027; x_wconf 83' lang='grc' dir='ltr'><strong>δτι</strong></span> <span class='ocrx_word' id='word_1_166' title='bbox 2843 973 2912 1026; x_wconf 84' lang='grc' dir='ltr'><strong>τὰ</strong></span> <span class='ocrx_word' id='word_1_167' title='bbox 2955 973 3107 1044; x_wconf 72' lang='grc' dir='ltr'>παρὰ</span> <span class='ocrx_word' id='word_1_168' title='bbox 3155 969 3466 1045; x_wconf 82' lang='grc' dir='ltr'>ἀνθρώποις</span> <span class='ocrx_word' id='word_1_169' title='bbox 3494 968 3691 1038; x_wconf 82' lang='grc' dir='ltr'>εὐτελῆ</span> 
     </span>
    </p>
   </div>
   <div class='ocr_carea' id='block_1_26' title="bbox 2102 1061 3689 1137">
    <p class='ocr_par' dir='ltr' id='par_1_26' title="bbox 2102 1061 3689 1137">
     <span class='ocr_line' id='line_1_26' title="bbox 2102 1061 3689 1137; baseline -0.006 -16"><span class='ocrx_word' id='word_1_170' title='bbox 2102 1069 2196 1122; x_wconf 74' lang='grc' dir='ltr'><strong>καὶ</strong></span> <span class='ocrx_word' id='word_1_171' title='bbox 2239 1067 2396 1137; x_wconf 84' lang='grc' dir='ltr'>ἀειδῆ</span> <span class='ocrx_word' id='word_1_172' title='bbox 2451 1067 2544 1120; x_wconf 70' lang='grc' dir='ltr'><strong>κα)¹</strong></span> <span class='ocrx_word' id='word_1_173' title='bbox 2579 1065 3030 1136; x_wconf 73' lang='grc' dir='ltr'>εὐκαταφρόνητα</span> <span class='ocrx_word' id='word_1_174' title='bbox 3073 1063 3397 1134; x_wconf 83' lang='grc' dir='ltr'>φαινόμενα,</span> <span class='ocrx_word' id='word_1_175' title='bbox 3446 1061 3689 1132; x_wconf 82' lang='grc' dir='ltr'>μεγάλης</span> 
     </span>
    </p>
   </div>
   <div class='ocr_carea' id='block_1_27' title="bbox 2108 1154 3691 1231">
    <p class='ocr_par' dir='ltr' id='par_1_27' title="bbox 2108 1154 3691 1231">
     <span class='ocr_line' id='line_1_27' title="bbox 2108 1154 3691 1231; baseline -0.006 -17"><span class='ocrx_word' id='word_1_176' title='bbox 2108 1158 2460 1224; x_wconf 81' lang='grc' dir='ltr'>καταξιοῦται</span> <span class='ocrx_word' id='word_1_177' title='bbox 2507 1158 2657 1231; x_wconf 76' lang='grc' dir='ltr'>παρὰ</span> <span class='ocrx_word' id='word_1_178' title='bbox 2699 1159 2819 1229; x_wconf 80' lang='grc' dir='ltr'>Θεῷ</span> <span class='ocrx_word' id='word_1_179' title='bbox 2867 1158 3027 1228; x_wconf 81' lang='grc' dir='ltr'><strong>δόξης</strong></span> <span class='ocrx_word' id='word_1_180' title='bbox 3063 1157 3153 1210; x_wconf 77' lang='grc' dir='ltr'><strong>διὰ</strong></span> <span class='ocrx_word' id='word_1_181' title='bbox 3198 1156 3298 1227; x_wconf 81' lang='grc' dir='ltr'>τὴν</span> <span class='ocrx_word' id='word_1_182' title='bbox 3343 1156 3481 1226; x_wconf 80' lang='grc' dir='ltr'>πρὸς</span> <span class='ocrx_word' id='word_1_183' title='bbox 3527 1154 3691 1207; x_wconf 72' lang='grc' dir='ltr'>αὑτὸν</span> 
     </span>
    </p>
   </div>
   <div class='ocr_carea' id='block_1_28' title="bbox 2104 1243 3693 1323">
    <p class='ocr_par' dir='ltr' id='par_1_28' title="bbox 2104 1243 3693 1323">
     <span class='ocr_line' id='line_1_28' title="bbox 2104 1243 3693 1323; baseline -0.006 -17"><span class='ocrx_word' id='word_1_184' title='bbox 2104 1251 2345 1323; x_wconf 80' lang='grc' dir='ltr'>ἀγάπην,</span> <span class='ocrx_word' id='word_1_185' title='bbox 2368 1252 2466 1322; x_wconf 85' lang='grc' dir='ltr'>τὴν</span> <span class='ocrx_word' id='word_1_186' title='bbox 2493 1253 2547 1303; x_wconf 81' lang='grc' dir='ltr'>ὲν</span> <span class='ocrx_word' id='word_1_187' title='bbox 2571 1251 2798 1320; x_wconf 83' lang='grc' dir='ltr'>δυνάμει</span> <span class='ocrx_word' id='word_1_188' title='bbox 2829 1248 3211 1318; x_wconf 82' lang='grc' dir='ltr'>δεικνυμένην,</span> <span class='ocrx_word' id='word_1_189' title='bbox 3244 1247 3341 1300; x_wconf 77' lang='grc' dir='ltr'>καὶ</span> <span class='ocrx_word' id='word_1_190' title='bbox 3368 1245 3443 1317; x_wconf 85' lang='grc' dir='ltr'>μὴ</span> <span class='ocrx_word' id='word_1_191' title='bbox 3477 1248 3536 1298; x_wconf 84' lang='grc' dir='ltr'>ὲν</span> <span class='ocrx_word' id='word_1_192' title='bbox 3563 1243 3693 1297; x_wconf 71' lang='grc' dir='ltr'>εῖδει</span> 
     </span>
    </p>
   </div>
   <div class='ocr_carea' id='block_1_29' title="bbox 2105 1336 3695 1416">
    <p class='ocr_par' dir='ltr' id='par_1_29' title="bbox 2105 1336 3695 1416">
     <span class='ocr_line' id='line_1_29' title="bbox 2105 1336 3695 1416; baseline -0.005 -18"><span class='ocrx_word' id='word_1_193' title='bbox 2105 1345 2486 1416; x_wconf 76' lang='grc' dir='ltr'>καυχωμένην.</span> <span class='ocrx_word' id='word_1_194' title='bbox 2536 1342 2723 1415; x_wconf 77' lang='grc' dir='ltr'><strong>Ἡμῶν</strong></span> <span class='ocrx_word' id='word_1_195' title='bbox 2764 1343 2873 1413; x_wconf 85' lang='grc' dir='ltr'>γὰρ</span> <span class='ocrx_word' id='word_1_196' title='bbox 2910 1343 3128 1396; x_wconf 83' lang='grc' dir='ltr'>πάντων</span> <span class='ocrx_word' id='word_1_197' title='bbox 3157 1340 3428 1404; x_wconf 81' lang='grc' dir='ltr'>δεδιότων,</span> <span class='ocrx_word' id='word_1_198' title='bbox 3467 1338 3562 1392; x_wconf 73' lang='grc' dir='ltr'>καὶ</span> <span class='ocrx_word' id='word_1_199' title='bbox 3592 1336 3695 1407; x_wconf 71' lang='grc' dir='ltr'>τῆς</span> 
     </span>
    </p>
   </div>
   <div class='ocr_carea' id='block_1_30' title="bbox 2106 1427 3696 1510">
    <p class='ocr_par' dir='ltr' id='par_1_30' title="bbox 2106 1427 3696 1510">
     <span class='ocr_line' id='line_1_30' title="bbox 2106 1427 3696 1510; baseline -0.008 -16"><span class='ocrx_word' id='word_1_200' title='bbox 2106 1439 2372 1510; x_wconf 79' lang='grc' dir='ltr'>σαρκίνης</span> <span class='ocrx_word' id='word_1_201' title='bbox 2424 1434 2714 1504; x_wconf 75' lang='grc' dir='ltr'>δεσποίνης</span> <span class='ocrx_word' id='word_1_202' title='bbox 2748 1433 2939 1503; x_wconf 78' lang='grc' dir='ltr'>αύτῆς,</span> <span class='ocrx_word' id='word_1_203' title='bbox 2987 1434 3110 1502; x_wconf 70' lang='grc' dir='ltr'>ἥτις</span> <span class='ocrx_word' id='word_1_204' title='bbox 3151 1427 3219 1502; x_wconf 73' lang='grc' dir='ltr'>ἦν</span> <span class='ocrx_word' id='word_1_205' title='bbox 3263 1431 3358 1484; x_wconf 78' lang='grc' dir='ltr'><strong>καὶ</strong></span> <span class='ocrx_word' id='word_1_206' title='bbox 3403 1430 3542 1501; x_wconf 78' lang='grc' dir='ltr'>αὐτὴ</span> <span class='ocrx_word' id='word_1_207' title='bbox 3585 1427 3696 1482; x_wconf 81' lang='grc' dir='ltr'>τῶν</span> 
     </span>
    </p>
   </div>
   <div class='ocr_carea' id='block_1_31' title="bbox 2109 1521 3697 1602">
    <p class='ocr_par' dir='ltr' id='par_1_31' title="bbox 2109 1521 3697 1602">
     <span class='ocr_line' id='line_1_31' title="bbox 2109 1521 3697 1602; baseline -0.006 -18"><span class='ocrx_word' id='word_1_208' title='bbox 2109 1529 2401 1602; x_wconf 82' lang='grc' dir='ltr'>μαρτύρων</span> <span class='ocrx_word' id='word_1_209' title='bbox 2440 1527 2539 1598; x_wconf 88' lang='grc' dir='ltr'><strong>μία</strong></span> <span class='ocrx_word' id='word_1_210' title='bbox 2575 1525 2932 1594; x_wconf 85' lang='grc' dir='ltr'>ἀγωνίστρια,</span> <span class='ocrx_word' id='word_1_211' title='bbox 2967 1521 3291 1594; x_wconf 80' lang='grc' dir='ltr'>ἀγωνιώσης</span> <span class='ocrx_word' id='word_1_212' title='bbox 3328 1521 3404 1593; x_wconf 82' lang='grc' dir='ltr'><strong>μὴ</strong></span> <span class='ocrx_word' id='word_1_213' title='bbox 3443 1522 3565 1575; x_wconf 76' lang='grc' dir='ltr'>οὐδὲ</span> <span class='ocrx_word' id='word_1_214' title='bbox 3596 1522 3697 1592; x_wconf 74' lang='grc' dir='ltr'><strong>τὴν</strong></span> 
     </span>
    </p>
   </div>
   <div class='ocr_carea' id='block_1_32' title="bbox 2106 1613 3698 1692">
    <p class='ocr_par' dir='ltr' id='par_1_32' title="bbox 2106 1613 3698 1692">
     <span class='ocr_line' id='line_1_32' title="bbox 2106 1613 3698 1692; baseline -0.006 -17"><span class='ocrx_word' id='word_1_215' title='bbox 2106 1621 2395 1692; x_wconf 88' lang='grc' dir='ltr'>ὁμολογίαν</span> <span class='ocrx_word' id='word_1_216' title='bbox 2436 1618 2725 1690; x_wconf 80' lang='grc' dir='ltr'>δυνήσεται</span> <span class='ocrx_word' id='word_1_217' title='bbox 2763 1616 3245 1688; x_wconf 71' lang='grc' dir='ltr'>παρρησιάσασθαι</span> <span class='ocrx_word' id='word_1_218' title='bbox 3273 1615 3360 1668; x_wconf 78' lang='grc' dir='ltr'>διὰ</span> <span class='ocrx_word' id='word_1_219' title='bbox 3382 1614 3444 1668; x_wconf 85' lang='grc' dir='ltr'>τὸ</span> <span class='ocrx_word' id='word_1_220' title='bbox 3470 1613 3698 1676; x_wconf 80' lang='grc' dir='ltr'>ἀσθενὲς</span> 
     </span>
    </p>
   </div>
   <div class='ocr_carea' id='block_1_33' title="bbox 2108 1706 3701 1783">
    <p class='ocr_par' dir='ltr' id='par_1_33' title="bbox 2108 1706 3701 1783">
     <span class='ocr_line' id='line_1_33' title="bbox 2108 1706 3701 1783; baseline -0.004 -16"><span class='ocrx_word' id='word_1_221' title='bbox 2108 1715 2200 1768; x_wconf 75' lang='grc' dir='ltr'>τοῦ</span> <span class='ocrx_word' id='word_1_222' title='bbox 2231 1711 2499 1783; x_wconf 79' lang='grc' dir='ltr'>σώματος,</span> <span class='ocrx_word' id='word_1_223' title='bbox 2534 1713 2566 1781; x_wconf 84' lang='grc' dir='ltr'>ἡ</span> <span class='ocrx_word' id='word_1_224' title='bbox 2610 1710 2872 1763; x_wconf 83' lang='grc' dir='ltr'>Βλανδίνα</span> <span class='ocrx_word' id='word_1_225' title='bbox 2911 1709 3181 1779; x_wconf 79' lang='grc' dir='ltr'>τοσαύτης</span> <span class='ocrx_word' id='word_1_226' title='bbox 3212 1706 3505 1779; x_wconf 77' lang='grc' dir='ltr'>ἐπληρώθη</span> <span class='ocrx_word' id='word_1_227' title='bbox 3540 1706 3701 1760; x_wconf 77' lang='grc' dir='ltr'>δυνά-</span> 
     </span>
    </p>
   </div>
   <div class='ocr_carea' id='block_1_34' title="bbox 421 1793 2015 1875">
    <p class='ocr_par' dir='ltr' id='par_1_34' title="bbox 421 1799 2002 1869">
     <span class='ocr_line' id='line_1_34' title="bbox 421 1799 2002 1869; baseline 0.003 -21"><span class='ocrx_word' id='word_1_228' title='bbox 421 1811 659 1866; x_wconf 84' lang='lat' dir='ltr'><strong>quoque,</strong></span> <span class='ocrx_word' id='word_1_229' title='bbox 685 1800 856 1865; x_wconf 88' lang='lat' dir='ltr'><strong>patria</strong></span> <span class='ocrx_word' id='word_1_230' title='bbox 888 1799 1304 1868; x_wconf 72' lang='lat' dir='ltr'><strong>Pergamenum,</strong></span> <span class='ocrx_word' id='word_1_231' title='bbox 1333 1801 1423 1869; x_wconf 92' lang='lat' dir='ltr'><strong>qui</strong></span> <span class='ocrx_word' id='word_1_232' title='bbox 1462 1801 1710 1854; x_wconf 91' lang='lat' dir='ltr'><strong>columna</strong></span> <span class='ocrx_word' id='word_1_233' title='bbox 1734 1811 1783 1854; x_wconf 88' lang='lat' dir='ltr'><strong>et</strong></span> <span class='ocrx_word' id='word_1_234' title='bbox 1814 1801 2002 1855; x_wconf 89' lang='lat' dir='ltr'><strong>firma-</strong></span> 
     </span>
    </p>
   </div>
   <div class='ocr_carea' id='block_1_35' title="bbox 2120 1793 3700 1875">
    <p class='ocr_par' dir='ltr' id='par_1_35' title="bbox 2120 1798 3700 1875">
     <span class='ocr_line' id='line_1_35' title="bbox 2120 1798 3700 1875; baseline -0.004 -18"><span class='ocrx_word' id='word_1_235' title='bbox 2120 1822 2276 1875; x_wconf 84' lang='grc' dir='ltr'>μεως,</span> <span class='ocrx_word' id='word_1_236' title='bbox 2305 1803 2444 1856; x_wconf 74' lang='grc' dir='ltr'>ὥστε</span> <span class='ocrx_word' id='word_1_237' title='bbox 2483 1803 2774 1872; x_wconf 73' lang='grc' dir='ltr'>ἐκλυθῆναι</span> <span class='ocrx_word' id='word_1_238' title='bbox 2801 1803 2896 1855; x_wconf 75' lang='grc' dir='ltr'>κα).</span> <span class='ocrx_word' id='word_1_239' title='bbox 2925 1801 3234 1873; x_wconf 76' lang='grc' dir='ltr'>παρεθῆναι</span> <span class='ocrx_word' id='word_1_240' title='bbox 3265 1801 3393 1863; x_wconf 70' lang='grc' dir='ltr'>τοὺς</span> <span class='ocrx_word' id='word_1_241' title='bbox 3417 1799 3560 1854; x_wconf 80' lang='grc' dir='ltr'>κατὰ</span> <span class='ocrx_word' id='word_1_242' title='bbox 3583 1798 3700 1852; x_wconf 79' lang='grc' dir='ltr'>δια-</span> 
     </span>
    </p>
   </div>
   <div class='ocr_carea' id='block_1_36' title="bbox 425 1885 2001 1956">
    <p class='ocr_par' dir='ltr' id='par_1_36' title="bbox 425 1885 2001 1956">
     <span class='ocr_line' id='line_1_36' title="bbox 425 1885 2001 1956; baseline 0.006 -23"><span class='ocrx_word' id='word_1_243' title='bbox 425 1893 666 1936; x_wconf 87' lang='lat' dir='ltr'><strong>mentum</strong></span> <span class='ocrx_word' id='word_1_244' title='bbox 690 1885 946 1940; x_wconf 72' lang='lat' dir='ltr'><strong>Ecclesia:</strong></span> <span class='ocrx_word' id='word_1_245' title='bbox 975 1899 1174 1940; x_wconf 69' lang='lat' dir='ltr'><strong>nostrae</strong></span> <span class='ocrx_word' id='word_1_246' title='bbox 1199 1903 1413 1956; x_wconf 88' lang='lat' dir='ltr'><strong>semper</strong></span> <span class='ocrx_word' id='word_1_247' title='bbox 1438 1888 1538 1943; x_wconf 87' lang='lat' dir='ltr'><strong>fuit</strong></span> <span class='ocrx_word' id='word_1_248' title='bbox 1565 1907 1577 1943; x_wconf 92' lang='lat'><strong>:</strong></span> <span class='ocrx_word' id='word_1_249' title='bbox 1609 1890 1657 1942; x_wconf 92' lang='lat' dir='ltr'><strong>in</strong></span> <span class='ocrx_word' id='word_1_250' title='bbox 1689 1890 2001 1942; x_wconf 87' lang='lat' dir='ltr'><strong>Blandinam</strong></span> 
     </span>
    </p>
   </div>
   <div class='ocr_carea' id='block_1_37' title="bbox 425 1975 2002 2050">
    <p class='ocr_par' dir='ltr' id='par_1_37' title="bbox 425 1975 2002 2050">
     <span class='ocr_line' id='line_1_37' title="bbox 425 1975 2002 2050; baseline 0.006 -25"><span class='ocrx_word' id='word_1_251' title='bbox 425 1975 680 2043; x_wconf 85' lang='lat' dir='ltr'><strong>denique,</strong></span> <span class='ocrx_word' id='word_1_252' title='bbox 711 1992 806 2045; x_wconf 88' lang='lat' dir='ltr'><strong>per</strong></span> <span class='ocrx_word' id='word_1_253' title='bbox 828 1994 988 2046; x_wconf 84' lang='lat' dir='ltr'><strong>quam</strong></span> <span class='ocrx_word' id='word_1_254' title='bbox 1014 1979 1264 2034; x_wconf 72' lang='lat' dir='ltr'><strong>Christus</strong></span> <span class='ocrx_word' id='word_1_255' title='bbox 1292 1981 1553 2044; x_wconf 86' lang='lat' dir='ltr'><strong>ostendit,</strong></span> <span class='ocrx_word' id='word_1_256' title='bbox 1576 1996 1696 2050; x_wconf 83' lang='lat' dir='ltr'><strong>qme</strong></span> <span class='ocrx_word' id='word_1_257' title='bbox 1727 1981 1876 2042; x_wconf 84' lang='lat' dir='ltr'><strong>vilia,</strong></span> <span class='ocrx_word' id='word_1_258' title='bbox 1906 1983 2002 2034; x_wconf 90' lang='lat' dir='ltr'><strong>de-</strong></span> 
     </span>
    </p>
   </div>
   <div class='ocr_carea' id='block_1_38' title="bbox 425 2063 2004 2139">
    <p class='ocr_par' dir='ltr' id='par_1_38' title="bbox 425 2063 2004 2139">
     <span class='ocr_line' id='line_1_38' title="bbox 425 2063 2004 2139; baseline 0.004 -21"><span class='ocrx_word' id='word_1_259' title='bbox 425 2063 620 2120; x_wconf 84' lang='lat' dir='ltr'><strong>formia</strong></span> <span class='ocrx_word' id='word_1_260' title='bbox 651 2081 1065 2139; x_wconf 84' lang='lat' dir='ltr'><strong>contemptaque</strong></span> <span class='ocrx_word' id='word_1_261' title='bbox 1094 2071 1402 2125; x_wconf 89' lang='lat' dir='ltr'><strong>hominibus</strong></span> <span class='ocrx_word' id='word_1_262' title='bbox 1436 2073 1706 2137; x_wconf 83' lang='lat' dir='ltr'><strong>videntur,</strong></span> <span class='ocrx_word' id='word_1_263' title='bbox 1735 2087 1796 2126; x_wconf 90' lang='lat' dir='ltr'><strong>ea</strong></span> <span class='ocrx_word' id='word_1_264' title='bbox 1836 2073 2004 2125; x_wconf 79' lang='lat' dir='ltr'><strong>maxi-</strong></span> 
     </span>
    </p>
   </div>
   <div class='ocr_carea' id='block_1_39' title="bbox 428 2157 2002 2236">
    <p class='ocr_par' dir='ltr' id='par_1_39' title="bbox 428 2157 2002 2236">
     <span class='ocr_line' id='line_1_39' title="bbox 428 2157 2002 2236; baseline 0.006 -28"><span class='ocrx_word' id='word_1_265' title='bbox 428 2172 516 2210; x_wconf 91' lang='lat' dir='ltr'><strong>mo</strong></span> <span class='ocrx_word' id='word_1_266' title='bbox 549 2157 757 2213; x_wconf 90' lang='lat' dir='ltr'><strong>honore</strong></span> <span class='ocrx_word' id='word_1_267' title='bbox 790 2160 924 2216; x_wconf 72' lang='lat' dir='ltr'><strong>allici</strong></span> <span class='ocrx_word' id='word_1_268' title='bbox 982 2179 1012 2216; x_wconf 89' lang='lat' dir='ltr'><strong>a</strong></span> <span class='ocrx_word' id='word_1_269' title='bbox 1067 2165 1175 2219; x_wconf 90' lang='lat' dir='ltr'><strong>Deo</strong></span> <span class='ocrx_word' id='word_1_270' title='bbox 1214 2174 1439 2232; x_wconf 84' lang='lat' dir='ltr'><strong>propter</strong></span> <span class='ocrx_word' id='word_1_271' title='bbox 1481 2165 1836 2220; x_wconf 84' lang='lat' dir='ltr'><strong>excellentem</strong></span> <span class='ocrx_word' id='word_1_272' title='bbox 1873 2180 2002 2236; x_wconf 85' lang='lat' dir='ltr'><strong>erga</strong></span> 
     </span>
    </p>
   </div>
   <div class='ocr_carea' id='block_1_40' title="bbox 427 2248 2006 2326">
    <p class='ocr_par' dir='ltr' id='par_1_40' title="bbox 427 2248 2006 2326">
     <span class='ocr_line' id='line_1_40' title="bbox 427 2248 2006 2326; baseline 0.006 -26"><span class='ocrx_word' id='word_1_273' title='bbox 427 2248 601 2318; x_wconf 78' lang='lat' dir='ltr'><strong>ipsum</strong></span> <span class='ocrx_word' id='word_1_274' title='bbox 631 2251 974 2319; x_wconf 87' lang='lat' dir='ltr'><strong>charitatem,</strong></span> <span class='ocrx_word' id='word_1_275' title='bbox 1003 2272 1122 2324; x_wconf 65' lang='lat' dir='ltr'><strong>quae</strong></span> <span class='ocrx_word' id='word_1_276' title='bbox 1148 2258 1198 2309; x_wconf 93' lang='lat' dir='ltr'><strong>in</strong></span> <span class='ocrx_word' id='word_1_277' title='bbox 1228 2259 1430 2312; x_wconf 83' lang='lat' dir='ltr'><strong>virtute</strong></span> <span class='ocrx_word' id='word_1_278' title='bbox 1453 2258 1798 2326; x_wconf 85' lang='lat' dir='ltr'><strong>potentiaque</strong></span> <span class='ocrx_word' id='word_1_279' title='bbox 1826 2267 2006 2311; x_wconf 83' lang='lat' dir='ltr'><strong>osten-</strong></span> 
     </span>
    </p>
   </div>
   <div class='ocr_carea' id='block_1_41' title="bbox 428 2341 2007 2418">
    <p class='ocr_par' dir='ltr' id='par_1_41' title="bbox 428 2341 2007 2418">
     <span class='ocr_line' id='line_1_41' title="bbox 428 2341 2007 2418; baseline 0.008 -28"><span class='ocrx_word' id='word_1_280' title='bbox 428 2341 594 2405; x_wconf 92' lang='lat' dir='ltr'><strong>ditur,</strong></span> <span class='ocrx_word' id='word_1_281' title='bbox 647 2356 751 2395; x_wconf 92' lang='lat' dir='ltr'><strong>non</strong></span> <span class='ocrx_word' id='word_1_282' title='bbox 789 2346 971 2414; x_wconf 89' lang='lat' dir='ltr'><strong>specie</strong></span> <span class='ocrx_word' id='word_1_283' title='bbox 1017 2346 1159 2399; x_wconf 88' lang='lat' dir='ltr'><strong>inani</strong></span> <span class='ocrx_word' id='word_1_284' title='bbox 1202 2348 1488 2418; x_wconf 78' lang='lat' dir='ltr'><strong>gloriatur.</strong></span> <span class='ocrx_word' id='word_1_285' title='bbox 1545 2348 1677 2402; x_wconf 85' lang='lat' dir='ltr'><strong>Nam</strong></span> <span class='ocrx_word' id='word_1_286' title='bbox 1720 2363 1843 2402; x_wconf 91' lang='lat' dir='ltr'><strong>cum</strong></span> <span class='ocrx_word' id='word_1_287' title='bbox 1885 2349 2007 2402; x_wconf 86' lang='lat' dir='ltr'><strong>uni-</strong></span> 
     </span>
    </p>
   </div>
   <div class='ocr_carea' id='block_1_42' title="bbox 427 2431 2004 2508">
    <p class='ocr_par' dir='ltr' id='par_1_42' title="bbox 427 2431 2004 2508">
     <span class='ocr_line' id='line_1_42' title="bbox 427 2431 2004 2508; baseline 0.006 -24"><span class='ocrx_word' id='word_1_288' title='bbox 427 2431 573 2485; x_wconf 79' lang='lat' dir='ltr'><strong>versi</strong></span> <span class='ocrx_word' id='word_1_289' title='bbox 625 2435 1044 2502; x_wconf 88' lang='lat' dir='ltr'><strong>trepidaremus,</strong></span> <span class='ocrx_word' id='word_1_290' title='bbox 1082 2438 1306 2506; x_wconf 89' lang='lat' dir='ltr'><strong>ipsaque</strong></span> <span class='ocrx_word' id='word_1_291' title='bbox 1364 2439 1506 2493; x_wconf 89' lang='lat' dir='ltr'><strong>illius</strong></span> <span class='ocrx_word' id='word_1_292' title='bbox 1561 2440 1876 2508; x_wconf 88' lang='lat' dir='ltr'><strong>temporalis</strong></span> <span class='ocrx_word' id='word_1_293' title='bbox 1906 2441 2004 2494; x_wconf 79' lang='lat' dir='ltr'><strong>de-</strong></span> 
     </span>
    </p>
   </div>
   <div class='ocr_carea' id='block_1_43' title="bbox 431 2521 2007 2600">
    <p class='ocr_par' dir='ltr' id='par_1_43' title="bbox 431 2521 2007 2600">
     <span class='ocr_line' id='line_1_43' title="bbox 431 2521 2007 2600; baseline 0.007 -26"><span class='ocrx_word' id='word_1_294' title='bbox 431 2521 599 2582; x_wconf 90' lang='lat' dir='ltr'><strong>mina.</strong></span> <span class='ocrx_word' id='word_1_295' title='bbox 619 2539 737 2592; x_wconf 68' lang='lat' dir='ltr'><strong>quae</strong></span> <span class='ocrx_word' id='word_1_296' title='bbox 759 2535 806 2579; x_wconf 92' lang='lat' dir='ltr'><strong>et</strong></span> <span class='ocrx_word' id='word_1_297' title='bbox 844 2527 957 2595; x_wconf 85' lang='lat' dir='ltr'><strong>ipsa</strong></span> <span class='ocrx_word' id='word_1_298' title='bbox 988 2544 1090 2580; x_wconf 89' lang='lat' dir='ltr'><strong>una</strong></span> <span class='ocrx_word' id='word_1_299' title='bbox 1111 2545 1232 2583; x_wconf 90' lang='lat' dir='ltr'><strong>cum</strong></span> <span class='ocrx_word' id='word_1_300' title='bbox 1263 2529 1484 2598; x_wconf 88' lang='lat' dir='ltr'><strong>reliquis</strong></span> <span class='ocrx_word' id='word_1_301' title='bbox 1518 2531 1844 2600; x_wconf 82' lang='lat' dir='ltr'><strong>martyribus</strong></span> <span class='ocrx_word' id='word_1_302' title='bbox 1867 2541 2007 2585; x_wconf 90' lang='lat' dir='ltr'><strong>stre-</strong></span> 
     </span>
    </p>
   </div>
   <div class='ocr_carea' id='block_1_44' title="bbox 431 2619 2008 2697">
    <p class='ocr_par' dir='ltr' id='par_1_44' title="bbox 431 2619 2008 2697">
     <span class='ocr_line' id='line_1_44' title="bbox 431 2619 2008 2697; baseline 0.005 -29"><span class='ocrx_word' id='word_1_303' title='bbox 431 2631 537 2668; x_wconf 90' lang='lat' dir='ltr'><strong>nue</strong></span> <span class='ocrx_word' id='word_1_304' title='bbox 572 2619 866 2687; x_wconf 83' lang='lat' dir='ltr'><strong>pugnabat,</strong></span> <span class='ocrx_word' id='word_1_305' title='bbox 887 2620 1206 2674; x_wconf 90' lang='lat' dir='ltr'><strong>formidaret</strong></span> <span class='ocrx_word' id='word_1_306' title='bbox 1235 2621 1285 2697; x_wconf 87' lang='lat' dir='ltr'><strong>in</strong></span> <span class='ocrx_word' id='word_1_307' title='bbox 1309 2622 1499 2689; x_wconf 90' lang='lat' dir='ltr'><strong>primis</strong></span> <span class='ocrx_word' id='word_1_308' title='bbox 1525 2636 1590 2675; x_wconf 90' lang='lat' dir='ltr'><strong>ne</strong></span> <span class='ocrx_word' id='word_1_309' title='bbox 1617 2622 1702 2675; x_wconf 88' lang='lat' dir='ltr'><strong>illa</strong></span> <span class='ocrx_word' id='word_1_310' title='bbox 1731 2623 1800 2678; x_wconf 92' lang='lat' dir='ltr'><strong>ob</strong></span> <span class='ocrx_word' id='word_1_311' title='bbox 1835 2624 2008 2677; x_wconf 83' lang='lat' dir='ltr'><strong>tenui-</strong></span> 
     </span>
    </p>
   </div>
   <div class='ocr_carea' id='block_1_45' title="bbox 435 2710 2005 2778">
    <p class='ocr_par' dir='ltr' id='par_1_45' title="bbox 435 2710 2005 2778">
     <span class='ocr_line' id='line_1_45' title="bbox 435 2710 2005 2778; baseline 0.006 -18"><span class='ocrx_word' id='word_1_312' title='bbox 435 2715 596 2762; x_wconf 81' lang='lat' dir='ltr'><strong>tatem</strong></span> <span class='ocrx_word' id='word_1_313' title='bbox 642 2710 910 2778; x_wconf 89' lang='lat' dir='ltr'><strong>corporis,</strong></span> <span class='ocrx_word' id='word_1_314' title='bbox 970 2711 1195 2766; x_wconf 89' lang='lat' dir='ltr'><strong>liberam</strong></span> <span class='ocrx_word' id='word_1_315' title='bbox 1253 2715 1650 2768; x_wconf 83' lang='lat' dir='ltr'><strong>confessionem</strong></span> <span class='ocrx_word' id='word_1_316' title='bbox 1700 2717 1864 2769; x_wconf 90' lang='lat' dir='ltr'><strong>edere</strong></span> <span class='ocrx_word' id='word_1_317' title='bbox 1901 2730 2005 2769; x_wconf 92' lang='lat' dir='ltr'><strong>non</strong></span> 
     </span>
    </p>
   </div>
   <div class='ocr_carea' id='block_1_46' title="bbox 432 2799 2010 2873">
    <p class='ocr_par' dir='ltr' id='par_1_46' title="bbox 432 2799 2010 2873">
     <span class='ocr_line' id='line_1_46' title="bbox 432 2799 2010 2873; baseline 0.006 -19"><span class='ocrx_word' id='word_1_318' title='bbox 432 2799 637 2854; x_wconf 79' lang='lat' dir='ltr'><strong>valeret</strong></span> <span class='ocrx_word' id='word_1_319' title='bbox 660 2817 674 2854; x_wconf 90' lang='lat'><strong>:</strong></span> <span class='ocrx_word' id='word_1_320' title='bbox 704 2809 853 2854; x_wconf 70' lang='lat' dir='ltr'><strong>tanto</strong></span> <span class='ocrx_word' id='word_1_321' title='bbox 880 2803 1047 2856; x_wconf 90' lang='lat' dir='ltr'><strong>animi</strong></span> <span class='ocrx_word' id='word_1_322' title='bbox 1081 2804 1273 2860; x_wconf 87' lang='lat' dir='ltr'><strong>robore</strong></span> <span class='ocrx_word' id='word_1_323' title='bbox 1301 2806 1514 2860; x_wconf 89' lang='lat' dir='ltr'><strong>firmata</strong></span> <span class='ocrx_word' id='word_1_324' title='bbox 1537 2817 1618 2860; x_wconf 89' lang='lat' dir='ltr'><strong>est</strong></span> <span class='ocrx_word' id='word_1_325' title='bbox 1645 2806 1932 2873; x_wconf 86' lang='lat' dir='ltr'><strong>Blandina,</strong></span> <span class='ocrx_word' id='word_1_326' title='bbox 1952 2819 2010 2863; x_wconf 88' lang='lat' dir='ltr'><strong>ut</strong></span> 
     </span>
    </p>
   </div>
   <div class='ocr_carea' id='block_1_47' title="bbox 435 2892 2009 2969">
    <p class='ocr_par' dir='ltr' id='par_1_47' title="bbox 435 2892 2009 2969">
     <span class='ocr_line' id='line_1_47' title="bbox 435 2892 2009 2969; baseline 0.006 -23"><span class='ocrx_word' id='word_1_327' title='bbox 435 2900 670 2946; x_wconf 91' lang='lat' dir='ltr'><strong>tortores</strong></span> <span class='ocrx_word' id='word_1_328' title='bbox 692 2892 784 2960; x_wconf 89' lang='lat' dir='ltr'><strong>qui</strong></span> <span class='ocrx_word' id='word_1_329' title='bbox 812 2893 1048 2948; x_wconf 78' lang='lat' dir='ltr'><strong>invicem</strong></span> <span class='ocrx_word' id='word_1_330' title='bbox 1080 2895 1180 2949; x_wconf 87' lang='lat' dir='ltr'><strong>sibi</strong></span> <span class='ocrx_word' id='word_1_331' title='bbox 1241 2899 1596 2952; x_wconf 84' lang='lat' dir='ltr'><strong>succedentes</strong></span> <span class='ocrx_word' id='word_1_332' title='bbox 1622 2913 1650 2952; x_wconf 90' lang='lat' dir='ltr'><strong>a</strong></span> <span class='ocrx_word' id='word_1_333' title='bbox 1690 2900 1862 2969; x_wconf 89' lang='lat' dir='ltr'><strong>prima</strong></span> <span class='ocrx_word' id='word_1_334' title='bbox 1891 2900 2009 2955; x_wconf 91' lang='lat' dir='ltr'><strong>luce</strong></span> 
     </span>
    </p>
   </div>
   <div class='ocr_carea' id='block_1_48' title="bbox 437 2983 2007 3059">
    <p class='ocr_par' dir='ltr' id='par_1_48' title="bbox 437 2983 2007 3059">
     <span class='ocr_line' id='line_1_48' title="bbox 437 2983 2007 3059; baseline 0.005 -22"><span class='ocrx_word' id='word_1_335' title='bbox 437 2997 609 3052; x_wconf 89' lang='lat' dir='ltr'><strong>usque</strong></span> <span class='ocrx_word' id='word_1_336' title='bbox 638 2983 704 3036; x_wconf 86' lang='lat' dir='ltr'><strong>ad</strong></span> <span class='ocrx_word' id='word_1_337' title='bbox 738 2996 1016 3053; x_wconf 83' lang='lat' dir='ltr'><strong>vesperam</strong></span> <span class='ocrx_word' id='word_1_338' title='bbox 1047 2986 1194 3039; x_wconf 92' lang='lat' dir='ltr'><strong>omni</strong></span> <span class='ocrx_word' id='word_1_339' title='bbox 1227 2994 1618 3042; x_wconf 88' lang='lat' dir='ltr'><strong>tormentorum</strong></span> <span class='ocrx_word' id='word_1_340' title='bbox 1662 3005 1860 3059; x_wconf 85' lang='lat' dir='ltr'><strong>genere</strong></span> <span class='ocrx_word' id='word_1_341' title='bbox 1889 3007 2007 3046; x_wconf 83' lang='lat' dir='ltr'><strong>eam</strong></span> 
     </span>
    </p>
   </div>
   <div class='ocr_carea' id='block_1_49' title="bbox 435 3079 2009 3154">
    <p class='ocr_par' dir='ltr' id='par_1_49' title="bbox 435 3079 2009 3154">
     <span class='ocr_line' id='line_1_49' title="bbox 435 3079 2009 3154; baseline 0.005 -22"><span class='ocrx_word' id='word_1_342' title='bbox 435 3079 903 3144; x_wconf 70' lang='lat' dir='ltr'><strong>excruciat-erant,</strong></span> <span class='ocrx_word' id='word_1_343' title='bbox 940 3080 1174 3136; x_wconf 87' lang='lat' dir='ltr'><strong>resoluta</strong></span> <span class='ocrx_word' id='word_1_344' title='bbox 1209 3098 1497 3138; x_wconf 83' lang='lat' dir='ltr'><strong>nervorum</strong></span> <span class='ocrx_word' id='word_1_345' title='bbox 1527 3099 1787 3154; x_wconf 81' lang='lat' dir='ltr'><strong>compage</strong></span> <span class='ocrx_word' id='word_1_346' title='bbox 1809 3087 2009 3142; x_wconf 84' lang='lat' dir='ltr'><strong>deﬁce—</strong></span> 
     </span>
    </p>
   </div>
   <div class='ocr_carea' id='block_1_50' title="bbox 2109 1888 3703 1966">
    <p class='ocr_par' dir='ltr' id='par_1_50' title="bbox 2109 1888 3703 1966">
     <span class='ocr_line' id='line_1_50' title="bbox 2109 1888 3703 1966; baseline -0.004 -19"><span class='ocrx_word' id='word_1_347' title='bbox 2109 1895 2266 1966; x_wconf 81' lang='grc' dir='ltr'>δοχὰς</span> <span class='ocrx_word' id='word_1_348' title='bbox 2298 1893 2460 1946; x_wconf 77' lang='grc' dir='ltr'>παντὶ</span> <span class='ocrx_word' id='word_1_349' title='bbox 2487 1893 2673 1964; x_wconf 85' lang='grc' dir='ltr'>τρόπῳ</span> <span class='ocrx_word' id='word_1_350' title='bbox 2715 1891 3104 1962; x_wconf 78' lang='grc' dir='ltr'>βασανίζοντας</span> <span class='ocrx_word' id='word_1_351' title='bbox 3131 1889 3304 1961; x_wconf 79' lang='grc' dir='ltr'>αὐτὴν</span> <span class='ocrx_word' id='word_1_352' title='bbox 3333 1889 3441 1944; x_wconf 74' lang='grc' dir='ltr'><strong>ἀπὸ</strong></span> <span class='ocrx_word' id='word_1_353' title='bbox 3471 1888 3703 1959; x_wconf 77' lang='grc' dir='ltr'>ἑωθινῆς</span> 
     </span>
    </p>
   </div>
   <div class='ocr_carea' id='block_1_51' title="bbox 2110 1983 3700 2059">
    <p class='ocr_par' dir='ltr' id='par_1_51' title="bbox 2110 1983 3700 2059">
     <span class='ocr_line' id='line_1_51' title="bbox 2110 1983 3700 2059; baseline -0.004 -17"><span class='ocrx_word' id='word_1_354' title='bbox 2110 1991 2214 2053; x_wconf 78' lang='grc' dir='ltr'>ἓως</span> <span class='ocrx_word' id='word_1_355' title='bbox 2254 1989 2510 2059; x_wconf 74' lang='grc' dir='ltr'>ἑσπέρας,</span> <span class='ocrx_word' id='word_1_356' title='bbox 2547 1989 2640 2041; x_wconf 74' lang='grc' dir='ltr'>καὶ</span> <span class='ocrx_word' id='word_1_357' title='bbox 2679 1988 2878 2050; x_wconf 77' lang='grc' dir='ltr'>αὐτοὺς</span> <span class='ocrx_word' id='word_1_358' title='bbox 2907 1983 3308 2057; x_wconf 78' lang='grc' dir='ltr'>ὁμολογοῦντας</span> <span class='ocrx_word' id='word_1_359' title='bbox 3339 1986 3424 2038; x_wconf 82' lang='grc' dir='ltr'>ὅτι</span> <span class='ocrx_word' id='word_1_360' title='bbox 3451 1983 3700 2054; x_wconf 86' lang='grc' dir='ltr'>νενίκην-</span> 
     </span>
    </p>
   </div>
   <div class='ocr_carea' id='block_1_52' title="bbox 2108 2075 3702 2150">
    <p class='ocr_par' dir='ltr' id='par_1_52' title="bbox 2108 2075 3702 2150">
     <span class='ocr_line' id='line_1_52' title="bbox 2108 2075 3702 2150; baseline -0.003 -17"><span class='ocrx_word' id='word_1_361' title='bbox 2108 2098 2218 2143; x_wconf 90' lang='grc' dir='ltr'>ται,</span> <span class='ocrx_word' id='word_1_362' title='bbox 2264 2080 2429 2150; x_wconf 83' lang='grc' dir='ltr'>μηδὲν</span> <span class='ocrx_word' id='word_1_363' title='bbox 2475 2078 2691 2150; x_wconf 74' lang='grc' dir='ltr'>ἔχοντες</span> <span class='ocrx_word' id='word_1_364' title='bbox 2741 2078 2938 2150; x_wconf 78' lang='grc' dir='ltr'>μηκέτι</span> <span class='ocrx_word' id='word_1_365' title='bbox 2985 2077 3014 2130; x_wconf 82' lang='grc' dir='ltr'><strong>ὃ</strong></span> <span class='ocrx_word' id='word_1_366' title='bbox 3048 2079 3372 2148; x_wconf 75' lang='grc' dir='ltr'>ποιήσουσιν</span> <span class='ocrx_word' id='word_1_367' title='bbox 3411 2077 3572 2147; x_wconf 67' lang='grc' dir='ltr'>αὐτῇ,</span> <span class='ocrx_word' id='word_1_368' title='bbox 3604 2075 3702 2129; x_wconf 78' lang='grc' dir='ltr'>καὶ</span> 
     </span>
    </p>
   </div>
   <div class='ocr_carea' id='block_1_53' title="bbox 2112 2166 3701 2241">
    <p class='ocr_par' dir='ltr' id='par_1_53' title="bbox 2112 2166 3701 2241">
     <span class='ocr_line' id='line_1_53' title="bbox 2112 2166 3701 2241; baseline -0.003 -17"><span class='ocrx_word' id='word_1_369' title='bbox 2112 2168 2411 2241; x_wconf 79' lang='grc' dir='ltr'>θαυμάζειν</span> <span class='ocrx_word' id='word_1_370' title='bbox 2440 2169 2531 2222; x_wconf 68' lang='grc' dir='ltr'><strong>ἐπὶ</strong></span> <span class='ocrx_word' id='word_1_371' title='bbox 2568 2169 2644 2240; x_wconf 82' lang='grc' dir='ltr'><strong>τῷ</strong></span> <span class='ocrx_word' id='word_1_372' title='bbox 2677 2169 3014 2241; x_wconf 77' lang='grc' dir='ltr'>παραμένειν</span> <span class='ocrx_word' id='word_1_373' title='bbox 3046 2166 3291 2236; x_wconf 74' lang='grc' dir='ltr'>ἔμπνουν</span> <span class='ocrx_word' id='word_1_374' title='bbox 3330 2167 3523 2236; x_wconf 70' lang='grc' dir='ltr'>αὐτὴν,</span> <span class='ocrx_word' id='word_1_375' title='bbox 3558 2182 3701 2220; x_wconf 77' lang='grc' dir='ltr'>παν-</span> 
     </span>
    </p>
   </div>
   <div class='ocr_carea' id='block_1_54' title="bbox 2111 2258 3701 2334">
    <p class='ocr_par' dir='ltr' id='par_1_54' title="bbox 2111 2258 3701 2334">
     <span class='ocr_line' id='line_1_54' title="bbox 2111 2258 3701 2334; baseline -0.003 -19"><span class='ocrx_word' id='word_1_376' title='bbox 2111 2263 2201 2326; x_wconf 77' lang='grc' dir='ltr'><strong>τὸς</strong></span> <span class='ocrx_word' id='word_1_377' title='bbox 2223 2263 2315 2315; x_wconf 78' lang='grc' dir='ltr'>τοῦ</span> <span class='ocrx_word' id='word_1_378' title='bbox 2347 2260 2596 2331; x_wconf 85' lang='grc' dir='ltr'>σώματος</span> <span class='ocrx_word' id='word_1_379' title='bbox 2620 2261 3055 2334; x_wconf 79' lang='grc' dir='ltr'>περιερῤωγότος</span> <span class='ocrx_word' id='word_1_380' title='bbox 3073 2260 3182 2330; x_wconf 76' lang='lat'><strong>(93)</strong></span> <span class='ocrx_word' id='word_1_381' title='bbox 3202 2260 3299 2312; x_wconf 74' lang='grc' dir='ltr'>καὶ</span> <span class='ocrx_word' id='word_1_382' title='bbox 3321 2258 3701 2329; x_wconf 76' lang='grc' dir='ltr'>ἠνεῳγμένον,</span> 
     </span>
    </p>
   </div>
   <div class='ocr_carea' id='block_1_55' title="bbox 2112 2344 3704 2424">
    <p class='ocr_par' dir='ltr' id='par_1_55' title="bbox 2112 2344 3704 2424">
     <span class='ocr_line' id='line_1_55' title="bbox 2112 2344 3704 2424; baseline -0.003 -18"><span class='ocrx_word' id='word_1_383' title='bbox 2112 2355 2205 2406; x_wconf 72' lang='grc' dir='ltr'><strong>καὶ</strong></span> <span class='ocrx_word' id='word_1_384' title='bbox 2251 2355 2546 2424; x_wconf 85' lang='grc' dir='ltr'>μαρτυρεῖν</span> <span class='ocrx_word' id='word_1_385' title='bbox 2586 2353 2668 2406; x_wconf 84' lang='grc' dir='ltr'><strong>ὅτι</strong></span> <span class='ocrx_word' id='word_1_386' title='bbox 2708 2353 2767 2405; x_wconf 85' lang='grc' dir='ltr'>ἒν</span> <span class='ocrx_word' id='word_1_387' title='bbox 2803 2350 2940 2415; x_wconf 82' lang='grc' dir='ltr'>εἶδος</span> <span class='ocrx_word' id='word_1_388' title='bbox 2987 2349 3374 2422; x_wconf 77' lang='grc' dir='ltr'>στρεϐλώσεως</span> <span class='ocrx_word' id='word_1_389' title='bbox 3424 2348 3608 2403; x_wconf 67' lang='grc' dir='ltr'>ἱκανὸν</span> <span class='ocrx_word' id='word_1_390' title='bbox 3631 2344 3704 2420; x_wconf 81' lang='grc' dir='ltr'>ἦν</span> 
     </span>
    </p>
   </div>
   <div class='ocr_carea' id='block_1_56' title="bbox 2113 2440 3705 2516">
    <p class='ocr_par' dir='ltr' id='par_1_56' title="bbox 2113 2440 3705 2516">
     <span class='ocr_line' id='line_1_56' title="bbox 2113 2440 3705 2516; baseline -0.003 -19"><span class='ocrx_word' id='word_1_391' title='bbox 2113 2445 2246 2516; x_wconf 69' lang='grc' dir='ltr'>πρὸς</span> <span class='ocrx_word' id='word_1_392' title='bbox 2270 2445 2330 2496; x_wconf 82' lang='grc' dir='ltr'><strong>τὸ</strong></span> <span class='ocrx_word' id='word_1_393' title='bbox 2359 2444 2647 2513; x_wconf 80' lang='grc' dir='ltr'>ἐξαγαγεῖν</span> <span class='ocrx_word' id='word_1_394' title='bbox 2673 2445 2771 2515; x_wconf 77' lang='grc' dir='ltr'><strong>τὴν</strong></span> <span class='ocrx_word' id='word_1_395' title='bbox 2789 2443 2989 2514; x_wconf 71' lang='grc' dir='ltr'>ψυχὴν,</span> <span class='ocrx_word' id='word_1_396' title='bbox 3022 2443 3119 2512; x_wconf 75' lang='grc' dir='ltr'>οὐχ</span> <span class='ocrx_word' id='word_1_397' title='bbox 3139 2443 3222 2494; x_wconf 82' lang='grc' dir='ltr'>ὅτι</span> <span class='ocrx_word' id='word_1_398' title='bbox 3249 2458 3314 2510; x_wconf 91' lang='grc' dir='ltr'><strong>γε</strong></span> <span class='ocrx_word' id='word_1_399' title='bbox 3348 2440 3569 2494; x_wconf 74' lang='grc' dir='ltr'>τοιαῦτα</span> <span class='ocrx_word' id='word_1_400' title='bbox 3607 2440 3705 2494; x_wconf 76' lang='grc' dir='ltr'>καὶ</span> 
     </span>
    </p>
   </div>
   <div class='ocr_carea' id='block_1_57' title="bbox 2111 2530 3708 2604">
    <p class='ocr_par' dir='ltr' id='par_1_57' title="bbox 2111 2530 3708 2604">
     <span class='ocr_line' id='line_1_57' title="bbox 2111 2530 3708 2604; baseline -0.001 -18"><span class='ocrx_word' id='word_1_401' title='bbox 2111 2533 2363 2586; x_wconf 76' lang='grc' dir='ltr'>τοσαῦτα.</span> <span class='ocrx_word' id='word_1_402' title='bbox 2420 2533 2554 2586; x_wconf 82' lang='grc' dir='ltr'>Ἀλλ’</span> <span class='ocrx_word' id='word_1_403' title='bbox 2601 2535 2634 2602; x_wconf 83' lang='grc' dir='ltr'>ἡ</span> <span class='ocrx_word' id='word_1_404' title='bbox 2674 2534 2918 2604; x_wconf 87' lang='grc' dir='ltr'>μακαρία</span> <span class='ocrx_word' id='word_1_405' title='bbox 2943 2532 3016 2596; x_wconf 84' lang='grc' dir='ltr'>ὡς</span> <span class='ocrx_word' id='word_1_406' title='bbox 3044 2535 3290 2601; x_wconf 82' lang='grc' dir='ltr'>γενναῖος</span> <span class='ocrx_word' id='word_1_407' title='bbox 3325 2530 3566 2602; x_wconf 74' lang='grc' dir='ltr'>ἀθλητὴς</span> <span class='ocrx_word' id='word_1_408' title='bbox 3618 2533 3708 2585; x_wconf 66' lang='lat' dir='ltr'><strong>da-</strong></span> 
     </span>
    </p>
   </div>
   <div class='ocr_carea' id='block_1_58' title="bbox 2113 2621 3701 2698">
    <p class='ocr_par' dir='ltr' id='par_1_58' title="bbox 2113 2621 3701 2698">
     <span class='ocr_line' id='line_1_58' title="bbox 2113 2621 3701 2698; baseline -0.002 -19"><span class='ocrx_word' id='word_1_409' title='bbox 2113 2627 2329 2691; x_wconf 79' lang='grc' dir='ltr'>ενέαζεν</span> <span class='ocrx_word' id='word_1_410' title='bbox 2363 2630 2420 2680; x_wconf 85' lang='grc' dir='ltr'>ὲν</span> <span class='ocrx_word' id='word_1_411' title='bbox 2462 2630 2527 2698; x_wconf 83' lang='grc' dir='ltr'>τῇ</span> <span class='ocrx_word' id='word_1_412' title='bbox 2573 2626 2966 2697; x_wconf 76' lang='grc' dir='ltr'>ὁμολογίᾳ,καὶ</span> <span class='ocrx_word' id='word_1_413' title='bbox 2994 2621 3061 2696; x_wconf 77' lang='grc' dir='ltr'>ἦν</span> <span class='ocrx_word' id='word_1_414' title='bbox 3095 2624 3264 2694; x_wconf 73' lang='grc' dir='ltr'>αὐτῆς</span> <span class='ocrx_word' id='word_1_415' title='bbox 3305 2623 3574 2695; x_wconf 63' lang='grc' dir='ltr'>ἀνάληψις</span> <span class='ocrx_word' id='word_1_416' title='bbox 3605 2624 3701 2676; x_wconf 71' lang='grc' dir='ltr'>καὶ</span> 
     </span>
    </p>
   </div>
   <div class='ocr_carea' id='block_1_59' title="bbox 2112 2713 3707 2786">
    <p class='ocr_par' dir='ltr' id='par_1_59' title="bbox 2112 2713 3707 2786">
     <span class='ocr_line' id='line_1_59' title="bbox 2112 2713 3707 2786; baseline -0.004 -14"><span class='ocrx_word' id='word_1_417' title='bbox 2112 2717 2418 2778; x_wconf 71' lang='grc' dir='ltr'>ἀνάπαυσις</span> <span class='ocrx_word' id='word_1_418' title='bbox 2447 2718 2540 2771; x_wconf 74' lang='grc' dir='ltr'><strong>καὶ</strong></span> <span class='ocrx_word' id='word_1_419' title='bbox 2580 2715 2882 2786; x_wconf 84' lang='grc' dir='ltr'>ἀναλγησία</span> <span class='ocrx_word' id='word_1_420' title='bbox 2918 2715 3026 2768; x_wconf 84' lang='grc' dir='ltr'><strong>τῶν</strong></span> <span class='ocrx_word' id='word_1_421' title='bbox 3056 2714 3484 2785; x_wconf 81' lang='grc' dir='ltr'>συμϐαινόντων,</span> <span class='ocrx_word' id='word_1_422' title='bbox 3509 2715 3570 2768; x_wconf 75' lang='grc' dir='ltr'><strong>τὸ</strong></span> <span class='ocrx_word' id='word_1_423' title='bbox 3619 2713 3707 2766; x_wconf 81' lang='grc' dir='ltr'><strong>λέ-</strong></span> 
     </span>
    </p>
   </div>
   <div class='ocr_carea' id='block_1_60' title="bbox 2113 2804 3756 2882">
    <p class='ocr_par' dir='ltr' id='par_1_60' title="bbox 2113 2804 3756 2882">
     <span class='ocr_line' id='line_1_60' title="bbox 2113 2804 3756 2882; baseline -0.005 -18"><span class='ocrx_word' id='word_1_424' title='bbox 2113 2810 2838 2882; x_wconf 78' lang='grc' dir='ltr'>γειν,ὃτιιΧριστιανὴεἰμι’</span> <span class='ocrx_word' id='word_1_425' title='bbox 2892 2810 2986 2864; x_wconf 79' lang='grc' dir='ltr'>καὶ</span> <span class='ocrx_word' id='word_1_426' title='bbox 3026 2808 3307 2878; x_wconf 74' lang='grc' dir='ltr'>παρ’ἡμῖν</span> <span class='ocrx_word' id='word_1_427' title='bbox 3323 2806 3476 2859; x_wconf 74' lang='grc' dir='ltr'>οὐδὲν</span> <span class='ocrx_word' id='word_1_428' title='bbox 3500 2804 3704 2875; x_wconf 77' lang='grc' dir='ltr'>φαῦλον</span> <span class='ocrx_word' id='word_1_429' title='bbox 3748 2871 3756 2879; x_wconf 19' lang='grc' dir='ltr'><strong>ἱ</strong></span> 
     </span>
    </p>
   </div>
   <div class='ocr_carea' id='block_1_61' title="bbox 2117 2897 3703 2970">
    <p class='ocr_par' dir='ltr' id='par_1_61' title="bbox 2117 2897 3703 2970">
     <span class='ocr_line' id='line_1_61' title="bbox 2117 2897 3703 2970; baseline -0.004 -16"><span class='ocrx_word' id='word_1_430' title='bbox 2117 2903 2440 2970; x_wconf 75' lang='grc' dir='ltr'>γίνεται.ι“0</span> <span class='ocrx_word' id='word_1_431' title='bbox 2465 2902 2522 2954; x_wconf 83' lang='grc' dir='ltr'>δὲ</span> <span class='ocrx_word' id='word_1_432' title='bbox 2567 2901 2827 2968; x_wconf 81' lang='grc' dir='ltr'>Σάγκτος,</span> <span class='ocrx_word' id='word_1_433' title='bbox 2862 2899 2955 2953; x_wconf 64' lang='grc' dir='ltr'>καὶ</span> <span class='ocrx_word' id='word_1_434' title='bbox 2997 2899 3159 2962; x_wconf 68' lang='grc' dir='ltr'>αὐτὸς</span> <span class='ocrx_word' id='word_1_435' title='bbox 3209 2897 3703 2968; x_wconf 75' lang='grc' dir='ltr'>ύπερϐεϐλημένως</span> 
     </span>
    </p>
   </div>
   <div class='ocr_carea' id='block_1_62' title="bbox 2117 2987 3708 3065">
    <p class='ocr_par' dir='ltr' id='par_1_62' title="bbox 2117 2987 3708 3065">
     <span class='ocr_line' id='line_1_62' title="bbox 2117 2987 3708 3065; baseline -0.004 -17"><span class='ocrx_word' id='word_1_436' title='bbox 2117 2996 2211 3048; x_wconf 75' lang='grc' dir='ltr'>κα).</span> <span class='ocrx_word' id='word_1_437' title='bbox 2252 2995 2392 3065; x_wconf 83' lang='grc' dir='ltr'>ὑπὲρ</span> <span class='ocrx_word' id='word_1_438' title='bbox 2438 2993 2614 3046; x_wconf 87' lang='grc' dir='ltr'>πάντα</span> <span class='ocrx_word' id='word_1_439' title='bbox 2659 2992 2943 3062; x_wconf 79' lang='grc' dir='ltr'>ἄνθρωπον</span> <span class='ocrx_word' id='word_1_440' title='bbox 2974 2990 3151 3054; x_wconf 86' lang='grc' dir='ltr'>πάσας</span> <span class='ocrx_word' id='word_1_441' title='bbox 3193 2992 3290 3053; x_wconf 71' lang='grc' dir='ltr'><strong>τὰς</strong></span> <span class='ocrx_word' id='word_1_442' title='bbox 3309 2989 3368 3054; x_wconf 76' lang='grc' dir='ltr'>ἐξ</span> <span class='ocrx_word' id='word_1_443' title='bbox 3401 2987 3708 3054; x_wconf 73' lang='grc' dir='ltr'>ἀνθρώπων</span> 
     </span>
    </p>
   </div>
   <div class='ocr_carea' id='block_1_63' title="bbox 2123 3080 3709 3154">
    <p class='ocr_par' dir='ltr' id='par_1_63' title="bbox 2123 3080 3709 3154">
     <span class='ocr_line' id='line_1_63' title="bbox 2123 3080 3709 3154; baseline -0.002 -16"><span class='ocrx_word' id='word_1_444' title='bbox 2123 3087 2307 3151; x_wconf 86' lang='grc' dir='ltr'>αίκίας</span> <span class='ocrx_word' id='word_1_445' title='bbox 2359 3086 2621 3154; x_wconf 80' lang='grc' dir='ltr'>γενναίως</span> <span class='ocrx_word' id='word_1_446' title='bbox 2637 3084 2940 3154; x_wconf 78' lang='grc' dir='ltr'>ὑπομένων,</span> <span class='ocrx_word' id='word_1_447' title='bbox 2975 3083 3082 3136; x_wconf 81' lang='grc' dir='ltr'><strong>τῶν</strong></span> <span class='ocrx_word' id='word_1_448' title='bbox 3122 3083 3339 3152; x_wconf 73' lang='grc' dir='ltr'>ἀνόμων</span> <span class='ocrx_word' id='word_1_449' title='bbox 3376 3080 3709 3145; x_wconf 75' lang='grc' dir='ltr'>ἐλπιζόντων</span> 
     </span>
    </p>
   </div>
   <div class='ocr_carea' id='block_1_64' title="bbox 441 3171 2015 3246">
    <p class='ocr_par' dir='ltr' id='par_1_64' title="bbox 441 3171 2012 3240">
     <span class='ocr_line' id='line_1_64' title="bbox 441 3171 2012 3240; baseline 0.004 -16"><span class='ocrx_word' id='word_1_450' title='bbox 441 3180 596 3236; x_wconf 78' lang='lat' dir='ltr'><strong>rent;</strong></span> <span class='ocrx_word' id='word_1_451' title='bbox 635 3187 802 3240; x_wconf 84' lang='lat' dir='ltr'><strong>seque</strong></span> <span class='ocrx_word' id='word_1_452' title='bbox 841 3172 1014 3225; x_wconf 86' lang='lat' dir='ltr'><strong>victos</strong></span> <span class='ocrx_word' id='word_1_453' title='bbox 1039 3171 1302 3237; x_wconf 80' lang='lat' dir='ltr'><strong>confessi,</strong></span> <span class='ocrx_word' id='word_1_454' title='bbox 1362 3191 1483 3228; x_wconf 81' lang='lat' dir='ltr'><strong>cum</strong></span> <span class='ocrx_word' id='word_1_455' title='bbox 1517 3175 1721 3229; x_wconf 90' lang='lat' dir='ltr'><strong>nullum</strong></span> <span class='ocrx_word' id='word_1_456' title='bbox 1757 3179 2012 3232; x_wconf 85' lang='lat' dir='ltr'><strong>tormenti</strong></span> 
     </span>
    </p>
   </div>
   <div class='ocr_carea' id='block_1_65' title="bbox 2120 3171 3709 3246">
    <p class='ocr_par' dir='ltr' id='par_1_65' title="bbox 2120 3173 3709 3246">
     <span class='ocr_line' id='line_1_65' title="bbox 2120 3173 3709 3246; baseline 0.001 -17"><span class='ocrx_word' id='word_1_457' title='bbox 2120 3176 2206 3229; x_wconf 74' lang='grc' dir='ltr'><strong>διὰ</strong></span> <span class='ocrx_word' id='word_1_458' title='bbox 2253 3175 2349 3246; x_wconf 81' lang='grc' dir='ltr'>τὴν</span> <span class='ocrx_word' id='word_1_459' title='bbox 2395 3175 2660 3246; x_wconf 76' lang='grc' dir='ltr'>ἐπιμονὴν</span> <span class='ocrx_word' id='word_1_460' title='bbox 2711 3174 2821 3244; x_wconf 62' lang='grc'><strong>(94)</strong></span> <span class='ocrx_word' id='word_1_461' title='bbox 2849 3174 3025 3229; x_wconf 77' lang='grc' dir='ltr'>καὶτὸ</span> <span class='ocrx_word' id='word_1_462' title='bbox 3057 3174 3286 3244; x_wconf 81' lang='grc' dir='ltr'>μέγεθος</span> <span class='ocrx_word' id='word_1_463' title='bbox 3315 3174 3424 3227; x_wconf 86' lang='grc' dir='ltr'><strong>τῶν</strong></span> <span class='ocrx_word' id='word_1_464' title='bbox 3458 3173 3709 3244; x_wconf 77' lang='grc' dir='ltr'>βασάνων</span> 
     </span>
    </p>
   </div>
   <div class='ocr_carea' id='block_1_66' title="bbox 439 3262 2014 3333">
    <p class='ocr_par' dir='ltr' id='par_1_66' title="bbox 439 3262 2014 3333">
     <span class='ocr_line' id='line_1_66' title="bbox 439 3262 2014 3333; baseline 0.001 -16"><span class='ocrx_word' id='word_1_465' title='bbox 439 3278 610 3332; x_wconf 82' lang='lat' dir='ltr'><strong>genus</strong></span> <span class='ocrx_word' id='word_1_466' title='bbox 633 3263 774 3330; x_wconf 89' lang='lat' dir='ltr'><strong>quod</strong></span> <span class='ocrx_word' id='word_1_467' title='bbox 827 3263 926 3331; x_wconf 90' lang='lat' dir='ltr'><strong>ipsi</strong></span> <span class='ocrx_word' id='word_1_468' title='bbox 961 3262 1145 3316; x_wconf 80' lang='lat' dir='ltr'><strong>inferri</strong></span> <span class='ocrx_word' id='word_1_469' title='bbox 1179 3275 1382 3332; x_wconf 77' lang='lat' dir='ltr'><strong>posset,</strong></span> <span class='ocrx_word' id='word_1_470' title='bbox 1436 3265 1702 3333; x_wconf 90' lang='lat' dir='ltr'><strong>reliquum</strong></span> <span class='ocrx_word' id='word_1_471' title='bbox 1732 3266 2014 3330; x_wconf 85' lang='lat' dir='ltr'><strong>haberent,</strong></span> 
     </span>
    </p>
   </div>
   <div class='ocr_carea' id='block_1_67' title="bbox 441 3355 2010 3425">
    <p class='ocr_par' dir='ltr' id='par_1_67' title="bbox 441 3355 2010 3425">
     <span class='ocr_line' id='line_1_67' title="bbox 441 3355 2010 3425; baseline 0.001 -15"><span class='ocrx_word' id='word_1_472' title='bbox 441 3355 771 3410; x_wconf 85' lang='lat' dir='ltr'><strong>mirarentur</strong></span> <span class='ocrx_word' id='word_1_473' title='bbox 815 3356 989 3409; x_wconf 88' lang='lat' dir='ltr'><strong>adlmc</strong></span> <span class='ocrx_word' id='word_1_474' title='bbox 1021 3355 1162 3409; x_wconf 88' lang='lat' dir='ltr'><strong>illam</strong></span> <span class='ocrx_word' id='word_1_475' title='bbox 1204 3357 1454 3425; x_wconf 85' lang='lat' dir='ltr'><strong>spiritum</strong></span> <span class='ocrx_word' id='word_1_476' title='bbox 1489 3358 1708 3420; x_wconf 85' lang='lat' dir='ltr'><strong>ducere,</strong></span> <span class='ocrx_word' id='word_1_477' title='bbox 1747 3366 1857 3412; x_wconf 83' lang='lat' dir='ltr'><strong>toto</strong></span> <span class='ocrx_word' id='word_1_478' title='bbox 1889 3373 2010 3412; x_wconf 86' lang='lat' dir='ltr'><strong>cor-</strong></span> 
     </span>
    </p>
   </div>
   <div class='ocr_carea' id='block_1_68' title="bbox 443 3444 2023 3516">
    <p class='ocr_par' dir='ltr' id='par_1_68' title="bbox 443 3444 2023 3516">
     <span class='ocr_line' id='line_1_68' title="bbox 443 3444 2023 3516; baseline 0.001 -16"><span class='ocrx_word' id='word_1_479' title='bbox 443 3459 575 3516; x_wconf 87' lang='lat' dir='ltr'><strong>pore</strong></span> <span class='ocrx_word' id='word_1_480' title='bbox 616 3445 854 3499; x_wconf 88' lang='lat' dir='ltr'><strong>lacerato</strong></span> <span class='ocrx_word' id='word_1_481' title='bbox 887 3455 1053 3514; x_wconf 86' lang='lat' dir='ltr'><strong>atque</strong></span> <span class='ocrx_word' id='word_1_482' title='bbox 1093 3444 1372 3515; x_wconf 87' lang='lat' dir='ltr'><strong>perfosso;</strong></span> <span class='ocrx_word' id='word_1_483' title='bbox 1429 3457 1868 3516; x_wconf 88' lang='lat' dir='ltr'><strong>testarenturque</strong></span> <span class='ocrx_word' id='word_1_484' title='bbox 1900 3448 2023 3503; x_wconf 85' lang='lat' dir='ltr'><strong>uni-</strong></span> 
     </span>
    </p>
   </div>
   <div class='ocr_carea' id='block_1_69' title="bbox 442 3541 2018 3610">
    <p class='ocr_par' dir='ltr' id='par_1_69' title="bbox 442 3541 2018 3610">
     <span class='ocr_line' id='line_1_69' title="bbox 442 3541 2018 3610; baseline 0 -14"><span class='ocrx_word' id='word_1_485' title='bbox 442 3556 569 3596; x_wconf 86' lang='lat' dir='ltr'><strong>cum</strong></span> <span class='ocrx_word' id='word_1_486' title='bbox 605 3541 858 3594; x_wconf 88' lang='lat' dir='ltr'><strong>tormenti</strong></span> <span class='ocrx_word' id='word_1_487' title='bbox 885 3555 1053 3610; x_wconf 87' lang='lat' dir='ltr'><strong>genus</strong></span> <span class='ocrx_word' id='word_1_488' title='bbox 1079 3541 1146 3594; x_wconf 88' lang='lat' dir='ltr'><strong>ad</strong></span> <span class='ocrx_word' id='word_1_489' title='bbox 1173 3541 1322 3594; x_wconf 88' lang='lat' dir='ltr'><strong>illam</strong></span> <span class='ocrx_word' id='word_1_490' title='bbox 1355 3543 1687 3596; x_wconf 89' lang='lat' dir='ltr'><strong>enecandam</strong></span> <span class='ocrx_word' id='word_1_491' title='bbox 1715 3541 2018 3606; x_wconf 73' lang='lat' dir='ltr'><strong>suffecisse,</strong></span> 
     </span>
    </p>
   </div>
   <div class='ocr_carea' id='block_1_70' title="bbox 446 3629 2024 3696">
    <p class='ocr_par' dir='ltr' id='par_1_70' title="bbox 446 3629 2024 3696">
     <span class='ocr_line' id='line_1_70' title="bbox 446 3629 2024 3696; baseline 0.001 -12"><span class='ocrx_word' id='word_1_492' title='bbox 446 3630 644 3685; x_wconf 83' lang='lat' dir='ltr'><strong>nedum</strong></span> <span class='ocrx_word' id='word_1_493' title='bbox 675 3639 752 3684; x_wconf 92' lang='lat' dir='ltr'><strong>tot</strong></span> <span class='ocrx_word' id='word_1_494' title='bbox 774 3645 836 3683; x_wconf 90' lang='lat' dir='ltr'><strong>ac</strong></span> <span class='ocrx_word' id='word_1_495' title='bbox 863 3638 1009 3684; x_wconf 88' lang='lat' dir='ltr'><strong>tanta</strong></span> <span class='ocrx_word' id='word_1_496' title='bbox 1045 3639 1332 3684; x_wconf 90' lang='lat' dir='ltr'><strong>tormenta.</strong></span> <span class='ocrx_word' id='word_1_497' title='bbox 1399 3629 1592 3685; x_wconf 79' lang='lat' dir='ltr'><strong>Verum</strong></span> <span class='ocrx_word' id='word_1_498' title='bbox 1619 3633 1777 3686; x_wconf 87' lang='lat' dir='ltr'><strong>beata</strong></span> <span class='ocrx_word' id='word_1_499' title='bbox 1805 3632 1912 3696; x_wconf 88' lang='lat' dir='ltr'><strong>illa,</strong></span> <span class='ocrx_word' id='word_1_500' title='bbox 1943 3631 2024 3685; x_wconf 88' lang='lat' dir='ltr'><strong>in-</strong></span> 
     </span>
    </p>
   </div>
   <div class='ocr_carea' id='block_1_71' title="bbox 445 3721 2025 3792">
    <p class='ocr_par' dir='ltr' id='par_1_71' title="bbox 445 3721 2025 3792">
     <span class='ocr_line' id='line_1_71' title="bbox 445 3721 2025 3792; baseline 0.002 -17"><span class='ocrx_word' id='word_1_501' title='bbox 445 3729 558 3776; x_wconf 82' lang='lat' dir='ltr'><strong>star</strong></span> <span class='ocrx_word' id='word_1_502' title='bbox 587 3721 832 3790; x_wconf 85' lang='lat' dir='ltr'><strong>generosi</strong></span> <span class='ocrx_word' id='word_1_503' title='bbox 857 3723 1140 3792; x_wconf 80' lang='lat' dir='ltr'><strong>cuiusdam</strong></span> <span class='ocrx_word' id='word_1_504' title='bbox 1175 3721 1414 3786; x_wconf 59' lang='lat' dir='ltr'><strong>athleta},</strong></span> <span class='ocrx_word' id='word_1_505' title='bbox 1440 3723 1495 3775; x_wconf 92' lang='lat' dir='ltr'><strong>in</strong></span> <span class='ocrx_word' id='word_1_506' title='bbox 1529 3723 1644 3792; x_wconf 89' lang='lat' dir='ltr'><strong>ipsa</strong></span> <span class='ocrx_word' id='word_1_507' title='bbox 1681 3723 2025 3778; x_wconf 88' lang='lat' dir='ltr'><strong>confessione</strong></span> 
     </span>
    </p>
   </div>
   <div class='ocr_carea' id='block_1_72' title="bbox 448 3812 2026 3882">
    <p class='ocr_par' dir='ltr' id='par_1_72' title="bbox 448 3812 2026 3882">
     <span class='ocr_line' id='line_1_72' title="bbox 448 3812 2026 3882; baseline 0.003 -18"><span class='ocrx_word' id='word_1_508' title='bbox 448 3812 591 3865; x_wconf 85' lang='lat' dir='ltr'><strong>vires</strong></span> <span class='ocrx_word' id='word_1_509' title='bbox 624 3823 787 3880; x_wconf 86' lang='lat' dir='ltr'><strong>atque</strong></span> <span class='ocrx_word' id='word_1_510' title='bbox 811 3814 1022 3868; x_wconf 89' lang='lat' dir='ltr'><strong>animos</strong></span> <span class='ocrx_word' id='word_1_511' title='bbox 1049 3818 1379 3868; x_wconf 87' lang='lat' dir='ltr'><strong>resumebat.</strong></span> <span class='ocrx_word' id='word_1_512' title='bbox 1411 3814 1646 3882; x_wconf 86' lang='lat' dir='ltr'><strong>Eratque</strong></span> <span class='ocrx_word' id='word_1_513' title='bbox 1699 3814 1749 3868; x_wconf 88' lang='lat' dir='ltr'><strong>ei</strong></span> <span class='ocrx_word' id='word_1_514' title='bbox 1804 3814 2026 3869; x_wconf 86' lang='lat' dir='ltr'><strong>refectio</strong></span> 
     </span>
    </p>
   </div>
   <div class='ocr_carea' id='block_1_73' title="bbox 451 3893 2027 3973">
    <p class='ocr_par' dir='ltr' id='par_1_73' title="bbox 451 3893 2027 3973">
     <span class='ocr_line' id='line_1_73' title="bbox 451 3893 2027 3973; baseline 0.004 -19"><span class='ocrx_word' id='word_1_515' title='bbox 451 3912 502 3955; x_wconf 80' lang='grc' dir='ltr'><strong>ιιι</strong></span> <span class='ocrx_word' id='word_1_516' title='bbox 525 3904 702 3970; x_wconf 87' lang='lat' dir='ltr'><strong>quies.</strong></span> <span class='ocrx_word' id='word_1_517' title='bbox 749 3893 1082 3973; x_wconf 87' lang='lat' dir='ltr'><strong>sensumque</strong></span> <span class='ocrx_word' id='word_1_518' title='bbox 1110 3920 1326 3959; x_wconf 86' lang='lat' dir='ltr'><strong>omnem</strong></span> <span class='ocrx_word' id='word_1_519' title='bbox 1365 3908 1655 3973; x_wconf 70' lang='lat' dir='ltr'><strong>prmsentis</strong></span> <span class='ocrx_word' id='word_1_520' title='bbox 1684 3906 1884 3961; x_wconf 89' lang='lat' dir='ltr'><strong>doloris</strong></span> <span class='ocrx_word' id='word_1_521' title='bbox 1914 3907 2027 3960; x_wconf 90' lang='lat' dir='ltr'><strong>adi-</strong></span> 
     </span>
    </p>
   </div>
   <div class='ocr_carea' id='block_1_74' title="bbox 451 3992 2030 4063">
    <p class='ocr_par' dir='ltr' id='par_1_74' title="bbox 451 3992 2030 4063">
     <span class='ocr_line' id='line_1_74' title="bbox 451 3992 2030 4063; baseline 0.003 -18"><span class='ocrx_word' id='word_1_522' title='bbox 451 3992 630 4047; x_wconf 87' lang='lat' dir='ltr'><strong>mebat</strong></span> <span class='ocrx_word' id='word_1_523' title='bbox 658 3994 888 4062; x_wconf 85' lang='lat' dir='ltr'><strong>prolatio</strong></span> <span class='ocrx_word' id='word_1_524' title='bbox 907 3997 1098 4048; x_wconf 89' lang='lat' dir='ltr'><strong>horum</strong></span> <span class='ocrx_word' id='word_1_525' title='bbox 1128 3998 1416 4049; x_wconf 86' lang='lat' dir='ltr'><strong>verborum</strong></span> <span class='ocrx_word' id='word_1_526' title='bbox 1447 3996 1822 4051; x_wconf 53' lang='lat' dir='ltr'><strong>“Christiana</strong></span> <span class='ocrx_word' id='word_1_527' title='bbox 1887 4012 2030 4063; x_wconf 89' lang='lat' dir='ltr'><strong>sum,</strong></span> 
     </span>
    </p>
   </div>
   <div class='ocr_carea' id='block_1_75' title="bbox 449 4085 2024 4155">
    <p class='ocr_par' dir='ltr' id='par_1_75' title="bbox 449 4085 2024 4155">
     <span class='ocr_line' id='line_1_75' title="bbox 449 4085 2024 4155; baseline 0 -17"><span class='ocrx_word' id='word_1_528' title='bbox 449 4093 504 4138; x_wconf 88' lang='lat' dir='ltr'><strong>et</strong></span> <span class='ocrx_word' id='word_1_529' title='bbox 542 4085 674 4138; x_wconf 86' lang='lat' dir='ltr'><strong>nihil</strong></span> <span class='ocrx_word' id='word_1_530' title='bbox 715 4087 854 4154; x_wconf 89' lang='lat' dir='ltr'><strong>apud</strong></span> <span class='ocrx_word' id='word_1_531' title='bbox 898 4101 997 4140; x_wconf 92' lang='lat' dir='ltr'><strong>nos</strong></span> <span class='ocrx_word' id='word_1_532' title='bbox 1030 4086 1158 4139; x_wconf 87' lang='lat' dir='ltr'><strong>mali</strong></span> <span class='ocrx_word' id='word_1_533' title='bbox 1187 4087 1697 4155; x_wconf 67' lang='lat' dir='ltr'><strong>geriturJSanctus</strong></span> <span class='ocrx_word' id='word_1_534' title='bbox 1726 4101 1874 4153; x_wconf 85' lang='lat' dir='ltr'><strong>vero,</strong></span> <span class='ocrx_word' id='word_1_535' title='bbox 1903 4103 2024 4140; x_wconf 89' lang='lat' dir='ltr'><strong>cum</strong></span> 
     </span>
    </p>
   </div>
   <div class='ocr_carea' id='block_1_76' title="bbox 448 4155 2030 4247">
    <p class='ocr_par' dir='ltr' id='par_1_76' title="bbox 448 4155 2030 4247">
     <span class='ocr_line' id='line_1_76' title="bbox 448 4155 2030 4247; baseline 0.003 -18"><span class='ocrx_word' id='word_1_536' title='bbox 448 4185 502 4230; x_wconf 82' lang='lat' dir='ltr'><strong>et</strong></span> <span class='ocrx_word' id='word_1_537' title='bbox 537 4177 653 4244; x_wconf 86' lang='lat' dir='ltr'><strong>ipse</strong></span> <span class='ocrx_word' id='word_1_538' title='bbox 692 4193 853 4244; x_wconf 86' lang='lat' dir='ltr'><strong>supra</strong></span> <span class='ocrx_word' id='word_1_539' title='bbox 890 4155 1186 4231; x_wconf 74' lang='lat' dir='ltr'><strong>humanum</strong></span> <span class='ocrx_word' id='word_1_540' title='bbox 1222 4179 1436 4232; x_wconf 90' lang='lat' dir='ltr'><strong>modum</strong></span> <span class='ocrx_word' id='word_1_541' title='bbox 1468 4189 1662 4232; x_wconf 86' lang='lat' dir='ltr'><strong>cuncta</strong></span> <span class='ocrx_word' id='word_1_542' title='bbox 1686 4195 1805 4247; x_wconf 65' lang='lat' dir='ltr'><strong>quae</strong></span> <span class='ocrx_word' id='word_1_543' title='bbox 1834 4182 1901 4233; x_wconf 87' lang='lat' dir='ltr'><strong>ab</strong></span> <span class='ocrx_word' id='word_1_544' title='bbox 1932 4181 2030 4235; x_wconf 88' lang='lat' dir='ltr'><strong>ho-</strong></span> 
     </span>
    </p>
   </div>
   <div class='ocr_carea' id='block_1_77' title="bbox 455 4269 2031 4341">
    <p class='ocr_par' dir='ltr' id='par_1_77' title="bbox 455 4269 2031 4341">
     <span class='ocr_line' id='line_1_77' title="bbox 455 4269 2031 4341; baseline 0.003 -17"><span class='ocrx_word' id='word_1_545' title='bbox 455 4269 691 4325; x_wconf 89' lang='lat' dir='ltr'><strong>minibus</strong></span> <span class='ocrx_word' id='word_1_546' title='bbox 723 4272 1018 4339; x_wconf 78' lang='lat' dir='ltr'><strong>excogitari</strong></span> <span class='ocrx_word' id='word_1_547' title='bbox 1049 4280 1300 4341; x_wconf 88' lang='lat' dir='ltr'><strong>poterant</strong></span> <span class='ocrx_word' id='word_1_548' title='bbox 1325 4282 1591 4326; x_wconf 87' lang='lat' dir='ltr'><strong>tormenta</strong></span> <span class='ocrx_word' id='word_1_549' title='bbox 1627 4271 1843 4328; x_wconf 90' lang='lat' dir='ltr'><strong>fortiter</strong></span> <span class='ocrx_word' id='word_1_550' title='bbox 1865 4276 2031 4328; x_wconf 80' lang='lat' dir='ltr'><strong>susti—</strong></span> 
     </span>
    </p>
   </div>
   <div class='ocr_carea' id='block_1_78' title="bbox 455 4361 2028 4431">
    <p class='ocr_par' dir='ltr' id='par_1_78' title="bbox 455 4361 2028 4431">
     <span class='ocr_line' id='line_1_78' title="bbox 455 4361 2028 4431; baseline 0.002 -16"><span class='ocrx_word' id='word_1_551' title='bbox 455 4371 629 4425; x_wconf 89' lang='lat' dir='ltr'><strong>nerct,</strong></span> <span class='ocrx_word' id='word_1_552' title='bbox 663 4362 1013 4428; x_wconf 86' lang='lat' dir='ltr'><strong>sperantibus</strong></span> <span class='ocrx_word' id='word_1_553' title='bbox 1039 4363 1149 4431; x_wconf 83' lang='lat' dir='ltr'><strong>jam</strong></span> <span class='ocrx_word' id='word_1_554' title='bbox 1182 4363 1360 4430; x_wconf 86' lang='lat' dir='ltr'><strong>impiis</strong></span> <span class='ocrx_word' id='word_1_555' title='bbox 1394 4361 1599 4431; x_wconf 88' lang='lat' dir='ltr'><strong>aliquid</strong></span> <span class='ocrx_word' id='word_1_556' title='bbox 1631 4377 1690 4416; x_wconf 86' lang='lat' dir='ltr'><strong>se</strong></span> <span class='ocrx_word' id='word_1_557' title='bbox 1719 4362 2028 4419; x_wconf 89' lang='lat' dir='ltr'><strong>indecorum</strong></span> 
     </span>
    </p>
   </div>
   <div class='ocr_carea' id='block_1_79' title="bbox 455 4452 2028 4524">
    <p class='ocr_par' dir='ltr' id='par_1_79' title="bbox 455 4452 2028 4524">
     <span class='ocr_line' id='line_1_79' title="bbox 455 4452 2028 4524; baseline 0.002 -16"><span class='ocrx_word' id='word_1_558' title='bbox 455 4462 616 4523; x_wconf 87' lang='lat' dir='ltr'><strong>atque</strong></span> <span class='ocrx_word' id='word_1_559' title='bbox 647 4452 809 4524; x_wconf 78' lang='lat'><strong>158</strong></span> <span class='ocrx_word' id='word_1_560' title='bbox 859 4454 1100 4509; x_wconf 91' lang='lat' dir='ltr'><strong>illicitum</strong></span> <span class='ocrx_word' id='word_1_561' title='bbox 1131 4470 1196 4509; x_wconf 78' lang='lat' dir='ltr'><strong>ex</strong></span> <span class='ocrx_word' id='word_1_562' title='bbox 1228 4469 1293 4509; x_wconf 90' lang='lat' dir='ltr'><strong>eo</strong></span> <span class='ocrx_word' id='word_1_563' title='bbox 1327 4454 1638 4522; x_wconf 72' lang='lat' dir='ltr'><strong>audituros,</strong></span> <span class='ocrx_word' id='word_1_564' title='bbox 1685 4456 1753 4510; x_wconf 90' lang='lat' dir='ltr'><strong>ob</strong></span> <span class='ocrx_word' id='word_1_565' title='bbox 1808 4456 2028 4511; x_wconf 87' lang='lat' dir='ltr'><strong>nimiam</strong></span> 
     </span>
    </p>
   </div>
   <div class='ocr_carea' id='block_1_80' title="bbox 526 4543 902 4603">
    <p class='ocr_par' dir='ltr' id='par_1_80' title="bbox 526 4543 902 4603">
     <span class='ocr_line' id='line_1_80' title="bbox 526 4543 902 4603; baseline 0.008 -3"><span class='ocrx_word' id='word_1_566' title='bbox 526 4545 573 4580; x_wconf 74' lang='lat'><strong>“</strong></span> <span class='ocrx_word' id='word_1_567' title='bbox 603 4543 757 4602; x_wconf 79' lang='lat' dir='ltr'><strong>Joan.</strong></span> <span class='ocrx_word' id='word_1_568' title='bbox 792 4563 902 4603; x_wconf 76' lang='lat' dir='ltr'><strong>xvi.</strong></span> 
     </span>
    </p>
   </div>
   <div class='ocr_carea' id='block_1_81' title="bbox 2121 3262 3708 3337">
    <p class='ocr_par' dir='ltr' id='par_1_81' title="bbox 2121 3262 3708 3337">
     <span class='ocr_line' id='line_1_81' title="bbox 2121 3262 3708 3337; baseline -0.001 -17"><span class='ocrx_word' id='word_1_569' title='bbox 2121 3266 2448 3320; x_wconf 83' lang='grc' dir='ltr'>ἀκούσεσθαί</span> <span class='ocrx_word' id='word_1_570' title='bbox 2489 3284 2542 3318; x_wconf 92' lang='grc' dir='ltr'><strong>τι</strong></span> <span class='ocrx_word' id='word_1_571' title='bbox 2571 3265 2704 3336; x_wconf 80' lang='grc' dir='ltr'>παρ’</span> <span class='ocrx_word' id='word_1_572' title='bbox 2744 3264 2906 3318; x_wconf 80' lang='grc' dir='ltr'><strong>αύτοῦ</strong></span> <span class='ocrx_word' id='word_1_573' title='bbox 2941 3264 3049 3318; x_wconf 85' lang='grc' dir='ltr'><strong>τῶν</strong></span> <span class='ocrx_word' id='word_1_574' title='bbox 3087 3265 3161 3337; x_wconf 83' lang='grc' dir='ltr'>μὴ</span> <span class='ocrx_word' id='word_1_575' title='bbox 3193 3265 3443 3325; x_wconf 85' lang='grc' dir='ltr'>δεόντων.</span> <span class='ocrx_word' id='word_1_576' title='bbox 3467 3262 3708 3336; x_wconf 66' lang='grc' dir='ltr'>τοσαύτῃ</span> 
     </span>
    </p>
   </div>
   <div class='ocr_carea' id='block_1_82' title="bbox 2123 3355 3710 3428">
    <p class='ocr_par' dir='ltr' id='par_1_82' title="bbox 2123 3355 3710 3428">
     <span class='ocr_line' id='line_1_82' title="bbox 2123 3355 3710 3428; baseline -0.003 -17"><span class='ocrx_word' id='word_1_577' title='bbox 2123 3358 2413 3411; x_wconf 76' lang='grc' dir='ltr'>ὑποστάσει</span> <span class='ocrx_word' id='word_1_578' title='bbox 2441 3356 2906 3428; x_wconf 81' lang='grc' dir='ltr'>ἁντιπαρετάξατο</span> <span class='ocrx_word' id='word_1_579' title='bbox 2925 3357 3128 3420; x_wconf 82' lang='grc' dir='ltr'>αὐτοῖς,</span> <span class='ocrx_word' id='word_1_580' title='bbox 3156 3357 3296 3410; x_wconf 79' lang='grc' dir='ltr'>ὥστε</span> <span class='ocrx_word' id='word_1_581' title='bbox 3331 3357 3464 3428; x_wconf 79' lang='grc' dir='ltr'>μηδὲ</span> <span class='ocrx_word' id='word_1_582' title='bbox 3494 3357 3555 3410; x_wconf 77' lang='grc' dir='ltr'>τὸ</span> <span class='ocrx_word' id='word_1_583' title='bbox 3575 3355 3710 3410; x_wconf 75' lang='grc' dir='ltr'>ἴδιον</span> 
     </span>
    </p>
   </div>
   <div class='ocr_carea' id='block_1_83' title="bbox 2123 3443 3708 3518">
    <p class='ocr_par' dir='ltr' id='par_1_83' title="bbox 2123 3443 3708 3518">
     <span class='ocr_line' id='line_1_83' title="bbox 2123 3443 3708 3518; baseline -0.001 -18"><span class='ocrx_word' id='word_1_584' title='bbox 2123 3451 2400 3500; x_wconf 82' lang='grc' dir='ltr'>κατειπεῖν</span> <span class='ocrx_word' id='word_1_585' title='bbox 2434 3447 2622 3517; x_wconf 76' lang='grc' dir='ltr'>ὄνομα,</span> <span class='ocrx_word' id='word_1_586' title='bbox 2673 3448 2807 3516; x_wconf 86' lang='grc' dir='ltr'>μήτε</span> <span class='ocrx_word' id='word_1_587' title='bbox 2837 3445 3040 3510; x_wconf 77' lang='grc' dir='ltr'>ἔθνους,</span> <span class='ocrx_word' id='word_1_588' title='bbox 3073 3449 3206 3518; x_wconf 82' lang='grc' dir='ltr'>μήτε</span> <span class='ocrx_word' id='word_1_589' title='bbox 3238 3447 3443 3510; x_wconf 85' lang='grc' dir='ltr'>πόλεως</span> <span class='ocrx_word' id='word_1_590' title='bbox 3475 3449 3596 3500; x_wconf 79' lang='grc' dir='ltr'>ὅθεν</span> <span class='ocrx_word' id='word_1_591' title='bbox 3619 3443 3708 3518; x_wconf 78' lang='grc' dir='ltr'>ἦν,</span> 
     </span>
    </p>
   </div>
   <div class='ocr_carea' id='block_1_84' title="bbox 2128 3537 3712 3612">
    <p class='ocr_par' dir='ltr' id='par_1_84' title="bbox 2128 3537 3712 3612">
     <span class='ocr_line' id='line_1_84' title="bbox 2128 3537 3712 3612; baseline -0.001 -19"><span class='ocrx_word' id='word_1_592' title='bbox 2128 3542 2261 3612; x_wconf 79' lang='grc' dir='ltr'>μήτε</span> <span class='ocrx_word' id='word_1_593' title='bbox 2287 3542 2334 3593; x_wconf 78' lang='grc' dir='ltr'><strong>εἰ</strong></span> <span class='ocrx_word' id='word_1_594' title='bbox 2354 3540 2536 3602; x_wconf 80' lang='grc' dir='ltr'>δοῦλος</span> <span class='ocrx_word' id='word_1_595' title='bbox 2563 3539 2594 3609; x_wconf 83' lang='grc' dir='ltr'>ἢ</span> <span class='ocrx_word' id='word_1_596' title='bbox 2626 3537 2907 3609; x_wconf 78' lang='grc' dir='ltr'>ἐλεύθερος</span> <span class='ocrx_word' id='word_1_597' title='bbox 2945 3537 3054 3608; x_wconf 77' lang='grc' dir='ltr'>εἴη,</span> <span class='ocrx_word' id='word_1_598' title='bbox 3084 3537 3219 3591; x_wconf 75' lang='grc' dir='ltr'>ἀλλὰ</span> <span class='ocrx_word' id='word_1_599' title='bbox 3258 3538 3394 3610; x_wconf 77' lang='grc' dir='ltr'>πρὸς</span> <span class='ocrx_word' id='word_1_600' title='bbox 3434 3538 3612 3592; x_wconf 88' lang='grc' dir='ltr'>πάντα</span> <span class='ocrx_word' id='word_1_601' title='bbox 3641 3539 3712 3591; x_wconf 78' lang='grc' dir='ltr'>τὰ</span> 
     </span>
    </p>
   </div>
   <div class='ocr_carea' id='block_1_85' title="bbox 2123 3630 3712 3704">
    <p class='ocr_par' dir='ltr' id='par_1_85' title="bbox 2123 3630 3712 3704">
     <span class='ocr_line' id='line_1_85' title="bbox 2123 3630 3712 3704; baseline -0.002 -18"><span class='ocrx_word' id='word_1_602' title='bbox 2123 3635 2522 3704; x_wconf 81' lang='grc' dir='ltr'>ὲπερωτώμενα</span> <span class='ocrx_word' id='word_1_603' title='bbox 2545 3630 2873 3700; x_wconf 76' lang='grc' dir='ltr'>ἁπεκρίνατο</span> <span class='ocrx_word' id='word_1_604' title='bbox 2893 3633 2958 3701; x_wconf 82' lang='grc' dir='ltr'>τῇ</span> <span class='ocrx_word' id='word_1_605' title='bbox 2991 3631 3270 3702; x_wconf 83' lang='grc' dir='ltr'>Ῥωμαϊκῇ</span> <span class='ocrx_word' id='word_1_606' title='bbox 3307 3634 3476 3702; x_wconf 73' lang='grc' dir='ltr'>φωνῇ·</span> <span class='ocrx_word' id='word_1_607' title='bbox 3519 3649 3538 3681; x_wconf 77' lang='grc' dir='ltr'><strong>ι</strong></span> <span class='ocrx_word' id='word_1_608' title='bbox 3576 3632 3712 3702; x_wconf 83' lang='grc' dir='ltr'>Χρι-</span> 
     </span>
    </p>
   </div>
   <div class='ocr_carea' id='block_1_86' title="bbox 2129 3723 3712 3794">
    <p class='ocr_par' dir='ltr' id='par_1_86' title="bbox 2129 3723 3712 3794">
     <span class='ocr_line' id='line_1_86' title="bbox 2129 3723 3712 3794; baseline 0.001 -17"><span class='ocrx_word' id='word_1_609' title='bbox 2129 3725 2341 3788; x_wconf 86' lang='grc' dir='ltr'>στιανὸς</span> <span class='ocrx_word' id='word_1_610' title='bbox 2369 3726 2503 3794; x_wconf 84' lang='grc' dir='ltr'>είμι.</span> <span class='ocrx_word' id='word_1_611' title='bbox 2531 3745 2547 3775; x_wconf 73' lang='grc' dir='ltr'><strong>ι</strong></span> <span class='ocrx_word' id='word_1_612' title='bbox 2570 3724 2739 3776; x_wconf 75' lang='grc' dir='ltr'>Τοῦτο</span> <span class='ocrx_word' id='word_1_613' title='bbox 2773 3723 2864 3775; x_wconf 70' lang='grc' dir='ltr'><strong>καὶ</strong></span> <span class='ocrx_word' id='word_1_614' title='bbox 2886 3723 3005 3774; x_wconf 78' lang='grc' dir='ltr'>ἀντὶ</span> <span class='ocrx_word' id='word_1_615' title='bbox 3033 3723 3316 3793; x_wconf 89' lang='grc' dir='ltr'>ὀνόματος,</span> <span class='ocrx_word' id='word_1_616' title='bbox 3351 3724 3444 3776; x_wconf 72' lang='grc' dir='ltr'><strong>καὶ</strong></span> <span class='ocrx_word' id='word_1_617' title='bbox 3480 3724 3598 3777; x_wconf 77' lang='grc' dir='ltr'>ἀντὶ</span> <span class='ocrx_word' id='word_1_618' title='bbox 3623 3723 3712 3778; x_wconf 74' lang='grc' dir='ltr'>πόι</span> 
     </span>
    </p>
   </div>
   <div class='ocr_carea' id='block_1_87' title="bbox 2127 3813 3715 3884">
    <p class='ocr_par' dir='ltr' id='par_1_87' title="bbox 2127 3813 3715 3884">
     <span class='ocr_line' id='line_1_87' title="bbox 2127 3813 3715 3884; baseline -0.001 -15"><span class='ocrx_word' id='word_1_619' title='bbox 2127 3816 2281 3879; x_wconf 77' lang='grc' dir='ltr'>λεως,</span> <span class='ocrx_word' id='word_1_620' title='bbox 2310 3816 2405 3869; x_wconf 72' lang='grc' dir='ltr'>καὶ</span> <span class='ocrx_word' id='word_1_621' title='bbox 2445 3817 2565 3869; x_wconf 75' lang='grc' dir='ltr'>ἀντὶ</span> <span class='ocrx_word' id='word_1_622' title='bbox 2612 3815 2820 3883; x_wconf 82' lang='grc' dir='ltr'>γένους,</span> <span class='ocrx_word' id='word_1_623' title='bbox 2855 3815 2949 3868; x_wconf 70' lang='grc' dir='ltr'><strong>καὶ</strong></span> <span class='ocrx_word' id='word_1_624' title='bbox 2988 3815 3110 3866; x_wconf 76' lang='grc' dir='ltr'>ἀντὶ</span> <span class='ocrx_word' id='word_1_625' title='bbox 3162 3813 3362 3877; x_wconf 75' lang='grc' dir='ltr'>παντὸς</span> <span class='ocrx_word' id='word_1_626' title='bbox 3395 3815 3715 3884; x_wconf 73' lang='grc' dir='ltr'>ἐπαλλήλως</span> 
     </span>
    </p>
   </div>
   <div class='ocr_carea' id='block_1_88' title="bbox 2126 3904 3712 3980">
    <p class='ocr_par' dir='ltr' id='par_1_88' title="bbox 2126 3904 3712 3980">
     <span class='ocr_line' id='line_1_88' title="bbox 2126 3904 3712 3980; baseline -0.003 -18"><span class='ocrx_word' id='word_1_627' title='bbox 2126 3909 2413 3980; x_wconf 83' lang='grc' dir='ltr'>ὡμολόγει,</span> <span class='ocrx_word' id='word_1_628' title='bbox 2467 3907 2630 3978; x_wconf 82' lang='grc' dir='ltr'>ἄλλην</span> <span class='ocrx_word' id='word_1_629' title='bbox 2680 3908 2736 3961; x_wconf 80' lang='grc' dir='ltr'>δὲ</span> <span class='ocrx_word' id='word_1_630' title='bbox 2790 3907 2972 3977; x_wconf 71' lang='grc' dir='ltr'>φωνὴν</span> <span class='ocrx_word' id='word_1_631' title='bbox 3021 3907 3120 3961; x_wconf 79' lang='grc' dir='ltr'><strong>οὐκ</strong></span> <span class='ocrx_word' id='word_1_632' title='bbox 3157 3907 3396 3976; x_wconf 73' lang='grc' dir='ltr'>ἥκουσαν</span> <span class='ocrx_word' id='word_1_633' title='bbox 3440 3904 3605 3958; x_wconf 81' lang='grc' dir='ltr'>αὑτοῦ</span> <span class='ocrx_word' id='word_1_634' title='bbox 3642 3905 3712 3958; x_wconf 61' lang='grc' dir='ltr'>τὰ</span> 
     </span>
    </p>
   </div>
   <div class='ocr_carea' id='block_1_89' title="bbox 2129 3995 3713 4070">
    <p class='ocr_par' dir='ltr' id='par_1_89' title="bbox 2129 3995 3713 4070">
     <span class='ocr_line' id='line_1_89' title="bbox 2129 3995 3713 4070; baseline -0.004 -18"><span class='ocrx_word' id='word_1_635' title='bbox 2129 3999 2276 4070; x_wconf 74' lang='grc' dir='ltr'>ἔθνη.</span> <span class='ocrx_word' id='word_1_636' title='bbox 2316 3997 2477 4052; x_wconf 80' lang='grc' dir='ltr'>Ὅθεν</span> <span class='ocrx_word' id='word_1_637' title='bbox 2505 3997 2568 4067; x_wconf 81' lang='grc' dir='ltr'>δὴ</span> <span class='ocrx_word' id='word_1_638' title='bbox 2587 3997 2680 4050; x_wconf 76' lang='grc' dir='ltr'><strong>καὶ</strong></span> <span class='ocrx_word' id='word_1_639' title='bbox 2709 3997 3011 4063; x_wconf 81' lang='grc' dir='ltr'>φιλονεικία</span> <span class='ocrx_word' id='word_1_640' title='bbox 3052 3996 3258 4066; x_wconf 81' lang='grc' dir='ltr'>μεγάλη</span> <span class='ocrx_word' id='word_1_641' title='bbox 3285 3995 3380 4047; x_wconf 75' lang='grc' dir='ltr'>τοῦ</span> <span class='ocrx_word' id='word_1_642' title='bbox 3413 4012 3474 4047; x_wconf 91' lang='grc' dir='ltr'><strong>τε</strong></span> <span class='ocrx_word' id='word_1_643' title='bbox 3505 3995 3713 4066; x_wconf 73' lang='grc' dir='ltr'>ἡγεμό-</span> 
     </span>
    </p>
   </div>
   <div class='ocr_carea' id='block_1_90' title="bbox 2129 4086 3712 4158">
    <p class='ocr_par' dir='ltr' id='par_1_90' title="bbox 2129 4086 3712 4158">
     <span class='ocr_line' id='line_1_90' title="bbox 2129 4086 3712 4158; baseline -0.003 -16"><span class='ocrx_word' id='word_1_644' title='bbox 2129 4107 2217 4152; x_wconf 85' lang='grc' dir='ltr'><strong>νος</strong></span> <span class='ocrx_word' id='word_1_645' title='bbox 2249 4088 2342 4142; x_wconf 74' lang='grc' dir='ltr'><strong>καὶ</strong></span> <span class='ocrx_word' id='word_1_646' title='bbox 2383 4088 2491 4142; x_wconf 83' lang='grc' dir='ltr'><strong>τῶν</strong></span> <span class='ocrx_word' id='word_1_647' title='bbox 2530 4087 2866 4158; x_wconf 83' lang='grc' dir='ltr'>βασανιστῶν</span> <span class='ocrx_word' id='word_1_648' title='bbox 2911 4088 3126 4156; x_wconf 80' lang='grc' dir='ltr'>ἐγένετο</span> <span class='ocrx_word' id='word_1_649' title='bbox 3168 4087 3304 4156; x_wconf 79' lang='grc' dir='ltr'>πρὸς</span> <span class='ocrx_word' id='word_1_650' title='bbox 3339 4086 3522 4149; x_wconf 72' lang='grc' dir='ltr'>αὑτὸν,</span> <span class='ocrx_word' id='word_1_651' title='bbox 3572 4086 3712 4138; x_wconf 79' lang='grc' dir='ltr'>ὥστε</span> 
     </span>
    </p>
   </div>
   <div class='ocr_carea' id='block_1_91' title="bbox 2129 4174 3712 4250">
    <p class='ocr_par' dir='ltr' id='par_1_91' title="bbox 2129 4174 3712 4250">
     <span class='ocr_line' id='line_1_91' title="bbox 2129 4174 3712 4250; baseline -0.003 -17"><span class='ocrx_word' id='word_1_652' title='bbox 2129 4180 2290 4233; x_wconf 81' lang='grc' dir='ltr'>ὁπότε</span> <span class='ocrx_word' id='word_1_653' title='bbox 2320 4179 2514 4250; x_wconf 76' lang='grc' dir='ltr'>μηκέτι</span> <span class='ocrx_word' id='word_1_654' title='bbox 2547 4179 2711 4250; x_wconf 76' lang='grc' dir='ltr'>μηδὲν</span> <span class='ocrx_word' id='word_1_655' title='bbox 2740 4174 2884 4248; x_wconf 77' lang='grc' dir='ltr'>εἶχον</span> <span class='ocrx_word' id='word_1_656' title='bbox 2912 4179 2940 4232; x_wconf 82' lang='grc' dir='ltr'>ὃ</span> <span class='ocrx_word' id='word_1_657' title='bbox 2976 4181 3291 4249; x_wconf 78' lang='grc' dir='ltr'>ποιήσουσιν</span> <span class='ocrx_word' id='word_1_658' title='bbox 3326 4176 3495 4248; x_wconf 72' lang='grc' dir='ltr'>αὐτῷ,</span> <span class='ocrx_word' id='word_1_659' title='bbox 3533 4177 3592 4229; x_wconf 85' lang='grc' dir='ltr'><strong>τὸ</strong></span> <span class='ocrx_word' id='word_1_660' title='bbox 3622 4193 3712 4229; x_wconf 80' lang='grc' dir='ltr'>τε·-</span> 
     </span>
    </p>
   </div>
   <div class='ocr_carea' id='block_1_92' title="bbox 2131 4269 3714 4340">
    <p class='ocr_par' dir='ltr' id='par_1_92' title="bbox 2131 4269 3714 4340">
     <span class='ocr_line' id='line_1_92' title="bbox 2131 4269 3714 4340; baseline -0.003 -16"><span class='ocrx_word' id='word_1_661' title='bbox 2131 4271 2372 4324; x_wconf 90' lang='grc' dir='ltr'>λευταῖον</span> <span class='ocrx_word' id='word_1_662' title='bbox 2396 4270 2602 4340; x_wconf 75' lang='grc' dir='ltr'>χαλκᾶς</span> <span class='ocrx_word' id='word_1_663' title='bbox 2633 4269 2856 4333; x_wconf 83' lang='grc' dir='ltr'>λεπίδας</span> <span class='ocrx_word' id='word_1_664' title='bbox 2876 4271 3173 4340; x_wconf 85' lang='grc' dir='ltr'>διαπύρους</span> <span class='ocrx_word' id='word_1_665' title='bbox 3203 4269 3578 4340; x_wconf 77' lang='grc' dir='ltr'>προσεκόλλων</span> <span class='ocrx_word' id='word_1_666' title='bbox 3600 4271 3714 4331; x_wconf 72' lang='grc' dir='ltr'>τοῖς</span> 
     </span>
    </p>
   </div>
   <div class='ocr_carea' id='block_1_93' title="bbox 2131 4359 3714 4437">
    <p class='ocr_par' dir='ltr' id='par_1_93' title="bbox 2131 4359 3714 4437">
     <span class='ocr_line' id='line_1_93' title="bbox 2131 4359 3714 4437; baseline -0.009 -19"><span class='ocrx_word' id='word_1_667' title='bbox 2131 4364 2567 4437; x_wconf 71' lang='grc' dir='ltr'>τρυφερωτάτοις</span> <span class='ocrx_word' id='word_1_668' title='bbox 2594 4362 2775 4434; x_wconf 80' lang='grc' dir='ltr'>μέλεσι</span> <span class='ocrx_word' id='word_1_669' title='bbox 2807 4363 2901 4416; x_wconf 83' lang='grc' dir='ltr'>τοῦ</span> <span class='ocrx_word' id='word_1_670' title='bbox 2929 4363 3177 4433; x_wconf 80' lang='grc' dir='ltr'>σώματος</span> <span class='ocrx_word' id='word_1_671' title='bbox 3203 4360 3386 4414; x_wconf 75' lang='grc' dir='ltr'>αὐτοῦ.</span> <span class='ocrx_word' id='word_1_672' title='bbox 3413 4360 3519 4414; x_wconf 76' lang='grc' dir='ltr'>Καὶ</span> <span class='ocrx_word' id='word_1_673' title='bbox 3542 4359 3714 4413; x_wconf 75' lang='grc' dir='ltr'>ταῦτα</span> 
     </span>
    </p>
   </div>
   <div class='ocr_carea' id='block_1_94' title="bbox 2139 4452 3716 4530">
    <p class='ocr_par' dir='ltr' id='par_1_94' title="bbox 2139 4452 3716 4530">
     <span class='ocr_line' id='line_1_94' title="bbox 2139 4452 3716 4530; baseline -0.004 -19"><span class='ocrx_word' id='word_1_674' title='bbox 2139 4460 2234 4530; x_wconf 79' lang='grc' dir='ltr'><strong>μὲν</strong></span> <span class='ocrx_word' id='word_1_675' title='bbox 2263 4457 2497 4523; x_wconf 78' lang='grc' dir='ltr'>ἐκαίετο,</span> <span class='ocrx_word' id='word_1_676' title='bbox 2531 4456 2692 4521; x_wconf 75' lang='grc' dir='ltr'>αὐτὸς</span> <span class='ocrx_word' id='word_1_677' title='bbox 2743 4457 2799 4510; x_wconf 76' lang='grc' dir='ltr'>δὲ</span> <span class='ocrx_word' id='word_1_678' title='bbox 2827 4456 3133 4528; x_wconf 75' lang='grc' dir='ltr'>παρέμενεν</span> <span class='ocrx_word' id='word_1_679' title='bbox 3165 4455 3576 4525; x_wconf 80' lang='grc' dir='ltr'>ἁνεπίκαμπτος</span> <span class='ocrx_word' id='word_1_680' title='bbox 3621 4452 3716 4506; x_wconf 80' lang='grc' dir='ltr'>καὶ</span> 
     </span>
    </p>
   </div>
   <div class='ocr_carea' id='block_1_95' title="bbox 457 4639 3710 4713">
    <p class='ocr_par' dir='ltr' id='par_1_95' title="bbox 457 4639 3710 4713">
     <span class='ocr_line' id='line_1_95' title="bbox 457 4639 3710 4713; baseline -0.001 -17"><span class='ocrx_word' id='word_1_681' title='bbox 457 4642 575 4710; x_wconf 85' lang='lat' dir='ltr'><strong>Quo</strong></span> <span class='ocrx_word' id='word_1_682' title='bbox 602 4653 810 4709; x_wconf 75' lang='lat' dir='ltr'><strong>spectat</strong></span> <span class='ocrx_word' id='word_1_683' title='bbox 838 4646 924 4697; x_wconf 87' lang='lat' dir='ltr'><strong>illa</strong></span> <span class='ocrx_word' id='word_1_684' title='bbox 960 4660 1058 4699; x_wconf 74' lang='lat' dir='ltr'><strong>vox</strong></span> <span class='ocrx_word' id='word_1_685' title='bbox 1092 4644 1446 4706; x_wconf 76' lang='lat' dir='ltr'><strong>Blandinre,in</strong></span> <span class='ocrx_word' id='word_1_686' title='bbox 1477 4645 1670 4698; x_wconf 87' lang='lat' dir='ltr'><strong>mediis</strong></span> <span class='ocrx_word' id='word_1_687' title='bbox 1699 4647 2035 4702; x_wconf 80' lang='lat' dir='ltr'><strong>cruciatibus</strong></span> <span class='ocrx_word' id='word_1_688' title='bbox 2069 4651 2113 4705; x_wconf 89' lang='lat' dir='ltr'><strong>D</strong></span> <span class='ocrx_word' id='word_1_689' title='bbox 2144 4647 2351 4702; x_wconf 89' lang='lat' dir='ltr'><strong>inducti</strong></span> <span class='ocrx_word' id='word_1_690' title='bbox 2396 4646 2793 4701; x_wconf 76' lang='lat' dir='ltr'><strong>existimarunt.</strong></span> <span class='ocrx_word' id='word_1_691' title='bbox 2849 4644 3008 4700; x_wconf 90' lang='lat' dir='ltr'><strong>Certe</strong></span> <span class='ocrx_word' id='word_1_692' title='bbox 3061 4643 3453 4713; x_wconf 79' lang='lat' dir='ltr'><strong>Lugdunenses</strong></span> <span class='ocrx_word' id='word_1_693' title='bbox 3503 4641 3556 4694; x_wconf 91' lang='lat' dir='ltr'><strong>in</strong></span> <span class='ocrx_word' id='word_1_694' title='bbox 3585 4639 3710 4713; x_wconf 80' lang='lat' dir='ltr'><strong>hac</strong></span> 
     </span>
    </p>
   </div>
   <div class='ocr_carea' id='block_1_96' title="bbox 460 4715 2032 4784">
    <p class='ocr_par' dir='ltr' id='par_1_96' title="bbox 460 4715 2032 4784">
     <span class='ocr_line' id='line_1_96' title="bbox 460 4715 2032 4784; baseline 0.001 -17"><span class='ocrx_word' id='word_1_695' title='bbox 460 4715 590 4768; x_wconf 87' lang='lat' dir='ltr'><strong>nihil</strong></span> <span class='ocrx_word' id='word_1_696' title='bbox 626 4716 770 4768; x_wconf 88' lang='lat' dir='ltr'><strong>aliud</strong></span> <span class='ocrx_word' id='word_1_697' title='bbox 819 4715 1191 4784; x_wconf 76' lang='lat' dir='ltr'><strong>proloqnemis</strong></span> <span class='ocrx_word' id='word_1_698' title='bbox 1249 4733 1409 4780; x_wconf 84' lang='lat' dir='ltr'><strong>quam</strong></span> <span class='ocrx_word' id='word_1_699' title='bbox 1435 4732 1448 4768; x_wconf 93' lang='lat'><strong>:</strong></span> <span class='ocrx_word' id='word_1_700' title='bbox 1479 4733 1498 4765; x_wconf 81' lang='grc' dir='ltr'><strong>ι</strong></span> <span class='ocrx_word' id='word_1_701' title='bbox 1549 4716 1855 4769; x_wconf 81' lang='lat' dir='ltr'><strong>Christiana</strong></span> <span class='ocrx_word' id='word_1_702' title='bbox 1891 4733 2032 4777; x_wconf 79' lang='lat' dir='ltr'><strong>sum,</strong></span> 
     </span>
    </p>
   </div>
   <div class='ocr_carea' id='block_1_97' title="bbox 462 4785 2037 4853">
    <p class='ocr_par' dir='ltr' id='par_1_97' title="bbox 462 4785 2037 4853">
     <span class='ocr_line' id='line_1_97' title="bbox 462 4785 2037 4853; baseline 0.001 -15"><span class='ocrx_word' id='word_1_703' title='bbox 462 4785 593 4840; x_wconf 88' lang='lat' dir='ltr'><strong>nihil</strong></span> <span class='ocrx_word' id='word_1_704' title='bbox 627 4789 766 4852; x_wconf 88' lang='lat' dir='ltr'><strong>apud</strong></span> <span class='ocrx_word' id='word_1_705' title='bbox 803 4801 901 4838; x_wconf 90' lang='lat' dir='ltr'><strong>nos</strong></span> <span class='ocrx_word' id='word_1_706' title='bbox 922 4788 1043 4838; x_wconf 86' lang='lat' dir='ltr'><strong>ntali</strong></span> <span class='ocrx_word' id='word_1_707' title='bbox 1079 4787 1305 4853; x_wconf 84' lang='lat' dir='ltr'><strong>geritur.</strong></span> <span class='ocrx_word' id='word_1_708' title='bbox 1340 4805 1358 4836; x_wconf 71' lang='grc' dir='ltr'><strong>ι</strong></span> <span class='ocrx_word' id='word_1_709' title='bbox 1384 4785 1742 4840; x_wconf 80' lang='lat' dir='ltr'><strong>l’otestetiam</strong></span> <span class='ocrx_word' id='word_1_710' title='bbox 1781 4787 1907 4840; x_wconf 90' lang='lat' dir='ltr'><strong>illud</strong></span> <span class='ocrx_word' id='word_1_711' title='bbox 1942 4787 2037 4841; x_wconf 73' lang='grc' dir='ltr'><strong>καὶ</strong></span> 
     </span>
    </p>
   </div>
   <div class='ocr_carea' id='block_1_98' title="bbox 449 4855 2040 4924">
    <p class='ocr_par' dir='ltr' id='par_1_98' title="bbox 449 4855 2040 4924">
     <span class='ocr_line' id='line_1_98' title="bbox 449 4855 2040 4924; baseline 0.002 -17"><span class='ocrx_word' id='word_1_712' title='bbox 449 4855 533 4907; x_wconf 84' lang='grc' dir='ltr'>δι’</span> <span class='ocrx_word' id='word_1_713' title='bbox 558 4855 803 4918; x_wconf 76' lang='grc' dir='ltr'>ἐκείνων,</span> <span class='ocrx_word' id='word_1_714' title='bbox 838 4855 1029 4910; x_wconf 83' lang='lat' dir='ltr'><strong>referri</strong></span> <span class='ocrx_word' id='word_1_715' title='bbox 1068 4857 1133 4908; x_wconf 84' lang='lat' dir='ltr'><strong>ad</strong></span> <span class='ocrx_word' id='word_1_716' title='bbox 1171 4857 1355 4909; x_wconf 80' lang='lat' dir='ltr'><strong>ilecem</strong></span> <span class='ocrx_word' id='word_1_717' title='bbox 1387 4857 1507 4908; x_wconf 88' lang='lat' dir='ltr'><strong>illos</strong></span> <span class='ocrx_word' id='word_1_718' title='bbox 1537 4857 1628 4924; x_wconf 88' lang='lat' dir='ltr'><strong>qui</strong></span> <span class='ocrx_word' id='word_1_719' title='bbox 1669 4856 1824 4909; x_wconf 90' lang='lat' dir='ltr'><strong>initio</strong></span> <span class='ocrx_word' id='word_1_720' title='bbox 1856 4873 2040 4924; x_wconf 83' lang='lat' dir='ltr'><strong>perse-</strong></span> 
     </span>
    </p>
   </div>
   <div class='ocr_carea' id='block_1_99' title="bbox 461 4926 2038 4995">
    <p class='ocr_par' dir='ltr' id='par_1_99' title="bbox 461 4926 2038 4995">
     <span class='ocr_line' id='line_1_99' title="bbox 461 4926 2038 4995; baseline 0.001 -17"><span class='ocrx_word' id='word_1_721' title='bbox 461 4926 694 4978; x_wconf 80' lang='lat' dir='ltr'><strong>cutionis</strong></span> <span class='ocrx_word' id='word_1_722' title='bbox 728 4928 870 4991; x_wconf 84' lang='lat' dir='ltr'><strong>capti</strong></span> <span class='ocrx_word' id='word_1_723' title='bbox 902 4927 1141 4978; x_wconf 88' lang='lat' dir='ltr'><strong>animum</strong></span> <span class='ocrx_word' id='word_1_724' title='bbox 1171 4926 1595 4994; x_wconf 84' lang='lat' dir='ltr'><strong>desponderant.</strong></span> <span class='ocrx_word' id='word_1_725' title='bbox 1652 4929 2038 4995; x_wconf 79' lang='lat' dir='ltr'><strong>Christophor-</strong></span> 
     </span>
    </p>
   </div>
   <div class='ocr_carea' id='block_1_100' title="bbox 462 4995 2043 5116">
    <p class='ocr_par' dir='ltr' id='par_1_100' title="bbox 462 4995 2043 5116">
     <span class='ocr_line' id='line_1_100' title="bbox 462 4995 2043 5116; baseline 0.003 -68"><span class='ocrx_word' id='word_1_726' title='bbox 462 5011 629 5116; x_wconf 73' lang='lat' dir='ltr'><strong>sonlus</strong></span> <span class='ocrx_word' id='word_1_727' title='bbox 661 4995 1048 5064; x_wconf 88' lang='lat' dir='ltr'><strong>blasphemiam</strong></span> <span class='ocrx_word' id='word_1_728' title='bbox 1078 5007 1267 5051; x_wconf 87' lang='lat' dir='ltr'><strong>contra</strong></span> <span class='ocrx_word' id='word_1_729' title='bbox 1295 5011 1490 5051; x_wconf 88' lang='lat' dir='ltr'><strong>nomen</strong></span> <span class='ocrx_word' id='word_1_730' title='bbox 1512 4997 1712 5053; x_wconf 80' lang='lat' dir='ltr'><strong>Citriin</strong></span> <span class='ocrx_word' id='word_1_731' title='bbox 1743 4998 2043 5067; x_wconf 81' lang='lat' dir='ltr'><strong>intelligere</strong></span> 
     </span>
     <span class='ocr_line' id='line_1_101' title="bbox 463 5077 670 5116; baseline 0 0"><span class='ocrx_word' id='word_1_732' title='bbox 463 5080 548 5116; x_wconf 87' lang='lat' dir='ltr'><strong>ma</strong></span> <span class='ocrx_word' id='word_1_733' title='bbox 575 5077 670 5116; x_wconf 89' lang='grc'><strong>1111.</strong></span> 
     </span>
    </p>
   </div>
   <div class='ocr_carea' id='block_1_101' title="bbox 463 5068 670 5120">
    <p class='ocr_par' dir='ltr' id='par_1_101' title="bbox 463 5068 670 5120">
     <span class='ocr_line' id='line_1_102' title="bbox 463 5068 670 5120; baseline -0.01 0"><span class='ocrx_word' id='word_1_734' title='bbox 463 5068 670 5120; x_wconf 81' lang='lat' dir='ltr'><strong>maluit.</strong></span> 
     </span>
    </p>
   </div>
   <div class='ocr_carea' id='block_1_102' title="bbox 539 5135 2034 5208">
    <p class='ocr_par' dir='ltr' id='par_1_102' title="bbox 539 5135 2034 5208">
     <span class='ocr_line' id='line_1_103' title="bbox 539 5135 2034 5208; baseline 0 -19"><span class='ocrx_word' id='word_1_735' title='bbox 539 5135 650 5208; x_wconf 88' lang='grc'><strong>(91)</strong></span> <span class='ocrx_word' id='word_1_736' title='bbox 689 5135 801 5208; x_wconf 68' lang='grc' dir='ltr'><strong>Καὶ</strong></span> <span class='ocrx_word' id='word_1_737' title='bbox 851 5136 1244 5204; x_wconf 84' lang='grc' dir='ltr'>στρατιωτῶν.</span> <span class='ocrx_word' id='word_1_738' title='bbox 1293 5137 1518 5192; x_wconf 74' lang='lat' dir='ltr'><strong>Rufinus</strong></span> <span class='ocrx_word' id='word_1_739' title='bbox 1562 5140 1743 5200; x_wconf 83' lang='lat' dir='ltr'><strong>vertit,</strong></span> <span class='ocrx_word' id='word_1_740' title='bbox 1789 5138 2034 5208; x_wconf 73' lang='lat' dir='ltr'><strong>oﬂicinm,</strong></span> 
     </span>
    </p>
   </div>
   <div class='ocr_carea' id='block_1_103' title="bbox 469 5205 2033 5279">
    <p class='ocr_par' dir='ltr' id='par_1_103' title="bbox 469 5205 2033 5279">
     <span class='ocr_line' id='line_1_104' title="bbox 469 5205 2033 5279; baseline -0.001 -19"><span class='ocrx_word' id='word_1_741' title='bbox 469 5207 681 5279; x_wconf 62' lang='lat' dir='ltr'><strong>milites.</strong></span> <span class='ocrx_word' id='word_1_742' title='bbox 713 5205 848 5260; x_wconf 75' lang='lat' dir='ltr'><strong>Nam</strong></span> <span class='ocrx_word' id='word_1_743' title='bbox 891 5208 1080 5262; x_wconf 71' lang='lat' dir='ltr'><strong>Graeca</strong></span> <span class='ocrx_word' id='word_1_744' title='bbox 1123 5224 1224 5261; x_wconf 85' lang='lat' dir='ltr'><strong>vox</strong></span> <span class='ocrx_word' id='word_1_745' title='bbox 1270 5221 1558 5279; x_wconf 89' lang='lat' dir='ltr'><strong>utrumque</strong></span> <span class='ocrx_word' id='word_1_746' title='bbox 1590 5205 1884 5277; x_wconf 78' lang='lat' dir='ltr'><strong>significat,</strong></span> <span class='ocrx_word' id='word_1_747' title='bbox 1927 5218 2033 5260; x_wconf 88' lang='lat' dir='ltr'><strong>tam</strong></span> 
     </span>
    </p>
   </div>
   <div class='ocr_carea' id='block_1_104' title="bbox 467 5274 2036 5348">
    <p class='ocr_par' dir='ltr' id='par_1_104' title="bbox 467 5274 2036 5348">
     <span class='ocr_line' id='line_1_105' title="bbox 467 5274 2036 5348; baseline 0.001 -19"><span class='ocrx_word' id='word_1_748' title='bbox 467 5274 720 5348; x_wconf 78' lang='lat' dir='ltr'><strong>officiales</strong></span> <span class='ocrx_word' id='word_1_749' title='bbox 749 5292 842 5332; x_wconf 90' lang='lat' dir='ltr'><strong>seu</strong></span> <span class='ocrx_word' id='word_1_750' title='bbox 871 5279 1205 5348; x_wconf 86' lang='lat' dir='ltr'><strong>apparitores</strong></span> <span class='ocrx_word' id='word_1_751' title='bbox 1233 5274 1502 5346; x_wconf 82' lang='lat' dir='ltr'><strong>judicutn,</strong></span> <span class='ocrx_word' id='word_1_752' title='bbox 1535 5274 1695 5343; x_wconf 73' lang='lat' dir='ltr'><strong>quain</strong></span> <span class='ocrx_word' id='word_1_753' title='bbox 1723 5280 1940 5342; x_wconf 86' lang='lat' dir='ltr'><strong>milites,</strong></span> <span class='ocrx_word' id='word_1_754' title='bbox 1979 5287 2036 5331; x_wconf 94' lang='lat' dir='ltr'><strong>ut</strong></span> 
     </span>
    </p>
   </div>
   <div class='ocr_carea' id='block_1_105' title="bbox 469 5345 2033 5404">
    <p class='ocr_par' dir='ltr' id='par_1_105' title="bbox 469 5345 2033 5404">
     <span class='ocr_line' id='line_1_106' title="bbox 469 5345 2033 5404; baseline -0.001 -4"><span class='ocrx_word' id='word_1_755' title='bbox 469 5345 642 5401; x_wconf 78' lang='lat' dir='ltr'><strong>fusius</strong></span> <span class='ocrx_word' id='word_1_756' title='bbox 668 5345 955 5404; x_wconf 45' lang='lat' dir='ltr'><strong>ostensuri&#39;</strong></span> <span class='ocrx_word' id='word_1_757' title='bbox 979 5365 1164 5401; x_wconf 82' lang='lat' dir='ltr'><strong>sumus</strong></span> <span class='ocrx_word' id='word_1_758' title='bbox 1213 5345 1278 5402; x_wconf 81' lang='lat' dir='ltr'><strong>ad</strong></span> <span class='ocrx_word' id='word_1_759' title='bbox 1315 5349 1486 5403; x_wconf 86' lang='lat' dir='ltr'><strong>libros</strong></span> <span class='ocrx_word' id='word_1_760' title='bbox 1518 5349 1594 5402; x_wconf 79' lang='lat' dir='ltr'><strong>De</strong></span> <span class='ocrx_word' id='word_1_761' title='bbox 1637 5351 1740 5403; x_wconf 83' lang='lat' dir='ltr'><strong>vita</strong></span> <span class='ocrx_word' id='word_1_762' title='bbox 1773 5348 2033 5403; x_wconf 80' lang='lat' dir='ltr'><strong>Constan-</strong></span> 
     </span>
    </p>
   </div>
   <div class='ocr_carea' id='block_1_106' title="bbox 469 5418 2039 5490">
    <p class='ocr_par' dir='ltr' id='par_1_106' title="bbox 469 5418 2039 5490">
     <span class='ocr_line' id='line_1_107' title="bbox 469 5418 2039 5490; baseline -0.001 -19"><span class='ocrx_word' id='word_1_763' title='bbox 469 5418 587 5471; x_wconf 82' lang='lat' dir='ltr'><strong>tini.</strong></span> <span class='ocrx_word' id='word_1_764' title='bbox 627 5418 728 5490; x_wconf 69' lang='lat' dir='ltr'><strong>llic</strong></span> <span class='ocrx_word' id='word_1_765' title='bbox 753 5433 882 5471; x_wconf 87' lang='lat' dir='ltr'><strong>vero</strong></span> <span class='ocrx_word' id='word_1_766' title='bbox 914 5418 1115 5472; x_wconf 81' lang='lat' dir='ltr'><strong>milites</strong></span> <span class='ocrx_word' id='word_1_767' title='bbox 1143 5420 1324 5473; x_wconf 86' lang='lat' dir='ltr'><strong>malim</strong></span> <span class='ocrx_word' id='word_1_768' title='bbox 1364 5419 1684 5490; x_wconf 87' lang='lat' dir='ltr'><strong>intelligere,</strong></span> <span class='ocrx_word' id='word_1_769' title='bbox 1725 5436 1849 5474; x_wconf 92' lang='lat' dir='ltr'><strong>cum</strong></span> <span class='ocrx_word' id='word_1_770' title='bbox 1881 5434 2039 5486; x_wconf 86' lang='lat' dir='ltr'><strong>supra</strong></span> 
     </span>
    </p>
   </div>
   <div class='ocr_carea' id='block_1_107' title="bbox 471 5489 1302 5545">
    <p class='ocr_par' dir='ltr' id='par_1_107' title="bbox 471 5489 1302 5545">
     <span class='ocr_line' id='line_1_108' title="bbox 471 5489 1302 5545; baseline -0.004 0"><span class='ocrx_word' id='word_1_771' title='bbox 471 5490 676 5545; x_wconf 81' lang='lat' dir='ltr'><strong>mentio</strong></span> <span class='ocrx_word' id='word_1_772' title='bbox 705 5489 793 5542; x_wconf 86' lang='lat' dir='ltr'><strong>fiat</strong></span> <span class='ocrx_word' id='word_1_773' title='bbox 821 5490 1017 5542; x_wconf 90' lang='lat' dir='ltr'><strong>trihtmi</strong></span> <span class='ocrx_word' id='word_1_774' title='bbox 1053 5491 1302 5542; x_wconf 89' lang='lat' dir='ltr'><strong>militum.</strong></span> 
     </span>
    </p>
   </div>
   <div class='ocr_carea' id='block_1_108' title="bbox 542 5558 2045 5629">
    <p class='ocr_par' dir='ltr' id='par_1_108' title="bbox 542 5558 2045 5629">
     <span class='ocr_line' id='line_1_109' title="bbox 542 5558 2045 5629; baseline -0.003 -16"><span class='ocrx_word' id='word_1_775' title='bbox 542 5559 654 5629; x_wconf 67' lang='lat'><strong>(92)</strong></span> <span class='ocrx_word' id='word_1_776' title='bbox 699 5559 966 5629; x_wconf 68' lang='grc' dir='ltr'>Σάγκτον</span> <span class='ocrx_word' id='word_1_777' title='bbox 1008 5559 1290 5612; x_wconf 81' lang='grc' dir='ltr'>διάκονον</span> <span class='ocrx_word' id='word_1_778' title='bbox 1349 5560 1466 5614; x_wconf 83' lang='grc' dir='ltr'><strong>ἀπὸ</strong></span> <span class='ocrx_word' id='word_1_779' title='bbox 1511 5559 1780 5628; x_wconf 75' lang='grc' dir='ltr'><strong>Βιέννης.</strong></span> <span class='ocrx_word' id='word_1_780' title='bbox 1819 5558 2045 5613; x_wconf 81' lang='lat' dir='ltr'><strong>Rufinus</strong></span> 
     </span>
    </p>
   </div>
   <div class='ocr_carea' id='block_1_109' title="bbox 474 5626 2039 5700">
    <p class='ocr_par' dir='ltr' id='par_1_109' title="bbox 474 5626 2039 5700">
     <span class='ocr_line' id='line_1_110' title="bbox 474 5626 2039 5700; baseline -0.001 -17"><span class='ocrx_word' id='word_1_781' title='bbox 474 5626 730 5683; x_wconf 74' lang='lat' dir='ltr'><strong>Sanctum</strong></span> <span class='ocrx_word' id='word_1_782' title='bbox 769 5626 1048 5683; x_wconf 79' lang='lat' dir='ltr'><strong>diaconum</strong></span> <span class='ocrx_word' id='word_1_783' title='bbox 1093 5630 1426 5684; x_wconf 68' lang='lat' dir='ltr'><strong>Viennensem</strong></span> <span class='ocrx_word' id='word_1_784' title='bbox 1467 5626 1874 5700; x_wconf 82' lang='lat' dir='ltr'><strong>interpretatur,</strong></span> <span class='ocrx_word' id='word_1_785' title='bbox 1899 5631 2039 5695; x_wconf 91' lang='lat' dir='ltr'><strong>quod</strong></span> 
     </span>
    </p>
   </div>
   <div class='ocr_carea' id='block_1_110' title="bbox 473 5700 2041 5770">
    <p class='ocr_par' dir='ltr' id='par_1_110' title="bbox 473 5700 2041 5770">
     <span class='ocr_line' id='line_1_111' title="bbox 473 5700 2041 5770; baseline -0.001 -18"><span class='ocrx_word' id='word_1_786' title='bbox 473 5708 557 5752; x_wconf 86' lang='lat' dir='ltr'><strong>est</strong></span> <span class='ocrx_word' id='word_1_787' title='bbox 587 5701 917 5770; x_wconf 86' lang='lat' dir='ltr'><strong>ambiguum.</strong></span> <span class='ocrx_word' id='word_1_788' title='bbox 970 5700 1154 5770; x_wconf 81' lang='lat' dir='ltr'><strong>Neque</strong></span> <span class='ocrx_word' id='word_1_789' title='bbox 1199 5702 1340 5755; x_wconf 85' lang='lat' dir='ltr'><strong>enim</strong></span> <span class='ocrx_word' id='word_1_790' title='bbox 1387 5702 1619 5757; x_wconf 84' lang='lat' dir='ltr'><strong>Sanctus</strong></span> <span class='ocrx_word' id='word_1_791' title='bbox 1655 5703 1753 5756; x_wconf 89' lang='lat' dir='ltr'><strong>fuit</strong></span> <span class='ocrx_word' id='word_1_792' title='bbox 1784 5702 2041 5754; x_wconf 86' lang='lat' dir='ltr'><strong>diaconus</strong></span> 
     </span>
    </p>
   </div>
   <div class='ocr_carea' id='block_1_111' title="bbox 483 5769 2038 5842">
    <p class='ocr_par' dir='ltr' id='par_1_111' title="bbox 483 5769 2038 5842">
     <span class='ocr_line' id='line_1_112' title="bbox 483 5769 2038 5842; baseline 0 -18"><span class='ocrx_word' id='word_1_793' title='bbox 483 5769 796 5827; x_wconf 76' lang='lat' dir='ltr'><strong>Viennensis</strong></span> <span class='ocrx_word' id='word_1_794' title='bbox 827 5769 1102 5839; x_wconf 61' lang='lat' dir='ltr'><strong>Ecclesiae,</strong></span> <span class='ocrx_word' id='word_1_795' title='bbox 1131 5781 1187 5825; x_wconf 91' lang='lat' dir='ltr'><strong>ut</strong></span> <span class='ocrx_word' id='word_1_796' title='bbox 1210 5771 1427 5842; x_wconf 89' lang='lat' dir='ltr'><strong>quidam</strong></span> <span class='ocrx_word' id='word_1_797' title='bbox 1461 5775 1559 5830; x_wconf 86' lang='lat' dir='ltr'><strong>hac</strong></span> <span class='ocrx_word' id='word_1_798' title='bbox 1586 5773 1767 5830; x_wconf 75' lang='lat' dir='ltr'><strong>Rufini</strong></span> <span class='ocrx_word' id='word_1_799' title='bbox 1794 5772 2038 5828; x_wconf 82' lang='lat' dir='ltr'><strong>versione</strong></span> 
     </span>
    </p>
   </div>
   <div class='ocr_carea' id='block_1_112' title="bbox 2141 4712 3712 4782">
    <p class='ocr_par' dir='ltr' id='par_1_112' title="bbox 2141 4712 3712 4782">
     <span class='ocr_line' id='line_1_113' title="bbox 2141 4712 3712 4782; baseline -0.004 -12"><span class='ocrx_word' id='word_1_800' title='bbox 2141 4720 2366 4782; x_wconf 81' lang='lat' dir='ltr'><strong>epistola</strong></span> <span class='ocrx_word' id='word_1_801' title='bbox 2401 4719 2461 4770; x_wconf 83' lang='lat' dir='ltr'><strong>id.</strong></span> <span class='ocrx_word' id='word_1_802' title='bbox 2485 4735 2588 4769; x_wconf 90' lang='lat' dir='ltr'><strong>non</strong></span> <span class='ocrx_word' id='word_1_803' title='bbox 2619 4719 2827 4780; x_wconf 80' lang='lat' dir='ltr'><strong>dicunt,</strong></span> <span class='ocrx_word' id='word_1_804' title='bbox 2878 4716 2970 4769; x_wconf 80' lang='lat' dir='ltr'><strong>sed</strong></span> <span class='ocrx_word' id='word_1_805' title='bbox 3019 4712 3224 4766; x_wconf 82' lang='lat' dir='ltr'><strong>tantum</strong></span> <span class='ocrx_word' id='word_1_806' title='bbox 3264 4716 3531 4765; x_wconf 83' lang='lat' dir='ltr'><strong>aflirmant</strong></span> <span class='ocrx_word' id='word_1_807' title='bbox 3562 4712 3712 4764; x_wconf 87' lang='lat' dir='ltr'><strong>illunt</strong></span> 
     </span>
    </p>
   </div>
   <div class='ocr_carea' id='block_1_113' title="bbox 2138 4785 3717 4847">
    <p class='ocr_par' dir='ltr' id='par_1_113' title="bbox 2138 4785 3717 4847">
     <span class='ocr_line' id='line_1_114' title="bbox 2138 4785 3717 4847; baseline -0.006 -8"><span class='ocrx_word' id='word_1_808' title='bbox 2138 4789 2341 4843; x_wconf 80' lang='lat' dir='ltr'><strong>Vienna</strong></span> <span class='ocrx_word' id='word_1_809' title='bbox 2379 4790 2668 4840; x_wconf 78' lang='lat' dir='ltr'><strong>oriundum</strong></span> <span class='ocrx_word' id='word_1_810' title='bbox 2725 4787 2910 4840; x_wconf 81' lang='lat' dir='ltr'><strong>fuisse.</strong></span> <span class='ocrx_word' id='word_1_811' title='bbox 2961 4785 3079 4838; x_wconf 84' lang='lat' dir='ltr'><strong>Fuit</strong></span> <span class='ocrx_word' id='word_1_812' title='bbox 3124 4785 3288 4847; x_wconf 78' lang='lat' dir='ltr'><strong>igitur</strong></span> <span class='ocrx_word' id='word_1_813' title='bbox 3340 4787 3424 4838; x_wconf 90' lang='lat' dir='ltr'><strong>hic</strong></span> <span class='ocrx_word' id='word_1_814' title='bbox 3483 4785 3717 4835; x_wconf 64' lang='lat' dir='ltr'><strong>Sanctus</strong></span> 
     </span>
    </p>
   </div>
   <div class='ocr_carea' id='block_1_114' title="bbox 2138 4851 3714 4928">
    <p class='ocr_par' dir='ltr' id='par_1_114' title="bbox 2138 4851 3714 4928">
     <span class='ocr_line' id='line_1_115' title="bbox 2138 4851 3714 4928; baseline -0.004 -18"><span class='ocrx_word' id='word_1_815' title='bbox 2138 4861 2310 4928; x_wconf 85' lang='lat' dir='ltr'><strong>patria</strong></span> <span class='ocrx_word' id='word_1_816' title='bbox 2352 4859 2566 4928; x_wconf 78' lang='lat' dir='ltr'><strong>quidem</strong></span> <span class='ocrx_word' id='word_1_817' title='bbox 2611 4855 2954 4921; x_wconf 83' lang='lat' dir='ltr'><strong>Viennensis,</strong></span> <span class='ocrx_word' id='word_1_818' title='bbox 2987 4856 3251 4909; x_wconf 86' lang='lat' dir='ltr'><strong>diaconus</strong></span> <span class='ocrx_word' id='word_1_819' title='bbox 3279 4865 3458 4906; x_wconf 87' lang='lat' dir='ltr'><strong>autem</strong></span> <span class='ocrx_word' id='word_1_820' title='bbox 3494 4851 3714 4918; x_wconf 81' lang='lat' dir='ltr'><strong>Lugdu-</strong></span> 
     </span>
    </p>
   </div>
   <div class='ocr_carea' id='block_1_115' title="bbox 2141 4927 2620 4983">
    <p class='ocr_par' dir='ltr' id='par_1_115' title="bbox 2141 4927 2620 4983">
     <span class='ocr_line' id='line_1_116' title="bbox 2141 4927 2620 4983; baseline -0.006 0"><span class='ocrx_word' id='word_1_821' title='bbox 2141 4927 2322 4983; x_wconf 80' lang='lat' dir='ltr'><strong>nensis</strong></span> <span class='ocrx_word' id='word_1_822' title='bbox 2349 4927 2620 4981; x_wconf 61' lang='lat' dir='ltr'><strong>[£(ft&#39;i05im.</strong></span> 
     </span>
    </p>
   </div>
   <div class='ocr_carea' id='block_1_116' title="bbox 2213 4989 3714 5067">
    <p class='ocr_par' dir='ltr' id='par_1_116' title="bbox 2213 4989 3714 5067">
     <span class='ocr_line' id='line_1_117' title="bbox 2213 4989 3714 5067; baseline -0.007 -13"><span class='ocrx_word' id='word_1_823' title='bbox 2213 5000 2324 5067; x_wconf 79' lang='lat'><strong>(95)</strong></span> <span class='ocrx_word' id='word_1_824' title='bbox 2357 4997 2838 5066; x_wconf 71' lang='grc' dir='ltr'>Περιερῤωγότος.</span> <span class='ocrx_word' id='word_1_825' title='bbox 2872 4993 3052 5049; x_wconf 77' lang='lat' dir='ltr'><strong>Codex</strong></span> <span class='ocrx_word' id='word_1_826' title='bbox 3094 4991 3253 5067; x_wconf 75' lang='lat' dir='ltr'><strong>MerL,</strong></span> <span class='ocrx_word' id='word_1_827' title='bbox 3280 4989 3439 5067; x_wconf 47' lang='lat' dir='ltr'><strong>Fuit”</strong></span> <span class='ocrx_word' id='word_1_828' title='bbox 3471 4989 3635 5044; x_wconf 83' lang='lat' dir='ltr'><strong>Savil.</strong></span> <span class='ocrx_word' id='word_1_829' title='bbox 3659 4999 3714 5045; x_wconf 87' lang='lat' dir='ltr'><strong>et</strong></span> 
     </span>
    </p>
   </div>
   <div class='ocr_carea' id='block_1_117' title="bbox 2147 5063 3551 5140">
    <p class='ocr_par' dir='ltr' id='par_1_117' title="bbox 2147 5063 3551 5140">
     <span class='ocr_line' id='line_1_118' title="bbox 2147 5063 3551 5140; baseline -0.007 -17"><span class='ocrx_word' id='word_1_830' title='bbox 2147 5063 2282 5140; x_wconf 59' lang='lat' dir='ltr'><strong>Maia.</strong></span> <span class='ocrx_word' id='word_1_831' title='bbox 2309 5063 2936 5140; x_wconf 19' lang='lat' dir='ltr'><strong>fStEp‘prdto-ghabent.</strong></span> <span class='ocrx_word' id='word_1_832' title='bbox 2973 5066 3115 5140; x_wconf 81' lang='lat' dir='ltr'><strong>quod</strong></span> <span class='ocrx_word' id='word_1_833' title='bbox 3153 5065 3324 5140; x_wconf 82' lang='lat' dir='ltr'><strong>magis</strong></span> <span class='ocrx_word' id='word_1_834' title='bbox 3353 5063 3551 5140; x_wconf 74' lang='lat' dir='ltr'><strong>placet.</strong></span> 
     </span>
    </p>
   </div>
   <div class='ocr_carea' id='block_1_118' title="bbox 2215 5132 3710 5210">
    <p class='ocr_par' dir='ltr' id='par_1_118' title="bbox 2215 5132 3710 5210">
     <span class='ocr_line' id='line_1_119' title="bbox 2215 5132 3710 5210; baseline -0.007 -18"><span class='ocrx_word' id='word_1_835' title='bbox 2215 5139 2326 5210; x_wconf 76' lang='grc'><strong>(91)</strong></span> <span class='ocrx_word' id='word_1_836' title='bbox 2359 5132 2626 5210; x_wconf 48' lang='lat' dir='ltr'><strong>Atatem;</strong></span> <span class='ocrx_word' id='word_1_837' title='bbox 2672 5132 3000 5210; x_wconf 23' lang='lat' dir='ltr'><strong>exigar-tim;</strong></span> <span class='ocrx_word' id='word_1_838' title='bbox 3038 5135 3350 5210; x_wconf 45' lang='lat' dir='ltr'><strong>Ampliat-tor</strong></span> <span class='ocrx_word' id='word_1_839' title='bbox 3381 5132 3710 5210; x_wconf 64' lang='lat' dir='ltr'><strong>scripturam</strong></span> 
     </span>
    </p>
   </div>
   <div class='ocr_carea' id='block_1_119' title="bbox 2144 5201 3712 5268">
    <p class='ocr_par' dir='ltr' id='par_1_119' title="bbox 2144 5201 3712 5268">
     <span class='ocr_line' id='line_1_120' title="bbox 2144 5201 3712 5268; baseline -0.005 -6"><span class='ocrx_word' id='word_1_840' title='bbox 2144 5201 2347 5264; x_wconf 83' lang='lat' dir='ltr'><strong>codicis</strong></span> <span class='ocrx_word' id='word_1_841' title='bbox 2378 5201 2614 5262; x_wconf 66' lang='lat' dir='ltr'><strong>Medicari</strong></span> <span class='ocrx_word' id='word_1_842' title='bbox 2662 5219 2714 5259; x_wconf 87' lang='lat' dir='ltr'><strong>et</strong></span> <span class='ocrx_word' id='word_1_843' title='bbox 2747 5201 2908 5266; x_wconf 51' lang='lat' dir='ltr'><strong>Mam,</strong></span> <span class='ocrx_word' id='word_1_844' title='bbox 2957 5203 3089 5258; x_wconf 82' lang='lat' dir='ltr'><strong>Fuk.</strong></span> <span class='ocrx_word' id='word_1_845' title='bbox 3127 5201 3174 5256; x_wconf 84' lang='lat' dir='ltr'><strong>et</strong></span> <span class='ocrx_word' id='word_1_846' title='bbox 3211 5201 3364 5264; x_wconf 87' lang='lat' dir='ltr'><strong>Sav.,</strong></span> <span class='ocrx_word' id='word_1_847' title='bbox 3414 5202 3464 5252; x_wconf 92' lang='lat' dir='ltr'><strong>in</strong></span> <span class='ocrx_word' id='word_1_848' title='bbox 3516 5201 3712 5268; x_wconf 87' lang='lat' dir='ltr'><strong>quibus</strong></span> 
     </span>
    </p>
   </div>
   <div class='ocr_carea' id='block_1_120' title="bbox 2141 5269 3716 5349">
    <p class='ocr_par' dir='ltr' id='par_1_120' title="bbox 2141 5269 3716 5349">
     <span class='ocr_line' id='line_1_121' title="bbox 2141 5269 3716 5349; baseline -0.006 -16"><span class='ocrx_word' id='word_1_849' title='bbox 2141 5281 2337 5349; x_wconf 84' lang='lat' dir='ltr'><strong>legitur</strong></span> <span class='ocrx_word' id='word_1_850' title='bbox 2389 5277 2651 5348; x_wconf 78' lang='grc' dir='ltr'>ἐπιμονὴν</span> <span class='ocrx_word' id='word_1_851' title='bbox 2688 5277 2781 5329; x_wconf 78' lang='grc' dir='ltr'><strong>καὶ</strong></span> <span class='ocrx_word' id='word_1_852' title='bbox 2837 5275 2898 5327; x_wconf 83' lang='grc' dir='ltr'><strong>τὸ</strong></span> <span class='ocrx_word' id='word_1_853' title='bbox 2955 5273 3180 5349; x_wconf 79' lang='grc' dir='ltr'>μέγεθος</span> <span class='ocrx_word' id='word_1_854' title='bbox 3219 5272 3324 5325; x_wconf 83' lang='grc' dir='ltr'><strong>τῶν</strong></span> <span class='ocrx_word' id='word_1_855' title='bbox 3356 5269 3624 5341; x_wconf 85' lang='grc' dir='ltr'>βασάνων.</span> <span class='ocrx_word' id='word_1_856' title='bbox 3659 5270 3716 5324; x_wconf 89' lang='lat' dir='ltr'><strong>Id</strong></span> 
     </span>
    </p>
   </div>
   <div class='ocr_carea' id='block_1_121' title="bbox 2149 5348 3714 5414">
    <p class='ocr_par' dir='ltr' id='par_1_121' title="bbox 2149 5348 3714 5414">
     <span class='ocr_line' id='line_1_122' title="bbox 2149 5348 3714 5414; baseline -0.004 -14"><span class='ocrx_word' id='word_1_857' title='bbox 2149 5348 2266 5413; x_wconf 78' lang='lat' dir='ltr'><strong>est,</strong></span> <span class='ocrx_word' id='word_1_858' title='bbox 2310 5350 2370 5402; x_wconf 87' lang='lat' dir='ltr'><strong>ob</strong></span> <span class='ocrx_word' id='word_1_859' title='bbox 2414 5350 2779 5400; x_wconf 80' lang='lat' dir='ltr'><strong>assiduitatem</strong></span> <span class='ocrx_word' id='word_1_860' title='bbox 2843 5358 2888 5399; x_wconf 83' lang='lat' dir='ltr'><strong>et</strong></span> <span class='ocrx_word' id='word_1_861' title='bbox 2945 5348 3252 5414; x_wconf 79' lang='lat' dir='ltr'><strong>gravitatem</strong></span> <span class='ocrx_word' id='word_1_862' title='bbox 3310 5350 3714 5414; x_wconf 64' lang='lat' dir='ltr'><strong>tormentgrum.</strong></span> 
     </span>
    </p>
   </div>
   <div class='ocr_carea' id='block_1_122' title="bbox 2149 5409 3716 5488">
    <p class='ocr_par' dir='ltr' id='par_1_122' title="bbox 2149 5409 3716 5488">
     <span class='ocr_line' id='line_1_123' title="bbox 2149 5409 3716 5488; baseline -0.008 -14"><span class='ocrx_word' id='word_1_863' title='bbox 2149 5409 2281 5474; x_wconf 84' lang='lat' dir='ltr'><strong>Nam</strong></span> <span class='ocrx_word' id='word_1_864' title='bbox 2313 5421 2453 5488; x_wconf 87' lang='lat' dir='ltr'><strong>quod</strong></span> <span class='ocrx_word' id='word_1_865' title='bbox 2483 5432 2545 5471; x_wconf 83' lang='lat' dir='ltr'><strong>ex</strong></span> <span class='ocrx_word' id='word_1_866' title='bbox 2597 5417 2814 5471; x_wconf 87' lang='lat' dir='ltr'><strong>Gruteri</strong></span> <span class='ocrx_word' id='word_1_867' title='bbox 2865 5409 3023 5488; x_wconf 63' lang='grc' dir='ltr'><strong>Ιὶιιῖο⁸</strong></span> <span class='ocrx_word' id='word_1_868' title='bbox 3045 5415 3358 5488; x_wconf 85' lang='lat' dir='ltr'><strong>proponitur</strong></span> <span class='ocrx_word' id='word_1_869' title='bbox 3387 5409 3716 5488; x_wconf 63' lang='grc' dir='ltr'>ὑπερβολήν,</span> 
     </span>
    </p>
   </div>
   <div class='ocr_carea' id='block_1_123' title="bbox 2150 5483 3717 5552">
    <p class='ocr_par' dir='ltr' id='par_1_123' title="bbox 2150 5483 3717 5552">
     <span class='ocr_line' id='line_1_124' title="bbox 2150 5483 3717 5552; baseline -0.004 -13"><span class='ocrx_word' id='word_1_870' title='bbox 2150 5483 2439 5544; x_wconf 81' lang='lat' dir='ltr'><strong>vanissima</strong></span> <span class='ocrx_word' id='word_1_871' title='bbox 2486 5488 2794 5550; x_wconf 88' lang='lat' dir='ltr'><strong>conjectura</strong></span> <span class='ocrx_word' id='word_1_872' title='bbox 2851 5498 2953 5539; x_wconf 86' lang='lat' dir='ltr'><strong>est.</strong></span> <span class='ocrx_word' id='word_1_873' title='bbox 3010 5485 3176 5537; x_wconf 79' lang='lat' dir='ltr'><strong>Paulo</strong></span> <span class='ocrx_word' id='word_1_874' title='bbox 3207 5495 3344 5552; x_wconf 87' lang='lat' dir='ltr'><strong>post,</strong></span> <span class='ocrx_word' id='word_1_875' title='bbox 3401 5486 3489 5534; x_wconf 85' lang='lat' dir='ltr'><strong>ubi</strong></span> <span class='ocrx_word' id='word_1_876' title='bbox 3522 5483 3717 5552; x_wconf 62' lang='lat' dir='ltr'><strong>legitur</strong></span> 
     </span>
    </p>
   </div>
   <div class='ocr_carea' id='block_1_124' title="bbox 2145 5548 3722 5630">
    <p class='ocr_par' dir='ltr' id='par_1_124' title="bbox 2145 5548 3722 5630">
     <span class='ocr_line' id='line_1_125' title="bbox 2145 5548 3722 5630; baseline -0.006 -17"><span class='ocrx_word' id='word_1_877' title='bbox 2145 5560 2306 5613; x_wconf 83' lang='grc' dir='ltr'>ὁπότε</span> <span class='ocrx_word' id='word_1_878' title='bbox 2355 5558 2520 5630; x_wconf 73' lang='grc' dir='ltr'>μηδὲν</span> <span class='ocrx_word' id='word_1_879' title='bbox 2552 5548 2716 5628; x_wconf 67' lang='grc' dir='ltr'>εἶχον,</span> <span class='ocrx_word' id='word_1_880' title='bbox 2769 5560 2938 5610; x_wconf 75' lang='lat' dir='ltr'><strong>codex</strong></span> <span class='ocrx_word' id='word_1_881' title='bbox 2985 5548 3269 5630; x_wconf 62' lang='lat' dir='ltr'><strong>Medic-mus</strong></span> <span class='ocrx_word' id='word_1_882' title='bbox 3299 5553 3545 5630; x_wconf 67' lang='lat' dir='ltr'><strong>et_Maz.,</strong></span> <span class='ocrx_word' id='word_1_883' title='bbox 3580 5548 3722 5630; x_wconf 65' lang='lat' dir='ltr'><strong>Fuit.</strong></span> 
     </span>
    </p>
   </div>
   <div class='ocr_carea' id='block_1_125' title="bbox 2146 5619 3718 5694">
    <p class='ocr_par' dir='ltr' id='par_1_125' title="bbox 2146 5619 3718 5694">
     <span class='ocr_line' id='line_1_126' title="bbox 2146 5619 3718 5694; baseline -0.007 -9"><span class='ocrx_word' id='word_1_884' title='bbox 2146 5641 2201 5685; x_wconf 94' lang='lat' dir='ltr'><strong>et</strong></span> <span class='ocrx_word' id='word_1_885' title='bbox 2229 5619 2394 5686; x_wconf 75' lang='lat' dir='ltr'><strong>Savii.</strong></span> <span class='ocrx_word' id='word_1_886' title='bbox 2419 5619 2972 5682; x_wconf 49' lang='lat' dir='ltr'><strong>Voceni&#39;interserunt</strong></span> <span class='ocrx_word' id='word_1_887' title='bbox 3006 5625 3108 5678; x_wconf 90' lang='lat' dir='ltr'><strong>hoc</strong></span> <span class='ocrx_word' id='word_1_888' title='bbox 3140 5624 3317 5694; x_wconf 90' lang='lat' dir='ltr'><strong>modo,</strong></span> <span class='ocrx_word' id='word_1_889' title='bbox 3348 5623 3508 5677; x_wconf 82' lang='grc' dir='ltr'>ὁπότε</span> <span class='ocrx_word' id='word_1_890' title='bbox 3543 5619 3718 5693; x_wconf 58' lang='grc' dir='ltr'>μηκώ-</span> 
     </span>
    </p>
   </div>
   <div class='ocr_carea' id='block_1_126' title="bbox 2145 5694 3217 5774">
    <p class='ocr_par' dir='ltr' id='par_1_126' title="bbox 2145 5694 3217 5774">
     <span class='ocr_line' id='line_1_127' title="bbox 2145 5694 3217 5774; baseline -0.007 -18"><span class='ocrx_word' id='word_1_891' title='bbox 2145 5719 2194 5756; x_wconf 90' lang='grc' dir='ltr'><strong>τι</strong></span> <span class='ocrx_word' id='word_1_892' title='bbox 2229 5699 2390 5774; x_wconf 86' lang='grc' dir='ltr'>μηδὲν</span> <span class='ocrx_word' id='word_1_893' title='bbox 2419 5694 2582 5771; x_wconf 74' lang='grc' dir='ltr'>εἶχον,</span> <span class='ocrx_word' id='word_1_894' title='bbox 2611 5699 2752 5768; x_wconf 89' lang='lat' dir='ltr'><strong>quod</strong></span> <span class='ocrx_word' id='word_1_895' title='bbox 2787 5706 2870 5754; x_wconf 84' lang='lat' dir='ltr'><strong>est</strong></span> <span class='ocrx_word' id='word_1_896' title='bbox 2898 5694 3217 5768; x_wconf 77' lang='lat' dir='ltr'><strong>elegantius.</strong></span> 
     </span>
    </p>
   </div>
  </div>
