4146 6460
529 348 633 412 M9

515 566 943 633 abnegaverant,
986 574 1118 639 cum,
1161 559 1279 631 jam
1323 559 1574 615 diabolus
1606 574 1636 613 a
1669 572 1729 614 se
1776 557 2089 628 absorptam

515 656 786 721 crederet,
814 653 1083 724 velletque
1112 653 1337 722 insuper
1373 652 1784 709 damnationem
1828 650 1971 707 illius
1996 665 2091 705 cu-

513 747 722 802 mulare
762 744 1120 816 blasphemia,
1174 744 1240 798 ad
1280 745 1601 814 supplicium
1655 743 1827 809 duxit,
1866 743 2089 812 adigens

512 857 631 895 eam
706 849 895 907 utpote
970 836 1220 910 fragilem
1272 837 1384 905 jam
1461 847 1517 893 et
1577 837 1869 909 ignavam,
1923 836 2086 906 impia

515 934 676 1004 159
698 933 763 987 de
789 932 944 988 nobis
982 930 1251 1002 proloqui.
1289 928 1484 985 Verum
1533 930 1623 984 illa
1658 930 1887 1001 resipuit
1934 931 2086 985 inter

509 1027 809 1091 cruciatus,
861 1037 927 1078 ac
976 1022 1138 1079 veluti
1186 1038 1252 1077 ex
1293 1023 1557 1079 altissimo
1606 1037 1798 1078 somno
1850 1023 2085 1077 excitata

507 1128 613 1184 est,
652 1125 915 1187 praesente
939 1117 1209 1186 supplicio
1247 1116 1314 1169 de
1337 1125 1556 1170 aeterna:
1582 1117 1846 1186 gehennae
1870 1116 2085 1169 crucia-

509 1211 653 1265 tibus
697 1210 867 1279 ipsam
905 1209 1285 1263 submonente.
1318 1206 1388 1263 Et
1423 1205 1806 1262 contradicens
1856 1207 2081 1277 impiis:

504 1299 608 1366 Qui
643 1299 756 1354 fieri
811 1307 1014 1368 posset.
1053 1298 1248 1367 inquit,
1308 1306 1368 1351 ut
1426 1296 1664 1351 infantes
1709 1299 2077 1360 comederent,

502 1391 701 1460 quibus
751 1404 821 1443 ne
862 1390 1179 1459 sanguinem
1229 1389 1447 1458 quidem
1504 1388 1863 1442 animantium
1920 1389 2083 1458 degu-

505 1495 653 1535 stare
674 1480 823 1534 licet.
849 1481 1060 1535 Abhinc
1077 1480 1439 1535 Christianam
1467 1495 1523 1535 se
1556 1496 1676 1535 esse
1708 1480 1986 1545 confessa,
2025 1482 2077 1535 in

508 1572 841 1625 consortium
891 1582 1191 1643 martyrum
1255 1572 1425 1627 relata
1481 1581 1583 1628 est.
1607 1572 1779 1627 Porro
1810 1588 1931 1627 cum
1960 1574 2080 1628 uni-

499 1676 656 1715 versa
726 1672 1083 1732 tyrannorum
1141 1673 1409 1716 tormenta
1462 1678 1557 1730 per
1606 1673 1904 1734 martyrum
1940 1680 2077 1719 cou-

502 1753 756 1806 stantiam
792 1770 820 1805 a
861 1754 1077 1807 Christo
1105 1765 1289 1808 essent
1314 1755 1568 1807 hebetata
1602 1770 1665 1807 ac
1703 1765 1911 1819 retusa,
1938 1755 2074 1808 alias

1220 345 1492 406 EUSEBII
1531 342 2013 403 CESARIENSIS
2054 342 2206 402 OPP.
2246 343 2428 402 PARS
2465 344 2506 401 I.
2547 375 2617 390 -—
2656 344 3051 403 HISTOBICA.

352 484 373 503 -
427 516 432 523 .
516 472 639 531 dem
668 470 958 543 quamdam
1003 483 1069 524 ex
1092 482 1281 523 eorum
1307 483 1530 523 numero
1551 467 1644 537 qui
1687 466 1887 522 Christi
1924 465 2053 521 fider

2189 466 2283 518 καὶ
2322 468 2422 531 τὰς
2465 466 2658 531 λοιπὰς
2705 466 2909 532 αἰκίας,
2956 467 3089 531 ὅσας
3134 466 3391 524 εἰώθασιν
3432 471 3779 544 ὀργιζόμενοι

3671 356 3779 414 ιεο

2196 557 2479 629 ὑπουργοὶ,
2532 559 2625 611 κα)⁸
2670 557 2842 611 ταῦτα
2881 557 3128 611 διαϐόλου
3179 557 3429 631 πλήρεις,
3478 562 3777 621 διατιθέναι

2190 648 2317 712 τοὺς
2369 648 2800 720 ἐγκλειομένους,
2857 649 3000 703 ὥστε
3053 651 3420 721 ἀποπνιγῆναι
3455 656 3582 720 τοὺς
3626 656 3778 711 πλεί-

2193 756 2352 803 στους
2376 740 2435 792 ἐν
2453 742 2518 811 τῇ
2556 742 2771 811 εἱρκτῇ,
2819 739 2979 804 ὅσους
3007 755 3071 808 γε
3097 741 3125 793 6
3175 740 3379 813 Κύριος
3409 740 3582 808 οὕτως
3623 745 3776 809 ἐξελ-

2193 831 2303 885 θεῖν
2325 832 2613 903 ⁴ίιθέλησεν,
2649 831 2998 886 ἐπιδεικνύων
3039 834 3137 903 τὴν
3163 832 3328 886 αὑτοῦ
3370 832 3546 898 δόξαν.
3582 837 3644 888 ΟΞ
3675 838 3774 908 μὲν

2188 926 2297 998 γὰρ
2346 925 2763 997 βασανισθέντες
2808 924 3041 997 πικρῶς,
3089 925 3229 979 ῶστε
3263 926 3438 980 δοκεῖν
3495 928 3627 1000 μηδὲ
3671 929 3773 1002 τῆς

2187 1017 2368 1087 πάσης
2401 1016 2695 1087 θεραπείας
2733 1017 2993 1088 τυχόντας
3041 1016 3120 1070 ἔτι
3153 1018 3317 1088 ζῆσαι
3347 1017 3628 1084 δύνασθαι,
3661 1037 3770 1074 πα-

2189 1108 2411 1181 ρέμενον
2435 1111 2493 1162 ἐν
2531 1110 2596 1180 τῇ
2631 1111 2843 1181 εἱρκτῇ,
2874 1108 3070 1181 ἔρημοι
3106 1109 3203 1180 μὲν
3240 1108 3341 1178 τῆς
3364 1110 3515 1183 παρὰ
3557 1112 3769 1183 ἀνθρώ-

2184 1216 2300 1252 πων
2333 1198 2667 1270 ἐπιμελείας,
2698 1199 3175 1271 ἀναρρωννύμενοι
3200 1199 3257 1252 δὲ
3290 1199 3394 1252 ὑπὸ
3426 1200 3521 1254 τοῦ
3561 1203 3767 1273 Κυρίου

2184 1291 2278 1344 καὶ
2308 1290 2767 1362 ἐνδυναμούμενοι
2805 1292 2899 1344 καὶ
2941 1290 3151 1361 σώματι
3179 1291 3272 1345 καὶ
3299 1291 3465 1363 ψυχῇ,
3498 1295 3592 1346 καί¹
3643 1295 3770 1360 τοὺς

2181 1383 2400 1447 λοιποὺς
2449 1382 2842 1455 παρορμῶντες
2893 1382 2988 1438 καὶ
3043 1382 3553 1454 παραμυθούμενοι.
3606 1388 3669 1439 Οἱ
3711 1386 3768 1439 δὲ

2180 1472 2363 1544 νεαροὶ
2392 1473 2484 1526 καὶ
2513 1474 2636 1544 ἄρτι
2671 1472 3112 1543 συνειλημμένοι,
3144 1468 3217 1527 ὧν
3260 1473 3335 1545 μὴ
3362 1474 3767 1546 προκατῄκιστο

2179 1566 2248 1619 τὰ
2299 1564 2550 1637 σώματα,
2581 1564 2643 1616 τὸ
2683 1564 2848 1635 βάρος
2896 1564 2995 1616 οὐκ
3024 1565 3216 1636 ἔφερον
3248 1565 3349 1634 τῆς
3380 1566 3763 1635 συγκλείσεως,

2179 1657 2293 1713 ἀλλ’
2317 1657 2462 1710 ἔνδον
2500 1656 2921 1727 ἐναπέθνησκον.
2970 1657 3026 1709 '0
3061 1656 3117 1708 δὲ
3150 1657 3419 1726 μακάριος
3458 1656 3711 1722 Ποθεινὸς
3736 1658 3765 1711 6

2176 1750 2274 1821 τὴν
2293 1749 2565 1803 διακονίαν
2599 1749 2698 1819 τῆς
2719 1747 3024 1817 ἐπισκοπῆς
3046 1749 3103 1800 ἐν
3133 1748 3448 1818 Λουγδούνῳ
3477 1766 3766 1802 πεπιστευ-

502 1846 783 1899 machinas
810 1844 1058 1899 diabolus
1080 1846 1432 1914 excogitavit,
1464 1857 1521 1897 ut
1552 1846 1764 1900 scilicet
1796 1847 1849 1899 in
1878 1846 2053 1900 obscu‘

2183 1843 2362 1912 μένος,
2393 1841 2532 1912 ὑπὲρ
2565 1840 2632 1894 τὰ
2657 1841 2979 1911 ἐνενήκοντα
3007 1838 3100 1909 ἐτη
3130 1839 3229 1908 τῆς
3261 1838 3475 1909 ἡλικίας
3500 1840 3759 1908 γεγονὼς,

497 1935 774 1990 rissimum
811 1950 874 1990 ac
919 1936 1364 1991 molestissimum
1398 1938 1638 1991 carceris
1672 1937 1847 1992 locum
1901 1937 2074 2006 conji-

492 2037 770 2093 cerentur,
816 2036 983 2094 utque
1036 2028 1203 2095 pedes
1245 2027 1300 2080 in
1335 2041 1502 2082 nervo
1534 2028 1600 2079 ad
1626 2029 1870 2095 quintum
1902 2044 2073 2096 usque

494 2116 736 2170 foramen
789 2116 1066 2170 distensos
1103 2116 1389 2176 haberent.
1424 2131 1488 2169 ac
1519 2116 1723 2184 reliqua
1764 2117 2069 2186 huiusmodi

490 2208 825 2259 crnciatuum
858 2221 1056 2274 genera
1080 2206 1404 2275 perferrent,
1462 2206 1660 2274 quibus
1693 2205 1948 2273 ministri,
1982 2217 2070 2261 ut-

489 2307 614 2366 pote
648 2296 842 2350 infensi
872 2305 924 2350 et
949 2311 975 2348 a
1006 2296 1248 2350 dmmone
1278 2296 1515 2360 incitati,
1565 2310 1769 2350 vexare
1829 2296 2069 2352 inclusos

485 2395 903 2442 consueverunt.
937 2388 1086 2441 Adeo
1117 2397 1173 2440 u'.
1208 2400 1271 2440 ex
1297 2402 1483 2441 eorum
1525 2403 1753 2442 nmnero
1783 2388 2069 2457 quamplu-

488 2481 607 2534 rimi
660 2481 713 2533 in
762 2494 985 2534 carcere
1026 2477 1273 2532 suﬂ‘ocati
1308 2480 1646 2545 interierint,
1677 2494 1816 2549 quos
1850 2480 2066 2534 scilicet

484 2568 647 2634 Deus,
692 2569 782 2637 qui
834 2583 989 2623 suam
1023 2568 1073 2621 in
1111 2567 1366 2621 omnibus
1409 2568 1635 2638 gloriam
1665 2568 1923 2632 ostendit,
1962 2569 2067 2624 hoc

484 2658 678 2712 mortis
701 2672 918 2728 genere
950 2658 1168 2727 defungi
1198 2659 1459 2711 voluerat.
1503 2658 1610 2711 Alii
1650 2657 1942 2727 siquidem,
1972 2660 2061 2728 qui

483 2750 838 2803 acerbissime
891 2749 1189 2803 excruciati
1245 2748 1488 2815 fuerant,
1525 2749 1598 2803 ita
1655 2758 1716 2802 ut
1763 2764 1832 2804 ne
1881 2749 2063 2805 vivere

482 2845 700 2913 quidem
756 2844 962 2898 diutius
1001 2856 1167 2908 posse
1216 2842 1577 2897 crederentur
1623 2841 1875 2911 quamvis
1912 2843 2059 2898 omni

481 2937 780 2991 curationis
821 2948 1025 3005 genere
1076 2934 1363 2990 refocillati
1419 2933 1685 3002 fuissent,
1741 2950 2060 3005 permanse-

482 3029 674 3082 runtin
701 3027 945 3081 custodia
977 3044 991 3081 :
1018 3026 1295 3081 hominum
1327 3026 1541 3094 quidem
1566 3027 1765 3082 auxilio
1790 3027 2055 3093 destituti,

481 3134 667 3172 verum
706 3120 944 3173 roborati
976 3134 1003 3171 ο
1041 3119 1174 3183 Deo,
1204 3126 1258 3172 et
1299 3128 1408 3172 tam
1451 3118 1615 3172 animi
1664 3133 1826 3187 quam
1859 3134 2055 3190 corpo-

480 3206 556 3259 ris
581 3207 763 3275 vigore
795 3205 1028 3269 firmati;
1061 3208 1152 3276 qui
1177 3206 1396 3276 quidem
1423 3185 1798 3262 accendebant
1825 3185 2055 3265 exteros
2084 3185 2125 3242 θ

475 3304 530 3348 et
550 3294 993 3350 consolabantur.
1029 3297 1131 3351 Alii
1162 3311 1292 3352 vero
1324 3296 1524 3352 novelli
1550 3298 1647 3369 qui
1684 3312 1879 3354 recens
1902 3313 2052 3354 com-

475 3388 733 3455 prehensi
767 3388 1003 3451 fuerant,
1034 3404 1268 3457 quorum
1302 3405 1534 3460 corpora
1562 3390 1899 3447 cruciatibus
1928 3406 2054 3461 per-

476 3477 713 3533 ferendis
746 3480 981 3534 noudum
1010 3489 1378 3547 assueverant,
1412 3496 1533 3535 cum
1567 3482 1886 3551 gravitatem
1929 3499 2052 3537 car—

474 3572 615 3626 ceris
635 3572 747 3640 pati
770 3587 876 3627 non
910 3581 1155 3640 possent,
1181 3573 1233 3627 in
1266 3574 1382 3642 ipsa
1404 3575 1649 3628 custodia
1674 3574 2047 3645 exspirarunt.

473 3663 827 3720 Beatissimus
859 3676 1040 3721 autem
1068 3666 1353 3731 Pothinus,
1386 3668 1476 3737 qui
1507 3668 1878 3739 episcopatum
1908 3669 2050 3739 Lug-

471 3756 731 3813 dunensis
777 3757 1035 3813 Ecclesiae
1077 3759 1496 3814 administrabat
1533 3759 1905 3828 nonagenario
1933 3776 2049 3813 ma-

465 3848 576 3918 jor,
606 3859 661 3901 et
685 3864 916 3921 corpore
964 3851 1254 3905 admodum
1312 3850 1552 3916 infirmo,
1600 3857 1671 3908 ob
1720 3863 2043 3922 praesentem

471 3941 693 4008 quidem
716 3945 961 4010 corporis
996 3941 1421 3998 imbecillitatem
1464 3959 1610 4014 aegre
1636 3947 1886 4016 spiritum
1930 3957 2041 4002 tra~

473 4030 628 4096 heus,
652 4041 908 4086 caeterum
962 4049 1072 4101 prae
1101 4035 1399 4116 cupiditate
1429 4037 1765 4094 imminentis
1794 4042 2039 4112 martyrii

469 4124 701 4178 mirabili
762 4125 1042 4181 alacritate
1089 4129 1256 4183 animi
1316 4130 1582 4195 firmatus,
1628 4132 1794 4186 etiam
1830 4135 1945 4204 ipse
1974 4134 2039 4188 ad

472 4215 704 4270 tribunal
729 4216 1010 4273 ferebatur
1044 4237 1057 4273 :
1088 4234 1312 4288 corpore
1352 4222 1568 4291 quidem
1618 4226 1816 4292 partim
1849 4227 1918 4280 ob
1953 4241 2039 4281 se-

2179 1936 2274 1988 καὶ
2311 1935 2453 1988 πάνυ
2474 1932 2705 2003 ἀσθενὴς
2721 1930 2798 2001 τῷ
2825 1930 3058 2001 σώματι,
3084 1931 3235 2001 μόλις
3267 1931 3366 2001 μὲν
3399 1932 3649 2002 ἐμπνέων
3675 1933 3763 1986 διὰ

2177 2024 2274 2096 τὴν
2318 2024 2682 2096 προκειμένην
2726 2024 2801 2093 (5)
2852 2023 3167 2094 σωματικὴν
3209 2022 3512 2088 ἀσθένειαν,
3562 2024 3668 2079 ὑπὸ
3702 2021 3759 2077 δὲ

2177 2116 2484 2187 προθυμίας
2510 2114 2819 2185 πνεύματος
2835 2113 3156 2187 ἀναρρωννύ
3165 2131 3325 2184 μενος
3350 2113 3437 2167 διὰ
3453 2116 3550 2185 τὴν
3578 2116 3759 2182 ἐγκειει

2178 2205 2344 2277 μένην
2370 2205 2470 2275 τῆς
2507 2204 2810 2275 μαρτυρίας
2859 2202 3179 2274 ἐπιθυμίαν,
3232 2203 3325 2257 καὶ
3359 2203 3521 2267 αὐτὸς
3572 2202 3664 2256 ἐπὶ
3694 2201 3758 2257 τὸ

2176 2296 2325 2367 βῆμα
2354 2296 2598 2367 ἐσύρετο,
2636 2296 2730 2349 τοῦ
2759 2295 2857 2366 μὲν
2889 2293 3140 2365 σώματος
3168 2294 3262 2348 κα)⁵
3294 2295 3398 2347 ὑπὸ
3443 2295 3537 2348 τοῦ
3568 2296 3757 2367 γήρως

2173 2390 2268 2444 καὶ
2299 2389 2404 2442 ὑπὸ
2430 2387 2528 2458 τῆς
2553 2387 2708 2441 νόσου
2736 2385 3050 2456 λελυμένου,
3081 2385 3421 2457 τηρουμένης
3450 2384 3505 2437 δὲ
3534 2384 3634 2455 τῆς
3654 2385 3757 2456 ψυο-

2171 2484 2271 2553 χῆς
2302 2485 2358 2535 ἐν
2388 2480 2555 2552 αὐτῷ,
2582 2482 2671 2535 ἵνα
2695 2479 2761 2533 δι’
2798 2480 2965 2549 αὐτῆς
2991 2479 3224 2546 Χριστὸς
3254 2476 3615 2550 θριαμϐεύσῃ.
3658 2480 3754 2542 Ὃς

2172 2574 2276 2627 ὑπὸ
2303 2574 2410 2627 τῶν
2447 2572 2795 2644 στρατιωτῶν
2825 2571 2919 2624 ἐπὶ
2945 2569 3006 2622 τὸ
3052 2570 3202 2641 βῆμα
3234 2569 3534 2642 κομισθεὶς,
3567 2587 3751 2642 παρα-

2169 2665 2496 2736 πεμπόντων
2531 2664 2692 2717 αὐτὸν
2732 2663 2842 2716 τῶν
2871 2661 3160 2716 πολιτικῶν
3185 2660 3463 2728 ἐξουσιῶν,
3490 2662 3584 2714 κα)⁵
3611 2679 3744 2715 παν-

2166 2758 2259 2821 τὸς
2300 2756 2394 2810 τοῦ
2429 2756 2668 2827 πλήθους
2717 2754 3029 2827 ἐπιϐοήσεις
3090 2752 3348 2816 παντοίας
3392 2753 3747 2823 ποιουμένων,

2166 2850 2241 2913 ὡς
2272 2849 2434 2903 αὑτοῦ
2451 2848 2603 2909 ὄντος
2626 2846 2720 2901 τοῦ
2741 2844 2998 2918 Χριστοῦ,
3022 2845 3269 2899 ἀπεδίδου
3294 2844 3391 2916 τὴν
3415 2844 3583 2917 καλὴν
3609 2863 3747 2917 μαρ-

2163 2942 2377 3012 τυρίαν.
2441 2938 2859 3010 ’Λνεταζόμενος
2913 2938 2968 2991 δὲ
3029 2936 3133 2990 ὑπὸ
3180 2935 3275 2989 τοῦ
3333 2937 3618 3009 ἡγεμόνος,
3663 2937 3748 3000 τίς

2164 3033 2248 3104 εἴη
2272 3031 2613 3103 Χριστιανῶν
2646 3034 2674 3085 6
2704 3030 2856 3094 Θεὸς,
2899 3029 3024 3099 ἔφη’
3068 3048 3085 3081 ι
3148 3028 3273 3083 Ἐὰν
3307 3026 3373 3104 ᾖς
3410 3028 3576 3096 ἄξιος,
3603 3029 3744 3097 γνῶ-

2164 3140 2253 3198 σῃ.
2293 3144 2311 3176 ι
2358 3122 2639 3177 Ἐντεῦθεν
2685 3122 2749 3194 δὴ
2800 3121 3034 3190 ἀφειδῶς
3070 3119 3314 3191 ἐσύρετο,
3349 3121 3444 3173 καὶ
3494 3120 3745 3184 ποικίλας

2159 3219 2365 3289 ἔπασχε
2411 3216 2644 3289 πληγὰς,
2674 3215 2780 3269 τῶν
2817 3215 2914 3285 μὲν
2952 3213 3237 3281 σύνεγγυς,
3281 3214 3437 3285 χερσὶ
3468 3212 3562 3266 καὶ
3588 3213 3744 3267 ποσὶν

2160 3310 2548 3382 ἐνυϐριζόντων
2597 3308 2887 3370 παντοίως,
2933 3305 3067 3377 μηδὲ
3107 3306 3204 3376 τὴν
3249 3303 3462 3376 ἡλικίαν
3494 3304 3745 3374 αἰδουμέ-

2158 3419 2264 3456 νων
2288 3399 2473 3465 αὐτοῦ,
2520 3398 2629 3452 τῶν
2681 3398 2740 3451 δὲ
2778 3397 3013 3469 μακρὰν,
3042 3396 3070 3449 ὃ
3111 3394 3251 3467 μετὰ
3297 3400 3485 3467 χεῖρας
3511 3397 3743 3460 ἕκαστος

2158 3492 2321 3566 εἶχεν,
2362 3496 2443 3556 εἰς
2470 3493 2631 3546 αὐτὸν
2652 3490 3063 3554 ἀκοντιζόντων,
3092 3490 3308 3543 πάντων
3337 3490 3394 3542 δὲ
3419 3489 3740 3560 ἡγουμένων

2159 3588 2408 3659 μεγάλως
2433 3584 2770 3656 πλημμελεῖν
2805 3583 2899 3636 καὶ
2932 3581 3167 3645 ἀσεϐεῖν,
3199 3580 3253 3633 εἴ
3278 3598 3362 3644 τις
3385 3579 3737 3653 ἀπολειφθείη

2152 3680 2253 3750 τῆς
2292 3680 2372 3742 είς
2404 3677 2563 3741 αὐτὸν
2593 3675 2896 3743 ἀσελγείας
2935 3676 3027 3728 καὶ
3047 3674 3155 3745 γὰρ
3184 3673 3308 3737 τοὺς
3344 3672 3499 3736 θεοὺς
3528 3672 3739 3726 ἑαυτῶν

2153 3768 2319 3839 ᾤοντο
2345 3767 2518 3831 οὕτως
2551 3766 2875 3837 ἐκδικήσειν.
2927 3765 3036 3819 Καὶ
3065 3764 3223 3834 μόγις
3250 3764 3501 3833 ἐμπνέων
3534 3765 3734 3837 ἐρρίφη

2152 3861 2209 3913 ὲν
2260 3862 2325 3932 τῇ
2370 3862 2559 3932 εἱρκτῇ
2596 3860 2693 3930 (4),
2740 3859 2834 3912 καὶ
2894 3856 3037 3929 μετὰ
3062 3855 3153 3909 δύο
3197 3856 3409 3928 ἡμέρας
3437 3855 3730 3927 ὰπέψυξεν.

2164 3948 2426 4005 Ἐνταῦθα
2443 3950 2507 4020 δὴ
2544 3948 2754 4021 μεγάλη
2779 3964 2863 4011 τις
2894 3945 3177 4016 οἰκονομία
3208 3945 3302 3999 τοῦ
3329 3945 3464 4001 Θεοῦ
3499 3947 3731 4016 ἐγίνετο,

2149 4042 2241 4094 καὶ
2264 4041 2409 4105 ἕλεος
2434 4042 2743 4113 ἀμέτρητον
2772 4037 3090 4106 ἀνεφαίνετο
3119 4036 3317 4107 Ἰησοῦ,
3353 4037 3597 4101 σπανίως
3631 4037 3731 4107 μὲν

2149 4135 2207 4186 ἐν
2230 4136 2295 4204 τῇ
2341 4132 2659 4201 ἀδελφότητι
2711 4130 2933 4199 γεγονὸς
2962 4128 3060 4198 (5),
3115 4127 3190 4199 μὴ
3223 4127 3647 4199 ἀπολειπόμενον
3672 4127 3728 4181 δὲ

2146 4227 2246 4297 τῆς
2298 4225 2492 4295 τέχνης
2522 4222 2616 4275 τοῦ
2652 4220 2909 4293 Χριστοῦ.
2960 4221 3020 4272 Οἱ
3062 4218 3171 4290 γὰρ
3200 4220 3340 4273 κατὰ
3369 4219 3466 4289 τὴν
3505 4219 3727 4291 πρώτην

467 4376 633 4429 Porro
685 4373 844 4438 hujus
896 4375 1139 4443 supplicii
1189 4376 1305 4430 lnec
1353 4378 1568 4432 videtur
1617 4378 1781 4435 fuisse
1825 4381 2019 4436 forma.
2056 4386 2098 4440 D
2126 4385 2261 4436 stitit
2296 4384 2432 4436 inter
2462 4383 2563 4435 ista
2591 4380 2770 4434 divina
2807 4377 3244 4439 Providentia,ut
3275 4376 3329 4428 in
3354 4377 3516 4427 tantis
3537 4379 3724 4443 patria:

466 4444 711 4498 Truncus
737 4443 838 4497 fuit
864 4443 1092 4514 ligneus,
1119 4447 1299 4513 quinis
1334 4446 1461 4501 hinc
1486 4458 1541 4501 et.
1589 4450 1711 4504 inde
1739 4451 2027 4505 foramini-

467 4514 564 4568 bus
591 4524 740 4568 certo
763 4514 991 4567 invicem
1029 4516 1203 4583 spatio
1233 4516 1420 4571 divisis
1448 4528 1762 4575 excavatus.
1817 4521 1872 4573 In
1913 4523 2028 4576 inec

466 4584 725 4658 foramina
765 4595 1020 4658 tanquam
1056 4587 1104 4639 in
1135 4588 1636 4658 ocreasqnasdam.
1676 4593 1839 4658 pedes
1888 4592 2030 4646 iuse-

467 4654 723 4728 rebantur
751 4656 1059 4728 noxiorum,
1087 4666 1150 4728 et
1169 4654 1396 4711 vinculis
1430 4673 1522 4713 seu
1555 4654 1735 4713 nervis
1761 4660 2026 4728 astringe-

465 4723 679 4787 bantur,
735 4731 900 4799 ιιι-οι
943 4724 1188 4799 Aratoris
1238 4729 1484 4799 versibus
1546 4728 1842 4799 colligitur,
1890 4723 2027 4798 quos

460 4808 620 4861 supra
656 4793 940 4848 retulimus
971 4795 1023 4847 in
1052 4795 1496 4851 adnotationibus
1528 4798 1595 4852 ad
1624 4793 1835 4854 librum
1856 4793 1929 4853 tv'.
1962 4801 2028 4855 Et

459 4859 687 4939 glutinus
722 4864 940 4932 quidem
967 4864 1082 4920 haec
1110 4866 1389 4939 foramina
1410 4867 1567 4939 vulgo
1617 4879 1811 4937 puncta
1840 4871 2026 4938 appel-

457 4933 568 5007 lata
602 4948 720 5007 cs_s_e
767 4942 1043 5007 testatum
1069 4937 1214 5004 quod
1254 4933 1546 4992 conﬁnth
1596 4933 1746 4994 locus
1790 4933 2023 5007 exipas~

455 5005 611 5074 sione
633 5002 921 5074 Cbrysanti
947 5012 1002 5057 et
1029 5002 1224 5072 Duriae,
1257 5022 1414 5074 quem
1442 5008 1637 5063 ibidem
1664 5002 2022 5063 adduxiCSed

456 5073 597 5145 quod
627 5073 853 5145 Rufinus
878 5075 1162 5145 septimum
1189 5073 1448 5145 punctum
1473 5078 1628 5139 dixit,
1654 5079 1739 5132 vix
1764 5079 2026 5134 credibile

455 5144 589 5217 mihi
646 5142 881 5217 videtur.
926 5143 1112 5217 Certe
1140 5142 1402 5201 Eusebius
1445 5149 1547 5202 boe
1596 5148 1716 5204 loco
1773 5149 2020 5217 quintum

452 5213 716 5267 duntaxat
744 5212 984 5265 foramen
1009 5214 1143 5268 dixit
1178 5231 1193 5270 :
1227 5225 1280 5269 et
1331 5217 1451 5270 aliis
1473 5218 1523 5269 in
1573 5218 1709 5273 locis
1743 5212 1887 5273 hunc
1922 5235 2023 5271 nu-

452 5297 660 5355 merum
686 5282 1013 5355 foraminum
1050 5299 1321 5355 nunquam
1349 5302 1734 5355 supergressus
1757 5296 1861 5343 est.

522 5354 599 5425 (5)
627 5354 731 5408 Διὰ
759 5352 872 5421 τὴν
905 5352 1320 5423 προκειμένην.
1349 5352 1459 5410 Hoc
1487 5352 1603 5412 loco
1635 5360 1796 5413 verba
1836 5356 2022 5411 viden—

451 5429 540 5496 tur
563 5439 685 5496 esse
710 5427 1057 5496 transposita.
1087 5426 1690 5496 bicigitnrlegen‘dutn
1733 5436 1883 5496 puto,
1930 5425 2020 5479 διὰ

446 5490 544 5565 τὴν
574 5490 900 5566 ἐγκειμένην
926 5490 1251 5566 σωματικὴν
1261 5490 1569 5566 ἀσθένειαν.
1607 5497 1673 5550 Et
1696 5490 1852 5566 paulo
1872 5490 1878 5491 ⁷
1901 5505 2020 5565 post

449 5563 535 5640 tibi
565 5563 890 5640 legitur,_6t3t
921 5563 1021 5634 τὴν
1047 5563 1370 5640 ἐγκειμένην
1408 5566 1509 5635 τῆς
1544 5563 1845 5640 μαρτυρίας
1897 5563 2018 5620 ἐπι-

449 5584 535 5615 ιιυι
566 5584 776 5634 tegitur,
804 5584 890 5617 οια
921 5584 1020 5634 την
1047 5584 1300 5635 εγκειμεν
1342 5584 1370 5616 ν
1408 5584 1509 5635 της
1544 5584 1845 5640 μαρτυρίας
1897 5584 2018 5620 επι-

447 5631 665 5702 θυμίαν,
696 5637 874 5706 scribo
896 5636 1283 5706 προκειμένην.
1307 5584 1486 5692 ⁷ί³οιτο
1510 5640 1608 5692 hoc
1630 5638 1844 5693 Pomini
1874 5653 2019 5690 mar.

446 5707 644 5778 tyrium
689 5704 1106 5778 οίεεοιιιὶεείιιιο
1132 5704 1393 5778 describit
1442 5707 1742 5778 Eueherius
1795 5707 2016 5778 Lugdu-

444 5774 624 5830 ncttsis
658 5776 943 5844 episcopus
970 5782 1024 5831 in
1055 5791 1307 5834 sermone
1327 5776 1396 5835 de
1428 5777 1486 5833 S.
1521 5776 1782 5835 Blandina
1810 5794 1825 5833 :
1857 5774 2012 5834 Prte-

2132 4453 2434 4519 sacriﬁciis,
2468 4453 2625 4505 etiam
2665 4449 2909 4516 pontifex
2944 4464 3063 4519 Anon
3104 4448 3329 4519 deesset.
3383 4444 3604 4519 Παρίων
3652 4449 3720 4519 et!

2132 4516 2351 4588 impium
2379 4522 2724 4590 quwstionem
2776 4517 3095 4590 grantlwtvus
3121 4527 3167 4569 et
3193 4516 3380 4590 plenus
3415 4518 3623 4590 dierum
3650 4516 3716 4573 Β.

2130 4586 2280 4660 pater
2315 4586 2492 4644 noster
2544 4586 2853 4660 Pot/tinus,“
2892 4586 3144 4660 Ecclesia;
3199 4588 3639 4660 Imjuseautistes,
3666 4600 3716 4660 rt

2128 4658 2223 4730 pro
2256 4661 2674 4730 eruditionis,ut
2712 4658 3384 4730 credimusmterito,gregi
3414 4672 3510 4709 suo
3528 4659 3716 4730 jungi-

2131 4726 2236 4784 tur.
2273 4733 2345 4783 Ac
2379 4740 2491 4796 post
2523 4729 2783 4781 Dominici
2811 4727 3043 4796 corporis
3070 4726 3417 4796 sacriﬁcium,
3471 4726 3715 4796 profanis

2128 4793 2479 4854 tribunalibus
2514 4814 2697 4851 novam
2729 4800 2792 4851 de
2846 4812 2900 4847 se
2927 4795 3156 4848 hostium
3187 4793 3397 4848 Christo
3439 4793 3712 4850 oblaturus

2127 4871 2373 4938 infertur.
2406 4868 2602 4923 Senilis
2626 4868 2914 4938 inﬁrmitas
2939 4866 3293 4938 periujurios
3334 4874 3384 4919 et
3407 4867 3711 4938 afﬂictione:

2128 4935 2418 5006 furentium
2456 4940 2818 4991 ministrorum
2849 4936 2925 4987 ita
2973 4935 3204 5006 calerent
3231 4938 3455 4987 sortitur
3486 4937 3708 5000 emittam,

2127 5020 2182 5062 ut
2224 5011 2539 5079 intelligere:
2579 5012 2645 5061 ad
2693 5016 2896 5074 tempus
2938 5005 3074 5058 illud
3107 5005 3207 5058 soli
3250 5006 3508 5075 martyrio
3542 5023 3711 5060 reser-

2125 5090 2323 5133 vatum.

2196 5150 2273 5219 (4)
2322 5150 2560 5219 Ἐῤῥίφη
2624 5146 2695 5199 ἐν
2751 5143 2827 5214 τῇ
2886 5142 3115 5219 εἱρκτῇ.
3176 5142 3708 5219 Codrx__Medit-_:et_ts

2126 5213 2285 5291 habet
2308 5213 2388 5282 εἰς
2409 5213 2512 5291 τὴν
2548 5213 2803 5289 εἱρκτὴν,
2830 5231 2925 5269 nec
2958 5217 3115 5268 aliter
3147 5218 3314 5267 codex
3361 5213 3522 5277 Maz.,
3568 5214 3706 5270 Fuk.

2122 5300 2176 5344 et
2204 5290 2415 5343 Savilii.

2192 5359 2269 5427 (5)
2296 5358 2568 5423 Σπανίως
2594 5357 2776 5426 μὲν...
2817 5353 3083 5427 γεγονός,
3123 5351 3426 5427 Notandum
3453 5364 3538 5408 est
3560 5356 3703 5423 quod

2121 5424 2275 5484 aiunt
2311 5424 2724 5498 Lugdunenses,
2773 5424 2956 5498 rarum
2988 5426 3166 5477 adhuc
3196 5424 3703 5498 in‘Ecclesiaejus-

2121 5498 2264 5555 modi
2301 5494 2648 5568 indulgentia:
2688 5512 2844 5551 usum
2876 5496 3043 5549 fuisse
3074 5509 3198 5568 erga
3251 5494 3453 5568 lapsos.
3499 5494 3705 5568 Nempe

2119 5570 2242 5637 quia
2287 5567 2353 5622 ad
2403 5564 2506 5622 hoc
2539 5581 2711 5636 usque
2755 5577 2967 5633 tempus
3000 5567 3155 5637 pauci
3208 5566 3500 5637 admodum
3562 5564 3698 5631 lapsi

2119 5634 2357 5695 fuerant.
2410 5637 2597 5707 Itaque
2622 5634 2896 5707 'cessa_nt_e
2948 5635 3160 5707 morbo,
3221 5634 3360 5688 nihil
3404 5649 3542 5703 opus
3581 5643 3704 5689 erat

2119 5709 2421 5777 huiusmodi
2456 5704 2744 5761 triedicitia.
2781 5704 3104 5777 Subseeutis
3137 5714 3318 5777 autem
3350 5707 3698 5774 persecutio-

2118 5774 2300 5846 nibus,
2334 5780 2434 5836 hoc
2471 5777 2767 5834 remedium
2799 5774 3049 5832 crebrius
3084 5774 3345 5829 usitatum
3376 5783 3480 5831 est.
