4112 6428
323 286 428 340 4ἓί

1385 282 1736 340 HISTORIA?
1775 281 2338 342 ECCLESIASTICJE
2378 285 2506 340 LIB.
2549 285 2616 340 γ.

3489 285 3596 342 ιεε

325 401 589 472 σύλληψιν
627 401 840 474 ἔξαρνοι
878 401 1182 472 γενόμενοι,
1240 403 1608 456 συνεκλείοντο
1633 405 1728 457 καὶ
1758 404 1912 457 αὐτοὶ

2021 409 2324 469 nectutem,
2352 406 2554 474 partim
2584 405 2633 459 vi
2663 401 2835 458 morbi
2858 404 3076 472 penitus
3101 403 3369 458 exhausto
3408 418 3472 457 ac
3507 420 3596 458 sn-

325 495 424 547 καὶ
449 498 694 564 μετεῖχον
720 494 827 547 τῶν
859 493 1067 547 δεινῶν.
1097 495 1232 548 osse
1264 496 1370 567 γὰρ
1398 498 1454 548 ἐν
1482 496 1560 566 τῷ
1589 496 1766 568 καιρῷ
1787 497 1912 550 τού-

323 604 407 656 τῳ
437 586 622 656 ὄφελός
643 603 695 638 τι
739 585 919 650 αὐτοῖς
956 587 1298 658 ἡέξάρνησις
1338 588 1564 656 ἐγίνετοο
1593 589 1708 642 ἀλλ’
1737 589 1784 641 ot
1817 589 1914 659 μὲν

325 678 720 749 ὁμολογοῦντες
757 678 786 732 ὃ
821 679 914 732 καὶ
948 677 1108 752 ἦσαν,
1145 681 1513 734 συνεκλείοντο
1552 681 1626 744 ὡς
1653 682 1916 752 Χριστια-

327 774 432 835 νοὶ,
472 772 740 843 μηδεμιᾶς
773 772 936 842 ἄλλης
965 774 1143 837 αἰτίας
1170 775 1352 838 αὐτοῖς
1383 773 1804 846 ἐπιφερομένης,
1827 766 1916 826 οὗ·

323 882 411 917 τοι
442 864 499 917 δέ
543 862 728 916 λοιπὸν
768 864 842 927 ὡς
875 864 1190 936 ἀνδροφόνοι
1227 867 1320 919 καὶ
1352 866 1540 934 μιαροὶ
1573 865 1912 935 κατείχοντο,

325 955 647 1026 διπλότερον
677 954 829 1026 παρὰ
849 956 977 1018 τοὺς
993 955 1213 1021 λοιποὺς
1238 956 1608 1028 κολαζόμενοι.
1645 956 1914 1019 Ἐκείνους

327 1045 431 1115 μὲν
463 1048 572 1116 γὰρ
611 1045 1023 1118 ἐπεκούφιζενὴ
1060 1049 1204 1120 χαρά
1256 1050 1355 1120 τῆς
1387 1048 1712 1120 μαρτυρίας,
1755 1049 1849 1103 καὶ
1880 1051 1912 1120 ἡ

323 1138 486 1202 ἐλπὶς
527 1138 635 1193 τῶν
679 1139 1122 1209 ἐπηγγελμένων,
1171 1141 1265 1194 καὶ
1303 1143 1337 1212 ἡ
1378 1141 1514 1212 πρὸς
1561 1141 1653 1195 τὸν
1683 1142 1914 1213 Χριστὸν

323 1228 542 1298 ἀγάπη,
581 1231 675 1284 καὶ
709 1231 770 1283 τὸ
810 1231 1034 1302 Πνεῦμα
1059 1232 1121 1284 τὸ
1166 1232 1450 1302 πατρικόν·
1483 1231 1704 1296 τούτους
1745 1234 1805 1286 δὲ
1854 1234 1915 1286 τὸ

323 1321 570 1384 συνειδὸς
617 1322 867 1392 μεγάλως
901 1324 1242 1396 ἐτιμωρεῖτο,
1299 1323 1440 1377 ὥστε
1485 1325 1580 1376 καὶ
1614 1326 1764 1396 παρά
1803 1328 1915 1388 τοῖς

322 1413 537 1478 λοιποῖς
583 1417 748 1468 ἅπασι
798 1418 940 1470 κατά
983 1417 1081 1480 τὰς
1131 1417 1420 1488 παρόδους,
1481 1419 1762 1490 διαδήλους
1816 1420 1916 1484 τὰς

323 1503 483 1573 Wet;
518 1506 696 1559 αὐτῶν
726 1503 886 1560 εἶναι.
916 1509 978 1561 Oi
1023 1507 1122 1578 μέν
1155 1508 1263 1580 γὰρ
1311 1508 1484 1580 ἱλαροὶ
1513 1510 1786 1581 προῄεσαν
1817 1511 1912 1581 (6),

323 1595 490 1668 δόξης
522 1592 623 1651 καῖ
640 1599 859 1670 χάριτος
912 1600 1113 1671 πολλῆς
1142 1604 1263 1664 ταῖς
1284 1600 1469 1670 ὄψεσιν
1507 1602 1686 1656 αὐτῶν
1717 1621 1915 1672 συγκε-

325 1690 634 1761 κραμένης,
666 1690 804 1744 ῶστε
842 1691 934 1744 καὶ
955 1691 1022 1744 τὰ
1049 1691 1224 1762 δεσμά
1251 1693 1454 1764 κόσμον
1481 1694 1731 1764 εὐπρεπῆ
1761 1712 1917 1766 περι--

2017 496 2443 558 lutozanimam
2497 510 2626 551 vero
2678 496 2858 552 adhuc
2913 496 3175 559 retinens,
3227 505 3288 549 ut
3341 510 3437 564 per
3472 511 3591 548 eam

2014 587 2266 644 Christus
2314 587 2702 656 triumpharet.
2756 586 3011 642 Per-latus
3067 586 3294 660 igitura
3333 585 3596 640 militibus

2015 680 2082 734 ad
2143 681 2402 745 tribunal,
2452 681 2910 749 prosequentibus
2947 680 3119 748 ipsum
3178 679 3595 750 magistratibus

2016 771 2278 835 civitatis,
2312 779 2367 826 et
2399 771 2655 825 universa
2703 770 2857 838 plebe
2893 773 3060 824 variis
3091 785 3212 824 eum
3247 770 3597 824 acclamatio-

2019 859 2178 914 nibus
2245 860 2542 930 impetente
2625 869 2879 928 tanquam
2963 859 3078 929 ipse
3117 859 3368 914 Christus
3423 869 3596 926 esset,

2016 951 2297 1020 egregium
2347 951 2519 1006 edidit
2569 951 2965 1004 testimonium.
3005 949 3377 1018 Interrogatus
3409 967 3538 1006 vero
3563 935 3605 1007 a-

2017 1043 2246 1110 praeside
2297 1043 2547 1113 quisnam
2600 1051 2742 1096 esset
2800 1041 3248 1097 Christianorum
3305 1044 3468 1108 Deus,
3518 1059 3599 1098 re-

2015 1134 2276 1204 spondit:
2303 1153 2322 1186 ‹
2356 1135 2413 1189 Si
2441 1134 2634 1203 dignus
2667 1133 2825 1203 160
2845 1131 3037 1200 fueris,
3059 1149 3379 1204 cognosces.
3419 1155 3437 1186 ι
3468 1134 3597 1189 Post

2017 1225 2135 1283 haec
2190 1226 2398 1294 absque
2449 1225 2558 1280 ullo
2610 1224 2973 1280 humanitatis
3026 1236 3278 1296 respectu:
3324 1235 3592 1296 raptatus,

2017 1327 2178 1388 atque
2213 1319 2514 1373 innumeris
2548 1317 2723 1387 plagis
2756 1316 2984 1372 alfectus
3017 1328 3118 1384 est,
3149 1334 3272 1372 cum
3305 1320 3340 1372 ii
3376 1319 3594 1388 quidem

2015 1409 2108 1476 qui
2150 1406 2373 1476 propius
2425 1408 2698 1472 astabant,
2752 1408 3000 1462 calcibus
3053 1419 3109 1462 et
3178 1408 3371 1475 pugnis
3444 1407 3593 1460 illum

2017 1497 2408 1553 contumeliose
2436 1506 2780 1566 appeterent,
2808 1512 2906 1552 nec
2925 1498 3088 1551 ullam
3118 1499 3233 1566 ejus
3255 1498 3402 1552 aetati
3437 1512 3588 1553 reve-

2017 1591 2253 1645 rentiam
2311 1591 2672 1656 exhiberem;
2711 1590 2802 1659 qui
2849 1605 2979 1644 vero
3035 1591 3247 1660 longius
3295 1591 3596 1656 distabant,

2018 1682 2275 1751 quidquid
2327 1682 2395 1736 ad
2454 1698 2672 1736 manum
2723 1692 2864 1747 erat,
2896 1681 2949 1736 in
2999 1682 3172 1751 ipsum
3221 1682 3593 1753 conjicercnt:

326 1781 546 1834 κεῖσθαι
574 1782 778 1846 αὐτοῖς,
825 1782 900 1845 ὠς
930 1781 1115 1856 νύμφῃ
1151 1784 1539 1856 κεκοσμημὲνῃ
1574 1787 1630 1837 ἐν
1671 1802 1915 1857 κροσσω-

2018 1789 2206 1829 omnes
2233 1774 2466 1844 denique
2493 1774 2803 1844 gravissimi
2841 1775 3022 1829 delicti
3059 1791 3119 1829 ac
3153 1776 3349 1844 piaculi
3385 1790 3507 1852 reos
3537 1789 3597 1828 se

326 1876 441 1936 τοῖς
493 1876 713 1944 χρυσοῖς
770 1874 1344 1944 περιπεποικιλμένοις
1408 1876 1506 1945 (7),
1554 1877 1652 1947 τὴν
1686 1877 1912 1933 εὐωδίαν

327 1965 588 2029 ὀδωδότες
616 1965 731 2036 ἅμα
761 1967 861 2039 τὴν
893 1967 1129 2037 Χριστοῦ
1153 1968 1251 2035 (8),
1284 1966 1425 2020 ὥστε
1455 1968 1628 2031 ἐνίους
1649 1955 1796 2034 δόξαι
1821 1970 1916 2024 καὶ

332 2057 494 2128 μύρῳ
522 2058 770 2128 κοσμικῷ
797 2059 1082 2129 κεκρίσθαι
1116 2059 1332 2122 αύτούς·
1362 2061 1411 2112 οἱ
1430 2060 1506 2123 δὲ,
1532 2064 1796 2130 κατηφεῖς
1823 2062 1915 2114 καὶ

329 2152 577 2203 ταπεινοὶ
604 2152 696 2204 καὶ
733 2151 1010 2213 δυσειδεῖς,
1039 2151 1132 2204 καὶ
1162 2151 1341 2219 πάσης
1368 2151 1754 2222 ἀσχημοσύνης
1788 2153 1911 2206 ἀνά-

335 2242 506 2306 π).εοι,
567 2243 788 2314 προσέτι
826 2243 883 2295 δὲ
925 2243 1028 2294 ὑπὸ
1059 2242 1166 2295 τῶν
1206 2242 1374 2295 ἐθνῶν
1402 2243 1779 2314 ὀνειδιζόμενοι
1841 2245 1917 2307 ὡς

331 2333 579 2399 ἀγεννεῖς
602 2333 696 2385 καὶ
717 2333 988 2404 ἄνανδροι,
1021 2332 1361 2403 ἀνδροφόνων
1382 2333 1478 2403 μὲν
1501 2333 1666 2404 ἕγκλτς
1677 2351 1751 2403 μα
1768 2333 1919 2404 ἕχον-

331 2437 442 2482 τες,
482 2421 888 2484 ἀπολωλεκότες
929 2421 984 2474 δὲ
1015 2420 1112 2492 τὴν
1140 2422 1400 2491 πάντιμον
1435 2422 1526 2474 καὶ
1565 2421 1771 2488 ἔνδοξον
1821 2423 1916 2475 καὶ

332 2510 597 2574 ζωοποιὸν
629 2512 1021 2583 προσηγορίαν.
1073 2513 1256 2565 Ταῦτα
1279 2513 1335 2564 δὲ
1364 2515 1412 2564 οἱ
1439 2512 1616 2566 λοιποὶ
1649 2512 1917 2583 θεωροῦν-

330 2617 444 2665 τες,
471 2603 892 2674 ὲστηρίχθησαν,
927 2603 1020 2656 καὶ
1062 2605 1109 2655 oi
1161 2602 1659 2673 συλλαμϐανόμενοι
1703 2603 1920 2656 ἀδιστὰο

334 2706 475 2753 κτως
514 2690 844 2761 ὡμολόγουν,
881 2692 1014 2762 μηδέ
1035 2691 1240 2745 ἔννοιαν
1262 2692 1470 2762 ἔχοντες
1499 2692 1800 2746 διαϐολικοῦ
1835 2693 1918 2746 λο-

332 2780 554 2851 γισμοῦ.
587 2801 606 2833 ι
635 2782 855 2846 Τούτοις
888 2782 1090 2852 μεταξύ
1120 2801 1241 2837 τινα
1258 2785 1594 2847 ἐπειπόντες,
1624 2781 1778 2848 αὖθις
1801 2787 1919 2837 ἐπι-

335 2873 582 2943 φέρουσι’
627 2893 643 2925 ι
686 2875 839 2928 Μετὰ
870 2874 1041 2927 ταῦτα
1069 2875 1134 2945 δὴ
1163 2875 1348 2929 λοιπὸν
1394 2878 1472 2937 είς
1507 2877 1614 2928 πᾶν
1641 2871 1778 2939 εἶδος
1805 2876 1920 2946 διῃ-

337 2972 483 3039 ρεῖτο
503 2969 570 3021 τά
609 2967 886 3039 μαρτύρια
907 2969 1006 3040 τῆς
1041 2969 1225 3036 ἐξόδου
1258 2969 1330 3040 (9)
1371 2968 1567 3023 αὐτῶν.
1619 2969 1714 3021 Ἐκ
1735 2968 1920 3037 διαφὸ-

336 3077 448 3130 ρων
469 3061 578 3130 γὰρ
597 3060 904 3131 χρωμάτων
938 3062 1031 3114 καὶ
1062 3063 1330 3116 παντοίων
1358 3061 1534 3115 ἀνθῶν
1567 3062 1661 3116 ἕνα
1693 3061 1919 3125 πλέξανο

328 3169 426 3217 τες
460 3155 742 3223 στέφανον,
781 3156 1157 3225 προσήνεγκαν
1203 3153 1280 3224 τῷ
1311 3155 1503 3225 Πατρί.
1560 3155 1754 3225 Ἐχρῆν
1786 3153 1915 3223 γοῦν

329 3246 460 3307 τοὺς
497 3247 774 3313 γενναίους
798 3245 1058 3317 ἀθλητὰς,
1091 3245 1330 3299 ποικίλον
1356 3246 1754 3315 ὑπομείναντας
1778 3245 1917 3313 ἀγῶ-

331 3353 402 3389 να
437 3336 531 3388 καὶ
585 3335 834 3405 μεγάλως
877 3337 1226 3403 νικήσαντας,
1284 3335 1576 3389 ἀπολαϐεῖν
1609 3337 1699 3388 τὸν
1742 3338 1914 3407 μέγαν

331 3428 433 3498 τῆς
458 3426 765 3498 ἀφθαρσίας
804 3427 1088 3496 στέφανον.
1120 3429 1178 3481 ὐ
1211 3429 1308 3497 μὲν
1339 3424 1429 3481 οὖν
1462 3429 1746 3500 Ματουρος
1769 3431 1860 3482 κα)⁴
1889 3431 1916 3482 ὁ

333 3519 576 3586 Σάγκτος
609 3519 754 3589 καὶὴ
789 3519 1048 3573 Βλανδίνα
1071 3520 1164 3572 καὶ
1191 3519 1449 3581 Ἄτταλος
1481 3521 1676 3593 ἤγοντο
1703 3520 1794 3573 ἐπὶ
1848 3519 1916 3572 τὰ

335 3609 500 3680 θηρία
547 3611 626 3671 είς
667 3610 728 3661 τὺ
778 3609 1035 3681 δημόσιον
1080 3611 1212 3682 (10),
1263 3612 1356 3665 καὶ
1375 3612 1454 3673 είς
1479 3611 1539 3663 τὸ
1587 3611 1764 3664 κοινὸν
1807 3610 1916 3663 τῶν

335 3701 509 3754 ἐθνῶν
556 3701 656 3771 τῆς
702 3702 1094 3774 ἀπανθρωπίας
1145 3704 1342 3774 Θέαμα,
1391 3703 1641 3773 ἐπίτηδες
1679 3703 1778 3772 τῆς
1808 3702 1918 3754 τῶν

336 3792 714 3863 θηριομαχιῶν
764 3794 975 3864 ἡμέρας
1025 3794 1112 3846 διὰ
1171 3795 1298 3856 τοὺς
1351 3793 1651 3862 ἡμετέρους
1708 3792 1919 3861 διδομέ-

334 3899 434 3952 νης
464 3881 597 3952 (Η).
654 3884 760 3936 Καὶ
787 3885 816 3935 ὁ
845 3883 943 3952 μὲν
965 3883 1246 3954 Μάτουρος
1281 3883 1374 3936 καὶ
1411 3883 1439 3934 ὁ
1475 3883 1717 3950 Σάγκτος
1763 3878 1919 3944 αὖθις

408 4037 485 4108 (6)
517 4034 671 4108 Vulg.
707 4036 1080 4105 προσῄεσαν.
1129 4034 1184 4089 In
1226 4036 1416 4108 codice
1458 4035 1593 4089 Maz.
1649 4043 1702 4089 et
1744 4034 1908 4108 Fnk.,

338 4106 510 4162 Savil.
541 4117 593 4158 et
619 4106 894 4172 Medicreo,
930 4109 1124 4177 legitur
1153 4106 1448 4177 προῄεσαν,
1479 4107 1910 4177 (ιιιιιιηγὸρΐίρῑιι-

339 4193 454 4230 ram
508 4185 723 4230 secutus
771 4176 998 4230 videtur
1033 4176 1587 4245 Christophnrsonus.
1653 4176 1766 4230 lloe
1827 4185 1909 4229 est

340 4246 484 4316 quod
529 4257 653 4299 ante
683 4246 846 4317 dixit,
893 4246 1034 4300 κατὰ
1072 4245 1170 4310 τὰς
1208 4246 1492 4317 παρόδους,
1533 4247 1659 4300 dum
1697 4245 1907 4301 scilicet

340 4335 371 4373 e
403 4331 630 4371 carcere
655 4316 956 4384 procedunt
989 4331 1164 4386 usque
1192 4318 1258 4369 ad
1291 4316 1549 4369 tribunal.

412 4387 490 4457 (7)
536 4387 638 4438 Ἐν
676 4386 1041 4452 κροσσωτοῖς
1079 4385 1345 4456 χρυσοῖς
1395 4385 1910 4455 περ-(πεποικιλμέ-

338 4474 490 4521 νοις.
528 4457 732 4508 Allttdit
761 4457 824 4507 ad
866 4457 1040 4509 locum
1088 4459 1178 4525 qui
1212 4463 1368 4509 estin
1425 4459 1630 4522 psalmo
1683 4473 1806 4511 κων
1858 4467 1912 4511 et

342 4527 503 4593 paulo
532 4525 687 4598 aliter
711 4526 867 4578 hodie
896 4527 1108 4592 legitur,
1140 4525 1663 4598 περιπεποικιλμένη
1682 4528 1909 4593 scilicet,

343 4598 436 4650 sed
466 4594 654 4649 melius
679 4605 760 4666 est
792 4594 1377 4666 περιπεποικιλμένοις.
1435 4594 1548 4648 Mos
1601 4594 1742 4649 enim
1773 4608 1908 4662 erat,

347 4666 654 4718 tuniCarum
705 4664 944 4718 ﬁmbrias
992 4664 1292 4734 variegare,
1345 4675 1401 4718 ut
1460 4675 1690 4719 testatur
1728 4667 1908 4719 Amm.

349 4734 691 4787 Marcellinus
722 4735 772 4786 in
807 4734 900 4787 lib.
934 4750 1043 4798 xw,
1075 4748 1127 4788 ut
1170 4735 1430 4804 longiwes
1459 4735 1680 4801 limbi-ire
1723 4737 1914 4788 tunica:

346 4806 616 4872 perspicue
662 4807 906 4866 luceant,
967 4809 1218 4858 varietate
1267 4806 1508 4856 liciorum
1562 4805 1799 4873 eﬂiginla:
1859 4810 1914 4859 in

347 4875 541 4944 species
591 4873 1319 4944 animalium,multiformes.
1363 4875 1559 4944 rCcrte
1615 4892 1668 4927 tu
1726 4875 1913 4928 codice

346 4943 490 5065 ἓεὲ.
543 4953 594 4995 ct
642 4941 776 4994 Maz.
827 4941 1598 5015 ερτίθὶιιιι·’πεποικιλμένοις,
1633 4959 1732 4997 nec
1761 4945 1916 4998 aliter

396 5030 425 5064 ιι
471 5051 484 5064 .

396 5030 484 5064 υΚ.

421 5082 497 5149 (8)
528 5079 798 5152 Εὐωδίαν
823 5080 1174 5149 ὀδωδότες...
1204 5081 1310 5137 τοῦ
1327 5082 1603 5152 Χριστοῦ.
1622 5082 1827 5138 Alludit
1851 5083 1916 5138 ad

350 5153 515 5206 verba
544 5151 694 5203 Pauli
728 5153 977 5219 apostoli,
1017 5153 1213 5206 Christi
1251 5151 1414 5207 bonus
1444 5157 1576 5208 odor
1606 5171 1807 5210 sumus.

423 5220 498 5292 (9)
528 5219 606 5273 Τὰ
637 5222 928 5288 μαρτύρια
973 5222 1082 5292 τῆς
1113 5223 1350 5288 ἐξόδου.
1385 5223 1560 5278 Verba
1611 5225 1699 5278 hic
1731 5225 1918 5278 viden-

351 5302 438 5363 tur
489 5305 612 5363 esse
664 5293 1010 5363 transposita,
1072 5310 1191 5363 qua:
1251 5295 1329 5346 sic
1367 5304 1658 5363 rconstruo,
1701 5296 1781 5358 εἰς
1811 5295 1917 5346 πᾶν

347 5357 506 5435 εἶδος)
523 5355 874 5435 διρρεῖτοπῇς
899 5361 1077 5435 ἐξόδου
1090 5355 1476 5435 μαρτύρια
1507 5355 1704 5417 αὐτῶν.

419 5433 535 5500 (10)
563 5431 664 5502 Εἰς
708 5428 775 5502 τὸ
805 5428 1117 5499 δημόσιον.
1159 5428 1298 5486 ΙΙὸίί
1323 5428 1538 5488 nomine
1575 5434 1918 5502 amphithea-

353 5510 495 5574 trum
527 5501 737 5574 videtur
765 5500 1014 5571 intelligi.
1049 5503 1234 5573 Neque
1257 5505 1400 5557 enim
1433 5503 1621 5558 referri
1652 5500 1828 5574 potest
1851 5503 1917 5556 ad

350 5570 755 5644 Oéapa._priuto
781 5579 904 5638 quia
933 5570 1201 5641 repetitur
1224 5575 1534 5642 pra:positio
1560 5570 1724 5636 εἰς’τὸ
1747 5573 1919 5644 δημό-

352 5639 466 5713 σιον
492 5639 688 5713 καὶ-εἰς
711 5639 780 5713 τό
797 5639 1127 5713 xputem—etc.
1155 5639 1402 5697 lta‘eni'm
1433 5644 1628 5713 legitur
1652 5645 1703 5697 in
1730 5639 1918 5698 codice

353 5711 516 5775 Med.,
553 5708 709 5776 Man,
743 5709 877 5768 Fult.
919 5722 972 5766 et
1007 5713 1173 5768 Savil.
1204 5713 1359 5780 Quod
1386 5714 1431 5770 si
1460 5708 1720 5785 δῆμόσιον
1746 5713 1916 5769 reler-

2017 1865 2413 1930 existimarent,
2449 1866 2556 1920 nisi
2606 1881 2703 1934 pro
2739 1881 2834 1920 sua
2885 1867 3116 1936 quisque
3152 1876 3304 1935 parte
3345 1866 3392 1919 ci
3444 1875 3597 1934 pelti-

2019 1955 2199 2010 lanler
2232 1956 2497 2010 insultare
2539 1957 2900 2011 studuissent.
2948 1956 3154 2026 Quippe
3190 1958 3292 2011 hoc
3327 1957 3485 2011 tnodo
3516 1956 3590 2008 iu-

2013 2045 2218 2115 juriam
2256 2048 2479 2101 deorum
2525 2062 2748 2101 suorum
2794 2048 3002 2102 ulturos
3053 2063 3113 2102 se
3160 2049 3592 2101 arbitrabantur.

2019 2138 2224 2192 Exinde
2258 2139 2346 2192 vix
2396 2139 2574 2193 adhuc
2623 2142 2840 2204 spirans
2883 2141 2936 2194 in
2993 2156 3270 2194 carcerem
3321 2139 3598 2210 proiectus

2019 2239 2124 2292 est,
2177 2228 2510 2296 tandemque
2559 2239 2680 2296 post
2727 2229 2949 2282 biduum
3001 2231 3240 2283 animam
3295 2231 3590 2285 exhalavit.

2019 2322 2116 2376 Hic
2147 2338 2276 2378 vero
2300 2323 2595 2392 singularis
2622 2325 2866 2392 quaedam
2901 2325 2993 2378 Dei
3028 2324 3384 2393 dispensatio,
3411 2334 3466 2379 et
3494 2324 3594 2378 im-

2019 2430 2205 2470 mensa
2263 2414 2388 2470 Jesu
2447 2416 2653 2471 Christi
2709 2416 3081 2471 misericordia
3135 2418 3428 2486 apparuit:
3467 2433 3596 2471 raro

2018 2509 2233 2576 quidem
2290 2509 2434 2563 inter
2476 2508 2674 2562 fratres
2733 2509 3006 2577 exemplo,
3038 2511 3131 2563 sed
3187 2525 3216 2562 a
3271 2510 3596 2565 dexteritate

2019 2601 2342 2668 ingenioque
2387 2599 2515 2655 Jesu
2553 2601 2752 2656 Christi
2789 2601 3013 2655 minime
3043 2602 3244 2656 alieno.
3279 2601 3482 2656 Omnes
3518 2603 3596 2657 si-

2019 2692 2237 2761 quidem
2272 2693 2362 2760 qui
2404 2708 2431 2747 a
2484 2694 2658 2763 prima
2691 2695 2872 2749 statim
2905 2694 3399 2763 comprehensione
3435 2695 3595 2748 ﬁdem

2020 2797 2369 2858 negaverant,
2436 2789 2537 2857 ipsi
2603 2805 2822 2858 quoque
2886 2790 2937 2842 in
2995 2804 3272 2843 carcerem
3338 2790 3597 2860 conjecti,

2019 2879 2206 2934 eadem
2258 2893 2377 2948 quae
2437 2879 2620 2934 caeteri
2671 2891 2936 2950 martyres
2991 2880 3358 2948 perferebant.
3409 2881 3595 2949 Neque

2021 2972 2164 3025 enim
2203 2968 2310 3024 illis
2338 2971 2634 3039 quidquam
2669 2980 2798 3025 tunc
2831 2971 3030 3039 profuit
3059 2971 3182 3025 ﬁdei
3217 2987 3328 3025 sua:
3356 2973 3595 3043 negatio.

1943 3103 1985 3158 ο
2023 3063 2222 3118 Verum
2257 3063 2329 3116 iiii
2364 3065 2582 3131 quidem
2632 3065 2720 3132 qui
2759 3079 2880 3118 sese
2913 3065 2960 3117 id
2997 3064 3141 3131 quod
3191 3078 3381 3118 revera
3414 3073 3594 3124 erant,

2024 3169 2144 3210 esse
2190 3155 2608 3223 proﬁtebantur,
2666 3164 2925 3223 tanquam
2979 3153 3276 3207 Christiani
3343 3153 3598 3222 conjicie-

2024 3246 2223 3298 bantur
2254 3245 2307 3296 in
2333 3243 2571 3304 vincula,
2609 3242 2753 3295 nullo
2785 3242 2892 3294 alio
2916 3240 3149 3295 crimine
3186 3240 3318 3308 ipsis
3355 3239 3593 3306 obiecto.

2025 3334 2087 3388 lli
2124 3349 2251 3389 vero
2287 3334 2513 3402 perinde
2562 3348 2625 3386 ac
2668 3333 2950 3386 homicidae
2979 3342 3030 3385 et
3067 3329 3315 3386 scelerati
3348 3331 3597 3384 homines

2024 3426 2284 3493 deinceps
2312 3423 2722 3487 detinebantur,
2759 3422 2921 3490 duplo
2953 3422 3170 3492 gravius
3205 3433 3366 3488 quam
3399 3419 3593 3487 reliqui

1967 3545 1978 3560 ι
2023 3518 2348 3587 supplicium
2381 3516 2741 3586 perferentes.
2774 3514 2897 3567 Illos
2931 3513 3073 3566 enim
3105 3513 3360 3581 gaudium
3391 3521 3596 3580 marty-

2023 3609 2110 3672 rii,
2143 3622 2375 3677 spesque
2398 3605 2675 3674 promissa:
2719 3603 3094 3664 beatitudinis,
3120 3613 3174 3655 et
3200 3602 3438 3656 charitas
3467 3615 3596 3668 erga

2023 3698 2321 3764 Christum,
2357 3707 2412 3751 et
2469 3697 2558 3752 Dei
2605 3696 2786 3750 Patris
2829 3695 3068 3764 Spiritus
3126 3694 3428 3748 recreabat.
3483 3693 3599 3748 llos

2024 3805 2152 3844 vero
2197 3789 2437 3856 graviter
2488 3789 2775 3855 torquebat
2825 3784 3205 3840 conscientia:
3240 3784 3311 3836 ita
3362 3794 3422 3837 ut
3466 3785 3594 3838 dum

2024 3881 2470 3942 traducerentur,
2504 3879 2622 3948 ipso
2649 3877 2793 3931 vultu
2827 3888 2989 3946 atque
3026 3885 3245 3946 aspectu
3285 3875 3447 3931 facile
3481 3875 3593 3933 dis-

2021 4044 2167 4087 retur
2197 4033 2259 4086 ad
2294 4049 2480 4088 vocem
2507 4032 2707 4102 θέαμα,
2737 4032 2999 4085 dixissent
3024 4031 3102 4094 εἰς
3129 4031 3189 4084 τὸ
3217 4031 3474 4102 δημόσιον
3500 4034 3596 4088 καὶ

2018 4105 2214 4166 κοινόν,
2253 4114 2357 4157 etc.
2397 4103 2565 4157 Porro
2595 4106 2869 4172 eleganter
2897 4103 3349 4170 amphitheatrale
3376 4118 3591 4165 munus,

2018 4175 2069 4228 in
2102 4176 2204 4228 hac
2236 4174 2465 4241 epistola
2511 4171 2737 4225 vocatur
2781 4174 3056 4241 publicum
3113 4171 3394 4241 gentilium
3439 4173 3593 4224 inhu-

2019 4240 2294 4298 manitatis
2322 4243 2709 4309 spectaculum.
2739 4243 2794 4295 ltt
2824 4258 2887 4296 eo
2922 4240 3187 4308 siquidem
3222 4242 3338 4294 loco
3365 4243 3598 4309 gentiles

2018 4329 2172 4368 Suam
2211 4323 2321 4367 tttm
2360 4315 2410 4366 in
2465 4313 2830 4375 ChriStiauos,
2864 4323 2976 4363 tum
3024 4311 3075 4363 in
3126 4310 3364 4378 reliquos
3397 4313 3594 4364 bestia-

2020 4388 2148 4444 rios,
2187 4383 2473 4437 belluinam
2502 4383 2766 4436 srevitiam
2799 4382 3014 4449 publice
3046 4381 3401 4450 spectandam
3433 4381 3594 4434 exhi-

2018 4455 2236 4509 bebant.

2091 4523 2138 4594 (l
2156 4527 2201 4589 l)
2228 4523 2350 4576 Τῶν
2366 4521 2761 4591 θηριομαχιῶν
2774 4519 3039 4594 ἡμέρας..
3052 4517 3593 4594 ,διδομένηςλῐὶιῲιε

2021 4587 2122 4646 loci
2151 4587 2373 4646 sensum
2413 4587 2955 4647 tiott'as's'ecttti‘sunt
2989 4587 3331 4656 interpretes.
3387 4587 3591 4642 Sensits

2021 4673 2203 4717 autem
2229 4675 2334 4728 est,
2355 4663 2632 4731 pratsidem
2660 4677 2754 4713 seu
2794 4661 3029 4729 legatum
3057 4659 3352 4731 provincia:
3377 4656 3593 4731 Lugdu-

2023 4736 2230 4793 nensis.
2262 4729 2627 4800 Spectaculum
2660 4731 3076 4800 l‘erarutnextra
3120 4729 3590 4800 ordinetnpopulo

2023 4797 2336 4871 praebuisse,
2369 4801 2660 4854 constituta
2694 4801 2759 4852 ad
2789 4799 2839 4853 id
2865 4799 2970 4871 die,
3003 4808 3220 4871 propter
3250 4797 3590 4871 Christianos

2023 4868 2159 4940 quos
2187 4874 2252 4926 ad
2280 4872 2482 4925 bestias
2529 4873 2898 4922 damnaverat.
2935 4869 3099 4920 Eram
3132 4868 3447 4940 Cttltttaptld
3481 4868 3589 4940 lto-

2025 4936 2214 4996 manos
2242 4940 2500 4995 ordinarii
2532 4955 2594 4992 ac
2621 4940 2890 4993 solemnes
2926 4953 3206 4990 munerum
3240 4937 3376 4998 dies,
3414 4936 3505 5004 qui
3535 4937 3586 4990 in

2025 5027 2264 5065 mensem
2295 5011 2642 5065 Decembrem
2678 5008 3011 5070 incidebant,
3053 5017 3111 5059 ιιι
3141 5017 3224 5059 est
3255 5006 3305 5057 in
3337 5006 3594 5058 calenda-

2024 5081 2106 5133 riu
2130 5079 2456 5135 Heruvartii.
2491 5079 2651 5130 Extra
2679 5079 2776 5132 hos
2828 5079 2943 5131 dies
2977 5094 3079 5131 non
3111 5077 3305 5129 licebat
3341 5091 3592 5127 munera—

2027 5151 2124 5205 riis
2151 5167 2215 5204 ac
2245 5149 2545 5203 duumviris
2569 5149 2766 5217 quibus
2795 5147 3096 5217 hnjusmodi
3128 5145 3423 5217 editionum
3451 5159 3591 5217 onus

2024 5230 2142 5274 erat
2191 5221 2524 5288 impositum,
2582 5213 2886 5288 spectacula
2918 5215 3175 5288 ferarum_
3206 5214 3402 5283 populo
3431 5213 3589 5288 exhi-

2025 5290 2172 5354 bere,
2227 5283 2286 5344 ut
2343 5291 2497 5342 docet
2544 5283 2770 5356 epistola
2829 5287 3083 5340 Ecclesiae
3145 5283 3488 5356 Stnyrnensis
3523 5284 3591 5356 de

2026 5350 2624 5431 martyriqPolycarpi,
2674 5372 2794 5431 qua;
2842 5358 3101 5431 superius
3119 5350 3300 5431 relata
3333 5360 3416 5431 est
3445 5352 3496 5404 in
3527 5350 3590 5431 li-_-

2027 5431 2126 5502 bro
2152 5422 2229 5502 ι’ν.
2269 5422 2462 5502 V_'eruin
2506 5422 2740 5502 majores
2767 5422 2980 5502 jttdic—es
3008 5426 3104 5502 qui
3135 5422 3423 5502 jusgladii.
3445 5431 3498 5502 et
3523 5422 3590 5472 ad

2028 5501 2228 5553 bestias
2267 5498 2551 5552 damnandi
2588 5491 2876 5562 habebant,
2933 5491 3234 5563 lntjusn'iodi
3295 5491 3591 5563 meridiana

2027 5569 2358 5636 spectacula,
2403 5568 2616 5636 quoties
2651 5568 2780 5635 ipsis
2813 5560 3024 5619 libitum
3064 5560 3591 5636 erat,_exhil_)_ebant,

2028 5630 2086 5692 ιιι
2121 5655 2242 5694 cum
2274 5630 2452 5708 popuii
2495 5630 2766 5708 voluptate
2811 5637 2999 5689 noxios
3029 5650 3067 5708 _e
3113 5633 3289 5708 medio
3318 5630 3591 5684 tollerent.

2028 5708 2192 5780 Cujus
2222 5703 2297 5764 rei
2343 5703 2646 5776 exemplum
2678 5707 2882 5761 illustre
2911 5714 2993 5760 est
3028 5705 3080 5758 iu
3124 5703 3267 5755 Actis
3296 5709 3590 5769 martyrum
