4146 6460
537 349 645 409 425

1248 343 1517 400 EUSEBll
1556 342 2037 400 CESARIENSIS
2073 341 2225 399 OPP.
2265 341 2445 398 PARS
2482 339 2524 399 1.
2564 371 2634 385 --
2671 338 3067 400 HISTORICA.

3706 344 3806 399 ω

537 469 898 520 cernerentur
927 476 956 515 a
986 461 1219 516 cmteris.
1251 460 1461 532 Quippe
1510 460 1587 515 illi
1641 459 1862 530 quidem
1920 459 2115 515 hilares

2224 459 2442 531 διῄεσαν
2476 460 2534 514 ὲν
2554 458 2632 531 τῷ
2669 459 3029 532 ἀμφιθεάτρῳ
3055 456 3143 512 διά
3186 455 3367 529 πάσης
3401 456 3696 523 κολάσεως,
3733 460 3809 523 ὡς

539 557 896 617 accedebant.
944 553 1287 622 maiestatem
1318 554 1606 624 quamdam
1638 553 1914 608 venustati
1954 553 2117 608 inter-

538 649 757 704 mistaut
792 645 1032 699 vultibus
1067 643 1455 714 pra-ferentes;
1490 643 1627 697 adeo
1653 652 1711 696 ut
1742 642 1954 696 vincula
1979 657 2119 712 prte-

536 741 757 810 cipuum
804 738 937 808 ipsis
963 748 1219 790 ornatum
1259 735 1535 789 addidisse
1572 735 1913 799 viderentur,
1947 734 2122 789 instar

538 845 754 900 sponsae
809 828 1039 882 ﬁuthriis
1084 828 1265 881 aureis
1287 820 1583 895 variegatis
1630 836 1837 880 ornata:
1865 838 1879 878 :
1909 826 1975 880 ad
2006 828 2119 880 haec

538 936 761 975 suavem
814 918 1016 974 Christi
1071 920 1295 973 odorem
1338 918 1632 987 spirantes,
1664 917 1739 972 ita
1768 927 1829 970 ιιι
1879 916 2116 971 nonnulli

540 1023 760 1067 terreno
808 1027 901 1065 eos
947 1022 1224 1078 unguento
1276 1010 1549 1065 delibutus
1589 1018 1863 1078 putarent.
1898 1008 1959 1062 lli
1991 1024 2119 1063 vero

538 1102 781 1159 demisso
802 1102 975 1166 vultu,
1013 1100 1208 1168 abjecti
1242 1109 1296 1154 et
1328 1100 1558 1170 squalidi
1602 1115 1665 1153 ac
1694 1099 1918 1162 sordidi,
1946 1100 2120 1152 enmi-

538 1210 645 1265 que
695 1194 1058 1248 deformitatis
1108 1207 1308 1262 genere
1371 1192 1614 1259 cooperti
1647 1204 1660 1242 :
1693 1192 1760 1245 ab
1821 1190 1950 1260 ipsis
1989 1189 2117 1259 quin

537 1286 703 1340 etiam
735 1283 1029 1353 gentilibus
1079 1282 1283 1352 probro
1316 1280 1493 1335 affecti
1521 1291 1708 1349 utpote
1739 1280 1916 1349 ignavi
1958 1290 2120 1348 atque

538 1376 805 1440 imbelles,
829 1375 920 1444 qui
953 1374 1345 1426 homicidarum
1376 1375 1593 1442 quidem
1624 1373 1727 1428 sibi
1761 1372 1889 1442 ipsis
1911 1373 2117 1426 crimen

537 1469 947 1538 imposuissent,
981 1464 1420 1519 Christianorum
1451 1475 1632 1517 autem
1667 1462 2035 1518 venerandum
2066 1470 2120 1514 et

538 1559 830 1630 gloriosum
874 1573 936 1609 ac
966 1557 1205 1610 salutare
1238 1570 1435 1609 n0men
1469 1554 1797 1609 amisissent.
1836 1554 1966 1620 Quae
1997 1568 2118 1607 cum

538 1652 723 1706 caeteri
766 1649 1050 1712 viderent,
1117 1663 1447 1718 magnopere
1503 1646 1993 1702 conﬁrmabantur.
2055 1644 2121 1699 Et

536 1746 580 1800 si
621 1759 782 1814 queui
823 1754 1005 1811 postea
1048 1741 1438 1809 comprehendi
1497 1740 1823 1808 contigerat,
1864 1740 1907 1793 is
1934 1739 2117 1793 statim

2223 552 2391 622 μηδὲν
2419 551 2554 616 ὅλως
2590 551 3049 623 προπεπονθότες,
3087 548 3287 621 μᾶλλον
3308 548 3367 603 δὲ
3400 548 3478 614 ὡς
3503 549 3593 605 διὰ
3625 550 3813 605 πλειό-

2219 660 2324 697 νων
2340 644 2437 715 ήδη
2466 645 2683 717 κλήρων
2711 646 2824 716 (12)
2847 643 3236 708 ἐκϐεϐιακότες
3258 643 3348 698 τὸν
3378 643 3692 709 ἀντίπαλον,
3716 647 3814 701 καὶ

2219 735 2471 806 περὶτοῦ
2504 737 2767 806 στεφάνου
2822 736 2986 790 αυτοῦ
3032 736 3125 789 τὸν
3161 734 3351 805 ἀγῶνα
3407 736 3642 806 ἔχοντες,
3702 739 3809 791 ὑπ-

2220 828 2414 902 έφερον
2442 828 2602 882 πάλιν
2641 829 2744 892 τὰς
2775 827 3040 892 διεξόδους
3086 828 3195 883 τῶν
3232 828 3509 900 μαστίγων
3546 828 3658 901 (15)
3711 828 3810 891 τὰς

2219 919 2398 972 ἐκεῖσε
2444 917 2779 988 εἰθισμένας,
2821 918 2915 970 καὶ
2960 918 3089 982 τοὺς
3131 918 3241 971 ἀπὸ
3271 918 3380 972 τῶν
3415 916 3619 988 Θηρίων
3655 919 3815 991 ἑλκη-

2219 1009 2410 1081 θμοὺς,
2433 1009 2527 1063 καὶ
2558 1009 2716 1062 πάνθ’
2740 1010 2838 1063 ὅσα
2870 1008 3192 1081 μαινόμενος
3218 1008 3247 1063 ὁ
3272 1010 3442 1082 δῆμος
3473 1013 3620 1066 ἄλλοι
3642 1013 3813 1067 ἀλλα-

2219 1101 2375 1172 κόθεν
2429 1102 2668 1154 ἐπεϐόων
2694 1103 2789 1155 καὶ
2835 1101 3242 1166 ἐπεκελεύοντο,
3282 1103 3376 1157 καὶ
3405 1105 3497 1159 ἐπὶ
3534 1101 3671 1159 πᾶσι.
3707 1104 3816 1177 τὴν

2221 1193 2445 1265 σιδηρᾶν
2497 1193 2785 1264 καθέδραν,
2850 1196 2933 1264 ἐφ’
2980 1190 3049 1266 ἧς
3104 1195 3506 1266 τηγανιζόμενα
3564 1197 3633 1252 τά
3699 1194 3812 1251 σώ-

2220 1380 2434 1450 έληγον,
2489 1379 2602 1432 ἀλλ’
2666 1378 2746 1433 ἔτι
2794 1380 2890 1433 καὶ
2961 1379 3160 1450 μᾶλλον
3210 1378 3575 1450 ὲξεμαίνοντο,
3624 1379 3804 1450 βουλό-

2224 1489 2375 1544 μενοι
2423 1472 2647 1542 νικῆσαι
2677 1472 2774 1543 τὴν
2807 1472 3029 1526 ἐκείνων
3074 1472 3371 1542 ὑπομονήν.
3422 1472 3532 1524 Καὶ
3577 1470 3685 1523 οὐδ’
3731 1470 3805 1533 ὡς

2221 1563 2373 1635 παρὰ
2431 1564 2675 1632 Σάγκτου
2715 1564 2901 1636 ἕτερόν
2953 1581 3005 1618 τι
3054 1565 3314 1636 ⁴ἤκουσαν,
3360 1566 3490 1634 παρ’
3522 1562 3590 1633 ἣν
3628 1563 3796 1633 ἀπαρ-

2220 1656 2323 1728 χῆς
2384 1655 2588 1709 εἴθιστο
2646 1654 2826 1724 λέγειν
2877 1655 2977 1725 τῆς
3030 1655 3319 1737 ὁμολογίας
3381 1654 3585 1726 φωνήν.
3647 1649 3803 1708 Οὗτοι

2225 1747 2323 1818 μὲν
2387 1744 2481 1800 οὖν
2542 1746 2606 1800 δι’
2664 1747 2874 1816 ἀγῶνος
2943 1744 3179 1818 μεγάλου
3255 1747 3485 1800 ἐπιπολὺ
3551 1759 3797 1819 παραμεο

538 1837 749 1904 absque
781 1834 886 1887 ulla
910 1835 1263 1889 cunctatione
1283 1832 1671 1900 conﬁtebatur,
1699 1848 1766 1886 ne
1790 1831 2115 1898 cogitatione

2219 1809 2416 1912 νούσης
2444 1839 2624 1894 αὐτῶν
2662 1809 2762 1911 ei};
2799 1809 3348 1911 ψυχῆιςξτούσχατον
3386 1809 3684 1911 ὲτύθησαν,
3710 1809 3805 1893 ’διὸ

537 1927 755 1996 quidem
813 1932 973 1978 tenus
1023 1924 1311 1978 censilium
1378 1924 1531 1995 161
1589 1939 1654 1978 ac
1716 1923 2116 1993 suggestionem

538 2017 804 2071 tia-monis
867 2017 1184 2071 admittens.
1224 2032 1242 2066 ι
1289 2015 1483 2070 Paucis
1531 2015 1730 2070 deinde
1789 2014 2115 2084 interjcctis,

538 2106 734 2161 iterum
781 2106 898 2161 bare
925 2121 929 2124 ‘
952 2106 1288 2175 subjiciunt:
1320 2124 1339 2158 ι
1377 2107 1473 2161 llis
1502 2107 1573 2161 ita
1610 2109 1797 2177 gestis,
1842 2109 2114 2180 inquiunt,

536 2196 797 2266 deinceps
828 2198 1063 2264 ipsorum
1103 2198 1365 2267 martyria
1401 2198 1453 2252 in
1483 2198 1661 2253 varias
1696 2201 1886 2255 tnortis
1910 2203 2119 2272 species

538 2286 711 2340 divisa
753 2296 904 2341 sunt.
941 2286 1018 2341 Ex
1053 2289 1200 2342 omni
1232 2289 1435 2359 quippe
1479 2288 1672 2344 ﬂorum
1715 2306 1915 2360 genere
1942 2293 2121 2347 diver'

538 2382 725 2452 sisque
755 2381 1037 2437 coloribus
1094 2383 1310 2436 unicam
1346 2393 1594 2438 texentes
1624 2400 1881 2439 coronam
1914 2386 2119 2442 beatis-

538 2474 662 2529 simi
692 2483 980 2546 martyres,
1011 2474 1123 2529 Deu
1149 2472 1297 2529 Patri
1332 2474 1672 2549 obtulerunt.
1704 2474 1945 2546 Equum
1990 2493 2121 2534 sane

538 2574 742 2620 eratut
774 2563 1062 2620 fortissimi
1103 2565 1344 2631 athletae,
1380 2567 1474 2635 qui
1518 2568 1798 2637 multiplex
1842 2579 2117 2625 certamen

540 2657 852 2724 subierant,
904 2667 1070 2726 atque
1133 2657 1404 2728 insignem
1456 2660 1744 2714 victoriam
1796 2661 2116 2725 retulerant,

542 2751 812 2819 insignem
849 2749 1283 2805 immortalitatis
1318 2765 1579 2805 coronam
1627 2752 1961 2821 acciperent.
2008 2752 2122 2805 Ma-

541 2851 696 2897 turus
742 2844 906 2912 igitur
952 2853 1010 2899 et
1055 2841 1290 2900 Sanctus
1347 2859 1468 2899 cum
1521 2842 1784 2898 Blandina
1836 2853 1891 2899 et
1938 2845 2120 2899 Attalo

538 2934 686 2989 ducti
725 2943 853 2989 sunt
883 2936 950 2991 ad
990 2936 1194 2991 bestias
1224 2935 1276 2989 in
1324 2934 1813 3004 amphitheatrum,
1850 2936 1916 2990 ad
1945 2934 2119 3005 publi-

535 3026 663 3084 Cum
692 3025 1063 3095 spectaculum
1099 3025 1518 3081 inbumanitatis
1541 3025 1824 3097 gentilium
1854 3027 2118 3097 :praebito

2218 1935 2318 2006 τῆς
2346 1935 2557 2006 ἡμέρας
2600 1934 2848 2005 ἐκείνης,
2885 1934 3005 1986 ἀντὶ
3042 1932 3361 2005 πάσηςτῆς
3400 1934 3458 1986 ὲν
3499 1933 3611 1995 τοῖς
3651 1948 3804 2002 μονο-

2222 2027 2434 2098 μαχίοις
2484 2025 2594 2097 (14)
2647 2023 2954 2087 ποικιλίας,
3006 2024 3159 2077 αὐτοὶ
3200 2022 3377 2093 θέαμα
3407 2022 3686 2093 γενόμενοι
3726 2019 3807 2092 τῷ

2219 2118 2427 2188 κόσμῳ.
2470 2116 2533 2169 Ἦ
2560 2115 2618 2168 δὲ
2641 2114 2901 2167 Βλανδίνα
2926 2114 3017 2167 ἐπὶ
3041 2114 3197 2179 ξύλου
3221 2113 3614 2185 κρεμασθεῖσα,
3637 2111 3813 2184 προῦι

2220 2224 2367 2260 κειτο
2414 2205 2547 2277 βορά
2593 2203 2704 2258 τῶν
2738 2202 3168 2275 είσϐαλλομένων
3210 2202 3452 2274 θηρίωνε
3480 2203 3533 2274 ,ἢ
3581 2203 3675 2257 καὶ
3718 2202 3806 2255 διὰ

2216 2295 2311 2350 τοῦ
2348 2294 2639 2366 βλέπεσθαι
2670 2293 2904 2366 σταυροῦ
2941 2296 3177 2364 σχήματι
3211 2292 3556 2365 κρεμαμένη,
3588 2291 3677 2344 διὰ
3706 2291 3805 2362 τῆς

2218 2386 2434 2443 εὐτόνου
2467 2386 2810 2459 προσευχῆς,
2848 2384 3048 2457 πολλὴν
3081 2383 3390 2457 προθυμίαν
3433 2383 3665 2437 ἐνεποίει
3692 2384 3805 2445 τοῖς

2218 2478 2640 2550 ἀγωνιζομένοις
2661 2516 2675 2541 ,
2712 2476 3017 2548 βλεπόντων
3060 2476 3239 2531 αὐτῶν
3269 2478 3325 2529 ὲν
3356 2475 3433 2547 τῷ
3468 2474 3640 2544 ἀγῶνι
3660 2514 3675 2540 ,
3711 2476 3807 2528 καὶ

2219 2574 2330 2634 ταῖς
2368 2570 2568 2637 ἔξωθεν
2622 2567 2922 2639 ὀφθαλμοῖς
2963 2567 3050 2621 διὰ
3095 2567 3196 2639 τῆς
3230 2566 3491 2637 ἀδελφῆς,
3526 2565 3617 2619 τὸν
3664 2565 3810 2637 ὑπὲρ

2217 2662 2397 2715 αὐτῶν
2430 2660 2863 2732 ἐσταυρωμένον,
2894 2660 2982 2713 ἵνα
3011 2659 3172 2731 πείσῃ
3195 2661 3321 2724 τοὺς
3351 2657 3700 2722 πιστεύοντας
3724 2654 3807 2722 είς

2218 2747 2414 2816 αὐτὸν,
2453 2749 2537 2803 ὅτι
2571 2750 2677 2812 πᾶς
2727 2749 2756 2801 ὁ
2808 2748 2953 2820 ὑπὲρ
2984 2748 3083 2819 τῆς
3111 2748 3348 2820 Χριστοῦ
3391 2746 3549 2819 δόξης
3596 2744 3805 2810 παθὼν.

2216 2842 2316 2912 τὴν
2349 2838 2634 2895 κοινωνίαν
2673 2840 2760 2893 ἀεὶ
2806 2840 2918 2911 ἔχει
2963 2839 3101 2912 μετά
3131 2839 3225 2894 τοῦ
3269 2838 3469 2906 ζῶντος
3500 2837 3657 2894 Θεοῦ.
3695 2838 3808 2891 Καὶ

2223 2932 2448 3004 μηδενὸς
2481 2932 2760 3003 ἁψαμένου
2795 2933 2915 2986 τότε
2949 2933 3056 2987 τῶν
3090 2933 3292 3004 θηρίων
3326 2935 3514 3005 αὐτῆς,
3545 2931 3806 3007 καθαιρε-

2220 3023 2375 3078 θεῖσα
2418 3024 2525 3078 ἀπὸ
2558 3024 2653 3078 τοῦ
2686 3024 2875 3090 ξύλου,
2919 3025 3193 3096 ἀνελήφθη
3228 3025 3389 3081 πάλιν
3429 3027 3511 3090 είς
3555 3026 3655 3097 τὴν
3693 3026 3806 3097 εἱρ-

540 3119 611 3175 de
648 3120 916 3174 industria
948 3133 1235 3172 munerum
1264 3117 1350 3172 die
1380 3127 1603 3187 propter
1642 3128 1882 3174 nostros.
1913 3120 1978 3175 Et
2016 3120 2115 3175 Ma-

2221 3118 2378 3190 κτὴν,
2406 3120 2486 3181 είς
2512 3117 2670 3171 ἄλλον
2697 3116 2884 3186 ἀγῶνα
2915 3116 3226 3188 τηρουμένη
3250 3156 3264 3181 ,
3300 3118 3387 3170 ἴνα
3423 3115 3513 3170 διὰ
3544 3115 3806 3169 πλειόνων

494 3260 497 3261 ν
542 3219 699 3264 turus
728 3208 947 3279 quidem
978 3222 1042 3260 ae
1073 3206 1311 3261 Sanctus
1374 3220 1567 3261 rursus
1595 3207 1777 3262 omnia
1816 3217 2118 3263 tormento-

540 3316 664 3357 rum
695 3315 897 3371 genera
931 3301 983 3354 in
1012 3296 1417 3368 amphitheatro
1460 3298 1764 3366 subierunt,
1794 3301 1947 3369 quasi
1981 3299 2116 3353 nihil

540 3403 700 3449 antea
754 3394 996 3464 perpessi
1052 3402 1258 3450 essent.
1310 3394 1418 3448 Aut
1463 3393 1642 3463 potius
1689 3394 1845 3461 quasi
1899 3393 2116 3448 athleta!

539 3488 630 3558 qui
659 3487 845 3542 multis
876 3487 988 3551 jam
1018 3486 1230 3540 vicibus
1263 3484 1634 3540 adversarium
1663 3493 2034 3553 superassent,
2062 3495 2117 3538 et

538 3581 606 3632 de
632 3593 835 3634 corona
878 3578 995 3646 ipsa
1034 3574 1147 3644 jam
1205 3575 1575 3639 decertarent,
1620 3588 1811 3629 rursus
1856 3585 2115 3628 consueta

538 3669 653 3724 illic
697 3670 995 3737 ﬂagrorum
1050 3667 1280 3721 verbera
1316 3664 1681 3735 pertulerunt,
1717 3674 1773 3720 et
1816 3665 2116 3721 bestiarum

538 3761 686 3832 ipsos
716 3757 1048 3815 trahentium
1106 3771 1347 3825 morsus,
1380 3766 1437 3813 et
1470 3771 1817 3828 quaecunque
1850 3756 1957 3813 alia
1994 3758 2115 3815 vul-

537 3963 799 4029 Tarachi,
851 3962 1011 4019 Probi
1044 3971 1100 4018 et
1125 3961 1453 4018 Andronici.
1486 3961 1621 4016 Nam
1666 3970 1788 4018 cum
1827 3959 2116 4027 Maximus,

535 4033 830 4112 procou_sul
861 4034 1084 4112 Cilicize,
1126 4049 1222 4088 eos
1259 4034 1324 4087 ad
1342 4033 1556 4112 bestias
1586 4032 1918 4112 damnasset,
1952 4033 2122 4112 adre:

538 4101 671 4165 caus
716 4104 1104 4160 Terentianum
1159 4102 1557 4159 sacerdotalem
1602 4103 1834 4165 Ciliciae,
1877 4101 2039 4169 jussit
2067 4101 2118 4155 ei

538 4176 790 4247 sequenti
835 4175 927 4229 die
959 4188 1179 4247 munera
1218 4173 1424 4226 edenda
1473 4186 1688 4236 curare,
1738 4182 1795 4226 ut
1841 4171 2036 4243 legitur
2064 4171 2119 4226 in

539 4243 661 4316 cap.
688 4244 754 4299 10
774 4245 1092 4316 reorttmdem
1131 4243 1414 4316 Actorum.

610 4308 722 4398 (12)
751 4314 855 4368 Διά
889 4310 1331 4398 fluerent-ﬁdit)
1359 4308 2125 4398 Asopi-Ia

542 4381 764 4442 nuinms
794 4382 995 4437 multas
1025 4384 1111 4435 hic
1142 4381 1532 4434 translationes
1560 4395 1680 4435 esse
1708 4395 1736 4432 a
1764 4394 1822 4435 re
1844 4382 2120 4435 athletica.

537 4457 685 4511 lnter
719 4455 818 4508 has
849 4453 1183 4522 numeranda
1213 4461 1296 4504 est
1320 4465 1419 4503 vox
1446 4450 1654 4522 κλῆροι.
1690 4450 1951 4522 Solebant
1975 4450 2119 4522 enim

540 4525 762 4581 athletae
802 4524 892 4592 qui
923 4522 979 4576 in
1009 4521 1148 4592 ludis
1180 4522 1442 4592 certaturi
1478 4520 1657 4592 erant,
1701 4520 1897 4592 sortito
1931 4521 2111 4592 educi.

540 4596 694 4664 Quod
735 4588 1007 4664 quomodo
1053 4591 1223 4654 ﬁeret,
1249 4591 1409 4645 docet
1440 4606 1535 4646 nos
1583 4590 1856 4664 L_ucianus
1881 4590 1934 4644 in
1963 4588 2113 4664 _Hero

538 4660 777 4720 motimo'.
814 4663 1036 4718 Cistella
1086 4669 1208 4716 erat
1256 4670 1537 4728 argentea,
1598 4661 1700 4714 deo
1750 4660 2110 4714 certaminum

538 4735 753 4805 praesidi
806 4748 982 4805 sacra,
1023 4732 1081 4805 in_
1127 4746 1289 4805 quam
1324 4730 1756 4805 conﬁciebantur
1798 4740 1977 4805 sortes
2015 4744 2113 4805 seu

542 4799 763 4861 tessera:
810 4803 1021 4857 breves.
1066 4801 1123 4856 lu
1148 4799 1369 4855 duabus
1397 4801 1650 4870 inscripta
1675 4808 1795 4870 erat
1833 4800 2008 4870 littera
2043 4799 2107 4859 A,

539 4876 594 4931 in
624 4875 746 4929 aliis
798 4873 1010 4942 duabus
1034 4871 1187 4942 B,.in
1242 4871 1361 4925 aliis
1406 4870 1532 4924 item
1570 4869 1785 4942 duabus
1831 4869 1894 4934 Γ,
1942 4880 1994 4942 et
2031 4871 2112 4923 sic

538 4947 813 5014 deinceps.
869 4941 1005 5014 Tum
1059 4939 1503 5014 at‘ltletwusortes
1550 4955 1581 4995 e
1620 4941 1755 4994 cista
1784 4939 2108 5014 educebant.

539 5008 751 5083 Quibus
799 5014 845 5066 Α
893 5011 1313 5083 obvenisset,_ii
1372 5011 1518 5083 inter,
1541 5024 1602 5064 se
1625 5008 2113 5083 committebantur

539 5077 717 5154 primo
743 5083 864 5139 loco
894 5079 1201 5154 pugnaturi.
1247 5080 1596 5154 Eratquehte
1623 5077 1840 5151 πρῶτος
1886 5077 2107 5154 κλῆρος.

539 5148 805 5211 Similiter
845 5148 937 5222 qui
972 5148 1222 5222 litteram
1251 5148 1294 5203 Β
1344 5148 1681 5215 eduxissent,
1712 5152 1951 5204 secundo
1986 5148 2110 5222 loco

538 5227 682 5280 inter
733 5237 793 5277 se
839 5219 1146 5276 certabant.
1176 5221 1251 5273 lta
1286 5235 1405 5274 sors
1432 5231 1485 5271 et
1532 5236 1665 5273 urna
1718 5234 1874 5274 suum
1915 5219 2110 5287 cuique

537 5294 909 5350 adversarium
954 5291 1290 5361 assignabat.
1334 5289 1383 5361 Is
1411 5291 1502 5357 qui
1530 5290 1902 5361 advcersariutn
1934 5304 2107 5361 suum

536 5368 764 5431 vicerat,
800 5379 904 5418 non
934 5356 1117 5416 statim
1146 5356 1549 5431 coronabatur.
1577 5356 1682 5413 Sed
1707 5376 1826 5413 cum
1857 5359 1977 5412 aliis
2013 5358 2105 5427 qui

536 5435 875 5490 adversarios
904 5433 1032 5486 item
1080 5445 1205 5485 suos
1228 5432 1493 5493 vicerant,
1542 5430 1735 5483 iterum
1775 5438 2109 5497 pugnaturus

535 5503 983 5575 componebatur,
1037 5501 1388 5575 doucc_unus
1430 5500 1673 5553 omnium
1717 5499 1891 5552 victor
1914 5512 2109 5575 super-

534 5568 700 5631 esset.
736 5574 908 5640 Quam
956 5572 1007 5626 itt
1042 5586 1153 5625 rem
1189 5569 1435 5639 pluribus
1484 5583 1621 5638 opus
1652 5568 2108 5640 erat_sortitioni-

535 5645 656 5701 bus.
716 5638 851 5699 Hinc
901 5652 987 5696 est
1031 5640 1173 5711 quod
1230 5640 1281 5693 iu
1333 5638 2103 5711 inscriptione‘Farnesiana,

535 5730 694 5783 quam
728 5714 892 5768 refert
913 5709 1176 5783 Gruterus
1190 5723 1322 5783 pag.
1354 5710 1485 5783 514,
1516 5709 1862 5783 Asclepiades
1883 5709 2105 5783 quidam

533 5779 916 5857 pancratiasta,
963 5783 1018 5840 in
1045 5779 1232 5839 multis
1263 5779 1656 5838 certaminibus
1703 5780 1991 5836 victoriam
2020 5794 2107 5835 re-

2224 3210 2629 3280 γυμνασμόιτων
2657 3210 2944 3281 νικήσασα,
2972 3208 3050 3280 τῷ
3080 3210 3175 3280 μὲν
3198 3208 3394 3280 σκολιῷ
3415 3209 3535 3279 ὄφει
3565 3206 3804 3281 ἀπαραί-

2221 3318 2385 3372 τητον
2414 3302 2616 3375 ποιήσῃ
2646 3300 2745 3372 τὴν
2790 3298 3119 3372 καταδίκην,
3164 3298 3538 3372 προτρέψηται
3580 3300 3637 3354 δὲ
3679 3298 3806 3362 τοὺς

2224 3392 2483 3463 ἀδελφοὺς
2512 3394 2545 3464 ἡ
2588 3392 2761 3464 μικρά
2793 3395 2886 3447 καὶ
2917 3393 3149 3464 ἀσθενὴς
3182 3395 3275 3448 καὶ
3308 3392 3805 3464 εὐκαταφρόνητος,

2228 3484 2401 3555 μέγαν
2440 3485 2534 3537 καὶ
2570 3484 3008 3553 ἀκαταγὼνιστον
3048 3484 3286 3556 ἀθλητὴν
3320 3483 3552 3556 Χριστὸν
3594 3482 3808 3537 ἐνδεδυ·-

2229 3578 2386 3649 μένη,
2417 3576 2505 3630 διὰ
2536 3576 2746 3629 πολλῶν
2778 3576 2995 3647 κλήρων
3033 3576 3369 3631 ὲκϐιϐἀσασα
3401 3576 3511 3646 (15)
3549 3574 3640 3629 τὸν
3658 3574 3804 3626 ἀντι-

2225 3668 2477 3741 κείμενον
2497 3706 2511 3732 ,
2547 3667 2641 3722 καὶ
2672 3667 2738 3721 δι’
2762 3667 2973 3736 ἀγῶνος
3005 3667 3095 3721 τὸν
3135 3668 3235 3739 τῆς
3273 3667 3579 3738 ἀφθαρσίας
3604 3664 3805 3735 στέψα-

2228 3762 2363 3834 μένη
2399 3761 2683 3831 στέφανον.
2727 3761 2786 3813 ’0
2819 3761 2875 3813 δὲ
2906 3761 3168 3825 Ἀτταλος
3214 3760 3305 3814 καὶ
3349 3760 3508 3824 αὐτὸς
3554 3758 3804 3831 μεγάλως

2229 3959 2416 4035 tulisse
2455 3957 2677 4035 dicitur,
2704 3960 2765 4015 τὸ
2795 3959 3044 4035 δεύτερον
3079 3960 3173 4035 καί
3203 3961 3384 4035 τρίτον
3419 3961 3556 4033 μετά
3587 3959 3803 4035 πρῶτον

2227 4031 2542 4103 ἢδεύτερον
2582 4030 2781 4103 κλῆρον
2835 4030 3040 4104 στήσας
3098 4030 3691 4101 τοὺςάνταιζωνιστάς.
3744 4032 3801 4088 Id

2227 4113 2329 4166 οδε,
2377 4111 2495 4169 post
2553 4104 2777 4170 primum
2831 4113 2919 4153 aut
2965 4112 3078 4171 post
3130 4103 3414 4155 secundum
3450 4105 3799 4167 sortitionem,

2229 4174 2455 4224 secundo
2482 4172 2557 4224 vel
2581 4172 2734 4225 tertio
2763 4174 3022 4239 superatis
3054 4173 3388 4225 adversariis.
3438 4172 3488 4225 Id
3531 4174 3676 4226 enim
3702 4188 3801 4228 usu

2232 4242 2515 4303 veniebat,
2564 4242 2634 4294 ob
2675 4256 2794 4295 eam
2851 4245 3117 4295 rationem
3174 4256 3337 4309 quam
3399 4241 3535 4303 dixi,
3591 4244 3803 4310 quoties

2232 4312 2383 4379 plura
2414 4320 2571 4364 erant
2596 4312 2744 4377 paria
2774 4311 3127 4366 athletarum.
3167 4310 3375 4381 Quippe
3400 4314 3633 4365 victores
3659 4312 3803 4368 inter

2231 4396 2291 4434 se
2318 4382 2803 4449 componebantur,
2832 4391 2887 4434 et
2912 4384 3148 4435 secunda
3187 4386 3329 4435 inter
3375 4396 3469 4436 eos
3496 4382 3658 4435 liebat
3680 4396 3803 4436 sor-

2234 4450 2372 4513 titio,
2402 4465 2464 4503 ac
2496 4467 2685 4505 rursus
2721 4454 2902 4516 tertia,
2954 4451 3125 4506 donec
3170 4451 3395 4506 victoria
3423 4453 3489 4505 ad
3521 4467 3684 4505 unum
3710 4466 3801 4506 re-

2154 4504 2199 4559 Ῐ)
2221 4504 2430 4574 diissct.
2471 4519 2538 4573 Et
2568 4504 2675 4575 hoc
2714 4504 2968 4590 estquod
3001 4504 3052 4575 in
3078 4504 3181 4575 hac
3211 4504 3438 4590 epistola
3466 4504 3682 4574 dicitur
3708 4504 3800 4576 διὰ

2218 4590 2477 4663 πλειόνων
2510 4590 2747 4663 κλήρων.
2786 4591 2868 4646 Ad
2903 4592 3045 4646 hanc
3084 4591 3414 4663 athletarum
3462 4599 3666 4663 sortem
3720 4607 3802 4663 re-

2217 4661 2438 4714 ferenda
2461 4659 2684 4715 suntca
2720 4678 2841 4730 qua:
2876 4662 3045 4715 habes
3081 4662 3132 4714 in
3178 4662 3452 4728 principio
3500 4659 3661 4730 huius
3682 4662 3801 4729 epi-

2217 4731 2370 4785 stolae
2389 4732 2465 4811 de
2496 4728 2797 4811 Epagath‘o,
2825 4730 3100 4803 ἀνελήφθη
3125 4732 3218 4785 καὶ
3245 4730 3411 4793 αὐτὸς
3438 4730 3518 4794 είς
3551 4728 3643 4784 τὸν
3666 4728 3800 4802 κλῆ-

2218 4817 2311 4872 ρον
2348 4800 2464 4872 τῶξ
2499 4800 2809 4872 μαρτύρῳνι

2287 4869 2398 4942 (15)
2423 4868 2538 4937 Τὰζι
2562 4868 2870 4938 διεξόδους
2891 4870 3009 4925 τῶν
3028 4870 3356 4941 μαστίγων.
3386 4868 3653 4925 Musculns
3669 4885 3796 4942 ver-

2217 4942 2279 4994 tit
2326 4939 2591 4995 uerberum
2649 4942 2948 5005 itt'utiones;
3011 4939 3560 5008 Chrtsto‘phorsonus.
3628 4939 3793 5005 traje—

2215 5013 2438 5063 ctiones.
2491 5010 2700 5064 Dictum
2753 5013 2969 5065 videtur
3026 5027 3121 5079 pro
3157 5010 3256 5074 τὰς
3285 5013 3343 5064 ὲν
3387 5012 3507 5075 ταῖς
3539 5008 3798 5075 διεξόδοις

2217 5080 2511 5150 μάστιγας,
2553 5080 2601 5133 td
2622 5091 2723 5145 est,
2756 5082 2963 5135 verbera
2988 5081 3135 5143 illata
3159 5085 3283 5135 dum
3318 5083 3718 5134 traducerentur
3740 5080 3795 5132 in

2249 5167 2424 5213 onum.

2211 5169 3101 5344 ἓῗ.ἶὲ⁵²ἷζῖῇῖ;.,ἴξξοιξιξέιιξέςιθ
3144 5219 3324 5276 “de
3356 5218 3524 5285 δ’δτη
3556 5218 3691 5275 δἐδ·
3740 5230 3797 5273 ⁸¹

2212 5288 2592 5361 Ριιιιεςιιειικιιιι
2624 5288 3037 5361 μονομαχίμοις.

2282 5359 2395 5429 (l5)
2427 5359 2531 5414 Διὰ
2563 5357 2811 5414 πόλλῶν
2833 5357 3070 5429 κλήρων
3113 5357 3508 5415 ἐκϐιϐάσασα.
3540 5358 3795 5416 Scribon—

2212 5432 2335 5484 dum
2365 5442 2447 5484 est
2495 5431 2821 5491 ὲκϐιάσασα,
2858 5441 2915 5483 ut
2952 5446 3136 5499 supra.
3170 5434 3345 5500 Atque
3383 5430 3458 5484 ita
3493 5430 3791 5500 lcgitur_in

2210 5500 2397 5554 codice
2448 5501 2700 5556 Medicaeo
2732 5515 2801 5559 _et
2857 5497 3439 5569 apud‘Niccpb’orum.
3494 5497 3627 5555 Vide
3692 5497 3794 5555 Pe-

2212 5578 2356 5641 trum
2396 5569 2632 5625 Fabrum
2673 5572 2725 5625 in
2776 5570 2939 5641 libro,
2966 5573 3141 5640 primo
3183 5569 3494 5641 Agonistici,
3550 5585 3672 5640 cap.
3699 5570 3790 5624 ει.

2208 5639 2383 5695 Porro
2430 5642 2720 5694 notandum
2781 5649 2866 5694 est
2924 5639 3266 5706 Blandinatn,
3319 5648 3506 5710 utpote
3550 5654 3792 5702 servam.

2209 5711 2357 5764 cruci
2415 5710 2629 5765 aliixatu
2681 5711 2870 5776 fuisse,
2924 5711 3067 5782 quod
3128 5719 3246 5765 erat
3296 5710 3617 5781 supplicium
3675 5723 3767 5766 ser

2210 5794 2427 5836 verum.
