4146 6460
296 387 403 442 4Ξῦ

1369 375 1716 436 HISTORIA;
1757 367 2318 432 ECCLESIASTICE
2357 368 2486 424 LIB.
2531 372 2593 424 ν.

3473 375 3577 432 ιεδ

298 515 605 588 ἐξαιτηθεὶς
652 513 758 567 ὑπὸ
800 510 894 565 τοῦ
938 509 1119 582 ὄχλου,
1168 508 1262 561 καὶ
1279 506 1410 578 ,γάρ
1455 500 1522 576 ἦν
1571 499 1889 573 ὀνομαστὸς,

1997 511 2096 569 gus
2120 496 2370 550 insanum
2405 506 2502 562 pro
2539 504 2638 547 suo
2669 490 2898 562 quisque
2927 494 3159 551 arbitrio
3187 496 3354 552 variis
3387 499 3570 554 accla-

298 611 517 680 ἐτοιμος
568 604 816 677 εἰσῆλθεν
869 601 1177 672 ἀγωνιστὴς
1235 599 1324 653 διὰ
1386 598 1446 650 τὸ
1493 594 1888 665 εὐσυνείδητον,

300 700 488 772 ἐπειδὴ
520 699 759 770 γνησίως
800 698 859 750 ἐν
897 699 962 767 τῇ
997 695 1296 767 Χριστιανῇ
1340 689 1587 756 συντάξει
1618 704 1893 758 γεγυμνα-

301 793 500 864 σμένος
530 787 599 862 ἦν
617 830 633 854 ,
676 789 772 843 καὶ
804 788 890 842 ἀεὶ
939 787 1149 859 μάρτυς
1177 783 1420 853 ἐγεγόνει
1447 782 1578 850 παρ’
1601 781 1734 849 ἡμῖν
1763 777 1894 847 ἁλη-

300 883 472 945 θείας.
506 881 618 936 Καὶ
646 878 962 952 περιαχθεὶς
988 877 1172 948 κύκλῳ
1213 875 1307 928 τοῦ
1347 871 1722 944 ἀμφιθεάτρου
1758 866 1891 939 (I6),

301 974 534 1037 πίνακος
569 972 733 1026 αὐτὸν
774 970 1110 1042 προάγοντος
1155 969 1212 1021 ἐν
1246 959 1292 1033 ᾧ
1339 963 1719 1033 ἐπεγέγραπτο
1761 961 1894 1012 Ῥωο

305 1069 495 1140 μαῖστί
520 1085 532 1097 ·
569 1062 736 1128 Οὗτός
763 1066 910 1117 ἐστιν
941 1060 1202 1123 Ἀτταλος
1226 1061 1254 1112 ὁ
1280 1055 1603 1130 Χριστιανός
1627 1055 1767 1117 ’,καὶ
1798 1050 1892 1106 τοῦ

299 1161 472 1232 δήμου
506 1158 711 1229 σφόδρα
757 1153 1094 1228 σφριγῶντος
1139 1152 1223 1204 ἐπ’
1254 1147 1402 1218 αὐτῷ
1422 1188 1435 1211 ,
1489 1143 1674 1218 μαθὼν
1706 1147 1734 1198 ὁ
1765 1146 1896 1216 ἡγε-

306 1249 422 1322 μὼν
456 1251 538 1303 ὃτι
573 1247 842 1318 Ῥωμαῖός
875 1247 1042 1308 ἐστιν,
1073 1241 1358 1316 ἐκέλευσεν
1387 1237 1549 1294 αὑτὸν
1578 1235 1894 1307 ἀναληφθῆ-

303 1361 392 1397 ναι
429 1341 568 1413 μετὰ
603 1342 696 1394 καὶ
733 1339 840 1392 τῶν
883 1337 1086 1390 λοιπῶν
1119 1333 1229 1390 τῶν
1272 1336 1330 1388 ἐν
1367 1335 1434 1404 τῇ
1474 1333 1666 1404 εἱρκτῇ
1702 1331 1892 1396 ὄντων,

299 1435 432 1507 περὶ
465 1426 542 1486 ὧν
574 1429 856 1485 ἐπέστειλε
897 1427 976 1498 τῷ
1019 1425 1298 1498 Καίσαρι,
1345 1424 1438 1478 καὶ
1472 1423 1762 1494 περιέμενε
1796 1422 1894 1492 τὴν

301 1524 580 1593 ἀπόφασιν
607 1520 704 1592 τὴν
729 1520 821 1573 ἀπ’
842 1517 1072 1592 ἐκείνου.
1103 1516 1162 1568 '0
1189 1515 1246 1568 δέ
1270 1513 1358 1568 διὰ
1378 1513 1546 1586 μέσου
1575 1512 1765 1585 καιρὸς
1795 1512 1896 1567 οὐκ

301 1617 474 1690 ἀργὸς
523 1615 706 1677 αὐτοῖς
745 1612 866 1666 οὐδὲ
908 1611 1158 1683 ἄκαρπος
1199 1609 1406 1678 ἐγίνετο
1432 1647 1445 1671 ,
1491 1605 1628 1662 ἀλλὰ
1670 1606 1757 1660 διὰ
1795 1605 1895 1677 τῆς

303 1709 587 1782 ὑπομονῆς
605 1707 804 1772 αὐτῶν,
838 1706 897 1760 τὸ
919 1703 1224 1776 ἀμέτρητον
1254 1701 1404 1764 ἕλεος
1425 1697 1743 1769 ἀνεφαίνετο
1763 1699 1807 1750 Χ
1815 1715 1896 1770 ρι-

305 1801 458 1856 στοΞ.
504 1800 602 1854 Διὰ
641 1799 756 1869 γὰρ
790 1797 898 1851 τῶν
929 1796 1146 1862 ζώντων
1173 1793 1564 1858 ἐζωοποιοῧντο
1595 1794 1662 1847 τὰ
1703 1793 1891 1865 νεκρὰ,

301 1894 400 1948 καὶ
432 1893 708 1965 μάρτυρες
733 1891 844 1952 τοίς
871 1889 946 1959 μὴ
980 1888 1246 1959 μάρτυσιν
1273 1884 1587 1957 ἐχαρίζοντο
1615 1883 1747 1956 (I7).
1782 1885 1892 1938 Καὶ

302 1983 579 2053 ἐνεγίνετο
629 1981 796 2052 πολλὴ
840 1979 988 2052 χαρὰ
1034 1981 1100 2050 τῇ
1143 1977 1396 2049 παρθένῳ
1442 1976 1638 2047 μητρὶ,
1683 1975 1776 2038 οὓς
1819 1975 1894 2039 ὡς

305 2076 536 2149 νεκροὺς
569 2072 868 2145 ὲξέτρωσε,
907 2069 1130 2133 τούτους
1160 2068 1368 2133 ζῶντας
1407 2066 1890 2140 ἀπολαμϐανούσῃ.

305 2168 383 2220 Δι’
414 2167 638 2220 ἐκείνων
687 2164 794 2236 γὰρ
846 2168 893 2219 ol.
938 2162 1156 2225 πλείους
1183 2161 1292 2214 τῶν
1322 2161 1645 2232 ἡρνημένων
1684 2162 1892 2232 άνεμη-

303 2257 534 2330 τροῦντο
572 2256 682 2326 (18)
721 2255 811 2308 καὶ
842 2254 1260 2318 ἀνεκυΐσκοντο,
1293 2253 1386 2306 καλ⁸
1420 2252 1890 2323 ἀνεζωπυροῦντο,

305 2349 404 2402 καὶ
434 2347 742 2419 ἐμάνθανον
775 2345 1077 2417 ὁμολογεῖν,
1113 2344 1206 2397 καὶ
1240 2343 1440 2408 ζῶντες
1471 2343 1571 2413 ἤδη
1607 2343 1702 2396 καὶ
1741 2359 1891 2396 τετο-

304 2440 559 2510 νωμένοι,
593 2436 902 2508 προσῄεσαν
935 2433 1013 2504 τῷ
1042 2433 1264 2503 βήματι,
1300 2431 1746 2500 ἐγγλυκαίνοντος
1781 2430 1892 2502 (19)

304 2529 401 2583 τοῦ
432 2529 523 2582 τὸν
561 2530 656 2600 μὲν
693 2527 920 2581 θάνατον
954 2523 1048 2578 τοῦ
1085 2522 1408 2596 ἁμαρτωλοῦ
1441 2523 1516 2593 μὴ
1547 2522 1892 2594 βουλομένου,

305 2621 402 2675 ἐπὶ
443 2619 500 2674 δὲ
547 2620 646 2690 τὴν
693 2619 982 2690 μετάνοιαν
1025 2614 1462 2687 χρηστευομένου
1491 2613 1648 2678 Θεοῦ,
1685 2616 1770 2666 ἴνα
1801 2615 1895 2668 καὶ

307 2709 474 2763 πάλιν
539 2706 960 2780 ἐπερωτηθῶσιν
1005 2705 1110 2759 ὑπὸ
1162 2705 1255 2759 τοῦ
1308 2705 1615 2776 ἡγεμόνοςέ
1659 2704 1896 2758 ἐπιστεί-

303 2802 498 2864 λαντος
525 2800 633 2872 γὰρ
665 2799 757 2853 τοῦ
783 2801 1082 2871 Καίσαρος,
1117 2797 1242 2861 τοὺς
1279 2798 1376 2868 μὲν
1409 2798 1896 2868 ἀποτυμπανισθῆ-

305 2906 396 2945 ναι
426 2890 536 2960 (20)
557 2929 572 2952 ,
607 2889 655 2940 εί
698 2888 754 2940 δέ
782 2904 924 2950 τινες
964 2889 1238 2958 ἀρνοίντο,
1271 2886 1490 2950 τούτους
1531 2885 1891 2958 ἀπολυθῆναι,

304 2983 406 3052 τῆς
446 2980 632 3034 ἐνθάδε
665 2978 1026 3050 πανηγύρεως
1060 2977 1278 3048 (ἔστιδὲ
1305 2977 1442 3049 αὕτη
1475 2976 1894 3049 πολυάνθρωπος

278 3073 375 3126 ’ἐκ
408 3073 624 3126 πάντων
665 3071 772 3125 τῶν
803 3069 972 3123 ἐθνῶν
1007 3068 1415 3142 συνερχομένων
1445 3071 1524 3132 είς
1552 3068 1757 3140 αὐτὴν)
1790 3069 1892 3142 ἁρ-

2000 586 2329 641 mationibus
2367 583 2668 654 imperabat
2711 597 2723 629 :
2778 583 2951 651 ipsam
3003 595 3280 654 postremo
3339 589 3572 645 ferream

1993 680 2358 742 cathedram,
2427 677 2512 731 cui
2567 677 2908 746 superposita
2969 692 3266 750 martyrum
3332 683 3572 738 membra

1994 785 2116 824 cum
2145 777 2509 834 torrerentur,
2537 767 2752 822 illorum
2780 781 2942 823 nares
2975 769 3392 827 molestissimus
3419 776 3576 830 nidor

1997 859 2275 929 implebat.
2317 859 2512 914 Verum
2540 858 2618 913 illi
2655 873 2722 912 ne
2751 859 2833 914 sic
2864 859 3082 930 quidem
3120 863 3281 917 linem
3317 868 3572 922 sreviendi

1996 952 2262 1008 fecerunt.
2291 953 2397 1008 Sed
2427 963 2638 1020 contra,
2668 969 2734 1010 eo
2767 955 3142 1010 vehementius
3181 959 3578 1014 accendebatur

1983 1059 2183 1124 eorum
2217 1045 2394 1112 furor,
2437 1061 2566 1100 cum
2608 1061 2922 1120 expugnare
2972 1035 3276 1119 martyrum
3321 1061 3582 1106 constan-

1999 1137 2125 1191 tiam
2159 1139 2576 1194 contenderent.
2615 1139 2828 1196 Nullam
2869 1151 3049 1197 tamen
3099 1144 3166 1198 ab
3221 1144 3340 1212 ipso
3382 1152 3581 1202 sancto

1993 1244 2185 1284 vocem
2242 1229 2444 1285 elicere
2479 1238 2800 1303 potuerunt,
2833 1245 3033 1304 praeter
3092 1235 3243 1290 illam
3299 1250 3462 1304 quam
3509 1235 3578 1290 ab

1999 1317 2152 1374 initio
2175 1319 2423 1389 proferre
2439 1330 2805 1378 consueverat
2839 1324 3203 1380 confessionis
3232 1341 3342 1380 sua:
3364 1340 3573 1382 vocem.

1997 1406 2062 1461 lli
2087 1422 2216 1479 ergo
2257 1410 2498 1466 maximo
2531 1412 2833 1467 certamine
2869 1415 3162 1484 perfuncti,
3193 1431 3317 1470 cum
3352 1417 3573 1473 vitalem

1999 1500 2260 1569 spiritum
2293 1502 2382 1556 diu
2435 1504 2857 1571 protraxissent,
2892 1507 3108 1562 tandem
3136 1507 3366 1578 jugulati
3399 1519 3527 1566 sunt
3555 1527 3571 1565 :

1995 1609 2060 1649 eo
2093 1596 2180 1650 die
2211 1597 2583 1666 Spectaculum
2636 1597 2765 1653 facti
2827 1602 3048 1666 mundo,
3106 1603 3226 1658 Ioco
3263 1603 3576 1675 multiplicis

1998 1687 2143 1742 illius
2171 1688 2457 1745 varietatis
2479 1705 2601 1759 qua:
2627 1694 2681 1746 in
2705 1691 3062 1760 gladiatorum
3094 1697 3426 1763 spectaculis
3457 1712 3578 1752 cer-

1998 1776 2166 1837 nitur.
2201 1779 2466 1837 Blandina
2495 1797 2630 1839 vero
2691 1787 2759 1840 ad
2814 1787 2996 1856 palum
3057 1803 3348 1858 suspensa,
3387 1791 3577 1846 bestiis

1999 1876 2210 1945 objecta
2242 1886 2345 1932 est.
2383 1876 2513 1944 Qua:
2551 1894 2674 1933 cum
2727 1880 2779 1934 in
2815 1881 2994 1935 crucis
3044 1882 3278 1952 Speciem
3313 1899 3574 1954 suspensa

1998 1979 2334 2039 cerneretur,
2357 1967 2576 2040 Deoque
2597 1973 3007 2028 contentissime
3028 1974 3379 2045 supplicaret,
3405 1978 3578 2032 maxi-

1997 2075 2137 2112 mam
2169 2058 2508 2115 alacritatem
2541 2064 2778 2120 addebat
2827 2064 3197 2134 certantibus;
3257 2068 3457 2138 quippe
3485 2070 3577 2139 qui

1997 2150 2048 2205 iu
2104 2151 2221 2221 ipso
2275 2155 2602 2219 certamine,
2636 2155 2738 2211 sub
2775 2157 2984 2211 sororis
3027 2173 3260 2226 persona
3297 2161 3577 2230 corporeis

1995 2243 2169 2297 oculis
2226 2256 2523 2300 cernerent
2563 2247 2762 2311 illum,
2799 2249 2892 2316 qui
2945 2263 3046 2316 pro
3102 2249 3344 2318 ipsorum
3398 2251 3576 2308 salute

1996 2334 2292 2393 cruciﬁxus
2321 2336 2443 2390 ideo
2462 2336 2660 2401 fuerat,
2692 2347 2750 2391 ut
2782 2340 3132 2396 credentibus
3157 2341 3208 2394 in
3247 2341 3421 2411 ipsum
3458 2358 3580 2412 per-

1997 2427 2275 2490 suaderet,
2309 2429 2623 2497 quicunque
2672 2443 2771 2496 pro
2809 2429 3012 2485 Christi
3053 2431 3230 2502 gloria
3264 2442 3569 2501 pateretur,

1997 2520 2144 2574 hunc
2198 2521 2291 2575 Dei
2349 2522 2584 2576 viventis
2637 2534 2952 2578 consortem
3001 2525 3281 2600 futurum.
3331 2526 3577 2598 Cumque

1998 2613 2140 2666 nulla
2176 2623 2304 2666 tunc
2341 2613 2508 2667 bestia
2545 2628 2742 2682 corpus
2794 2615 2938 2670 illius
2985 2617 3280 2686 attigisset,
3331 2619 3577 2689 deposita

1996 2717 2064 2756 ex
2113 2702 2318 2773 stipite,
2347 2717 2535 2756 rursus
2563 2703 2616 2756 in
2656 2704 2814 2774 162
2845 2721 3126 2761 carcerem
3177 2709 3492 2779 conjicitur,
3523 2713 3575 2767 in

1997 2791 2142 2846 aliud
2190 2803 2466 2846 certamen
2517 2807 2797 2850 reservata
2833 2816 2844 2851 :
2877 2807 2934 2849 ut
2981 2797 3225 2866 pluribus
3259 2800 3583 2870 prolusioni-

1997 2884 2098 2938 hus
2119 2884 2436 2939 adversario
2471 2896 2752 2956 superato,
2790 2890 3019 2944 tortuosi
3064 2891 3282 2958 quidem
3351 2907 3577 2963 serpeno

2001 2974 2070 3028 tis
2129 2976 2648 3034 condemnationem
2708 2991 2914 3034 certam
2995 2992 3160 3050 atque
3209 2984 3575 3040 inevitabilem

2000 3066 2275 3131 redderet,
2324 3066 2523 3124 fratres
2575 3083 2707 3126 vero
2759 3072 3009 3141 exemplo
3062 3088 3161 3127 suo
3206 3076 3572 3132 accenderet;

304 3166 548 3241 χομὲνης
583 3166 901 3219 συνεστάναι
945 3164 1088 3235 (2i),
1124 3165 1322 3235 ἀνῆγεν
1354 3163 1447 3216 ἐπὶ
1478 3163 1539 3216 τὸ
1574 3164 1727 3234 βῆμα
1769 3162 1890 3218 θεα-

2001 3157 2204 3250 quippe
2231 3173 2352 3230 quae
2397 3164 2611 3219 tametsi
2647 3165 2837 3234 pusilla
2894 3165 3220 3238 inﬁrmaque
3259 3180 3314 3226 et
3340 3179 3580 3226 contem-

302 3257 508 3331 ⁴ιρίζων
534 3260 658 3321 τοὺς
686 3257 1008 3330 μακαρίους,
1037 3257 1130 3310 καὶ
1156 3255 1529 3327 ἐμπομπεύων
1557 3259 1666 3318 τοῖς
1693 3255 1891 3326 ὄχλοις.

307 3352 405 3407 Διὸ
437 3353 530 3406 καὶ⁵
565 3351 722 3405 πάλιν
751 3348 987 3422 ἀνήταξε
1009 3389 1023 3413 ,
1072 3349 1166 3402 καὶ
1198 3350 1312 3402 ὅσοι
1353 3349 1451 3419 μὲν
1485 3349 1704 3401 ἐδόκουν
1738 3347 1892 3402 πολι-

302 3447 460 3500 τείαν
504 3444 788 3516 Ῥωμαίων
839 3443 1169 3514 ἐσχηκέναι,
1218 3441 1421 3494 τούτων
1474 3442 1735 3511 ἀνέτεμνε
1791 3442 1890 3506 τὰς

306 3536 550 3608 κεφαλὰς
569 3577 584 3600 ,
614 3537 739 3598 τοὺς
770 3534 827 3588 δὲ
875 3533 1094 3597 λοιποὺς
1127 3533 1372 3605 ἔπεμπεν
1400 3535 1480 3595 εἰς
1520 3532 1702 3604 θηρία.
1753 3532 1893 3586 Ἐδο-

306 3632 502 3699 ξάζετο
553 3629 610 3683 δὲ
673 3628 922 3699 μεγάλως
974 3629 1002 3681 ὁ
1043 3627 1275 3700 Χριστὸς
1326 3627 1418 3679 ἐπὶ
1472 3613 1589 3690 τοῖς
1630 3627 1892 3698 πρότερον

303 3721 708 3794 ἀρνησαμένοις
733 3759 749 3784 ,
792 3719 912 3772 τότε
962 3718 1113 3790 παρὰ
1147 3720 1244 3791 τὴν
1289 3717 1396 3771 τῶν
1437 3718 1605 3771 ἐθνῶν
1636 3719 1892 3773 ὑπόνοιαν

303 3815 649 3886 ὁμολογοῦσι.
677 3815 786 3868 Καὶ
821 3814 923 3884 γὰρ
961 3813 1064 3885 ἰδίᾳ
1089 3805 1234 3867 οὗτοι
1257 3811 1605 3884 άνητάζοντο,
1632 3812 1707 3875 ὼς
1733 3811 1892 3883 δῆθεν

303 3905 792 3978 ἀπολυθησομενοι.
826 3905 936 3958 Ka‘t
959 3903 1368 3975 ὁμολογοῦντες,
1405 3903 1790 3974 προσετίθεντο
1813 3901 1890 3972 τῷ

379 4077 492 4204 Siti)
524 4078 1014 4161 Kabrrsptaxaeic
1058 4077 1262 4169 κύκλῳ
1298 4077 1430 4160 eo?
1464 4075 1881 4146 ἀμφιθεάτρου.

379 4173 386 4200 ι
414 4151 571 4204 ebant
595 4149 719 4204 ohm
746 4151 1068 4204 gladiatores
1093 4157 1148 4202 ct
1177 4150 1438 4204 bestiarii.
1464 4155 1749 4204 antcuuam
1776 4162 1881 4202 cer-

306 4148 571 4207 Solebaut
595 4149 719 4204 olim
746 4151 1068 4218 gladiatores
1093 4157 1158 4202 ct'
1177 4148 1438 4212 bestiarii,
1464 4155 1749 4217 antequam
1776 4162 1888 4202 cer-

305 4235 493 4277 tamen
526 4221 760 4281 obirent,
804 4234 900 4288 per
927 4234 1020 4272 ora
1053 4219 1230 4286 populi
1265 4219 1623 4272 circumduci.
1669 4219 1741 4272 De
1780 4233 1885 4288 qua

303 4306 503 4362 pompa
537 4290 774 4362 loquitur
807 4287 1408 4362 LIICi:1IIIISil|‘_TO.Iari,
1443 4298 1499 4340 ut
1534 4287 1888 4362 notavitSal-

305 4357 515 4416 inasi‘us
553 4357 620 4411 in
642 4358 795 4412 Notis
818 4357 1118 4428 adilulium
1147 4357 1530 4428 Capitolinum.
1570 4373 1690 4428 pag.
1724 4358 1816 4428 9|,
1838 4365 1892 4411 et

303 4430 690 4491 Casaubonus;
727 4438 846 4495 post
893 4427 1130 4497 Lipsium
1167 4429 1218 4480 in
1253 4425 1664 4491 Saturnalibus:
1686 4430 1774 4497 qui
1809 4427 1890 4479 lo-

303 4517 432 4560 cum
493 4497 808 4564 Quintiliani
869 4513 934 4551 ex
985 4495 1384 4567 Decluinaliaue
1439 4513 1576 4550 noua
1645 4495 1717 4551 eo
1759 4511 1884 4567 spe-

277 4575 546 4624 'ctantcm
587 4567 791 4635 primus
836 4568 1080 4621 adduxit.
1125 4566 1177 4618 ld
1220 4575 1400 4620 autem
1433 4567 1592 4620 (iebat
1640 4583 1743 4623 non
1795 4566 1885 4621 So-

305 4641 417 4694 Ium
451 4640 506 4692 in
539 4639 607 4690 iis
637 4639 726 4705 qui
764 4637 969 4704 scipsos
997 4637 1063 4690 ad
1095 4636 1279 4690 ludum
1314 4643 1751 4701 auctoraverant,
1790 4638 1884 4690 sed

306 4713 360 4766 in
395 4709 506 4762 rcis
539 4708 632 4775 qui
679 4706 746 4760 ad
787 4707 986 4760 ferrum
1034 4714 1128 4760 aut
1179 4707 1377 4761 bestias
1425 4709 1662 4762 damnati
1708 4717 1883 4761 erant.

306 4778 614 4835 Martialis:

421 4847 688 4901 Traducla
714 4855 785 4900 est
819 4847 982 4916 gyris,
1017 4861 1108 4898 nec
1139 4846 1272 4916 cepit
1302 4862 1462 4899 arena
1484 4855 1741 4900 nocentes.

389 4917 500 4989 (t7)
521 4916 634 4971 Kal
649 4914 1014 4986 μάρτυρες...
1030 4914 1394 4989 ἐχαρίζοντοτ
1414 4916 1468 4989 Id
1506 4927 1612 4979 est,
1633 4917 1878 4971 dextram

308 4988 476 5060 lapsis
505 4998 887 5060 porrexerunt,
907 4988 1294 5060 etmedicinatn
1315 4988 1696 5050 adhibuerunt,
1720 4995 1767 5040 et
1790 5002 1886 5054 pro

311 5056 380 5115 iis
401 5062 842 5113 intercesserunt.
877 5059 929 5112 id
959 5057 1100 5112 enim
1125 5056 1373 5111 solebant
1405 5067 1693 5126 martyres,
1726 5064 1782 5110 ut
1814 5071 1882 5110 ex

306 5131 580 5202 Cypriano
613 5129 918 5202 didicimus.

382 5199 493 5270 (l8)
520 5197 997 5270 Ἀνεμητροῦντο.
1031 5195 1239 5270 Dudum
1267 5194 1616 5270 conjeceram‘
1643 5195 1715 5250 ita
1748 5195 1887 5250 scri-

308 5265 546 5325 bendum
575 5265 716 5321 esée.
763 5269 953 5321 Postea
995 5281 1123 5320 vero
1163 5269 1214 5320 in
1267 5269 1452 5321 codice
1487 5265 1654 5336 Regio
1695 5281 1887 5334 super-

308 5343 571 5408 scr-iptqu
605 5337 782 5408 iuveni
820 5338 1010 5391 eadem
1051 5352 1233 5391 manu.
1276 5337 1580 5403 Quinetiam
1636 5336 1886 5390 Christo-

308 5407 643 5482 phorsonnm
669 5411 740 5482 ita
768 5407 960 5482 legisse
986 5419 1227 5482 apparet.

379 5479 493 5549 (t9)
522 5475 1073 5549 ’Errluxalrortoc.
1111 5475 1234 5549 Hoc
1278 5475 1501 5549 verbum
1558 5484 1666 5529 tam
1709 5477 1888 5532 active

307 5544 482 5620 quant
521 5544 913 5620 pa‘sSive‘Sumi
967 5557 1164 5620 potest.
1199 5547 1263 5620 Et
1302 5544 1634 5620 Nicephorus
1670 5549 1886 5620 quidem

308 5615 488 5673 active
519 5615 721 5670 dictum
748 5615 1030 5670 intellexit.
1066 5617 1157 5670 Sic
1179 5616 1320 5670 enim
1345 5615 1486 5670 hunc
1520 5615 1701 5670 locum
1722 5619 1890 5672 inter-

306 5689 534 5757 polavit,
592 5687 687 5758 καὶ
713 5686 1088 5754 ἐγλυκαίνοντο
1127 5686 1231 5739 ὑπὸ
1272 5685 1365 5738 τοῦ
1397 5687 1471 5758 μὴ
1514 5686 1758 5751 θέλοντος
1798 5689 1888 5742 τὸν

304 5760 564 5814 θάνατον.
596 5757 900 5824 Metaphora
926 5767 1008 5811 cst
1039 5758 1108 5811 ab
1132 5760 1384 5827 oleastro,
1412 5757 1502 5827 qui
1538 5759 1731 5812 insitus
1764 5760 1888 5812 dul-

302 5829 498 5894 cescit,
525 5829 594 5882 de
625 5844 733 5896 quo
762 5828 952 5882 Paulus
981 5828 1272 5896 aposwlus.
1305 5826 1407 5883 Sed
1432 5826 1482 5884 ct
1509 5829 1720 5898 passive
1746 5828 1887 5883 sumi

633 5919 874 5981 Parnm
889 5966 904 5982 .
944 5921 1056 5984 Gn.
1108 5921 1248 5982 ΧΧ.

1996 3260 2115 3323 put,
2149 3249 2359 3307 Christi
2388 3261 2593 3318 tamen,
2617 3253 2798 3324 magni
2827 3253 2970 3309 illius
3008 3255 3308 3328 invictique
3332 3260 3576 3328 athletae,

2000 3343 2198 3400 rubore
2243 3343 2457 3408 induta,
2502 3357 2558 3399 et
2603 3345 2976 3400 adversarium
3018 3349 3205 3404 multis
3237 3350 3450 3407 vicibus
3485 3369 3580 3410 su-

2000 3443 2268 3506 perasset,
2300 3446 2357 3492 et
2394 3435 2634 3506 glorioso
2657 3439 2964 3495 certamine
2993 3456 3258 3497 coronam
3302 3445 3580 3502 immorta-

1998 3529 2172 3584 litatis
2214 3537 2567 3598 reportasset.
2618 3529 2832 3586 Attalus
2893 3547 3112 3603 quoque
3161 3535 3514 3592 vehementer
3546 3555 3575 3591 a

2001 3623 2202 3692 populo
2247 3622 2555 3693 postulatus
2607 3624 2674 3678 ad
2708 3626 3062 3696 supplicium,
3091 3636 3280 3697 utpote
3313 3631 3396 3684 vir
3424 3632 3578 3686 valde

2000 3714 2253 3781 celebris,
2283 3725 2510 3787 paratus
2538 3717 2605 3770 ad
2636 3727 2916 3773 certamen
2951 3720 3207 3785 accessit,
3240 3720 3414 3777 fretus
3445 3739 3578 3778 cou-

1999 3806 2229 3861 scientia
2272 3817 2421 3864 recte
2468 3809 2756 3864 factorum.
2791 3811 3000 3882 Quippe
3043 3813 3094 3866 in
3129 3812 3572 3870 Christianorum

1997 3899 2282 3970 disciplina
2331 3899 2506 3955 solide
2562 3901 2925 3969 exercitatus,
2978 3904 3240 3974 testisque
3295 3908 3436 3977 apud
3477 3924 3576 3964 nos

1985 4085 2187 4148 potest.
2242 4087 2300 4132 ct
2356 4077 2579 4147 quidem
2617 4078 2919 4141 commode,
2964 4084 3022 4132 ut
3072 4077 3204 4132 mihi
3257 4081 3483 4136 videtur.
3522 4082 3574 4137 ld

1981 4149 2126 4220 enim
2150 4148 2250 4202 sihi
2282 4148 2465 4201 volunt
2484 4148 2868 4220 Lugdunenses
2897 4166 2910 4202 :
2942 4162 3135 4220 nomen
3165 4149 3389 4217 Christi,
3413 4166 3573 4220 quem

1983 4217 2121 4284 lapsi
2156 4228 2510 4287 negaverant,
2539 4218 2694 4272 dulce
2720 4219 2786 4271 de
2807 4227 3002 4273 cmtero
3030 4219 3164 4287 ipsis
3189 4221 3372 4276 fuisse.
3408 4217 3577 4280 Paido

1985 4297 2105 4354 post
2137 4303 2234 4356 pro
2253 4286 2610 4358 ἐρωτηθῶσι,
2640 4287 2824 4358 Codex
2864 4286 3154 4343 Medieacus
3178 4300 3230 4344 et
3267 4291 3576 4350 Mazarinus

1986 4357 2379 4479 ἐῖῑερωτηθῶσι
2415 4361 2634 4413 habent.
2676 4357 2767 4412 Sic
2795 4361 2959 4412 etiam
3001 4361 3167 4414 codex
3213 4362 3347 4416 Fnk.
3390 4374 3444 4418 et
3477 4363 3579 4419 Sa-

1988 4443 2036 4479 νι
2067 4445 2123 4479 ιι.

1988 4443 2123 4482 VIIII.

1920 4531 1963 4586 D
2063 4497 2175 4567 (‘20)
2202 4497 2847 4568 Ἀποτυμπανισθῆναι.
2889 4495 3036 4553 Hanc
3064 4515 3250 4554 vocem
3286 4508 3390 4555 non‘
3421 4503 3577 4556 intel-

1994 4566 2123 4619 lexit
2158 4567 2707 4619 Christouhorsonus.
2737 4568 2825 4619 nni
2849 4572 3110 4619 Iunmanis
3144 4575 3571 4619 toranerivm-tiL

2046 4569 2123 4620 xit
2158 4567 2825 4636 Christophorsonus,qui
2849 4572 3110 4636 tympanis
3144 4575 3374 4637 torqueri
3394 4576 3572 4626 vertit.

1993 4637 2134 4707 Quid
2203 4638 2306 4692 hoc
2370 4642 2592 4692 verbum
2649 4639 2946 4705 signiticet,
2999 4637 3329 4707 jampridem
3392 4644 3577 4698 ducunt

1993 4705 2341 4762 Villiumarus
2372 4709 2424 4761 in
2450 4708 2605 4762 libris
2627 4709 2886 4761 Adversus
2908 4705 3188 4762 liabet-lum
3214 4708 3429 4766 Titium.

2063 4777 2174 4851 (εί)
2202 4779 2325 4851 Τῆς
2347 4776 2558 4851 ἐνθάδε
2577 4778 3032 4851 πανηιῶρεενςηο
3063 4779 3409 4851 ἀρχομένης
3426 4798 3577 4839 συν-

1991 4844 2529 4903 εσὲάνιιιζϐυιεὶπὶε
2547 4844 2780 4902 ex'onuii
2808 4844 3292 4904 Galliacon'veiit'ns
3330 4844 3575 4909 Indorum

1993 4932 2157 4970 causa
2193 4919 2356 4972 Iiebat
2404 4918 2669 4987 Lugduni,
2707 4917 2774 4969 ad
2820 4918 3251 4987 aramiAugusto
3280 4934 3574 4979 sacratam.

1993 4987 2180 5041 Dicata
2206 4995 2388 5042 autem
2427 4986 2742 5040 fuerath.cc
2779 5002 2871 5039 ara
2893 4986 3038 5043 Julio
3055 4986 3292 5044 Antonio
3325 5001 3374 5045 et
3411 4992 3579 5049 Fabio

1991 5056 2256 5112 Africano
2297 5072 2467 5121 coss.,
2498 5056 2754 5110 Kalendis
2783 5056 3032 5123 Augusti,
3069 5069 3126 5112 ut
3157 5061 3345 5115 scribit
3377 5062 3577 5118 Sueto-

1999 5129 2124 5182 nius
2171 5130 2222 5181 in
2268 5127 2512 5181 Claudio.
2551 5125 2656 5181 Eos
2695 5126 2847 5180 ludos
2887 5128 3064 5182 adhuc
3097 5144 3190 5183 sua
3228 5141 3385 5185 :etate
3429 5149 3581 5186 mau-

1994 5197 2135 5252 sisse
2164 5197 2354 5252 scribit
2386 5198 2504 5272 Dio.
2533 5194 2606 5250 Ex
2635 5196 2718 5250 his
2753 5197 3023 5265 colligitur
3055 5212 3328 5272 martyres
3359 5202 3579 5270 Lugdu-

1995 5281 2396 5340 nensesinense
2417 5265 2664 5340 Augusto
2691 5280 3037 5340 passoscsse.
3054 5265 3218 5335 Quod
3231 5283 3408 5326 autem
3433 5265 3578 5340 ᾸιΙο,

1995 5336 2296 5413 Usuardus,
2327 5335 2799 5413 Beda,'Notker_ns
2838 5338 3057 5413 aliique
3082 5343 3310 5395 natalem
3359 5335 3578 5413 Lngdnl

1995 5409 2573 5480 neusiutnmartyrum
2607 5406 2971 5480 ceul'eruntiu
3005 5409 3149 5465 diem
3186 5406 3572 5480 quartumvﬁo-

1997 5493 2097 5531 nas
2127 5475 2295 5541 Junii,
2352 5475 2484 5549 nihil
2518 5492 2603 5531 me
2644 5487 2843 5549 movet.
2876 5476 2974 5532 Diu
3031 5481 3175 5534 enim
3203 5475 3328 5549 post
3358 5483 3575 5536 illorum

1996 5562 2209 5608 necem,
2235 5563 2356 5600 cum
2389 5548 2602 5601 illorum
2639 5547 2877 5617 reliquias
2917 5549 3146 5605 inventae
3184 5547 3430 5614 fuissent,
3490 5554 3580 5606 hic

1996 5619 2113 5671 dies
2137 5617 2478 5688 potissimum
2505 5618 2711 5673 electus
2743 5629 2847 5683 est,
2880 5634 2988 5688 quo
3013 5621 3250 5674 omnium
3285 5623 3442 5675 simul
3471 5639 3579 5675 me-

1999 5689 2170 5741 moria
2226 5687 2614 5754 celebraretur,
2661 5705 2785 5742 Ctllll
2834 5687 3009 5744 tamen
3054 5706 3157 5744 non
3204 5706 3312 5745 uno
3359 5693 3578 5746 eodem-

1995 5773 2102 5825 que
2131 5757 2214 5810 die
2243 5771 2430 5812 onmes
2459 5760 2602 5826 passi
2651 5761 2776 5825 sint,
2831 5774 2890 5813 ut
2941 5776 3006 5814 ex
3060 5762 3161 5814 hac
3196 5763 3422 5832 epistola
3448 5775 3582 5818 cono"

1998 5839 2128 5883 stat.

3196 5925 3266 5983 13
