4112 6428
277 424 413 527 43.33.
473 518 489 527 -
741 522 755 527 Α
797 525 806 527 _
991 525 1005 527 μ
1316 435 1664 494 ΠΙΞΤΟΒΙίΕ
1706 438 1878 494 ECCL

1982 437 2265 495 lASTlCIE
2305 440 2431 496 LIB.
2473 441 2538 497 Υ.
3453 447 3556 501 431

278 518 368 624 Eis
391 518 524 624 inde
553 522 954 624 accendebatur
981 525 1161 594 furor,
1195 529 1286 598 qui
1315 530 1532 600 quidem
1568 531 1716 586 nullo
1743 533 1864 600 iure
1903 533 2163 590 adversus
2205 549 2302 590 nos
2337 536 2536 605 atquali
2577 537 2700 592 odio
2768 536 3111 593 ferebantur:
3151 549 3207 592 ut
3239 538 3554 609 impleretur

280 609 804 720 Seriptura,.l.65
841 635 963 690 quae
998 622 1170 720 dicit:
1209 643 1227 678 ι
1254 625 1473 720 Iniquus
1532 629 1710 683 adhuc
1752 629 1935 698 inique
1973 639 2129 700 agat,
2187 640 2240 684 et
2275 629 2453 699 iustus
2496 633 3017 703 adhucinstiﬂcetur
3042 634 3107 690 ³⁸.
3137 655 3154 687 ι
3181 634 3380 690 Eorum
3405 639 3552 692 enim

278 717 512 814 corpora
545 710 634 776 qui
661 710 743 814 .in
776 726 998 768 carcere
1059 715 1302 772 suﬂ'ocati
1345 719 1658 789 perierant,
1695 722 1922 778 canibus
1958 721 2299 792 obiecerunt,
2334 723 2566 778 sollicite
2600 726 2952 782 observantes
2988 734 3150 780 noctu
3181 736 3343 798 atque
3380 727 3552 782 inter-

281 798 396 864 diu,
461 817 528 856 ne
581 803 706 872 quis
783 815 1093 865 nostrorum
1153 827 1215 868 ea
1282 814 1574 884 sepultura:
1643 817 1943 872 mandaret.
1986 805 2116 872 Post
2147 819 2260 874 lucc
2292 818 2553 888 quidquid
2585 828 2680 874 aut
2715 833 2743 872 a
2778 819 3002 884 bestiis,
3045 829 3139 874 aut
3167 821 3232 875 ab
3268 823 3390 890 igne
3429 821 3553 875 reli-

284 908 454 992 ‘illllm
483 894 667 952 fuerat
690 941 704 965 ,
735 903 931 968 partim
958 903 1155 961 laniata
1177 949 1192 976 ,
1219 909 1420 978 partim
1482 911 1735 968 anzhusta
1795 915 2037 968 membra
2102 926 2464 984 exponentes:
2501 915 2831 985 reliquorum
2861 917 3092 986 denique
3119 918 3290 986 capita
3320 932 3439 972 cum
3472 919 3554 986 ip-

279 993 686 1091 corperum
723 993 936 1091 truncis
960 995 1218 1052 similiter
1255 998 1520 1069 insepulta
1591 1015 1689 1070 per
1757 1003 2031 1073 plurimos
2099 1005 2217 1060 dies
2245 1005 2446 1061 additis
2482 1007 2711 1064 militum
2742 1011 2989 1066 excubiis
3025 1009 3418 1065 cusiodiemm,
3489 1009 3554 1063 ει

414 1079 1034 1188 quideminfremebant
1068 1104 1132 1145 ac
1168 1091 1416 1147 dentibus
1454 1094 1760 1150 stridebant
1794 1097 1850 1151 in
1891 1107 2168 1163 mortuos,
2208 1100 2386 1156 adhuc
2451 1103 2805 1172 exquisitiore
2862 1107 3094 1176 quodam
3161 1103 3426 1174 supplicio
3459 1116 3554 1158 eos

290 1168 507 1268 allicere
542 1177 844 1246 cupientes.
883 1181 987 1236 Alii
1017 1198 1146 1239 vero
1183 1185 1483 1244 irridebant
1549 1189 1989 1260 insultabautqt'te
2017 1232 2031 1257 ,
2068 1193 2358 1248 simulacra
2391 1209 2516 1250 sua-
2539 1168 2795 1253 laudibus
2826 1168 3176 1262 ert-tollentes,
3228 1168 3306 1252 ac
3368 1210 3554 1268 pinnas

283 1266 353 1362 de
405 1273 758 1343 martyribus.
811 1287 1052 1348 sumptas
1093 1281 1170 1336 eis
1221 1283 1594 1343 ascribentes.
1640 1285 1892 1342 Nonnulli
1932 1289 2090 1359 paulo
2153 1291 2451 1359 aequiores,
2518 1301 2572 1346 et
2606 1295 2695 1362 qui
2733 1295 2902 1348 vicem
2934 1302 3172 1349 nostram
3207 1266 3389 1348 dolere
3417 1306 3554 1361 quo-

282 1360 585 1469 flztmmodo.
605 1366 929 1469 videbantur
951 1408 970 1436 ,
1065 1373 1465 1443 exprobrabant
1529 1377 1820 1434 identidem
1851 1380 1966 1435 haec
2005 1381 2282 1439 dicentes:
2314 1382 2416 1439 Ubi
2447 1395 2529 1441 est
2559 1360 2701 1442 Deus
2727 1401 2912 1442 eorum
2933 1385 3036 1440 i-el
3062 1385 3190 1454 quid
3224 1383 3328 1438 illis
3357 1360 3561 1452 profuit

281 1451 398 1508 ha"
430 1457 655 1528 “"850,
689 1462 775 1516 cui
805 1465 970 1518 vitam
996 1479 1210 1536 quoque
1234 1483 1392 1524 suam
1418 1479 1848 1541 postposuerunt
1877 1473 1910 1527 ἲ
1936 1473 2014 1528 Ac
2045 1465 2326 1544 gentilium
2353 1479 2572 1548 quidem
2605 1479 2891 1536 insectatio
2925 1451 3098 1534 talem
3128 1477 3322 1532 habuit
3360 1451 3552 1528 ivarie-

286 1553 483 1604 tatem.
523 1548 630 1605 Nos
662 1567 792 1609 vero
821 1557 1153 1627 gravissimo
1193 1558 1413 1614 interim
1473 1561 1661 1618 dolore
1726 1565 2142 1634 premebamur,
2217 1567 2360 1639 quod
2429 1569 2654 1624 humare
2684 1571 2946 1624 cadavera
2987 1568 3144 1624 nobis
3184 1582 3289 1622 non
3341 1562 3552 1620 liceret.

279 1639 419 1698 Nam
453 1658 636 1714 neque
670 1647 847 1702 noctis
878 1650 1115 1705 teuebra:
1143 1667 1244 1708 nos
1268 1652 1462 1723 iuvare
1482 1695 1497 1721 ,
1535 1670 1716 1725 neque
1747 1657 1866 1711 auri
1906 1657 1986 1713 vis
2016 1655 2235 1715 ﬂectere
2255 1698 2270 1726 ,
2305 1664 2484 1730 neque
2512 1676 2705 1732 preces
2770 1660 2890 1715 ulla:
2947 1661 3158 1715 animos
3185 1672 3372 1714 eorum
3401 1670 3557 1711 com-

282 1753 514 1844 movere
540 1749 857 1844 potuerunt.
895 1743 1006 1799 Sed
1033 1747 1179 1844 omni
1213 1748 1392 1803 studio
1420 1757 1584 1820 atque
1610 1751 1873 1807 industria
1913 1755 2176 1810 cadavera
2235 1755 2646 1822 custodiebant,
2709 1757 2862 1826 quasi
2889 1756 3078 1826 ingens
3100 1755 3309 1810 lucrum
3336 1751 3556 1824 facturi,

278 1835 327 1887 si
359 1835 639 1905 sepultura
665 1840 992 1895 caruissent.
1027 1861 1047 1894 ι
1090 1841 1376 1899 Nonnullis
1397 1845 1590 1901 deinde
1613 1847 1909 1917 interiectis
1948 1851 2064 1907 haec
2098 1851 2339 1908 addunt:
2381 1871 2399 1905 ι
2424 1852 2594 1923 Igitur
2625 1864 2923 1925 martyrum
2957 1866 3219 1924 corpora,
3266 1861 3560 1924 postquam

279 1930 433 2034 omni
467 1943 664 2000 genere
695 1935 1034 2034 contumeliae
1064 1937 1344 2034 tra-ductaJ
1386 1948 1441 1993 et
1475 1940 1576 1995 sub
1606 1941 1736 2019 divo.
1759 1957 1856 2012 per
1891 1957 1984 1998 sex
2015 1943 2130 1999 dies
2162 1946 2406 2015 exposita
2469 1946 2792 2016 iacuerunt,
2827 1947 3037 2000 tandem
3105 1957 3345 2002 cremata
3391 1956 3558 2015 atque

288 2023 350 2078 in
383 2023 593 2078 cineres
638 2025 853 2080 redacta
880 2066 895 2090 ,
932 2027 982 2080 in
1021 2026 1347 2098 prmﬂuentis
1378 2029 1627 2086 Rhodani
1659 2033 1868 2088 alveum
1908 2049 2096 2106 sparsa
2125 2045 2250 2091 sunt
2314 2037 2382 2092 ab
2449 2038 2657 2109 impiis,
2691 2054 2758 2092 ne
2787 2037 2907 2092 ulla:
2945 2037 3200 2108 deinceps
3231 2051 3418 2092 eorum
3466 2052 3553 2092 re-

281 2119 545 2189 liquirein
574 2119 736 2174 terris
781 2130 1148 2190 superessent.
1180 2124 1358 2192 Atque
1418 2123 1473 2178 id
1529 2125 1780 2195 agebant,
1810 2141 2034 2196 prorsus
2103 2130 2253 2198 quasi
2298 2131 2407 2184 Deo
2450 2131 2757 2201 superiores
2804 2145 2962 2197 esse,
2996 2139 3052 2186 et
3103 2130 3560 2186 resurrectionem

280 2215 392 2270 illis
427 2214 670 2269 adimere
708 2223 962 2284 possent:
1005 2227 1059 2269 ut
1090 2217 1540 2284 quemadmodum
1577 2219 1680 2288 ipsi
1715 2221 2001 2288 dicebant,
2038 2237 2105 2277 ne
2170 2241 2301 2295 spes.
2359 2227 2574 2297 quidem
2645 2228 2747 2282 ulla
2815 2226 3130 2297 resurgendi
3161 2228 3240 2283 eis
3286 2227 3555 2298 relinque-

279 2317 468 2372 retur,
524 2323 629 2378 qua
665 2305 786 2362 freti
831 2322 1021 2361 novam
1063 2310 1352 2377 quamdam
1400 2326 1463 2365 ac
1534 2315 1872 2384 peregrinam
1914 2316 2070 2372 nobis
2112 2318 2373 2374 invehunt
2442 2319 2793 2388 religionem,
2845 2328 2900 2374 et
2947 2319 3266 2388 gravissima
3329 2331 3555 2388 quaeque

283 2412 557 2458 tormenta
593 2412 978 2470 contemnunt,
1017 2406 1358 2474 promptique
1386 2415 1440 2461 et
1473 2407 1680 2463 alacres
1745 2423 1972 2468 mortem
2039 2414 2292 2468 subeunt.
2371 2414 2661 2470 Videamus
2701 2429 2847 2468 nunc
2908 2428 2975 2467 an
3009 2413 3116 2468 sint
3148 2410 3553 2477 resurrecturi,

281 2511 340 2554 et
369 2509 546 2554 utrum
597 2499 792 2553 adesse
840 2499 968 2568 ipsis
1017 2500 1158 2553 Deus
1199 2517 1328 2554 suus
1351 2543 1367 2565 .
1423 2516 1486 2557 ac
1534 2503 1601 2559 de
1632 2507 1883 2561 manibus
1922 2511 2125 2564 nostris
2162 2511 2308 2580 ipsus
2339 2510 2550 2580 eripere
2584 2508 2780 2563 valeat.
2814 2525 2835 2558 ι

837 2594 1234 2647 ΚΕΦΑΛΑΙΟΝ
1264 2591 1342 2648 B'.

296 2685 392 2765 Ὠς
426 2689 477 2739 οὶ
532 2684 825 2765 θεοφιλεῖς
864 2685 1161 2765 1acipergoet;
1224 2686 1368 2765 ζορς
1412 2687 1481 2765 ἐν
1523 2688 1602 2754 τῷ
1635 2689 1872 2765 dirarari)

352 2756 836 2895 ῗμὶτξρτίτῧῗιότας
853 2757 1212 2826 ἐθεράπευον
1223 2757 1597 2828 δεξιούμενοι
1624 2756 1763 2831 (Nic.
1780 2756 1841 2814 "II
1854 2801 1867 2814 .

354 2919 595 2973 Τοιαῦτα
615 2921 709 2972 καὶ
722 2918 790 2972 τὰ
810 2919 952 2973 κατὰ
971 2920 1060 2974 τὸν
1092 2920 1461 2992 δεδηλωμένον
1492 2922 1872 2993 αὐτοκράτορα

284 3013 403 3073 ταῖς
433 3010 669 3081 Χριστοῦ
685 3009 1029 3082 συμϐέϐηκεν
1065 3011 1438 3083 Ἐκκλησίαις,
1469 3014 1561 3083 ἀφ’
1585 3007 1660 3067 ὧν
1688 3015 1780 3079 καὶ
1809 3014 1875 3066 τὰ.

285 3106 343 3156 ἐν
386 3106 505 3167 ταῖς
526 3105 741 3167 λοιπαῖς
785 3103 1072 3176 ἐπαρχίαις
1112 3105 1490 3178 ἐνηργημένα,
1535 3107 1705 3161 εἰκότι
1784 3106 1874 3160 λο-

283 3197 468 3267 γισμῷ
495 3195 844 3267 στοχάζεσθαι
875 3198 1156 3270 πάρεστιν.
1194 3199 1376 3264 Ἄξιον
1413 3199 1623 3263 τούτοις
1667 3202 1731 3253 ἐκ
1776 3201 1875 3270 τῆς

283 3290 457 3360 αὐτῆς
490 3289 817 3360 ἐπισυνάψαι
863 3293 1081 3363 γραφῆς
1113 3291 1286 3358 λέξεις
1332 3293 1558 3365 ἐτέρας,
1607 3292 1674 3345 δι’
1705 3285 1780 3348 ὧν
1815 3293 1876 3346 τὸ

285 3384 527 3447 ἐπιεικὲς
569 3383 662 3438 καὶ
700 3383 1082 3456 φιλάνθρωπον
1119 3385 1228 3438 τῶν
1255 3384 1639 3457 δεδηλωμένων
1671 3385 1877 3458 μαρτύ-

288 3499 399 3550 ρων
425 3483 838 3554 ἀναγέγραπται
868 3482 1075 3547 τούτοις
1104 3484 1289 3550 αὐτοῖς
1315 3487 1424 3550 τοῖς
1452 3486 1688 3556 ῥήμασιν
1714 3501 1727 3514 ο
1769 3484 1875 3538 ι’οἳ

286 3581 384 3634 καὶ
420 3580 516 3633 ἐπὶ
543 3579 792 3633 τοσοῦτον
825 3577 1063 3650 ζηλωταὶ
1097 3582 1192 3635 καὶ
1221 3582 1453 3652 μιμηταὶ
1480 3581 1717 3653 Χριστοῦ
1753 3580 1876 3650 ἐγέ-

286 3688 474 3735 νοντο,
517 3671 576 3734 ὂς
619 3672 676 3724 ἐν
705 3675 884 3743 μορφῇ
932 3671 1066 3725 Θεοῦ
1101 3673 1395 3744 ὑπάρχων,
1443 3673 1540 3745 οὐχ
1587 3673 1878 3745 ἁρπαγμὸν

287 3765 535 3836 ἡγήσατο
556 3764 616 3818 τδ
630 3763 770 3818 εἶναι
796 3765 884 3818 ἴσα
910 3764 1050 3835 Θεῷ,
1071 3764 1210 3818 ὥστε
1237 3768 1294 3818 ἐν
1312 3762 1537 3834 τοιαύτῃ
1550 3765 1674 3838 δόξῃ
1703 3766 1879 3837 ὑπάρ-

290 3858 498 3926 χοντες,
538 3854 629 3908 καὶ
670 3855 768 3924 οὐχ
811 3853 957 3918 ἅπαξ
983 3854 1102 3907 οῦδὲ
1130 3853 1212 3916 δὶς
1237 3893 1250 3916 ,
1283 3851 1417 3906 ἀλλὰ
1448 3851 1706 3915 πολλάκις
1736 3869 1878 3924 μαρ-

287 3949 646 4018 τυρήσαντες,
678 3945 772 4000 καὶ
801 3948 865 3999 ἐκ
895 3945 1098 4017 θηρίων
1113 3941 1272 4009 αὖθις
1315 3942 1712 4014 ὰναληφθέντες
1741 3944 1876 4014 (56),
1913 3987 1954 4042 Β

289 4041 387 4094 καὶ
411 4040 479 4093 τὰ
501 4041 793 4112 καυτήρια,
821 4041 1056 4104 καὶτοὺς
1086 4039 1379 4111 μώλωπας,
1406 4037 1576 4092 καὶτὰ
1590 4036 1878 4109 τραύματα

293 4132 507 4202 ἔχοντες
536 4132 895 4204 περικείμενα
920 4173 950 4198 μ
981 4132 1092 4186 οὔτ’
1125 4131 1280 4187 αὐτοὶ
1327 4132 1606 4203 μάρτυρας
1653 4131 1879 4194 ἑαυτοὺς

291 4227 698 4298 ἀνεκήρυττον,
742 4226 866 4281 οὔτε
913 4228 1019 4299 μὴν
1068 4229 1198 4298 ἡμῖν
1240 4227 1540 4298 ἐπέτρεπον
1586 4224 1758 4296 τούτῳ
1795 4224 1871 4296 τῷ

288 4319 514 4390 ὀνόματι
547 4321 968 4392 προσαγορεύειν
992 4320 1207 4384 αὐτοὺς,
1236 4319 1347 4374 ἀλλ’
1369 4318 1570 4372 εἴποτέ
1598 4335 1682 4382 τις
1715 4317 1875 4389 ἡμῶν

289 4411 356 4465 δι’
380 4412 668 4484 ἐπιστολῆς
694 4412 727 4482 ἢ
751 4413 837 4466 διὰ
855 4411 1012 4481 λόγου
1041 4413 1320 4484 μάρτυρας
1343 4411 1539 4474 αὐτοὺς
1557 4412 1870 4480 προσεῖπεν,

292 4502 635 4574 ἐπέπλησσον
657 4502 889 4574 πικρῶς.
932 4500 1128 4563 Ἡδέως
1150 4499 1258 4571 γὰρ
1281 4500 1632 4570 παρεχώρουν
1656 4495 1754 4568 τὴν
1777 4497 1878 4566 τῆς

295 4595 599 4666 μαρτυρίας
614 4593 982 4665 προσηγορίαν
995 4591 1323 4663 τῴΧριστῴ,
1343 4590 1419 4660 τῷ
1438 4589 1610 4658 πιστῷ
1632 4589 1726 4642 καὶ
1747 4589 1879 4660 ἀληο

291 4685 425 4756 θινῷ
453 4686 707 4758 μάρτυρι,
740 4685 834 4738 καὶ
853 4684 1181 4754 πρωτοτόκῳ
1202 4683 1310 4735 τῶν
1335 4682 1562 4752 νεκρῶν,
1588 4679 1681 4734 καὶ
1707 4681 1881 4751 ἁρχη‹

290 4778 373 4849 γῷ
402 4777 503 4850 τῆς
536 4779 678 4848 ζωῆς
735 4775 828 4831 τοῦ
876 4776 1033 4839 Θεοῦ,
1097 4774 1192 4828 καὶ
1237 4775 1717 4844 ἐπεμιμνήσκοντο
1764 4770 1876 4824 τῶν

293 4872 686 4943 ἐξεληλυθότων
728 4871 829 4940 ἤδη
872 4869 1184 4940 μαρτύρων,
1232 4868 1325 4921 καὶ
1377 4865 1587 4935 ἔλεγονο
1648 4865 1875 4916 Ἐκεῖνοι

289 4963 390 5036 ἢδη
425 4965 720 5034 μαρτυρες,
749 4961 842 5026 οὒς
880 4962 936 5014 ἐν
983 4963 1048 5033 τῇ
1084 4959 1344 5031 ὁμολογίᾳ
1379 4957 1609 5028 Χριστὸς
1648 4955 1879 5026 ἠξίωσεν

291 5055 687 5128 ἀναληφθῆναι,
715 5053 1253 5125 ἐπισφραγισάμενος
1305 5050 1482 5104 αὐτῶν
1525 5048 1610 5101 διὰ
1651 5047 1751 5116 τῆς
1792 5045 1878 5111 ἐξ·

291 5146 415 5199 όδου
447 5144 544 5215 τὴν
586 5144 914 5216 μαρτυρίανο
953 5145 1114 5214 ἡμεῖς
1148 5141 1203 5194 δέ
1234 5139 1485 5211 ὁμόλογοι
1529 5137 1740 5208 pet:th
1783 5135 1877 5188 καὶ

290 5239 558 5293 ταπεινοί.
606 5239 714 5291 Καὶ
747 5235 885 5307 μετὰ
909 5235 1158 5306 δακρύων
1191 5232 1536 5304 παρεκάλουν
1557 5231 1682 5293 τοὺς
1723 5229 1878 5282 ἀδελ-

292 5334 446 5401 φοὺς,
473 5329 717 5402 δεόμενοι
754 5330 842 5383 ἵνα
877 5330 1116 5391 ἐκτενεῖς
1160 5327 1316 5400 εὐχαὶ
1351 5324 1607 5396 γίνωνται
1644 5320 1885 5393 πρὸς-τὺ

356 5417 406 5454 ³³
435 5417 570 5472 Dan.
600 5433 734 5474 xxrt.

1898 2613 1947 2670 A-

2505 2602 2664 2673 163
2697 2597 2924 2657 CAPUT
2961 2598 3025 2655 ll.

1980 2695 2430 2760 Quemadmodum
2453 2694 2557 2747 Deo
2581 2693 2754 2746 dilecti
2775 2702 3029 2762 martyres
3054 2691 3224 2762 lapsis
3239 2691 3292 2745 in
3313 2707 3556 2758 persecu-

2010 2767 2148 2818 tione
2182 2780 2393 2818 maunm
2425 2765 2753 2834 porrigentes
2795 2761 3121 2816 curationem
3157 2761 3516 2817 adhibuerim.

2049 2919 2170 2975 lltnc
2191 2919 2483 2989 supradicti
2511 2916 2853 2988 imperatoris
2878 2916 3212 2986 temporibus
3235 2916 3437 2972 Christi
3465 2916 3560 2969 Er-

1977 3013 2157 3068 clesiis
2201 3013 2579 3082 contigerunt,
2629 3025 2705 3064 ex.
2743 3008 2942 3077 quibus
2977 3023 3038 3064 ea
3075 3024 3196 3079 qua:
3242 3009 3296 3063 in
3334 3009 3560 3078 reliquis

1978 3104 2272 3174 provinciis
2299 3111 2451 3173 gesta
2479 3110 2638 3166 sunt,
2680 3102 2990 3168 coniectura
3018 3099 3232 3168 assequi
3267 3099 3411 3152 licet.
3449 3099 3564 3154 Sed-

1976 3205 2031 3254 et
2063 3195 2168 3249 alia
2219 3193 2464 3263 quaedam
2515 3206 2594 3245 ex.
2631 3190 2816 3244 eadem
2867 3188 3092 3259 epistola
3131 3188 3218 3242 hic
3263 3189 3562 3256 adiungere

1977 3303 2154 3359 opera:
2185 3287 2416 3357 pretium
2448 3283 2653 3346 fuerit,
2694 3280 2892 3349 quibus
2923 3278 3231 3348 benignitas
3261 3287 3422 3348 atque
3453 3279 3558 3333 hn-

1980 3382 2213 3436 manitas
2249 3381 2464 3434 illorum
2497 3391 2635 3446 quos
2671 3372 3426 3446 memoravimusmartyrum
3456 3372 3555 3427 de-

1978 3472 2240 3529 scribitur
2273 3471 2360 3525 his
2395 3469 2617 3524 verbis:
2661 3485 2679 3517 ι
2709 3465 2810 3532 Qui
2843 3466 3060 3536 quidem
3088 3464 3363 3521 Christum
3395 3479 3560 3518 arma»

1980 3566 2078 3620 lari
2129 3573 2292 3634 atque
2340 3563 2540 3617 imitari
2577 3571 2863 3630 tantOpere
2896 3559 3258 3621 studuerunt,
3309 3556 3556 3626 quicum

1981 3661 2032 3714 in
2063 3658 2237 3714 forma
2268 3656 2360 3712 Dei
2393 3664 2573 3719 esset,
2608 3670 2710 3708 non
2740 3654 2988 3722 rapinam
3013 3651 3304 3705 arbitratus
3333 3656 3417 3702 est
3439 3659 3564 3701 esse

1982 3767 2041 3808 se
2069 3751 2332 3820 aequalem
2366 3749 2474 3804 Deo
2499 3767 2511 3802 :
2543 3756 2600 3802 ut
2632 3746 2880 3817 quamvis
2909 3745 2963 3798 in
2997 3752 3209 3816 tantum
3234 3740 3418 3810 gloriae
3446 3738 3568 3794 eul-

1982 3861 2106 3901 mett
2147 3843 2326 3900 evecti
2367 3851 2548 3898 essent
2575 3879 2590 3904 ,
2653 3853 2752 3894 nec
2789 3838 2955 3894 semel
2989 3847 3151 3907 atque
3185 3837 3384 3890 iterum
3407 3875 3425 3900 ,
3462 3831 3558 3887 sed

1983 3939 2181 4009 saepius
2213 3936 2536 4006 martyriqu
2567 3933 2884 3996 subiissent,
2937 3939 2993 3985 et
3022 3945 3052 3984 a
3082 3928 3273 3984 bestiis
3300 3927 3477 3980 denuo
3504 3925 3558 3978 in

1982 4044 2259 4087 carcerem
2303 4027 2458 4082 relati
2502 4035 2716 4090 essent;
2766 4021 3015 4093 quamvis
3060 4019 3264 4090 ignium
3296 4018 3560 4088 impressa

1984 4117 2209 4189 vestigia
2235 4159 2248 4183 ,
2303 4115 2552 4187 quamvis
2591 4114 2793 4168 vibices
2822 4119 2879 4166 et
2915 4110 3140 4166 vulnera
3189 4116 3300 4163 toto
3329 4121 3566 4178 corpore

1981 4209 2417 4272 circumferrem,
2447 4217 2624 4262 tamen
2650 4219 2750 4260 nec
2787 4203 2999 4273 seipsos
3019 4209 3285 4272 martyres
3301 4197 3563 4270 praedica-

1981 4312 2133 4370 rent,
2165 4316 2263 4357 nec
2289 4317 2319 4354 a
2347 4299 2502 4354 nobis
2525 4298 2596 4354 ita
2623 4311 2683 4353 se
2703 4295 2964 4366 appellari
2988 4301 3326 4365 paterentur.
3361 4290 3560 4346 Verum

1979 4398 2024 4453 si
2047 4397 2171 4466 quis
2194 4403 2437 4450 nostrum
2463 4407 2561 4461 per
2583 4391 2794 4446 litteras
2819 4398 2914 4444 aut
2939 4389 2989 4443 in
3006 4386 3263 4444 familiari
3291 4384 3566 4453 colloquio

1982 4502 2076 4542 eos
2107 4495 2374 4557 martyres
2398 4482 2796 4552 compellasset,
2829 4478 3188 4551 obiurgabam
3217 4475 3454 4548 graviter
3479 4482 3561 4528 at-

1983 4595 2089 4651 que
2110 4579 2482 4649 increpabant.
2507 4575 2763 4648 Martyris
2784 4577 2933 4630 enim
2954 4569 3369 4642 appellationem
3390 4567 3562 4622 liben-

1983 4673 2192 4728 tissime
2239 4669 2608 4726 concedebant
2646 4666 2900 4732 Christo,
2953 4672 3136 4733 utpote
3181 4661 3286 4716 ﬁdo
3322 4674 3560 4728 veraque

1985 4763 2146 4827 testi,
2182 4770 2234 4816 et
2261 4759 2621 4831 primogenita
2653 4767 2991 4812 mortuorum
3012 4795 3026 4817 ,
3065 4754 3297 4823 vitchue
3325 4749 3564 4807 cmlestis

1985 4858 2216 4928 principi
2246 4867 2300 4911 et
2329 4854 2558 4910 auctori.
2591 4851 2697 4907 Eos
2726 4864 2940 4919 quoque
2967 4849 3059 4918 qui
3084 4850 3196 4918 iam
3222 4862 3286 4901 ex
3319 4847 3421 4901 hac
3451 4845 3563 4898 vita

1989 4951 2357 5019 migraveraut
2391 4954 2694 5014 martyres,
2727 4942 2884 4996 nobis
2912 4939 3411 4996 commemorabam
3443 4937 3560 4991 aie-

1987 5041 2288 5111 banlqueu
2319 5037 2380 5093 lli
2412 5038 2522 5108 iam
2551 5044 2676 5090 sunt
2706 5043 2996 5112 martyres,
3037 5046 3171 5102 quos
3203 5031 3256 5084 in
3288 5030 3401 5098 ipsa
3430 5043 3578 5084 con-i

1987 5133 2222 5190 fessione
2246 5131 2498 5187 Christus
2522 5127 2722 5183 assumi
2753 5126 2955 5190 voluit,
2989 5123 3382 5194 professionem
3423 5122 3568 5191 ipso-

1986 5243 2106 5283 rum
2137 5231 2314 5280 morte
2360 5233 2618 5291 tanquam
2661 5219 2866 5274 annulo
2913 5218 3210 5286 obsignans
3247 5233 3262 5271 :
3305 5229 3405 5270 nos
3435 5229 3571 5270 vero

1993 5319 2125 5376 tiles
2163 5325 2328 5388 atque
2358 5313 2551 5384 abiecti
2571 5314 2936 5371 confessores.
2954 5331 2981 5366 ι-
3014 5311 3184 5367 Simul
3223 5309 3459 5382 profusis
3491 5308 3569 5362 la-

365 5510 478 5578 (56)
494 5512 603 5564 Καὶ
621 5512 691 5566 ὲκ
710 5511 929 5581 θηρίων
947 5504 1117 5576 αὖθις
1129 5507 1597 5581 ἀναληφθέντες.
1620 5505 1878 5581 Henricus

1982 5502 2212 5581 iectura,
2233 5513 2298 5581 an
2315 5512 2380 5581 es
2411 5495 2514 5578 fide
2531 5506 2772 5581 veterum
2792 5493 3037 5581 codicum
3064 5491 3133 5581 ita
3155 5489 3364 5581 legerit,
3388 5488 3568 5581 infer-

293 5575 1250 5636 Savilinsadoram'suicodicisltuue
1266 5575 1438 5632 locum
1461 5579 1531 5631 ita
1547 5575 1875 5639 emendavit,

291 5651 389 5725 final.
399 5655 512 5725 τοῖς
524 5652 589 5724 θη
600 5651 733 5725 piat;
751 5669 827 5705 πα
833 5650 1308 5725 ραϐληθέντες,καὶ
1321 5649 1379 5714 ἐξ
1393 5647 1569 5725 αὺτῷν
1585 5643 1740 5710 αὖθις
1756 5646 1882 5725 ἀνα-

291 5717 612 5794 ληφθέντεξξ
630 5721 759 5794 Quae
774 5717 1080 5777 emendatio
1114 5721 1505 5794 in_Geneven_si
1539 5733 1752 5794 quoque
1769 5717 1878 5770 edi-

294 5787 446 5848 tione
493 5793 740 5862 apposita
792 5803 876 5862 est
925 5794 991 5845 ad
1027 5791 1321 5860 marginem
1359 5805 1424 5844 ex
1453 5789 1593 5844 libro
1616 5787 1876 5862 _Christ_o-

295 5856 580 5989 rhorsoni.
629 5861 780 5917 Sane
815 5856 1341 5929 Christoiihorsonus
1387 5862 1562 5920 locum
1614 5860 1756 5911 hunc
1801 5856 1872 5910 ita

316 5933 450 5989 cuit.
481 5943 540 5989 ut
558 5949 625 5989 ex
649 5933 898 5989 versione
919 5932 1036 5989 eius
1057 5938 1301 5989 aunaret.
1321 5929 1428 5988 Sed
1455 5938 1633 5984 utrum
1664 5942 1731 5983 ex
1749 5941 1872 5981 con-

316 5933 450 5996 egit.
481 5943 540 5989 ut
558 5949 625 5990 ex
649 5933 898 5991 versione
919 5932 1036 5998 eius
1057 5938 1301 5996 apparet.
1321 5929 1428 5988 Sed
1455 5938 1633 5984 utrum
1664 5942 1731 5983 ex
1749 5941 1874 5981 con-

1988 5559 2099 5627 iutn
2126 5559 2228 5626 est.
2247 5567 2427 5622 Nostri
2449 5575 2596 5620 certe
2609 5566 2825 5620 codices
2841 5564 2972 5618 nihil
2994 5569 3228 5615 mutant.
3248 5559 3418 5612 Porro
3434 5560 3568 5612 ἀναο

1986 5641 2259 5714 ληφθῆναι
2297 5639 2423 5714 _hoc
2466 5639 2585 5690 loco
2633 5635 2922 5714 significat,
2968 5633 3023 5686 in
3074 5645 3351 5714 Cervarii».
3379 5631 3570 5714 italum

1986 5698 2254 5767 co'ritrt'tdi.
2293 5708 2384 5762 Sic
2417 5721 2582 5776 supra
2619 5698 3001 5776 de'Blandina,
3033 5699 3422 5776 καθαιρεθςίσα
3459 5698 3570 5776 ἀπὸ

1985 5780 2076 5838 τοῦ
2100 5781 2276 5846 ξύλου,
2318 5768 2604 5854 ἀνελή-ξρθη
2624 5777 2786 5854 πάλιν
2813 5777 2893 5854 είς
2918 5775 3018 5854 τὴν
3045 5768 3286 5854 είρκτῆν.
3310 5769 3372 5822 Et
3414 5768 3570 5854 pauiu

1985 5839 2127 5924 post'
2151 5839 2690 5924 de_Attalo,'pa0c'uv
2736 5847 2765 5900 ὁ
2815 5839 3040 5916 ἡγεμὼν
3079 5839 3359 5894 ἐκέλευσεν
3409 5839 3571 5894 αὐτὸν

1985 5921 2380 5992 ἀναληφθῆναι.
