4112 6428
265 311 385 367 449

1319 318 1666 378 HISTORle
1705 324 2265 384 ECCLESIASTICIE
2309 330 2446 388 LIB.
2489 333 2555 390 γ.

3453 348 3557 403 450

265 427 415 500 φέρε
447 433 541 482 καὶ
574 429 670 493 τὰς
699 429 862 484 αὑτοῦ
897 423 1268 504 πσράὒώμεθα
1292 434 1465 502 λέξεις
1489 478 1502 502 ,
1533 438 1627 492 καὶ
1649 438 1839 511 πρώτα

1943 443 2163 508 ςιρτϋο,
2211 445 2256 498 si
2293 445 2494 514 placet,
2531 463 2883 520 apponamus,
2929 469 2993 511 ac
3042 455 3274 526 primum
3333 462 3550 532 quidem

261 538 338 592 γε
372 522 475 586 τάς
501 523 624 594 περὶ
654 521 761 576 τῶν
807 523 967 595 ιερῶν
1004 526 1370 594 Εὐαγγελίων,
1403 529 1575 594 οὕτως
1607 530 1867 600 ἐχούσας·

267 634 292 668 ‹
318 617 380 671 Ὀ
413 618 510 687 μὲν
535 616 598 686 δὴ
620 615 892 676 Ματθαῖος
915 618 974 669 ἐν
999 620 1110 681 τοῖς
1147 618 1418 689 Ἑϐραίοις
1452 624 1516 692 τῇ
1556 621 1661 694 ἰδία
1689 623 1870 677 αὐτῶν

258 708 543 778 διαλέκτῳ
601 709 694 761 κα)⁸
763 708 979 780 γραφὴν
1029 709 1319 781 ἐξήνεγκεν
1374 711 1742 781 Εὐαγγελίου,
1775 715 1868 769 τοῦ

260 801 482 870 Πέτρου
529 801 622 853 καὶ
664 797 756 852 τοῦ
790 799 1004 855 Παύλου
1052 803 1108 854 ἐν
1147 801 1337 876 Ῥώμῃ
1363 804 1866 878 εὐαγγελιζομένων

258 895 362 946 καὶ
396 892 792 961 Θεμελιούντων
819 895 918 964 τὴν
956 893 1299 966 Ἐκκλησίαν.
1332 896 1484 950 Μετὰ
1511 897 1566 950 δὲ
1608 899 1708 971 τὴν
1741 899 1866 953 τού-

257 1001 373 1037 των
425 984 600 1051 ἔξοδον
633 984 769 1054 (60),
823 985 1050 1056 Μάρκος
1097 987 1126 1038 6
1179 985 1427 1058 μαθητὴς
1471 989 1563 1041 καὶ
1599 990 1868 1063 ἑρμηνευ-

253 1075 361 1145 τὴς
418 1076 645 1147 Πέτρου,
702 1076 796 1129 καὶ
841 1076 1004 1140 αὐτὸς
1045 1075 1115 1130 τὰ
1176 1077 1280 1131 ὑπὸ
1322 1080 1531 1151 Πέτρου
1594 1084 1854 1154 κηρυσσό·

258 1184 426 1236 μενα,
475 1167 770 1238 ἐγγράφως
824 1170 956 1239 ἡμῖν
985 1169 1371 1240 παραδέδωκε,
1423 1173 1516 1225 καὶ
1543 1174 1758 1238 Λουκᾶς
1806 1175 1904 1230 δὲ.

252 1261 284 1313 6
331 1260 628 1326 ἀκόλουθος
679 1261 914 1326 Παύλου,
962 1263 1022 1316 τὸ
1070 1263 1160 1316 ὑπ’
1193 1263 1403 1317 ἐκείνου
1457 1267 1862 1338 κηρυσσόμενον

253 1353 617 1424 Εὖαγγέλιον,
662 1357 718 1408 ὲν
756 1353 947 1425 βιϐλίῳ
989 1355 1268 1410 κατέθετο.
1320 1357 1553 1411 Ἔπειτα
1605 1358 1862 1431 Ἰωάννης

251 1448 284 1500 6
333 1446 586 1518 μαθητὴς
635 1447 727 1502 τοῦ
769 1448 1009 1520 Κυρίου,
1055 1451 1084 1502 6
1134 1449 1230 1503 καὶ
1258 1444 1351 1503 ἐπὶ
1399 1450 1461 1503 τὸ
1518 1451 1714 1523 στῆθος
1763 1454 1860 1507 αὐ-

253 1537 354 1591 τοῦ
397 1537 703 1602 ἀναπεσὼν,
732 1541 826 1593 καὶ
857 1537 1020 1604 αὐτὸς
1064 1540 1293 1605 ἐξέδωκε
1319 1541 1381 1595 τὸ
1411 1543 1765 1613 Εὐαγγέλιον,
1793 1546 1854 1598 ἐν

266 1626 485 1698 Ἐφέσῳ
521 1628 622 1698 τῆς
664 1630 848 1694 Ἀσίας
892 1630 1201 1703 διατρίϐων.
1241 1652 1260 1684 ι
1317 1633 1502 1688 Ταῦτα
1533 1635 1634 1706 μὲν
1665 1631 1758 1690 οῦν
1798 1637 1856 1691 ἐν
1895 1623 1898 1626 λ

251 1722 428 1793 τρίτῳ
458 1723 555 1794 τῆς
583 1725 702 1796 είρη
713 1723 880 1794 μένης
908 1723 1216 1790 ὑποθέσεως
1245 1725 1321 1797 τῷ
1354 1727 1753 1798 προδηλωθέντι
1778 1727 1853 1781 εῖ-

1975 549 2094 604 qua‘
2139 536 2204 590 de
2241 536 2411 592 sacris
2451 537 2754 612 Evangeliis
2792 547 2981 601 scribit
3013 548 3067 603 in
3105 550 3249 607 hunc
3284 556 3499 613 modum
3531 577 3545 614 :

1978 642 1996 675 ι
2034 624 2316 682 Μοιιιιωυε
2341 669 2356 694 ,
2393 627 2602 700 inquit,
2645 636 2782 703 apud
2817 635 3073 694 llebraios
3110 645 3326 712 propria
3360 661 3547 705 eorum

1972 716 2150 786 lingua
2187 723 2558 792 conscriptum
2594 723 2943 793 Evangelium
2976 732 3178 799 edidit,
3205 736 3329 790 dum
3358 736 3550 796 Petrus

1973 824 2035 863 ac
2062 809 2260 867 Paulus
2275 812 2465 869 Roma:
2481 815 2755 871 Christum
2787 820 3167 890 praedicarent,
3201 835 3256 880 et
3288 827 3546 886 Ecclesia:

1979 899 2328 958 fundamenta
2367 905 2638 973 jacerent.
2678 907 2809 965 Post
2856 911 3051 966 horum
3093 929 3225 970 vero
3267 918 3546 976 interitum

1968 989 2184 1048 Marcus
2245 996 2547 1066 discipulus
2598 1009 2761 1070 atque
2808 1000 3082 1071 interpres
3130 1005 3316 1076 Petri,
3360 1026 3480 1079 quae
3513 1027 3546 1067 a

1967 1081 2130 1139 Petro
2157 1087 2453 1154 praedicata
2497 1089 2749 1159 fuerant,
2781 1099 3080 1166 perscripta
3113 1099 3272 1155 nobis
3302 1102 3542 1158 tradidit.

1957 1174 2140 1259 .Lucas
2167 1193 2404 1249 quoque,
2451 1192 2690 1238 sectator
2722 1185 2909 1253 Pauli,
2940 1188 3286 1263 Evangelium
3321 1207 3348 1247 a
3379 1191 3545 1247 Paulo

1965 1272 2316 1338 praedicatum
2343 1275 2540 1332 litteris
2564 1280 2862 1337 mandavit.
2889 1282 3126 1341 Joannes
3151 1287 3406 1356 denique,
3437 1288 3544 1344 Do-

1967 1361 2100 1416 mini
2127 1363 2424 1436 discipulus
2447 1406 2460 1431 ,
2494 1369 2586 1436 qui
2615 1369 2779 1424 etiam
2807 1371 2860 1426 iu
2888 1374 3006 1443 ejus
3038 1376 3159 1431 sinu
3191 1379 3539 1446 recubuerat,

1965 1451 2311 1524 Evangelium
2327 1455 2514 1523 edidit,
2547 1473 2670 1514 cum
2712 1459 2908 1531 Ephesi
2936 1465 2988 1518 in
3017 1465 3144 1520 Asia
3175 1477 3534 1523 moraretum

1961 1541 2086 1598 limc
2119 1543 2207 1599 ille
2254 1545 2306 1599 in
2360 1547 2522 1604 tertio
2577 1551 2872 1620 supradicti
2918 1556 3103 1625 operis
3149 1555 3328 1624 libro,
3382 1559 3538 1630 cujus

1960 1644 2120 1689 antea
2166 1637 2496 1694 mentionem
2547 1639 2796 1698 fecimus.
2859 1644 2916 1700 In
2976 1648 3168 1716 quinto
3229 1659 3402 1716 vero,
3469 1654 3538 1707 de

1961 1727 2311 1784 ltevclatione
2359 1729 2588 1788 Joannis
2626 1743 2681 1790 et
2727 1736 2792 1791 de
2840 1739 3246 1808 computatione
3297 1745 3536 1804 nominis

256 1830 449 1884 ρηται.
494 1815 579 1868 Ἐν
620 1815 677 1868 δὲ
707 1815 786 1886 τῷ
819 1815 1054 1887 πέμπτῳ
1096 1817 1350 1889 περὶτῆς
1394 1819 1640 1872 Ἰωάννου
1687 1821 1839 1874 Ἀπο-

1957 1818 2275 1876 Antichristi
2318 1822 2400 1878 sic
2442 1825 2668 1880 disserit
2705 1843 2719 1882 :
2777 1847 2795 1881 ι
2847 1798 2982 1884 (Iuni
3011 1831 3176 1901 igitur
3217 1836 3332 1890 limo
3361 1837 3430 1892 ita
3473 1853 3535 1894 se

254 1904 570 1975 καλύψεως,
615 1906 825 1977 καὶτῆς
853 1905 1033 1978 ψήφου
1063 1907 1162 1978 τῆς
1180 1907 1273 1960 τοῦ
1291 1909 1654 1982 Ἀντιχρίστου
1680 1929 1847 1983 προσ-

250 1997 490 2066 ηγορίας
521 1995 663 2050 οὕτω
705 1997 1054 2069 διαλαμϐάνει
1077 2013 1089 2025 ο
1121 2015 1140 2048 ι
1169 1997 1387 2052 Τούτων
1415 1998 1471 2053 δὲ
1495 1999 1668 2066 οὕτως
1695 2002 1844 2072 ἐχόν-

252 2104 389 2152 των,
415 2088 508 2141 καὶ
532 2091 590 2142 ὲν
613 2090 748 2142 πᾶσι
773 2089 829 2142 δὲ
857 2092 969 2152 τοῖς
998 2089 1306 2154 σπουδαίοις
1339 2091 1431 2145 καὶ
1474 2092 1723 2164 ἀρχαίοις
1751 2095 1845 2147 ἀν-

253 2182 542 2252 τιγράφοις
574 2181 668 2235 τοῦ
697 2181 930 2254 ἀριθμοῦ
960 2182 1153 2236 τούτου
1186 2183 1438 2254 κειμένου
1459 2224 1473 2249 ,
1508 2185 1603 2238 καὶ
1639 2202 1845 2258 μαρτυ-

256 2270 495 2341 ρούντων
531 2272 710 2326 αὐτῶν
755 2274 978 2327 ἐκείνων
1005 2273 1115 2328 τῶν
1154 2277 1272 2329 κατ’
1303 2274 1426 2345 ὄψιν
1454 2276 1546 2332 τὸν
1586 2278 1841 2349 Ἰωάννην

254 2362 599 2433 ἑωρακότων,
634 2365 729 2418 καὶ
769 2365 860 2419 τοῦ
913 2365 1069 2435 λόγου
1119 2366 1462 2433 διδάσκοντος
1515 2370 1663 2441 ἡμᾶς
1697 2371 1780 2424 ὃτι
1811 2373 1838 2424 6

251 2453 486 2525 ἀριθμὸς
517 2455 609 2509 τοῦ
642 2456 904 2528 ὀνόματος
925 2457 1017 2510 τοῦ
1055 2457 1243 2530 Θηρέου
1276 2459 1418 2515 κατὰ
1444 2460 1542 2533 τὴν
1572 2461 1679 2514 τῶν
1721 2461 1838 2514 Ἐλ-

253 2542 428 2615 λήνων
458 2545 636 2617 ψῆφον
667 2547 754 2600 διά
784 2547 892 2601 τῶν
922 2551 981 2603 ἐν
1021 2549 1170 2620 αὐτῷ
1196 2551 1538 2622 γραμμάτων
1580 2553 1841 2624 ἐμφαίνε-

250 2657 362 2692 ται.
422 2659 440 2691 ι
486 2642 596 2694 Καὶ
639 2641 987 2705 ὑποκαταϐὰς
1045 2643 1174 2716 περὶ
1223 2643 1320 2697 τοῦ
1369 2643 1534 2698 αὐτοῦ
1598 2646 1834 2714 φάσκεν

259 2750 276 2781 ι
326 2732 516 2802 Ἡμεῖς
547 2727 640 2786 οὖν
665 2734 762 2786 οὐκ
790 2734 1277 2806 ἀποκινδυνεύομεν
1302 2735 1547 2808 περὶτοῦ
1577 2737 1838 2808 ὀνόματος

252 2823 342 2877 τοῦ
376 2825 742 2895 Ἄντιχρίστου
775 2826 1197 2898 ἀποφαινόμενοι
1224 2827 1612 2898 βεδαιωτικῶς.
1646 2830 1707 2882 Εἰ
1729 2829 1836 2902 γὰρ

255 2913 357 2965 ἔδει
396 2913 697 2982 ἀναφανδὸν
746 2915 823 2984 τῷ
850 2917 944 2970 νῦν
983 2915 1159 2990 καιρῷ
1203 2917 1570 2989 κηρύττεσθαι
1599 2918 1836 2990 τοῦνομα

255 3002 521 3065 αὖτοῦ,δι’
544 3004 752 3057 ἐκείνου
783 3005 848 3058 ἂν
876 3005 1074 3077 ὲρρέοη
1095 3005 1188 3059 τοῦ
1221 3008 1315 3060 καὶ
1341 3007 1440 3078 τὴν
1468 3008 1834 3077 Ἀποκάλυψιν

254 3095 556 3163 ἑωρακότος
582 3111 596 3125 ⁸
641 3095 761 3149 οὐδὲ
806 3097 915 3168 γάρ
963 3097 1070 3169 πρὸ
1114 3097 1310 3151 πολλοῦ
1359 3099 1550 3170 χρόνου
1591 3100 1830 3172 ἑωράθη,

254 3153 392 3238 ἀλλὰ
416 3153 600 3256 σχεδον
629 3187 719 3240 ἐπὶ
749 3153 850 3257 τῆς
879 3153 1154 3260 ἧμετέρας
1182 3153 1560 3263 γενεᾶξπρδς
1585 3153 1833 3265 τῷῦτέλέί
1863 3153 1904 3210 C

253 3277 349 3347 τῆς
376 3277 702 3348 Δομετιανοῦ
729 3278 923 3350 ἀρχῆς.
966 3297 983 3330 ι
1017 3278 1199 3333 Ταῦτα
1234 3281 1328 3334 καὶ
1371 3282 1501 3352 περὶ
1539 3282 1635 3352 τῆς
1679 3281 1837 3335 Ἀπο-

253 3370 533 3440 καλύψεως
579 3371 854 3442 ἱστόρηται
893 3371 972 3442 τῷ
1022 3371 1395 3445 δεδηλωμένῳ.
1447 3375 1733 3446 Μέμνηται
1779 3376 1836 3429 δὲ

254 3462 462 3532 καὶτῆς
493 3461 735 3516 Ἰωάννου
764 3462 984 3533 πρώτης
1011 3464 1319 3534 ἐπιστολῆς,
1351 3466 1622 3537 μαρτύρια
1652 3465 1712 3532 ἐξ
1742 3467 1837 3519 αὐ-

255 3555 347 3626 τῆς
371 3555 592 3608 πλεῖστα
613 3556 877 3627 εἰσφέρων
893 3554 1120 3625 ’ὁμοίως
1142 3555 1198 3608 δὲ
1227 3557 1439 3628 καὶτῆς
1471 3558 1678 3628 Πέτρου
1708 3576 1833 3629 προ-

253 3647 432 3716 τέρας.
463 3647 536 3699 Οὒ
557 3646 714 3716 μόνον
726 3647 782 3699 δὲ
794 3643 931 3700 οἶδεν
952 3686 966 3710 ,
987 3646 1121 3700 ἀλλὰ
1142 3649 1234 3701 καὶ
1264 3647 1592 3719 ἀποδέχεται
1611 3649 1709 3720 τὴν
1734 3650 1828 3703 τοῦ

254 3736 538 3806 ηκμένος
561 3738 796 3810 γραφὴν,
815 3738 1013 3807 λέγων’
1039 3735 1266 3805 «Καλῶς
1288 3736 1380 3795 οὗν
1407 3737 1561 3794 εἶπεν
1587 3743 1618 3812 ἡ
1641 3742 1826 3815 γραφὴ

252 3831 529 3900 ἡλέγουσα
548 3847 564 3860 ⁸
589 3832 812 3904 Πρῶτον
844 3825 1058 3885 πάντων
1078 3832 1364 3887 πίστευσον
1401 3834 1483 3888 ὅτι
1505 3829 1584 3897 εἷς
1621 3835 1766 3888 ἐστιν
1798 3837 1826 3888 6

252 3927 399 3992 Θεὸς,
417 3929 446 3980 6
461 3927 528 3981 tit
544 3929 720 3980 πάντα
745 3925 934 3990 κτίσας
959 3928 1051 3980 καὶ
1073 3928 1459 3998 καταρτίσας,ι
1483 3927 1576 3979 καὶ
1591 3925 1656 3978 τὰ
1676 3924 1821 3998 ἑξῆς.

253 4019 359 4072 Καὶ
385 4021 568 4092 ῥητοῖς
591 4020 648 4073 δέ
671 4037 808 4073 τισιν
827 4019 1008 4090 ὲκρτῆς
1031 4017 1373 4091 Σολομῶντος
1394 4020 1616 4088 Σοφίτις
1636 4019 1831 4091 κέχρη-

251 4127 357 4176 ται,
391 4113 673 4183 μονονουχὶ
709 4115 932 4181 φάσκων
975 4110 1082 4181 (δι)
1104 4112 1388 4181 ἰ”υρασις
1423 4110 1479 4163 δὲ
1511 4111 1645 4164 Θεοῦ
1677 4129 1829 4183 περιο

252 4194 504 4273 ποιητικὴ
555 4201 862 4276 ἀφθαρσίας
885 4221 898 4234 ·
933 4203 1209 4274 ἀφθαρσία
1240 4202 1297 4256 δὲ
1323 4203 1489 4271 ὲγγὺς
1519 4197 1657 4256 εἶναι
1685 4205 1830 4256 ποιεῖ

250 4293 404 4349 Θεοῦ.
445 4316 464 4348 ›
487 4297 594 4349 Καὶ
631 4297 1213 4369 ἀπομνημονευμάτων
1239 4295 1354 4366 (62)
1377 4295 1432 4348 δὲ
1464 4294 1823 4350 ἀποστολικοῦ

1953 1908 2224 1975 habeant,
2248 1923 2300 1967 et
2330 1914 2382 1968 in
2421 1917 2673 1973 omnibus
2702 1920 2887 1988 probis
2911 1935 2976 1976 ac
3011 1924 3234 1979 vetustis
3257 1927 3531 1996 exempla-

1955 2003 2103 2058 ribus
2137 2005 2293 2077 173
2332 2022 2593 2064 numerus
2638 2011 2726 2067 hic
2768 2024 2985 2083 exstet,
3014 2026 3066 2073 et
3099 2019 3198 2087 ipsi
3240 2020 3330 2086 qui
3360 2018 3530 2074 Joan-

1953 2110 2076 2150 nem
2101 2095 2354 2151 viderunt
2385 2097 2542 2152 fidem
2583 2099 2824 2170 faciant,
2859 2105 2971 2174 ipsa
3001 2106 3234 2178 denique
3258 2109 3398 2163 ratio
3431 2126 3527 2166 nos

1951 2185 2163 2251 doceat,
2198 2201 2480 2242 numerum
2501 2191 2738 2246 nominis
2765 2193 2946 2248 bestiae
2968 2195 3124 2265 juxta
3163 2200 3516 2268 computatio-

1950 2291 2071 2332 nem
2095 2277 2429 2345 Grtecorum,
2453 2280 2647 2337 litteris
2664 2283 2716 2337 in
2735 2284 2850 2353 ipso
2883 2287 3155 2342 contentis
3169 2289 3459 2346 declarari.
3499 2311 3521 2346 ι

1948 2368 2014 2423 Et
2035 2369 2309 2438 aliquanto
2341 2381 2462 2439 post
2485 2373 2600 2426 haec
2617 2373 2684 2428 de
2705 2373 2892 2428 eodem
2921 2376 3129 2434 Joanne
3155 2381 3315 2435 dicit:
3362 2397 3382 2432 ι
3417 2381 3525 2437 Nos

1949 2474 2079 2516 vero
2114 2461 2181 2516 de
2220 2462 2539 2519 Antichristi
2598 2466 2818 2520 nomine
2867 2476 3173 2545 temereac
3220 2472 3526 2542 periculose

1947 2553 2243 2621 quidquam
2283 2553 2557 2610 afﬁrmare
2607 2558 2881 2612 nolumus.
2914 2558 3048 2614 Nam
3079 2564 3123 2616 si
3151 2564 3274 2619 huic
3318 2568 3524 2622 sarculo

1945 2656 2142 2697 nomen
2177 2643 2323 2698 illius
2353 2645 2641 2700 manichte
2670 2649 3047 2712 nuntiandum,
3071 2650 3298 2718 fuisset,
3328 2656 3396 2711 ab
3431 2656 3524 2712 illo

1946 2733 2137 2802 utique
2182 2749 2503 2804 expressum
2555 2747 2703 2794 esset
2759 2741 2850 2810 qui
2897 2739 3304 2799 Revelationem
3360 2748 3518 2802 vidit.

1944 2823 2129 2894 Neque
2167 2827 2310 2882 enim
2336 2827 2538 2883 dudum
2559 2869 2574 2894 ,
2603 2830 2696 2886 sed
2739 2842 2925 2888 nostra
2963 2848 3098 2904 pene
3138 2839 3396 2893 memoria
3421 2839 3523 2896 sub

1942 2918 2148 2971 exitum
2183 2917 2398 2988 imperii
2433 2919 2725 2977 Domitiani
2769 2925 2883 2979 visa
2930 2938 3016 2982 est
3053 2927 3354 2984 Revelatio.
3397 2929 3524 2987 Hatc

1943 3007 2033 3064 ille
2074 3009 2140 3064 de
2187 3009 2540 3068 Revelatione
2573 3015 2757 3070 tradit.
2806 3017 3000 3072 Primze
3039 3034 3254 3089 quoque
3297 3019 3523 3076 Joannis

1941 3091 2183 3162 epistolae
2229 3091 2560 3152 mentionem
2623 3100 2792 3167 facit,
2833 3101 3002 3155 multa
3029 3118 3092 3156 ex
3126 3117 3188 3157 ea
3231 3105 3522 3174 proferens

1946 3184 2296 3253 testimonia;
2343 3197 2397 3243 et
2441 3189 2641 3264 prioris
2688 3191 2818 3246 item
2865 3191 3036 3247 Petri.
3086 3193 3251 3248 Liber
3301 3210 3518 3266 quoque

1951 3275 2191 3333 Pastoris
2253 3294 2359 3334 non
2397 3282 2574 3334 solum
2633 3283 2702 3338 ab
2757 3300 2821 3339 eo
2880 3286 3158 3352 cognitus,
3214 3287 3306 3340 sed
3352 3287 3516 3341 etiam

1946 3384 2271 3440 magnopere
2309 3372 2640 3441 approbatus
2667 3385 2749 3430 est
2779 3376 2862 3430 bis
2893 3377 3077 3431 verbis
3103 3393 3115 3430 :
3156 3394 3175 3428 ι
3201 3375 3369 3431 Recte
3432 3376 3518 3432 in-

1944 3465 2061 3533 quit
2108 3464 2378 3533 scriptura
2409 3480 2530 3534 qua:
2563 3467 2697 3522 dicit
2729 3483 2743 3522 :
2782 3468 2926 3522 Ante
2946 3469 3127 3523 omnia
3163 3469 3324 3525 crede
3348 3482 3515 3521 unum

1940 3573 2060 3612 esse
2085 3559 2271 3621 Deum,
2300 3558 2388 3626 qui
2415 3565 2611 3612 cuncta
2636 3560 2939 3627 creavit,et
2974 3562 3215 3615 nuineris
3265 3560 3518 3614 omnibus

1939 3647 2186 3702 absoluta
2220 3648 2465 3717 digessit,
2503 3669 2521 3704 ι
2554 3661 2609 3706 ct
2659 3658 2882 3706 caetera.
2929 3650 3112 3707 Utitur
3158 3651 3323 3707 etiam
3394 3664 3517 3705 scn—

1938 3736 2123 3789 tentiis
2171 3750 2235 3790 ex
2310 3736 2623 3794 Salomonis
2678 3739 2956 3810 Sapientia
3014 3740 3381 3810 depromptis,
3435 3738 3506 3792 ita

1935 3826 2050 3882 fere
2107 3831 2341 3886 dicens:
2385 3848 2406 3882 α
2457 3831 2608 3888 Visio
2655 3832 2749 3888 Dei
2802 3832 2947 3902 parit
2997 3833 3509 3901 incorruptionem:

1939 3919 2280 3992 iucorruptio
2321 3932 2502 3979 autem
2544 3925 2823 3995 proximos
2871 3923 2982 3978 Deo
3037 3923 3194 3978 facit.
3227 3941 3249 3976 ι
3300 3923 3407 3978 Sed
3458 3933 3513 3978 ct

1936 4013 2218 4081 apostolici
2235 4015 2514 4082 cujusdam
2529 4015 2861 4088 presbyteri,
2877 4015 3034 4084 cujus
3053 4031 3249 4070 nomen
3273 4017 3512 4080 reticuit,

1936 4104 2076 4159 dicta
2115 4115 2545 4176 commemorat,
2572 4118 2628 4162 et
2651 4107 2894 4178 ejusdem
2920 4107 3293 4176 expositiones
3327 4122 3514 4161 sacra-

1936 4209 2056 4249 rum
2097 4196 2502 4268 Scripturarum
2545 4199 2788 4254 adducit.
2827 4196 3097 4254 Praeterea
3126 4194 3326 4252 Justini
3372 4211 3513 4251 mar-

1937 4287 2151 4358 tyrisct
2183 4289 2372 4359 Iguatii
2405 4291 2742 4346 mentionem
2771 4289 2929 4356 facit,
2963 4303 3030 4344 ex
3059 4303 3247 4344 eorum
3292 4290 3510 4358 scriptis

319 4415 431 4485 (60)
468 4413 626 4470 Μετά
662 4413 730 4468 δὲ
778 4413 891 4482 τὴν
936 4415 1164 4468 τούτων
1207 4414 1440 4485 ἔξοδον.
1492 4414 1686 4470 Nescio
1714 4428 1818 4483 qua

1947 4411 2064 4466 ibro
2098 4426 2150 4465 tv
2186 4407 2384 4485 Contra
2437 4408 2690 4485 haereses,
2727 4424 2850 4478 cap.
2872 4407 2972 4485 ζῆ,
3016 4405 3314 4485 scd_pa_ulo
3350 4407 3512 4463 aliter

252 4480 464 4540 ratione
493 4480 1016 4553 Cbristophorsonus
1051 4486 1192 4538 hunc
1220 4484 1406 4540 lrenaai
1444 4485 1618 4539 locum
1653 4480 1816 4539 inter-

251 4557 482 4626 polarit,
528 4565 581 4608 et
622 4571 719 4624 pro
763 4555 975 4624 vulgata
1003 4554 1291 4626 fleetione,
1357 4570 1516 4626 quam
1575 4555 1813 4608 omnium

249 4623 491 4680 codicum
557 4623 877 4690 consensus,
907 4636 961 4679 et
1001 4623 1178 4677 Rufini
1225 4625 1521 4678 auctoritas
1563 4635 1823 4691 vetusque

252 4699 515 4764 interpres
554 4694 736 4750 Irenzei
781 4695 1128 4755 confirmant,
1161 4694 1298 4764 hanc
1333 4694 1584 4749 maluerit
1621 4695 1825 4748 substi-

253 4763 424 4829 tuere,
455 4765 594 4836 μετὰ
640 4764 928 4836 δὲγτούτου
961 4765 1061 4834 τὴν
1108 4763 1338 4818 ἔκδοσιν.
1381 4765 1464 4817 An
1496 4764 1722 4836 fortasse
1763 4764 1827 4816 ti-

251 4837 402 4898 muit,
452 4835 522 4891 ne
549 4835 665 4890 haec
709 4835 895 4889 lrenaai
929 4839 1073 4904 ratio,
1115 4849 1302 4904 parum
1335 4835 1672 4904 consentiret
1699 4848 1822 4904 cum

250 4907 351 4961 illis
374 4921 494 4973 qum
525 4921 683 4974 supra
710 4905 897 4960 retulit
922 4902 1183 4958 Eusebius
1212 4905 1262 4956 in
1301 4904 1526 4974 libron,
1557 4902 1820 4974 exiPapia

248 4987 297 5029 et
335 4973 611 5030 Clemente
659 4975 1048 5038 Alexandrino,
1098 4974 1186 5042 qui
1225 4973 1572 5043 Evangelium
1633 4973 1820 5036 Marci,

249 5049 464 5100 vivente
515 5046 691 5099 adhuc
725 5046 910 5109 Petro,
944 5043 1127 5098 Romae
1157 5045 1357 5098 editum
1405 5059 1524 5098 esse
1555 5052 1610 5096 et
1643 5044 1709 5095 ab
1738 5057 1823 5096 eo-

247 5117 364 5170 dem
396 5114 773 5170 confirmatum
805 5115 1154 5169 tradiderunt.
1198 5115 1404 5180 Quibus
1451 5114 1607 5182 plane
1648 5112 1820 5166 refra-

245 5196 404 5255 gatur
429 5185 664 5255 lrenaeus
689 5187 789 5239 hoc
818 5185 960 5255 loco,
983 5186 1107 5255 dum
1133 5183 1676 5255 Evangeliunillilarci
1702 5191 1818 5255 post

245 5252 522 5310 interitum
551 5254 701 5309 Pauli
732 5270 795 5308 ac
827 5254 970 5309 Petri
999 5254 1257 5322 scriptum
1285 5252 1403 5308 esse
1431 5253 1681 5308 aliirmat.
1714 5252 1819 5306 Sed

243 5328 377 5396 quid
406 5327 686 5389 mirum,si
707 5327 810 5396 hac
844 5325 898 5380 in
929 5339 986 5378 re
1007 5325 1212 5396 antiqui
1250 5323 1437 5396 Patres
1465 5324 1821 5396 interserdis-

245 5393 514 5460 sentiunt,
533 5411 654 5449 cum
685 5394 753 5449 de
780 5409 1056 5449 sacrorum
1087 5393 1499 5462 Evangeliorum
1523 5395 1819 5462 scriptione

245 5467 376 5519 nihil
408 5465 518 5520 fere
545 5467 678 5520 certi
708 5466 1023 5530 habeamus,
1051 5466 1151 5517 nisi
1176 5474 1409 5534 quatuor
1436 5475 1642 5517 tantum
1673 5477 1815 5526 esse,

243 5548 300 5590 et
336 5551 366 5589 a
411 5546 641 5604 quatuor
675 5536 985 5589 auctoribus
1023 5535 1246 5603 scripta.
1292 5534 1410 5599 Quo
1453 5545 1632 5587 autem
1679 5543 1816 5604 tem-

245 5621 398 5676 pore,
429 5601 486 5657 et
528 5620 688 5675 quam
721 5605 1041 5676 obucausam
1078 5601 1277 5676 scripta
1315 5615 1456 5671 snit,
1486 5613 1543 5658 et
1578 5601 1819 5676 an_Ma_t-

245 5673 369 5730 ﬂuet
407 5673 754 5744 Evaii‘gelium
797 5673 1060 5729 llebraico
1097 5675 1333 5744 primum
1373 5689 1623 5730 sermone
1654 5673 1818 5728 fuerit

242 5757 553 5808 exaratum,
589 5760 775 5812 parum
805 5754 1039 5798 constat.

317 5816 428 5886 (Gl)
467 5811 806 5884 Μονονουχὶ
833 5812 1102 5882 φάσκων.
1128 5814 1298 5871 Locus
1327 5811 1514 5870 lrcnazi
1551 5821 1730 5868 exstat
1762 5811 1813 5866 in

1925 4491 2240 4548 conceptus.
2271 4478 2380 4548 Nec
2410 4481 2553 4533 enim
2592 4476 2842 4548 lrenrcus
2870 4477 3176 4531 Salomonis
3207 4476 3380 4548 locum
3416 4496 3510 4531 no-

1925 4546 2170 4605 minatim
2221 4546 2354 4602 citat
2390 4563 2457 4603 ex
2500 4549 2680 4616 capite
2710 4564 2762 4604 γι
2810 4547 3116 4616 Sapientiw,
3160 4547 3257 4600 sed
3300 4557 3506 4601 tantum

1925 4623 1991 4674 ad
2028 4635 2150 4674 eum
2180 4620 2387 4673 alludit.
2418 4619 2596 4684 Quare
2628 4619 2889 4674 Eusebius
2925 4633 3030 4672 non
3075 4617 3190 4670 sine
3224 4630 3384 4670 causa
3421 4620 3510 4671 ad-

1925 4692 2059 4744 didit
2096 4688 2417 4761 povovouxi._
2445 4689 2497 4742 id
2537 4699 2642 4753 εει,
2678 4698 2998 4761 tantumnon
3038 4687 3110 4740 ita
3138 4686 3358 4761 dicens.
3392 4686 3508 4761 Ca:-

1929 4755 2107 4814 teruni
2159 4755 2353 4828 praeter
2400 4757 2662 4812 lrenmuin
2729 4759 2893 4828 etiam
2944 4755 3290 4828 illegesippus
3337 4757 3508 4828 utitur

1931 4825 2255 4885 testimoniis
2278 4845 2340 4881 ex
2374 4829 2514 4883 libro
2545 4828 2838 4896 Sapientia:
2866 4827 3200 4896 Salomonis;
3234 4834 3290 4877 ut
3321 4825 3506 4881 videre

1926 4910 2010 4954 est
2041 4902 2093 4953 in
2119 4899 2350 4968 cap,25,
2376 4899 2469 4952 lib.
2498 4913 2555 4962 ιι,
2586 4895 2676 4950 ubi
2711 4895 3244 4968 niartyriun_i_Jacobi
3277 4895 3506 4950 refertur

1924 4985 1988 5039 ex
2023 4964 2344 5039 Hegesippo.
2391 4968 2592 5039 Neuter
2626 4964 2967 5039 tamen,__ne_c
3009 4964 3361 5039 llegesippus,
3401 4981 3504 5039 nec

1925 5036 2178 5103 lrenanis,
2211 5036 2405 5091 librum
2441 5037 2590 5090 illum
2622 5050 2778 5090 vocat
2811 5036 3144 5104 Sapientiam
3175 5036 3500 5104 Salomonis.

1925 5107 2131 5178 Quippe
2164 5119 2376 5162 veteres
2416 5121 2606 5178 omnes
2641 5103 2994 5178 ecclesiaStici
3045 5108 3363 5178 scriptores,
3402 5103 3505 5178 Sag-

1921 5176 2176 5248 pieiiliam
2232 5177 2542 5248 Salomonis
2611 5177 2907 5248 appellant
2943 5176 3138 5230 librum
3193 5176 3344 5248 illum
3405 5176 3499 5248 qui

1925 5243 2085 5303 hodie
2117 5247 2407 5302 Proverbia
2450 5243 2790 5302 inscribitur.
2829 5245 2992 5300 Liber
3037 5254 3215 5298 autem
3266 5243 3354 5296 ille
3407 5245 3498 5310 qui

1925 5317 2138 5374 titulum
2167 5318 2456 5388 Sapientiae
2516 5316 2824 5388 Salomonis
2855 5316 3010 5369 hodie
3053 5313 3314 5388 μετιεῖσι-ι,-
3346 5312 3502 5388 ψευδτ

1921 5389 2224 5460 επίγραφος
2245 5381 2556 5463 ’θειηιεειο
2607 5387 2958 5463 Hieronymo,
2984 5381 3499 5463 quamvisEusebii

1921 5454 2078 5514 aetate
2124 5454 2193 5531 ita
2234 5459 2617 5531 appellaretur,
2644 5454 2952 5531 _ut__ex'_h_oc
2983 5455 3099 5531 loco
3131 5454 3414 5531 discimus,
3443 5462 3500 5531 et.

1923 5545 1988 5604 e_x_
2017 5530 2195 5604 capite
2231 5521 2334 5604 ‘26,_
2367 5529 2526 5594 infra,
2568 5529 2655 5604 ubi
2697 5525 3092 5604 Eusebiusait,
3137 5521 3495 5604 Irettarttnt‘in

1924 5594 2158 5668 Dialogis
2207 5599 2452 5668 proferre
2498 5597 2803 5652 testimonia
2849 5611 2913 5650 ex
2966 5594 3103 5648 libro
3147 5594 3240 5662 qui
3298 5594 3499 5644 dicitur

1921 5669 2197 5741 Sapientia
2231 5668 2568 5722 Salomonis.
2665 5736 2675 5741 _
2857 5732 2872 5741 ,
2954 5734 2965 5741 _
3028 5732 3040 5741 _
3239 5731 3251 5741 .
3334 5729 3347 5741 .

1993 5738 2104 5805 (62)
2158 5736 2824 5807 Ἀπομνημονευμάτων.
2856 5732 2909 5786 In
2954 5732 3107 5802 hujus
3136 5731 3285 5807 vocis
3334 5731 3496 5807 in_t_er-

1922 5800 2228 5879 pretatione
2260 5800 2423 5862 ambo
2452 5800 2610 5863 lausi'
2643 5817 2769 5862 sunt
2818 5800 3162 5876 interpretes.
3202 5800 3337 5854 Nam
3382 5800 3494 5852 blu-
