4112 6428
511 370 616 426 455

1254 367 1523 426 unseen
1562 362 2035 425 cassantENSis
2072 332 2243 421 υΡῐδ.
2284 367 2467 423 rans
2508 369 2544 424 I.
2587 401 2652 413 --
2696 369 3117 428 lllSTORlCA.‘

3718 375 3845 431 456

513 506 635 560 qnze
666 488 883 560 quidem
925 500 1107 545 nostra
1137 490 1312 544 adhuc
1348 500 1507 545 :etate
1551 500 1891 560 perseverat,
1932 499 1986 545 et
2019 490 2077 543 ali

2196 492 2582 563 παρεκτείνεται
2601 491 2736 561 (70),
2764 494 2857 547 καὶ
2886 494 3023 564 πρὸς
3049 492 3158 547 τῶν
3189 495 3246 548 ἐν
3276 494 3418 566 λόγῳ
3440 496 3533 548 καλ⁵
3562 497 3649 565 τῇ
3692 495 3845 565 περὶ

515 583 825 638 hominibus
862 591 972 635 tum
1005 582 1333 652 eloquentia,
1374 592 1485 637 tum
1541 584 1845 637 divinarum
1880 583 2093 637 littera-

517 690 632 728 rum
684 674 866 729 studio
922 674 1364 729 instructissitnis
1414 675 1648 729 obtineri
1712 675 1931 729 dicitur.
1987 674 2093 728 Sed

514 782 624 837 pra:
645 766 858 822 caeteris
888 767 1138 821 omnibus
1178 781 1240 821 ea
1274 774 1597 837 tempestate
1634 765 1882 821 ﬂoruisse
1926 766 2097 821 fertur

512 859 579 923 is,
620 872 781 926 quem
814 857 1077 921 diximus,
1109 856 1398 911 Pantaenus
1421 897 1435 921 ,
1464 866 1652 927 utpote
1688 857 1777 927 qui
1814 859 2095 927 praeceptis

511 949 889 1017 institutisque
915 948 1114 1003 Stoicm
1138 950 1496 1020 philosophia:
1527 950 1761 1021 primum
1800 950 2096 1007 innutritus

512 1039 730 1094 luisset.
760 1037 993 1093 Tantum
1023 1054 1191 1109 porro
1222 1039 1388 1093 animi
1413 1042 1666 1095 ardorem
1705 1055 1832 1111 erga
1866 1040 2090 1095 verbum

515 1133 606 1189 Dei
647 1133 787 1188 idem
819 1133 901 1186 vir
929 1134 1237 1187 ostendisse
1266 1133 1604 1201 perhibetur,
1640 1143 1700 1189 ut
1734 1133 1974 1191 Orientis
1997 1151 2094 1190 na-

512 1224 751 1278 tionibus
786 1223 1065 1293 Evangel-ii
1096 1224 1299 1279 Christi
1332 1225 1657 1293 prmdicator
1688 1228 1996 1291 exstiterit,
2028 1229 2094 1282 ad

511 1317 683 1385 ipsam
716 1331 885 1386 usque
920 1315 1144 1370 Indiam.
1164 1332 1503 1386 progressus.
1541 1318 1751 1387 Quippe
1784 1320 2093 1388 complures

509 1414 667 1460 erant
698 1406 865 1461 etiam
901 1416 1012 1461 tum
1048 1406 1400 1477 evangelista:
1437 1409 1709 1463 sermonis
1743 1409 1858 1475 Dei,
1888 1412 1978 1479 qui
2008 1411 2092 1464 tli-

510 1498 635 1560 vina
695 1498 1330 1567 quadamtemulatione
1387 1499 1667 1564 succensi,
1726 1502 2090 1570 apostolorum

511 1590 762 1661 exemplo
800 1592 1038 1646 studium
1082 1607 1239 1646 suum
1284 1591 1538 1648 conferre
1566 1592 1634 1646 ad
1676 1593 2091 1649 aediﬁcationem

512 1681 635 1737 ﬁdei
673 1692 724 1737 et
770 1682 838 1737 ad
884 1681 1283 1738 incrementum
1326 1685 1477 1739 verbi
1504 1684 1670 1738 divini
1704 1686 2088 1755 properabant.

502 1773 588 1853 .Ex
616 1788 844 1842 quorum
873 1789 1098 1828 numero
1134 1772 1426 1829 Pantzeuus
1487 1775 1554 1829 ad
1590 1776 1747 1831 ludos
1785 1792 1955 1846 usque
1994 1793 2090 1847 pe-

514 1870 758 1918 netrasse
784 1863 1002 1928 dicitur,
1038 1865 1219 1934 ibique
1246 1864 1596 1934 Evangelium
1630 1867 1896 1936 Matthxi,
1948 1873 2089 1940 quod

514 1954 801 2007 adventum
858 1956 1025 2023 ipsius
1066 1956 1177 2025 jam
1209 1970 1582 2026 praevenerat,
1630 1961 1770 2028 apud
1824 1962 2088 2029 quosdam

511 2040 715 2096 Christi
755 2043 944 2098 notitia
990 2045 1225 2100 imbutos
1266 2049 1534 2115 reperisse
1577 2065 1591 2101 :
1638 2050 1839 2117 quibus
1885 2050 2092 2106 scilicet

510 2134 959 2202 Bartholonneus,
985 2151 1123 2189 unus
1150 2151 1210 2189 ex
1238 2137 1524 2195 duodecim
1543 2141 1823 2207 apostolis,
1849 2140 2003 2207 olim,
2028 2149 2091 2194 ut

512 2223 652 2277 fama
705 2234 807 2287 est,
858 2227 1281 2295 prmdieaverat,
1332 2239 1387 2284 et
1442 2230 1791 2301 Evangelium
1851 2231 2089 2285 Slalthrei

513 2314 794 2370 Hebraicis
846 2318 1217 2387 conscriptum
1277 2319 1481 2376 litteris
1542 2322 1837 2391 reliquerat
1881 2338 1898 2377 :
1946 2325 2088 2392 quod

507 2406 729 2474 quidem
766 2407 833 2460 ad
879 2409 1135 2476 prmdicta
1171 2425 1340 2479 usque
1380 2419 1622 2481 tempora
1661 2423 1933 2468 servatmn
1966 2429 2090 2469 esse

509 2506 866 2549 memoratur.
900 2496 997 2550 llic
1017 2512 1147 2564 ergo
1170 2497 1460 2561 Pantaenus
1488 2511 1608 2570 post
1632 2502 1795 2555 multa
1828 2504 2089 2570 przeclare

505 2597 701 2657 gesta,
756 2590 967 2642 tandem
1026 2590 1409 2648 Alexandrina:
1458 2595 1671 2662 praefuit
1702 2596 1935 2661 scholae,
1998 2599 2087 2652 ubi

508 2680 710 2747 partim
744 2680 863 2733 viva
902 2696 1051 2747 voce,
1089 2682 1284 2751 partim
1325 2685 1543 2754 scriptis
1569 2725 1584 2751 ,
1620 2686 1927 2741 divinorum
1991 2692 2093 2746 do-

508 2780 745 2840 gmatum
775 2772 1055 2827 thesauros
1090 2778 1360 2845 exposuit.
1519 2822 1530 2831 .

1121 2866 1351 2923 CAPUT
1391 2868 1481 2923 XI.

893 2954 968 3009 De
1003 2954 1266 3011 Clemente
1314 2960 1699 3016 Alexandrino.

585 3042 740 3100 Tunc
768 3046 930 3099 etiam
952 3046 1293 3104 Alexandriae
1325 3051 1515 3105 iisdem
1548 3069 1669 3106 cum
1694 3052 1951 3107 Pantaeno
1973 3060 2087 3107 slu-

506 3136 607 3189 tliis
639 3136 941 3190 divinarum
970 3138 1376 3208 Scripturarnni
1408 3142 1727 3197 incumbens
1753 3144 1936 3198 ﬂoruit
1961 3143 2085 3199 Cle-

508 3241 689 3289 mens,
720 3227 900 3304 prisco
930 3227 1003 3282 illi
1042 3229 1197 3285 Rom.
1231 3228 1488 3288 Ecclesim
1504 3234 1736 3291 antistiti
1771 3243 1827 3290 et
1858 3246 2079 3304 aposto-

508 3317 679 3371 Iornm
714 3302 980 3387 discipulo
1008 3319 1272 3375 Clementi
1306 3324 1670 3392 cognominis.
1697 3326 1795 3391 Qui
1824 3302 1987 3380 etiam
2028 3326 2081 3380 in

504 3409 907 3465 lnstitutionum
962 3414 1111 3467 libris
1172 3429 1199 3467 a
1250 3430 1307 3469 se
1358 3416 1715 3482 conscriptis,
1769 3416 2081 3471 l’antainum

507 3488 1087 3571 prteceptoreru'suum
1128 3508 1334 3563 diserte
1372 3508 1635 3563 nominat.
1675 3508 1779 3561 Sed
1804 3518 1858 3562 et
1885 3509 1937 3561 in
1971 3508 2079 3577 pri-

506 3610 593 3648 mo
622 3593 960 3649 Stromnteon
992 3596 1132 3655 libro
1156 3601 1403 3655 eumdem
1433 3599 1610 3671 ipsum
1634 3599 1921 3670 designare
1947 3600 2077 3655 mihi

568 3825 693 3900 (70,_
736 3827 923 3900 “Orta!
953 3830 1041 3896 είς
1074 3830 1230 3900 ἡμᾶς
1272 3830 1702 3900 παρατείνει-ται.
1742 3831 1854 3884 Νοη
1887 3832 2077 3886 dubito

500 3902 630 3974 quin
660 3898 933 3974 Eusebius
947 3898 1225 3974 scripserit
1249 3918 1271 3974 Δτ
1297 3898 1375 3974 λό
1402 3902 1493 3953 καὶ
1516 3903 1607 3974 εἰς
1647 3903 1795 3974 ἡμᾶς
1819 3907 2072 3974 παρατεῖ-

499 3968 589 4021 ναί
622 3968 804 4044 τεκαὶ
842 3970 981 4044 πρὸς
1020 3971 1129 4025 τῶν
1168 3973 1225 4023 ὲν
1249 3969 1391 4044 λόγῳ
1445 3972 1539 4024 καὶ
1584 3968 1810 4044 τῇτπερὶ
1841 3968 1913 4024 τά
1954 3972 2073 4027 θεία

500 4037 702 4114 σπονδῇ
727 4037 965 4114 δυνατῶν
990 4037 1403 4114 συγκροτεῖσθαι
1435 4037 1874 4114 παριειλῆιραμεν.

572 4109 683 4175 (7i)
721 4110 937 4182 ᾼὺτοῖς
984 4109 1076 4182 te;
1110 4109 1395 4178 'E6’palwr
1450 4109 1765 4182 γράμμασί
1810 4114 1924 4179 τὴν
1961 4113 2068 4167 τοῦ

500 4177 802 4251 Ματθαιόυ
828 4177 1492 4251 οςαταλεῖψαιρΓραρήιλξ
1530 4177 1755 4235 Rtilinus
1789 4198 1843 4237 et
1871 4177 2070 4237 Hiero-

500 4264 699 4319 nymus
729 4250 778 4299 in
828 4248 1092 4319 Cntalogo'
1116 4248 1197 4303 ait
1219 4248 1532 4307 Pantzeuum
1560 4255 1627 4305 ab
1658 4253 1805 4304 India
1837 4256 2067 4306 redeun-

501 4327 608 4370 tem
640 4317 1057 4383 Alexantlriani,
1104 4321 1447 4387 Evangeliuui
1500 4322 1631 4374 illud
1678 4320 1912 4376 MattliaZ-i
1965 4322 2070 4377 Hea

498 4387 698 4457 braicis
740 4388 937 4441 litteris
978 4391 1239 4457 scriptum
1306 4405 1487 4444 secum
1534 4391 1814 4444 detulisse.
1866 4390 2063 4445 Verum

496 4456 760 4528 Eusebius
790 4458 843 4528 id
880 4472 984 4528 non
1018 4456 1166 4515 dicit.
1214 4459 1366 4525 Quod
1416 4462 1561 4512 enim
1595 4461 1743 4514 addit
1784 4462 2064 4528 Eusebius,

495 4527 563 4598 ἢν
608 4526 701 4579 καὶ
744 4526 1009 4600 σῴζεσθαι
1062 4531 1144 4592 είς
1186 4530 1277 4582 τὸν
1324 4529 1651 4600 δηλούμενον
1698 4530 1909 4600 χρόνον,
1967 4526 2067 4586 hoc

498 4604 704 4667 tantum
733 4598 833 4651 sibi
873 4600 1004 4665 vult,
1058 4600 1333 4667 exemplar
1380 4598 1517 4652 illud
1571 4598 1953 4654 Bartholomzei
1996 4604 2063 4656 ad

498 4665 737 4739 Partheni
808 4684 976 4739 usque
1045 4665 1336 4723 adventum
1397 4670 1448 4723 in
1522 4669 1725 4723 Indiam
1791 4680 2062 4725 servatqu

496 4737 784 4809 fuisse.7|ta
822 4737 1161 4809 Nicephorus
1189 4742 1240 4794 in
1273 4740 1363 4793 lib.
1401 4754 1472 4802 iv,
1500 4755 1616 4809 cap.
1641 4739 1731 4804 52,
1761 4740 1873 4794 hinc
1900 4741 2066 4795 Eusc-

496 4808 568 4859 bii
602 4808 759 4861 verba
799 4819 944 4862 recte
981 4811 1251 4876 exposuit.
1283 4810 1381 4865 Cui
1422 4808 1597 4863 tamen
1649 4827 1753 4863 non
1793 4814 2065 4866 assentior

497 4878 548 4928 in
581 4891 647 4950 et)
673 4880 816 4950 quod
845 4880 1003 4941 dicit,
1046 4879 1394 4950 Evangelium
1445 4880 1574 4933 illud
1626 4880 1863 4935 Matthtei
1920 4882 2061 4950 quod

495 4947 636 5018 apud
682 4949 837 5001 ludos
874 4950 1078 5018 reperit
1109 4948 1397 5005 Pantzenus
1420 4989 1434 5012 ,
1472 4964 1501 5003 a
1548 4947 1950 5005 Bartholomaco
1989 4952 2062 5005 ibi

494 5017 969 5089 dictatumfuisse.
1015 5019 1348 5073 Crediderim
1390 5021 1870 5089 potius,7cotlicem
1910 5021 2059 5074 illum

496 5083 770 5155 Evangelii
817 5103 845 5140 a
889 5088 1284 5143 Bartholomzeo
1333 5083 1459 5142 illinc
1515 5105 1545 5145 e
1575 5083 1773 5143 'Judzea
1826 5090 2059 5145 delatum

493 5155 682 5209 fuisse.
733 5158 901 5212 Porro
948 5158 1293 5229 Evangelium
1344 5159 1579 5213 Matlhaei
1622 5159 1889 5214 Hebraico
1940 5176 2061 5214 ser-

493 5240 653 5295 mone
685 5229 964 5295 scriptum,
1020 5231 1072 5280 in
1104 5230 1418 5283 Caesariensi
1470 5230 1793 5284 bibliotheca
1821 5245 1850 5282 a
1896 5230 2060 5283 Pam-

494 5294 639 5362 philo
674 5294 913 5368 martyre
959 5298 1183 5351 collecta
1230 5310 1501 5352 servatum
1538 5299 1709 5353 fuisse
1756 5301 1930 5354 adhuc
1962 5316 2059 5354 sua

492 5374 673 5431 aetate,
716 5377 945 5439 testatur
987 5368 1465 5439 Hieronymus_in
1526 5368 1800 5439 Catalogo.
1857 5371 2061 5424 Vereor

496 5445 695 5508 tamen,
734 5453 800 5491 ne
842 5438 890 5490 id
918 5439 1094 5505 potius
1135 5436 1733 5508 luerituEvangelium'
1757 5443 2057 5495 secundum

492 5500 770 5567 Hebraeos,
814 5500 931 5573 quo'
970 5511 1263 5561 utebantur
1310 5500 1571 5561 Nazaraci.
1622 5510 1731 5564 Hoc
1757 5513 1901 5565 enim
1953 5510 2059 5564 lle-

492 5573 756 5627 bt'teorum
782 5577 1157 5644 Evangelium,
1177 5578 1399 5647 quidam
1426 5578 1658 5631 Matthtei
1678 5582 2054 5634 authenticum

490 5658 612 5696 esse
638 5647 1037 5711 existimarunt,
1080 5648 1205 5701 licet
1236 5648 1367 5701 l'also
1389 5690 1402 5709 ,
1443 5656 1500 5700 ut
1538 5651 1730 5703 scribit
1764 5653 1902 5705 idem
1933 5650 2057 5705 llic-

492 5726 750 5774 ronymus
786 5718 835 5768 in
864 5718 1260 5770 Commentariis
1284 5719 1339 5769 in
1367 5716 1701 5774 Matt/imum.

562 5784 671 5851 (7'2)
699 5786 828 5840 Ἐπὶ
849 5788 1099 5855 πολλοῖς
1119 5786 1547 5856 κατορθώμασι.
1573 5790 1686 5842 Non
1714 5790 1882 5859 probo
1900 5790 2055 5844 inter-

2198 582 2267 635 τὰ
2312 581 2430 635 θεῖα
2464 582 2666 652 σπουδῇ
2701 581 2943 635 δυνατῶν
2985 580 3406 652 συγκροτεῖσθαι
3449 582 3848 654 παρειλήφα-

2201 687 2319 742 μεν.
2369 671 2456 723 Ἐν
2484 671 2541 723 δὲ
2567 673 2680 733 τοῖς
2716 671 2951 741 μάλιστα
2980 673 3101 724 κατ’
3137 674 3317 725 ἐκεῖνο
3344 672 3538 743 καιροῦ
3561 670 3847 740 διαλάμ-

2194 764 2295 833 ψαι
2328 763 2483 833 λόγος
2517 764 2631 833 ἔχει
2678 765 2769 816 τὸν
2799 763 3198 834 δεδηλωμένον,
3232 759 3321 817 οἷα
3366 765 3460 817 καὶ
3492 764 3612 817 ἀπὸ
3658 762 3847 832 φιλο-

2199 855 2363 924 σόφου
2386 855 2606 924 ἀγωγῆς
2644 853 2750 906 τῶν
2780 853 3130 923 καλουμένων
3157 853 3411 906 Στωϊκῶν
3441 852 3837 924 ὁρμώμενον.

2196 946 2478 1016 Τοσαύτην
2523 946 2567 998 δ’
2607 940 2698 997 οὖν
2744 961 2905 1013 φασιν
2948 945 3111 997 αὑτὸν
3155 943 3502 1015 ὲκθυμοτάτῃ
3546 942 3837 998 διαθέσει

2196 1037 2504 1110 προθυμίαν
2539 1038 2666 1108 περὶ
2694 1036 2784 1089 τὸν
2819 1035 2960 1089 θεῖον
2996 1036 3153 1105 λόγον
3186 1036 3553 1100 ἐνδείξασθαι,
3592 1036 3693 1099 ὡς
3727 1034 3839 1086 καὶ

2196 1132 2413 1202 κήρυκα
2442 1130 2534 1183 τοῦ
2554 1130 2711 1185 ,κατὰ
2746 1128 2980 1201 Χριστὸν
3012 1128 3348 1197 Εὐαγγελίου
3381 1130 3494 1192 τοῖς
3528 1128 3623 1180 ἐπ’
3676 1127 3836 1181 ἁνα-

2194 1224 2354 1295 τολῆς
2399 1222 2609 1277 ἔθνεσιν
2657 1222 3059 1293 ἀναδειχθῆναι,
3114 1223 3279 1296 μέχρι
3321 1222 3415 1275 καὶ
3444 1221 3544 1292 τῆς
3613 1218 3835 1275 Ἰνδῶν

2197 1315 2544 1386 στειλάμενον
2572 1315 2695 1386 γῆς.
2722 1309 2903 1368 Ἦσαν
2926 1314 3036 1386 γὰρ
3061 1310 3200 1387 ἦσαν
3228 1316 3396 1368 εἰσέτι
3422 1314 3543 1368 τότε
3569 1314 3834 1377 πλείους

2195 1390 2580 1478 εὐαγγελισταὶ
2612 1409 2708 1462 τοῦ
2759 1409 2941 1479 λόγου,
2989 1408 3169 1462 ἔνθεον
3217 1408 3378 1479 ζῆλον
3424 1406 3829 1462 ἀποστολικοῦ

2199 1502 2515 1572 μιμήματος
2563 1499 2936 1572 συνεισφέρειν
2978 1498 3064 1551 ἐπ’
3116 1498 3338 1569 αὐξήσει
3382 1499 3475 1552 καὶ
3524 1500 3823 1571 οἰκοδομῇ

2192 1592 2288 1647 τοῦ
2324 1593 2468 1647 θείου
2503 1593 2664 1660 λόγου
2710 1592 3173 1663 προθυμούμενοι.
3223 1586 3322 1645 Ὧν
3366 1585 3447 1649 εἷς
3494 1592 3825 1662 γενόμενος

2193 1687 2290 1740 καὶ
2332 1687 2361 1739 ό
2407 1686 2727 1747 Πάνταινος,
2776 1685 2872 1738 καὶ
2912 1686 2992 1749 είς
3055 1682 3250 1748 Ἰνδοὺς
3306 1683 3480 1737 ἐλθεῖν
3530 1682 3820 1751 λέγεται·

2193 1776 2320 1830 ἔνθα
2352 1776 2510 1845 λόγος
2538 1775 2719 1846 εὑρεῖν
2765 1774 2928 1828 αὑτὸν
2963 1773 3282 1845 προφθᾶσαν
3308 1773 3405 1845 τὴν
3443 1772 3610 1827 αὑτοῦ
3651 1758 3820 1843 σιταρ-

2192 1869 2402 1933 ουσίαν,
2453 1868 2514 1920 τὸ
2551 1867 2691 1921 κατὰ
2729 1866 3006 1921 Ματθαὼν
3060 1866 3391 1935 Εὑαγγέλιον
3436 1866 3589 1937 παρά
3646 1882 3817 1917 τισιν

2192 1960 2379 2016 αὐτόθι
2412 1963 2502 2013 τὸν
2536 1959 2775 2031 Χριστὸν
2820 1958 3221 2027 ὲπεγνωκόσινο
3267 1954 3348 2022 οἷς
3378 1959 3814 2030 Βαρθολομαῖον

2190 2052 2299 2107 τῶν
2334 2051 2648 2106 ἀποστόλων
2696 2051 2794 2105 ἱνα
2853 2048 3108 2123 κηρύξαι,
3161 2052 3346 2114 αὐτοῖς
3395 2069 3457 2104 τε
3512 2051 3812 2123 Ἑϐραίων

2190 2144 2479 2216 γράμμασι
2506 2144 2607 2215 τὴν
2628 2143 2720 2197 τοῦ
2742 2142 3023 2199 Ματθαίου
3049 2142 3372 2211 καταλείιξιαι
3394 2142 3616 2215 Γραφὴν
3644 2143 3803 2213 (71),

2192 2235 2259 2304 ἢν
2305 2234 2397 2285 καὶ
2434 2231 2701 2296 σώζεσθαι
2738 2235 2817 2294 εἰς
2858 2232 2949 2285 τὸν
2984 2232 3310 2303 δηλούμενον
3361 2232 3571 2302 χρόνον.
3612 2231 3690 2285 Ὀ
3731 2248 3803 2298 γε

2195 2323 2301 2395 μὴν
2337 2322 2635 2386 Πάνταινος
2679 2324 2772 2375 ἐπὶ
2806 2322 3020 2385 πολλοῖς
3058 2321 3447 2394 κατορθώμασι
3487 2322 3628 2393 (72),
3691 2322 3799 2375 τοῦ

2192 2416 2313 2466 κατ’
2358 2414 2761 2485 Ἀλεξάνδρειαν
2804 2414 3070 2467 τελευτῶν
3118 2416 3331 2486 ἡγεῖται
3376 2415 3795 2477 διδασκαλείου,

2191 2504 2340 2577 ζώσῃ
2384 2508 2533 2575 φωνῇ
2571 2506 2663 2558 καὶ
2698 2505 2785 2559 διὰ
2831 2507 3281 2577 συγγραμμάτων
3314 2510 3439 2571 τοὺς
3474 2507 3583 2561 τῶν
3619 2507 3798 2561 θείων

2189 2596 2473 2667 δογμάτων
2509 2596 2815 2669 θησαυροὺς
2850 2597 3450 2671 ὑπομνηματιζόμενος.

2708 2869 3103 2924 ΚΕΦΑΑΛΙΟΝ
3145 2873 3247 2925 lA'.

2190 2964 2327 3032 Περὶ
2352 2960 2698 3033 Κλήμεντος
2729 2964 3156 3032 Ἀλεξανδρέως
3177 2963 3313 3034 (Nic.
3352 2962 3420 3017 Η.
3451 2962 3513 3015 Ε.
3544 2978 3611 3028 iv,
3654 2964 3779 3032 33.)

2257 3056 2415 3109 Κατὰ
2444 3056 2632 3109 τοῦτον
2669 3060 2788 3120 ταῖς
2824 3056 2999 3119 θείαις
3030 3057 3271 3126 Γραφαῖς
3310 3055 3777 3126 συνασκοῦμενος,

2189 3148 2277 3202 ἐπ’
2317 3147 2722 3219 Ἀλεξανδρείας
2746 3148 3068 3219 ὲγνωρίζετο
3099 3147 3349 3218 Κλήμης,
3379 3146 3669 3217 ὁμώνυμος
3696 3147 3781 3217 τῷ

2187 3238 2353 3293 πάλαι
2380 3239 2479 3307 τῆς
2515 3240 2800 3310 Ῥωμαίων
2838 3239 3158 3310 Ἐκκλησίας
3182 3240 3514 3310 ήγησαμένῳ
3541 3241 3777 3310 φοιτητῃ

2180 3329 2287 3383 τῶν
2318 3331 2653 3385 ἀποστόλων.
2689 3334 2785 3395 Ὃς
2808 3332 2873 3402 δὴ
2912 3332 3005 3385 καὶ
3035 3333 3295 3401 ὀνομαστὶ
3327 3334 3383 3385 ὲν
3416 3327 3503 3395 αἶς
3538 3331 3773 3386 συνέτα-

2180 3406 2782 3485 ξενὙποτηυπὼοίεσιν
2805 3422 2937 3493 (75ὶ,
2960 3421 3035 3485 ῶς
3064 3422 3126 3476 ἂν
3152 3422 3468 3476 διδασκάλου
3502 3422 3597 3477 τοῦ
3623 3424 3775 3477 Παν-

2177 3513 2361 3566 ταίνου
2399 3514 2695 3585 μέμνηται.
2729 3514 2928 3567 Τοῦτον
2960 3512 3017 3566 δὲ
3050 3514 3212 3566 αὑτὸν
3248 3514 3341 3566 καὶ
3366 3514 3473 3566 τῶν
3497 3517 3768 3583 Στρωμιιο

2179 3604 2329 3657 τέων
2354 3608 2411 3659 ὲν
2446 3605 2646 3677 πρώτῳ
2680 3605 3073 3677 συγγράμματι
3107 3604 3437 3659 αἰνίττεσθαί
3474 3624 3562 3677 μοι
3598 3606 3769 3670 δοκεῖ,

2186 3832 2544 3904 pretationem
2590 3830 3089 3904 Christophorsoui
3126 3831 3217 3900 qui
3244 3830 3432 3904 _vertit
3458 3872 3474 3895 ,
3551 3841 3769 3897 propter

2181 3901 2348 3957 inulta
2396 3913 2535 3957 recte
2575 3902 2738 3969 facta.
2796 3901 3019 3955 Rectius
3050 3901 3324 3955 Masculus
3367 3905 3761 3967 interpretatus

2179 3985 2262 4027 est
2294 3975 2392 4026 hoc
2423 3973 2613 4025 modo:
2640 3970 2743 4024 llic
2770 3973 2931 4041 igitur
2977 3970 3260 4025 Pontanus
3281 3982 3558 4040 postquam
3590 3971 3760 4023 mult:

2179 4053 2315 4095 recte
2349 4042 2987 4111 fecisset,_Alexnndrinte
3015 4041 3205 4093 schola
3229 4041 3539 4111 prq’ﬁcilttr.

2250 4106 2359 4183 (75)
2404 4113 2505 4183 Ἐν
2530 4106 2625 4176 αἶς
2654 4106 3528 4183 συνέταξενςΥποτυπὼσεσιν.
3560 4110 3757 4177 Dispo-

2174 4180 2427 4236 sitionitm
2483 4182 2653 4235 libros
2705 4192 2920 4234 vertunt
2979 4180 3208 4234 Rulinus
3252 4192 3301 4233 et
3369 4180 3753 4249 Hieronymus,

2175 4267 2315 4320 quos
2370 4252 2562 4304 deinde
2609 4252 2790 4304 caeteri
2832 4252 2942 4304 fere
2970 4265 3181 4320 omnes
3218 4251 3388 4304 secuti
3436 4259 3582 4303 sunt.
3641 4250 3752 4318 Ego

2177 4319 2357 4375 tamen
2395 4320 2757 4373 Institutione:
2808 4322 2923 4373 sive
2958 4319 3373 4388 Inlormntiones
3406 4321 3587 4372 malim
3625 4335 3750 4372 ver-

2178 4400 2319 4445 tere.
2360 4391 2433 4443 Ita
2478 4392 2673 4444 Sextus
2707 4389 3006 4457 Empiricos
3043 4392 3211 4444 libros
3257 4389 3748 4458 Pyrrhonianormn

2174 4460 2560 4529 hypotyposeon
2589 4462 2884 4528 inscripsit,
2926 4460 2976 4511 id
3014 4469 3134 4522 est,
3169 4457 3571 4513 institutionum
3618 4457 3761 4528 Pyr?

2171 4532 2408 4583 rhonicm
2442 4542 2622 4584 sectae.
2673 4529 3058 4592 Ὑποτύπωσις
3103 4545 3201 4596 pro
3253 4530 3595 4582 instructions
3654 4544 3749 4582 seu

2171 4600 2501 4653 institutione
2544 4600 2776 4652 sumitur
2829 4601 2877 4654 in
2931 4601 3165 4653 concilio
3213 4599 3430 4653 Niczeno
3479 4599 3745 4662 secundo,

2170 4670 2261 4724 ubi
2296 4670 2485 4723 Patres
2508 4670 2575 4725 de
2612 4670 2933 4737 quibusdam
2960 4671 3245 4724 sententiis
3292 4684 3465 4722 sacra:
3500 4669 3744 4731 Scriptu-

2170 4755 2245 4809 τε
2274 4742 2629 4807 pronuntiant
2658 4755 2749 4792 cas
2772 4756 2893 4793 esse
2932 4741 3162 4807 scriptas
3200 4741 3278 4802 εἰς
3317 4738 3593 4809 ἡμετέραν
3616 4739 3749 4790 ὑπο.

2165 4808 2431 4863 τύπωσιν.
2466 4810 2630 4863 lierte
2661 4824 2788 4876 ergo
2832 4810 3059 4863 Rnlinus
3086 4812 3137 4863 in
3181 4812 3272 4863 lib.
3306 4825 3382 4875 vi,
3420 4825 3471 4861 e.
3512 4808 3599 4870 ll,
3651 4811 3747 4861 hos

2166 4880 2460 4935 Clementis
2486 4878 2960 4933 ’Υποτυπώσεων
2989 4880 3156 4934 libros
3180 4879 3370 4933 Latine
3398 4877 3747 4947 Informntio-

2168 4966 2290 5003 num
2340 4952 2442 5004 dici
2508 4954 2665 5017 posse
2710 4951 2921 5003 scribit.
2964 4948 3138 5003 Porro
3194 4952 3229 5003 ii
3272 4949 3570 5003 Clementis
3615 4948 3739 5001 libri

2168 5022 2520 5074 continebant
2555 5021 2771 5073 brevem
2824 5028 2878 5073 et
2923 5020 3392 5087 compendiariam
3452 5018 3740 5085 utriusque

2166 5087 2503 5144 Testamenti
2538 5090 2975 5157 expositionem,
3030 5101 3088 5141 ut
3136 5098 3364 5143 teStatur
3410 5087 3636 5141 letins
3687 5088 3740 5140 in

2164 5158 2512 5212 Bibliotheca.
2555 5161 2636 5213 0b
2694 5173 2912 5213 errores
2955 5167 3135 5212 autem
3187 5161 3383 5227 quibus
3430 5159 3740 5221 scalebant,

2165 5230 2522 5298 negligentius
2555 5229 2757 5298 habiti,
2803 5228 3020 5283 tandem
3070 5231 3375 5297 perierunt.
3436 5229 3544 5281 Nec
3591 5227 3737 5298 alia,

2165 5315 2283 5353 meo
2312 5297 2525 5366 Quidein
2553 5297 2775 5365 judicio,
2815 5314 2979 5353 causa
3005 5312 3088 5353 est
3114 5315 3209 5351 cur
3242 5298 3417 5365 Papia:
3456 5308 3511 5351 et
3562 5297 3737 5359 llege—

2164 5371 2303 5437 sippi
2348 5369 2685 5437 aliorumque
2730 5379 2972 5423 veterum
3023 5370 3147 5421 libri
3197 5370 3595 5437 intercidet-int.
3634 5366 3742 5419 Ex-

2163 5436 2349 5506 cerpta
2382 5448 2559 5491 tamen
2606 5436 2679 5491 ex
2725 5438 3006 5493 Theodoto
3035 5454 3155 5507 qua:
3196 5450 3319 5506 post
3350 5436 3739 5506 Στρωματέας

2160 5508 2433 5577 leguntur,
2456 5507 2730 5575 descripta
2752 5510 3002 5563 videntur
3033 5525 3099 5562 ex
3128 5510 3279 5563 libris
3308 5508 3736 5577 "ypolyposeou,

2161 5579 2302 5646 quod
2326 5582 2537 5630 mirora
2573 5580 2789 5632 nemine
2836 5580 3013 5632 adhuc
3060 5580 3501 5632 animadversum
3550 5578 3733 5630 fuisse.

2160 5649 2215 5702 ld
2259 5659 2438 5701 autem
2492 5648 2788 5715 colligitur,
2834 5658 2948 5702 tum
2998 5651 3140 5716 quod
3200 5650 3252 5701 in
3307 5648 3415 5701 illis
3471 5647 3732 5699 Theodoti

2159 5719 2429 5786 excerptis
2447 5719 2632 5787 eadem
2671 5720 2959 5769 traduntur
2993 5722 3059 5771 de
3091 5720 3333 5781 Christo,
3372 5734 3490 5787 quas
3515 5716 3737 5769 Photins

2162 5791 2213 5842 in
2245 5789 2399 5843 libris
2432 5785 2834 5857 llypulyposeon
2861 5804 2889 5841 a
2916 5804 2974 5843 se
3010 5789 3149 5844 lecta
3172 5804 3292 5843 esse
3326 5785 3589 5854 testatur;
3625 5797 3735 5839 tum
