4112 6428
406 358 504 417 461

1462 352 1814 411 HISTORIA:
1855 356 2413 415 ECCLESIASTICE
2452 358 2580 415 UB.
2622 359 2687 416 ν.

3552 362 3659 420 462

407 473 728 545 ϐαλλόμενοι
759 472 996 542 λέγουσι.
1034 491 1053 525 ι
1094 473 1298 544 Γράφει
1333 472 1389 526 δὲ
1422 475 1451 526 ό
1480 474 1643 539 αὐτὸς
1674 476 1749 539 ὡς
1782 476 1877 531 καὶ
1910 478 1953 530 εί

2061 534 2062 537 η
2094 478 2198 533 lius
2224 488 2523 534 sectatores
2554 487 2881 542 memorant,
2909 478 3167 549 princeps
3191 489 3247 535 et
3269 478 3658 550 antesignanus

370 566 596 637 λόγους
639 565 885 636 ἐληλύθοι
918 564 995 636 τῷ
1034 564 1283 635 Ἀπελλῇ,
1328 566 1551 635 φάσκων
1578 567 1784 632 οὕτως·
1842 588 1859 619 ι
1921 570 1981 621 '0

402 659 513 731 γὰρ
543 656 721 730 γέρων
767 657 1030 727 Ἀπελλῆς
1062 658 1334 728 συμμίξας
1367 660 1517 728 ἡμῖν,
1548 658 1719 713 πολλὰ
1745 661 1841 731 μὲν
1883 677 1980 713 κα-

401 751 516 814 κῶς
547 750 722 819 λέγων
752 750 991 821 ἠλέγχθη
1012 767 1025 781 ⁸
1054 750 1173 803 ὅθεν
1212 751 1306 803 καὶ
1343 750 1547 820 ἔφασκε
1589 752 1663 824 μὴ
1710 753 1820 806 δεῖν
1844 753 1979 817 ὅλως

400 844 676 909 ἐξετάζειν
710 844 802 897 τὸν
836 843 1010 913 λόγον,
1045 843 1158 897 ἀλλ’
1198 844 1460 909 ἕκαστον,
1500 845 1576 909 ὡς
1622 848 1979 913 πεπίστευκε,

397 934 690 1005 διαμένειν.
731 935 1079 1007 Σωθήσεσθαι
1125 934 1234 1006 γὰρ
1265 938 1392 1001 τοὺς
1429 938 1523 989 ἐπὶ
1568 937 1661 992 τὸν
1701 938 1977 1011 ἐσταυρω-

400 1027 566 1095 μένον
611 1026 911 1097 ἠλπικότας
955 1028 1303 1095 ἀπεφαίνετο,
1354 1029 1513 1099 μόνον
1544 1028 1638 1082 ὲάν
1690 1031 1749 1083 ὲν
1793 1030 1976 1101 ἔργοις

394 1120 620 1188 ἀγαθοῖς
646 1119 1025 1192 εὐρίσκωνται.
1050 1121 1123 1173 Τὸ
1146 1120 1202 1172 δὲ
1223 1121 1438 1174 πάντων
1466 1121 1838 1191 ἁσαφέστατον
1862 1122 1972 1193 (82)

393 1212 781 1283 ὲδογματίζετο
825 1212 973 1282 αὐτῷ
1018 1214 1267 1283 πρᾶγμα,
1317 1211 1498 1277 καθὼς
1539 1215 1971 1285 προειρήκαμεν,

394 1304 459 1356 τὸ
493 1304 622 1375 περὶ
662 1304 752 1357 τοῦ
802 1304 957 1357 Θεοῦ.
994 1305 1183 1374 Ἔλεγε
1222 1306 1329 1378 γὰρ
1380 1306 1507 1376 μίαν
1556 1306 1751 1376 ἀρχὴν,
1790 1304 1973 1368 καθὼς

394 1398 492 1449 καὶ
532 1398 561 1449 ό
594 1397 860 1469 ἡμέτερος
889 1398 1063 1467 λόγος.
1120 1418 1139 1451 ι
1173 1394 1305 1451 Εἶτα
1338 1398 1559 1469 προθεὶς
1594 1398 1758 1451 αὑτοῦ
1790 1400 1971 1451 πᾶσαν

390 1489 493 1559 τὴν
524 1488 699 1554 δόξαν,
754 1490 1005 1562 ἐπιφέρει
1060 1490 1315 1559 φάσκων·
1370 1510 1387 1541 ι
1441 1492 1705 1559 Λέγοντος
1753 1490 1809 1544 δέ
1870 1507 1969 1562 μου

389 1578 531 1649 πρὸς
559 1578 741 1643 αὑτὸν,
778 1579 951 1632 Πόθεν
986 1580 1309 1651 ήάπόδειξις
1351 1580 1490 1652 αὕτη
1528 1599 1629 1646 σοι,
1657 1583 1690 1653 ἢ
1723 1582 1839 1645 πῶς
1881 1582 1970 1635 δύ-

388 1686 554 1723 νασαι
597 1669 775 1737 λέγειν
821 1670 950 1740 μίαν
997 1671 1190 1743 ἀρχὴν,
1244 1673 1450 1744 φράσον
1501 1675 1660 1745 ἡμῖν·
1708 1674 1833 1745 ἔφη,
1872 1674 1968 1739 τάς

393 1758 494 1826 μὲν
532 1759 865 1829 προφητείας
899 1760 1095 1824 ἐαυτάς
1124 1762 1391 1833 ἐλέγχειν,
1435 1763 1523 1817 διά
1553 1765 1613 1817 τὸ
1645 1766 1808 1836 μηδὲν
1833 1765 1969 1828 ὅλως

2089 572 2188 624 fuit
2217 570 2479 641 Syneros.
2529 587 2548 621 ι
2590 568 2734 624 Idem
2775 568 3003 624 Rhodon
3045 586 3104 623 se
3133 584 3253 623 cum
3285 570 3469 639 Apelle
3494 570 3661 627 collo-

2086 674 2268 717 cutum
2332 676 2454 718 esse
2511 663 2705 717 scribit
2756 663 2841 716 his
2893 662 3077 716 verbis
3131 680 3146 715 :
3206 680 3225 712 ι
3290 661 3465 716 Senex
3511 663 3657 718 enim

2084 754 2330 824 Apelles,
2382 754 2590 823 inquit,
2636 753 2770 807 inito
2818 752 3097 808 nobiscum
3149 752 3448 821 colloquio,
3491 754 3655 807 multa

2083 845 2297 915 quidem
2324 859 2603 913 perperam
2628 845 2808 899 dicere
2831 843 3111 898 convictus
3153 852 3255 896 est.
3293 841 3658 909 Quamobrem

2082 939 2246 993 etiam
2279 937 2556 991 asserebat
2597 950 2702 989 non
2740 949 2861 989 esse
2899 934 3122 987 omnino
3150 931 3564 987 examinandam
3598 934 3659 985 li-

2083 1030 2226 1098 dem,
2258 1028 2355 1083 sed
2382 1042 2828 1097 unumquemque.
2868 1027 2920 1080 in
2950 1042 3014 1080 eo
3048 1026 3190 1095 quod
3224 1025 3390 1080 semel
3414 1024 3660 1079 imbibis—

2080 1133 2194 1187 set,
2239 1134 2483 1191 perstare
2509 1131 2785 1189 oportere.
2819 1118 3032 1189 Quippe
3061 1133 3153 1172 eos
3179 1118 3271 1187 qui
3308 1117 3361 1171 in
3383 1116 3658 1172 Crucilixo

2080 1234 2230 1288 spem
2266 1232 2419 1272 suam
2450 1216 2828 1281 collocassent,
2863 1213 3163 1268 servandos
3187 1227 3307 1267 esse
3330 1210 3653 1275 aﬂirmabat,

2079 1309 2372 1363 dummodo
2431 1306 2484 1360 in
2554 1305 2710 1360 bonis
2768 1300 3027 1373 operibus
3089 1300 3653 1369 deprehenderentur.

2078 1398 2212 1452 Rem
2248 1411 2377 1451 vero
2412 1394 2653 1450 onmium
2695 1391 3138 1448 obscurissimam
3184 1403 3305 1443 esse
3348 1389 3653 1451 statuebat,

2079 1491 2437 1553 utdiximus,
2485 1489 2841 1556 qumstionem
2886 1485 2950 1539 de
2991 1482 3121 1537 Deo.
3171 1481 3347 1536 Unum
3387 1481 3653 1550 siquidem

2077 1584 2408 1653 principium
2443 1595 2564 1635 esse
2592 1580 2806 1634 dicebat
2857 1578 2999 1631 sicut
3022 1587 3075 1629 ct
3111 1586 3297 1628 nostra
3339 1573 3531 1642 religio
3557 1573 3655 1627 do-

2076 1684 2214 1728 cet.»
2251 1672 2513 1728 Uuiversa
2546 1669 2741 1725 deinde
2766 1668 2882 1737 ejus
2911 1666 3156 1719 doctrina
3190 1665 3241 1718 in
3270 1662 3505 1717 medium
3527 1674 3653 1731 pro-

2076 1764 2206 1829 lata,
2238 1764 2353 1817 haac
2399 1761 2678 1829 subjungit
2719 1776 2734 1812 :
2786 1776 2804 1810 ι
2859 1757 2991 1812 Cum
3037 1772 3166 1810 vero
3212 1755 3315 1824 ipsi
3364 1755 3648 1809 dicerem:

388 1847 592 1918 ἀληθὲς
633 1850 933 1920 εἰρηκέναι.
995 1851 1337 1922 Ἀσυμφωνοι
1378 1855 1484 1926 γάρ
1536 1857 1838 1927 ὑπάρχουσι
1876 1860 1953 1911 κα¹

2075 1858 2227 1913 Unde
2260 1855 2373 1910 haec
2403 1855 2497 1907 tibi
2533 1852 2925 1908 demonstratio
2954 1894 2966 1916 ,
3006 1862 3099 1903 aut
3131 1864 3238 1919 qua
3275 1847 3485 1902 ratione
3508 1845 3651 1901 allir-

388 1940 625 2007 ψευδεῖς,
663 1942 755 1995 καὶ
800 1944 1019 2009 ἑαυταῖς
1060 1946 1451 2016 ἀντικείμεναι.
1489 1950 1560 2000 Τὸ
1602 1949 1657 2001 δὲ
1692 1949 1808 2012 πῶς
1851 1953 1965 2003 ἐστι

394 2031 496 2100 μία
530 2032 687 2104 ἀρχὴ,
728 2033 802 2105 μὴ
838 2035 1126 2103 γινώσκειν
1169 2039 1375 2108 ἔλεγεν,
1423 2040 1563 2093 οὕτω
1601 2040 1656 2093 δὲ
1700 2042 1965 2095 κινεῖσθαι

390 2121 573 2191 μόνον.
598 2120 706 2177 Εἶτ’
730 2126 1141 2198 ὲπομοσαμένου
1173 2148 1272 2201 μου
1294 2131 1521 2203 τάληθὲς
1537 2134 1731 2197 εἰπεῖν,
1753 2132 1964 2203 ὤμνυεν

385 2211 664 2283 ἀληθεύων
700 2214 896 2284 λέγειν,
931 2219 1004 2289 μὴ
1043 2220 1365 2275 ἐπίστασθαι
1395 2221 1504 2292 (85)
1540 2221 1656 2285 πῶς
1692 2217 1773 2286 εἷς
1813 2224 1963 2276 ἐστιν

385 2306 680 2377 ἀγέννητος
714 2308 865 2373 Θεὸς,
899 2309 1057 2363 τοῦτο
1087 2311 1142 2363 δὲ
1185 2314 1479 2367 πιστεύειν.
1527 2312 1667 2381 Ἐγὼ
1710 2315 1765 2367 δὲ
1797 2316 1960 2383 γελά-

387 2411 506 2461 σας,
543 2398 820 2467 κατέγνων
856 2400 1042 2466 αὺτοῦ,
1081 2402 1212 2455 διότι
1246 2404 1563 2469 διδάσκαλος
1596 2402 1731 2459 εἶναι
1765 2408 1958 2476 λέγων,

382 2488 484 2541 οὐκ
516 2490 630 2561 ᾔδει
655 2492 714 2544 τὸ
738 2492 1117 2565 διδασκόμενον
1150 2498 1241 2550 ὑπ’
1270 2498 1432 2551 αὑτοῦ
1462 2499 1767 2570 κρατύνειν.
1810 2520 1828 2552 1
1874 2504 1961 2555 Ἐν

381 2579 461 2650 τῷ
493 2582 642 2653 αὐτῴ
674 2584 730 2637 δὲ
766 2586 1157 2658 συγγράμματι
1201 2588 1559 2642 Καλλιστίωνι
1602 2590 1957 2661 προσφωνῶν,

380 2676 409 2726 ὁ
439 2675 602 2738 αὐτὸς
635 2677 1077 2748 μεμαθητεῦσθαι
1106 2682 1194 2733 ἐπὶ
1238 2680 1455 2751 Ῥώμης
1490 2682 1740 2753 Τατιανῷ
1772 2684 1959 2735 ἑαυτὸν

380 2767 654 2837 ὁμολογεῖ.
676 2769 823 2840 ’Φησὶ
845 2769 901 2823 δὲ
927 2770 1021 2824 καὶ
1047 2770 1410 2824 ἐσπουδάσθαι
1442 2771 1519 2842 τῷ
1550 2771 1799 2842 Τατιανῴ
1826 2788 1960 2844 προ-

381 2859 674 2930 ελημάτων
709 2861 941 2930 βιϐλίον’
969 2864 1034 2917 δι’
1064 2858 1138 2917 ὧν
1171 2866 1230 2917 τὸ
1256 2866 1463 2935 ἀσαφὲς
1494 2867 1588 2921 καὶ
1622 2868 1959 2940 ἐπικεκρυμ·

381 2949 541 3018 μένον
573 2950 681 3003 τῶν
714 2951 873 3007 θείων
906 2954 945 3005 Γ
948 2955 1136 3027 ραφῶν
1173 2959 1545 3030 παραστήσειν
1580 2960 1954 3032 ὑποσχομένου

378 3039 472 3092 τοῦ
507 3042 793 3107 Τατιανοῦ,
825 3046 986 3109 αὐτὸς
1022 3048 1050 3099 ό
1094 3047 1288 3100 Ῥόδων
1315 3051 1372 3102 ὲν
1410 3050 1523 3121 ἰδίῳ
1563 3051 1955 3122 συγγράμματι

375 3133 479 3195 τὰς
508 3133 615 3185 τῶν
654 3135 861 3189 ἐκείνου
893 3138 1291 3209 προϐλημάτων
1323 3142 1597 3205 ὲπιλύσεις
1626 3143 1955 3213 ὲκθήσεσθαι

2070 1963 2221 2002 mare
2262 1958 2414 2016 potes
2463 1961 2624 1997 unum
2664 1944 2828 2013 178
2867 1958 2987 1997 esse
3029 1940 3387 2011 principium?
3420 1940 3517 1995 Dic
3552 1954 3650 1994 no-

2066 2040 2152 2093 bis
2194 2038 2240 2092 si
2292 2038 2490 2107 placet.
2540 2038 2675 2091 Tum
2731 2038 2820 2089 ille
2873 2034 3153 2105 respondit
3181 2057 3195 2089 ;
3226 2032 3542 2101 Prophetias
3581 2045 3648 2085 eo

2066 2134 2211 2204 quod
2256 2131 2387 2185 nihil
2435 2131 2659 2184 omnino
2704 2130 2815 2182 veri
2854 2130 3073 2194 dicant,
3118 2127 3328 2195 seipsas
3373 2124 3643 2179 refellere.

2065 2228 2201 2283 Sunt
2236 2228 2406 2289 enim,
2431 2226 2630 2289 aiebat,
2669 2226 3013 2279 dissonantes
3046 2233 3100 2276 et
3132 2222 3279 2276 falsa:
3308 2236 3370 2274 ac
3402 2220 3647 2274 sibimet-

2063 2321 2198 2390 ipsis
2248 2319 2553 2373 contrariaa.
2600 2315 2769 2370 Porro
2815 2330 2920 2386 qua
2968 2316 3179 2368 ratione
3244 2312 3465 2365 unicum
3500 2320 3647 2365 esset

2062 2410 2423 2481 principium,
2471 2425 2529 2463 se
2571 2409 2790 2476 quidem
2842 2405 3055 2459 nescire
3104 2404 3500 2473 proﬁtebatur;
3549 2400 3645 2455 sed

2066 2513 2246 2557 tamen
2295 2502 2498 2554 moveri
2542 2509 2705 2568 atque
2746 2497 2948 2567 impelli
3002 2505 3059 2547 ut
3106 2495 3178 2547 ita
3227 2494 3476 2548 sentiret.
3519 2489 3648 2546 Post

2062 2592 2178 2646 haec
2205 2607 2327 2646 cum
2357 2605 2478 2645 eum
2508 2589 2864 2659 jurejurando
2894 2586 3220 2654 adegissent,
3261 2594 3320 2635 ut
3363 2598 3425 2637 ex
3472 2582 3642 2635 animi

2061 2686 2144 2739 sui
2183 2682 2456 2739 sententia
2484 2684 2820 2751 loqueretur,
2862 2678 3071 2748 juravit
3110 2692 3169 2733 se
3205 2691 3391 2731 verum
3431 2675 3642 2741 dicere,

2062 2790 2161 2830 nec
2195 2791 2253 2829 se
2278 2775 2504 2829 omnino
2540 2774 2680 2828 scire
2710 2789 2818 2843 qua
2855 2772 3065 2825 ratione
3097 2783 3236 2823 unus
3261 2777 3406 2823 esset
3434 2766 3645 2837 ingeni-

2061 2879 2147 2923 tus
2176 2867 2339 2933 Deus,
2370 2882 2429 2921 se
2452 2876 2634 2920 tamen
2668 2866 2739 2919 ita
2772 2864 3015 2919 credere.
3050 2862 3145 2917 liis
3174 2861 3379 2916 auditis
3406 2876 3507 2930 ego
3536 2860 3641 2915 ho-

2058 2962 2258 3016 minem
2292 2961 2545 3014 dcridens
2582 2958 2948 3028 reprehendi,
2980 2956 3075 3026 qui
3109 2971 3232 3010 cum
3267 2970 3327 3009 se
3359 2954 3638 3008 doctorem

2057 3054 2431 3125 proﬁteretur,
2466 3052 2769 3107 doctrinam
2803 3065 2954 3103 suam
2984 3049 3282 3103 rationibus
3312 3048 3639 3102 conﬁrmare

2060 3160 2167 3201 non
2203 3155 2401 3215 posset.
2445 3163 2463 3196 ι
2496 3144 2758 3198 Caeterum
2806 3141 2858 3195 iu
2901 3143 3088 3196 eodem
3137 3142 3274 3194 libro
3312 3154 3471 3209 quem
3511 3137 3637 3193 Cal-

377 3224 791 3291 ὲπιγγέλλεται.
838 3227 1065 3298 Φέρεται
1122 3229 1177 3281 δὲ
1226 3230 1320 3282 τοῦ
1371 3231 1533 3284 αὐτοῦ
1585 3231 1676 3285 καὶ
1723 3235 1810 3295 εὶς
1840 3231 1953 3300 τὴν

2061 3214 2257 3293 listioni
2302 3236 2655 3304 nuncupavit,
2684 3234 2866 3289 Koma:
2917 3250 2946 3286 a
2990 3232 3220 3287 Taliane
3257 3246 3316 3287 se
3358 3230 3636 3285 eruditum

389 3313 757 3384 Ἐξαήμερον
774 3318 1089 3389 ὑπόμνημα.
1120 3322 1179 3374 ὐ
1195 3322 1338 3390 γέτοι
1369 3322 1629 3396 Ἀπελλῆς
1654 3316 1829 3388 οὗτος,
1851 3342 1952 3393 μυ-

379 3406 472 3477 ρία
504 3410 643 3461 κατά
670 3412 764 3464 τοῦ
789 3413 1065 3477 Μωῦσὲως
1100 3415 1337 3486 ἠσέϐησε
1362 3417 1547 3488 νόμου,
1577 3416 1665 3471 διά
1698 3416 1955 3470 πλειόνων

378 3505 823 3575 συγγραμμάτων
850 3506 975 3568 τοὺς
1007 3506 1183 3571 θείους
1212 3508 1593 3581 βλασφημίσας
1625 3510 1837 3579 λόγους,
1874 3511 1955 3573 εἰς

374 3592 596 3664 ἔλεγχόν
628 3612 708 3660 τε,
751 3596 827 3661 ῶς
858 3615 921 3666 γε
962 3598 1025 3669 δὴ
1068 3600 1265 3664 ἐδόκει,
1310 3603 1403 3654 xai
1436 3602 1744 3673 ἀνατροπὴν
1775 3602 1953 3657 αὐτῶν

372 3688 437 3739 οὐ
465 3689 666 3759 μικράν
691 3691 1053 3762 πεποιημένος
1076 3693 1329 3765 σπουδήν.
1357 3693 1542 3748 Ταῦτα
1565 3694 1663 3765 μὲν
1699 3690 1791 3748 οὖν
1821 3696 1950 3767 περὶ

372 3795 602 3837 τουτων.

2056 3345 2177 3384 esse
2204 3339 2454 3383 testatur.
2500 3325 2690 3379 Refert
2730 3325 2895 3379 etiam
2935 3340 2963 3376 a
3003 3322 3235 3376 Tatiano
3257 3324 3635 3375 elucubratum

2056 3436 2176 3476 esse
2208 3419 2568 3487 Quwstianum
2604 3417 2822 3481 librum,
2855 3417 2905 3469 in
2938 3431 3044 3484 quo
3090 3430 3210 3468 cum
3244 3412 3506 3467 Tatianus
3538 3413 3636 3466 ob-

2056 3528 2246 3567 scuros
2300 3521 2462 3582 atque
2521 3512 2794 3565 involutos
2836 3524 3004 3562 Sacrae
3046 3507 3342 3576 Scriptura:
3392 3504 3539 3559 locos
3575 3518 3634 3558 se

2055 3605 2429 3672 expositurum
2457 3616 2577 3657 esse
2606 3601 2969 3670 prmnisisset,
2998 3601 3110 3668 ipse
3136 3598 3365 3652 Rhodon
3408 3596 3635 3652 soluti:-

2056 3712 2151 3748 nes
2192 3695 2555 3763 quaastionum
2596 3692 2807 3747 Tatiani
2855 3692 3116 3762 peculiari
3166 3706 3330 3759 opere
3359 3691 3631 3745 editurum

2052 3803 2112 3841 se
2132 3801 2253 3841 esse
2277 3786 2583 3855 profitetur.
2615 3787 2843 3841 Exstant
2872 3785 3038 3839 etiam
3069 3781 3312 3850 ejusdem
3344 3783 3396 3835 in
3425 3781 3633 3836 Hexae-

372 3888 553 3926 meron
581 3872 978 3929 Commentarii.
1012 3873 1115 3931 lste
1167 3891 1331 3946 porro
1383 3891 1543 3945 quem
1594 3876 1831 3931 diximus
1882 3876 2140 3946 Apelles,
2185 3878 2417 3947 plurima
2486 3879 2748 3931 adversus
2791 3877 2962 3945 legem
3002 3873 3296 3926 Mosaicam
3350 3874 3514 3942 impie
3548 3889 3631 3932 est

374 3964 625 4029 loeutus;
656 3964 952 4034 multisque
984 3966 1139 4021 libris
1190 3966 1727 4022 maledicentissimis
1756 3970 1974 4021 oracula
2008 3968 2189 4024 divina
2226 3970 2526 4023 insectatus
2555 3979 2661 4033 est,
2688 3968 2815 4023 dum
2851 3980 2913 4019 ea
2955 3964 3262 4029 confutare,
3315 3972 3369 4017 et
3420 3973 3479 4017 ut
3509 3967 3629 4034 qui-

379 4062 505 4114 dem
548 4060 649 4115 sibi
683 4060 1001 4124 videbatur,
1037 4062 1253 4129 penitus
1277 4072 1547 4128 evertere,
1584 4062 1793 4131 ingenti
1834 4063 2015 4119 studio
2066 4065 2313 4120 molitur.
2346 4062 2545 4119 Verum
2581 4066 2649 4117 de
2680 4063 2768 4117 his
2801 4061 3084 4114 hactenus.

898 4156 1292 4208 ΚΕΦΑΛΑΙΟΝ
1322 4157 1418 4209 ΙΔ’.

513 4248 653 4317 Περὶ
682 4247 798 4301 τῶν
828 4249 979 4319 κατὰ
1022 4250 1255 4318 Φρύγας
1286 4248 1802 4319 ψευδοπροφητῶν

895 4318 1033 4389 (Nic.
1070 4320 1215 4376 11.15.
1248 4319 1451 4389 :v,20).

441 4412 747 4475 Mutinam;
781 4428 843 4481 γε
875 4413 981 4484 μὴν
1009 4413 1087 4475 είς
1109 4412 1176 4465 τὰ
1210 4413 1439 4483 μάλιστα
1466 4416 1561 4467 καὶ
1583 4413 1943 4485 φιλοπόνηρος

367 4504 443 4558 ὢν
464 4506 490 4556 ό
521 4505 621 4575 τῆς
664 4504 989 4577 Ἐκκλησίας
1018 4504 1112 4558 τοῦ
1143 4504 1277 4557 Θεοῦ
1326 4506 1599 4576 πολέμιος,
1652 4506 1855 4577 μηδένα
1884 4523 1944 4559 τε

2636 4159 2864 4215 CAPUT
2906 4158 3044 4213 XIV.

2290 4253 2370 4309 De
2400 4252 2554 4322 falsis
2591 4253 2856 4322 prop/telis
2890 4251 3375 4321 Cataphrygarum.

2125 4410 2392 4466 Caeterum
2424 4410 2597 4465 hostis
2635 4409 2893 4464 Ecclesiae
2929 4407 3045 4474 Dei,
3070 4409 3161 4478 qui
3190 4422 3404 4479 semper
3436 4408 3654 4465 virtuti'

2054 4504 2283 4559 infestus
2308 4515 2393 4559 est
2417 4514 2471 4559 et
2504 4504 2663 4557 malis
2685 4504 3015 4566 delectatur,
3049 4515 3149 4556 nec
3184 4502 3350 4555 ullam
3380 4518 3622 4573 unquam

367 4596 633 4667 μηδαμῶς
657 4596 757 4667 τῆς
787 4597 927 4650 κατά
962 4596 1067 4651 τῶν
1100 4595 1399 4669 ἀνθρώπων
1426 4597 1715 4669 ἐπιϐουλῆς
1750 4599 1943 4651 ἀπολι-

2061 4598 2343 4652 insidiandi
2394 4597 2709 4651 hominibus
2766 4595 2999 4664 speciem
3050 4603 3213 4662 atque
3280 4596 3622 4649 occasionem

365 4688 484 4741 πὼν
530 4689 747 4758 τρόπον,
790 4690 1028 4760 αἱρέσεις
1065 4690 1219 4754 ξένας
1261 4686 1414 4753 αὖθις
1446 4690 1769 4758 ὲπιφύεσθαι
1804 4692 1943 4745 κατά

362 4779 463 4849 τῆς
501 4780 819 4851 Ἐκκλησίας
849 4784 1094 4854 ἐνήργει·
1127 4775 1202 4836 ὧν
1226 4784 1275 4835 οἱ
1307 4784 1401 4853 μὲν
1432 4783 1649 4835 ἰοϐόλων
1667 4782 1821 4855 δίκην
1853 4783 1942 4853 ἑρ-

366 4872 542 4926 πετῶν
580 4874 671 4926 ἐπὶ
709 4874 811 4944 τῆς
853 4876 1033 4935 Ἀσίας
1070 4878 1161 4931 καὶ
1191 4876 1427 4947 Φρυγίας
1469 4873 1678 4947 εἷρπον,
1721 4876 1811 4928 τὸν
1846 4877 1944 4947 μὲν

433 5042 543 5117 (8ᾷ)
588 5042 659 5097 Τὸ
687 5043 756 5096 δὲ
784 5044 1024 5099 πάντων
1065 5046 1505 5117 ἁσαφέστατσν.
1544 5048 1771 5102 Rufinus
1816 5047 1943 5116 legit

362 5112 815 5187 eaeéaragov,dut
846 5131 909 5169 ex
968 5112 1219 5173 versione
1266 5119 1383 5187 ejus
1415 5129 1633 5173 constat
1684 5133 1805 5187 quas
1846 5112 1928 5172 sic

354 5182 867 5263 habe_t_:_Mani{esle
919 5196 1093 5240 tamen
1136 5182 1465 5263 decgrhebaﬁ
1490 5191 1554 5241 de
1604 5182 1753 5263 Deo,
1790 5190 1923 5241 sicut

358 5257 725 5318 prwdiximus,
752 5271 915 5307 unum
940 5272 1049 5309 esse
1071 5257 1602 5324 principium.Quam
1630 5257 1922 5311 lectionem

358 5334 579 5403 secutus
610 5334 706 5403 est
748 5328 913 5403 c_tiam
961 5327 1508 5403 (lhristophorsonus.
1564 5326 1761 5403 Verum
1808 5329 1925 5383 haec

360 5393 735 5463 interpretatio
770 5393 898 5446 ferri
933 5411 1037 5448 non
1072 5393 1269 5463 potest.
1315 5397 1557 5452 Primum
1608 5399 1752 5451 enim
1797 5412 1921 5451 ver-

358 5462 485 5540 bum
510 5460 915 5540 ⁷-ὲδογματίζετο
955 5460 1223 5540 passivam
1262 5469 1433 5540 habet
1452 5468 1921 5540 signiﬁcationem.

363 5530 587 5605 Deinde,
622 5530 829 5605 tantum
859 5530 1013 5589 abest
1041 5547 1102 5589 ut
1142 5536 1357 5603 Apelles
1386 5530 1813 5605 disputationem
1856 5537 1924 5592 de

359 5601 495 5680 Deo,
542 5602 883 5681 manifestam
931 5615 1101 5681 atque
1151 5601 1631 5681 eipeditam'esse
1680 5608 1922 5681 diceret,

358 5677 493 5747 quin
521 5677 702 5738 potius
741 5677 1045 5738 asserebat,
1075 5691 1199 5747 rem
1216 5691 1339 5731 esse
1369 5677 1612 5747 omnium
1650 5677 1924 5732 obscuris-

359 5745 575 5818 simam,
605 5746 1097 5819 prorsusqueniltil
1126 5745 1257 5819 sciri
1284 5761 1440 5814 posse
1478 5748 1545 5819 de
1574 5745 1707 5819 Deo,
1749 5760 1814 5800 ac
1855 5761 1924 5819 ne

360 5813 509 5877 ipsos
544 5813 760 5880 quidem
805 5816 1093 5883 prophetas
1134 5816 1428 5886 quidquam
1473 5818 1536 5872 de
1582 5816 1690 5870 Deo
1737 5816 1914 5870 mani-

2050 4690 2437 4758 prmtermittit,
2462 4690 2777 4758 peregrinas
2800 4688 3060 4757 quasdam
3094 4689 3328 4741 litercses
3353 4688 3623 4743 adversus

2052 4781 2352 4837 Ecclesiam
2385 4782 2652 4850 pullulare
2702 4782 2896 4835 iterum
2938 4780 3085 4834 fecit.
3112 4779 3351 4845 Quarum
3389 4789 3622 4834 sectato-

2054 4889 2140 4929 res
2178 4873 2268 4928 alii
2304 4875 2518 4944 quidem
2571 4884 2960 4927 venenatorum
3003 4874 3258 4941 anguium
3310 4872 3484 4926 instar
3524 4886 3620 4941 per

2053 5048 2212 5111 feste,
2263 5057 2426 5118 atque
2467 5057 2525 5099 ut
2572 5061 2661 5118 res
2689 5054 2771 5118 est
2804 5046 3205 5115 pronuntiasse,
3259 5045 3616 5116 quemadmo-

2048 5120 2173 5171 dum
2207 5117 2345 5171 infra
2379 5118 2537 5170 docct
2570 5117 2817 5168 Rhodon.

2108 5188 2221 5255 (85)
2278 5186 2375 5255 Μὴ
2441 5186 2820 5240 ἐπίστασθαι.
2875 5185 2929 5239 In
2970 5202 3035 5239 eo
3100 5185 3318 5255 quidem
3363 5202 3465 5240 non
3502 5186 3615 5239 val-

2034 5259 2100 5311 de
2155 5258 2634 5326 reprehendendus
2708 5265 2826 5310 erat
2895 5256 3150 5325 Apelles,
3197 5256 3357 5326 quod
3409 5256 3608 5309 diceret

2034 5324 2246 5381 nescire
2286 5342 2344 5381 se.
2376 5329 2647 5395 quomodo
2686 5342 2825 5379 unus
2855 5337 3000 5381 esset
3034 5328 3307 5395 ingenitus
3345 5324 3516 5389 Deus,
3551 5340 3612 5379 se

2036 5409 2213 5449 tamen
2265 5399 2335 5449 ita
2375 5398 2623 5451 credere.
2676 5395 2874 5450 Verum
2908 5398 3052 5450 ineo
3086 5395 3418 5463 aberrabat,
3462 5397 3608 5463 quod

2032 5468 2352 5535 prophetias
2374 5468 2569 5535 quibus
2590 5483 2653 5520 ea
2671 5470 2737 5519 de
2755 5482 2860 5518 uno
2886 5476 2940 5520 et
2963 5467 3201 5535 ingenito
3229 5461 3339 5535 Duo
3364 5461 3608 5519 doctrina

2034 5534 2287 5599 traditur,
2329 5534 2553 5604 prorsus
2582 5535 2938 5605 repudiabat;
2977 5534 3035 5589 et
3075 5536 3216 5604 quod
3254 5534 3608 5605 philosophias

2032 5607 2474 5674 imperitissimus
2502 5647 2518 5669 ,
2553 5603 2783 5661 aliorum
2821 5622 2879 5660 se
2921 5603 3197 5659 doctorem
3226 5603 3602 5674 proﬁtebatur.

2031 5671 2143 5730 llac
2166 5680 2230 5729 de.
2259 5693 2418 5731 causa
2453 5678 2647 5730 merito
2668 5691 2695 5727 a
2724 5677 2984 5730 Rhodone
3004 5674 3338 5745 suggillatur.
3367 5671 3605 5745 [Stroth

2036 5746 2343 5816 ἀληθεύειν,
2380 5747 2554 5816 λέγων
2584 5764 2645 5802 ex
2687 5746 2949 5817 Stcphan.
2991 5742 3108 5799 me.
3149 5742 3389 5812 scripsit.
3422 5742 3525 5817 [1.]
