  <div class='ocr_page' id='page_1' title='image "/cluster/home/n/w/nwhite01/storage/ocr_20150623/20/hvd.32044073501181/246.png"; bbox 0 0 4112 6428; ppageno 0'>
   <div class='ocr_carea' id='block_1_1' title="bbox 271 403 394 459">
    <p class='ocr_par' dir='ltr' id='par_1_1' title="bbox 271 403 394 459">
     <span class='ocr_line' id='line_1_1' title="bbox 271 403 394 459; baseline 0.016 -3"><span class='ocrx_word' id='word_1_1' title='bbox 271 403 394 459; x_wconf 74' lang='grc'><strong>465</strong></span> 
     </span>
    </p>
   </div>
   <div class='ocr_carea' id='block_1_2' title="bbox 1313 399 2541 462">
    <p class='ocr_par' dir='ltr' id='par_1_2' title="bbox 1313 399 2541 462">
     <span class='ocr_line' id='line_1_2' title="bbox 1313 399 2541 462; baseline -0.001 -6"><span class='ocrx_word' id='word_1_2' title='bbox 1313 400 1661 459; x_wconf 68' lang='grc' dir='ltr'><strong>ῐΗδΤΟΙὶΙιλΕ</strong></span> <span class='ocrx_word' id='word_1_3' title='bbox 1702 401 2263 462; x_wconf 72' lang='lat' dir='ltr'><strong>ECCLESlASTlCA-l</strong></span> <span class='ocrx_word' id='word_1_4' title='bbox 2308 400 2434 457; x_wconf 85' lang='lat' dir='ltr'><strong>LIB.</strong></span> <span class='ocrx_word' id='word_1_5' title='bbox 2477 399 2541 455; x_wconf 70' lang='grc' dir='ltr'><strong>ν.</strong></span> 
     </span>
    </p>
   </div>
   <div class='ocr_carea' id='block_1_3' title="bbox 3441 401 3544 455">
    <p class='ocr_par' dir='ltr' id='par_1_3' title="bbox 3441 401 3544 455">
     <span class='ocr_line' id='line_1_3' title="bbox 3441 401 3544 455; baseline 0 0"><span class='ocrx_word' id='word_1_6' title='bbox 3441 401 3544 455; x_wconf 65' lang='lat'><strong>466</strong></span> 
     </span>
    </p>
   </div>
   <div class='ocr_carea' id='block_1_4' title="bbox 276 515 1858 591">
    <p class='ocr_par' dir='ltr' id='par_1_4' title="bbox 276 517 1858 591">
     <span class='ocr_line' id='line_1_4' title="bbox 276 517 1858 591; baseline 0.004 -21"><span class='ocrx_word' id='word_1_7' title='bbox 276 537 418 591; x_wconf 83' lang='grc' dir='ltr'>μην,</span> <span class='ocrx_word' id='word_1_8' title='bbox 435 519 532 571; x_wconf 62' lang='lat' dir='ltr'><strong>oin:</strong></span> <span class='ocrx_word' id='word_1_9' title='bbox 552 518 757 589; x_wconf 74' lang='grc' dir='ltr'>ἀπορία</span> <span class='ocrx_word' id='word_1_10' title='bbox 775 518 869 573; x_wconf 78' lang='grc' dir='ltr'><strong>τοῦ</strong></span> <span class='ocrx_word' id='word_1_11' title='bbox 894 517 1151 572; x_wconf 85' lang='grc' dir='ltr'>δύνασθαι</span> <span class='ocrx_word' id='word_1_12' title='bbox 1175 519 1416 589; x_wconf 76' lang='grc' dir='ltr'><strong>ἐλέγχειν</strong></span> <span class='ocrx_word' id='word_1_13' title='bbox 1444 520 1541 590; x_wconf 83' lang='grc' dir='ltr'><strong>μὲν</strong></span> <span class='ocrx_word' id='word_1_14' title='bbox 1569 521 1630 573; x_wconf 79' lang='grc' dir='ltr'>τὸ</span> <span class='ocrx_word' id='word_1_15' title='bbox 1650 520 1858 590; x_wconf 71' lang='grc' dir='ltr'>ψεῦδος.</span> 
     </span>
    </p>
   </div>
   <div class='ocr_carea' id='block_1_5' title="bbox 1963 515 3542 591">
    <p class='ocr_par' dir='ltr' id='par_1_5' title="bbox 1971 515 3542 585">
     <span class='ocr_line' id='line_1_5' title="bbox 1971 515 3542 585; baseline -0.001 -12"><span class='ocrx_word' id='word_1_16' title='bbox 1971 519 2090 574; x_wconf 91' lang='lat' dir='ltr'><strong>bius</strong></span> <span class='ocrx_word' id='word_1_17' title='bbox 2132 519 2394 573; x_wconf 76' lang='lat' dir='ltr'><strong>hactenus</strong></span> <span class='ocrx_word' id='word_1_18' title='bbox 2432 515 2645 571; x_wconf 91' lang='lat' dir='ltr'><strong>substiti</strong></span> <span class='ocrx_word' id='word_1_19' title='bbox 2680 531 2694 568; x_wconf 90' lang='lat'><strong>:</strong></span> <span class='ocrx_word' id='word_1_20' title='bbox 2731 530 2834 569; x_wconf 92' lang='lat' dir='ltr'><strong>non</strong></span> <span class='ocrx_word' id='word_1_21' title='bbox 2882 516 3024 585; x_wconf 88' lang='lat' dir='ltr'><strong>quod</strong></span> <span class='ocrx_word' id='word_1_22' title='bbox 3064 526 3159 570; x_wconf 89' lang='lat' dir='ltr'><strong>aut-</strong></span> <span class='ocrx_word' id='word_1_23' title='bbox 3199 515 3542 572; x_wconf 81' lang='lat' dir='ltr'><strong>mendacium</strong></span> 
     </span>
    </p>
   </div>
   <div class='ocr_carea' id='block_1_6' title="bbox 272 609 1861 681">
    <p class='ocr_par' dir='ltr' id='par_1_6' title="bbox 272 609 1861 681">
     <span class='ocr_line' id='line_1_6' title="bbox 272 609 1861 681; baseline 0.001 -19"><span class='ocrx_word' id='word_1_24' title='bbox 272 612 582 681; x_wconf 81' lang='grc' dir='ltr'>μαρτυρεῖν</span> <span class='ocrx_word' id='word_1_25' title='bbox 595 610 651 663; x_wconf 80' lang='grc' dir='ltr'>δὲ</span> <span class='ocrx_word' id='word_1_26' title='bbox 666 612 731 680; x_wconf 79' lang='grc' dir='ltr'>τῇ</span> <span class='ocrx_word' id='word_1_27' title='bbox 749 609 993 681; x_wconf 62' lang='grc' dir='ltr'>ἀληθείᾳπ</span> <span class='ocrx_word' id='word_1_28' title='bbox 1017 609 1201 673; x_wconf 85' lang='grc' dir='ltr'>δεδιὼς</span> <span class='ocrx_word' id='word_1_29' title='bbox 1217 609 1273 662; x_wconf 78' lang='grc' dir='ltr'>δὲ</span> <span class='ocrx_word' id='word_1_30' title='bbox 1287 610 1379 663; x_wconf 77' lang='grc' dir='ltr'><strong>καὶ</strong></span> <span class='ocrx_word' id='word_1_31' title='bbox 1390 610 1675 676; x_wconf 77' lang='grc' dir='ltr'>ὲξευλαὸού</span> <span class='ocrx_word' id='word_1_32' title='bbox 1685 628 1861 681; x_wconf 86' lang='grc' dir='ltr'>μενος,</span> 
     </span>
    </p>
   </div>
   <div class='ocr_carea' id='block_1_7' title="bbox 271 701 1864 774">
    <p class='ocr_par' dir='ltr' id='par_1_7' title="bbox 271 701 1864 774">
     <span class='ocr_line' id='line_1_7' title="bbox 271 701 1864 774; baseline 0.001 -20"><span class='ocrx_word' id='word_1_33' title='bbox 271 705 360 773; x_wconf 71' lang='grc' dir='ltr'>μή</span> <span class='ocrx_word' id='word_1_34' title='bbox 386 720 460 770; x_wconf 86' lang='grc' dir='ltr'><strong>πη</strong></span> <span class='ocrx_word' id='word_1_35' title='bbox 481 701 615 764; x_wconf 77' lang='grc' dir='ltr'>δόξω</span> <span class='ocrx_word' id='word_1_36' title='bbox 634 703 773 755; x_wconf 73' lang='grc' dir='ltr'>τισὶν</span> <span class='ocrx_word' id='word_1_37' title='bbox 801 702 1230 773; x_wconf 76' lang='grc' dir='ltr'>ὲπισυγγράφειν</span> <span class='ocrx_word' id='word_1_38' title='bbox 1249 702 1281 771; x_wconf 79' lang='grc' dir='ltr'>ἦ</span> <span class='ocrx_word' id='word_1_39' title='bbox 1302 702 1772 757; x_wconf 76' lang='grc' dir='ltr'>ἐπιδιατάσσεσθαι</span> <span class='ocrx_word' id='word_1_40' title='bbox 1789 702 1864 774; x_wconf 85' lang='grc' dir='ltr'>τῷ</span> 
     </span>
    </p>
   </div>
   <div class='ocr_carea' id='block_1_8' title="bbox 267 790 1862 867">
    <p class='ocr_par' dir='ltr' id='par_1_8' title="bbox 267 790 1862 867">
     <span class='ocr_line' id='line_1_8' title="bbox 267 790 1862 867; baseline 0.003 -21"><span class='ocrx_word' id='word_1_41' title='bbox 267 795 385 863; x_wconf 68' lang='grc' dir='ltr'>τῆς</span> <span class='ocrx_word' id='word_1_42' title='bbox 412 793 502 847; x_wconf 77' lang='grc' dir='ltr'>τοῦ</span> <span class='ocrx_word' id='word_1_43' title='bbox 532 793 860 862; x_wconf 75' lang='grc' dir='ltr'>Εὑαγγελίου</span> <span class='ocrx_word' id='word_1_44' title='bbox 893 795 1102 866; x_wconf 76' lang='grc' dir='ltr'>Καινῆς</span> <span class='ocrx_word' id='word_1_45' title='bbox 1134 795 1409 866; x_wconf 80' lang='grc' dir='ltr'>Διαοήκης</span> <span class='ocrx_word' id='word_1_46' title='bbox 1440 796 1603 866; x_wconf 80' lang='grc' dir='ltr'>λόγῳ,</span> <span class='ocrx_word' id='word_1_47' title='bbox 1645 790 1689 864; x_wconf 83' lang='grc' dir='ltr'>ᾧ</span> <span class='ocrx_word' id='word_1_48' title='bbox 1727 798 1862 867; x_wconf 81' lang='grc' dir='ltr'>μήτε</span> 
     </span>
    </p>
   </div>
   <div class='ocr_carea' id='block_1_9' title="bbox 269 887 1861 959">
    <p class='ocr_par' dir='ltr' id='par_1_9' title="bbox 269 887 1861 959">
     <span class='ocr_line' id='line_1_9' title="bbox 269 887 1861 959; baseline 0 -17"><span class='ocrx_word' id='word_1_49' title='bbox 269 888 597 959; x_wconf 83' lang='grc' dir='ltr'>προσθεῖναι</span> <span class='ocrx_word' id='word_1_50' title='bbox 632 887 755 958; x_wconf 74' lang='grc' dir='ltr'>μήτ’</span> <span class='ocrx_word' id='word_1_51' title='bbox 778 888 995 956; x_wconf 59' lang='grc' dir='ltr'>ἀφελεῖν</span> <span class='ocrx_word' id='word_1_52' title='bbox 1018 887 1260 951; x_wconf 79' lang='grc' dir='ltr'>δυνατὸν,</span> <span class='ocrx_word' id='word_1_53' title='bbox 1283 887 1359 958; x_wconf 84' lang='grc' dir='ltr'>τῷ</span> <span class='ocrx_word' id='word_1_54' title='bbox 1379 888 1519 941; x_wconf 76' lang='grc' dir='ltr'>κατὰ</span> <span class='ocrx_word' id='word_1_55' title='bbox 1540 888 1599 941; x_wconf 78' lang='grc' dir='ltr'>τὸ</span> <span class='ocrx_word' id='word_1_56' title='bbox 1616 889 1861 958; x_wconf 71' lang='grc' dir='ltr'>Εὐαγγέ-</span> 
     </span>
    </p>
   </div>
   <div class='ocr_carea' id='block_1_10' title="bbox 265 980 1862 1053">
    <p class='ocr_par' dir='ltr' id='par_1_10' title="bbox 265 980 1862 1053">
     <span class='ocr_line' id='line_1_10' title="bbox 265 980 1862 1053; baseline 0.003 -21"><span class='ocrx_word' id='word_1_57' title='bbox 265 980 396 1033; x_wconf 81' lang='grc' dir='ltr'>λιον</span> <span class='ocrx_word' id='word_1_58' title='bbox 431 981 562 1035; x_wconf 80' lang='grc' dir='ltr'>αὐτὸ</span> <span class='ocrx_word' id='word_1_59' title='bbox 601 980 973 1033; x_wconf 87' lang='grc' dir='ltr'>πολιτεύεσθαι</span> <span class='ocrx_word' id='word_1_60' title='bbox 1015 980 1401 1052; x_wconf 77' lang='grc' dir='ltr'><strong>προῃρημένῳ.</strong></span> <span class='ocrx_word' id='word_1_61' title='bbox 1442 981 1775 1053; x_wconf 83' lang='grc' dir='ltr'>Προσφάτως</span> <span class='ocrx_word' id='word_1_62' title='bbox 1805 983 1862 1036; x_wconf 82' lang='grc' dir='ltr'><strong>δὲ</strong></span> 
     </span>
    </p>
   </div>
   <div class='ocr_carea' id='block_1_11' title="bbox 265 1073 1862 1144">
    <p class='ocr_par' dir='ltr' id='par_1_11' title="bbox 265 1073 1862 1144">
     <span class='ocr_line' id='line_1_11' title="bbox 265 1073 1862 1144; baseline 0.002 -18"><span class='ocrx_word' id='word_1_63' title='bbox 265 1076 574 1144; x_wconf 71' lang='grc' dir='ltr'>γενόμενος</span> <span class='ocrx_word' id='word_1_64' title='bbox 603 1076 659 1126; x_wconf 82' lang='grc' dir='ltr'>ἐν</span> <span class='ocrx_word' id='word_1_65' title='bbox 700 1073 944 1143; x_wconf 78' lang='grc' dir='ltr'>Ἀγκύρα</span> <span class='ocrx_word' id='word_1_66' title='bbox 974 1074 1073 1144; x_wconf 77' lang='grc' dir='ltr'>τῆς</span> <span class='ocrx_word' id='word_1_67' title='bbox 1105 1075 1393 1138; x_wconf 83' lang='grc' dir='ltr'>Γαλατίας,</span> <span class='ocrx_word' id='word_1_68' title='bbox 1426 1075 1516 1129; x_wconf 73' lang='grc' dir='ltr'><strong>καὶ</strong></span> <span class='ocrx_word' id='word_1_69' title='bbox 1542 1075 1862 1129; x_wconf 72' lang='grc' dir='ltr'>καταλαϐὼν</span> 
     </span>
    </p>
   </div>
   <div class='ocr_carea' id='block_1_12' title="bbox 264 1165 1861 1239">
    <p class='ocr_par' dir='ltr' id='par_1_12' title="bbox 264 1165 1861 1239">
     <span class='ocr_line' id='line_1_12' title="bbox 264 1165 1861 1239; baseline 0.003 -22"><span class='ocrx_word' id='word_1_70' title='bbox 264 1166 380 1237; x_wconf 71' lang='grc' dir='ltr'><strong>τὴν</strong></span> <span class='ocrx_word' id='word_1_71' title='bbox 407 1167 546 1220; x_wconf 78' lang='grc' dir='ltr'>κατὰ</span> <span class='ocrx_word' id='word_1_72' title='bbox 570 1166 733 1220; x_wconf 85' lang='grc' dir='ltr'>τόπον</span> <span class='ocrx_word' id='word_1_73' title='bbox 757 1165 1080 1237; x_wconf 81' lang='grc' dir='ltr'><strong>Ἐκκλησίαν</strong></span> <span class='ocrx_word' id='word_1_74' title='bbox 1104 1166 1213 1237; x_wconf 88' lang='grc'><strong>(89)</strong></span> <span class='ocrx_word' id='word_1_75' title='bbox 1240 1166 1344 1220; x_wconf 83' lang='grc' dir='ltr'><strong>ὑπὸ</strong></span> <span class='ocrx_word' id='word_1_76' title='bbox 1366 1167 1463 1237; x_wconf 84' lang='grc' dir='ltr'>τῆς</span> <span class='ocrx_word' id='word_1_77' title='bbox 1488 1168 1613 1231; x_wconf 87' lang='grc' dir='ltr'>νέας</span> <span class='ocrx_word' id='word_1_78' title='bbox 1639 1167 1861 1239; x_wconf 81' lang='grc' dir='ltr'>ταύτης,</span> 
     </span>
    </p>
   </div>
   <div class='ocr_carea' id='block_1_13' title="bbox 264 1258 1862 1331">
    <p class='ocr_par' dir='ltr' id='par_1_13' title="bbox 264 1258 1862 1331">
     <span class='ocr_line' id='line_1_13' title="bbox 264 1258 1862 1331; baseline 0.001 -21"><span class='ocrx_word' id='word_1_79' title='bbox 264 1259 401 1329; x_wconf 66' lang='grc' dir='ltr'>οὐχ,</span> <span class='ocrx_word' id='word_1_80' title='bbox 433 1258 509 1322; x_wconf 85' lang='grc' dir='ltr'>ὼς</span> <span class='ocrx_word' id='word_1_81' title='bbox 541 1259 694 1312; x_wconf 83' lang='grc' dir='ltr'>αὐτοί</span> <span class='ocrx_word' id='word_1_82' title='bbox 722 1276 874 1328; x_wconf 85' lang='grc' dir='ltr'>φασι,</span> <span class='ocrx_word' id='word_1_83' title='bbox 905 1259 1257 1330; x_wconf 80' lang='grc' dir='ltr'><strong>προφητείας,</strong></span> <span class='ocrx_word' id='word_1_84' title='bbox 1288 1259 1422 1312; x_wconf 78' lang='grc' dir='ltr'>πολὺ</span> <span class='ocrx_word' id='word_1_85' title='bbox 1451 1259 1505 1313; x_wconf 83' lang='grc' dir='ltr'>δὲ</span> <span class='ocrx_word' id='word_1_86' title='bbox 1538 1259 1758 1331; x_wconf 83' lang='grc' dir='ltr'>μᾶλλον,</span> <span class='ocrx_word' id='word_1_87' title='bbox 1787 1260 1862 1325; x_wconf 83' lang='grc' dir='ltr'>ὡς</span> 
     </span>
    </p>
   </div>
   <div class='ocr_carea' id='block_1_14' title="bbox 263 1348 1860 1423">
    <p class='ocr_par' dir='ltr' id='par_1_14' title="bbox 263 1348 1860 1423">
     <span class='ocr_line' id='line_1_14' title="bbox 263 1348 1860 1423; baseline 0.003 -22"><span class='ocrx_word' id='word_1_88' title='bbox 263 1348 640 1421; x_wconf 80' lang='grc' dir='ltr'><strong>δειχθήσεται,</strong></span> <span class='ocrx_word' id='word_1_89' title='bbox 666 1350 1163 1422; x_wconf 76' lang='grc' dir='ltr'>ψευδοπροφητείας</span> <span class='ocrx_word' id='word_1_90' title='bbox 1185 1350 1533 1423; x_wconf 87' lang='grc' dir='ltr'>διατεθρυλλη</span> <span class='ocrx_word' id='word_1_91' title='bbox 1542 1350 1706 1423; x_wconf 91' lang='grc' dir='ltr'>μένην</span> <span class='ocrx_word' id='word_1_92' title='bbox 1729 1352 1860 1423; x_wconf 88' lang='grc'>(90),</span> 
     </span>
    </p>
   </div>
   <div class='ocr_carea' id='block_1_15' title="bbox 266 1444 1862 1519">
    <p class='ocr_par' dir='ltr' id='par_1_15' title="bbox 266 1444 1862 1519">
     <span class='ocr_line' id='line_1_15' title="bbox 266 1444 1862 1519; baseline 0.002 -23"><span class='ocrx_word' id='word_1_93' title='bbox 266 1444 512 1497; x_wconf 77' lang='grc' dir='ltr'>καθόσον</span> <span class='ocrx_word' id='word_1_94' title='bbox 523 1444 765 1507; x_wconf 82' lang='grc' dir='ltr'>δυνατὸν,</span> <span class='ocrx_word' id='word_1_95' title='bbox 790 1444 881 1498; x_wconf 83' lang='grc' dir='ltr'>τοῦ</span> <span class='ocrx_word' id='word_1_96' title='bbox 901 1444 1106 1516; x_wconf 83' lang='grc' dir='ltr'>Κυρίου</span> <span class='ocrx_word' id='word_1_97' title='bbox 1131 1445 1504 1516; x_wconf 79' lang='grc' dir='ltr'><strong>παρασχόντος</strong></span> <span class='ocrx_word' id='word_1_98' title='bbox 1530 1448 1657 1519; x_wconf 73' lang='grc' dir='ltr'>περὶ</span> <span class='ocrx_word' id='word_1_99' title='bbox 1684 1445 1862 1500; x_wconf 75' lang='grc' dir='ltr'>αὐτῶν</span> 
     </span>
    </p>
   </div>
   <div class='ocr_carea' id='block_1_16' title="bbox 261 1536 1861 1609">
    <p class='ocr_par' dir='ltr' id='par_1_16' title="bbox 261 1536 1861 1609">
     <span class='ocr_line' id='line_1_16' title="bbox 261 1536 1861 1609; baseline 0.003 -19"><span class='ocrx_word' id='word_1_100' title='bbox 261 1554 336 1591; x_wconf 83' lang='grc' dir='ltr'><strong>τε</strong></span> <span class='ocrx_word' id='word_1_101' title='bbox 354 1536 559 1591; x_wconf 89' lang='grc' dir='ltr'>τούτων</span> <span class='ocrx_word' id='word_1_102' title='bbox 577 1537 791 1591; x_wconf 77' lang='grc' dir='ltr'>καὶτῶν</span> <span class='ocrx_word' id='word_1_103' title='bbox 816 1539 1245 1609; x_wconf 82' lang='grc' dir='ltr'>προτεινομένων</span> <span class='ocrx_word' id='word_1_104' title='bbox 1266 1539 1358 1592; x_wconf 81' lang='grc' dir='ltr'>ὑπ’</span> <span class='ocrx_word' id='word_1_105' title='bbox 1375 1538 1551 1594; x_wconf 82' lang='grc' dir='ltr'>αὐτῶν</span> <span class='ocrx_word' id='word_1_106' title='bbox 1569 1540 1776 1595; x_wconf 74' lang='grc' dir='ltr'>ἕκαστά</span> <span class='ocrx_word' id='word_1_107' title='bbox 1802 1558 1861 1594; x_wconf 87' lang='grc' dir='ltr'><strong>τε</strong></span> 
     </span>
    </p>
   </div>
   <div class='ocr_carea' id='block_1_17' title="bbox 266 1628 1861 1705">
    <p class='ocr_par' dir='ltr' id='par_1_17' title="bbox 266 1628 1861 1705">
     <span class='ocr_line' id='line_1_17' title="bbox 266 1628 1861 1705; baseline 0.003 -22"><span class='ocrx_word' id='word_1_108' title='bbox 266 1629 395 1697; x_wconf 84' lang='grc'>(91)</span> <span class='ocrx_word' id='word_1_109' title='bbox 416 1628 766 1701; x_wconf 74' lang='grc' dir='ltr'>διελέχθημεν</span> <span class='ocrx_word' id='word_1_110' title='bbox 796 1630 1033 1703; x_wconf 76' lang='grc' dir='ltr'>ἡμέραις</span> <span class='ocrx_word' id='word_1_111' title='bbox 1052 1630 1289 1684; x_wconf 76' lang='grc' dir='ltr'>πλείοσιν</span> <span class='ocrx_word' id='word_1_112' title='bbox 1305 1632 1361 1684; x_wconf 82' lang='grc' dir='ltr'>ἐν</span> <span class='ocrx_word' id='word_1_113' title='bbox 1377 1635 1440 1704; x_wconf 81' lang='grc' dir='ltr'>τῇ</span> <span class='ocrx_word' id='word_1_114' title='bbox 1462 1632 1726 1705; x_wconf 68' lang='grc' dir='ltr'>ἐκκλησία</span> <span class='ocrx_word' id='word_1_115' title='bbox 1746 1651 1757 1662; x_wconf 70' lang='grc' dir='ltr'><strong>ο</strong></span> <span class='ocrx_word' id='word_1_116' title='bbox 1785 1634 1861 1699; x_wconf 79' lang='grc' dir='ltr'><strong>ὡς</strong></span> 
     </span>
    </p>
   </div>
   <div class='ocr_carea' id='block_1_18' title="bbox 263 1720 1863 1796">
    <p class='ocr_par' dir='ltr' id='par_1_18' title="bbox 263 1720 1863 1796">
     <span class='ocr_line' id='line_1_18' title="bbox 263 1720 1863 1796; baseline 0.003 -24"><span class='ocrx_word' id='word_1_117' title='bbox 263 1720 378 1790; x_wconf 81' lang='grc' dir='ltr'><strong>τὴν</strong></span> <span class='ocrx_word' id='word_1_118' title='bbox 402 1721 502 1790; x_wconf 82' lang='grc' dir='ltr'>μὲν</span> <span class='ocrx_word' id='word_1_119' title='bbox 536 1720 856 1791; x_wconf 79' lang='grc' dir='ltr'>Ἐκκλησίαν</span> <span class='ocrx_word' id='word_1_120' title='bbox 878 1720 1320 1792; x_wconf 84' lang='grc' dir='ltr'>ἀγαλλιασθῆναι,</span> <span class='ocrx_word' id='word_1_121' title='bbox 1339 1723 1433 1776; x_wconf 79' lang='grc' dir='ltr'><strong>καὶ</strong></span> <span class='ocrx_word' id='word_1_122' title='bbox 1457 1723 1592 1795; x_wconf 85' lang='grc' dir='ltr'>πρὸς</span> <span class='ocrx_word' id='word_1_123' title='bbox 1613 1723 1711 1796; x_wconf 81' lang='grc' dir='ltr'>τὴν</span> <span class='ocrx_word' id='word_1_124' title='bbox 1739 1724 1863 1796; x_wconf 76' lang='grc' dir='ltr'>ἀλή-</span> 
     </span>
    </p>
   </div>
   <div class='ocr_carea' id='block_1_19' title="bbox 266 1802 1861 1889">
    <p class='ocr_par' dir='ltr' id='par_1_19' title="bbox 266 1802 1861 1889">
     <span class='ocr_line' id='line_1_19' title="bbox 266 1802 1861 1889; baseline 0.004 -24"><span class='ocrx_word' id='word_1_125' title='bbox 266 1812 433 1867; x_wconf 86' lang='grc' dir='ltr'>θειαν</span> <span class='ocrx_word' id='word_1_126' title='bbox 448 1802 869 1885; x_wconf 76' lang='grc' dir='ltr'>ἐπιρρωσθῆναι,</span> <span class='ocrx_word' id='word_1_127' title='bbox 890 1815 1015 1878; x_wconf 78' lang='grc' dir='ltr'>τοὺς</span> <span class='ocrx_word' id='word_1_128' title='bbox 1041 1814 1097 1867; x_wconf 86' lang='grc' dir='ltr'>δὲ</span> <span class='ocrx_word' id='word_1_129' title='bbox 1118 1814 1426 1879; x_wconf 77' lang='grc' dir='ltr'>ἐξεναντίας</span> <span class='ocrx_word' id='word_1_130' title='bbox 1445 1816 1581 1888; x_wconf 79' lang='grc' dir='ltr'>πρὸς</span> <span class='ocrx_word' id='word_1_131' title='bbox 1608 1816 1668 1870; x_wconf 79' lang='grc' dir='ltr'><strong>τὸ</strong></span> <span class='ocrx_word' id='word_1_132' title='bbox 1688 1818 1861 1889; x_wconf 77' lang='grc' dir='ltr'>παρὸν</span> 
     </span>
    </p>
   </div>
   <div class='ocr_carea' id='block_1_20' title="bbox 1970 596 3541 679">
    <p class='ocr_par' dir='ltr' id='par_1_20' title="bbox 1970 596 3541 679">
     <span class='ocr_line' id='line_1_20' title="bbox 1970 596 3541 679; baseline 0 -12"><span class='ocrx_word' id='word_1_133' title='bbox 1970 611 2235 676; x_wconf 81' lang='lat' dir='ltr'><strong>refellere,</strong></span> <span class='ocrx_word' id='word_1_134' title='bbox 2267 620 2359 665; x_wconf 91' lang='lat' dir='ltr'><strong>aut</strong></span> <span class='ocrx_word' id='word_1_135' title='bbox 2383 596 2598 664; x_wconf 87' lang='lat' dir='ltr'><strong>veritati</strong></span> <span class='ocrx_word' id='word_1_136' title='bbox 2634 596 2963 679; x_wconf 85' lang='lat' dir='ltr'><strong>patrocinari</strong></span> <span class='ocrx_word' id='word_1_137' title='bbox 2999 610 3218 664; x_wconf 90' lang='lat' dir='ltr'><strong>minime</strong></span> <span class='ocrx_word' id='word_1_138' title='bbox 3248 610 3486 674; x_wconf 77' lang='lat' dir='ltr'><strong>valerem</strong></span> <span class='ocrx_word' id='word_1_139' title='bbox 3527 628 3541 667; x_wconf 89' lang='lat'><strong>:</strong></span> 
     </span>
    </p>
   </div>
   <div class='ocr_carea' id='block_1_21' title="bbox 1965 700 3543 774">
    <p class='ocr_par' dir='ltr' id='par_1_21' title="bbox 1965 700 3543 774">
     <span class='ocr_line' id='line_1_21' title="bbox 1965 700 3543 774; baseline -0.008 -14"><span class='ocrx_word' id='word_1_140' title='bbox 1965 704 2060 760; x_wconf 85' lang='lat' dir='ltr'><strong>sed</strong></span> <span class='ocrx_word' id='word_1_141' title='bbox 2088 703 2232 773; x_wconf 89' lang='lat' dir='ltr'><strong>quod</strong></span> <span class='ocrx_word' id='word_1_142' title='bbox 2260 703 2495 757; x_wconf 88' lang='lat' dir='ltr'><strong>verebar</strong></span> <span class='ocrx_word' id='word_1_143' title='bbox 2532 715 2596 755; x_wconf 89' lang='lat' dir='ltr'><strong>ac</strong></span> <span class='ocrx_word' id='word_1_144' title='bbox 2645 700 3092 765; x_wconf 82' lang='lat' dir='ltr'><strong>reformidaham,</strong></span> <span class='ocrx_word' id='word_1_145' title='bbox 3133 718 3198 758; x_wconf 90' lang='lat' dir='ltr'><strong>ne</strong></span> <span class='ocrx_word' id='word_1_146' title='bbox 3252 702 3389 758; x_wconf 90' lang='lat' dir='ltr'><strong>forte</strong></span> <span class='ocrx_word' id='word_1_147' title='bbox 3422 706 3543 774; x_wconf 82' lang='lat' dir='ltr'><strong>qui.</strong></span> 
     </span>
    </p>
   </div>
   <div class='ocr_carea' id='block_1_22' title="bbox 1966 790 3537 861">
    <p class='ocr_par' dir='ltr' id='par_1_22' title="bbox 1966 790 3537 861">
     <span class='ocr_line' id='line_1_22' title="bbox 1966 790 3537 861; baseline -0.001 -11"><span class='ocrx_word' id='word_1_148' title='bbox 1966 796 2188 851; x_wconf 79' lang='lat' dir='ltr'><strong>busdam</strong></span> <span class='ocrx_word' id='word_1_149' title='bbox 2221 793 2432 847; x_wconf 82' lang='lat' dir='ltr'><strong>viderer</strong></span> <span class='ocrx_word' id='word_1_150' title='bbox 2456 791 2783 861; x_wconf 61' lang='lat' dir='ltr'><strong>evangelicae</strong></span> <span class='ocrx_word' id='word_1_151' title='bbox 2806 790 2938 846; x_wconf 86' lang='lat' dir='ltr'><strong>Novi</strong></span> <span class='ocrx_word' id='word_1_152' title='bbox 2965 792 3299 848; x_wconf 87' lang='lat' dir='ltr'><strong>Testamenti</strong></span> <span class='ocrx_word' id='word_1_153' title='bbox 3332 794 3537 849; x_wconf 74' lang='lat' dir='ltr'><strong>doctri~</strong></span> 
     </span>
    </p>
   </div>
   <div class='ocr_carea' id='block_1_23' title="bbox 1967 884 3543 956">
    <p class='ocr_par' dir='ltr' id='par_1_23' title="bbox 1967 884 3543 956">
     <span class='ocr_line' id='line_1_23' title="bbox 1967 884 3543 956; baseline 0.001 -15"><span class='ocrx_word' id='word_1_154' title='bbox 1967 903 2047 942; x_wconf 82' lang='lat' dir='ltr'><strong>me</strong></span> <span class='ocrx_word' id='word_1_155' title='bbox 2082 885 2378 956; x_wconf 85' lang='lat' dir='ltr'><strong>quidquam</strong></span> <span class='ocrx_word' id='word_1_156' title='bbox 2412 884 2703 940; x_wconf 83' lang='lat' dir='ltr'><strong>scribendo</strong></span> <span class='ocrx_word' id='word_1_157' title='bbox 2746 884 2967 949; x_wconf 83' lang='lat' dir='ltr'><strong>addere,</strong></span> <span class='ocrx_word' id='word_1_158' title='bbox 2994 895 3048 939; x_wconf 92' lang='lat' dir='ltr'><strong>et</strong></span> <span class='ocrx_word' id='word_1_159' title='bbox 3075 886 3255 939; x_wconf 90' lang='lat' dir='ltr'><strong>denuo</strong></span> <span class='ocrx_word' id='word_1_160' title='bbox 3301 897 3543 943; x_wconf 82' lang='lat' dir='ltr'><strong>statuere</strong></span> 
     </span>
    </p>
   </div>
   <div class='ocr_carea' id='block_1_24' title="bbox 1965 977 3541 1049">
    <p class='ocr_par' dir='ltr' id='par_1_24' title="bbox 1965 977 3541 1049">
     <span class='ocr_line' id='line_1_24' title="bbox 1965 977 3541 1049; baseline 0.001 -16"><span class='ocrx_word' id='word_1_161' title='bbox 1965 979 2240 1035; x_wconf 86' lang='lat' dir='ltr'><strong>voluisse:</strong></span> <span class='ocrx_word' id='word_1_162' title='bbox 2279 978 2366 1032; x_wconf 87' lang='lat' dir='ltr'><strong>cui</strong></span> <span class='ocrx_word' id='word_1_163' title='bbox 2396 986 2574 1033; x_wconf 90' lang='lat' dir='ltr'><strong>tamen</strong></span> <span class='ocrx_word' id='word_1_164' title='bbox 2607 992 2782 1047; x_wconf 90' lang='lat' dir='ltr'><strong>neque</strong></span> <span class='ocrx_word' id='word_1_165' title='bbox 2810 977 2969 1047; x_wconf 87' lang='lat' dir='ltr'><strong>adjici</strong></span> <span class='ocrx_word' id='word_1_166' title='bbox 3025 978 3318 1046; x_wconf 81' lang='lat' dir='ltr'><strong>quidquam</strong></span> <span class='ocrx_word' id='word_1_167' title='bbox 3368 993 3541 1049; x_wconf 90' lang='lat' dir='ltr'><strong>neque</strong></span> 
     </span>
    </p>
   </div>
   <div class='ocr_carea' id='block_1_25' title="bbox 1967 1070 3542 1143">
    <p class='ocr_par' dir='ltr' id='par_1_25' title="bbox 1967 1070 3542 1143">
     <span class='ocr_line' id='line_1_25' title="bbox 1967 1070 3542 1143; baseline 0 -16"><span class='ocrx_word' id='word_1_168' title='bbox 1967 1072 2131 1127; x_wconf 84' lang='lat' dir='ltr'><strong>adimi</strong></span> <span class='ocrx_word' id='word_1_169' title='bbox 2174 1073 2256 1127; x_wconf 90' lang='lat' dir='ltr'><strong>fas</strong></span> <span class='ocrx_word' id='word_1_170' title='bbox 2291 1080 2395 1138; x_wconf 92' lang='lat' dir='ltr'><strong>est,</strong></span> <span class='ocrx_word' id='word_1_171' title='bbox 2428 1071 2494 1127; x_wconf 92' lang='lat' dir='ltr'><strong>ab</strong></span> <span class='ocrx_word' id='word_1_172' title='bbox 2540 1086 2606 1126; x_wconf 90' lang='lat' dir='ltr'><strong>eo</strong></span> <span class='ocrx_word' id='word_1_173' title='bbox 2656 1070 2958 1140; x_wconf 58' lang='lat' dir='ltr'><strong>praesertim</strong></span> <span class='ocrx_word' id='word_1_174' title='bbox 3012 1072 3103 1140; x_wconf 92' lang='lat' dir='ltr'><strong>qui</strong></span> <span class='ocrx_word' id='word_1_175' title='bbox 3150 1086 3215 1125; x_wconf 86' lang='lat' dir='ltr'><strong>ex</strong></span> <span class='ocrx_word' id='word_1_176' title='bbox 3260 1072 3542 1143; x_wconf 71' lang='lat' dir='ltr'><strong>Evangelii</strong></span> 
     </span>
    </p>
   </div>
   <div class='ocr_carea' id='block_1_26' title="bbox 1966 1164 3538 1236">
    <p class='ocr_par' dir='ltr' id='par_1_26' title="bbox 1966 1164 3538 1236">
     <span class='ocr_line' id='line_1_26' title="bbox 1966 1164 3538 1236; baseline 0.001 -18"><span class='ocrx_word' id='word_1_177' title='bbox 1966 1165 2247 1236; x_wconf 81' lang='lat' dir='ltr'><strong>praeceptis</strong></span> <span class='ocrx_word' id='word_1_178' title='bbox 2282 1166 2443 1219; x_wconf 87' lang='lat' dir='ltr'><strong>vitam</strong></span> <span class='ocrx_word' id='word_1_179' title='bbox 2469 1178 2631 1233; x_wconf 85' lang='lat' dir='ltr'><strong>agere</strong></span> <span class='ocrx_word' id='word_1_180' title='bbox 2654 1164 2969 1219; x_wconf 87' lang='lat' dir='ltr'><strong>instituerit.</strong></span> <span class='ocrx_word' id='word_1_181' title='bbox 3005 1164 3184 1234; x_wconf 79' lang='lat' dir='ltr'><strong>Nuper</strong></span> <span class='ocrx_word' id='word_1_182' title='bbox 3229 1180 3360 1219; x_wconf 88' lang='lat' dir='ltr'><strong>vero</strong></span> <span class='ocrx_word' id='word_1_183' title='bbox 3416 1181 3538 1220; x_wconf 90' lang='lat' dir='ltr'><strong>cum</strong></span> 
     </span>
    </p>
   </div>
   <div class='ocr_carea' id='block_1_27' title="bbox 1964 1254 3539 1329">
    <p class='ocr_par' dir='ltr' id='par_1_27' title="bbox 1964 1254 3539 1329">
     <span class='ocr_line' id='line_1_27' title="bbox 1964 1254 3539 1329; baseline 0 -16"><span class='ocrx_word' id='word_1_184' title='bbox 1964 1272 2139 1314; x_wconf 84' lang='lat' dir='ltr'><strong>essem</strong></span> <span class='ocrx_word' id='word_1_185' title='bbox 2172 1256 2399 1329; x_wconf 73' lang='lat' dir='ltr'><strong>Ancyrte</strong></span> <span class='ocrx_word' id='word_1_186' title='bbox 2434 1256 2486 1310; x_wconf 92' lang='lat' dir='ltr'><strong>in</strong></span> <span class='ocrx_word' id='word_1_187' title='bbox 2532 1254 2767 1321; x_wconf 85' lang='lat' dir='ltr'><strong>Galatia,</strong></span> <span class='ocrx_word' id='word_1_188' title='bbox 2800 1264 2853 1310; x_wconf 91' lang='lat' dir='ltr'><strong>ct</strong></span> <span class='ocrx_word' id='word_1_189' title='bbox 2900 1255 3196 1311; x_wconf 85' lang='lat' dir='ltr'><strong>Ecclesiam</strong></span> <span class='ocrx_word' id='word_1_190' title='bbox 3252 1256 3395 1312; x_wconf 89' lang='lat' dir='ltr'><strong>illius</strong></span> <span class='ocrx_word' id='word_1_191' title='bbox 3440 1257 3539 1313; x_wconf 87' lang='lat' dir='ltr'><strong>luci</strong></span> 
     </span>
    </p>
   </div>
   <div class='ocr_carea' id='block_1_28' title="bbox 1965 1348 3541 1419">
    <p class='ocr_par' dir='ltr' id='par_1_28' title="bbox 1965 1348 3541 1419">
     <span class='ocr_line' id='line_1_28' title="bbox 1965 1348 3541 1419; baseline 0 -15"><span class='ocrx_word' id='word_1_192' title='bbox 1965 1366 2101 1405; x_wconf 87' lang='lat' dir='ltr'><strong>nova</strong></span> <span class='ocrx_word' id='word_1_193' title='bbox 2134 1349 2218 1403; x_wconf 86' lang='lat' dir='ltr'><strong>illa</strong></span> <span class='ocrx_word' id='word_1_194' title='bbox 2256 1366 2361 1405; x_wconf 91' lang='lat' dir='ltr'><strong>non</strong></span> <span class='ocrx_word' id='word_1_195' title='bbox 2398 1358 2456 1402; x_wconf 92' lang='lat' dir='ltr'><strong>ut</strong></span> <span class='ocrx_word' id='word_1_196' title='bbox 2490 1348 2590 1419; x_wconf 83' lang='lat' dir='ltr'><strong>ipsi</strong></span> <span class='ocrx_word' id='word_1_197' title='bbox 2626 1349 2812 1403; x_wconf 89' lang='lat' dir='ltr'><strong>dicunt</strong></span> <span class='ocrx_word' id='word_1_198' title='bbox 2842 1349 3148 1419; x_wconf 81' lang='lat' dir='ltr'><strong>prophetia,</strong></span> <span class='ocrx_word' id='word_1_199' title='bbox 3190 1350 3305 1413; x_wconf 90' lang='lat' dir='ltr'><strong>sed,</strong></span> <span class='ocrx_word' id='word_1_200' title='bbox 3350 1358 3405 1404; x_wconf 91' lang='lat' dir='ltr'><strong>ut</strong></span> <span class='ocrx_word' id='word_1_201' title='bbox 3447 1365 3541 1419; x_wconf 83' lang='lat' dir='ltr'><strong>po-</strong></span> 
     </span>
    </p>
   </div>
   <div class='ocr_carea' id='block_1_29' title="bbox 1964 1440 3537 1512">
    <p class='ocr_par' dir='ltr' id='par_1_29' title="bbox 1964 1440 3537 1512">
     <span class='ocr_line' id='line_1_29' title="bbox 1964 1440 3537 1512; baseline -0.001 -14"><span class='ocrx_word' id='word_1_202' title='bbox 1964 1452 2080 1498; x_wconf 81' lang='lat' dir='ltr'><strong>stea</strong></span> <span class='ocrx_word' id='word_1_203' title='bbox 2158 1441 2640 1505; x_wconf 84' lang='lat' dir='ltr'><strong>demonstrabitur,</strong></span> <span class='ocrx_word' id='word_1_204' title='bbox 2711 1440 3201 1512; x_wconf 83' lang='lat' dir='ltr'><strong>pseudoprophetia</strong></span> <span class='ocrx_word' id='word_1_205' title='bbox 3271 1443 3537 1497; x_wconf 79' lang='lat' dir='ltr'><strong>turbatam</strong></span> 
     </span>
    </p>
   </div>
   <div class='ocr_carea' id='block_1_30' title="bbox 1963 1534 3541 1604">
    <p class='ocr_par' dir='ltr' id='par_1_30' title="bbox 1963 1534 3541 1604">
     <span class='ocr_line' id='line_1_30' title="bbox 1963 1534 3541 1604; baseline -0.002 -13"><span class='ocrx_word' id='word_1_206' title='bbox 1963 1534 2774 1604; x_wconf 87' lang='lat' dir='ltr'><strong>deprehendissem;quantum</strong></span> <span class='ocrx_word' id='word_1_207' title='bbox 2838 1534 3017 1588; x_wconf 86' lang='lat' dir='ltr'><strong>facere</strong></span> <span class='ocrx_word' id='word_1_208' title='bbox 3066 1534 3240 1602; x_wconf 88' lang='lat' dir='ltr'><strong>potui,</strong></span> <span class='ocrx_word' id='word_1_209' title='bbox 3294 1535 3400 1588; x_wconf 86' lang='lat' dir='ltr'><strong>Deo</strong></span> <span class='ocrx_word' id='word_1_210' title='bbox 3450 1534 3541 1602; x_wconf 87' lang='lat' dir='ltr'><strong>ju-</strong></span> 
     </span>
    </p>
   </div>
   <div class='ocr_carea' id='block_1_31' title="bbox 1964 1626 3540 1696">
    <p class='ocr_par' dir='ltr' id='par_1_31' title="bbox 1964 1626 3540 1696">
     <span class='ocr_line' id='line_1_31' title="bbox 1964 1626 3540 1696; baseline 0.003 -17"><span class='ocrx_word' id='word_1_211' title='bbox 1964 1636 2143 1691; x_wconf 87' lang='lat' dir='ltr'><strong>vante,</strong></span> <span class='ocrx_word' id='word_1_212' title='bbox 2178 1636 2288 1679; x_wconf 87' lang='lat' dir='ltr'><strong>tttttt</strong></span> <span class='ocrx_word' id='word_1_213' title='bbox 2317 1626 2381 1681; x_wconf 91' lang='lat' dir='ltr'><strong>de</strong></span> <span class='ocrx_word' id='word_1_214' title='bbox 2433 1626 2518 1680; x_wconf 86' lang='lat' dir='ltr'><strong>his</strong></span> <span class='ocrx_word' id='word_1_215' title='bbox 2564 1626 2720 1696; x_wconf 88' lang='lat' dir='ltr'><strong>ipsis,</strong></span> <span class='ocrx_word' id='word_1_216' title='bbox 2756 1636 2863 1679; x_wconf 91' lang='lat' dir='ltr'><strong>tum</strong></span> <span class='ocrx_word' id='word_1_217' title='bbox 2913 1629 2980 1679; x_wconf 85' lang='lat' dir='ltr'><strong>de</strong></span> <span class='ocrx_word' id='word_1_218' title='bbox 3016 1626 3238 1695; x_wconf 78' lang='lat' dir='ltr'><strong>reliquis</strong></span> <span class='ocrx_word' id='word_1_219' title='bbox 3289 1626 3540 1683; x_wconf 83' lang='lat' dir='ltr'><strong>omnibus</strong></span> 
     </span>
    </p>
   </div>
   <div class='ocr_carea' id='block_1_32' title="bbox 1962 1718 3538 1789">
    <p class='ocr_par' dir='ltr' id='par_1_32' title="bbox 1962 1718 3538 1789">
     <span class='ocr_line' id='line_1_32' title="bbox 1962 1718 3538 1789; baseline 0.001 -18"><span class='ocrx_word' id='word_1_220' title='bbox 1962 1734 2082 1789; x_wconf 77' lang='lat' dir='ltr'><strong>qua:</strong></span> <span class='ocrx_word' id='word_1_221' title='bbox 2109 1720 2175 1774; x_wconf 88' lang='lat' dir='ltr'><strong>ab</strong></span> <span class='ocrx_word' id='word_1_222' title='bbox 2206 1719 2310 1774; x_wconf 85' lang='lat' dir='ltr'><strong>illis</strong></span> <span class='ocrx_word' id='word_1_223' title='bbox 2342 1719 2802 1789; x_wconf 79' lang='lat' dir='ltr'><strong>proponebantur,</strong></span> <span class='ocrx_word' id='word_1_224' title='bbox 2848 1718 3159 1787; x_wconf 79' lang='lat' dir='ltr'><strong>singillatim</strong></span> <span class='ocrx_word' id='word_1_225' title='bbox 3200 1719 3251 1772; x_wconf 92' lang='lat' dir='ltr'><strong>in</strong></span> <span class='ocrx_word' id='word_1_226' title='bbox 3305 1719 3538 1775; x_wconf 83' lang='lat' dir='ltr'><strong>ecclesia</strong></span> 
     </span>
    </p>
   </div>
   <div class='ocr_carea' id='block_1_33' title="bbox 1965 1808 3538 1881">
    <p class='ocr_par' dir='ltr' id='par_1_33' title="bbox 1965 1808 3538 1881">
     <span class='ocr_line' id='line_1_33' title="bbox 1965 1808 3538 1881; baseline -0.001 -17"><span class='ocrx_word' id='word_1_227' title='bbox 1965 1811 2193 1866; x_wconf 85' lang='lat' dir='ltr'><strong>disserui</strong></span> <span class='ocrx_word' id='word_1_228' title='bbox 2242 1810 2488 1880; x_wconf 88' lang='lat' dir='ltr'><strong>pluribus</strong></span> <span class='ocrx_word' id='word_1_229' title='bbox 2523 1808 2714 1864; x_wconf 89' lang='lat' dir='ltr'><strong>diebus</strong></span> <span class='ocrx_word' id='word_1_230' title='bbox 2746 1827 2761 1863; x_wconf 89' lang='lat'><strong>:</strong></span> <span class='ocrx_word' id='word_1_231' title='bbox 2796 1808 2928 1863; x_wconf 90' lang='lat' dir='ltr'><strong>adeo</strong></span> <span class='ocrx_word' id='word_1_232' title='bbox 2961 1818 3018 1863; x_wconf 92' lang='lat' dir='ltr'><strong>ut</strong></span> <span class='ocrx_word' id='word_1_233' title='bbox 3051 1809 3290 1866; x_wconf 87' lang='lat' dir='ltr'><strong>Ecclesia</strong></span> <span class='ocrx_word' id='word_1_234' title='bbox 3318 1811 3538 1881; x_wconf 87' lang='lat' dir='ltr'><strong>quidem</strong></span> 
     </span>
    </p>
   </div>
   <div class='ocr_carea' id='block_1_34' title="bbox 267 1885 1858 1981">
    <p class='ocr_par' dir='ltr' id='par_1_34' title="bbox 267 1885 1855 1981">
     <span class='ocr_line' id='line_1_34' title="bbox 267 1885 1855 1981; baseline 0.003 -22"><span class='ocrx_word' id='word_1_235' title='bbox 267 1906 742 1979; x_wconf 63' lang='lat' dir='ltr'><strong>cimxpoucﬂ&#39;fjvat,</strong></span> <span class='ocrx_word' id='word_1_236' title='bbox 776 1909 870 1961; x_wconf 73' lang='grc' dir='ltr'><strong>καὶ</strong></span> <span class='ocrx_word' id='word_1_237' title='bbox 902 1909 1027 1972; x_wconf 82' lang='grc' dir='ltr'>τοὺς</span> <span class='ocrx_word' id='word_1_238' title='bbox 1051 1908 1362 1972; x_wconf 84' lang='grc' dir='ltr'>ἀντιθέτους</span> <span class='ocrx_word' id='word_1_239' title='bbox 1390 1885 1500 1980; x_wconf 69' lang='grc'>(92)</span> <span class='ocrx_word' id='word_1_240' title='bbox 1533 1885 1855 1981; x_wconf 75' lang='grc' dir='ltr'>λυπηθῆναι.</span> 
     </span>
    </p>
   </div>
   <div class='ocr_carea' id='block_1_35' title="bbox 1963 1885 3540 1981">
    <p class='ocr_par' dir='ltr' id='par_1_35' title="bbox 1965 1900 3540 1971">
     <span class='ocr_line' id='line_1_35' title="bbox 1965 1900 3540 1971; baseline -0.001 -15"><span class='ocrx_word' id='word_1_241' title='bbox 1965 1902 2267 1957; x_wconf 91' lang='lat' dir='ltr'><strong>incredibili</strong></span> <span class='ocrx_word' id='word_1_242' title='bbox 2299 1902 2495 1971; x_wconf 89' lang='lat' dir='ltr'><strong>gaudio</strong></span> <span class='ocrx_word' id='word_1_243' title='bbox 2528 1900 2741 1967; x_wconf 80' lang='lat' dir='ltr'><strong>affecta,</strong></span> <span class='ocrx_word' id='word_1_244' title='bbox 2786 1910 2840 1955; x_wconf 93' lang='lat' dir='ltr'><strong>et</strong></span> <span class='ocrx_word' id='word_1_245' title='bbox 2882 1902 2930 1954; x_wconf 93' lang='lat' dir='ltr'><strong>in</strong></span> <span class='ocrx_word' id='word_1_246' title='bbox 2974 1900 3206 1956; x_wconf 85' lang='lat' dir='ltr'><strong>veritate</strong></span> <span class='ocrx_word' id='word_1_247' title='bbox 3258 1901 3378 1958; x_wconf 84' lang='lat' dir='ltr'><strong>fidei</strong></span> <span class='ocrx_word' id='word_1_248' title='bbox 3424 1919 3540 1957; x_wconf 78' lang='lat' dir='ltr'><strong>ma-</strong></span> 
     </span>
    </p>
   </div>
   <div class='ocr_carea' id='block_1_36' title="bbox 285 1996 1860 2076">
    <p class='ocr_par' dir='ltr' id='par_1_36' title="bbox 285 1996 1860 2076">
     <span class='ocr_line' id='line_1_36' title="bbox 285 1996 1860 2076; baseline 0.004 -23"><span class='ocrx_word' id='word_1_249' title='bbox 285 2000 616 2065; x_wconf 77' lang='grc' dir='ltr'>Ἀξιούντων</span> <span class='ocrx_word' id='word_1_250' title='bbox 654 1996 746 2055; x_wconf 83' lang='grc' dir='ltr'><strong>οὖν</strong></span> <span class='ocrx_word' id='word_1_251' title='bbox 775 2002 881 2054; x_wconf 84' lang='grc' dir='ltr'><strong>τῶν</strong></span> <span class='ocrx_word' id='word_1_252' title='bbox 912 2002 1052 2055; x_wconf 86' lang='grc' dir='ltr'><strong>κατά</strong></span> <span class='ocrx_word' id='word_1_253' title='bbox 1076 2003 1239 2057; x_wconf 85' lang='grc' dir='ltr'>τόπον</span> <span class='ocrx_word' id='word_1_254' title='bbox 1272 2003 1677 2076; x_wconf 78' lang='grc' dir='ltr'>πρεσϐυτέρων,</span> <span class='ocrx_word' id='word_1_255' title='bbox 1712 2005 1860 2069; x_wconf 80' lang='grc' dir='ltr'>ὅπως</span> 
     </span>
    </p>
   </div>
   <div class='ocr_carea' id='block_1_37' title="bbox 272 2093 1860 2167">
    <p class='ocr_par' dir='ltr' id='par_1_37' title="bbox 272 2093 1860 2167">
     <span class='ocr_line' id='line_1_37' title="bbox 272 2093 1860 2167; baseline 0.003 -22"><span class='ocrx_word' id='word_1_256' title='bbox 272 2094 392 2146; x_wconf 77' lang='grc' dir='ltr'><strong>τῶν</strong></span> <span class='ocrx_word' id='word_1_257' title='bbox 433 2093 727 2165; x_wconf 85' lang='grc' dir='ltr'>λεχθέντων</span> <span class='ocrx_word' id='word_1_258' title='bbox 784 2094 925 2148; x_wconf 78' lang='grc' dir='ltr'>κατὰ</span> <span class='ocrx_word' id='word_1_259' title='bbox 967 2096 1072 2149; x_wconf 82' lang='grc' dir='ltr'><strong>τῶν</strong></span> <span class='ocrx_word' id='word_1_260' title='bbox 1111 2095 1616 2167; x_wconf 86' lang='grc' dir='ltr'>ἀντιδιατιθεμένων</span> <span class='ocrx_word' id='word_1_261' title='bbox 1654 2095 1731 2166; x_wconf 80' lang='grc' dir='ltr'>τῷ</span> <span class='ocrx_word' id='word_1_262' title='bbox 1760 2097 1860 2167; x_wconf 79' lang='grc' dir='ltr'><strong>τῆς</strong></span> 
     </span>
    </p>
   </div>
   <div class='ocr_carea' id='block_1_38' title="bbox 275 2185 1862 2258">
    <p class='ocr_par' dir='ltr' id='par_1_38' title="bbox 275 2185 1862 2258">
     <span class='ocr_line' id='line_1_38' title="bbox 275 2185 1862 2258; baseline 0.001 -19"><span class='ocrx_word' id='word_1_263' title='bbox 275 2185 540 2251; x_wconf 79' lang='grc' dir='ltr'>ἀληθείας</span> <span class='ocrx_word' id='word_1_264' title='bbox 575 2186 718 2257; x_wconf 88' lang='grc' dir='ltr'>λόγῳ</span> <span class='ocrx_word' id='word_1_265' title='bbox 747 2186 1045 2257; x_wconf 82' lang='grc' dir='ltr'>ὑπόμνημά</span> <span class='ocrx_word' id='word_1_266' title='bbox 1068 2203 1121 2239; x_wconf 91' lang='grc' dir='ltr'><strong>τι</strong></span> <span class='ocrx_word' id='word_1_267' title='bbox 1157 2186 1562 2258; x_wconf 81' lang='grc' dir='ltr'>καταλίπωμεν,</span> <span class='ocrx_word' id='word_1_268' title='bbox 1601 2188 1862 2258; x_wconf 82' lang='grc' dir='ltr'>παρόντος</span> 
     </span>
    </p>
   </div>
   <div class='ocr_carea' id='block_1_39' title="bbox 271 2276 1859 2351">
    <p class='ocr_par' dir='ltr' id='par_1_39' title="bbox 271 2276 1859 2351">
     <span class='ocr_line' id='line_1_39' title="bbox 271 2276 1859 2351; baseline 0.001 -21"><span class='ocrx_word' id='word_1_269' title='bbox 271 2280 375 2330; x_wconf 74' lang='grc' dir='ltr'><strong>καὶ</strong></span> <span class='ocrx_word' id='word_1_270' title='bbox 424 2276 516 2330; x_wconf 75' lang='grc' dir='ltr'>τοῦ</span> <span class='ocrx_word' id='word_1_271' title='bbox 544 2278 1023 2349; x_wconf 79' lang='grc' dir='ltr'>συμπρεσϐυτέρου</span> <span class='ocrx_word' id='word_1_272' title='bbox 1063 2277 1220 2349; x_wconf 82' lang='grc' dir='ltr'>ἡμῶν</span> <span class='ocrx_word' id='word_1_273' title='bbox 1265 2278 1502 2332; x_wconf 83' lang='grc' dir='ltr'>Ζωτικοῦ</span> <span class='ocrx_word' id='word_1_274' title='bbox 1540 2278 1634 2333; x_wconf 82' lang='grc' dir='ltr'>τοῦ</span> <span class='ocrx_word' id='word_1_275' title='bbox 1668 2280 1859 2351; x_wconf 81' lang='grc' dir='ltr'>Ὀτρη-</span> 
     </span>
    </p>
   </div>
   <div class='ocr_carea' id='block_1_40' title="bbox 271 2366 1860 2441">
    <p class='ocr_par' dir='ltr' id='par_1_40' title="bbox 271 2366 1860 2441">
     <span class='ocr_line' id='line_1_40' title="bbox 271 2366 1860 2441; baseline 0.002 -22"><span class='ocrx_word' id='word_1_276' title='bbox 271 2366 371 2419; x_wconf 74' lang='grc' dir='ltr'>νοῦ</span> <span class='ocrx_word' id='word_1_277' title='bbox 397 2366 529 2437; x_wconf 79' lang='grc'>(95),</span> <span class='ocrx_word' id='word_1_278' title='bbox 564 2366 722 2420; x_wconf 73' lang='grc' dir='ltr'>τοῦτο</span> <span class='ocrx_word' id='word_1_279' title='bbox 758 2368 853 2438; x_wconf 82' lang='grc' dir='ltr'><strong>μὲν</strong></span> <span class='ocrx_word' id='word_1_280' title='bbox 896 2368 994 2420; x_wconf 82' lang='grc' dir='ltr'><strong>οὐκ</strong></span> <span class='ocrx_word' id='word_1_281' title='bbox 1042 2368 1378 2440; x_wconf 77' lang='grc' dir='ltr'>ἐπράξαμεν,</span> <span class='ocrx_word' id='word_1_282' title='bbox 1418 2368 1860 2441; x_wconf 80' lang='grc' dir='ltr'>ἐπηγγειλάμεθα</span> 
     </span>
    </p>
   </div>
   <div class='ocr_carea' id='block_1_41' title="bbox 270 2459 1858 2533">
    <p class='ocr_par' dir='ltr' id='par_1_41' title="bbox 270 2459 1858 2533">
     <span class='ocr_line' id='line_1_41' title="bbox 270 2459 1858 2533; baseline 0.002 -21"><span class='ocrx_word' id='word_1_283' title='bbox 270 2460 331 2512; x_wconf 79' lang='grc' dir='ltr'>δὲ</span> <span class='ocrx_word' id='word_1_284' title='bbox 360 2460 551 2514; x_wconf 82' lang='grc' dir='ltr'>ὲνθάδε</span> <span class='ocrx_word' id='word_1_285' title='bbox 580 2459 887 2530; x_wconf 75' lang='grc' dir='ltr'>γράψαντες</span> <span class='ocrx_word' id='word_1_286' title='bbox 919 2460 1009 2513; x_wconf 79' lang='grc' dir='ltr'>τοῦ</span> <span class='ocrx_word' id='word_1_287' title='bbox 1039 2461 1244 2533; x_wconf 81' lang='grc' dir='ltr'>Κυρίου</span> <span class='ocrx_word' id='word_1_288' title='bbox 1279 2462 1532 2525; x_wconf 87' lang='grc' dir='ltr'>διδόντος,</span> <span class='ocrx_word' id='word_1_289' title='bbox 1577 2462 1665 2516; x_wconf 84' lang='grc' dir='ltr'>διὰ</span> <span class='ocrx_word' id='word_1_290' title='bbox 1693 2479 1858 2515; x_wconf 89' lang='grc' dir='ltr'>σπου-</span> 
     </span>
    </p>
   </div>
   <div class='ocr_carea' id='block_1_42' title="bbox 269 2551 1859 2627">
    <p class='ocr_par' dir='ltr' id='par_1_42' title="bbox 269 2551 1859 2627">
     <span class='ocr_line' id='line_1_42' title="bbox 269 2551 1859 2627; baseline 0.002 -22"><span class='ocrx_word' id='word_1_291' title='bbox 269 2551 373 2622; x_wconf 76' lang='grc' dir='ltr'>δῆς</span> <span class='ocrx_word' id='word_1_292' title='bbox 403 2552 635 2621; x_wconf 85' lang='grc' dir='ltr'>πέμπειν</span> <span class='ocrx_word' id='word_1_293' title='bbox 662 2552 865 2615; x_wconf 84' lang='grc' dir='ltr'>αὐτοῖς.</span> <span class='ocrx_word' id='word_1_294' title='bbox 905 2572 923 2604; x_wconf 75' lang='grc' dir='ltr'><strong>ι</strong></span> <span class='ocrx_word' id='word_1_295' title='bbox 963 2552 1149 2607; x_wconf 75' lang='grc' dir='ltr'>Ταῦτα</span> <span class='ocrx_word' id='word_1_296' title='bbox 1186 2554 1280 2606; x_wconf 76' lang='grc' dir='ltr'><strong>καὶ</strong></span> <span class='ocrx_word' id='word_1_297' title='bbox 1312 2552 1436 2624; x_wconf 78' lang='grc' dir='ltr'>ἑξῆς</span> <span class='ocrx_word' id='word_1_298' title='bbox 1458 2554 1667 2618; x_wconf 84' lang='grc' dir='ltr'>τούτοις</span> <span class='ocrx_word' id='word_1_299' title='bbox 1698 2554 1859 2627; x_wconf 78' lang='grc' dir='ltr'>ἔτερα</span> 
     </span>
    </p>
   </div>
   <div class='ocr_carea' id='block_1_43' title="bbox 271 2643 1862 2718">
    <p class='ocr_par' dir='ltr' id='par_1_43' title="bbox 271 2643 1862 2718">
     <span class='ocr_line' id='line_1_43' title="bbox 271 2643 1862 2718; baseline 0.001 -20"><span class='ocrx_word' id='word_1_300' title='bbox 271 2644 561 2715; x_wconf 83' lang='grc' dir='ltr'>καταρχὰς</span> <span class='ocrx_word' id='word_1_301' title='bbox 588 2643 757 2696; x_wconf 77' lang='grc' dir='ltr'>εἰπὼν</span> <span class='ocrx_word' id='word_1_302' title='bbox 800 2644 892 2698; x_wconf 79' lang='grc' dir='ltr'>τοῦ</span> <span class='ocrx_word' id='word_1_303' title='bbox 922 2644 1100 2713; x_wconf 89' lang='grc' dir='ltr'>λόγου,</span> <span class='ocrx_word' id='word_1_304' title='bbox 1129 2645 1221 2698; x_wconf 77' lang='grc' dir='ltr'><strong>τὸν</strong></span> <span class='ocrx_word' id='word_1_305' title='bbox 1256 2646 1427 2699; x_wconf 77' lang='grc' dir='ltr'>αἴτιον</span> <span class='ocrx_word' id='word_1_306' title='bbox 1468 2650 1567 2718; x_wconf 81' lang='grc' dir='ltr'>τῆς</span> <span class='ocrx_word' id='word_1_307' title='bbox 1598 2646 1862 2718; x_wconf 87' lang='grc' dir='ltr'>δηλουμέ-</span> 
     </span>
    </p>
   </div>
   <div class='ocr_carea' id='block_1_44' title="bbox 269 2736 1856 2809">
    <p class='ocr_par' dir='ltr' id='par_1_44' title="bbox 269 2736 1856 2809">
     <span class='ocr_line' id='line_1_44' title="bbox 269 2736 1856 2809; baseline 0.001 -19"><span class='ocrx_word' id='word_1_308' title='bbox 269 2755 378 2809; x_wconf 87' lang='grc' dir='ltr'><strong>νης</strong></span> <span class='ocrx_word' id='word_1_309' title='bbox 423 2737 684 2807; x_wconf 74' lang='grc' dir='ltr'>αἱρέσεως</span> <span class='ocrx_word' id='word_1_310' title='bbox 736 2736 939 2809; x_wconf 82' lang='grc' dir='ltr'>προῖὼν</span> <span class='ocrx_word' id='word_1_311' title='bbox 975 2737 1159 2791; x_wconf 74' lang='grc' dir='ltr'>τοῦτον</span> <span class='ocrx_word' id='word_1_312' title='bbox 1202 2739 1474 2808; x_wconf 81' lang='grc' dir='ltr'>ἀνιστορεῖ</span> <span class='ocrx_word' id='word_1_313' title='bbox 1504 2739 1595 2792; x_wconf 83' lang='grc' dir='ltr'><strong>τὸν</strong></span> <span class='ocrx_word' id='word_1_314' title='bbox 1637 2739 1856 2809; x_wconf 83' lang='grc' dir='ltr'>τρόπον·</span> 
     </span>
    </p>
   </div>
   <div class='ocr_carea' id='block_1_45' title="bbox 276 2828 1862 2903">
    <p class='ocr_par' dir='ltr' id='par_1_45' title="bbox 276 2828 1862 2903">
     <span class='ocr_line' id='line_1_45' title="bbox 276 2828 1862 2903; baseline 0.003 -22"><span class='ocrx_word' id='word_1_315' title='bbox 276 2849 297 2881; x_wconf 73' lang='grc' dir='ltr'><strong>ι</strong></span> <span class='ocrx_word' id='word_1_316' title='bbox 342 2830 409 2883; x_wconf 82' lang='grc' dir='ltr'><strong><em>Ἥ</em></strong></span> <span class='ocrx_word' id='word_1_317' title='bbox 426 2829 602 2883; x_wconf 80' lang='grc' dir='ltr'>τοίνυν</span> <span class='ocrx_word' id='word_1_318' title='bbox 628 2828 879 2893; x_wconf 78' lang='grc' dir='ltr'>ἔνστασις</span> <span class='ocrx_word' id='word_1_319' title='bbox 905 2830 1080 2885; x_wconf 75' lang='grc' dir='ltr'>αὐτῶν</span> <span class='ocrx_word' id='word_1_320' title='bbox 1105 2831 1199 2883; x_wconf 76' lang='grc' dir='ltr'>καὶ</span> <span class='ocrx_word' id='word_1_321' title='bbox 1225 2833 1254 2901; x_wconf 84' lang='grc' dir='ltr'>ἡ</span> <span class='ocrx_word' id='word_1_322' title='bbox 1282 2832 1589 2903; x_wconf 81' lang='grc' dir='ltr'>πρόσφατος</span> <span class='ocrx_word' id='word_1_323' title='bbox 1609 2832 1703 2886; x_wconf 81' lang='grc' dir='ltr'><strong>τοῦ</strong></span> <span class='ocrx_word' id='word_1_324' title='bbox 1730 2834 1862 2887; x_wconf 87' lang='grc' dir='ltr'>ἀπο-</span> 
     </span>
    </p>
   </div>
   <div class='ocr_carea' id='block_1_46' title="bbox 273 2922 1862 2997">
    <p class='ocr_par' dir='ltr' id='par_1_46' title="bbox 273 2922 1862 2997">
     <span class='ocr_line' id='line_1_46' title="bbox 273 2922 1862 2997; baseline 0.003 -23"><span class='ocrx_word' id='word_1_325' title='bbox 273 2922 578 2993; x_wconf 79' lang='grc' dir='ltr'>σχίσματυς</span> <span class='ocrx_word' id='word_1_326' title='bbox 616 2923 829 2995; x_wconf 75' lang='grc' dir='ltr'>αἵρεσις</span> <span class='ocrx_word' id='word_1_327' title='bbox 865 2924 999 2995; x_wconf 83' lang='grc' dir='ltr'>πρὸς</span> <span class='ocrx_word' id='word_1_328' title='bbox 1028 2924 1125 2996; x_wconf 81' lang='grc' dir='ltr'>τὴν</span> <span class='ocrx_word' id='word_1_329' title='bbox 1164 2924 1508 2996; x_wconf 86' lang='grc' dir='ltr'>Ἐκκλησίαν,</span> <span class='ocrx_word' id='word_1_330' title='bbox 1551 2924 1648 2997; x_wconf 77' lang='grc' dir='ltr'><strong>τὴν</strong></span> <span class='ocrx_word' id='word_1_331' title='bbox 1683 2926 1862 2980; x_wconf 85' lang='grc' dir='ltr'>αἰτίαν</span> 
     </span>
    </p>
   </div>
   <div class='ocr_carea' id='block_1_47' title="bbox 271 3010 1862 3088">
    <p class='ocr_par' dir='ltr' id='par_1_47' title="bbox 271 3010 1862 3088">
     <span class='ocr_line' id='line_1_47' title="bbox 271 3010 1862 3088; baseline 0.004 -24"><span class='ocrx_word' id='word_1_332' title='bbox 271 3014 406 3082; x_wconf 75' lang='grc' dir='ltr'>ἔσχε</span> <span class='ocrx_word' id='word_1_333' title='bbox 459 3010 733 3083; x_wconf 79' lang='grc' dir='ltr'>τοιαύτην.</span> <span class='ocrx_word' id='word_1_334' title='bbox 776 3012 951 3085; x_wconf 78' lang='grc' dir='ltr'>Κιῦμη</span> <span class='ocrx_word' id='word_1_335' title='bbox 997 3031 1081 3077; x_wconf 90' lang='grc' dir='ltr'><strong>τις</strong></span> <span class='ocrx_word' id='word_1_336' title='bbox 1114 3010 1251 3068; x_wconf 77' lang='grc' dir='ltr'>εἶναι</span> <span class='ocrx_word' id='word_1_337' title='bbox 1277 3014 1497 3083; x_wconf 87' lang='grc' dir='ltr'>λέγεται</span> <span class='ocrx_word' id='word_1_338' title='bbox 1542 3019 1599 3070; x_wconf 83' lang='grc' dir='ltr'>ὲν</span> <span class='ocrx_word' id='word_1_339' title='bbox 1631 3020 1695 3088; x_wconf 82' lang='grc' dir='ltr'>τῇ</span> <span class='ocrx_word' id='word_1_340' title='bbox 1722 3016 1862 3071; x_wconf 86' lang='grc' dir='ltr'><strong>κατά</strong></span> 
     </span>
    </p>
   </div>
   <div class='ocr_carea' id='block_1_48' title="bbox 269 3104 1860 3182">
    <p class='ocr_par' dir='ltr' id='par_1_48' title="bbox 269 3104 1860 3182">
     <span class='ocr_line' id='line_1_48' title="bbox 269 3104 1860 3182; baseline 0.004 -25"><span class='ocrx_word' id='word_1_341' title='bbox 269 3104 378 3175; x_wconf 77' lang='grc' dir='ltr'>τὴν</span> <span class='ocrx_word' id='word_1_342' title='bbox 410 3105 650 3173; x_wconf 79' lang='grc' dir='ltr'>Φρυγίαν</span> <span class='ocrx_word' id='word_1_343' title='bbox 670 3105 855 3177; x_wconf 77' lang='grc' dir='ltr'>Μυσίᾳ</span> <span class='ocrx_word' id='word_1_344' title='bbox 878 3105 1010 3177; x_wconf 69' lang='grc'>(94),</span> <span class='ocrx_word' id='word_1_345' title='bbox 1040 3107 1350 3179; x_wconf 84' lang='grc' dir='ltr'>καλουμένη</span> <span class='ocrx_word' id='word_1_346' title='bbox 1379 3108 1644 3182; x_wconf 79' lang='grc' dir='ltr'>Ἀρδαδᾶν</span> <span class='ocrx_word' id='word_1_347' title='bbox 1675 3109 1860 3163; x_wconf 71' lang='grc' dir='ltr'>τοῦνο-</span> 
     </span>
    </p>
   </div>
   <div class='ocr_carea' id='block_1_49' title="bbox 1964 1994 3539 2065">
    <p class='ocr_par' dir='ltr' id='par_1_49' title="bbox 1964 1994 3539 2065">
     <span class='ocr_line' id='line_1_49' title="bbox 1964 1994 3539 2065; baseline 0 -16"><span class='ocrx_word' id='word_1_348' title='bbox 1964 2009 2201 2064; x_wconf 82' lang='lat' dir='ltr'><strong>gnopere</strong></span> <span class='ocrx_word' id='word_1_349' title='bbox 2215 1994 2534 2049; x_wconf 87' lang='lat' dir='ltr'><strong>confirmata</strong></span> <span class='ocrx_word' id='word_1_350' title='bbox 2562 1994 2662 2065; x_wconf 42' lang='lat' dir='ltr'><strong>sitz;</strong></span> <span class='ocrx_word' id='word_1_351' title='bbox 2690 1994 2989 2048; x_wconf 88' lang='lat' dir='ltr'><strong>adversarii</strong></span> <span class='ocrx_word' id='word_1_352' title='bbox 3016 2012 3143 2052; x_wconf 90' lang='lat' dir='ltr'><strong>vero</strong></span> <span class='ocrx_word' id='word_1_353' title='bbox 3171 2005 3296 2051; x_wconf 92' lang='lat' dir='ltr'><strong>tunc</strong></span> <span class='ocrx_word' id='word_1_354' title='bbox 3324 1995 3539 2065; x_wconf 88' lang='lat' dir='ltr'><strong>quidem</strong></span> 
     </span>
    </p>
   </div>
   <div class='ocr_carea' id='block_1_50' title="bbox 1965 2086 3540 2157">
    <p class='ocr_par' dir='ltr' id='par_1_50' title="bbox 1965 2086 3540 2157">
     <span class='ocr_line' id='line_1_50' title="bbox 1965 2086 3540 2157; baseline 0 -16"><span class='ocrx_word' id='word_1_355' title='bbox 1965 2086 2129 2157; x_wconf 88' lang='lat' dir='ltr'><strong>fugati</strong></span> <span class='ocrx_word' id='word_1_356' title='bbox 2161 2099 2217 2141; x_wconf 90' lang='lat' dir='ltr'><strong>et</strong></span> <span class='ocrx_word' id='word_1_357' title='bbox 2249 2086 2340 2141; x_wconf 87' lang='lat' dir='ltr'><strong>Dei</strong></span> <span class='ocrx_word' id='word_1_358' title='bbox 2369 2086 2554 2141; x_wconf 90' lang='lat' dir='ltr'><strong>hostes</strong></span> <span class='ocrx_word' id='word_1_359' title='bbox 2603 2102 2711 2140; x_wconf 92' lang='lat' dir='ltr'><strong>non</strong></span> <span class='ocrx_word' id='word_1_360' title='bbox 2754 2087 3015 2141; x_wconf 88' lang='lat' dir='ltr'><strong>mediocri</strong></span> <span class='ocrx_word' id='word_1_361' title='bbox 3071 2090 3254 2141; x_wconf 90' lang='lat' dir='ltr'><strong>dolore</strong></span> <span class='ocrx_word' id='word_1_362' title='bbox 3308 2086 3540 2156; x_wconf 86' lang='lat' dir='ltr'><strong>perculsi</strong></span> 
     </span>
    </p>
   </div>
   <div class='ocr_carea' id='block_1_51' title="bbox 1967 2171 3541 2252">
    <p class='ocr_par' dir='ltr' id='par_1_51' title="bbox 1967 2171 3541 2252">
     <span class='ocr_line' id='line_1_51' title="bbox 1967 2171 3541 2252; baseline 0 -19"><span class='ocrx_word' id='word_1_363' title='bbox 1967 2178 2187 2237; x_wconf 90' lang='lat' dir='ltr'><strong>fuerint.</strong></span> <span class='ocrx_word' id='word_1_364' title='bbox 2265 2180 2397 2235; x_wconf 81' lang='lat' dir='ltr'><strong>Cum</strong></span> <span class='ocrx_word' id='word_1_365' title='bbox 2438 2194 2565 2235; x_wconf 88' lang='lat' dir='ltr'><strong>vero</strong></span> <span class='ocrx_word' id='word_1_366' title='bbox 2595 2171 2727 2247; x_wconf 85' lang='lat' dir='ltr'><strong>ejus</strong></span> <span class='ocrx_word' id='word_1_367' title='bbox 2784 2180 2885 2234; x_wconf 92' lang='lat' dir='ltr'><strong>loci</strong></span> <span class='ocrx_word' id='word_1_368' title='bbox 2947 2180 3245 2252; x_wconf 80' lang='lat' dir='ltr'><strong>presbyteri</strong></span> <span class='ocrx_word' id='word_1_369' title='bbox 3300 2180 3541 2249; x_wconf 82' lang='lat' dir='ltr'><strong>postula-</strong></span> 
     </span>
    </p>
   </div>
   <div class='ocr_carea' id='block_1_52' title="bbox 1968 2272 3539 2341">
    <p class='ocr_par' dir='ltr' id='par_1_52' title="bbox 1968 2272 3539 2341">
     <span class='ocr_line' id='line_1_52' title="bbox 1968 2272 3539 2341; baseline 0.001 -16"><span class='ocrx_word' id='word_1_370' title='bbox 1968 2283 2085 2326; x_wconf 85' lang='lat' dir='ltr'><strong>rent</strong></span> <span class='ocrx_word' id='word_1_371' title='bbox 2140 2284 2198 2327; x_wconf 87' lang='grc' dir='ltr'><strong>ιιι</strong></span> <span class='ocrx_word' id='word_1_372' title='bbox 2228 2288 2418 2328; x_wconf 85' lang='lat' dir='ltr'><strong>eorum</strong></span> <span class='ocrx_word' id='word_1_373' title='bbox 2477 2288 2599 2341; x_wconf 77' lang='lat' dir='ltr'><strong>qua:</strong></span> <span class='ocrx_word' id='word_1_374' title='bbox 2653 2282 2845 2327; x_wconf 89' lang='lat' dir='ltr'><strong>contra</strong></span> <span class='ocrx_word' id='word_1_375' title='bbox 2904 2272 3151 2327; x_wconf 83' lang='lat' dir='ltr'><strong>veritatis</strong></span> <span class='ocrx_word' id='word_1_376' title='bbox 3198 2272 3539 2327; x_wconf 88' lang='lat' dir='ltr'><strong>adversarios</strong></span> 
     </span>
    </p>
   </div>
   <div class='ocr_carea' id='block_1_53' title="bbox 1963 2354 3539 2435">
    <p class='ocr_par' dir='ltr' id='par_1_53' title="bbox 1963 2354 3539 2435">
     <span class='ocr_line' id='line_1_53' title="bbox 1963 2354 3539 2435; baseline 0 -17"><span class='ocrx_word' id='word_1_377' title='bbox 1963 2368 2108 2418; x_wconf 76' lang='lat' dir='ltr'><strong>ducta</strong></span> <span class='ocrx_word' id='word_1_378' title='bbox 2133 2354 2365 2426; x_wconf 86' lang='lat' dir='ltr'><strong>fuerant,</strong></span> <span class='ocrx_word' id='word_1_379' title='bbox 2393 2365 2849 2421; x_wconf 86' lang='lat' dir='ltr'><strong>commentarium</strong></span> <span class='ocrx_word' id='word_1_380' title='bbox 2886 2365 3016 2434; x_wconf 88' lang='lat' dir='ltr'><strong>ipsis</strong></span> <span class='ocrx_word' id='word_1_381' title='bbox 3048 2365 3309 2435; x_wconf 86' lang='lat' dir='ltr'><strong>scriptum</strong></span> <span class='ocrx_word' id='word_1_382' title='bbox 3374 2365 3539 2419; x_wconf 84' lang='lat' dir='ltr'><strong>relin-</strong></span> 
     </span>
    </p>
   </div>
   <div class='ocr_carea' id='block_1_54' title="bbox 1962 2457 3538 2529">
    <p class='ocr_par' dir='ltr' id='par_1_54' title="bbox 1962 2457 3538 2529">
     <span class='ocr_line' id='line_1_54' title="bbox 1962 2457 3538 2529; baseline 0.001 -17"><span class='ocrx_word' id='word_1_383' title='bbox 1962 2473 2187 2529; x_wconf 88' lang='lat' dir='ltr'><strong>querem</strong></span> <span class='ocrx_word' id='word_1_384' title='bbox 2220 2478 2232 2514; x_wconf 89' lang='lat'><strong>:</strong></span> <span class='ocrx_word' id='word_1_385' title='bbox 2271 2467 2485 2514; x_wconf 83' lang='lat' dir='ltr'><strong>astante</strong></span> <span class='ocrx_word' id='word_1_386' title='bbox 2531 2458 2693 2512; x_wconf 90' lang='lat' dir='ltr'><strong>etiam</strong></span> <span class='ocrx_word' id='word_1_387' title='bbox 2738 2457 3177 2527; x_wconf 87' lang='lat' dir='ltr'><strong>compresbylero</strong></span> <span class='ocrx_word' id='word_1_388' title='bbox 3204 2468 3391 2512; x_wconf 91' lang='lat' dir='ltr'><strong>nostro</strong></span> <span class='ocrx_word' id='word_1_389' title='bbox 3433 2457 3538 2513; x_wconf 82' lang='lat' dir='ltr'><strong>Zo-</strong></span> 
     </span>
    </p>
   </div>
   <div class='ocr_carea' id='block_1_55' title="bbox 1967 2552 3539 2623">
    <p class='ocr_par' dir='ltr' id='par_1_55' title="bbox 1967 2552 3539 2623">
     <span class='ocr_line' id='line_1_55' title="bbox 1967 2552 3539 2623; baseline -0.001 -15"><span class='ocrx_word' id='word_1_390' title='bbox 1967 2554 2073 2608; x_wconf 86' lang='lat' dir='ltr'><strong>tico</strong></span> <span class='ocrx_word' id='word_1_391' title='bbox 2104 2553 2329 2619; x_wconf 82' lang='lat' dir='ltr'><strong>Utreno,</strong></span> <span class='ocrx_word' id='word_1_392' title='bbox 2356 2554 2407 2609; x_wconf 84' lang='lat' dir='ltr'><strong>id</strong></span> <span class='ocrx_word' id='word_1_393' title='bbox 2432 2553 2655 2622; x_wconf 89' lang='lat' dir='ltr'><strong>quidem</strong></span> <span class='ocrx_word' id='word_1_394' title='bbox 2682 2552 2905 2607; x_wconf 90' lang='lat' dir='ltr'><strong>minime</strong></span> <span class='ocrx_word' id='word_1_395' title='bbox 2947 2552 3172 2621; x_wconf 70' lang='lat' dir='ltr'><strong>praestiti</strong></span> <span class='ocrx_word' id='word_1_396' title='bbox 3201 2570 3215 2618; x_wconf 91' lang='lat'><strong>;</strong></span> <span class='ocrx_word' id='word_1_397' title='bbox 3253 2554 3414 2623; x_wconf 77' lang='lat'><strong>180</strong></span> <span class='ocrx_word' id='word_1_398' title='bbox 3445 2555 3539 2609; x_wconf 84' lang='lat' dir='ltr'><strong>sed</strong></span> 
     </span>
    </p>
   </div>
   <div class='ocr_carea' id='block_1_56' title="bbox 1964 2644 3537 2715">
    <p class='ocr_par' dir='ltr' id='par_1_56' title="bbox 1964 2644 3537 2715">
     <span class='ocr_line' id='line_1_56' title="bbox 1964 2644 3537 2715; baseline -0.002 -15"><span class='ocrx_word' id='word_1_399' title='bbox 1964 2644 2123 2701; x_wconf 87' lang='lat' dir='ltr'><strong>simul</strong></span> <span class='ocrx_word' id='word_1_400' title='bbox 2165 2654 2326 2715; x_wconf 89' lang='lat' dir='ltr'><strong>atque</strong></span> <span class='ocrx_word' id='word_1_401' title='bbox 2354 2645 2460 2699; x_wconf 88' lang='lat' dir='ltr'><strong>huc</strong></span> <span class='ocrx_word' id='word_1_402' title='bbox 2494 2644 2802 2709; x_wconf 88' lang='lat' dir='ltr'><strong>rediissem,</strong></span> <span class='ocrx_word' id='word_1_403' title='bbox 2833 2644 3165 2712; x_wconf 88' lang='lat' dir='ltr'><strong>scripturum</strong></span> <span class='ocrx_word' id='word_1_404' title='bbox 3218 2661 3301 2699; x_wconf 89' lang='lat' dir='ltr'><strong>me</strong></span> <span class='ocrx_word' id='word_1_405' title='bbox 3332 2646 3537 2709; x_wconf 86' lang='lat' dir='ltr'><strong>omnia,</strong></span> 
     </span>
    </p>
   </div>
   <div class='ocr_carea' id='block_1_57' title="bbox 1962 2736 3541 2807">
    <p class='ocr_par' dir='ltr' id='par_1_57' title="bbox 1962 2736 3541 2807">
     <span class='ocr_line' id='line_1_57' title="bbox 1962 2736 3541 2807; baseline 0.001 -14"><span class='ocrx_word' id='word_1_406' title='bbox 1962 2749 2016 2793; x_wconf 92' lang='lat' dir='ltr'><strong>et</strong></span> <span class='ocrx_word' id='word_1_407' title='bbox 2074 2740 2137 2792; x_wconf 89' lang='lat' dir='ltr'><strong>ad</strong></span> <span class='ocrx_word' id='word_1_408' title='bbox 2188 2739 2330 2807; x_wconf 91' lang='lat' dir='ltr'><strong>ipsos</strong></span> <span class='ocrx_word' id='word_1_409' title='bbox 2369 2738 2772 2807; x_wconf 89' lang='lat' dir='ltr'><strong>quamprimum</strong></span> <span class='ocrx_word' id='word_1_410' title='bbox 2832 2738 3119 2793; x_wconf 88' lang='lat' dir='ltr'><strong>missurum</strong></span> <span class='ocrx_word' id='word_1_411' title='bbox 3177 2736 3284 2792; x_wconf 90' lang='lat' dir='ltr'><strong>Deo</strong></span> <span class='ocrx_word' id='word_1_412' title='bbox 3328 2736 3541 2794; x_wconf 83' lang='lat' dir='ltr'><strong>favente</strong></span> 
     </span>
    </p>
   </div>
   <div class='ocr_carea' id='block_1_58' title="bbox 1964 2830 3539 2901">
    <p class='ocr_par' dir='ltr' id='par_1_58' title="bbox 1964 2830 3539 2901">
     <span class='ocr_line' id='line_1_58' title="bbox 1964 2830 3539 2901; baseline 0.001 -17"><span class='ocrx_word' id='word_1_413' title='bbox 1964 2831 2209 2901; x_wconf 90' lang='lat' dir='ltr'><strong>promisi.</strong></span> <span class='ocrx_word' id='word_1_414' title='bbox 2247 2850 2267 2883; x_wconf 74' lang='grc' dir='ltr'><strong>ι</strong></span> <span class='ocrx_word' id='word_1_415' title='bbox 2307 2831 2430 2885; x_wconf 67' lang='grc' dir='ltr'><strong>ΗίΒο</strong></span> <span class='ocrx_word' id='word_1_416' title='bbox 2459 2840 2512 2885; x_wconf 91' lang='lat' dir='ltr'><strong>et</strong></span> <span class='ocrx_word' id='word_1_417' title='bbox 2542 2830 2645 2884; x_wconf 90' lang='lat' dir='ltr'><strong>alia</strong></span> <span class='ocrx_word' id='word_1_418' title='bbox 2682 2831 2734 2885; x_wconf 91' lang='lat' dir='ltr'><strong>in</strong></span> <span class='ocrx_word' id='word_1_419' title='bbox 2769 2830 2995 2886; x_wconf 77' lang='lat' dir='ltr'><strong>exordio</strong></span> <span class='ocrx_word' id='word_1_420' title='bbox 3040 2830 3219 2899; x_wconf 87' lang='lat' dir='ltr'><strong>operis</strong></span> <span class='ocrx_word' id='word_1_421' title='bbox 3251 2840 3539 2900; x_wconf 83' lang='lat' dir='ltr'><strong>postquam</strong></span> 
     </span>
    </p>
   </div>
   <div class='ocr_carea' id='block_1_59' title="bbox 1963 2923 3542 2993">
    <p class='ocr_par' dir='ltr' id='par_1_59' title="bbox 1963 2923 3542 2993">
     <span class='ocr_line' id='line_1_59' title="bbox 1963 2923 3542 2993; baseline -0.001 -14"><span class='ocrx_word' id='word_1_422' title='bbox 1963 2924 2122 2985; x_wconf 77' lang='lat' dir='ltr'><strong>dixit.</strong></span> <span class='ocrx_word' id='word_1_423' title='bbox 2160 2924 2419 2993; x_wconf 85' lang='lat' dir='ltr'><strong>paulatim</strong></span> <span class='ocrx_word' id='word_1_424' title='bbox 2448 2924 2673 2979; x_wconf 88' lang='lat' dir='ltr'><strong>ulterius</strong></span> <span class='ocrx_word' id='word_1_425' title='bbox 2702 2937 3048 2992; x_wconf 84' lang='lat' dir='ltr'><strong>progressus,</strong></span> <span class='ocrx_word' id='word_1_426' title='bbox 3079 2923 3402 2992; x_wconf 65' lang='lat' dir='ltr'><strong>supradictae</strong></span> <span class='ocrx_word' id='word_1_427' title='bbox 3433 2924 3542 2977; x_wconf 50' lang='lat' dir='ltr'><strong>hrev</strong></span> 
     </span>
    </p>
   </div>
   <div class='ocr_carea' id='block_1_60' title="bbox 1964 3016 3541 3085">
    <p class='ocr_par' dir='ltr' id='par_1_60' title="bbox 1964 3016 3541 3085">
     <span class='ocr_line' id='line_1_60' title="bbox 1964 3016 3541 3085; baseline -0.003 -11"><span class='ocrx_word' id='word_1_428' title='bbox 1964 3020 2099 3074; x_wconf 87' lang='lat' dir='ltr'><strong>resis</strong></span> <span class='ocrx_word' id='word_1_429' title='bbox 2127 3029 2401 3074; x_wconf 71' lang='lat' dir='ltr'><strong>auctorem</strong></span> <span class='ocrx_word' id='word_1_430' title='bbox 2425 3019 2691 3073; x_wconf 84' lang='lat' dir='ltr'><strong>describit</strong></span> <span class='ocrx_word' id='word_1_431' title='bbox 2719 3017 2803 3073; x_wconf 91' lang='lat' dir='ltr'><strong>his</strong></span> <span class='ocrx_word' id='word_1_432' title='bbox 2852 3016 3030 3071; x_wconf 90' lang='lat' dir='ltr'><strong>verbis</strong></span> <span class='ocrx_word' id='word_1_433' title='bbox 3061 3032 3077 3071; x_wconf 90' lang='lat'><strong>:</strong></span> <span class='ocrx_word' id='word_1_434' title='bbox 3125 3036 3143 3069; x_wconf 83' lang='grc' dir='ltr'><strong>ι</strong></span> <span class='ocrx_word' id='word_1_435' title='bbox 3178 3017 3345 3085; x_wconf 87' lang='lat' dir='ltr'><strong>Igitur</strong></span> <span class='ocrx_word' id='word_1_436' title='bbox 3370 3017 3541 3073; x_wconf 89' lang='lat' dir='ltr'><strong>obsti-</strong></span> 
     </span>
    </p>
   </div>
   <div class='ocr_carea' id='block_1_61' title="bbox 1966 3110 3540 3175">
    <p class='ocr_par' dir='ltr' id='par_1_61' title="bbox 1966 3110 3540 3175">
     <span class='ocr_line' id='line_1_61' title="bbox 1966 3110 3540 3175; baseline 0.001 -10"><span class='ocrx_word' id='word_1_437' title='bbox 1966 3121 2089 3166; x_wconf 87' lang='lat' dir='ltr'><strong>nata</strong></span> <span class='ocrx_word' id='word_1_438' title='bbox 2140 3111 2352 3167; x_wconf 87' lang='lat' dir='ltr'><strong>illorum</strong></span> <span class='ocrx_word' id='word_1_439' title='bbox 2408 3110 2574 3167; x_wconf 89' lang='lat' dir='ltr'><strong>coitio</strong></span> <span class='ocrx_word' id='word_1_440' title='bbox 2627 3111 2888 3167; x_wconf 87' lang='lat' dir='ltr'><strong>adversus</strong></span> <span class='ocrx_word' id='word_1_441' title='bbox 2938 3110 3258 3175; x_wconf 89' lang='lat' dir='ltr'><strong>Ecclesiam,</strong></span> <span class='ocrx_word' id='word_1_442' title='bbox 3291 3121 3346 3165; x_wconf 91' lang='lat' dir='ltr'><strong>et</strong></span> <span class='ocrx_word' id='word_1_443' title='bbox 3401 3127 3540 3168; x_wconf 87' lang='lat' dir='ltr'><strong>nova</strong></span> 
     </span>
    </p>
   </div>
   <div class='ocr_carea' id='block_1_62' title="bbox 276 3196 1858 3302">
    <p class='ocr_par' dir='ltr' id='par_1_62' title="bbox 276 3196 1858 3272">
     <span class='ocr_line' id='line_1_62' title="bbox 276 3196 1858 3272; baseline 0.004 -24"><span class='ocrx_word' id='word_1_444' title='bbox 276 3214 391 3268; x_wconf 83' lang='grc' dir='ltr'>μα·</span> <span class='ocrx_word' id='word_1_445' title='bbox 424 3196 549 3250; x_wconf 83' lang='grc' dir='ltr'>ἔνθα</span> <span class='ocrx_word' id='word_1_446' title='bbox 582 3198 712 3267; x_wconf 83' lang='grc' dir='ltr'>φασί</span> <span class='ocrx_word' id='word_1_447' title='bbox 745 3216 861 3252; x_wconf 89' lang='grc' dir='ltr'>τινα</span> <span class='ocrx_word' id='word_1_448' title='bbox 895 3198 1004 3251; x_wconf 83' lang='grc' dir='ltr'><strong>τῶν</strong></span> <span class='ocrx_word' id='word_1_449' title='bbox 1037 3201 1334 3254; x_wconf 87' lang='grc' dir='ltr'>νεοπίστων</span> <span class='ocrx_word' id='word_1_450' title='bbox 1362 3200 1614 3272; x_wconf 86' lang='grc' dir='ltr'>πρώτως,</span> <span class='ocrx_word' id='word_1_451' title='bbox 1650 3204 1858 3256; x_wconf 84' lang='grc' dir='ltr'>Μοντα-</span> 
     </span>
    </p>
   </div>
   <div class='ocr_carea' id='block_1_63' title="bbox 1963 3196 3541 3302">
    <p class='ocr_par' dir='ltr' id='par_1_63' title="bbox 1967 3204 3541 3275">
     <span class='ocr_line' id='line_1_63' title="bbox 1967 3204 3541 3275; baseline 0.001 -14"><span class='ocrx_word' id='word_1_452' title='bbox 1967 3204 2252 3275; x_wconf 88' lang='lat' dir='ltr'><strong>perniciosi</strong></span> <span class='ocrx_word' id='word_1_453' title='bbox 2277 3205 2584 3261; x_wconf 87' lang='lat' dir='ltr'><strong>schismatis</strong></span> <span class='ocrx_word' id='word_1_454' title='bbox 2610 3204 2850 3268; x_wconf 62' lang='lat' dir='ltr'><strong>haeresis,</strong></span> <span class='ocrx_word' id='word_1_455' title='bbox 2880 3205 3018 3260; x_wconf 90' lang='lat' dir='ltr'><strong>hanc</strong></span> <span class='ocrx_word' id='word_1_456' title='bbox 3042 3204 3229 3259; x_wconf 86' lang='lat' dir='ltr'><strong>habuit</strong></span> <span class='ocrx_word' id='word_1_457' title='bbox 3253 3204 3541 3275; x_wconf 82' lang='lat' dir='ltr'><strong>originem.</strong></span> 
     </span>
    </p>
   </div>
   <div class='ocr_carea' id='block_1_64' title="bbox 271 3289 1858 3363">
    <p class='ocr_par' dir='ltr' id='par_1_64' title="bbox 271 3289 1858 3363">
     <span class='ocr_line' id='line_1_64' title="bbox 271 3289 1858 3363; baseline 0.006 -22"><span class='ocrx_word' id='word_1_458' title='bbox 271 3289 369 3342; x_wconf 78' lang='grc' dir='ltr'><strong>νὺν</strong></span> <span class='ocrx_word' id='word_1_459' title='bbox 399 3289 653 3361; x_wconf 75' lang='grc' dir='ltr'>τοῦνομα,</span> <span class='ocrx_word' id='word_1_460' title='bbox 682 3291 822 3345; x_wconf 89' lang='grc' dir='ltr'><strong>κατά</strong></span> <span class='ocrx_word' id='word_1_461' title='bbox 854 3293 1057 3363; x_wconf 86' lang='grc' dir='ltr'>Γράτον</span> <span class='ocrx_word' id='word_1_462' title='bbox 1086 3294 1266 3357; x_wconf 84' lang='grc' dir='ltr'>Ἀσίας</span> <span class='ocrx_word' id='word_1_463' title='bbox 1289 3294 1616 3359; x_wconf 82' lang='grc' dir='ltr'>ἀνθύπατον,</span> <span class='ocrx_word' id='word_1_464' title='bbox 1651 3298 1709 3349; x_wconf 81' lang='grc' dir='ltr'>ὲν</span> <span class='ocrx_word' id='word_1_465' title='bbox 1737 3297 1858 3350; x_wconf 83' lang='grc' dir='ltr'>ἐπι-</span> 
     </span>
    </p>
   </div>
   <div class='ocr_carea' id='block_1_65' title="bbox 272 3384 1858 3460">
    <p class='ocr_par' dir='ltr' id='par_1_65' title="bbox 272 3384 1858 3460">
     <span class='ocr_line' id='line_1_65' title="bbox 272 3384 1858 3460; baseline 0.003 -23"><span class='ocrx_word' id='word_1_466' title='bbox 272 3384 449 3455; x_wconf 71' lang='grc' dir='ltr'>Θυμία</span> <span class='ocrx_word' id='word_1_467' title='bbox 473 3384 649 3456; x_wconf 73' lang='grc' dir='ltr'>ψυχῆς</span> <span class='ocrx_word' id='word_1_468' title='bbox 672 3386 895 3458; x_wconf 86' lang='grc' dir='ltr'>ἀμέτρῳ</span> <span class='ocrx_word' id='word_1_469' title='bbox 916 3387 1312 3459; x_wconf 79' lang='grc' dir='ltr'>φιλοπρωτείας</span> <span class='ocrx_word' id='word_1_470' title='bbox 1338 3389 1496 3443; x_wconf 88' lang='grc' dir='ltr'>δόντα</span> <span class='ocrx_word' id='word_1_471' title='bbox 1520 3389 1751 3460; x_wconf 89' lang='grc' dir='ltr'>πάροδον</span> <span class='ocrx_word' id='word_1_472' title='bbox 1780 3391 1858 3453; x_wconf 88' lang='grc' dir='ltr'><strong>είς</strong></span> 
     </span>
    </p>
   </div>
   <div class='ocr_carea' id='block_1_66' title="bbox 272 3475 1857 3551">
    <p class='ocr_par' dir='ltr' id='par_1_66' title="bbox 272 3475 1857 3551">
     <span class='ocr_line' id='line_1_66' title="bbox 272 3475 1857 3551; baseline 0.004 -24"><span class='ocrx_word' id='word_1_473' title='bbox 272 3475 472 3528; x_wconf 74' lang='grc' dir='ltr'>ἑαυτὸν</span> <span class='ocrx_word' id='word_1_474' title='bbox 513 3475 590 3546; x_wconf 83' lang='grc' dir='ltr'>τῷ</span> <span class='ocrx_word' id='word_1_475' title='bbox 622 3477 1001 3548; x_wconf 85' lang='grc' dir='ltr'>ἀντικειμένῳ,</span> <span class='ocrx_word' id='word_1_476' title='bbox 1038 3478 1620 3551; x_wconf 81' lang='grc' dir='ltr'>πνευματοφορηθῆναί</span> <span class='ocrx_word' id='word_1_477' title='bbox 1656 3497 1716 3533; x_wconf 87' lang='grc' dir='ltr'><strong>τε</strong></span> <span class='ocrx_word' id='word_1_478' title='bbox 1763 3480 1857 3533; x_wconf 65' lang='grc' dir='ltr'><strong>καί¹</strong></span> 
     </span>
    </p>
   </div>
   <div class='ocr_carea' id='block_1_67' title="bbox 272 3568 1853 3643">
    <p class='ocr_par' dir='ltr' id='par_1_67' title="bbox 272 3568 1853 3643">
     <span class='ocr_line' id='line_1_67' title="bbox 272 3568 1853 3643; baseline 0.002 -21"><span class='ocrx_word' id='word_1_479' title='bbox 272 3568 555 3637; x_wconf 65' lang='grc' dir='ltr'>αἰφνιδίως</span> <span class='ocrx_word' id='word_1_480' title='bbox 585 3570 641 3621; x_wconf 79' lang='grc' dir='ltr'>ὲν</span> <span class='ocrx_word' id='word_1_481' title='bbox 664 3573 865 3640; x_wconf 86' lang='grc' dir='ltr'>κατοχῇ</span> <span class='ocrx_word' id='word_1_482' title='bbox 893 3588 995 3624; x_wconf 91' lang='grc' dir='ltr'>τινι</span> <span class='ocrx_word' id='word_1_483' title='bbox 1025 3572 1118 3625; x_wconf 81' lang='grc' dir='ltr'><strong>καὶ</strong></span> <span class='ocrx_word' id='word_1_484' title='bbox 1146 3573 1515 3643; x_wconf 84' lang='grc' dir='ltr'>παρεκστάσει</span> <span class='ocrx_word' id='word_1_485' title='bbox 1544 3572 1853 3642; x_wconf 86' lang='grc' dir='ltr'>γενόμενον,</span> 
     </span>
    </p>
   </div>
   <div class='ocr_carea' id='block_1_68' title="bbox 276 3661 1856 3737">
    <p class='ocr_par' dir='ltr' id='par_1_68' title="bbox 276 3661 1856 3737">
     <span class='ocr_line' id='line_1_68' title="bbox 276 3661 1856 3737; baseline 0.004 -24"><span class='ocrx_word' id='word_1_486' title='bbox 276 3661 584 3733; x_wconf 75' lang='grc' dir='ltr'>ὲνθουσιᾷν,</span> <span class='ocrx_word' id='word_1_487' title='bbox 620 3661 887 3734; x_wconf 76' lang='grc' dir='ltr'>ἄρξασθαί</span> <span class='ocrx_word' id='word_1_488' title='bbox 921 3681 979 3716; x_wconf 86' lang='grc' dir='ltr'><strong>τε</strong></span> <span class='ocrx_word' id='word_1_489' title='bbox 1012 3662 1191 3718; x_wconf 86' lang='grc' dir='ltr'>λαλεῖν</span> <span class='ocrx_word' id='word_1_490' title='bbox 1222 3664 1316 3718; x_wconf 77' lang='grc' dir='ltr'><strong>καὶ</strong></span> <span class='ocrx_word' id='word_1_491' title='bbox 1338 3665 1675 3736; x_wconf 79' lang='grc' dir='ltr'>ξενοφωνείν,</span> <span class='ocrx_word' id='word_1_492' title='bbox 1708 3665 1856 3737; x_wconf 85' lang='grc' dir='ltr'><strong>παρά</strong></span> 
     </span>
    </p>
   </div>
   <div class='ocr_carea' id='block_1_69' title="bbox 274 3753 1856 3828">
    <p class='ocr_par' dir='ltr' id='par_1_69' title="bbox 274 3753 1856 3828">
     <span class='ocr_line' id='line_1_69' title="bbox 274 3753 1856 3828; baseline 0.004 -22"><span class='ocrx_word' id='word_1_493' title='bbox 274 3753 341 3807; x_wconf 83' lang='grc' dir='ltr'>τὺ</span> <span class='ocrx_word' id='word_1_494' title='bbox 395 3754 535 3808; x_wconf 82' lang='grc' dir='ltr'>κατὰ</span> <span class='ocrx_word' id='word_1_495' title='bbox 567 3755 865 3827; x_wconf 87' lang='grc' dir='ltr'>παράδοσιν</span> <span class='ocrx_word' id='word_1_496' title='bbox 909 3755 1004 3810; x_wconf 73' lang='grc' dir='ltr'><strong>καὶ</strong></span> <span class='ocrx_word' id='word_1_497' title='bbox 1054 3758 1194 3810; x_wconf 80' lang='grc' dir='ltr'>κατὰ</span> <span class='ocrx_word' id='word_1_498' title='bbox 1242 3756 1489 3828; x_wconf 82' lang='grc' dir='ltr'>διαδοχὴν</span> <span class='ocrx_word' id='word_1_499' title='bbox 1526 3756 1729 3811; x_wconf 83' lang='grc' dir='ltr'>ἀνωθεν</span> <span class='ocrx_word' id='word_1_500' title='bbox 1759 3760 1856 3828; x_wconf 81' lang='grc' dir='ltr'><strong>τῆς</strong></span> 
     </span>
    </p>
   </div>
   <div class='ocr_carea' id='block_1_70' title="bbox 351 3955 1861 4026">
    <p class='ocr_par' dir='ltr' id='par_1_70' title="bbox 351 3955 1861 4026">
     <span class='ocr_line' id='line_1_70' title="bbox 351 3955 1861 4026; baseline -0.001 -16"><span class='ocrx_word' id='word_1_501' title='bbox 351 3955 465 4016; x_wconf 81' lang='grc'>(89)</span> <span class='ocrx_word' id='word_1_502' title='bbox 511 3956 631 4024; x_wconf 76' lang='grc' dir='ltr'><strong>Τὴν</strong></span> <span class='ocrx_word' id='word_1_503' title='bbox 649 3957 799 4011; x_wconf 82' lang='grc' dir='ltr'><strong>κατά</strong></span> <span class='ocrx_word' id='word_1_504' title='bbox 819 3960 1007 4011; x_wconf 80' lang='grc' dir='ltr'>τόπον</span> <span class='ocrx_word' id='word_1_505' title='bbox 1039 3958 1425 4026; x_wconf 79' lang='grc' dir='ltr'>Ἐκκλησίαν.</span> <span class='ocrx_word' id='word_1_506' title='bbox 1446 3958 1663 4012; x_wconf 86' lang='lat' dir='ltr'><strong>Editttm</strong></span> <span class='ocrx_word' id='word_1_507' title='bbox 1682 3957 1861 4012; x_wconf 83' lang='lat' dir='ltr'><strong>fuerat</strong></span> 
     </span>
    </p>
   </div>
   <div class='ocr_carea' id='block_1_71' title="bbox 278 4027 1858 4100">
    <p class='ocr_par' dir='ltr' id='par_1_71' title="bbox 278 4027 1858 4100">
     <span class='ocr_line' id='line_1_71' title="bbox 278 4027 1858 4100; baseline 0.001 -19"><span class='ocrx_word' id='word_1_508' title='bbox 278 4029 378 4100; x_wconf 80' lang='grc' dir='ltr'><strong>τὴν</strong></span> <span class='ocrx_word' id='word_1_509' title='bbox 412 4027 780 4100; x_wconf 25' lang='grc' dir='ltr'>κατάΑΠόντον</span> <span class='ocrx_word' id='word_1_510' title='bbox 817 4027 1163 4099; x_wconf 79' lang='grc' dir='ltr'>Ἐκκλησίαν·</span> <span class='ocrx_word' id='word_1_511' title='bbox 1203 4030 1297 4083; x_wconf 88' lang='lat' dir='ltr'><strong>sed</strong></span> <span class='ocrx_word' id='word_1_512' title='bbox 1334 4030 1496 4099; x_wconf 86' lang='lat' dir='ltr'><strong>longe</strong></span> <span class='ocrx_word' id='word_1_513' title='bbox 1524 4029 1858 4097; x_wconf 76' lang='lat' dir='ltr'><strong>pracferenda</strong></span> 
     </span>
    </p>
   </div>
   <div class='ocr_carea' id='block_1_72' title="bbox 282 4097 1858 4169">
    <p class='ocr_par' dir='ltr' id='par_1_72' title="bbox 282 4097 1858 4169">
     <span class='ocr_line' id='line_1_72' title="bbox 282 4097 1858 4169; baseline 0.001 -17"><span class='ocrx_word' id='word_1_514' title='bbox 282 4097 367 4169; x_wconf 69' lang='lat' dir='ltr'><strong>est</strong></span> <span class='ocrx_word' id='word_1_515' title='bbox 398 4097 601 4152; x_wconf 88' lang='lat' dir='ltr'><strong>codicis</strong></span> <span class='ocrx_word' id='word_1_516' title='bbox 636 4099 782 4169; x_wconf 76' lang='lat' dir='ltr'><strong>Regii</strong></span> <span class='ocrx_word' id='word_1_517' title='bbox 840 4097 1132 4169; x_wconf 83' lang='lat' dir='ltr'><strong>scriptura,</strong></span> <span class='ocrx_word' id='word_1_518' title='bbox 1196 4115 1356 4169; x_wconf 71' lang='lat' dir='ltr'><strong>quam</strong></span> <span class='ocrx_word' id='word_1_519' title='bbox 1422 4097 1731 4169; x_wconf 64' lang='lat' dir='ltr'><strong>recepimus</strong></span> <span class='ocrx_word' id='word_1_520' title='bbox 1789 4115 1858 4153; x_wconf 80' lang='lat' dir='ltr'><strong>ex</strong></span> 
     </span>
    </p>
   </div>
   <div class='ocr_carea' id='block_1_73' title="bbox 284 4154 1855 4238">
    <p class='ocr_par' dir='ltr' id='par_1_73' title="bbox 284 4154 1855 4238">
     <span class='ocr_line' id='line_1_73' title="bbox 284 4154 1855 4238; baseline -0.001 -16"><span class='ocrx_word' id='word_1_521' title='bbox 284 4168 590 4238; x_wconf 85' lang='lat' dir='ltr'><strong>Nicephoro</strong></span> <span class='ocrx_word' id='word_1_522' title='bbox 658 4154 853 4223; x_wconf 52' lang='lat' dir='ltr'><strong>inulib.</strong></span> <span class='ocrx_word' id='word_1_523' title='bbox 906 4154 991 4233; x_wconf 69' lang='grc' dir='ltr'><strong>η’,</strong></span> <span class='ocrx_word' id='word_1_524' title='bbox 1059 4154 1177 4235; x_wconf 52' lang='grc' dir='ltr'><strong>(δεῖν.</strong></span> <span class='ocrx_word' id='word_1_525' title='bbox 1214 4154 1340 4233; x_wconf 60' lang='grc' dir='ltr'><strong>’ἳὸξ</strong></span> <span class='ocrx_word' id='word_1_526' title='bbox 1408 4170 1457 4222; x_wconf 88' lang='lat' dir='ltr'><strong>id</strong></span> <span class='ocrx_word' id='word_1_527' title='bbox 1504 4154 1609 4231; x_wconf 73' lang='lat' dir='ltr'><strong>est,</strong></span> <span class='ocrx_word' id='word_1_528' title='bbox 1668 4167 1855 4222; x_wconf 80' lang='lat' dir='ltr'><strong>Eccle-</strong></span> 
     </span>
    </p>
   </div>
   <div class='ocr_carea' id='block_1_74' title="bbox 284 4238 1857 4310">
    <p class='ocr_par' dir='ltr' id='par_1_74' title="bbox 284 4238 1857 4310">
     <span class='ocr_line' id='line_1_74' title="bbox 284 4238 1857 4310; baseline -0.001 -18"><span class='ocrx_word' id='word_1_529' title='bbox 284 4242 420 4293; x_wconf 79' lang='lat' dir='ltr'><strong>siam</strong></span> <span class='ocrx_word' id='word_1_530' title='bbox 450 4238 591 4310; x_wconf 77' lang='lat' dir='ltr'><strong>illius</strong></span> <span class='ocrx_word' id='word_1_531' title='bbox 618 4240 741 4301; x_wconf 72' lang='lat' dir='ltr'><strong>loci,</strong></span> <span class='ocrx_word' id='word_1_532' title='bbox 770 4240 1001 4310; x_wconf 62' lang='lat' dir='ltr'><strong>Ancyrae</strong></span> <span class='ocrx_word' id='word_1_533' title='bbox 1030 4241 1257 4295; x_wconf 86' lang='lat' dir='ltr'><strong>scilicet.</strong></span> <span class='ocrx_word' id='word_1_534' title='bbox 1295 4240 1385 4296; x_wconf 86' lang='lat' dir='ltr'><strong>Sic</strong></span> <span class='ocrx_word' id='word_1_535' title='bbox 1413 4240 1465 4293; x_wconf 91' lang='lat' dir='ltr'><strong>in</strong></span> <span class='ocrx_word' id='word_1_536' title='bbox 1501 4240 1857 4309; x_wconf 86' lang='lat' dir='ltr'><strong>inscriptione</strong></span> 
     </span>
    </p>
   </div>
   <div class='ocr_carea' id='block_1_75' title="bbox 286 4309 1855 4380">
    <p class='ocr_par' dir='ltr' id='par_1_75' title="bbox 286 4309 1855 4380">
     <span class='ocr_line' id='line_1_75' title="bbox 286 4309 1855 4380; baseline 0 -19"><span class='ocrx_word' id='word_1_537' title='bbox 286 4310 530 4376; x_wconf 59' lang='lat' dir='ltr'><strong>epistola</strong></span> <span class='ocrx_word' id='word_1_538' title='bbox 561 4309 972 4380; x_wconf 85' lang='lat' dir='ltr'><strong>Smyrnensium</strong></span> <span class='ocrx_word' id='word_1_539' title='bbox 1021 4312 1084 4363; x_wconf 88' lang='lat' dir='ltr'><strong>ad</strong></span> <span class='ocrx_word' id='word_1_540' title='bbox 1120 4310 1356 4379; x_wconf 89' lang='lat' dir='ltr'><strong>reliquas</strong></span> <span class='ocrx_word' id='word_1_541' title='bbox 1394 4311 1703 4363; x_wconf 85' lang='lat' dir='ltr'><strong>Ecclesias:</strong></span> <span class='ocrx_word' id='word_1_542' title='bbox 1743 4309 1855 4363; x_wconf 80' lang='grc' dir='ltr'><strong>Καὶ</strong></span> 
     </span>
    </p>
   </div>
   <div class='ocr_carea' id='block_1_76' title="bbox 286 4379 1857 4452">
    <p class='ocr_par' dir='ltr' id='par_1_76' title="bbox 286 4379 1857 4452">
     <span class='ocr_line' id='line_1_76' title="bbox 286 4379 1857 4452; baseline 0.001 -20"><span class='ocrx_word' id='word_1_543' title='bbox 286 4382 490 4452; x_wconf 81' lang='grc' dir='ltr'>πάσαις</span> <span class='ocrx_word' id='word_1_544' title='bbox 516 4382 635 4452; x_wconf 79' lang='grc' dir='ltr'>ταῖς</span> <span class='ocrx_word' id='word_1_545' title='bbox 660 4379 802 4433; x_wconf 85' lang='grc' dir='ltr'><strong>κατά</strong></span> <span class='ocrx_word' id='word_1_546' title='bbox 833 4380 1010 4452; x_wconf 83' lang='grc' dir='ltr'>πάντα</span> <span class='ocrx_word' id='word_1_547' title='bbox 1026 4382 1209 4452; x_wconf 21' lang='grc' dir='ltr'>Ῠτόπον</span> <span class='ocrx_word' id='word_1_548' title='bbox 1241 4382 1338 4452; x_wconf 85' lang='grc' dir='ltr'>τῆς</span> <span class='ocrx_word' id='word_1_549' title='bbox 1371 4381 1531 4449; x_wconf 89' lang='grc' dir='ltr'>ἀγίας</span> <span class='ocrx_word' id='word_1_550' title='bbox 1561 4380 1857 4452; x_wconf 59' lang='grc' dir='ltr'>καθολικῆς</span> 
     </span>
    </p>
   </div>
   <div class='ocr_carea' id='block_1_77' title="bbox 299 4450 1861 4521">
    <p class='ocr_par' dir='ltr' id='par_1_77' title="bbox 299 4450 1861 4521">
     <span class='ocr_line' id='line_1_77' title="bbox 299 4450 1861 4521; baseline 0.002 -18"><span class='ocrx_word' id='word_1_551' title='bbox 299 4451 623 4521; x_wconf 82' lang='grc' dir='ltr'>Ἐκκλησίας</span> <span class='ocrx_word' id='word_1_552' title='bbox 644 4451 971 4521; x_wconf 88' lang='grc' dir='ltr'>παροικίαις.</span> <span class='ocrx_word' id='word_1_553' title='bbox 1008 4451 1070 4503; x_wconf 85' lang='grc' dir='ltr'>Ει</span> <span class='ocrx_word' id='word_1_554' title='bbox 1097 4452 1236 4505; x_wconf 83' lang='lat' dir='ltr'><strong>infra</strong></span> <span class='ocrx_word' id='word_1_555' title='bbox 1266 4450 1316 4505; x_wconf 84' lang='lat' dir='ltr'><strong>in</strong></span> <span class='ocrx_word' id='word_1_556' title='bbox 1346 4455 1443 4506; x_wconf 85' lang='lat' dir='ltr'><strong>hac</strong></span> <span class='ocrx_word' id='word_1_557' title='bbox 1473 4453 1689 4521; x_wconf 75' lang='lat' dir='ltr'><strong>pagina.</strong></span> <span class='ocrx_word' id='word_1_558' title='bbox 1723 4450 1861 4506; x_wconf 71' lang='lat' dir='ltr'><strong>Tex-</strong></span> 
     </span>
    </p>
   </div>
   <div class='ocr_carea' id='block_1_78' title="bbox 292 4469 1189 4591">
    <p class='ocr_par' dir='ltr' id='par_1_78' title="bbox 292 4469 1189 4591">
     <span class='ocr_line' id='line_1_78' title="bbox 318 4469 1189 4521; baseline 0.002 -18"><span class='ocrx_word' id='word_1_559' title='bbox 318 4469 463 4504; x_wconf 71' lang='lat' dir='ltr'><strong>nxtu.</strong></span> <span class='ocrx_word' id='word_1_560' title='bbox 504 4469 623 4514; x_wconf 87' lang='grc' dir='ltr'>σιας</span> <span class='ocrx_word' id='word_1_561' title='bbox 644 4469 971 4521; x_wconf 87' lang='grc' dir='ltr'>παροικιαις.</span> <span class='ocrx_word' id='word_1_562' title='bbox 1008 4469 1070 4503; x_wconf 69' lang='grc' dir='ltr'><strong>ιιι</strong></span> <span class='ocrx_word' id='word_1_563' title='bbox 1099 4469 1189 4505; x_wconf 73' lang='grc' dir='ltr'>ιιιιι</span> 
     </span>
     <span class='ocr_line' id='line_1_79' title="bbox 292 4469 1189 4591; baseline 0.002 -17"><span class='ocrx_word' id='word_1_564' title='bbox 292 4531 382 4575; x_wconf 86' lang='lat' dir='ltr'><strong>tus</strong></span> <span class='ocrx_word' id='word_1_565' title='bbox 412 4469 554 4591; x_wconf 46' lang='lat' dir='ltr'><strong>mvig.</strong></span> <span class='ocrx_word' id='word_1_566' title='bbox 589 4532 771 4585; x_wconf 85' lang='lat' dir='ltr'><strong>antea,</strong></span> <span class='ocrx_word' id='word_1_567' title='bbox 802 4520 941 4573; x_wconf 82' lang='grc' dir='ltr'>κατὰ</span> <span class='ocrx_word' id='word_1_568' title='bbox 972 4522 1189 4577; x_wconf 85' lang='grc' dir='ltr'>Πόντον.</span> 
     </span>
    </p>
   </div>
   <div class='ocr_carea' id='block_1_79' title="bbox 360 4591 1853 4662">
    <p class='ocr_par' dir='ltr' id='par_1_79' title="bbox 360 4591 1853 4662">
     <span class='ocr_line' id='line_1_80' title="bbox 360 4591 1853 4662; baseline -0.001 -16"><span class='ocrx_word' id='word_1_569' title='bbox 360 4592 471 4662; x_wconf 88' lang='grc'>(90)</span> <span class='ocrx_word' id='word_1_570' title='bbox 504 4591 1116 4661; x_wconf 76' lang='grc' dir='ltr'>Διατεθρυλλημένην.</span> <span class='ocrx_word' id='word_1_571' title='bbox 1186 4594 1243 4646; x_wconf 89' lang='lat' dir='ltr'><strong>Id</strong></span> <span class='ocrx_word' id='word_1_572' title='bbox 1301 4602 1429 4656; x_wconf 85' lang='lat' dir='ltr'><strong>est,</strong></span> <span class='ocrx_word' id='word_1_573' title='bbox 1488 4602 1853 4660; x_wconf 82' lang='lat' dir='ltr'><strong>personantem</strong></span> 
     </span>
    </p>
   </div>
   <div class='ocr_carea' id='block_1_80' title="bbox 289 4662 1852 4731">
    <p class='ocr_par' dir='ltr' id='par_1_80' title="bbox 289 4662 1852 4731">
     <span class='ocr_line' id='line_1_81' title="bbox 289 4662 1852 4731; baseline 0 -15"><span class='ocrx_word' id='word_1_574' title='bbox 289 4678 353 4719; x_wconf 87' lang='lat' dir='ltr'><strong>ac</strong></span> <span class='ocrx_word' id='word_1_575' title='bbox 408 4671 831 4731; x_wconf 78' lang='lat' dir='ltr'><strong>perstrepentem.</strong></span> <span class='ocrx_word' id='word_1_576' title='bbox 871 4663 1005 4715; x_wconf 83' lang='lat' dir='ltr'><strong>&#39;l‘ota</strong></span> <span class='ocrx_word' id='word_1_577' title='bbox 1060 4662 1203 4716; x_wconf 90' lang='lat' dir='ltr'><strong>enim</strong></span> <span class='ocrx_word' id='word_1_578' title='bbox 1256 4662 1499 4718; x_wconf 86' lang='lat' dir='ltr'><strong>Ecclesia</strong></span> <span class='ocrx_word' id='word_1_579' title='bbox 1553 4663 1701 4717; x_wconf 89' lang='lat' dir='ltr'><strong>illius</strong></span> <span class='ocrx_word' id='word_1_580' title='bbox 1751 4664 1852 4717; x_wconf 90' lang='lat' dir='ltr'><strong>loci</strong></span> 
     </span>
    </p>
   </div>
   <div class='ocr_carea' id='block_1_81' title="bbox 289 4733 1855 4802">
    <p class='ocr_par' dir='ltr' id='par_1_81' title="bbox 289 4733 1855 4802">
     <span class='ocr_line' id='line_1_82' title="bbox 289 4733 1855 4802; baseline 0.001 -17"><span class='ocrx_word' id='word_1_581' title='bbox 289 4748 509 4787; x_wconf 86' lang='lat' dir='ltr'><strong>rumore</strong></span> <span class='ocrx_word' id='word_1_582' title='bbox 548 4748 699 4787; x_wconf 60' lang='lat' dir='ltr'><strong>nove</strong></span> <span class='ocrx_word' id='word_1_583' title='bbox 738 4733 1035 4800; x_wconf 64' lang='lat' dir='ltr'><strong>prophetiae</strong></span> <span class='ocrx_word' id='word_1_584' title='bbox 1056 4733 1406 4802; x_wconf 82' lang='lat' dir='ltr'><strong>personabat,</strong></span> <span class='ocrx_word' id='word_1_585' title='bbox 1436 4749 1557 4787; x_wconf 92' lang='lat' dir='ltr'><strong>cum</strong></span> <span class='ocrx_word' id='word_1_586' title='bbox 1586 4734 1655 4788; x_wconf 87' lang='lat' dir='ltr'><strong>ob</strong></span> <span class='ocrx_word' id='word_1_587' title='bbox 1690 4742 1855 4787; x_wconf 77' lang='lat' dir='ltr'><strong>tantze</strong></span> 
     </span>
    </p>
   </div>
   <div class='ocr_carea' id='block_1_82' title="bbox 292 4803 1854 4872">
    <p class='ocr_par' dir='ltr' id='par_1_82' title="bbox 292 4803 1854 4872">
     <span class='ocr_line' id='line_1_83' title="bbox 292 4803 1854 4872; baseline 0 -15"><span class='ocrx_word' id='word_1_588' title='bbox 292 4805 365 4857; x_wconf 85' lang='lat' dir='ltr'><strong>rei</strong></span> <span class='ocrx_word' id='word_1_589' title='bbox 399 4803 689 4856; x_wconf 83' lang='lat' dir='ltr'><strong>novitatem</strong></span> <span class='ocrx_word' id='word_1_590' title='bbox 721 4804 902 4856; x_wconf 91' lang='lat' dir='ltr'><strong>cuncti</strong></span> <span class='ocrx_word' id='word_1_591' title='bbox 948 4804 1014 4857; x_wconf 88' lang='lat' dir='ltr'><strong>de</strong></span> <span class='ocrx_word' id='word_1_592' title='bbox 1041 4817 1101 4857; x_wconf 86' lang='lat' dir='ltr'><strong>ea</strong></span> <span class='ocrx_word' id='word_1_593' title='bbox 1138 4819 1194 4857; x_wconf 90' lang='lat' dir='ltr'><strong>re</strong></span> <span class='ocrx_word' id='word_1_594' title='bbox 1231 4803 1603 4872; x_wconf 88' lang='lat' dir='ltr'><strong>loquerentur.</strong></span> <span class='ocrx_word' id='word_1_595' title='bbox 1638 4803 1717 4857; x_wconf 78' lang='lat' dir='ltr'><strong>Ex</strong></span> <span class='ocrx_word' id='word_1_596' title='bbox 1746 4820 1854 4871; x_wconf 86' lang='lat' dir='ltr'><strong>quo</strong></span> 
     </span>
    </p>
   </div>
   <div class='ocr_carea' id='block_1_83' title="bbox 290 4873 1855 4942">
    <p class='ocr_par' dir='ltr' id='par_1_83' title="bbox 290 4873 1855 4942">
     <span class='ocr_line' id='line_1_84' title="bbox 290 4873 1855 4942; baseline 0.001 -16"><span class='ocrx_word' id='word_1_597' title='bbox 290 4882 551 4941; x_wconf 84' lang='lat' dir='ltr'><strong>apparet,</strong></span> <span class='ocrx_word' id='word_1_598' title='bbox 582 4875 779 4927; x_wconf 88' lang='lat' dir='ltr'><strong>donum</strong></span> <span class='ocrx_word' id='word_1_599' title='bbox 811 4873 1107 4942; x_wconf 74' lang='lat' dir='ltr'><strong>prophetiae</strong></span> <span class='ocrx_word' id='word_1_600' title='bbox 1150 4873 1259 4939; x_wconf 87' lang='lat' dir='ltr'><strong>jam</strong></span> <span class='ocrx_word' id='word_1_601' title='bbox 1292 4884 1404 4926; x_wconf 90' lang='lat' dir='ltr'><strong>tmn</strong></span> <span class='ocrx_word' id='word_1_602' title='bbox 1437 4873 1538 4928; x_wconf 88' lang='lat' dir='ltr'><strong>illis</strong></span> <span class='ocrx_word' id='word_1_603' title='bbox 1593 4874 1855 4941; x_wconf 86' lang='lat' dir='ltr'><strong>tempori-</strong></span> 
     </span>
    </p>
   </div>
   <div class='ocr_carea' id='block_1_84' title="bbox 290 4943 1852 5011">
    <p class='ocr_par' dir='ltr' id='par_1_84' title="bbox 290 4943 1852 5011">
     <span class='ocr_line' id='line_1_85' title="bbox 290 4943 1852 5011; baseline -0.002 -11"><span class='ocrx_word' id='word_1_604' title='bbox 290 4946 393 5000; x_wconf 88' lang='lat' dir='ltr'><strong>bus</strong></span> <span class='ocrx_word' id='word_1_605' title='bbox 448 4943 499 4996; x_wconf 92' lang='lat' dir='ltr'><strong>in</strong></span> <span class='ocrx_word' id='word_1_606' title='bbox 545 4944 779 4997; x_wconf 83' lang='lat' dir='ltr'><strong>Ecclesia</strong></span> <span class='ocrx_word' id='word_1_607' title='bbox 832 4959 1015 4997; x_wconf 90' lang='lat' dir='ltr'><strong>rarum</strong></span> <span class='ocrx_word' id='word_1_608' title='bbox 1072 4954 1234 5011; x_wconf 87' lang='lat' dir='ltr'><strong>atque</strong></span> <span class='ocrx_word' id='word_1_609' title='bbox 1293 4944 1606 4997; x_wconf 85' lang='lat' dir='ltr'><strong>inusitatum</strong></span> <span class='ocrx_word' id='word_1_610' title='bbox 1649 4943 1852 5007; x_wconf 82' lang='lat' dir='ltr'><strong>fuisse;</strong></span> 
     </span>
    </p>
   </div>
   <div class='ocr_carea' id='block_1_85' title="bbox 290 5013 1853 5083">
    <p class='ocr_par' dir='ltr' id='par_1_85' title="bbox 290 5013 1853 5083">
     <span class='ocr_line' id='line_1_86' title="bbox 290 5013 1853 5083; baseline -0.001 -15"><span class='ocrx_word' id='word_1_611' title='bbox 290 5016 490 5082; x_wconf 84' lang='lat' dir='ltr'><strong>quippe</strong></span> <span class='ocrx_word' id='word_1_612' title='bbox 514 5030 636 5067; x_wconf 91' lang='lat' dir='ltr'><strong>cum</strong></span> <span class='ocrx_word' id='word_1_613' title='bbox 665 5022 851 5067; x_wconf 76' lang='lat' dir='ltr'><strong>exorta</strong></span> <span class='ocrx_word' id='word_1_614' title='bbox 892 5013 1126 5067; x_wconf 86' lang='lat' dir='ltr'><strong>MOntani</strong></span> <span class='ocrx_word' id='word_1_615' title='bbox 1180 5016 1480 5083; x_wconf 86' lang='lat' dir='ltr'><strong>prophetia,</strong></span> <span class='ocrx_word' id='word_1_616' title='bbox 1537 5024 1716 5068; x_wconf 85' lang='lat' dir='ltr'><strong>tantos</strong></span> <span class='ocrx_word' id='word_1_617' title='bbox 1767 5026 1853 5067; x_wconf 90' lang='lat' dir='ltr'><strong>tn-</strong></span> 
     </span>
    </p>
   </div>
   <div class='ocr_carea' id='block_1_86' title="bbox 292 5083 1854 5151">
    <p class='ocr_par' dir='ltr' id='par_1_86' title="bbox 292 5083 1854 5151">
     <span class='ocr_line' id='line_1_87' title="bbox 292 5083 1854 5151; baseline -0.001 -13"><span class='ocrx_word' id='word_1_618' title='bbox 292 5084 488 5138; x_wconf 85' lang='lat' dir='ltr'><strong>multus</strong></span> <span class='ocrx_word' id='word_1_619' title='bbox 534 5094 657 5138; x_wconf 90' lang='lat' dir='ltr'><strong>tunc</strong></span> <span class='ocrx_word' id='word_1_620' title='bbox 683 5085 941 5150; x_wconf 86' lang='lat' dir='ltr'><strong>temporis</strong></span> <span class='ocrx_word' id='word_1_621' title='bbox 972 5085 1024 5138; x_wconf 94' lang='lat' dir='ltr'><strong>in</strong></span> <span class='ocrx_word' id='word_1_622' title='bbox 1060 5083 1296 5137; x_wconf 80' lang='lat' dir='ltr'><strong>Ecclesia</strong></span> <span class='ocrx_word' id='word_1_623' title='bbox 1330 5086 1668 5139; x_wconf 79' lang='lat' dir='ltr'><strong>excitaverit.</strong></span> <span class='ocrx_word' id='word_1_624' title='bbox 1700 5084 1854 5151; x_wconf 86' lang='lat' dir='ltr'><strong>Quod</strong></span> 
     </span>
    </p>
   </div>
   <div class='ocr_carea' id='block_1_87' title="bbox 291 5156 1857 5224">
    <p class='ocr_par' dir='ltr' id='par_1_87' title="bbox 291 5156 1857 5224">
     <span class='ocr_line' id='line_1_88' title="bbox 291 5156 1857 5224; baseline -0.001 -15"><span class='ocrx_word' id='word_1_625' title='bbox 291 5167 437 5209; x_wconf 89' lang='lat' dir='ltr'><strong>certe</strong></span> <span class='ocrx_word' id='word_1_626' title='bbox 476 5170 581 5209; x_wconf 89' lang='lat' dir='ltr'><strong>non</strong></span> <span class='ocrx_word' id='word_1_627' title='bbox 611 5156 946 5219; x_wconf 84' lang='lat' dir='ltr'><strong>contigisset,</strong></span> <span class='ocrx_word' id='word_1_628' title='bbox 970 5157 1015 5208; x_wconf 87' lang='lat' dir='ltr'><strong>si</strong></span> <span class='ocrx_word' id='word_1_629' title='bbox 1052 5156 1294 5208; x_wconf 88' lang='lat' dir='ltr'><strong>solenme</strong></span> <span class='ocrx_word' id='word_1_630' title='bbox 1322 5165 1446 5208; x_wconf 88' lang='lat' dir='ltr'><strong>tttnc</strong></span> <span class='ocrx_word' id='word_1_631' title='bbox 1475 5172 1535 5209; x_wconf 91' lang='lat' dir='ltr'><strong>ac</strong></span> <span class='ocrx_word' id='word_1_632' title='bbox 1567 5157 1857 5224; x_wconf 82' lang='lat' dir='ltr'><strong>pervulga-</strong></span> 
     </span>
    </p>
   </div>
   <div class='ocr_carea' id='block_1_88' title="bbox 293 5224 1857 5294">
    <p class='ocr_par' dir='ltr' id='par_1_88' title="bbox 293 5224 1857 5294">
     <span class='ocr_line' id='line_1_89' title="bbox 293 5224 1857 5294; baseline 0.003 -18"><span class='ocrx_word' id='word_1_633' title='bbox 293 5235 405 5276; x_wconf 90' lang='lat' dir='ltr'><strong>tum</strong></span> <span class='ocrx_word' id='word_1_634' title='bbox 455 5225 507 5278; x_wconf 94' lang='lat' dir='ltr'><strong>in</strong></span> <span class='ocrx_word' id='word_1_635' title='bbox 570 5224 806 5278; x_wconf 85' lang='lat' dir='ltr'><strong>Ecclesia</strong></span> <span class='ocrx_word' id='word_1_636' title='bbox 851 5224 1039 5279; x_wconf 86' lang='lat' dir='ltr'><strong>fuisset</strong></span> <span class='ocrx_word' id='word_1_637' title='bbox 1091 5226 1387 5294; x_wconf 70' lang='lat' dir='ltr'><strong>prophetia:</strong></span> <span class='ocrx_word' id='word_1_638' title='bbox 1425 5227 1644 5279; x_wconf 89' lang='lat' dir='ltr'><strong>donttm.</strong></span> <span class='ocrx_word' id='word_1_639' title='bbox 1682 5224 1857 5281; x_wconf 86' lang='lat' dir='ltr'><strong>Porro</strong></span> 
     </span>
    </p>
   </div>
   <div class='ocr_carea' id='block_1_89' title="bbox 289 5294 1634 5367">
    <p class='ocr_par' dir='ltr' id='par_1_89' title="bbox 289 5294 1634 5367">
     <span class='ocr_line' id='line_1_90' title="bbox 289 5294 1634 5367; baseline 0.001 -20"><span class='ocrx_word' id='word_1_640' title='bbox 289 5294 811 5367; x_wconf 75' lang='grc' dir='ltr'>διατεθρυλλημένην</span> <span class='ocrx_word' id='word_1_641' title='bbox 841 5295 1053 5365; x_wconf 81' lang='lat' dir='ltr'><strong>Langus</strong></span> <span class='ocrx_word' id='word_1_642' title='bbox 1085 5298 1247 5349; x_wconf 90' lang='lat' dir='ltr'><strong>vertit</strong></span> <span class='ocrx_word' id='word_1_643' title='bbox 1278 5296 1634 5348; x_wconf 83' lang='lat' dir='ltr'><strong>decantatam.</strong></span> 
     </span>
    </p>
   </div>
   <div class='ocr_carea' id='block_1_90' title="bbox 364 5364 1856 5436">
    <p class='ocr_par' dir='ltr' id='par_1_90' title="bbox 364 5364 1856 5436">
     <span class='ocr_line' id='line_1_91' title="bbox 364 5364 1856 5436; baseline -0.001 -15"><span class='ocrx_word' id='word_1_644' title='bbox 364 5364 484 5436; x_wconf 79' lang='grc'>(91)</span> <span class='ocrx_word' id='word_1_645' title='bbox 504 5364 764 5419; x_wconf 77' lang='grc' dir='ltr'>’Έκαστά</span> <span class='ocrx_word' id='word_1_646' title='bbox 787 5383 871 5420; x_wconf 79' lang='grc' dir='ltr'>τε.</span> <span class='ocrx_word' id='word_1_647' title='bbox 913 5364 1226 5434; x_wconf 82' lang='lat' dir='ltr'><strong>Atnplector</strong></span> <span class='ocrx_word' id='word_1_648' title='bbox 1256 5366 1856 5420; x_wconf 83' lang='lat' dir='ltr'><strong>emendationemChri-</strong></span> 
     </span>
    </p>
   </div>
   <div class='ocr_carea' id='block_1_91' title="bbox 292 5436 1853 5507">
    <p class='ocr_par' dir='ltr' id='par_1_91' title="bbox 292 5436 1853 5507">
     <span class='ocr_line' id='line_1_92' title="bbox 292 5436 1853 5507; baseline 0.001 -18"><span class='ocrx_word' id='word_1_649' title='bbox 292 5437 658 5502; x_wconf 83' lang='lat' dir='ltr'><strong>stopltorsoni,</strong></span> <span class='ocrx_word' id='word_1_650' title='bbox 687 5436 777 5507; x_wconf 89' lang='lat' dir='ltr'><strong>qui</strong></span> <span class='ocrx_word' id='word_1_651' title='bbox 808 5436 1063 5490; x_wconf 77' lang='grc' dir='ltr'>ἑκάστοτε</span> <span class='ocrx_word' id='word_1_652' title='bbox 1096 5436 1355 5498; x_wconf 80' lang='lat' dir='ltr'><strong>correxit,</strong></span> <span class='ocrx_word' id='word_1_653' title='bbox 1400 5436 1451 5489; x_wconf 90' lang='lat' dir='ltr'><strong>id</strong></span> <span class='ocrx_word' id='word_1_654' title='bbox 1490 5446 1592 5507; x_wconf 90' lang='lat' dir='ltr'><strong>est,</strong></span> <span class='ocrx_word' id='word_1_655' title='bbox 1621 5437 1853 5501; x_wconf 80' lang='lat' dir='ltr'><strong>assidue,</strong></span> 
     </span>
    </p>
   </div>
   <div class='ocr_carea' id='block_1_92' title="bbox 292 5506 1853 5577">
    <p class='ocr_par' dir='ltr' id='par_1_92' title="bbox 292 5506 1853 5577">
     <span class='ocr_line' id='line_1_93' title="bbox 292 5506 1853 5577; baseline 0.002 -20"><span class='ocrx_word' id='word_1_656' title='bbox 292 5509 539 5577; x_wconf 77' lang='lat' dir='ltr'><strong>quotidie,</strong></span> <span class='ocrx_word' id='word_1_657' title='bbox 570 5517 622 5560; x_wconf 83' lang='lat' dir='ltr'><strong>et</strong></span> <span class='ocrx_word' id='word_1_658' title='bbox 647 5506 725 5561; x_wconf 88' lang='lat' dir='ltr'><strong>sic</strong></span> <span class='ocrx_word' id='word_1_659' title='bbox 760 5507 994 5561; x_wconf 81' lang='lat' dir='ltr'><strong>Savilius</strong></span> <span class='ocrx_word' id='word_1_660' title='bbox 1010 5508 1075 5559; x_wconf 88' lang='lat' dir='ltr'><strong>ad</strong></span> <span class='ocrx_word' id='word_1_661' title='bbox 1094 5522 1253 5577; x_wconf 11' lang='lat' dir='ltr'><strong>oram,</strong></span> <span class='ocrx_word' id='word_1_662' title='bbox 1268 5507 1393 5577; x_wconf 84' lang='lat' dir='ltr'><strong>libri</strong></span> <span class='ocrx_word' id='word_1_663' title='bbox 1409 5507 1490 5561; x_wconf 90' lang='lat' dir='ltr'><strong>sui</strong></span> <span class='ocrx_word' id='word_1_664' title='bbox 1526 5506 1853 5577; x_wconf 84' lang='lat' dir='ltr'><strong>emendavit.</strong></span> 
     </span>
    </p>
   </div>
   <div class='ocr_carea' id='block_1_93' title="bbox 362 5576 1858 5647">
    <p class='ocr_par' dir='ltr' id='par_1_93' title="bbox 362 5576 1858 5647">
     <span class='ocr_line' id='line_1_94' title="bbox 362 5576 1858 5647; baseline 0 -16"><span class='ocrx_word' id='word_1_665' title='bbox 362 5577 472 5647; x_wconf 81' lang='lat'><strong>(9‘2)</strong></span> <span class='ocrx_word' id='word_1_666' title='bbox 500 5578 606 5631; x_wconf 77' lang='grc' dir='ltr'><strong>Καὶ</strong></span> <span class='ocrx_word' id='word_1_667' title='bbox 647 5577 787 5643; x_wconf 83' lang='grc' dir='ltr'>τοὺς</span> <span class='ocrx_word' id='word_1_668' title='bbox 832 5577 1192 5643; x_wconf 71' lang='grc' dir='ltr'>ἀντιθέτους.</span> <span class='ocrx_word' id='word_1_669' title='bbox 1242 5576 1419 5647; x_wconf 80' lang='lat' dir='ltr'><strong>Malim</strong></span> <span class='ocrx_word' id='word_1_670' title='bbox 1467 5576 1762 5641; x_wconf 86' lang='grc' dir='ltr'>ἀντιθέους,</span> <span class='ocrx_word' id='word_1_671' title='bbox 1800 5586 1858 5631; x_wconf 85' lang='grc' dir='ltr'><strong>ιιι</strong></span> 
     </span>
    </p>
   </div>
   <div class='ocr_carea' id='block_1_94' title="bbox 292 5646 1855 5719">
    <p class='ocr_par' dir='ltr' id='par_1_94' title="bbox 292 5646 1855 5719">
     <span class='ocr_line' id='line_1_95' title="bbox 292 5646 1855 5719; baseline -0.001 -18"><span class='ocrx_word' id='word_1_672' title='bbox 292 5646 491 5715; x_wconf 82' lang='lat' dir='ltr'><strong>legitur</strong></span> <span class='ocrx_word' id='word_1_673' title='bbox 548 5649 613 5702; x_wconf 92' lang='lat' dir='ltr'><strong>ad</strong></span> <span class='ocrx_word' id='word_1_674' title='bbox 666 5649 975 5719; x_wconf 87' lang='lat' dir='ltr'><strong>marginem</strong></span> <span class='ocrx_word' id='word_1_675' title='bbox 1016 5646 1855 5719; x_wconf 79' lang='lat' dir='ltr'><strong>editionis_Genevensis._Cum</strong></span> 
     </span>
    </p>
   </div>
   <div class='ocr_carea' id='block_1_95' title="bbox 291 5716 1853 5788">
    <p class='ocr_par' dir='ltr' id='par_1_95' title="bbox 291 5716 1853 5788">
     <span class='ocr_line' id='line_1_96' title="bbox 291 5716 1853 5788; baseline 0 -18"><span class='ocrx_word' id='word_1_676' title='bbox 291 5719 432 5770; x_wconf 85' lang='lat' dir='ltr'><strong>enim</strong></span> <span class='ocrx_word' id='word_1_677' title='bbox 462 5720 571 5787; x_wconf 88' lang='lat' dir='ltr'><strong>jam</strong></span> <span class='ocrx_word' id='word_1_678' title='bbox 624 5716 823 5772; x_wconf 72' lang='lat' dir='ltr'><strong>dixerit</strong></span> <span class='ocrx_word' id='word_1_679' title='bbox 874 5719 997 5782; x_wconf 81' lang='grc' dir='ltr'>τοὺς</span> <span class='ocrx_word' id='word_1_680' title='bbox 1056 5716 1362 5783; x_wconf 77' lang='grc' dir='ltr'>ἐξεναντίας</span> <span class='ocrx_word' id='word_1_681' title='bbox 1392 5717 1853 5788; x_wconf 87' lang='grc' dir='ltr'>ἀποκρουσθῆναι,</span> 
     </span>
    </p>
   </div>
   <div class='ocr_carea' id='block_1_96' title="bbox 293 5736 1857 5859">
    <p class='ocr_par' dir='ltr' id='par_1_96' title="bbox 293 5736 1857 5859">
     <span class='ocr_line' id='line_1_97' title="bbox 293 5736 1853 5788; baseline 0 -18"><span class='ocrx_word' id='word_1_682' title='bbox 293 5736 432 5770; x_wconf 77' lang='lat' dir='ltr'><strong>enim</strong></span> <span class='ocrx_word' id='word_1_683' title='bbox 462 5736 571 5787; x_wconf 83' lang='lat' dir='ltr'><strong>jam</strong></span> <span class='ocrx_word' id='word_1_684' title='bbox 624 5736 823 5772; x_wconf 77' lang='lat' dir='ltr'><strong>uixerit</strong></span> <span class='ocrx_word' id='word_1_685' title='bbox 874 5736 997 5782; x_wconf 86' lang='grc' dir='ltr'>τους</span> <span class='ocrx_word' id='word_1_686' title='bbox 1056 5736 1362 5783; x_wconf 81' lang='grc' dir='ltr'>εςεναντιας</span> <span class='ocrx_word' id='word_1_687' title='bbox 1392 5736 1538 5772; x_wconf 87' lang='grc' dir='ltr'>αποκ</span> <span class='ocrx_word' id='word_1_688' title='bbox 1575 5736 1853 5788; x_wconf 80' lang='grc' dir='ltr'>ουσυηναι,</span> 
     </span>
     <span class='ocr_line' id='line_1_98' title="bbox 293 5736 1857 5859; baseline 0 -17"><span class='ocrx_word' id='word_1_689' title='bbox 293 5788 625 5856; x_wconf 86' lang='lat' dir='ltr'><strong>ineptissima</strong></span> <span class='ocrx_word' id='word_1_690' title='bbox 671 5798 831 5859; x_wconf 15' lang='lat' dir='ltr'><strong>esset,</strong></span> <span class='ocrx_word' id='word_1_691' title='bbox 865 5788 1139 5859; x_wconf 89' lang='lat' dir='ltr'><strong>repetitio,</strong></span> <span class='ocrx_word' id='word_1_692' title='bbox 1169 5789 1211 5842; x_wconf 92' lang='lat' dir='ltr'><strong>si</strong></span> <span class='ocrx_word' id='word_1_693' title='bbox 1252 5788 1378 5851; x_wconf 67' lang='grc' dir='ltr'>τοὺς</span> <span class='ocrx_word' id='word_1_694' title='bbox 1413 5736 1725 5851; x_wconf 58' lang='grc' dir='ltr'>ὰντιὲἐτους</span> <span class='ocrx_word' id='word_1_695' title='bbox 1754 5790 1857 5843; x_wconf 88' lang='lat' dir='ltr'><strong>ite-</strong></span> 
     </span>
    </p>
   </div>
   <div class='ocr_carea' id='block_1_97' title="bbox 294 5858 1853 5929">
    <p class='ocr_par' dir='ltr' id='par_1_97' title="bbox 294 5858 1853 5929">
     <span class='ocr_line' id='line_1_99' title="bbox 294 5858 1853 5929; baseline 0.002 -19"><span class='ocrx_word' id='word_1_696' title='bbox 294 5874 411 5911; x_wconf 84' lang='lat' dir='ltr'><strong>rum</strong></span> <span class='ocrx_word' id='word_1_697' title='bbox 436 5858 758 5915; x_wconf 84' lang='lat' dir='ltr'><strong>nominaret.</strong></span> <span class='ocrx_word' id='word_1_698' title='bbox 795 5858 989 5915; x_wconf 82' lang='lat' dir='ltr'><strong>Verum</strong></span> <span class='ocrx_word' id='word_1_699' title='bbox 1020 5859 1320 5922; x_wconf 83' lang='grc' dir='ltr'>ἀντιθέους,</span> <span class='ocrx_word' id='word_1_700' title='bbox 1357 5862 1499 5928; x_wconf 87' lang='lat' dir='ltr'><strong>quod</strong></span> <span class='ocrx_word' id='word_1_701' title='bbox 1534 5861 1690 5929; x_wconf 85' lang='lat' dir='ltr'><strong>longe</strong></span> <span class='ocrx_word' id='word_1_702' title='bbox 1729 5876 1853 5928; x_wconf 82' lang='lat' dir='ltr'><strong>gra-</strong></span> 
     </span>
    </p>
   </div>
   <div class='ocr_carea' id='block_1_98' title="bbox 1968 3294 3540 3365">
    <p class='ocr_par' dir='ltr' id='par_1_98' title="bbox 1968 3294 3540 3365">
     <span class='ocr_line' id='line_1_100' title="bbox 1968 3294 3540 3365; baseline 0.004 -18"><span class='ocrx_word' id='word_1_703' title='bbox 1968 3294 2132 3351; x_wconf 84' lang='lat' dir='ltr'><strong>Vicus</strong></span> <span class='ocrx_word' id='word_1_704' title='bbox 2163 3295 2380 3365; x_wconf 89' lang='lat' dir='ltr'><strong>quidam</strong></span> <span class='ocrx_word' id='word_1_705' title='bbox 2432 3310 2553 3351; x_wconf 88' lang='lat' dir='ltr'><strong>esse</strong></span> <span class='ocrx_word' id='word_1_706' title='bbox 2612 3296 2812 3351; x_wconf 90' lang='lat' dir='ltr'><strong>dicitur</strong></span> <span class='ocrx_word' id='word_1_707' title='bbox 2862 3296 2914 3349; x_wconf 91' lang='lat' dir='ltr'><strong>in</strong></span> <span class='ocrx_word' id='word_1_708' title='bbox 2972 3295 3141 3365; x_wconf 84' lang='lat' dir='ltr'><strong>Mysia</strong></span> <span class='ocrx_word' id='word_1_709' title='bbox 3199 3300 3540 3353; x_wconf 89' lang='lat' dir='ltr'><strong>contermina</strong></span> 
     </span>
    </p>
   </div>
   <div class='ocr_carea' id='block_1_99' title="bbox 1966 3388 3541 3462">
    <p class='ocr_par' dir='ltr' id='par_1_99' title="bbox 1966 3388 3541 3462">
     <span class='ocr_line' id='line_1_101' title="bbox 1966 3388 3541 3462; baseline 0.002 -18"><span class='ocrx_word' id='word_1_710' title='bbox 1966 3390 2215 3462; x_wconf 69' lang='lat' dir='ltr'><strong>Phrygim</strong></span> <span class='ocrx_word' id='word_1_711' title='bbox 2262 3391 2479 3446; x_wconf 91' lang='lat' dir='ltr'><strong>nomine</strong></span> <span class='ocrx_word' id='word_1_712' title='bbox 2504 3390 2742 3445; x_wconf 85' lang='lat' dir='ltr'><strong>Ardaba.</strong></span> <span class='ocrx_word' id='word_1_713' title='bbox 2799 3388 2853 3443; x_wconf 85' lang='lat' dir='ltr'><strong>in</strong></span> <span class='ocrx_word' id='word_1_714' title='bbox 2889 3404 2994 3457; x_wconf 91' lang='lat' dir='ltr'><strong>quo</strong></span> <span class='ocrx_word' id='word_1_715' title='bbox 3024 3389 3176 3445; x_wconf 87' lang='lat' dir='ltr'><strong>aiunt</strong></span> <span class='ocrx_word' id='word_1_716' title='bbox 3228 3391 3541 3447; x_wconf 79' lang='lat' dir='ltr'><strong>Montanum</strong></span> 
     </span>
    </p>
   </div>
   <div class='ocr_carea' id='block_1_100' title="bbox 1965 3481 3544 3553">
    <p class='ocr_par' dir='ltr' id='par_1_100' title="bbox 1965 3481 3544 3553">
     <span class='ocr_line' id='line_1_102' title="bbox 1965 3481 3544 3553; baseline 0.002 -17"><span class='ocrx_word' id='word_1_717' title='bbox 1965 3484 2256 3552; x_wconf 90' lang='lat' dir='ltr'><strong>quemdam</strong></span> <span class='ocrx_word' id='word_1_718' title='bbox 2289 3498 2356 3537; x_wconf 81' lang='lat' dir='ltr'><strong>ex</strong></span> <span class='ocrx_word' id='word_1_719' title='bbox 2390 3483 2457 3538; x_wconf 90' lang='lat' dir='ltr'><strong>iis</strong></span> <span class='ocrx_word' id='word_1_720' title='bbox 2495 3481 2584 3553; x_wconf 85' lang='lat' dir='ltr'><strong>qui</strong></span> <span class='ocrx_word' id='word_1_721' title='bbox 2616 3482 2849 3537; x_wconf 80' lang='lat' dir='ltr'><strong>ﬁdelium</strong></span> <span class='ocrx_word' id='word_1_722' title='bbox 2886 3499 3114 3538; x_wconf 90' lang='lat' dir='ltr'><strong>numero</strong></span> <span class='ocrx_word' id='word_1_723' title='bbox 3151 3499 3345 3540; x_wconf 88' lang='lat' dir='ltr'><strong>recens</strong></span> <span class='ocrx_word' id='word_1_724' title='bbox 3372 3486 3544 3541; x_wconf 90' lang='lat' dir='ltr'><strong>ascri-</strong></span> 
     </span>
    </p>
   </div>
   <div class='ocr_carea' id='block_1_101' title="bbox 1967 3572 3540 3645">
    <p class='ocr_par' dir='ltr' id='par_1_101' title="bbox 1967 3572 3540 3645">
     <span class='ocr_line' id='line_1_103' title="bbox 1967 3572 3540 3645; baseline 0.001 -19"><span class='ocrx_word' id='word_1_725' title='bbox 1967 3574 2040 3643; x_wconf 92' lang='lat' dir='ltr'><strong>pti</strong></span> <span class='ocrx_word' id='word_1_726' title='bbox 2065 3573 2301 3639; x_wconf 83' lang='lat' dir='ltr'><strong>fuerant,</strong></span> <span class='ocrx_word' id='word_1_727' title='bbox 2330 3572 2617 3628; x_wconf 90' lang='lat' dir='ltr'><strong>immodica</strong></span> <span class='ocrx_word' id='word_1_728' title='bbox 2645 3573 2805 3643; x_wconf 88' lang='lat' dir='ltr'><strong>primi</strong></span> <span class='ocrx_word' id='word_1_729' title='bbox 2843 3572 2945 3627; x_wconf 88' lang='lat' dir='ltr'><strong>loci</strong></span> <span class='ocrx_word' id='word_1_730' title='bbox 2982 3573 3279 3644; x_wconf 84' lang='lat' dir='ltr'><strong>cupiditate</strong></span> <span class='ocrx_word' id='word_1_731' title='bbox 3301 3584 3540 3645; x_wconf 86' lang='lat' dir='ltr'><strong>captum,</strong></span> 
     </span>
    </p>
   </div>
   <div class='ocr_carea' id='block_1_102' title="bbox 1965 3659 3544 3732">
    <p class='ocr_par' dir='ltr' id='par_1_102' title="bbox 1965 3659 3544 3732">
     <span class='ocr_line' id='line_1_104' title="bbox 1965 3659 3544 3732; baseline -0.001 -17"><span class='ocrx_word' id='word_1_732' title='bbox 1965 3662 2200 3732; x_wconf 90' lang='lat' dir='ltr'><strong>primum</strong></span> <span class='ocrx_word' id='word_1_733' title='bbox 2228 3662 2327 3717; x_wconf 91' lang='lat' dir='ltr'><strong>sub</strong></span> <span class='ocrx_word' id='word_1_734' title='bbox 2355 3660 2524 3717; x_wconf 85' lang='lat' dir='ltr'><strong>Grato</strong></span> <span class='ocrx_word' id='word_1_735' title='bbox 2548 3662 2689 3716; x_wconf 69' lang='lat' dir='ltr'><strong>Asiae</strong></span> <span class='ocrx_word' id='word_1_736' title='bbox 2709 3659 3031 3731; x_wconf 91' lang='lat' dir='ltr'><strong>proconsule</strong></span> <span class='ocrx_word' id='word_1_737' title='bbox 3058 3661 3259 3715; x_wconf 91' lang='lat' dir='ltr'><strong>aditum</strong></span> <span class='ocrx_word' id='word_1_738' title='bbox 3291 3661 3344 3715; x_wconf 90' lang='lat' dir='ltr'><strong>in</strong></span> <span class='ocrx_word' id='word_1_739' title='bbox 3370 3678 3426 3715; x_wconf 91' lang='lat' dir='ltr'><strong>se</strong></span> <span class='ocrx_word' id='word_1_740' title='bbox 3447 3662 3544 3715; x_wconf 88' lang='lat' dir='ltr'><strong>ad-</strong></span> 
     </span>
    </p>
   </div>
   <div class='ocr_carea' id='block_1_103' title="bbox 1966 3752 3539 3824">
    <p class='ocr_par' dir='ltr' id='par_1_103' title="bbox 1966 3752 3539 3824">
     <span class='ocr_line' id='line_1_105' title="bbox 1966 3752 3539 3824; baseline -0.001 -17"><span class='ocrx_word' id='word_1_741' title='bbox 1966 3754 2213 3810; x_wconf 87' lang='lat' dir='ltr'><strong>versario</strong></span> <span class='ocrx_word' id='word_1_742' title='bbox 2236 3752 2455 3824; x_wconf 90' lang='lat' dir='ltr'><strong>spiritui</strong></span> <span class='ocrx_word' id='word_1_743' title='bbox 2486 3753 2784 3823; x_wconf 65' lang='lat' dir='ltr'><strong>praebuisse</strong></span> <span class='ocrx_word' id='word_1_744' title='bbox 2816 3772 2830 3809; x_wconf 90' lang='lat'><strong>:</strong></span> <span class='ocrx_word' id='word_1_745' title='bbox 2877 3762 2933 3809; x_wconf 91' lang='lat' dir='ltr'><strong>et</strong></span> <span class='ocrx_word' id='word_1_746' title='bbox 2974 3754 3220 3808; x_wconf 63' lang='lat' dir='ltr'><strong>daemone</strong></span> <span class='ocrx_word' id='word_1_747' title='bbox 3269 3753 3539 3823; x_wconf 89' lang='lat' dir='ltr'><strong>repletum</strong></span> 
     </span>
    </p>
   </div>
   <div class='ocr_carea' id='block_1_104' title="bbox 1967 3957 3544 4026">
    <p class='ocr_par' dir='ltr' id='par_1_104' title="bbox 1967 3957 3544 4026">
     <span class='ocr_line' id='line_1_106' title="bbox 1967 3957 3544 4026; baseline 0.004 -21"><span class='ocrx_word' id='word_1_748' title='bbox 1967 3958 2089 4013; x_wconf 79' lang='lat' dir='ltr'><strong>vius</strong></span> <span class='ocrx_word' id='word_1_749' title='bbox 2109 3967 2215 4020; x_wconf 86' lang='lat' dir='ltr'><strong>est,</strong></span> <span class='ocrx_word' id='word_1_750' title='bbox 2256 3958 2495 4026; x_wconf 84' lang='lat' dir='ltr'><strong>appellat</strong></span> <span class='ocrx_word' id='word_1_751' title='bbox 2547 3958 2923 4017; x_wconf 81' lang='lat' dir='ltr'><strong>Montanistas.</strong></span> <span class='ocrx_word' id='word_1_752' title='bbox 2952 3959 3004 4013; x_wconf 91' lang='lat' dir='ltr'><strong>id</strong></span> <span class='ocrx_word' id='word_1_753' title='bbox 3030 3966 3135 4025; x_wconf 87' lang='lat' dir='ltr'><strong>est,</strong></span> <span class='ocrx_word' id='word_1_754' title='bbox 3171 3957 3267 4011; x_wconf 82' lang='lat' dir='ltr'><strong>Dei</strong></span> <span class='ocrx_word' id='word_1_755' title='bbox 3293 3960 3544 4012; x_wconf 77' lang='lat' dir='ltr'><strong>adversa-</strong></span> 
     </span>
    </p>
   </div>
   <div class='ocr_carea' id='block_1_105' title="bbox 1968 4028 3543 4098">
    <p class='ocr_par' dir='ltr' id='par_1_105' title="bbox 1968 4028 3543 4098">
     <span class='ocr_line' id='line_1_107' title="bbox 1968 4028 3543 4098; baseline 0.001 -19"><span class='ocrx_word' id='word_1_756' title='bbox 1968 4032 2096 4093; x_wconf 82' lang='lat' dir='ltr'><strong>rios,</strong></span> <span class='ocrx_word' id='word_1_757' title='bbox 2137 4044 2202 4082; x_wconf 93' lang='lat' dir='ltr'><strong>eo</strong></span> <span class='ocrx_word' id='word_1_758' title='bbox 2222 4031 2361 4096; x_wconf 87' lang='lat' dir='ltr'><strong>quod</strong></span> <span class='ocrx_word' id='word_1_759' title='bbox 2391 4045 2586 4083; x_wconf 89' lang='lat' dir='ltr'><strong>novum</strong></span> <span class='ocrx_word' id='word_1_760' title='bbox 2615 4028 2954 4084; x_wconf 87' lang='lat' dir='ltr'><strong>Paracletum</strong></span> <span class='ocrx_word' id='word_1_761' title='bbox 2994 4029 3337 4083; x_wconf 87' lang='lat' dir='ltr'><strong>inducerent.</strong></span> <span class='ocrx_word' id='word_1_762' title='bbox 3363 4030 3543 4098; x_wconf 86' lang='lat' dir='ltr'><strong>Atque</strong></span> 
     </span>
    </p>
   </div>
   <div class='ocr_carea' id='block_1_106' title="bbox 1968 4098 3542 4166">
    <p class='ocr_par' dir='ltr' id='par_1_106' title="bbox 1968 4098 3542 4166">
     <span class='ocr_line' id='line_1_108' title="bbox 1968 4098 3542 4166; baseline 0.001 -14"><span class='ocrx_word' id='word_1_763' title='bbox 1968 4099 2038 4152; x_wconf 91' lang='lat' dir='ltr'><strong>ita</strong></span> <span class='ocrx_word' id='word_1_764' title='bbox 2088 4101 2138 4152; x_wconf 93' lang='lat' dir='ltr'><strong>in</strong></span> <span class='ocrx_word' id='word_1_765' title='bbox 2194 4101 2379 4153; x_wconf 86' lang='lat' dir='ltr'><strong>codice</strong></span> <span class='ocrx_word' id='word_1_766' title='bbox 2410 4098 2544 4152; x_wconf 80' lang='lat' dir='ltr'><strong>Fuk.</strong></span> <span class='ocrx_word' id='word_1_767' title='bbox 2581 4110 2633 4152; x_wconf 88' lang='lat' dir='ltr'><strong>et</strong></span> <span class='ocrx_word' id='word_1_768' title='bbox 2664 4098 2833 4154; x_wconf 88' lang='lat' dir='ltr'><strong>Savil.</strong></span> <span class='ocrx_word' id='word_1_769' title='bbox 2876 4100 3136 4166; x_wconf 86' lang='lat' dir='ltr'><strong>scriptum</strong></span> <span class='ocrx_word' id='word_1_770' title='bbox 3178 4098 3428 4153; x_wconf 86' lang='lat' dir='ltr'><strong>habetur.</strong></span> <span class='ocrx_word' id='word_1_771' title='bbox 3483 4098 3542 4153; x_wconf 92' lang='lat' dir='ltr'><strong>Si</strong></span> 
     </span>
    </p>
   </div>
   <div class='ocr_carea' id='block_1_107' title="bbox 1964 4169 3543 4237">
    <p class='ocr_par' dir='ltr' id='par_1_107' title="bbox 1964 4169 3543 4237">
     <span class='ocr_line' id='line_1_109' title="bbox 1964 4169 3543 4237; baseline 0.001 -16"><span class='ocrx_word' id='word_1_772' title='bbox 1964 4170 2085 4237; x_wconf 85' lang='lat' dir='ltr'><strong>quis</strong></span> <span class='ocrx_word' id='word_1_773' title='bbox 2117 4186 2248 4223; x_wconf 90' lang='lat' dir='ltr'><strong>vero</strong></span> <span class='ocrx_word' id='word_1_774' title='bbox 2281 4169 2589 4233; x_wconf 84' lang='grc' dir='ltr'>ἀντιθέτους</span> <span class='ocrx_word' id='word_1_775' title='bbox 2624 4170 2858 4224; x_wconf 85' lang='lat' dir='ltr'><strong>retinere</strong></span> <span class='ocrx_word' id='word_1_776' title='bbox 2923 4170 3193 4228; x_wconf 86' lang='lat' dir='ltr'><strong>maluerit.</strong></span> <span class='ocrx_word' id='word_1_777' title='bbox 3232 4184 3337 4222; x_wconf 91' lang='lat' dir='ltr'><strong>non</strong></span> <span class='ocrx_word' id='word_1_778' title='bbox 3379 4184 3543 4237; x_wconf 88' lang='lat' dir='ltr'><strong>repu-</strong></span> 
     </span>
    </p>
   </div>
   <div class='ocr_carea' id='block_1_108' title="bbox 1966 4238 3545 4309">
    <p class='ocr_par' dir='ltr' id='par_1_108' title="bbox 1966 4238 3545 4309">
     <span class='ocr_line' id='line_1_110' title="bbox 1966 4238 3545 4309; baseline 0.001 -18"><span class='ocrx_word' id='word_1_779' title='bbox 1966 4241 2164 4307; x_wconf 85' lang='lat' dir='ltr'><strong>gnabo.</strong></span> <span class='ocrx_word' id='word_1_780' title='bbox 2200 4240 2339 4293; x_wconf 86' lang='lat' dir='ltr'><strong>infra</strong></span> <span class='ocrx_word' id='word_1_781' title='bbox 2373 4241 2517 4293; x_wconf 90' lang='lat' dir='ltr'><strong>enim</strong></span> <span class='ocrx_word' id='word_1_782' title='bbox 2555 4242 2810 4296; x_wconf 89' lang='lat' dir='ltr'><strong>dicuntur</strong></span> <span class='ocrx_word' id='word_1_783' title='bbox 2851 4238 3356 4309; x_wconf 68' lang='grc' dir='ltr'>ἀντιδιατιθέμενοι,</span> <span class='ocrx_word' id='word_1_784' title='bbox 3390 4250 3449 4291; x_wconf 88' lang='grc' dir='ltr'><strong>ιιι</strong></span> <span class='ocrx_word' id='word_1_785' title='bbox 3488 4246 3545 4293; x_wconf 81' lang='lat' dir='ltr'><strong>et</strong></span> 
     </span>
    </p>
   </div>
   <div class='ocr_carea' id='block_1_109' title="bbox 1968 4308 3545 4379">
    <p class='ocr_par' dir='ltr' id='par_1_109' title="bbox 1968 4308 3545 4379">
     <span class='ocr_line' id='line_1_111' title="bbox 1968 4308 3545 4379; baseline 0.003 -17"><span class='ocrx_word' id='word_1_786' title='bbox 1968 4311 2103 4375; x_wconf 88' lang='lat' dir='ltr'><strong>apud</strong></span> <span class='ocrx_word' id='word_1_787' title='bbox 2129 4310 2289 4379; x_wconf 83' lang='lat' dir='ltr'><strong>Greg.</strong></span> <span class='ocrx_word' id='word_1_788' title='bbox 2328 4310 2643 4376; x_wconf 81' lang='lat' dir='ltr'><strong>Nyssaenum</strong></span> <span class='ocrx_word' id='word_1_789' title='bbox 2690 4311 2781 4364; x_wconf 91' lang='lat' dir='ltr'><strong>lib.</strong></span> <span class='ocrx_word' id='word_1_790' title='bbox 2820 4326 2834 4363; x_wconf 88' lang='grc' dir='ltr'><strong>ι</strong></span> <span class='ocrx_word' id='word_1_791' title='bbox 2868 4312 3068 4365; x_wconf 80' lang='lat' dir='ltr'><strong>Contra</strong></span> <span class='ocrx_word' id='word_1_792' title='bbox 3115 4308 3455 4374; x_wconf 75' lang='lat' dir='ltr'><strong>Eunomium,</strong></span> <span class='ocrx_word' id='word_1_793' title='bbox 3488 4321 3545 4366; x_wconf 83' lang='lat' dir='ltr'><strong>et</strong></span> 
     </span>
    </p>
   </div>
   <div class='ocr_carea' id='block_1_110' title="bbox 1965 4379 2705 4435">
    <p class='ocr_par' dir='ltr' id='par_1_110' title="bbox 1965 4379 2705 4435">
     <span class='ocr_line' id='line_1_112' title="bbox 1965 4379 2705 4435; baseline 0 -2"><span class='ocrx_word' id='word_1_794' title='bbox 1965 4379 2190 4435; x_wconf 78' lang='lat' dir='ltr'><strong>Paulum</strong></span> <span class='ocrx_word' id='word_1_795' title='bbox 2221 4381 2271 4431; x_wconf 90' lang='lat' dir='ltr'><strong>in</strong></span> <span class='ocrx_word' id='word_1_796' title='bbox 2301 4382 2337 4433; x_wconf 94' lang='lat' dir='ltr'><strong>Il</strong></span> <span class='ocrx_word' id='word_1_797' title='bbox 2377 4383 2445 4431; x_wconf 86' lang='lat' dir='ltr'><strong>ad</strong></span> <span class='ocrx_word' id='word_1_798' title='bbox 2476 4379 2705 4433; x_wconf 82' lang='lat' dir='ltr'><strong>Timotlt.</strong></span> 
     </span>
    </p>
   </div>
   <div class='ocr_carea' id='block_1_111' title="bbox 2040 4448 3539 4519">
    <p class='ocr_par' dir='ltr' id='par_1_111' title="bbox 2040 4448 3539 4519">
     <span class='ocr_line' id='line_1_113' title="bbox 2040 4448 3539 4519; baseline -0.001 -16"><span class='ocrx_word' id='word_1_799' title='bbox 2040 4450 2151 4519; x_wconf 76' lang='grc'>(95)</span> <span class='ocrx_word' id='word_1_800' title='bbox 2192 4450 2306 4505; x_wconf 83' lang='grc' dir='ltr'><strong>Τοῦ</strong></span> <span class='ocrx_word' id='word_1_801' title='bbox 2350 4450 2653 4518; x_wconf 80' lang='grc' dir='ltr'>Ὄτρηνοῦ.</span> <span class='ocrx_word' id='word_1_802' title='bbox 2685 4450 2819 4504; x_wconf 88' lang='lat' dir='ltr'><strong>Male</strong></span> <span class='ocrx_word' id='word_1_803' title='bbox 2849 4449 2986 4519; x_wconf 89' lang='lat' dir='ltr'><strong>apud</strong></span> <span class='ocrx_word' id='word_1_804' title='bbox 3014 4448 3374 4518; x_wconf 84' lang='lat' dir='ltr'><strong>Nicephorum</strong></span> <span class='ocrx_word' id='word_1_805' title='bbox 3410 4449 3539 4514; x_wconf 82' lang='lat' dir='ltr'><strong>legi-</strong></span> 
     </span>
    </p>
   </div>
   <div class='ocr_carea' id='block_1_112' title="bbox 1885 4520 3545 4602">
    <p class='ocr_par' dir='ltr' id='par_1_112' title="bbox 1885 4520 3545 4602">
     <span class='ocr_line' id='line_1_114' title="bbox 1885 4520 3545 4602; baseline -0.002 -27"><span class='ocrx_word' id='word_1_806' title='bbox 1885 4542 1934 4602; x_wconf 80' lang='grc' dir='ltr'><strong>ι)</strong></span> <span class='ocrx_word' id='word_1_807' title='bbox 1962 4530 2049 4602; x_wconf 76' lang='lat' dir='ltr'><strong>tur</strong></span> <span class='ocrx_word' id='word_1_808' title='bbox 2072 4520 2386 4602; x_wconf 52' lang='grc' dir='ltr'>Ὀσξρηνοῢ.</span> <span class='ocrx_word' id='word_1_809' title='bbox 2418 4521 2837 4602; x_wconf 54' lang='grc' dir='ltr'>υἰξιὶηειιρηρυε</span> <span class='ocrx_word' id='word_1_810' title='bbox 2865 4531 3044 4602; x_wconf 79' lang='lat' dir='ltr'><strong>autem</strong></span> <span class='ocrx_word' id='word_1_811' title='bbox 3079 4520 3292 4602; x_wconf 77' lang='lat' dir='ltr'><strong>videtur</strong></span> <span class='ocrx_word' id='word_1_812' title='bbox 3321 4521 3409 4575; x_wconf 91' lang='lat' dir='ltr'><strong>hic</strong></span> <span class='ocrx_word' id='word_1_813' title='bbox 3436 4520 3545 4602; x_wconf 76' lang='lat' dir='ltr'><strong>Z_o-</strong></span> 
     </span>
    </p>
   </div>
   <div class='ocr_carea' id='block_1_113' title="bbox 1966 4590 3542 4659">
    <p class='ocr_par' dir='ltr' id='par_1_113' title="bbox 1966 4590 3542 4659">
     <span class='ocr_line' id='line_1_115' title="bbox 1966 4590 3542 4659; baseline 0.001 -15"><span class='ocrx_word' id='word_1_814' title='bbox 1966 4593 2106 4647; x_wconf 89' lang='lat' dir='ltr'><strong>ticus</strong></span> <span class='ocrx_word' id='word_1_815' title='bbox 2146 4590 2383 4646; x_wconf 85' lang='lat' dir='ltr'><strong>Otrenus</strong></span> <span class='ocrx_word' id='word_1_816' title='bbox 2412 4607 2439 4643; x_wconf 85' lang='lat' dir='ltr'><strong>a</strong></span> <span class='ocrx_word' id='word_1_817' title='bbox 2473 4590 2680 4654; x_wconf 86' lang='lat' dir='ltr'><strong>Zotico,</strong></span> <span class='ocrx_word' id='word_1_818' title='bbox 2718 4591 3043 4644; x_wconf 80' lang='lat' dir='ltr'><strong>Comanensi</strong></span> <span class='ocrx_word' id='word_1_819' title='bbox 3079 4591 3362 4659; x_wconf 82' lang='lat' dir='ltr'><strong>episeopo.</strong></span> <span class='ocrx_word' id='word_1_820' title='bbox 3387 4591 3542 4653; x_wconf 80' lang='lat' dir='ltr'><strong>cuius</strong></span> 
     </span>
    </p>
   </div>
   <div class='ocr_carea' id='block_1_114' title="bbox 1966 4659 3539 4717">
    <p class='ocr_par' dir='ltr' id='par_1_114' title="bbox 1966 4659 3539 4717">
     <span class='ocr_line' id='line_1_116' title="bbox 1966 4659 3539 4717; baseline -0.001 -2"><span class='ocrx_word' id='word_1_821' title='bbox 1966 4660 2105 4715; x_wconf 89' lang='lat' dir='ltr'><strong>infra</strong></span> <span class='ocrx_word' id='word_1_822' title='bbox 2132 4662 2382 4716; x_wconf 89' lang='lat' dir='ltr'><strong>meminit</strong></span> <span class='ocrx_word' id='word_1_823' title='bbox 2412 4664 2499 4716; x_wconf 90' lang='lat' dir='ltr'><strong>hic</strong></span> <span class='ocrx_word' id='word_1_824' title='bbox 2525 4672 2737 4716; x_wconf 88' lang='lat' dir='ltr'><strong>auctor.</strong></span> <span class='ocrx_word' id='word_1_825' title='bbox 2771 4659 2905 4715; x_wconf 85' lang='lat' dir='ltr'><strong>Nam</strong></span> <span class='ocrx_word' id='word_1_826' title='bbox 2925 4660 3281 4717; x_wconf 83' lang='lat' dir='ltr'><strong>Comaneusis</strong></span> <span class='ocrx_word' id='word_1_827' title='bbox 3319 4661 3408 4716; x_wconf 88' lang='lat' dir='ltr'><strong>ille</strong></span> <span class='ocrx_word' id='word_1_828' title='bbox 3442 4678 3539 4714; x_wconf 87' lang='lat' dir='ltr'><strong>an-</strong></span> 
     </span>
    </p>
   </div>
   <div class='ocr_carea' id='block_1_115' title="bbox 1966 4733 2311 4787">
    <p class='ocr_par' dir='ltr' id='par_1_115' title="bbox 1966 4733 2311 4787">
     <span class='ocr_line' id='line_1_117' title="bbox 1966 4733 2311 4787; baseline 0.006 -2"><span class='ocrx_word' id='word_1_829' title='bbox 1966 4735 2164 4787; x_wconf 82' lang='lat' dir='ltr'><strong>tiquior</strong></span> <span class='ocrx_word' id='word_1_830' title='bbox 2189 4733 2311 4786; x_wconf 88' lang='lat' dir='ltr'><strong>fuit.</strong></span> 
     </span>
    </p>
   </div>
   <div class='ocr_carea' id='block_1_116' title="bbox 2008 4749 3543 4875">
    <p class='ocr_par' dir='ltr' id='par_1_116' title="bbox 2008 4749 3543 4875">
     <span class='ocr_line' id='line_1_118' title="bbox 2008 4749 3543 4875; baseline 0.001 -18"><span class='ocrx_word' id='word_1_831' title='bbox 2008 4749 2164 4875; x_wconf 43' lang='grc' dir='ltr'><strong>Ἓξ),</strong></span> <span class='ocrx_word' id='word_1_832' title='bbox 2189 4749 2389 4871; x_wconf 35' lang='grc' dir='ltr'><strong>ξὲίξτῇ</strong></span> <span class='ocrx_word' id='word_1_833' title='bbox 2439 4802 2587 4855; x_wconf 78' lang='grc' dir='ltr'>κατὰ</span> <span class='ocrx_word' id='word_1_834' title='bbox 2611 4802 3026 4875; x_wconf 20' lang='grc' dir='ltr'>τὴνμῷρυγίαν</span> <span class='ocrx_word' id='word_1_835' title='bbox 3050 4803 3272 4875; x_wconf 55' lang='grc' dir='ltr'>Μῃσίᾳ.</span> <span class='ocrx_word' id='word_1_836' title='bbox 3313 4802 3543 4875; x_wconf 70' lang='lat' dir='ltr'><strong>Rufinus</strong></span> 
     </span>
    </p>
   </div>
   <div class='ocr_carea' id='block_1_117' title="bbox 1964 4871 3543 4943">
    <p class='ocr_par' dir='ltr' id='par_1_117' title="bbox 1964 4871 3543 4943">
     <span class='ocr_line' id='line_1_119' title="bbox 1964 4871 3543 4943; baseline 0.001 -20"><span class='ocrx_word' id='word_1_837' title='bbox 1964 4871 2151 4937; x_wconf 60' lang='lat' dir='ltr'><strong>mm”,</strong></span> <span class='ocrx_word' id='word_1_838' title='bbox 2181 4875 2324 4927; x_wconf 78' lang='lat' dir='ltr'><strong>vicus</strong></span> <span class='ocrx_word' id='word_1_839' title='bbox 2348 4874 2563 4941; x_wconf 82' lang='lat' dir='ltr'><strong>quidam</strong></span> <span class='ocrx_word' id='word_1_840' title='bbox 2588 4888 2698 4925; x_wconf 80' lang='lat' dir='ltr'><strong>esse</strong></span> <span class='ocrx_word' id='word_1_841' title='bbox 2718 4871 2915 4943; x_wconf 68' lang='lat' dir='ltr'><strong>dicitur</strong></span> <span class='ocrx_word' id='word_1_842' title='bbox 2938 4876 3079 4940; x_wconf 86' lang='lat' dir='ltr'><strong>apud</strong></span> <span class='ocrx_word' id='word_1_843' title='bbox 3106 4872 3396 4943; x_wconf 76' lang='lat' dir='ltr'><strong>Phrygiam</strong></span> <span class='ocrx_word' id='word_1_844' title='bbox 3422 4872 3543 4943; x_wconf 80' lang='lat' dir='ltr'><strong>My-</strong></span> 
     </span>
    </p>
   </div>
   <div class='ocr_carea' id='block_1_118' title="bbox 1964 4942 3540 5011">
    <p class='ocr_par' dir='ltr' id='par_1_118' title="bbox 1964 4942 3540 5011">
     <span class='ocr_line' id='line_1_120' title="bbox 1964 4942 3540 5011; baseline 0 -14"><span class='ocrx_word' id='word_1_845' title='bbox 1964 4944 2059 4997; x_wconf 66' lang='lat' dir='ltr'><strong>sia:</strong></span> <span class='ocrx_word' id='word_1_846' title='bbox 2090 4945 2370 5008; x_wconf 80' lang='lat' dir='ltr'><strong>civitatem,</strong></span> <span class='ocrx_word' id='word_1_847' title='bbox 2411 4942 2770 5011; x_wconf 88' lang='lat' dir='ltr'><strong>ineptissime.</strong></span> <span class='ocrx_word' id='word_1_848' title='bbox 2811 4942 2922 4997; x_wconf 83' lang='lat' dir='ltr'><strong>Nec</strong></span> <span class='ocrx_word' id='word_1_849' title='bbox 2950 4943 3142 4998; x_wconf 88' lang='lat' dir='ltr'><strong>melius</strong></span> <span class='ocrx_word' id='word_1_850' title='bbox 3182 4942 3460 4997; x_wconf 88' lang='lat' dir='ltr'><strong>Musculus</strong></span> <span class='ocrx_word' id='word_1_851' title='bbox 3486 4942 3540 4997; x_wconf 85' lang='lat' dir='ltr'><strong>et</strong></span> 
     </span>
    </p>
   </div>
   <div class='ocr_carea' id='block_1_119' title="bbox 1965 5013 3539 5083">
    <p class='ocr_par' dir='ltr' id='par_1_119' title="bbox 1965 5013 3539 5083">
     <span class='ocr_line' id='line_1_121' title="bbox 1965 5013 3539 5083; baseline -0.001 -17"><span class='ocrx_word' id='word_1_852' title='bbox 1965 5014 2493 5083; x_wconf 71' lang='lat' dir='ltr'><strong>(Iltristophorsonus</strong></span> <span class='ocrx_word' id='word_1_853' title='bbox 2579 5015 3011 5081; x_wconf 89' lang='lat' dir='ltr'><strong>interpretantur</strong></span> <span class='ocrx_word' id='word_1_854' title='bbox 3094 5013 3234 5083; x_wconf 77' lang='lat' dir='ltr'><strong>apud</strong></span> <span class='ocrx_word' id='word_1_855' title='bbox 3312 5013 3539 5083; x_wconf 80' lang='lat' dir='ltr'><strong>Mysiam</strong></span> 
     </span>
    </p>
   </div>
   <div class='ocr_carea' id='block_1_120' title="bbox 1968 5082 3539 5153">
    <p class='ocr_par' dir='ltr' id='par_1_120' title="bbox 1968 5082 3539 5153">
     <span class='ocr_line' id='line_1_122' title="bbox 1968 5082 3539 5153; baseline 0.003 -19"><span class='ocrx_word' id='word_1_856' title='bbox 1968 5082 2233 5151; x_wconf 46' lang='lat' dir='ltr'><strong>Phrygia”.</strong></span> <span class='ocrx_word' id='word_1_857' title='bbox 2268 5085 2406 5151; x_wconf 83' lang='lat' dir='ltr'><strong>Quid</strong></span> <span class='ocrx_word' id='word_1_858' title='bbox 2442 5084 2611 5149; x_wconf 89' lang='lat' dir='ltr'><strong>enim,</strong></span> <span class='ocrx_word' id='word_1_859' title='bbox 2640 5083 2853 5145; x_wconf 88' lang='lat' dir='ltr'><strong>amabo,</strong></span> <span class='ocrx_word' id='word_1_860' title='bbox 2884 5083 2987 5138; x_wconf 87' lang='lat' dir='ltr'><strong>sibi</strong></span> <span class='ocrx_word' id='word_1_861' title='bbox 3014 5083 3129 5153; x_wconf 85' lang='lat' dir='ltr'><strong>vult</strong></span> <span class='ocrx_word' id='word_1_862' title='bbox 3168 5082 3338 5153; x_wconf 85' lang='lat' dir='ltr'><strong>Mysia</strong></span> <span class='ocrx_word' id='word_1_863' title='bbox 3362 5082 3539 5152; x_wconf 81' lang='lat' dir='ltr'><strong>Phry-</strong></span> 
     </span>
    </p>
   </div>
   <div class='ocr_carea' id='block_1_121' title="bbox 1965 5152 3541 5224">
    <p class='ocr_par' dir='ltr' id='par_1_121' title="bbox 1965 5152 3541 5224">
     <span class='ocr_line' id='line_1_123' title="bbox 1965 5152 3541 5224; baseline 0.002 -20"><span class='ocrx_word' id='word_1_864' title='bbox 1965 5154 2320 5224; x_wconf 75' lang='lat' dir='ltr'><strong>gize?Duplex</strong></span> <span class='ocrx_word' id='word_1_865' title='bbox 2349 5155 2476 5209; x_wconf 91' lang='lat' dir='ltr'><strong>olim</strong></span> <span class='ocrx_word' id='word_1_866' title='bbox 2504 5154 2607 5208; x_wconf 90' lang='lat' dir='ltr'><strong>fuit</strong></span> <span class='ocrx_word' id='word_1_867' title='bbox 2630 5153 2822 5223; x_wconf 87' lang='lat' dir='ltr'><strong>Mysia,</strong></span> <span class='ocrx_word' id='word_1_868' title='bbox 2847 5155 2989 5224; x_wconf 83' lang='lat' dir='ltr'><strong>sicut</strong></span> <span class='ocrx_word' id='word_1_869' title='bbox 3013 5164 3067 5209; x_wconf 90' lang='lat' dir='ltr'><strong>et</strong></span> <span class='ocrx_word' id='word_1_870' title='bbox 3100 5152 3358 5224; x_wconf 60' lang='lat' dir='ltr'><strong>Pthgia,</strong></span> <span class='ocrx_word' id='word_1_871' title='bbox 3404 5164 3541 5208; x_wconf 88' lang='lat' dir='ltr'><strong>teste</strong></span> 
     </span>
    </p>
   </div>
   <div class='ocr_carea' id='block_1_122' title="bbox 1966 5223 3535 5293">
    <p class='ocr_par' dir='ltr' id='par_1_122' title="bbox 1966 5223 3535 5293">
     <span class='ocr_line' id='line_1_124' title="bbox 1966 5223 3535 5293; baseline -0.001 -15"><span class='ocrx_word' id='word_1_872' title='bbox 1966 5223 2235 5279; x_wconf 81' lang='lat' dir='ltr'><strong>Strabone</strong></span> <span class='ocrx_word' id='word_1_873' title='bbox 2275 5226 2328 5278; x_wconf 92' lang='lat' dir='ltr'><strong>in</strong></span> <span class='ocrx_word' id='word_1_874' title='bbox 2358 5225 2450 5279; x_wconf 89' lang='lat' dir='ltr'><strong>lib.</strong></span> <span class='ocrx_word' id='word_1_875' title='bbox 2486 5241 2561 5279; x_wconf 83' lang='lat' dir='ltr'><strong>xu</strong></span> <span class='ocrx_word' id='word_1_876' title='bbox 2588 5243 2601 5280; x_wconf 92' lang='lat'><strong>:</strong></span> <span class='ocrx_word' id='word_1_877' title='bbox 2630 5224 2737 5277; x_wconf 88' lang='lat' dir='ltr'><strong>alia</strong></span> <span class='ocrx_word' id='word_1_878' title='bbox 2769 5223 2956 5291; x_wconf 84' lang='lat' dir='ltr'><strong>major,</strong></span> <span class='ocrx_word' id='word_1_879' title='bbox 2985 5239 3144 5289; x_wconf 88' lang='lat' dir='ltr'><strong>quam</strong></span> <span class='ocrx_word' id='word_1_880' title='bbox 3178 5223 3535 5293; x_wconf 83' lang='lat' dir='ltr'><strong>Olympenetn</strong></span> 
     </span>
    </p>
   </div>
   <div class='ocr_carea' id='block_1_123' title="bbox 1966 5294 3541 5363">
    <p class='ocr_par' dir='ltr' id='par_1_123' title="bbox 1966 5294 3541 5363">
     <span class='ocr_line' id='line_1_125' title="bbox 1966 5294 3541 5363; baseline 0 -16"><span class='ocrx_word' id='word_1_881' title='bbox 1966 5306 2123 5349; x_wconf 85' lang='lat' dir='ltr'><strong>vocat</strong></span> <span class='ocrx_word' id='word_1_882' title='bbox 2154 5296 2382 5359; x_wconf 87' lang='lat' dir='ltr'><strong>Strabo;</strong></span> <span class='ocrx_word' id='word_1_883' title='bbox 2421 5296 2523 5348; x_wconf 89' lang='lat' dir='ltr'><strong>alia</strong></span> <span class='ocrx_word' id='word_1_884' title='bbox 2555 5296 2753 5357; x_wconf 90' lang='lat' dir='ltr'><strong>minor,</strong></span> <span class='ocrx_word' id='word_1_885' title='bbox 2782 5310 2947 5361; x_wconf 85' lang='lat' dir='ltr'><strong>qnam</strong></span> <span class='ocrx_word' id='word_1_886' title='bbox 2989 5294 3411 5363; x_wconf 87' lang='lat' dir='ltr'><strong>llellespontiam</strong></span> <span class='ocrx_word' id='word_1_887' title='bbox 3446 5309 3541 5347; x_wconf 87' lang='lat' dir='ltr'><strong>vo-</strong></span> 
     </span>
    </p>
   </div>
   <div class='ocr_carea' id='block_1_124' title="bbox 1966 5363 3536 5435">
    <p class='ocr_par' dir='ltr' id='par_1_124' title="bbox 1966 5363 3536 5435">
     <span class='ocr_line' id='line_1_126' title="bbox 1966 5363 3536 5435; baseline -0.001 -16"><span class='ocrx_word' id='word_1_888' title='bbox 1966 5376 2057 5419; x_wconf 90' lang='lat' dir='ltr'><strong>cat</strong></span> <span class='ocrx_word' id='word_1_889' title='bbox 2088 5366 2428 5421; x_wconf 73' lang='lat' dir='ltr'><strong>Ptolemaeus.</strong></span> <span class='ocrx_word' id='word_1_890' title='bbox 2459 5365 2890 5435; x_wconf 88' lang='lat' dir='ltr'><strong>Utraqueporro</strong></span> <span class='ocrx_word' id='word_1_891' title='bbox 2919 5363 3169 5435; x_wconf 66' lang='lat' dir='ltr'><strong>Phrygiae</strong></span> <span class='ocrx_word' id='word_1_892' title='bbox 3201 5365 3536 5435; x_wconf 88' lang='lat' dir='ltr'><strong>contermina</strong></span> 
     </span>
    </p>
   </div>
   <div class='ocr_carea' id='block_1_125' title="bbox 1967 5382 3539 5506">
    <p class='ocr_par' dir='ltr' id='par_1_125' title="bbox 1967 5382 3539 5506">
     <span class='ocr_line' id='line_1_127' title="bbox 1967 5382 3536 5435; baseline -0.001 -16"><span class='ocrx_word' id='word_1_893' title='bbox 1967 5382 2057 5419; x_wconf 82' lang='lat' dir='ltr'><strong>cat</strong></span> <span class='ocrx_word' id='word_1_894' title='bbox 2088 5382 2428 5421; x_wconf 75' lang='lat' dir='ltr'><strong>l&#39;lOlellttl‘llS.</strong></span> <span class='ocrx_word' id='word_1_895' title='bbox 2461 5382 2697 5435; x_wconf 88' lang='lat' dir='ltr'><strong>Utraque</strong></span> <span class='ocrx_word' id='word_1_896' title='bbox 2729 5382 2890 5431; x_wconf 90' lang='lat' dir='ltr'><strong>porro</strong></span> <span class='ocrx_word' id='word_1_897' title='bbox 2921 5382 3062 5435; x_wconf 77' lang='lat' dir='ltr'><strong>rnry</strong></span> <span class='ocrx_word' id='word_1_898' title='bbox 3106 5382 3169 5418; x_wconf 75' lang='lat' dir='ltr'><strong>tte</strong></span> <span class='ocrx_word' id='word_1_899' title='bbox 3201 5382 3536 5418; x_wconf 80' lang='lat' dir='ltr'><strong>contermina</strong></span> 
     </span>
     <span class='ocr_line' id='line_1_128' title="bbox 1967 5382 3539 5506; baseline -0.002 -18"><span class='ocrx_word' id='word_1_900' title='bbox 1967 5437 2082 5489; x_wconf 89' lang='lat' dir='ltr'><strong>fuit.</strong></span> <span class='ocrx_word' id='word_1_901' title='bbox 2118 5436 2271 5492; x_wconf 87' lang='lat' dir='ltr'><strong>Unde</strong></span> <span class='ocrx_word' id='word_1_902' title='bbox 2303 5447 2484 5489; x_wconf 89' lang='lat' dir='ltr'><strong>natum</strong></span> <span class='ocrx_word' id='word_1_903' title='bbox 2514 5434 2853 5506; x_wconf 75' lang='lat' dir='ltr'><strong>proverbium</strong></span> <span class='ocrx_word' id='word_1_904' title='bbox 2886 5382 3539 5506; x_wconf 26' lang='lat' dir='ltr'><strong>apud#%rarcos;pri;</strong></span> 
     </span>
    </p>
   </div>
   <div class='ocr_carea' id='block_1_126' title="bbox 1963 5503 3540 5575">
    <p class='ocr_par' dir='ltr' id='par_1_126' title="bbox 1963 5503 3540 5575">
     <span class='ocr_line' id='line_1_129' title="bbox 1963 5503 3540 5575; baseline -0.001 -15"><span class='ocrx_word' id='word_1_905' title='bbox 1963 5506 2031 5560; x_wconf 77' lang='grc' dir='ltr'><strong>τά</strong></span> <span class='ocrx_word' id='word_1_906' title='bbox 2058 5506 2278 5564; x_wconf 85' lang='grc' dir='ltr'>Μυσῶν.</span> <span class='ocrx_word' id='word_1_907' title='bbox 2307 5506 2431 5561; x_wconf 87' lang='lat' dir='ltr'><strong>Fuit</strong></span> <span class='ocrx_word' id='word_1_908' title='bbox 2460 5503 2707 5560; x_wconf 53' lang='lat' dir='ltr'><strong>et&#39;altera</strong></span> <span class='ocrx_word' id='word_1_909' title='bbox 2738 5503 2903 5575; x_wconf 80' lang='lat' dir='ltr'><strong>Mysia</strong></span> <span class='ocrx_word' id='word_1_910' title='bbox 2923 5503 2995 5559; x_wconf 33' lang='lat' dir='ltr'><strong>‘in</strong></span> <span class='ocrx_word' id='word_1_911' title='bbox 3032 5504 3267 5573; x_wconf 82' lang='lat' dir='ltr'><strong>Eumpa,</strong></span> <span class='ocrx_word' id='word_1_912' title='bbox 3294 5505 3540 5559; x_wconf 77' lang='lat' dir='ltr'><strong>Thracia:</strong></span> 
     </span>
    </p>
   </div>
   <div class='ocr_carea' id='block_1_127' title="bbox 1965 5576 3536 5645">
    <p class='ocr_par' dir='ltr' id='par_1_127' title="bbox 1965 5576 3536 5645">
     <span class='ocr_line' id='line_1_130' title="bbox 1965 5576 3536 5645; baseline -0.002 -16"><span class='ocrx_word' id='word_1_913' title='bbox 1965 5579 2297 5644; x_wconf 79' lang='lat' dir='ltr'><strong>contributa,</strong></span> <span class='ocrx_word' id='word_1_914' title='bbox 2342 5592 2503 5644; x_wconf 88' lang='lat' dir='ltr'><strong>quam</strong></span> <span class='ocrx_word' id='word_1_915' title='bbox 2556 5576 2737 5630; x_wconf 89' lang='lat' dir='ltr'><strong>Latini</strong></span> <span class='ocrx_word' id='word_1_916' title='bbox 2791 5577 3006 5645; x_wconf 91' lang='lat' dir='ltr'><strong>quidem</strong></span> <span class='ocrx_word' id='word_1_917' title='bbox 3043 5576 3290 5630; x_wconf 74' lang='lat' dir='ltr'><strong>Mmsiam</strong></span> <span class='ocrx_word' id='word_1_918' title='bbox 3318 5584 3536 5638; x_wconf 86' lang='lat' dir='ltr'><strong>vocant,</strong></span> 
     </span>
    </p>
   </div>
   <div class='ocr_carea' id='block_1_128' title="bbox 1964 5645 3537 5716">
    <p class='ocr_par' dir='ltr' id='par_1_128' title="bbox 1964 5645 3537 5716">
     <span class='ocr_line' id='line_1_131' title="bbox 1964 5645 3537 5716; baseline -0.004 -13"><span class='ocrx_word' id='word_1_919' title='bbox 1964 5648 2138 5703; x_wconf 64' lang='lat' dir='ltr'><strong>Graeci</strong></span> <span class='ocrx_word' id='word_1_920' title='bbox 2176 5662 2303 5701; x_wconf 89' lang='lat' dir='ltr'><strong>vero</strong></span> <span class='ocrx_word' id='word_1_921' title='bbox 2350 5663 2565 5713; x_wconf 89' lang='lat' dir='ltr'><strong>semper</strong></span> <span class='ocrx_word' id='word_1_922' title='bbox 2590 5647 2831 5700; x_wconf 83' lang='grc' dir='ltr'>Μυσίαν.</span> <span class='ocrx_word' id='word_1_923' title='bbox 2883 5648 2963 5700; x_wconf 85' lang='lat' dir='ltr'><strong>Ad</strong></span> <span class='ocrx_word' id='word_1_924' title='bbox 2992 5648 3149 5716; x_wconf 84' lang='lat' dir='ltr'><strong>hujus</strong></span> <span class='ocrx_word' id='word_1_925' title='bbox 3177 5662 3308 5713; x_wconf 77' lang='lat' dir='ltr'><strong>ergo</strong></span> <span class='ocrx_word' id='word_1_926' title='bbox 3342 5645 3537 5716; x_wconf 79' lang='lat' dir='ltr'><strong>distin-</strong></span> 
     </span>
    </p>
   </div>
   <div class='ocr_carea' id='block_1_129' title="bbox 1965 5714 3534 5789">
    <p class='ocr_par' dir='ltr' id='par_1_129' title="bbox 1965 5714 3534 5789">
     <span class='ocr_line' id='line_1_132' title="bbox 1965 5714 3534 5789; baseline 0 -20"><span class='ocrx_word' id='word_1_927' title='bbox 1965 5720 2201 5789; x_wconf 75' lang='lat' dir='ltr'><strong>ctionem</strong></span> <span class='ocrx_word' id='word_1_928' title='bbox 2228 5722 2261 5789; x_wconf 79' lang='grc' dir='ltr'>ἠ</span> <span class='ocrx_word' id='word_1_929' title='bbox 2289 5719 2434 5771; x_wconf 68' lang='grc' dir='ltr'>κατὰ</span> <span class='ocrx_word' id='word_1_930' title='bbox 2465 5718 2705 5788; x_wconf 83' lang='grc' dir='ltr'>Φρυγίαν</span> <span class='ocrx_word' id='word_1_931' title='bbox 2738 5718 2923 5772; x_wconf 84' lang='grc' dir='ltr'>Μυσία</span> <span class='ocrx_word' id='word_1_932' title='bbox 2978 5714 3087 5789; x_wconf 51' lang='grc' dir='ltr'><strong>Ιιίεᾷ</strong></span> <span class='ocrx_word' id='word_1_933' title='bbox 3108 5716 3310 5789; x_wconf 80' lang='lat' dir='ltr'><strong>dicitur</strong></span> <span class='ocrx_word' id='word_1_934' title='bbox 3368 5714 3534 5788; x_wconf 82' lang='lat' dir='ltr'><strong>Mysia</strong></span> 
     </span>
    </p>
   </div>
   <div class='ocr_carea' id='block_1_130' title="bbox 1964 5787 3533 5859">
    <p class='ocr_par' dir='ltr' id='par_1_130' title="bbox 1964 5787 3533 5859">
     <span class='ocr_line' id='line_1_133' title="bbox 1964 5787 3533 5859; baseline -0.001 -18"><span class='ocrx_word' id='word_1_935' title='bbox 1964 5788 2214 5859; x_wconf 72' lang='lat' dir='ltr'><strong>Phrygia:</strong></span> <span class='ocrx_word' id='word_1_936' title='bbox 2250 5787 2607 5853; x_wconf 81' lang='lat' dir='ltr'><strong>contermina,</strong></span> <span class='ocrx_word' id='word_1_937' title='bbox 2632 5805 2725 5841; x_wconf 75' lang='lat' dir='ltr'><strong>seu</strong></span> <span class='ocrx_word' id='word_1_938' title='bbox 2770 5789 3027 5859; x_wconf 78' lang='lat' dir='ltr'><strong>Asiatica.</strong></span> <span class='ocrx_word' id='word_1_939' title='bbox 3060 5787 3230 5844; x_wconf 88' lang='lat' dir='ltr'><strong>Porro</strong></span> <span class='ocrx_word' id='word_1_940' title='bbox 3257 5787 3404 5843; x_wconf 90' lang='lat' dir='ltr'><strong>vicus</strong></span> <span class='ocrx_word' id='word_1_941' title='bbox 3422 5787 3533 5843; x_wconf 86' lang='lat' dir='ltr'><strong>istc</strong></span> 
     </span>
    </p>
   </div>
   <div class='ocr_carea' id='block_1_131' title="bbox 1968 5858 2948 5925">
    <p class='ocr_par' dir='ltr' id='par_1_131' title="bbox 1968 5858 2948 5925">
     <span class='ocr_line' id='line_1_134' title="bbox 1968 5858 2948 5925; baseline -0.003 -12"><span class='ocrx_word' id='word_1_942' title='bbox 1968 5861 2019 5913; x_wconf 88' lang='lat' dir='ltr'><strong>in</strong></span> <span class='ocrx_word' id='word_1_943' title='bbox 2051 5858 2236 5916; x_wconf 84' lang='lat' dir='ltr'><strong>codice</strong></span> <span class='ocrx_word' id='word_1_944' title='bbox 2260 5859 2393 5915; x_wconf 75' lang='lat' dir='ltr'><strong>Mal.</strong></span> <span class='ocrx_word' id='word_1_945' title='bbox 2430 5861 2622 5915; x_wconf 82' lang='lat' dir='ltr'><strong>dicitur</strong></span> <span class='ocrx_word' id='word_1_946' title='bbox 2665 5858 2948 5925; x_wconf 71' lang='grc' dir='ltr'><strong>’Λρόαίὶᾶ6.</strong></span> 
     </span>
    </p>
   </div>
  </div>
