4112 6428
494 395 600 450 467
1205 398 1475 455 Ευδειιιι
1515 396 2001 453 (ΣᾸΞΞᾹΒΙΕΝὸΙδ
2040 397 2073 451 ί]

2178 436 2193 451 .
2233 395 2413 452 PARS
2450 396 2491 452 1.
2530 428 2603 438 --
2637 393 3026 450 HISTORICA.
3641 392 3764 447 468

494 515 679 569 subito
734 518 967 585 quodam
1000 517 1181 574 furore
1234 534 1299 574 ac
1331 518 1527 590 mentis
1575 534 1803 575 excessu
1855 518 2068 575 concuti

2188 516 2513 590 Ἑκκλησίας
2567 514 2685 579 ἔθος
2725 514 2884 587 δῆθεν
2925 511 3356 586 προφητεύοντα.
3390 511 3511 566 Τῶν
3538 512 3593 567 δέ
3622 529 3738 566 κατ
3760 516 3784 537 ⁸

495 607 749 675 εωρίεεο,
790 618 844 662 et
887 624 1025 663 nova
1083 612 1330 679 quaedam
1379 620 1545 681 atque
1597 611 1838 666 inaudita
1888 609 2072 680 prolo-

2175 610 2346 662 ἐκεῖνο
2375 605 2566 678 καιροῦ
2599 606 2657 658 ἐν
2680 607 2747 676 τῇ
2772 604 2878 657 τῶν
2903 603 3071 658 νόθων
3103 601 3512 672 ἐκφωνημόηων
3541 602 3766 673 ἀκροά-

499 697 630 768 qui;
668 699 1022 755 hariolantem
1087 717 1151 756 ac
1188 704 1568 773 prtediceutem
1628 702 1824 769 futura,
1877 710 2073 772 prteter

500 804 707 845 morem
737 800 899 861 atque
930 793 1232 848 institutum
1278 794 1533 849 Ecclesia:
1568 810 1596 848 ιι
1638 793 1937 862 majoribus
1962 802 2073 847 tra-

501 880 672 933 ditum
699 892 753 935 et
773 883 1025 936 continua
1051 882 1306 953 deinceps
1329 884 1670 939 successione
1696 892 2070 953 propagatum.

501 970 671 1027 Porro
701 988 767 1027 ex
793 973 878 1027 his
904 975 993 1043 qui
1027 983 1156 1030 tunc
1191 976 1449 1045 temporis
1507 976 1842 1031 adulterinos
1900 976 2073 1030 homi-

505 1064 589 1119 nis
624 1080 901 1120 sermones
930 1068 1239 1133 audierant,
1270 1068 1360 1123 alii
1396 1068 1610 1138 quidem
1647 1079 1702 1122 ut
1726 1069 2070 1138 abreptitium

503 1166 560 1209 et
591 1158 982 1212 dtemoniacum
1008 1174 1071 1213 ac
1101 1160 1294 1228 spiritu
1325 1163 1527 1215 erroris
1550 1170 1753 1224 actum,
1781 1162 2073 1231 turbasque

505 1249 558 1302 in
581 1250 779 1319 popqu
807 1250 1136 1305 excitantem
1166 1252 1554 1322 indignabundi
1594 1251 1971 1322 objurgabant,
2019 1262 2072 1308 et

504 1340 649 1410 loqui
674 1341 900 1396 ulterius
931 1344 1316 1411 prohibebant.
1393 1346 1603 1417 Quippe
1650 1347 1738 1416 qui
1790 1346 1843 1401 in
1896 1356 2074 1401 mente

506 1432 768 1488 haberent
792 1434 1079 1489 discrimen
1112 1452 1141 1489 a
1195 1438 1423 1492 Domino
1458 1447 1841 1507 praenotatum,
1873 1439 2075 1495 minas-

505 1536 615 1589 que
666 1523 862 1592 quibns
882 1523 1136 1593 jubemur
1160 1528 1447 1582 adventum
1496 1528 1756 1584 falsorum
1783 1531 2075 1599 propheta-

506 1628 624 1667 rum
668 1616 957 1685 vigilanter
997 1632 1061 1671 ac
1109 1618 1343 1675 sollicite
1399 1621 1713 1677 observare.
1789 1622 1893 1676 Alii
1945 1636 2074 1677 vero

504 1707 653 1760 velut
681 1718 871 1763 sancto
905 1710 1108 1780 Spiritu
1150 1722 1203 1767 et
1236 1714 1534 1784 prophetiae
1563 1716 1735 1785 gratia
1769 1715 1892 1769 elati
1922 1714 2073 1769 inﬂa-

504 1799 676 1866 tique,
699 1800 891 1855 mirum
919 1802 969 1857 in
1005 1806 1244 1870 modum,
1279 1816 1332 1860 et
1384 1807 1748 1862 distinctionis
1770 1822 1800 1861 a
1846 1807 2073 1863 Domino

506 1901 936 1956 praemonstratae
965 1895 1178 1962 penitus
1204 1896 1381 1961 obliti,
1424 1896 1577 1951 illum
1633 1896 1988 1953 infatuantem
2019 1906 2074 1953 et

504 1982 843 2039 adulatorem
870 1985 1124 2057 vulgique
1156 1989 1496 2043 seductorem
1544 1990 1791 2059 spiritum
1823 1989 1964 2046 ultro
2007 1989 2073 2045 ad

506 2074 832 2143 loquendum
862 2080 1247 2148 provocabant,
1283 2081 1427 2151 capti
1456 2080 1572 2151 ejus
1617 2082 1911 2149 illecebris,
1939 2095 1995 2139 et
2020 2085 2071 2139 in

506 2166 750 2222 fraudem
784 2170 1012 2228 inducti.
1048 2171 1157 2228 Hac
1192 2173 1361 2244 igitur
1388 2181 1506 2229 arte
1531 2188 1626 2229 seu
1659 2175 1840 2243 potius
1886 2175 2074 2230 fraude

504 2270 568 2310 ac
596 2259 835 2313 versutia
860 2260 1105 2317 diabolus
1132 2264 1395 2319 adversus
1437 2279 1531 2319 eos
1562 2265 1653 2334 qui
1690 2266 1835 2321 dicto
1861 2267 2072 2322 Domini

506 2356 789 2413 audientes
815 2373 917 2412 non
942 2369 1117 2424 erant,
1143 2361 1368 2416 exitium
1420 2363 1783 2429 machinatus,
1820 2379 1945 2418 cum
2007 2365 2075 2419 ab

506 2448 613 2502 illis
649 2450 919 2507 immerito
951 2452 1242 2522 coleretur,
1278 2466 1485 2512 mentes
1527 2472 1712 2512 eorum
1753 2474 1931 2514 avera
1970 2458 2076 2514 fide

505 2541 830 2596 secubantes
860 2558 1160 2614 somnoque
1189 2560 1478 2616 oppressas
1526 2549 1781 2603 excitavit
1814 2550 2072 2620 paulatim

506 2646 572 2685 ac
597 2632 971 2690 vehementius
994 2636 1372 2692 inﬂammavit.
1399 2638 1608 2710 Quippe
1636 2642 1771 2697 duas
1797 2641 1930 2696 alias
1956 2659 2074 2696 mu-

505 2719 759 2777 liereulas
792 2726 1102 2791 suscitavit,
1134 2737 1189 2780 et
1230 2729 1534 2785 adulterino
1572 2732 1762 2800 spiritu
1820 2733 2073 2804 replevit,

506 2813 641 2867 adeo
670 2822 728 2866 ut
752 2814 879 2883 ipsa:
908 2832 1123 2887 quoque
1151 2819 1374 2887 perinde
1416 2838 1480 2877 ac
1520 2837 1681 2893 supra
1737 2837 2067 2881 memoratus

508 2903 618 2966 ille.
658 2907 844 2960 insana
870 2908 1113 2976 quaedam
1147 2922 1201 2965 et
1232 2912 1539 2983 importuna
1567 2924 1729 2986 atque
1767 2917 1943 2973 aliena
1995 2920 2075 2975 la-

505 3005 820 3065 quereotur.
854 2998 921 3053 Et
963 3014 1055 3054 eos
1084 3002 1299 3069 quidem
1347 3006 1437 3075 qui
1490 3021 1551 3059 ea
1587 3022 1644 3061 re
1671 3007 2077 3066 delectabantur

506 3099 673 3160 atque
699 3090 1146 3160 intumescebaut,
1177 3096 1400 3164 spiritus
1458 3098 1547 3154 ille
1590 3100 1779 3155 beatos
1821 3104 2077 3172 praedica-

2176 720 2257 756 σει
2281 700 2606 771 γενομένων,
2641 701 2689 752 οἱ
2725 699 2821 769 μὲν
2852 697 2929 761 ὡς
2971 697 3063 749 ἐπὶ
3095 694 3471 767 ἐνεργουμένῳ
3503 696 3594 748 καὶ
3628 694 3764 747 δαι-

2177 788 2405 861 μονῶντι
2434 788 2528 841 καὶ
2551 789 2608 840 ἐν
2639 786 2846 857 πλάνης
2873 786 3141 856 πνεύματι
3170 785 3468 855 ὑπάρχοντι
3497 787 3591 838 καὶ
3622 786 3769 847 τοὺς

2171 883 2360 955 ὄχλους
2410 882 2728 954 ταράττοντι
2772 878 3058 950 ἀχθόμενοι
3107 877 3406 947 ἐπετίμων,
3443 877 3535 930 καὶ
3569 876 3768 929 λαλεῖν

2174 974 2431 1037 ἐκώλυον,
2465 972 2804 1044 μεμνημένοι
2844 972 2943 1043 τῆς
2980 969 3074 1023 τοῦ
3123 969 3331 1042 Κυρίου
3377 969 3663 1040 διαστολῆς
3691 986 3768 1023 τε

2172 1066 2267 1119 καὶ
2299 1063 2545 1135 ἀπειλῆς,
2588 1062 2727 1133 πρὸς
2770 1061 2831 1114 τὸ
2882 1057 3242 1130 φυλάττεσθαι
3288 1057 3388 1129 τὴν
3423 1056 3530 1110 τῶν
3557 1056 3770 1125 ψευδο-

2174 1156 2465 1230 προφητῶν
2513 1154 2893 1227 ἐγρηγορότως
2934 1151 3269 1224 παρουσίαν’
3314 1153 3363 1203 οἱ
3410 1150 3465 1204 δὲ
3501 1150 3575 1213 ὡς
3606 1150 3769 1219 ἁγίῳ

2175 1250 2453 1320 Πνεύματι
2474 1247 2569 1301 καί
2593 1244 2914 1319 προφητικῷ
2940 1245 3239 1316 χαρίσματι
3272 1243 3621 1317 ἐπαιρόμενοι
3658 1245 3770 1298 καὶ

2173 1344 2271 1413 οὐχ
2301 1344 2501 1413 ἣκιστα
2526 1339 2907 1412 χαυνούμενοι,
2949 1338 3044 1390 καὶ
3074 1337 3173 1408 τῆς
3204 1335 3488 1405 διαστολῆς
3517 1335 3611 1389 τοῦ
3635 1337 3771 1389 Ku-

2176 1435 2291 1507 ρίου
2344 1432 2840 1503 ἐπιλανθανόμενοι,
2868 1429 2929 1483 τὸ
2958 1428 3256 1500 βλαψίφρον
3278 1429 3373 1481 καὶ
3408 1429 3773 1499 ὑποκοριστι-

2174 1526 2269 1580 κὸν
2295 1525 2390 1579 καὶ
2410 1524 2708 1579 λαοπλάνον
2738 1522 2954 1593 πνεῦμα
2983 1520 3408 1593 προύκαλοῦντο,
3440 1520 3769 1590 θελγόμενος

2172 1619 2267 1673 καὶ
2306 1616 2645 1688 πλανώμενοι
2680 1617 2771 1669 ὑπ’
2793 1613 2980 1677 αὐτοῦ,
3010 1616 3089 1677 είς
3121 1614 3179 1666 τὸ
3210 1612 3415 1683 μηκέτι
3448 1610 3772 1665 κωλύεσθαι

2176 1713 2407 1782 σιωπᾷν.
2441 1710 2617 1783 Τέχνῃ
2646 1708 2703 1761 δέ
2725 1725 2849 1774 τινι,
2890 1706 3088 1777 μᾶλλον
3110 1706 3165 1759 δὲ
3184 1705 3411 1779 τοιαύτῃ
3436 1703 3642 1776 μεθόδῳ
3662 1722 3771 1757 xa-

2175 1803 2456 1875 κοτεχνίας
2507 1804 2535 1855 ὁ
2584 1799 2828 1864 διάϐολος
2873 1800 2972 1871 τὴν
3006 1798 3143 1853 κατά
3175 1797 3285 1852 τῶν
3316 1797 3605 1869 παρηκόων
3637 1796 3765 1868 (95)

2104 1864 2147 1923 Β
2176 1864 2450 1950 ἀπώλειαν
2478 1864 2950 1966 μηχανησάμενος,
2983 1894 3077 1946 κα)¹
3103 1892 3231 1963 παρ’
3261 1864 3418 1957 ἀξίαν
3449 1864 3538 1943 ἐπ’
3571 1887 3764 1943 αὐτῶν

2173 1986 2501 2059 τιμώμενος,
2533 1982 2863 2058 ὑπεξήγειρέ
2891 2002 2949 2038 τε
2982 1984 3074 2039 xa‘t
3106 1983 3541 2056 προσεξέκαυσεν
3573 1982 3768 2036 αὐτῶν

2175 2081 2274 2152 τὴν
2306 2079 2822 2150 ἁποκεκοιμημένην
2850 2078 2959 2149 (96)
3008 2077 3116 2131 ἀπὸ
3163 2076 3263 2147 τῆς
3304 2076 3444 2129 κατά
3494 2075 3770 2147 ἀλήθειαν

2176 2172 2411 2235 πίστεως
2443 2170 2700 2234 διάνοιαν,
2736 2171 2812 2234 ὡς
2840 2170 2934 2224 καὶ
2959 2170 3150 2241 ἐτέρας
3186 2168 3339 2235 τινὰς
3365 2168 3459 2221 δύο
3491 2172 3770 2237 γυναῖκας

2160 2268 2475 2339 ἐπεγεῖραι,
2498 2266 2592 2319 καὶ
2614 2264 2704 2318 τοῦ
2726 2265 2879 2319 νόθου
2904 2264 3212 2335 πνεύματος
3228 2262 3534 2335 πληρῶσαι,
3560 2262 3635 2325 ὡς
3658 2265 3769 2317 καὶ

2176 2360 2354 2414 λαλεῖν
2396 2359 2673 2429 ἐκφρόνως
2726 2359 2819 2412 καὶ
2861 2357 3104 2429 ἀκαίρως
3153 2355 3249 2410 καὶ
3288 2356 3771 2428 ἀλλοτριοτρόπως

2174 2454 2374 2524 ὁμοίως
2404 2452 2482 2523 τῷ
2508 2450 2908 2523 προειρημένῳ,
2937 2448 3172 2511 καὶτοὺς
3208 2449 3305 2520 μὲν
3333 2446 3766 2520 χαίροντας(9“ῖ)

2176 2546 2272 2599 καὶ
2297 2544 2685 2615 καυχωμένους
2711 2544 2799 2596 ἐπ’
2834 2541 3002 2613 αὐτῷ,
3038 2540 3429 2613 μακαρίζοντος
3460 2539 3555 2592 τοῦ
3587 2538 3767 2592 πνεύ-

2180 2655 2365 2708 ματος,
2399 2638 2493 2691 καὶ
2523 2636 2611 2690 διὰ
2636 2635 2729 2690 τοῦ
2758 2634 3018 2705 μεγέθους
3049 2633 3157 2685 τῶν
3186 2631 3617 2702 ἐπαγγελμάτων
3661 2632 3770 2683 ἐκ·

2178 2729 2516 2801 φ’.)σιοῦντος,
2552 2727 2661 2781 ἐσθ’
2690 2728 2794 2786 ὅπη
2824 2727 2879 2779 δὲ
2912 2724 3006 2779 καὶ
3030 2722 3447 2794 κατακρίνοντος
3475 2737 3772 2790 στοχαστι-
3819 2756 3831 2764 .

2177 2826 2289 2890 κῶς
2334 2825 2424 2879 καί
2464 2822 2788 2891 ἀξιοπίστως
2823 2821 3017 2884 αὐτοὺς
3045 2822 3321 2891 ἄντικρυς,
3353 2818 3442 2869 ἵνα
3474 2816 3570 2868 καὶ
3605 2815 3771 2882 ἐλεγ-

2177 2918 2362 2973 κτικὸν
2416 2915 2524 2987 (98)
2573 2910 2710 2968 εἶναι
2761 2914 2917 2985 δοκῇ·
2970 2913 3139 2982 ὀλίγοι
3186 2912 3229 2965 δ’
3274 2908 3414 2984 ἦσαν
3460 2905 3605 2964 οὗτοι
3648 2908 3768 2962 τῶν

2177 3011 2402 3084 Φρυγῶν
2425 3008 2825 3082 ἐξηπατημένοι
2841 3024 2854 3037 ⁸
2884 3006 2981 3078 τὴν
2999 3006 3056 3058 δέ
3080 3005 3308 3060 καθόλου
3333 3004 3427 3058 καὶ
3451 3004 3633 3057 πᾶσαν
3659 3002 3770 3072 τὴν

2180 3105 2284 3157 ὑπὸ
2313 3104 2403 3156 τὸν
2435 3100 2659 3174 οὐρανὸν
2690 3098 3011 3170 Ἐκκλησίαν
3044 3096 3382 3167 βλασφημεῖν
3412 3095 3767 3158 διδάσκοντος

505 3181 617 3245 bat,
660 3191 715 3237 et
762 3184 1157 3252 promissorum
1216 3191 1589 3258 magnitudine
1645 3208 1804 3262 supra
1860 3196 2073 3249 modum

2182 3193 2273 3247 τοῦ
2296 3192 2770 3266 ἀπηυθαδισμένου
2806 3192 3133 3261 πνεύματος,
3169 3189 3249 3241 ὅτι
3285 3190 3421 3259 μήτε
3451 3187 3619 3259 τιμὴν
3650 3188 3767 3258 μή-

506 3272 752 3331 inllabat.
796 3273 1069 3329 Interdum
1104 3286 1281 3332 tamen
1309 3280 1635 3351 coniecturis
1678 3294 1733 3338 et
1764 3284 1868 3340 ﬁde
1897 3284 2074 3353 dignis

503 3368 836 3433 argumentis
865 3378 1041 3433 utens,
1090 3370 1263 3439 palam
1303 3388 1397 3428 eos
1454 3377 1873 3444 condemnabat,
1914 3380 2068 3450 181

504 3470 611 3524 quo
643 3456 849 3513 scilicet
881 3460 1041 3515 etiam
1072 3462 1475 3533 obiurgatorias
1503 3467 1794 3524 videretur.
1852 3470 1914 3524 lli
1945 3487 2073 3540 per-

504 3548 661 3613 pauci
698 3559 856 3603 erant
921 3551 1193 3624 Phryges,
1245 3555 1556 3626 hujusmodi
1603 3558 1793 3615 fraude
1840 3561 2069 3633 decepti.

502 3635 827 3695 llniversam
861 3659 1008 3710 vero,
1033 3661 1153 3714 qua:
1178 3662 1272 3715 per
1319 3649 1507 3704 orbem
1546 3659 1814 3707 terrarum
1872 3670 2064 3724 sparsa

2178 3302 2236 3339 τε
2271 3285 2498 3358 πάροδον
2536 3286 2614 3348 είς
2646 3282 2814 3354 αὐτὴν
2853 3281 2912 3335 τὸ
2942 3278 3443 3351 ψευδοπροφητικὺν
3481 3277 3764 3348 ἐλάμϐανε

2180 3376 2416 3449 πνεῦμα.
2449 3375 2568 3429 Τῶν
2607 3375 2715 3446 γὰρ
2737 3374 2876 3428 κατὰ
2904 3373 3003 3444 τὴν
3045 3371 3228 3424 Ἀσίαν
3258 3369 3466 3423 πιστῶν
3496 3368 3768 3433 πολλάκις

2178 3470 2271 3523 καὶ
2312 3468 2549 3540 πολλαχῆ
2581 3468 2680 3538 τῆς
2704 3467 2887 3530 Ἀσίας
2924 3468 3004 3529 είς
3041 3463 3197 3518 τοῦτο
3233 3461 3597 3516 συνελθόντων
3627 3461 3765 3532 (99),

2177 3562 2270 3614 καὶ
2300 3560 2427 3623 τοὺς
2464 3560 2803 3631 προσφάτους
2842 3558 3034 3626 λόγους
3070 3554 3438 3623 ἐξετασάντων
3473 3553 3768 3627 καὶ.βε6ή-

2173 3655 2296 3718 λους
2323 3654 2711 3725 ἀποφηνάντων
2742 3652 2837 3705 καὶ
2856 3649 3370 3721 ἀποδοκιμασάντων
3390 3646 3487 3719 τὴν
3524 3650 3767 3717 αἵρεσιν,

499 3740 602 3795 est,
639 3731 953 3801 Ecclesium,
1002 3737 1142 3792 idem
1196 3739 1283 3793 ille
1321 3743 1800 3813 arrogantissimus
1848 3747 2070 3813 spiritus

2175 3747 2311 3800 οὕτω
2333 3746 2397 3817 δὴ
2420 3746 2516 3816 τῆς
2541 3763 2600 3798 τε
2613 3744 2939 3814 Ἐκκλησίας
2957 3742 3315 3813 ἐξεώσθησαν,
3339 3741 3555 3811 καὶτῆς
3570 3757 3771 3794 κοινω-

503 3824 803 3880 maledictis
832 3838 1087 3898 appetere
1117 3846 1209 3887 eos
1235 3832 1481 3900 docebat,
1512 3850 1577 3891 eo
1599 3838 1741 3906 quod
1768 3853 1867 3893 nec
1894 3839 2068 3894 hono-

504 3932 640 3983 rem,
671 3936 768 3975 nec
794 3922 1001 3976 aditum
1041 3922 1207 3978 ullum
1233 3925 1300 3980 ad
1327 3925 1495 3997 ipsam
1518 3931 2071 4000 pseudopropheticus

500 4010 723 4077 spiritus
765 4017 1043 4083 reperiret.
1091 4018 1225 4073 Nam
1276 4036 1397 4075 cum
1452 4022 1639 4078 lideles
1695 4024 1784 4093 qui
1826 4024 1878 4078 in
1944 4024 2068 4079 Asia

501 4113 677 4169 erant,
711 4108 909 4177 saepius
961 4120 1015 4165 et
1046 4112 1098 4167 in
1140 4113 1386 4183 plurimis
1439 4117 1581 4172 Asia:
1642 4116 1775 4172 locis
1826 4117 1942 4186 ejus
1994 4118 2068 4174 rei

572 4261 683 4336 (95)
712 4265 873 4336 Κατὰ
899 4265 1015 4336 τῶν
1035 4271 1373 4336 παρηκόων.
1405 4270 1628 4326 Rufinus
1652 4272 2076 4335 indisciplinatos

498 4332 984 4413 vertit,.Mu_s_culus
1010 4332 1399 4413 inmiorigeros,
1427 4358 1530 4396 non
1558 4343 1719 4398 male.
1758 4332 2077 4413 Intelligun.

500 4412 592 4482 tur
615 4404 758 4457 enim
792 4404 828 4459 ii
861 4405 950 4473 qui
982 4404 1308 4482 praceptum
1335 4411 1574 4482 Domini,
1607 4430 1716 4482 quo
1766 4404 2071 4482 prmumniti

2172 3840 2293 3903 νίας
2321 3838 2633 3910 εἴρχθησαν.
2680 3856 2698 3889 ι
2743 3835 2925 3889 Ταῦτα
2954 3838 3010 3889 ἐν
3040 3834 3276 3909 πρώτοις
3312 3835 3630 3905 ἱστορήσας,
3667 3834 3771 3887 καὶ

2174 3929 2241 3986 δι’
2290 3928 2412 3985 ὅλου
2445 3929 2538 3985 τοῦ
2572 3928 2996 4001 συγγράμματος
3018 3929 3110 3981 τὸν
3140 3928 3359 3997 ἔλεγχον
3383 3926 3485 3996 τῆς
3510 3927 3637 3979 κατ’
3667 3926 3773 3978 αὑ-

2176 4024 2302 4087 τοὺς
2333 4024 2542 4095 πλάνης
2593 4021 2910 4090 ἐπαγαγὼν,
2937 4025 2993 4076 ἐν
3030 4020 3105 4091 τῷ
3124 4021 3362 4091 δευτέρῳ
3396 4020 3525 4090 περὶ
3550 4017 3653 4087 τῆς
3680 4034 3775 4071 τε-

2177 4113 2374 4186 λευτῆς
2415 4114 2522 4168 τῶν
2564 4113 3048 4185 προδεδηλωμένων
3086 4110 3259 4168 ταῦτά
3291 4128 3489 4182 φησιν·
3528 4131 3546 4161 ι
3582 4110 3773 4164 Ἐπει-

2184 4273 2395 4328 (Ιιειηοιι
2425 4270 2515 4339 qui
2549 4288 2643 4338 per
2672 4269 2907 4323 Montani
2949 4284 3011 4323 os
3056 4269 3393 4335 loquebatur,
3427 4267 3560 4321 olim
3593 4283 3623 4320 a
3660 4266 3775 4321 Do-

2185 4343 2331 4397 mino
2357 4343 2671 4412 prtedicutm
2706 4341 2893 4412 luisse,
2926 4342 3039 4394 I'ore
3069 4349 3128 4393 ut
3150 4339 3386 4408 Spiritus
3439 4339 3532 4392 Dei
3570 4339 3623 4412 i_n
3669 4339 3775 4391 ad-

2182 4408 2501 4468 ventu—suo
2563 4411 2820 4465 mundum
2873 4420 3124 4480 argueret
3176 4416 3243 4464 de
3294 4418 3541 4478 peccato.
3575 4408 3774 4477 Itaque

498 4474 763 4553 fuerant._
797 4482 868 4553 ιιι
913 4491 940 4529 a
984 4475 1137 4553 falsis
1161 4474 1173 4479 ⁷
1200 4480 1475 4553 prophetis
1517 4474 1793 4541 caverent.
1834 4486 2076 4553 neglige—
2109 4481 2153 4536 D
2185 4484 2397 4538 daemon
2429 4483 2517 4553 ille
2563 4492 2621 4536 ut
2647 4497 2836 4535 verum
2872 4474 2965 4553 Dei
3001 4481 3261 4549 Spiritum
3295 4474 3375 4534 'se
3398 4494 3518 4533 esse
3549 4474 3777 4553 audito-

500 4546 628 4625 hanl
659 4562 671 4595 :
703 4544 804 4625 τῆς
841 4545 1125 4625 διαστολῇς
1147 4544 1268 4625 ,τοῦ
1299 4544 1526 4625 ’Κυρίου
1574 4544 2073 4625 ἐπιλανθανόμενοι,

498 4624 558 4693 ιιι
581 4616 1014 4693 supraloquitur
1033 4616 1119 4674 hic
1146 4616 1517 4677 innomiuatus
1546 4626 1799 4693 scriptor.
1834 4616 2075 4680 Pessime

497 4683 1052 4751 Chrilephorsonus.

570 4754 837 4836 (96)“1‘7‘17-
886 4757 1469 4836 dxoxsgcomnpérnr.
1531 4763 1841 4833 Melaphora
1900 4776 1981 4821 est
2044 4782 2072 4820 a

498 4824 834 4902 mulieribus.
858 4842 999 4897 qua},
1020 4824 1206 4902 relicto
1233 4824 1410 4887 mariti
1429 4836 1610 4902 thoro,
1642 4824 1825 4889 furtim
1853 4836 1919 4889 ad
1948 4853 2077 4892 mce-

495 4898 658 4975 chum
710 4906 1015 4975 transeunt.
1058 4900 1216 4975 Nam
1242 4905 1561 4975 κοιμᾶσθαι,
1592 4898 1693 4960 ’δειι
1725 4907 1984 4973 dormire,
2011 4910 2077 4960 de

496 4964 800 5048 hujusrnodi
856 4968 1141 5048 adulteriis
1188 4973 1294 5048 dici
1330 4964 1489 5048 solet,
1524 4964 1661 5029 utin
1693 4976 1849 5031 libris
1899 4964 2078 5031 sacris

494 5041 887 5116 oectirritaton
946 5041 1137 5095 semel.
1202 5043 1354 5109 Quod
1409 5061 1532 5100 cum
1588 5063 1691 5100 non
1747 5047 2077 5116 intelligeret

493 5104 1266 5185 Chlrislopltprsoptts,erroris
1290 5130 1473 5169 somno
1523 5119 1850 5185 consopitum
1893 5104 2074 5172 vcrtit.

566 5173 679 5245 (97)
701 5178 812 5256 [fat
838 5179 975 5245 τοὺς
1150 5184 1490 5252 χαίροντας.
1527 5186 1652 5239 Haec
1684 5173 1937 5256 periodus
1953 5203 2078 5242 con-

493 5248 760 5327 nectenda
785 5259 867 5302 est
909 5248 1030 5327 cum
1063 5248 1567 5327 illa—‘sequenti'riqv
1601 5256 1657 5309 δὲ
1684 5248 1938 5323 καθόλου,
1967 5270 2075 5312 etc.

493 5316 586 5397 Sic
606 5318 752 5373 enim
781 5332 976 5397 sensus
1004 5321 1208 5392 integer
1236 5316 1567 5397 absolvitur";
1610 5329 1751 5396 quod
1806 5316 2076 5397 interpre-

495 5395 575 5467 tes
596 5402 703 5467 non
742 5389 1265 5467 animadverterunt.
1302 5393 1505 5450 Tamen
1552 5389 1780 5452 acumen
1811 5389 2078 5467 interpre-

496 5458 564 5537 tis
593 5458 644 5537 in
679 5458 784 5537 hoc
816 5462 1317 5537 przecipueelucet,
1358 5475 1414 5520 ut
1450 5467 1738 5521 verborum
1795 5485 1856 5523 ac
1883 5458 2078 5524 sensus

491 5526 826 5598 ἀκολουθίαν
874 5526 1309 5598 diligentissime
1339 5546 1707 5591 consectetur.
1759 5538 1933 5594 Porro
1984 5540 2073 5594 hic

496 5597 721 5678 locusin
761 5601 920 5678 codd.
969 5597 1131 5678 hlaz.,
1162 5603 1331 5678 _Med.,
1382 5606 1516 5660 Fuk.
1546 5618 1600 5660 et
1626 5608 1794 5664 Savil.
1834 5611 1906 5663 ita
1943 5610 2076 5678 legi-

492 5674 721 5751 tur,_xal.
781 5670 900 5731 τοὺς
949 5670 1050 5740 μὲν
1082 5670 1375 5744 χαίροντας
1406 5678 1500 5730 καὶ
1549 5680 1949 5752 χαυνουμένους
1982 5670 2075 5734 ὄπ’

491 5752 694 5805 αυτων,
734 5751 840 5795 etc.

565 5808 675 5877 (98)
708 5810 828 5865 Ἵνα
863 5813 959 5867 καί
986 5814 1351 5885 ἐλεγκτικόν.
1390 5816 1608 5875 Sciebat
1644 5819 1949 5886 Montanus,
1981 5839 2074 5878 seu

2186 4556 2337 4609 ribus
2363 4552 2734 4614 conﬁrmaret,
2761 4566 2853 4606 eos
2888 4552 3159 4605 interdum
3213 4554 3479 4619 arguebat
3502 4560 3559 4603 et
3578 4550 3772 4619 objur-

2183 4625 2368 4691 gabat.
2405 4623 2541 4678 Vide
2567 4622 2917 4678 Ambrosium
2950 4623 3003 4675 in
3039 4620 3209 4686 Epist.
3241 4625 3307 4691 ad
3344 4619 3612 4691 Thessal.,
3638 4638 3770 4690 cap.

2268 4694 2622 4767 Qujusrverba
2657 4693 2745 4767 hic
2768 4703 3043 4767 merentur
3060 4690 3255 4767 ascribi
3285 4705 3299 4742 :
3329 4689 3469 4767 Ilius
3490 4703 3591 4767 est,
3624 4689 3773 4767 unde

2178 4777 2222 4818 et
2254 4760 2480 4823 Joannis
2521 4760 2747 4831 apostoli
2800 4761 3038 4831 Epistula
3083 4760 3327 4826 «Nolite,
3363 4762 3556 4831 inquit,
3620 4766 3770 4816 onmi

2179 4837 2391 4902 spiritui
2415 4830 2659 4898 credere;
2687 4835 2776 4886 sed
2795 4830 3008 4900 probate
3031 4833 3252 4900 spiritus
3275 4832 3321 4885 si
3338 4847 3402 4885 ea:
3420 4830 3532 4887 Deo
3560 4841 3685 4884 sunt
3710 4847 3763 4885 :s

2177 4908 2301 4975 quia
2329 4909 2375 4959 si
2403 4906 2567 4957 multa
2591 4906 2723 4957 bona
2754 4904 2993 4975 dicat,in
3027 4903 3203 4971 aliquo
3228 4913 3427 4975 autent,
3460 4903 3602 4975 quod
3635 4903 3765 4969 fidei

2181 4972 2457 5031 adversum
2483 4985 2578 5039 est,
2602 4984 2827 5039 promat,
2868 4974 3069 5026 sciatur
3092 4988 3193 5024 non
3226 4988 3336 5024 esse
3371 4972 3609 5038 Spiritus
3639 4991 3769 5026 san-

2180 5057 2317 5101 ctus.
2356 5045 2507 5099 Nihil
2535 5046 2670 5097 enim
2714 5046 2912 5097 erroris
2965 5045 3021 5097 in
3078 5041 3280 5109 Spiritu
3334 5055 3516 5095 sancto
3568 5046 3763 5112 poterit

2180 5117 2419 5184 reperiri.
2489 5113 2591 5169 Sed
2639 5127 2692 5167 ut
2752 5131 2845 5183 per
2901 5115 3211 5184 exercitium
3264 5112 3460 5177 eloquii
3516 5114 3766 5178 qua'dam

2177 5180 2468 5255 spiritalia,
2496 5180 2760 5256 qua’dam’
2793 5200 2912 5237 vero
2949 5183 3216 5241 carnalia.
3241 5185 3366 5250 quia
3408 5187 3580 5256 omnis
3614 5201 3768 5237 error

2180 5259 2328 5310 carni
2360 5255 2675 5324 deputatur,
2709 5265 2798 5309 aut
2840 5264 2978 5308 certe
3024 5255 3571 5324 commentor/uadum
3612 5265 3770 5308 ustu-

2180 5329 2267 5383 tiaa
2308 5322 2442 5381 bona
2500 5327 2677 5395 ﬁngit,
2722 5338 2775 5379 ut
2820 5325 2903 5379 his
2949 5322 3357 5395 inserat__ntala,
3410 5325 3551 5395 sicut
3602 5342 3769 5393 supra

2178 5391 2511 5461 memoravip
2537 5391 2979 5466 quemadmodum
3029 5395 3083 5449 in
3130 5392 3388 5448 Montano
3421 5404 3471 5447 et
3495 5391 3768 5466 (Priscilla

2179 5480 2231 5521 et
2262 5465 2563 5521 Maximilla
2592 5468 2863 5535 praplietis
2886 5465 3349 5536 Catapltrygarum
3370 5465 3590 5536 spiritus
3614 5481 3769 5519 muns

2179 5539 2235 5591 di
2261 5539 2555 5592 imitatione
2605 5538 2725 5592 boni
2774 5537 3077 5599 simulabat,
3107 5535 3161 5590 ut
3187 5549 3279 5603 per
3306 5535 3477 5588 multa
3511 5536 3769 5589 verisimi-

2179 5611 2275 5670 lia,
2300 5625 2500 5663 necnon
2528 5618 2579 5663 et
2606 5622 2753 5670 vera,
2782 5606 3090 5661 mentiretur
3112 5622 3167 5661 se
3197 5622 3309 5660 esse
3334 5605 3600 5677 Spiritum
3637 5624 3769 5660 san-

2180 5690 2345 5735 clum.

2254 5754 2365 5821 (99)
2388 5753 2490 5817 Εἰς
2520 5750 2695 5806 τοῦτο
2752 5751 3194 5821 συνελθόντων.
3226 5747 3768 5818 Christophorsonus

2181 5819 2372 5891 legisse
2401 5826 2611 5879 videtur
2644 5823 2721 5885 είς
2756 5819 2937 5877 ταύτό.
