4112 6428
250 390 373 447 £69

1290 387 1642 445 HISTORIA}
1684 383 2245 445 ECCLESIASTICE
2286 383 2414 439 LIB.
2455 383 2523 439 ν.

3406 378 3513 435 470

246 505 361 563 δάν
404 506 585 562 τοίνυν
617 506 709 561 καὶ
736 504 1180 577 προφητοφόντας
1216 507 1363 579 ἡμᾶς
1398 507 1724 574 ἀπεκάλουν,
1758 507 1826 560 ὅτι

1941 521 2105 562 causa
2163 502 2572 566 convenissent,
2639 514 2942 571 novamque
2994 499 3147 554 illam
3204 498 3510 553 doctrinam

250 601 337 671 μὴ
369 602 502 664 τοὺς
526 598 942 671 ἀμετροφώνους
966 599 1041 670 (1)
1068 599 1246 653 αὐτῶν
1276 603 1557 674 προφήτας
1585 601 1840 671 ἐδεξάμε-

246 691 347 747 θα·
374 692 602 756 τούτους
628 693 735 763 γάρ
764 689 899 744 εἶναί
924 708 1106 759 φασιν,
1129 690 1336 765 οὕσπερ
1368 694 1732 763 ἐπηγγείλατο
1759 693 1838 765 τῷ

244 783 379 855 λαῷ
424 786 656 857 πέμψειν
705 788 732 839 ό
776 784 996 855 Κύριος,
1026 784 1512 856 ἀποκρινάσθωσαν
1537 787 1665 856 ἡμῖν
1702 784 1838 857 πρὸς

243 875 425 939 Θεοῦ,
446 876 561 930 ἔστι
594 894 694 939 τις,
724 869 771 929 ὦ
812 876 1103 945 βέλτιστοι,
1130 877 1332 931 τούτων
1357 876 1465 930 τῶν
1498 877 1605 930 ἀπὸ
1625 879 1837 932 Μοντα-

243 968 350 1021 νοῦ
399 969 786 1036 καὶγυναικῶν
810 968 988 1021 λαλεῖν
1022 968 1360 1039 ἀρξαμένων,
1392 970 1539 1033 ὅστις
1565 948 1673 1023 imo
1702 971 1836 1023 'Iou-

241 1059 426 1114 δαίων
447 1059 744 1131 ἐδιώχθη,ἢ
774 1060 878 1113 ὑπὸ
903 1060 1235 1132 παρανόμων
1256 1060 1566 1131 ἀπεκτάνθη
1594 1076 1607 1123 ;
1639 1059 1832 1123 οὐδείς·

242 1152 383 1205 ούδέ
434 1153 499 1221 γέ
540 1170 625 1216 τις
663 1152 841 1205 αὐτῶν
865 1151 1158 1240 κρατηθεὶς
1187 1153 1325 1225 ὑπὲρ
1348 1152 1442 1205 τοῦ
1468 1152 1725 1223 ὀνόματος
1758 1150 1834 1221 (Ξ)

240 1243 687 1315 ἀνεσταυρώθη;
722 1245 782 1298 ού
822 1243 929 1315 γὰρ
963 1239 1087 1298 οὖν·
1124 1242 1243 1296 οὐδὲ
1286 1243 1392 1315 μὴν
1425 1243 1543 1297 οὐδὲ
1584 1246 1640 1296 ὲν
1677 1261 1835 1296 συνα-

243 1338 476 1404 γωγαῖς
511 1336 776 1389 Ἰουδαίων
812 1335 922 1389 τῶν
947 1334 1221 1404 γυναικῶν
1251 1352 1334 1397 τις
1363 1334 1707 1405 ἐμαστιγώθη
1737 1352 1834 1388 πο-

243 1431 331 1495 τὲ,
362 1430 399 1501 ἦ
427 1430 807 1501 ὲλιθοϐολήθης
842 1430 1105 1501 οὐδαμόσε
1133 1428 1403 1500 οὐδαμῶς.
1446 1428 1623 1500 Ἄλλῳ
1659 1430 1714 1483 δὲ
1738 1430 1834 1483 ϐα-

243 1525 406 1595 νάτῳ
440 1524 757 1593 τελευτῆσαι
786 1521 1033 1591 λέγονται
1063 1523 1335 1586 Μοντανός
1360 1540 1417 1576 τε
1441 1523 1535 1576 καὶ
1566 1522 1833 1593 Μαξίμιλ-

241 1616 339 1670 λα.
374 1616 613 1679 Τούτους
648 1616 756 1686 γάρ
786 1616 890 1669 ὑπὸ
915 1614 1221 1685 πνεύματος
1253 1614 1608 1686 βλαψίφρονος
1636 1614 1829 1667 ἑκατέ-

242 1724 385 1778 ρους
431 1708 874 1779 ύποκινήσαντος,
926 1707 1081 1776 λόγος
1109 1708 1411 1778 ἀναρτῆσαι
1453 1708 1695 1770 ἑαυτοὺς,
1733 1707 1831 1776 ούχ

237 1799 414 1870 ὁμοῦ,
449 1800 587 1854 κατά
618 1800 675 1852 δὲ
711 1799 801 1853 τὸν
830 1800 930 1869 τῆς
958 1800 1192 1853 ἑκάστου
1215 1799 1472 1869 τελευτῆς
1498 1799 1691 1868 καιρὸν
1724 1798 1829 1870 φή-

1939 598 2363 659 examinassent,
2410 604 2465 648 et
2514 595 2798 664 profanam
2860 603 3024 660 atque
3091 591 3311 660 impiam
3366 590 3512 657 judi-

1940 694 2176 748 cassent,
2210 685 2460 738 damnata
2507 683 2692 738 Incresi
2722 683 2807 737 isti
2836 683 2900 735 ab
2933 681 3168 748 Ecclesia
3193 694 3245 733 et
3274 681 3508 734 lidelimn

1941 776 2321 832 communione
2350 775 2557 846 expulsi
2588 786 2734 830 sunt.
2771 794 2788 827 ι
2825 775 2917 828 llis
2951 776 3001 827 in
3038 775 3300 842 principio
3327 774 3509 842 operis

1940 869 2399 932 commemoratis,
2425 882 2487 922 ac
2512 882 2607 936 per
2633 877 2800 919 totum
2852 866 3106 935 deinceps
3156 856 3350 917 librum
3381 880 3508 916 cou-

1941 959 2207 1015 futatione
2238 958 2453 1013 illorum
2485 960 2690 1013 erroris
2722 959 2951 1026 adjecta,
2990 957 3333 1023 supradictus
3368 955 3507 1008 scri-

1940 1062 2064 1122 ptor
2095 1054 2147 1107 in
2172 1053 2413 1107 secundo
2448 1052 2584 1105 libro
2611 1052 2675 1106 de
2709 1051 2922 1105 illorum
2948 1066 3083 1119 quos
3114 1049 3225 1104 dixi
3260 1048 3410 1103 obitu
3437 1049 3509 1101 ita

1939 1146 2135 1199 scribit
2166 1164 2178 1199 :
2222 1164 2240 1196 ι
2273 1146 2498 1211 Quando
2524 1145 2703 1214 igitur,
2751 1144 2946 1212 inquit,
2974 1143 3357 1212 prophetarum
3410 1156 3510 1195 nos

1939 1237 2320 1293 interfectores
2370 1247 2663 1303 vocarunt,
2711 1246 2993 1305 propterea
3047 1236 3189 1303 quod
3256 1235 3511 1304 loquaces

1940 1327 2175 1397 ipsorum
2206 1328 2499 1397 prophetas
2535 1342 2638 1380 non
2668 1326 2984 1379 admisimus
3032 1326 3157 1393 (hos
3186 1325 3332 1378 enim
3385 1339 3510 1379 esse

1936 1419 2228 1484 aliirmant,
2257 1435 2392 1488 quos
2427 1420 2686 1474 Dominus
2719 1418 2914 1490 populo
2941 1434 2998 1472 se
3047 1420 3339 1472 missurum
3388 1432 3509 1471 esse

1937 1510 2297 1581 promiserit),
2332 1512 2694 1580 respondeant
2725 1512 2903 1573 nobis,
2931 1525 3134 1579 quaeso,
3164 1525 3259 1579 per
3291 1509 3457 1582 Deum
3490 1526 3505 1562 :

1934 1614 2089 1658 estne
2111 1604 2306 1673 aliquis
2349 1617 2537 1657 eorum
2567 1604 2658 1672 qui
2692 1603 2802 1673 jam
2828 1604 2954 1657 inde
2987 1618 3015 1655 a
3044 1602 3297 1657 Montano
3319 1614 3373 1657 et
3401 1620 3513 1657 mn-

1936 1696 2177 1751 lierculis
2208 1696 2419 1764 garrire
2476 1696 2705 1765 primum
2756 1707 3057 1760 cmperunt,
3094 1694 3187 1763 qui
3230 1713 3261 1748 a
3308 1694 3511 1749 Jndteis

1934 1790 2366 1857 persecutionem
2400 1804 2590 1857 passus
2637 1788 2731 1852 sit,
2767 1797 2857 1839 aut
2918 1787 2985 1841 ab
3042 1786 3222 1854 impiis
3279 1789 3514 1843 trucida-

245 1864 329 1963 μη
363 1891 534 1963 πολλή
556 1908 568 1921 ο
620 1890 713 1943 καὶ
753 1864 898 1944 οὕτω
932 1890 987 1943 δὲ
1013 1890 1329 1962 τελευτῆσαι
1357 1864 1451 1944 κα).
1478 1890 1569 1943 τὸν
1595 1864 1707 1961 βίον

1938 1888 2021 1933 tus
2042 1880 2065 1932 ?
2090 1878 2259 1934 Nemo
2289 1892 2454 1934 certe.
2494 1879 2603 1934 Nec
2632 1893 2759 1935 vero
2786 1879 2927 1934 ullus
2948 1895 3139 1935 eorum
3184 1896 3283 1951 pro
3307 1880 3510 1937 Christi

240 1983 579 2056 τασ-τρέψαι,
613 1981 784 2037 Ἰούδα
809 1982 1067 2054 προδότου
1095 1983 1271 2054 δίκην.
1297 1981 1562 2054 Καθάπερ
1606 1983 1701 2036 καὶ
1740 1982 1831 2035 τὸν

242 2076 564 2147 Θαυμαστὸν
594 2078 797 2129 ἐκεῖνον
824 2077 915 2129 τὸν
946 2076 1162 2148 πρῶτον
1192 2077 1291 2147 τῆς
1316 2078 1436 2129 κατ’
1461 2076 1658 2139 αὐτοὺς
1682 2075 1831 2145 λεγο-

246 2167 431 2238 μένης
464 2166 796 2238 προφητείας
829 2162 940 2220 οῖον
989 2168 1280 2241 ἐπίτροπόν
1312 2168 1389 2239 (5)
1418 2184 1537 2220 τινα
1557 2167 1828 2233 Θεόδοτον,

242 2259 429 2322 πολὺς
475 2260 621 2331 αἱρεῖ
649 2257 804 2328 λόγος
839 2259 935 2329 (4),
980 2259 1055 2323 ὼς
1105 2259 1392 2331 αίρόμενόν
1426 2276 1556 2313 ποτε
1584 2260 1678 2313 καὶ
1702 2261 1832 2313 ἀνα-

238 2350 661 2421 λαμϐανόμενον
699 2352 777 2413 είς
815 2350 1076 2420 οὐρανοὺς
1108 2350 1483 2422 παρεκστῆναί
1524 2350 1599 2423 (5)
1640 2368 1698 2403 τε
1737 2353 1830 2405 καὶ

242 2442 687 2497 καταπιστεῦσαι
710 2441 898 2495 ἑαυτὸν
923 2442 1001 2512 τῷ
1030 2442 1127 2513 τῆς
1160 2443 1372 2513 ἀπάτης
1416 2442 1707 2514 πνεύματι,
1733 2446 1829 2498 καὶ

244 2534 622 2600 δισκευθέντα,
646 2534 829 2597 κακῶς
856 2535 1192 2605 τελευτῆσαι.
1221 2536 1360 2588 Φασὶ
1388 2534 1520 2605 γοῦν
1555 2536 1711 2589 τοῦτο
1738 2536 1830 2589 ού-

243 2644 359 2691 τως
406 2628 701 2696 γεγονέναι.
732 2626 892 2680 Ἀλλά
942 2627 1015 2697 μὴ
1064 2626 1191 2680 ἄνευ
1243 2626 1320 2698 (6)
1359 2626 1453 2680 τοῦ
1501 2626 1626 2680 ἰδεῖν
1658 2629 1826 2699 ἡμᾶς,

236 2719 578 2785 ,ἐπίστασθαί
617 2737 670 2771 τι
696 2718 804 2771 τῶν
843 2718 1094 2773 τοιούτων
1132 2720 1447 2791 νομίζομεν,
1494 2714 1539 2773 ὦ
1569 2720 1826 2791 μακάριε.

246 2811 421 2873 Ἴσως
452 2810 548 2879 μὲν
572 2810 678 2880 γὰρ
709 2807 899 2872 οὕτως,
935 2809 1065 2872 ῐσως
1096 2810 1153 2864 δὲ
1183 2812 1283 2882 οὐχ
1314 2810 1486 2874 οὕτως
1518 2810 1831 2883 τετελευτή-

245 2916 386 2953 κασι
426 2900 698 2963 Μοντανός
739 2916 799 2951 τε
845 2900 938 2953 καὶ
968 2899 1219 2965 Θεόδοτος
1254 2902 1347 2955 καὶ
1383 2903 1418 2973 ἡ
1452 2902 1826 2974 προειρημένη

245 2992 413 3062 γυνή.
445 3010 462 3035 ι
496 2986 663 3054 Αὖθις
710 2990 753 3043 δ’
790 2992 847 3044 ὲν
883 2991 963 3063 τῷ
1001 2992 1148 3063 αύτῷ
1191 3010 1323 3064 φησι
1350 2992 1526 3064 λόγῳ,
1555 2996 1679 3057 τοὺς
1708 2996 1826 3046 τότε

247 3083 435 3153 ἱεροὺς
478 3082 808 3144 ἐπισκόπους
853 3082 1213 3154 πεπειρᾶσθαι
1259 3083 1527 3154 μὲνλτῢεὲν
1556 3087 1621 3155 τῇ
1658 3081 1830 3148 Μαξι-

250 3172 420 3245 μίλλῃ
441 3171 652 3242 πνεῦμα
672 3171 958 3240 διελέγξαι,
985 3171 1340 3237 κεκωλῦσθαι,
1358 3173 1413 3227 δὲ
1444 3174 1577 3245 πρὸς
1604 3174 1825 3245 ἐτέρων,

248 3263 656 3334 συνεργούντων
684 3264 881 3336 δηλαδὴ
910 3262 988 3334 τῷ
1013 3263 1301 3335 πνεύματι,
1324 3264 1528 3336 Γράφει
1553 3265 1609 3318 δὲ
1633 3264 1824 3328 οὕτως’

253 3376 273 3400 ε
309 3358 425 3410 Καὶ
471 3359 546 3429 μὴ
584 3356 785 3426 λεγέτω
815 3359 871 3410 ὲν
900 3358 976 3429 τῷ
1004 3358 1153 3428 αὐτῷ
1186 3358 1328 3429 λόγῳ
1368 3358 1445 3429 τῷ
1475 3358 1615 3413 κατὰ
1643 3357 1827 3410 Ἀστέ-

250 3467 371 3523 ριον
395 3450 669 3523 Οὑρόανδν
700 3449 774 3521 (7)
802 3450 863 3504 τὸ
887 3450 987 3505 διάν
1007 3450 1345 3523 Μαξιμίλλης
1375 3450 1608 3522 πνεῦμα,
1636 3448 1827 3503 διώκο-

330 3635 407 3703 (l)
451 3632 940 3703 Ἀμετροφώνους.
978 3632 1177 3703 Alludil
1214 3634 1281 3687 ad
1328 3632 1628 3703 epithetnm
1667 3632 1820 3696 illud,

254 3719 365 3771 quo
400 3702 659 3758 Homerus
688 3702 739 3758 in
789 3703 959 3757 Iliade
1006 3702 1309 3757 Tbersitem
1346 3702 1549 3773 aliecit,
1598 3704 1829 3773 ἀμετρο-

254 3775 418 3844 επὴς,
448 3777 590 3842 quod
640 3776 777 3828 idem
824 3785 905 3828 est
929 3790 993 3828 ac
1028 3774 1362 3842 falsiloquus.
1388 3771 1521 3825 Nam
1548 3771 1652 3842 qui
1675 3790 1827 3827 men-

257 3845 489 3905 tiuntur,
522 3844 721 3897 nullum
758 3844 810 3895 in
848 3846 1077 3899 dicendo
1105 3846 1317 3898 modum
1352 3858 1575 3896 servare
1623 3844 1823 3899 solent.

329 3914 409 3983 (2)
447 3913 615 3981 ’Υπὲρ
667 3914 773 3968 τοῦ
818 3915 1120 3983 ὀνόματος.
1155 3915 1209 3967 In
1262 3913 1570 3981 Nicepltoro
1632 3912 1826 3981 legitur

256 3984 401 4055 ὑπὲρ
429 3984 520 4037 τού
553 3985 738 4055 νόμου.
770 3986 909 4052 quod
940 4000 1043 4037 non
1082 3985 1284 4052 probo;
1321 3984 1645 4055 subauditur
1678 3984 1822 4055 enim

253 4053 353 4108 τοῦ
375 4053 630 4120 Χριστοῦ,
662 4067 717 4106 ιιι
742 4056 963 4108 Rulinns
984 4065 1037 4109 et
1066 4053 1586 4117 Christophorsomts
1610 4053 1826 4120 supple-

257 4126 358 4180 vit.
404 4122 495 4179 Sic
526 4124 661 4179 inira
709 4140 831 4196 cap.
876 4125 942 4180 18
994 4124 1235 4194 loquitur
1259 4123 1600 4192 Apollonius,
1629 4122 1719 4177 ubi
1758 4124 1823 4177 de

255 4196 583 4253 Nexandro.

252 4280 263 4337 ι
329 4267 411 4337 (5)
466 4263 603 4337 Olar-
649 4266 990 4335 ἐπίτροπον.
1050 4264 1278 4337 Rulinus
1333 4265 1446 4319 haec
1494 4267 1658 4337 verba
1715 4279 1825 4318 non

256 4334 523 4404 agnoscit.
556 4336 648 4391 Sic
672 4338 812 4389 enim
844 4338 1023 4401 vertit,
1063 4335 1221 4389 veluti
1272 4336 1673 4405 primogenitum
1704 4352 1827 4400 pro-

256 4410 449 4474 phetia:
476 4409 729 4472 ipsorum,
768 4406 1087 4460 Theodotum
1144 4406 1598 4460 nomine.‘0mncs
1642 4416 1820 4459 tamen

258 4477 476 4530 codices
495 4486 547 4531 et
574 4476 912 4545 Nicephorus
936 4478 1076 4531 hanc
1106 4491 1292 4529 vocem
1316 4486 1658 4545 agnoscunt.
1696 4475 1824 4528 Erat

260 4548 400 4614 apud
436 4544 789 4601 Montanistas
842 4563 966 4602 arca
1006 4546 1272 4616 quaedam,
1310 4544 1562 4616 iu’quam
1608 4546 1821 4600 sodales

259 4618 451 4687 stipem
494 4618 866 4687 conjiciebant
919 4619 985 4671 ad
1027 4614 1432 4685 VprOphelarum'
1481 4614 1815 4687 alimoniam.

259 4685 472 4757 Primus
492 4684 799 4742 Theodotus
827 4688 983 4757 hujus
1032 4684 1170 4739 arca:
1199 4701 1383 4757 curam
1427 4686 1614 4757 gessit,
1661 4701 1818 4752 quem

260 4755 466 4811 idcirco
496 4755 911 4824 procuratorem
938 4756 1234 4827 prophetia:
1264 4756 1350 4809 hic
1374 4756 1610 4823 scriptor
1637 4768 1815 4827 vocat,

259 4830 399 4893 quod
434 4828 636 4883 reditus
683 4828 891 4889 illorum
944 4826 998 4881 et
1052 4826 1248 4895 prmdia
1295 4835 1629 4893 procuraret.
1690 4826 1821 4879 Erat

254 4895 463 4967 alioqui
518 4897 799 4952 Montanus
833 4914 955 4953 cum
997 4901 1107 4951 suis
1161 4896 1541 4964 prophetissis,
1591 4912 1818 4964 magnus

260 4976 573 5033 mruscalor,
610 4969 699 5037 qui
728 4971 1010 5037 pecuniam
1059 4967 1296 5034 undique
1323 4968 1633 5019 corraderet
1669 4967 1817 5019 obla-

265 5037 468 5090 tiomnn
519 5041 718 5105 specie.
762 5038 970 5092 Salaria
1019 5038 1182 5090 etiam
1236 5038 1475 5105 praebere
1506 5037 1698 5089 solitus
1752 5037 1819 5089 iis

262 5107 352 5176 qui
387 5109 683 5165 doctrinam
712 5125 861 5162 suam
894 5108 1270 5176 praedicarent,
1303 5114 1359 5159 ut
1411 5107 1601 5161 scribit
1657 5106 1822 5175 Apol—

261 5175 437 5231 Ionius
476 5181 611 5246 apud
659 5175 946 5243 Eusebium
985 5179 1034 5230 in
1089 5180 1265 5243 capite
1300 5178 1572 5242 scqneuli.
1626 5178 1818 5230 Arcam

262 5246 424 5316 igitur
457 5263 549 5301 seu
578 5247 760 5303 iiscum
789 5250 1032 5301 habuerit
1071 5263 1295 5301 necesse
1334 5256 1437 5310 est,
1466 5256 1520 5299 et
1563 5262 1821 5315 procura-

264 5325 435 5371 torem
474 5320 672 5381 :erarii,
703 5320 793 5386 qui
830 5319 1046 5380 salaria,
1083 5318 1134 5369 id
1159 5328 1240 5371 est
1275 5317 1533 5385 pecunias
1561 5334 1816 5372 numera-

266 5388 433 5439 retiis
464 5389 658 5452 quibus
691 5387 973 5442 Montanus
1002 5390 1339 5441 decreverat.

256 5472 264 5539 ς
300 5456 411 5539 Δ(ἑ)
432 5456 642 5539 ’Πολὺς
670 5457 823 5539 αἱρεῖ
838 5459 1054 5539 Ζζόγος..
1073 5456 1128 5539 [ρ
1158 5457 1342 5539 codice
1372 5455 1648 5539 Medicam,
1681 5456 1819 5539 Ma}.

256 5525 316 5587 fet
351 5525 485 5609 Fuit.
510 5527 879 5609 .lrcgiturfpsi.
904 5525 1055 5609 Apud
1083 5527 1373 5609 Eusebium
1427 5540 1603 5609 tamen
1638 5531 1695 5609 in.
1724 5529 1819 5609 lib.

256 5598 475 5681 i“nobis
501 5599 602 5681 ita.
633 5597 1010 5681 scribiturtnt.
1042 5598 1146 5681 hoc
1168 5597 1298 5681 loco
1340 5600 1598 5681 scriptum
1648 5601 1819 5681 vides,

258 5665 429 5741 ἰπολ-υς
452 5669 602 5741 αἱρεί
634 5668 807 5741 λόγος,
844 5667 1269 5741 ubioipsi‘idetn
1308 5665 1543 5725 Valet—ac
1573 5670 1783 5741 κρατεῖ.

336 5730 869 5808 (5).Παρεκστῆιλαι.
919 5730 1055 5790 Male
1109 5737 1429 5805 interpretes
1471 5730 1823 5794 omne‘bunc

262 5803 441 5862 locum
468 5803 678 5877 cepere.
704 5803 1082 5881 Παρεκστῆναι
1106 5817 1188 5863 est
1214 5803 1351 5865 (also
1374 5812 1568 5867 tuentis
1594 5825 1818 5866 excessu

1935 1972 2153 2025 nomine
2184 1973 2506 2044 prehensus,
2539 1971 2591 2026 in
2624 1988 2846 2029 crucem
2872 1983 3025 2029 actus
3052 1984 3137 2029 est
3164 1993 3178 2027 :
3211 1975 3303 2029 sed
3337 1990 3511 2044 neque

1935 2063 2037 2117 ulla
2063 2064 2257 2118 mulier
2289 2066 2343 2118 in
2378 2063 2687 2121 Judaeorum
2721 2069 3011 2137 synagogis
3051 2066 3342 2139 autﬂagris
3368 2084 3506 2124 caesa

1932 2167 2025 2210 aut
2054 2157 2320 2223 lapidibus
2347 2157 2591 2229 impetita
2628 2169 2733 2214 est.
2810 2158 3084 2229 Nusquam
3116 2161 3377 2231 profecto,
3408 2177 3509 2217 nec

1934 2264 2187 2319 unquam.
2266 2250 2378 2304 lmo
2407 2250 2569 2318 longe
2594 2250 2700 2305 alio
2744 2253 2938 2306 mortis
2987 2267 3185 2322 genere
3233 2256 3509 2311 interiisse

1932 2343 2186 2397 dicuntur
2218 2342 2498 2399 Montanus
2544 2352 2596 2398 et
2631 2342 2947 2402 Maximilla.
3001 2349 3177 2402 Ambo
3223 2348 3389 2414 enim,
3453 2359 3509 2405 ut

1932 2432 2072 2486 fama
2096 2443 2202 2498 est,
2226 2434 2293 2488 ab
2317 2431 2509 2488 insano
2535 2433 2726 2502 spiritu
2765 2433 2998 2500 incitati,
3032 2435 3225 2503 laqueo
3255 2438 3354 2491 sibi
3408 2452 3507 2507 gu-

1931 2524 2037 2580 lam
2060 2525 2338 2596 fregerunt
2367 2543 2381 2580 :
2418 2541 2523 2581 non
2548 2526 2767 2595 quidem
2802 2526 2983 2592 simul,
3008 2530 3100 2582 sed
3125 2544 3239 2583 sine
3274 2530 3507 2600 quisque

1931 2620 2124 2676 mortis
2172 2630 2416 2690 tempore
2451 2638 2465 2674 :
2498 2629 2661 2689 atque
2699 2619 2773 2673 ita
2810 2620 2984 2675 instar
3039 2622 3330 2689 proditoris
3359 2621 3510 2680 Judre

1929 2714 2098 2770 vitam
2136 2713 2409 2768 ﬁnierunt.
2487 2712 2581 2768 Sic
2611 2713 2775 2767 etiam
2828 2714 3165 2769 admirabilis
3198 2715 3289 2770 ille
3331 2714 3511 2771 Theo-

1932 2805 2112 2870 dotus,
2145 2805 2236 2874 qui
2276 2804 2483 2876 primus
2513 2804 2814 2873 prophetiae
2859 2804 3072 2859 illorum
3122 2806 3275 2875 quasi
3312 2822 3513 2875 procu-

1932 2907 2080 2953 rator
2106 2896 2325 2965 quidam
2366 2896 2486 2959 fuit,
2518 2896 2873 2966 plurimorum
2903 2912 3156 2951 sermone
3191 2900 3511 2967 perhibetur

1932 2990 2071 3047 falso
2102 2991 2296 3044 mentis
2317 3005 2542 3045 excessu
2570 2990 2827 3057 abreptus
2869 2987 3059 3055 fuisse,
3104 2990 3327 3059 perinde
3359 3007 3422 3045 ac
3460 2992 3507 3046 si

1931 3081 2201 3138 levaretur
2230 3082 2519 3151 aliquando
2546 3091 2600 3135 et
2621 3092 2993 3134 assumeretur
3015 3082 3065 3135 in
3092 3082 3286 3135 coelum
3317 3100 3331 3136 :
3358 3098 3511 3137 cum-

1931 3187 2041 3244 que
2067 3188 2124 3227 se
2160 3181 2330 3228 totum
2356 3164 2863 3227 iraudnleutissimo
2900 3171 3114 3240 spiritui
3148 3171 3506 3241 permisisset,

1933 3269 2001 3322 ab
2029 3282 2094 3322 eo
2126 3267 2178 3321 in
2210 3265 2377 3321 altum
2433 3264 2669 3335 jactatus
2710 3264 3006 3319 miserabili
3056 3262 3204 3319 exitu
3257 3265 3505 3334 periisse.

1936 3358 1999 3412 Et
2030 3358 2080 3411 id
2111 3356 2324 3426 quidem
2355 3355 2425 3409 ita
2456 3354 2656 3408 factum
2692 3369 2812 3409 esse
2844 3363 3089 3409 narrant.
3118 3352 3223 3409 Sed
3249 3355 3503 3423 quoniam

1933 3448 2036 3520 ipsi
2072 3464 2179 3503 non
2200 3448 2453 3517 vidimus,
2480 3463 2817 3519 nequaquam
2840 3448 3211 3503 existimamus
3233 3461 3331 3502 nos
3352 3446 3508 3519 quid-

1931 3632 2137 3706 abripi.‘
2158 3631 2251 3706 Sic
2282 3632 2653 3706 παρέκστασις
2679 3646 2839 3703 supra
2877 3629 3143 3706 sumitur,
3166 3631 3231 3706 id
3266 3640 3350 3706 est
3375 3628 3507 3685 falsa

1938 3703 2193 3758 exstasis.
2224 3702 2532 3757 Sunt'enim
2575 3719 2711 3757 verte
2741 3702 2989 3757 exstases
3019 3702 3072 3756 in
3104 3702 3374 3765 Ecclesia,
3411 3716 3509 3755 cn-

1930 3772 2164 3840 jusmodi
2196 3773 2297 3827 fuit
2324 3774 2469 3829 Petri
2512 3773 2761 3841 apostoli,
2794 3774 2845 3826 in
2870 3771 3109 3837 Actibus,
3133 3788 3253 3841 cap.
3292 3788 3325 3826 ι
3351 3781 3405 3841 c_t
3427 3786 3506 3835 ιι.

1937 3839 2025 3897 ubi
2056 3843 2249 3898 Petrus
2269 3844 2467 3898 vidisse
2487 3839 2689 3897 dicitur
2714 3844 2767 3897 iu
2796 3844 2998 3896 exstasi
3024 3839 3321 3897 visionem.
3357 3839 3505 3896 Talis

1936 3914 2066 3967 item
2104 3914 2208 3967 fuit
2240 3916 2475 3968 exstasis
2515 3913 2667 3966 Pauli
2708 3912 2960 3983 apostoli,
2994 3927 3116 3965 cum
3164 3911 3228 3964 ad
3284 3912 3505 3966 tertium

1934 3998 2109 4052 usque
2139 3984 2337 4038 caelum
2363 3984 2619 4052 abreptus
2644 3982 2751 4037 est.
2777 3982 3076 4036 Puerorum
3128 3996 3345 4050 quoque
3405 3997 3504 4034 ex—

1931 4064 2105 4108 stases
2153 4053 2206 4108 in
2259 4054 2625 4108 testimonium
2683 4053 3025 4107 adducuntur
3066 4066 3096 4105 a
3138 4052 3411 4121 Cypriano
3450 4052 3505 4105 in

1932 4122 2171 4193 EpiStola
2200 4139 2361 4177 nona.
2392 4123 2530 4177 Sunt
2556 4124 2680 4178 item
2708 4122 2857 4177 falsre
2879 4131 3125 4176 exstases
3160 4121 3300 4189 apud
3331 4122 3508 4175 haere-

1936 4194 2096 4257 ticos,
2129 4209 2247 4263 qua:
2277 4194 2677 4265 παρεκστάσεις
2706 4194 2986 4262 eleganter
3019 4194 3280 4265 dicuntur
3304 4193 3384 4265 ab_
3406 4193 3507 4265 hoc

1948 4260 2242 4335 scriptore,
2308 4260 2501 4319 eodem
2538 4266 2698 4318 modo
2724 4260 2831 4334 quo
2861 4261 3327 4335 napaBmpetboet;
3359 4260 3508 4335 falsa:

1932 4334 2338 4389 emendationes
2363 4335 2624 4389 dicuntur
2669 4350 2699 4387 a
2732 4333 3031 4401 Porpby’rio
3082 4333 3135 4389 in
3179 4333 3505 4400 Quintiani-

1932 4404 2026 4457 bus
2060 4402 2370 4459 Homericis.
2420 4404 2490 4459 Et
2530 4405 2614 4459 ha:
2648 4405 2867 4474 quidem
2901 4402 3050 4459 falsa:
3074 4416 3341 4468 exslases,
3373 4418 3502 4471 pro-

1929 4474 2053 4541 pius
2075 4475 2139 4527 ad
2170 4475 2405 4530 iurorem
2426 4476 2711 4539 accedunt,
2746 4482 2932 4543 utpote
2971 4490 2999 4527 a
3032 4474 3281 4529 daemone
3305 4489 3506 4541 procu-

1929 4554 2080 4616 rata}.
2109 4543 2219 4600 Illae
2245 4560 2376 4600 vero
2404 4562 2524 4616 qua:
2565 4561 2596 4599 a
2645 4547 2830 4601 divino
2873 4545 3080 4616 Spiritu
3114 4546 3502 4611 immittuntur,

1925 4614 2154 4739 glacidm
2176 4626 2325 4680 sunt,
2350 4614 2452 4670 nec
2481 4626 2681 4670 statum
2718 4615 2919 4670 mentis
2963 4616 3073 4669 ullo
3106 4616 3265 4670 modo
3288 4625 3506 4685 pertur-

1968 4693 2078 4739 ant.
2108 4695 2166 4739 nt
2215 4688 2373 4739 docet
2424 4685 2755 4739 Eoinhanius
2788 4688 2841 4739 in
2879 4686 3071 4739 barresi
3129 4685 3506 4739 Catauhrvza-

1968 4693 2078 4750 ant,
2108 4695 2166 4739 nt
2215 4688 2373 4741 docet
2424 4685 2755 4754 Epiphanius
2788 4688 2841 4739 in
2879 4686 3071 4739 bteresi
3129 4685 3507 4755 Calaphryga-

1928 4771 2073 4821 rum,
2108 4768 2158 4810 et
2192 4757 2279 4810 hic
2313 4768 2507 4811 auctor
2536 4756 2925 4811 innominatus.
2967 4755 3147 4821 Quare
3178 4754 3385 4809 fallitur
3412 4754 3506 4809 Ni-

1926 4826 2110 4880 colaus
2158 4826 2448 4896 Rigaltius,
2496 4828 2585 4894 qui
2630 4827 2684 4881 in
2744 4827 2886 4880 notis
2924 4829 3039 4881 suis
3090 4828 3175 4896 ad,
3218 4825 3503 4894 epistolam

1928 4912 2125 4968 nonam
2156 4895 2439 4968 Cypriani,
2468 4907 2725 4968 exstases
2752 4895 2989 4968 furorem
3038 4906 3095 4953 et
3125 4895 3502 4968 alienationem

1925 4967 2110 5019 mentis
2136 4964 2524 5037 interpretatus
2549 4976 2656 5021 est.
2684 4965 2799 5020 Non
2833 4965 2904 5020 ita
2930 4965 3317 5036 Hieronymus,
3344 4964 3503 5037 cuius

1927 5036 2042 5089 bam
2094 5046 2217 5091 sunt
2247 5036 2410 5091 verba
2449 5039 2514 5091 ad
2548 5038 2775 5091 Suniam
2830 5046 2884 5090 et
2933 5038 3205 5091 Fretclam
3268 5054 3284 5091 :
3332 5036 3504 5089 Aliter

1924 5108 2061 5187 enim
2091 5107 2324 5187 Latin_us.
2363 5124 2531 5161 sermo
2564 5107 2822 5162 ἔκστασιν
2852 5109 3141 5177 exprimere
3198 5122 3299 5159 non
3336 5116 3503 5175 potest

1926 5193 2027 5229 ηιδι
2061 5195 2079 5227 ἰ
2099 5190 2283 5233 ηιεηιιε
2314 5194 2599 5232 excessum.
2640 5192 2659 5226 δ

1997 5247 2072 5318 (6)
2111 5246 2382 5319 Ἄλλὰμὴ
2403 5248 2569 5302 ἄνευ.
2592 5250 2752 5305 Sicin
2770 5247 2927 5304 codd.
2946 5247 3136 5318 Regio,
3158 5245 3321 5311 lllaz.,
3338 5244 3498 5319 Fuk.,

1927 5317 2053 5371 Sav.
2075 5328 2123 5371 et
2147 5318 2283 5372 Med.
2301 5317 2575 5388 scriptum
2594 5323 2795 5390 reperi.
2821 5336 2983 5390 quam
3005 5317 3288 5374 lectionem
3319 5318 3499 5370 verio-

1926 5403 2189 5466 rem_esse
2214 5390 2496 5466 existimo
2511 5404 2673 5466 quam
2695 5391 2831 5466 ἀλλά
2845 5394 2977 5466 μήν.
2996 5404 3228 5466 eamque
3282 5396 3502 5441 secutus

1926 5468 2007 5533 est
2024 5456 2318 5533 Musculus.
2348 5460 2416 5514 At
2433 5456 2968 5533 Christophorsonus
2990 5456 3261 5533 ἄλλαμήν
3289 5466 3495 5523 tuetur,

1928 5529 2147 5602 bzecque
2182 5546 2276 5599 per
2289 5529 2782 5602 interrogationem
2812 5532 2915 5587 dici
2941 5529 3191 5602 existima
3203 5529 3242 5586 ι.

1997 5601 2075 5665 (7)
2121 5600 2218 5653 Ἐν
2239 5599 2319 5666 τῷ
2342 5599 2691 5671 αὐτῷ’λότῳ
2718 5600 2798 5668 τῷ
2822 5600 2971 5655 κατά
3016 5602 3323 5669 Ἀστέριον
3348 5601 3498 5671 Οὐρῆ

1926 5670 2131 5724 εανόν.
2167 5672 2290 5725 llaec
2308 5674 2468 5727 verba
2493 5669 2735 5727 scbobon
2753 5687 2875 5727 esse
2905 5674 3035 5725 miln
3056 5674 3327 5733 videntur,
3353 5669 3496 5738 quod

1928 5751 2085 5795 vetus
2131 5742 2351 5811 quidam
2401 5742 2749 5808 scholiasles,
2800 5758 2893 5797 seu
2935 5743 3200 5797 Eusebius
3254 5742 3391 5809 ipse,
3428 5739 3494 5792 ad

1930 5813 2227 5883 marginem
2266 5812 2387 5872 libri
2422 5813 2504 5869 sui
2538 5816 2890 5871 adnotaverat
2923 5813 2989 5868 ad
3042 5830 3106 5869 ea
3156 5816 3320 5868 verba
3373 5824 3493 5878 quae
