4112 6428
519 302 593 356 οἳοῖ
605 308 618 357 l

1239 304 1507 359 EUSEBII
1545 305 2025 363 CESARlENSlS

2098 307 2248 364 OPP.
2291 305 2472 360 PARS
2511 306 2551 360 l.
2594 336 2662 348 -—
2702 305 3088 363 HISTORICA.

3670 303 3821 357 4τὲ

526 442 684 495 quam
714 442 899 480 eorum
926 438 1078 481 certo
1104 442 1459 496 cognoscere.
1481 428 1613 482 Nam
1640 430 1781 485 forte
1800 433 1919 494 hoc,
1953 432 2090 484 forte

2211 430 2383 494 ιαιὼς
2406 429 2567 493 λύκος
2597 432 2660 482 ἐκ
2690 429 3105 500 προϐὰτωψούκ
3129 428 3242 497 εἰμὶ
3258 427 3445 491 λύκοςσ
3467 429 3576 499 ῥῆμ
3594 423 3631 476 ἁ
3663 426 3823 494 εἰμι

527 521 690 572 etiam
727 518 836 571 alio
864 519 1056 573 mortis
1100 534 1301 588 genere
1341 518 1624 574 Montanus
1668 537 1731 575 ac
1783 522 2093 577 Theodotus

525 622 579 661 et
611 608 805 663 mulier
831 609 918 663 illa
956 610 1067 680 jam
1100 627 1127 664 a
1156 613 1309 667 nobis
1338 613 1611 666 nominata
1645 613 2034 668 occubuerunt.
2070 633 2089 666 ι

528 699 715 754 Refert
741 711 1001 769 praeterea
1042 701 1094 756 in
1120 703 1306 756 eodem
1350 702 1489 755 libro
1519 703 1678 773 182
1726 705 2094 760 sanctissimos

526 792 812 862 episcopos
852 794 1106 861 spiritum
1154 795 1303 849 illum
1337 795 1425 863 qui
1468 796 1518 849 in
1552 795 1843 850 Maximilla
1893 797 2098 851 reside-

530 884 641 950 bat,
679 885 963 941 conlutare
1010 896 1237 943 conatos
1262 888 1478 956 quidem
1508 887 1709 953 fuisse;
1750 888 1843 943 sed
1887 889 1954 942 ab
1978 889 2097 944 aliis

526 978 616 1043 qui
654 978 868 1047 spiritui
904 980 1178 1043 favebant,
1213 978 1541 1050 prohibitos.
1616 978 1791 1035 Verba
1832 980 1948 1049 ejus
1983 982 2099 1037 htcc

530 1077 655 1121 sunt
688 1088 701 1123 :
749 1087 769 1119 ι
803 1068 912 1125 Nec
943 1072 1073 1125 mihi
1095 1070 1206 1141 jam
1231 1072 1488 1127 dicatille
1518 1072 1823 1126 Maximilla:
1855 1072 2096 1142 spiritus,

528 1170 690 1227 prout
720 1161 771 1215 in
802 1163 995 1217 eodem
1024 1163 1224 1218 Asterii
1269 1163 1474 1219 Urbani
1511 1164 1652 1218 libro
1683 1165 1908 1219 relatum
1956 1173 2039 1219 est
2080 1182 2095 1219 :

528 1253 736 1306 Arreor
771 1263 1025 1322 tanquam
1061 1254 1217 1323 lupus
1239 1255 1307 1308 ab
1331 1256 1542 1309 ovibus.
1618 1254 1733 1310 Non
1773 1272 1889 1310 sum
1922 1256 2097 1325 lupus,

532 1340 624 1393 sed
650 1343 898 1405 verbum,
927 1344 1153 1412 spiritus
1192 1353 1244 1398 et
1279 1347 1550 1413 potentia.
1582 1347 1779 1401 Verum
1805 1350 2097 1417 potentiam

532 1432 678 1486 illam
729 1434 781 1487 in
830 1435 1025 1503 spiritu
1078 1436 1361 1491 evidenter
1409 1438 1661 1492 ostendat
1716 1449 1770 1495 et.
1819 1441 2098 1511 approbet,

530 1524 799 1594 faterique
847 1536 902 1581 et
945 1527 1198 1582 assentiri
1232 1544 1330 1598 per
1364 1528 1612 1597 spiritum
1671 1542 1828 1600 cogat
1867 1548 1960 1587 eos
2009 1535 2100 1603 qui

535 1625 665 1669 tunc
692 1619 919 1671 aderant
946 1614 1023 1671 ἰιι
1064 1620 1344 1683 garrulum
1388 1619 1534 1673 illum
1572 1624 1820 1689 Spiritum
1861 1625 2099 1696 alloque-

533 1714 722 1759 rentur
755 1716 808 1761 et
856 1711 1263 1775 examinarent,
1294 1711 1442 1766 viros
1482 1714 1683 1780 probos
1709 1725 1763 1770 et
1808 1717 2100 1786 episcopali

2201 521 2295 574 καὶ
2310 518 2522 586 πνεῦμα
2535 520 2630 574 καὶ
2641 518 2883 589 δύναμις·
2905 518 3039 572 ἀλλὰ
3051 519 3146 588 τὴν
3160 520 3217 569 ὲν
3232 518 3311 588 τῷ
3326 516 3590 588 πνεύματι
3616 514 3824 568 δύνα-

2203 632 2293 684 μιν
2310 611 2552 684 ἐναργῶς
2565 611 2790 678 δειξάτω
2803 611 2895 664 καὶ
2920 611 3209 679 ἐλεγξάτω,
3227 610 3320 663 καὶ
3338 610 3588 680 ἐξομολογ
3600 606 3820 660 eheu:

2200 703 2288 757 διὰ
2309 703 2403 756 τοῦ
2420 702 2724 774 πνεύματος
2739 703 3207 771 καταναῃασὰτω
3228 702 3351 765 τοὺς
3365 702 3483 755 τότε
3495 719 3605 773 παρ
3617 698 3818 760 ὄντας

2202 794 2283 857 εἰς
2298 794 2357 846 τὸ
2370 793 2654 863 δοκιμάσαι
2668 792 2761 845 καὶ
2774 791 3111 862 διαλεχθῆναι
3126 791 3202 861 τῷ
3220 790 3483 861 πνεύματι
3500 787 3661 842 λαλοῦ
3672 802 3779 838 Vt:
3790 822 3814 847 ,

2202 886 2399 958 ἄνδρας
2409 886 2660 956 δοκίμους
2676 888 2769 939 καὶ
2784 885 3131 947 ἐπισκόπους,
3146 885 3381 937 Ζωτικδν
3392 882 3496 937 ἀπὸ
3512 882 3810 953 Raptim;

2206 975 2418 1047 κώμης,
2441 974 2828 1029 καὶἹουλιανδν
2840 973 3280 1045 ἀπὸἈπαμείας.
3294 967 3394 1025 Ὧν
3411 975 3458 1026 οἱ
3474 973 3600 1042 περὶ
3612 969 3809 1041 Θεμί-

2206 1085 2350 1121 σωνα
2376 1068 2448 1137 (8)
2475 1067 2541 1121 τὰ
2570 1067 2809 1137 στόματα
2830 1064 3187 1136 φιμώσαντες,
3221 1065 3321 1117 οὐκ
3358 1065 3539 1115 εἴασαν
3565 1062 3631 1115 τὸ
3649 1062 3814 1129 ψευ-

2203 1160 2292 1223 δὲς
2313 1161 2405 1214 καὶ
2430 1160 2728 1212 λαοπλάνον
2754 1158 2966 1229 πνεῦμα
2988 1159 3077 1211 ὑπ’
3096 1157 3273 1211 αὐτῶν
3300 1156 3639 1225 ἐλεγχθῆναι.
3655 1154 3807 1207 »ἹΞν

2204 1252 2387 1323 ταύτῷ
2416 1252 2470 1304 δὲ
2508 1251 2667 1306 πάλιν
2696 1251 2861 1323 ἓτερα
2895 1250 3093 1322 μεταξὺ
3117 1249 3253 1321 πρὸς
3286 1249 3500 1319 ἔλεγχον
3536 1247 3645 1300 τῶν
3676 1248 3811 1317 τῆς

2205 1343 2549 1415 Μαξιμίλλης
2566 1342 3073 1415 ψευδοπροφητειῶν
3096 1342 3284 1405 εἰπὼν,
3310 1341 3443 1412 ὁμοῦ
3469 1341 3557 1395 τόν
3572 1358 3630 1394 τε
3652 1339 3812 1411 χρό-

2206 1453 2294 1489 νον
2323 1437 2443 1489 καθ’
2470 1437 2528 1489 ὃν
2553 1437 2701 1488 ταῦτ’
2726 1436 2953 1505 ἔγραφε,
2980 1434 3251 1506 σημαίνει,
3290 1435 3383 1489 καὶ
3408 1434 3514 1487 τῶν
3542 1433 3812 1505 προρρή-

2210 1543 2345 1580 σεων
2382 1528 2552 1598 αὐτῆς
2595 1527 2888 1598 μέμνηται,
2936 1527 3001 1579 δι’
3027 1520 3102 1579 ὧν
3139 1526 3405 1597 πολέμους
3431 1526 3645 1579 ἔσεσθαι
3686 1524 3811 1577 καὶ

2207 1619 2611 1681 ἀκαταστασίας
2638 1616 3109 1689 προεμαντεύσατο
3128 1635 3141 1647 ·
3185 1610 3260 1670 ὧν
3286 1619 3381 1670 καὶ
3411 1618 3507 1688 τὴν
3529 1615 3809 1686 ψευδολο-

2207 1712 2332 1780 γίαν
2381 1710 2590 1763 εὐθύνει
2640 1703 2743 1763 ὦδε
2784 1710 2987 1778 λέγων·
3025 1729 3043 1761 ι
3081 1709 3190 1763 Kal
3230 1709 3345 1772 πῶς
3383 1709 3444 1762 ού
3472 1707 3812 1777 καταφανὲς

533 1795 798 1865 dignitate
831 1800 1086 1868 praeditos
1124 1818 1137 1854 :
1177 1799 1420 1857 Zoticum
1457 1803 1661 1857 scilicet
1690 1805 2102 1871 Comanensem,

2211 1803 2304 1874 ἤδη
2336 1804 2525 1872 γέγονε
2571 1806 2665 1857 καὶ
2695 1803 2852 1856 τοῦτο
2882 1802 2942 1855 τὸ
2966 1802 3193 1872 ψεῦδος;
3224 1801 3402 1854 Πλείω
3423 1799 3530 1872 γὰρ
3561 1800 3593 1871 ἢ
3623 1816 3806 1872 τρισ-

533 1896 588 1939 et
623 1887 894 1943 lulianum
930 1892 1290 1961 Apamenum.
1348 1895 1554 1961 Quibus
1587 1896 1880 1952 Themison
1909 1900 2108 1969 aliique

533 2000 597 2034 us
630 1982 968 2046 obturantes,
991 1986 1303 2041 mendacem
1332 1987 1480 2043 illum
1506 1998 1563 2044 et
1590 1990 1731 2060 vulgi
1770 1993 2106 2047 seductorem

533 2075 788 2143 spirituum
842 2076 911 2129 ab
954 2076 1071 2131 aliis
1130 2080 1351 2150 coargui
1407 2090 1717 2139 vetuerunt.
1750 2103 1768 2134 ι
1806 2084 1859 2137 1η
1923 2088 2107 2141 eodem

534 2180 748 2235 quoque
800 2166 937 2222 libro
977 2178 1262 2238 postquam
1308 2174 1564 2227 nonnulla
1614 2176 1680 2228 ad
1710 2175 1902 2230 falsam
1962 2178 2107 2231 illam

536 2256 840 2312 lllaximillae
889 2261 1227 2328 prophetiam
1284 2265 1706 2319 convincendam
1758 2268 2108 2335 iuterseruit,

540 2360 650 2401 tum
686 2357 895 2417 tempus
927 2352 1101 2417 ipsum
1136 2369 1244 2421 quo
1288 2356 1404 2409 haec
1435 2358 1635 2426 scripta
1668 2367 1794 2412 sunt
1844 2359 2109 2428 designat,

542 2449 650 2491 tum
697 2438 941 2493 mulieris
969 2440 1117 2496 illius
1146 2444 1398 2499 vaticinia
1448 2460 1861 2515 commemorat,
1915 2452 2111 2520 quibus

540 2531 677 2584 bella
719 2541 775 2585 et
843 2534 1107 2589 tumultus
1145 2536 1431 2593 imminere
1475 2540 1827 2608 praedixerat.
1871 2543 2109 2610 Quorum

538 2623 755 2691 quidem
779 2625 1160 2681 vaticiuiorum
1190 2627 1481 2685 falsitatem
1498 2634 1770 2688 convincit
1795 2635 1876 2689 his
1892 2640 2070 2692 verbis
2094 2657 2109 2695 :

543 2735 562 2765 ι
593 2715 803 2781 Nonne,
838 2717 1035 2786 inquit,
1082 2719 1247 2773 etiam
1303 2721 1407 2776 hoc
1466 2726 1806 2779 mendacium
1859 2731 2112 2785 omnibus

540 2808 888 2863 manifestum
917 2811 1208 2879 apparuit?
1235 2812 1443 2868 Etenim
1500 2814 1569 2869 ab
1616 2817 1767 2873 obitu
1808 2818 2110 2878 Maximillae

541 2917 713 2969 usque
744 2901 796 2956 iu
832 2903 976 2959 hunc
1018 2904 1161 2958 diem
1190 2904 1471 2975 plusquam
1526 2911 1784 2965 tredecim
1820 2914 1945 2967 anni
1998 2915 2110 2982 jam

542 2995 709 3063 elapsi
766 3005 892 3050 sunt
925 3014 939 3052 :
972 3012 1071 3053 nec
1112 3007 1286 3053 tamen
1314 3000 1478 3055 ullum
1510 3012 1601 3056 aut
1636 3006 1963 3073 particulare
1996 3008 2107 3063 bel-

540 3085 652 3138 lum
684 3097 778 3139 aut
810 3088 1117 3144 universale
1152 3090 1205 3143 iu
1250 3093 1406 3145 terris
1457 3082 1578 3150 fuit.
1619 3095 1731 3150 lino
1761 3097 2107 3161 Christianis.

547 3174 816 3241 praecipua
849 3176 1083 3244 quadam
1111 3177 1205 3232 Dei
1235 3179 1628 3247 misericordia,
1666 3200 1771 3253 pax
1803 3190 2017 3246 stabilis
2058 3202 2112 3245 et

549 3266 702 3315 tirma
732 3268 1049 3332 permansit.
1091 3289 1108 3321 ι
1144 3269 1319 3340 Atque
1349 3273 1462 3328 hazc
1493 3276 1544 3329 in
1573 3279 1809 3333 secundo
1860 3279 2113 3348 leguntur

546 3356 703 3408 libro.
739 3355 817 3410 Ex
844 3360 1007 3414 tertio
1032 3361 1157 3416 item
1187 3364 1464 3419 volumine
1491 3381 1661 3434 pauca
1693 3370 1939 3438 proferre
1962 3372 2110 3442 libet,

544 3447 632 3500 ubi
658 3450 919 3504 adversus
952 3466 1048 3506 eos
1074 3454 1163 3533 qui
1191 3454 1478 3524 iactabant
1501 3458 1682 3527 plures
1714 3460 1932 3516 illorum
1965 3481 2115 3520 mar-

546 3539 686 3607 tyrio
715 3553 835 3594 esse
863 3552 1176 3608 coronatos,
1211 3544 1328 3599 haec
1354 3548 1484 3602 dicit
1514 3567 1527 3603 :
1585 3568 1605 3602 ι
1641 3549 1932 3621 Postquam
1989 3570 2116 3612 vero

545 3632 597 3683 in
625 3634 876 3688 omnibus
907 3649 1026 3703 qua:
1071 3652 1233 3707 supra
1260 3640 1413 3707 posui
1460 3643 1714 3709 convicti,
1748 3645 1881 3699 nihil
1916 3647 2118 3703 habent

543 3726 685 3792 quod
716 3729 1093 3795 respondeant,
1131 3732 1194 3784 ad
1216 3742 1483 3803 martyres
1510 3734 1801 3805 confugere
1826 3751 2113 3806 conantur,

544 3828 852 3875 asserentes
883 3821 1083 3877 multos
1110 3838 1169 3877 se
1190 3834 1456 3897 martyres
1488 3827 1711 3894 habere,
1741 3830 1900 3900 idque
1929 3844 2117 3900 poten-

544 3908 635 3962 tiae
669 3911 971 3981 prephetici
996 3913 1137 3967 illius
1157 3914 1248 3984 qui
1282 3916 1423 3986 apud
1458 3917 1603 3986 ipsos
1634 3930 1719 3973 est
1748 3922 1971 3990 spiritus
1997 3937 2119 3977 cer-

547 4004 817 4059 tissimum
858 4018 981 4061 esse
1010 4007 1420 4064 documentum.
1454 4010 1561 4064 Sed
1598 4010 1721 4080 hoc,
1749 4028 1871 4068 meo
1901 4015 2117 4087 quidem

538 4095 766 4163 judicio,
795 4097 1175 4155 nihiloverius
1206 4109 1310 4155 est.
1336 4100 1472 4155 Nam
1502 4112 1555 4155 et
1582 4103 1811 4157 aliarum
1839 4106 2115 4162 haereseon

544 4197 842 4242 sectatores
870 4188 1133 4257 plurimos
1160 4206 1221 4246 se
1254 4191 1456 4247 habere
1483 4205 1752 4267 martyres
1773 4198 2066 4265 praedicant
2100 4218 2115 4255 :

546 4294 721 4347 neque
751 4281 955 4335 idcirco
992 4291 1169 4335 tamen
1203 4284 1282 4338 eis
1340 4287 1728 4351 assentiemur,
1781 4305 1881 4345 nec
1917 4291 2118 4346 verita-

460 4425 467 4430 _
545 4384 651 4425 tem
693 4388 860 4442 penes
912 4376 1031 4430 illos
1067 4391 1189 4432 esse
1237 4377 1550 4433 fatebimur.
1599 4379 1768 4435 Primi
1830 4392 1979 4439 certe
2027 4386 2117 4453 qui

2208 1892 2435 1945 καίδεκα
2457 1892 2551 1962 ἔτη
2579 1894 2657 1955 εἰς
2677 1891 2879 1963 ταύτην
2902 1891 2997 1963 τὴν
3029 1891 3260 1963 ἡμέραν,
3292 1891 3350 1957 ὲξ
3382 1886 3441 1945 οὗ
3474 1889 3813 1960 τετελεύτη-

2209 2000 2303 2036 κεν
2327 1984 2359 2054 ἠ
2380 1984 2514 2054 γυνή
2536 2001 2548 2011 ·
2588 1985 2681 2036 καὶ
2719 1982 2841 2036 οὔτε
2871 1983 3111 2054 μερικὸς,
3140 1982 3264 2036 οὔτε
3288 1981 3572 2046 καθολικδς
3589 1982 3812 2054 κόσμῳ

2210 2074 2396 2141 γέγονε
2425 2074 2678 2144 πύλεμος,
2702 2072 2836 2127 ἀλλὰ
2863 2074 2958 2127 καὶ
2981 2075 3325 2145 Χριπιανοίς
3353 2073 3553 2143 μᾶλλον
3589 2074 3809 2145 εἰρήνη

2209 2163 2459 2235 διάμονος
2492 2162 2551 2227 ἐξ
2575 2164 2759 2227 ἐλέους
2784 2163 2940 2217 Θεοῦ.
2978 2184 2997 2215 ι
3032 2164 3141 2217 Kal
3164 2163 3335 2217 ταῦτα
3367 2163 3423 2216 δὲ
3460 2165 3526 2217 ὲκ
3544 2162 3640 2216 τοῦ
3664 2162 3811 2216 δευ-

2208 2256 2366 2325 τέρου
2395 2257 2839 2326 συγγράμματος.
2871 2258 2980 2310 Καὶ
3007 2258 3114 2310 ἀπὸ
3137 2257 3230 2309 τοῦ
3257 2258 3439 2329 τρίτου
3461 2256 3519 2310 δὲ
3544 2257 3811 2328 σμικρὰς

2210 2345 2593 2417 παραθήσομαι
2619 2347 2811 2414 λέξεις,
2845 2346 2912 2399 δι’
2941 2340 3014 2400 ὧν
3042 2348 3178 2419 πρὸς
3212 2348 3337 2411 τοὺς
3370 2346 3693 2417 αὐχοῦντας,
3712 2345 3807 2409 ὡς

2211 2439 2315 2508 ἄρα
2351 2439 2569 2502 πλείους
2612 2441 2705 2493 καὶ
2731 2439 2909 2493 αὐτῶν
2938 2441 3419 2511 μεμαρτυρηκότες
3453 2437 3581 2503 εἶεν,
3609 2436 3810 2491 ταῦτά

2212 2547 2408 2600 φησιν·
2476 2550 2495 2582 ‹
2549 2533 2711 2585 Ὅταν
2772 2534 2949 2586 τοίνυν
3004 2535 3061 2585 ὲν
3111 2534 3243 2585 πᾶσι
3310 2534 3422 2595 τοῖς
3474 2531 3810 2603 εἰρημένοις

2211 2620 2555 2692 ἐλεγχθέντες
2605 2624 2970 2695 ἀπορήσωσιν,
3019 2624 3110 2676 ἐπὶ
3140 2624 3264 2686 τοὺς
3300 2623 3580 2694 μάρτυρας
3617 2638 3805 2673 κατα-

2212 2716 2431 2783 φεύγειν
2458 2716 2769 2787 πειρῶνται,
2795 2717 3039 2785 λέγοντες
3065 2715 3290 2778 πολλοὺς
3314 2715 3456 2785 ἔχειν
3481 2715 3803 2786 μάρτυρας,

2211 2811 2308 2863 καὶ
2342 2810 2504 2863 τοῦτο
2544 2807 2681 2863 εἷναι
2713 2812 3006 2882 τεκμήριον
3044 2809 3232 2863 πιστὸν
3262 2809 3362 2878 τῆς
3385 2808 3669 2877 δυνάμεως
3692 2807 3806 2859 τοῦ

2212 2905 2341 2975 παρ’
2368 2905 2551 2967 αὐτοῖς
2576 2903 2864 2975 λεγομένου
2902 2901 3235 2974 προφητιωῦ
3266 2901 3593 2971 πνεύματος.
3623 2901 3701 2953 Τὸ
3734 2901 3805 2953 δέ

2213 3000 2358 3051 ἐστιν
2399 2997 2505 3069 ἄρα
2549 2996 2624 3060 ὡς
2655 2996 2795 3049 ἔοικε
2838 2996 3033 3059 παντὸς
3060 2995 3256 3066 μᾶλλον
3298 2995 3396 3048 οὐκ
3420 2994 3635 3063 ἀληθές.
3680 2994 3807 3046 Καὶ

2214 3091 2320 3163 γὰρ
2335 3090 2442 3142 τῶν
2470 3089 2642 3143 ἄλλων
2671 3088 2931 3160 αἱρέσεών
2952 3104 3115 3151 τινες,
3143 3087 3425 3151 πλείστους
3448 3089 3605 3151 ὅσους
3632 3088 3803 3157 ἔχου.

2216 3198 2267 3233 σι
2305 3180 2605 3251 μάρτυρας,
2635 3180 2726 3232 καὶ
2751 3178 2810 3230 ού
2838 3177 2988 3247 παρὰ
3012 3177 3168 3230 τοῦτο
3191 3178 3359 3249 δήπου
3387 3178 3809 3247 συγκαταθησό-

2218 3272 2374 3344 μεθα,
2411 3272 2530 3324 οὐδὲ
2567 3270 2819 3341 ἀλήθειαν
2853 3270 2994 3339 ἔχειν
3013 3269 3208 3332 αὐτοὺς
3226 3268 3654 3340 ὁμολογήσομεν.
3681 3270 3807 3324 Καὶ

2216 3364 2422 3437 πρῶτοί
2449 3382 2511 3433 γε
2543 3365 2592 3416 οἱ
2629 3363 2737 3415 ἀπὸ
2768 3364 2867 3432 τῆς
2893 3363 3215 3433 Μαρκίωνος
3237 3361 3503 3433 αἱρέσεως
3529 3363 3807 3433 Μαρκιω-

2215 3459 2390 3511 νισταὶ
2422 3457 2763 3527 καλούμενοι,
2811 3455 3094 3518 πλείστους
3146 3455 3305 3518 ὅσους
3355 3454 3497 3524 ἔχειν
3548 3454 3802 3525 Χριστοῦ

2220 3552 2502 3621 μάρτυρας
2526 3549 2769 3616 λέγουσιν
2793 3565 2805 3576 ·
2854 3546 2985 3600 ἀλλὰ
3005 3538 3095 3599 τόν
3124 3563 3187 3615 γε
3210 3546 3440 3616 Χριστὸν
3465 3546 3627 3598 αὑτὸν
3655 3547 3805 3615 μετὰ

2217 3642 2470 3712 ἀλήθειαν
2496 3641 2593 3711 ούχ
2618 3639 2958 3711 ὁμολογοῦσι.
2994 3658 3012 3691 ›
3045 3639 3154 3691 Καὶ
3184 3637 3321 3708 μετὰ
3348 3637 3555 3709 βραχέα
3580 3637 3806 3701 τούτοις

2217 3735 2466 3805 ἐπιφέρει
2486 3732 2657 3802 λέγων
2674 3751 2687 3763 ο
2724 3752 2741 3783 ι
2780 3732 2939 3787 Ὅθεν
2960 3749 3040 3785 τοι
3074 3734 3170 3786 καὶ
3187 3731 3402 3785 ἐπειδὰν
3425 3732 3474 3783 οἱ
3495 3732 3588 3785 ὲτέι
3608 3731 3671 3784 τὸ
3693 3730 3805 3801 τῆς

2217 3827 2357 3881 κατὰ
2380 3827 2634 3899 ἀλήθειαν
2663 3826 2895 3890 πίστεως
2926 3827 3218 3899 μαρτύριον
3250 3825 3537 3896 κληθέντες
3564 3826 3671 3879 ἀπὸ
3697 3830 3806 3898 τῆς

2218 3920 2543 3992 Ἐκκλησίας
2570 3920 2772 3991 τύχωσι
2801 3920 2937 3990 μετὰ
2960 3938 3117 3973 τινων
3135 3919 3241 3972 τῶν
3268 3919 3373 3972 ἀπὸ
3403 3921 3501 3991 τῆς
3524 3920 3634 3972 τῶν
3656 3921 3806 3990 Φρυ-

2217 4013 2328 4083 γῶν
2363 4014 2625 4085 αἱρέσεως
2668 4013 2972 4084 λεγομένων
3017 4012 3329 4084 μαρτύρων,
3362 4011 3711 4082 διαφέρονταί
3739 4030 3803 4066 τε

2218 4107 2355 4179 πρὸς
2382 4108 2594 4171 αὐτοὺς,
2624 4107 2717 4161 καὶ
2748 4104 2821 4177 μὴ
2859 4106 3284 4175 κοινωνήσαντες
3316 4104 3497 4165 αὐτοῖς
3527 4102 3805 4155 τελειοῦν-

2217 4216 2326 4258 ται,
2355 4198 2440 4250 διὰ
2467 4199 2524 4251 τὸ
2557 4199 2630 4270 μὴ
2662 4196 2943 4267 βούλεσθαι
2978 4195 3413 4265 συγκαταθέσθαι
3434 4194 3513 4266 τῷ
3536 4194 3626 4247 διὰ
3654 4195 3804 4247 Μον-

2218 4290 2377 4344 τανοῦ
2434 4292 2525 4343 καὶ
2569 4289 2677 4343 τῶν
2720 4289 2991 4358 γυναικῶν
3034 4290 3320 4361 πνεύματι.
3359 4289 3468 4341 Kal
3509 4288 3592 4340 ὅτι
3638 4284 3802 4339 τοῦτο

2219 4386 2435 4455 ἀληθὲς,
2460 4386 2552 4438 καὶ
2575 4385 2668 4437 ἐπὶ
2692 4385 2798 4437 τῶν
2824 4384 3103 4455 ἡμετέρων
3126 4384 3331 4455 χρόνων
3346 4383 3402 4434 ὲν
3429 4376 3707 4450 Ἀπαμείᾳ
3727 4381 3801 4451 τῇ

543 4464 834 4521 Marcionis
894 4468 1143 4522 haeresim
1205 4480 1527 4539 sequuntur,
1576 4472 1740 4542 vulgo
1784 4473 2107 4533 Marcionita

2222 4481 2356 4552 πρὸς
2392 4477 2685 4549 Μαιάνδρῳ
2722 4477 2975 4547 τυγχάνει
3011 4474 3391 4546 γεγενημένον,
3432 4475 3490 4526 ὲν
3517 4476 3631 4536 τοῖς
3665 4472 3803 4544 περὶ

542 4561 929 4625 cognominati.
953 4564 1382 4633 quamplurimos
1415 4564 1614 4619 habere
1645 4580 1704 4619 se
1745 4566 1933 4623 dicunt
1966 4586 2112 4625 mar-

546 4658 694 4721 tyres
717 4652 938 4706 Christi.
975 4654 1041 4706 Et
1068 4663 1247 4708 tamen
1279 4651 1555 4709 Christum
1583 4656 1757 4726 ipsum
1784 4673 1971 4713 revera
2012 4662 2115 4717 mi-

2219 4576 2376 4630 Γάϊον
2417 4573 2510 4627 καὶ
2548 4572 2888 4641 Ἀλέξανδρον
2925 4571 3030 4624 ἀπὸ
3066 4568 3362 4640 Εὑμενείας
3386 4568 3797 4639 μαρτυρήσασι,

2221 4664 2503 4737 πρόδηλον.
2538 4682 2556 4713 ι

544 4749 691 4800 nime
716 4747 1071 4802 conﬁtentur.
1103 4765 1122 4797 ι
1150 4746 1344 4802 Paucis
1364 4749 1558 4804 deinde
1584 4750 1939 4820 interpositis,
1976 4755 2133 4827 183
2174 4758 2288 4813 lucc
2317 4755 2591 4826 subjungit
2629 4772 2643 4807 :
2678 4772 2695 4804 ι
2739 4750 3119 4817 Quamobrem,
3172 4750 3380 4819 inquit,
3430 4750 3798 4827 quotiescun-

540 4854 646 4907 que
672 4837 927 4923 Ecclesia!
957 4838 1059 4892 viri
1088 4838 1156 4892 ad
1188 4840 1511 4913 martyrium
1570 4857 1667 4911 pro
1715 4858 1839 4898 vera
1889 4847 1993 4901 ﬁde
2047 4850 2387 4905 subeundum
2460 4846 2658 4909 vocati,
2720 4859 2822 4898 una
2882 4859 3002 4897 cum
3045 4839 3362 4910 quibusdam
3413 4838 3478 4891 de
3518 4836 3794 4907 Phrygum

538 4931 731 4986 haeresi
755 4933 844 5004 qui
870 4945 1139 5005 martyres
1155 4936 1433 5003 dicuntur,
1453 4953 1581 4993 casu
1601 4942 1829 5008 quodam
1853 4941 2104 5008 coierint,
2145 4958 2358 5014 semper
2380 4943 2576 4997 abillis
2606 4938 2955 5002 dissentiunt,
2983 4946 3039 4990 et
3106 4933 3542 4991 communionem
3601 4949 3793 4989 eorum

532 5026 768 5081 sollicite
800 5026 1050 5093 vitantes,
1077 5028 1370 5099 gloriosum
1395 5032 1638 5102 martyrii
1677 5032 1879 5087 exitum
1947 5045 2375 5104 consequuntur,
2426 5035 2622 5104 quippe
2649 5030 2740 5100 qui
2774 5029 3017 5083 Montani
3083 5036 3138 5083 et
3170 5027 3615 5083 muliercularum
3676 5028 3793 5099 spi-

534 5120 661 5172 litui
697 5134 981 5176 assensum
1020 5124 1432 5177 accommodare
1457 5123 1613 5179 nefas
1636 5125 1858 5181 ducant.
1883 5126 2061 5196 Atque
2091 5128 2143 5183 id
2182 5116 2366 5182 verum
2398 5142 2520 5183 esse
2541 5133 2753 5180 constat
2776 5138 2842 5179 ex
2871 5123 2937 5177 iis
2968 5138 3086 5189 quae
3116 5132 3299 5176 nostra
3339 5129 3499 5175 aetate
3563 5118 3616 5173 in
3656 5118 3797 5176 urbe

532 5219 774 5283 Apamea
814 5229 933 5284 quae
978 5216 1043 5268 ad
1095 5213 1424 5270 Maeandrum
1460 5217 1561 5271 sita
1591 5227 1694 5283 est,
1732 5231 1879 5289 gesta
1921 5229 2047 5274 sunt
2075 5234 2106 5274 a
2142 5218 2273 5275 Caio
2296 5229 2348 5274 et
2372 5216 2678 5273 Alexandro
2698 5216 3048 5287 martyribus,
3098 5213 3335 5270 oriundis
3376 5211 3659 5267 Eumenia.
3694 5229 3716 5263 ι

537 5400 698 5470 paulo
726 5409 850 5473 a_nte
886 5409 1305 5473 prmcesseruut,
1336 5396 1492 5463 αὖθις
1517 5400 1572 5454 δὲ
1618 5402 1677 5455 ὲν
1701 5401 1779 5473 τῷ
1802 5400 1949 5472 αύτῷ
1977 5420 2108 5473 φησι

538 5471 701 5541 λόγῳ.
740 5470 910 5524 Porro
933 5485 996 5523 ex
1031 5470 1114 5524 his
1139 5471 1318 5524 verbis
1348 5473 1581 5532 elicitur,
1619 5470 1890 5526 Asterium
1923 5470 2106 5526 ‘Ilrb'a-

538 5558 665 5595 num
694 5550 968 5595 auctorem
1000 5553 1121 5593 esse
1146 5541 1337 5594 borum
1367 5543 1527 5595 trium
1555 5542 1811 5596 librorum
1843 5542 2105 5597 Adversus

538 5611 922 5680 Culaphrygns,
980 5626 1085 5664 non
1134 5621 1314 5664 autem
1355 5611 1745 5681 Apollinarem,
1778 5622 1836 5666 ut
1870 5614 2105 5668 credidit

536 5681 764 5734 ltuliuus
797 5692 851 5733 ct
874 5682 1420 5749 Cltristophorsonus.

609 5751 682 5819 (8)
718 5756 779 5804 (δὶ
833 5753 961 5819 περὶ
1036 5754 1363 5821 Θεμίσωνα.
1409 5754 1634 5811 llluslris
1668 5755 1755 5810 hic
1811 5754 1910 5809 fuit
1962 5754 2102 5809 inter

2218 5402 2600 5465 Montanistas,
2638 5400 2728 5470 qui
2760 5414 2818 5453 se
2848 5399 3213 5478 confessorem
3260 5406 3315 5478 et
3352 5404 3672 5478 _martyrem
3699 5394 3788 5478 ja-

2220 5476 2399 5527 ctahat
2427 5492 2441 5537 ;
2473 5464 2740 5545 aususque
2766 5470 3161 5545 est_ep_ist_olam
3189 5464 3793 5545 catholicam’ettemplo

2216 5536 2442 5610 apostoli
2469 5536 2707 5619 scribere
2737 5544 2803 5619 ad
2832 5536 3198 5619 Eculesias,‘ut
3224 5552 3418 5619 novam
3449 5536 3787 5619 prophetiam

2216 5608 2641 5669 commendaret.
2672 5613 2744 5667 De
2779 5610 2882 5666 hoc
2905 5610 3072 5665 multa
3102 5608 3420 5680 Apollonius
3451 5608 3505 5662 iu
3535 5608 3787 5677 sequenti

2215 5697 2407 5754 t'uptle.
