4112 6428
271 330 404 390 473
1335 335 1683 391 HISTORIIE
1726 335 1873 390 ECCI

1980 333 2286 390 .IASTlCIE
2324 333 2453 388 LIB.
2496 331 2560 388 ν.
3460 325 3569 385 474

848 453 1240 508 ΚΕΦΑΛΑῘΟΝ
1273 455 1372 507 lZ'.
1923 468 1968 522 Α

444 549 587 616 Περὶ
627 547 950 602 Μιλτιάδου
989 547 1083 600 καὶ
1119 541 1206 600 ὧν
1232 545 1526 609 συνέταξε
1553 547 1747 614 ,λόγων

835 618 972 685 (Nic.
1013 617 1083 670 ιι.
1113 616 1180 674 E.
1210 632 1284 680 ιν,
1312 616 1427 685 at).

379 710 489 764 Ἑν
513 709 687 781 τούτῳ
724 709 780 763 δὲ
809 709 886 780 τῷ
917 708 1304 780 συγγράμματι
1327 708 1419 760 καὶ
1438 706 1728 760 Μιλτιάδου
1756 723 1882 774 συγ-

274 803 570 875 γραφέως
623 801 892 874 μέμνηται
937 802 1035 872 (9),
1099 801 1174 864 ὡς
1213 800 1369 869 λόγον
1417 800 1536 853 τινὰ
1588 802 1680 854 καὶ
1721 799 1884 855 αὐτοῦ

279 894 451 948 κατὰ
479 895 577 966 τῆς
606 893 1007 965 προειρημένης
1031 892 1288 963 αἱρέσεως
1318 891 1670 961 γεγραφότος.
1703 893 1888 964 Παρα-

279 984 540 1056 θὲμενος
565 986 694 1055 γοῦν
741 984 918 1039 αὐτῶν
949 985 1120 1052 λέξεις
1162 983 1311 1048 τινὰς
1331 1025 1344 1047 ,
1382 984 1630 1056 ἐπιφέρει
1678 984 1880 1053 λέγων’

287 1099 307 1127 ι
353 1079 560 1133 Ταῦτα
593 1077 766 1150 εὑρὼν
799 1077 854 1130 ἓν
883 1094 988 1129 τινι
1030 1075 1420 1148 συγγράμματι
1460 1074 1639 1127 αὐτῶν
1672 1075 1884 1128 ἐνιστα-

286 1169 493 1239 μένων
525 1170 601 1240 τῷ
622 1167 911 1224 Μιλτιάδου
937 1165 1029 1219 τοῦ
1063 1164 1289 1234 ἀδελφοῦ
1328 1165 1717 1236 συγγράμματι
1749 1163 1882 1233 (l0),

281 1266 353 1317 ἐν
385 1257 439 1331 ᾧ
469 1261 817 1316 ἀποδείκνυσι
847 1258 976 1330 περὶ
1007 1257 1098 1312 τοῦ
1133 1256 1206 1328 μὴ
1228 1257 1336 1309 δεῖν
1364 1252 1652 1326 προφήτην
1700 1257 1756 1307 ὲν
1798 1256 1886 1308 ὲκ-

284 1357 502 1410 στὰσει
540 1353 752 1413 λαλεῖν,
801 1349 1163 1420 ἐπετεμόμην.
1220 1367 1237 1398 ι
1297 1347 1675 1411 ’Υποκαταϐὰς
1721 1347 1802 1400 δὲ*
1825 1348 1884 1400 ὲν

282 1445 494 1516 ταύτῷ
527 1445 650 1507 τοὺς
679 1440 817 1495 κατὰ
850 1441 946 1512 τὴν
968 1437 1170 1508 Καινὴν
1195 1436 1468 1508 Διαθήκην
1505 1454 1882 1508 προπεφητευ-

283 1539 472 1601 κότας
503 1534 809 1602 καταλέγει,
827 1533 884 1584 ὲν
905 1526 985 1595 οἷς
1017 1531 1344 1602 καταριθμεῖ
1386 1531 1620 1600 Ἀμμίαν
1645 1529 1764 1583 τινὰ
1790 1529 1884 1584 καὶ

2563 445 2791 502 CAPUT
2829 446 2992 502 XVII.

2345 541 2420 595 De
2451 539 2692 594 Miltiade
2723 549 2773 593 et
2812 539 2958 591 illius
2987 538 3212 606 scriptis.

1996 735 2007 748 .ι
2065 701 2124 754 ln
2163 699 2356 755 eodem
2383 711 2606 766 quoque
2656 695 2795 750 libro
2827 692 3088 750 Miltiadis
3115 695 3396 766 cujusdam
3423 698 3564 753 scri-

1994 797 2168 865 ptoris
2196 793 2529 848 mentionem
2570 789 2732 854 facit,
2772 789 2864 860 qui
2905 789 3169 844 adversus
3199 790 3563 860 supradictam

1995 886 2244 941 haeresim
2298 884 2494 939 librum
2548 881 2958 950 conscripserit.
2999 880 3194 936 Citatis
3243 882 3386 935 enim
3442 881 3566 950 qui-

1994 979 2218 1034 busdam
2283 977 2463 1032 verbis
2519 974 2733 1028 illorum
2785 973 3200 1037 haereticorum,
3249 974 3318 1027 ita
3371 971 3565 1027 deinde

1992 1071 2180 1126 scribit
2212 1089 2228 1125 :
2267 1088 2285 1120 ι
2323 1068 2446 1122 Haec
2468 1081 2567 1138 ego
2589 1083 2710 1121 cum
2735 1066 3057 1136 reperissem
3080 1069 3134 1120 in
3165 1067 3395 1136 quodam
3425 1065 3564 1120 libro

1998 1164 2238 1232 ipsorqu
2275 1161 2539 1214 adversus
2575 1158 2871 1213 Miltiadem
2912 1159 3130 1212 fratrem
3166 1168 3434 1224 nostrum,
3470 1159 3562 1226 qui

1991 1255 2250 1325 peculiari
2281 1266 2446 1318 opere
2479 1252 2738 1306 docuerat
2765 1266 2873 1305 non
2915 1251 3112 1306 decere
3146 1251 3460 1321 prophetam
3507 1252 3558 1305 in

1992 1347 2197 1402 exstasi
2260 1347 2433 1415 loqui,
2487 1346 2539 1400 iu
2615 1342 2993 1413 compendium
3050 1343 3250 1413 redegi.
3284 1362 3302 1395 ι
3359 1342 3563 1399 Deinde

1991 1440 2269 1509 aliquanto
2295 1449 2415 1510 post
2443 1439 2494 1493 in
2531 1441 2720 1494 eodem
2750 1437 2890 1492 libro
2916 1438 3201 1492 universos
3227 1437 3362 1493 Novi
3382 1439 3566 1494 Testa-

1993 1531 2158 1587 meuti
2216 1533 2509 1601 prophetas
2553 1537 2864 1596 enumerat,
2916 1529 3060 1584 inter
3107 1543 3244 1598 quos
3291 1529 3559 1588 Aminiam

285 1631 608 1703 Κοδρᾶτον,
633 1627 806 1694 λέγων
831 1623 999 1686 οὕτως
1021 1640 1034 1653 ·
1067 1643 1084 1675 ι
1136 1623 1272 1676 Ἀλλ’
1314 1623 1406 1692 ὅγε
1438 1621 1884 1694 ψευδοπροφήτης

285 1726 355 1776 ὲν
380 1719 763 1794 παρεκστὰσει
794 1715 928 1786 (Η),
960 1709 1004 1784 ᾧ
1028 1716 1215 1768 ἕπεται
1241 1713 1392 1767 ἄδεια
1417 1714 1510 1767 καὶ
1535 1713 1754 1783 ἀφοϐία,
1782 1713 1883 1785 ἀρ-

286 1817 539 1888 χόμενος
574 1813 670 1884 μὲν
715 1809 774 1875 ἐξ
812 1807 1058 1862 ἑκουσίου
1087 1807 1356 1878 ἀμαθίας,
1402 1805 1794 1878 καταστρέφων
1826 1806 1882 1859 δὲ

288 1911 381 1972 εἰς
438 1905 694 1962 ἀκούσιον
729 1902 924 1974 μανίαν
955 1899 1159 1971 ψυχῆς,
1189 1898 1264 1963 ὡς
1314 1899 1651 1971 προείρηται.
1682 1898 1881 1952 Τοῦτον

288 1999 355 2054 δὲ
399 1999 496 2053 τὸν
545 1997 777 2069 τρόπον,
831 1991 953 2047 οὔτε
998 1990 1118 2046 τινὰ
1159 1989 1267 2043 τῶν
1309 1990 1449 2044 κατὰ
1482 1990 1579 2062 τὴν
1618 1988 1880 2054 Παλαιὰν,

289 2092 429 2144 οὔτε
463 2090 572 2144 τῶν
596 2087 735 2142 κατὰ
769 2086 868 2157 τὴν
900 2082 1106 2154 Καινὴν
1135 2079 1714 2153 πνευματοφορηϐἐντα
1745 2097 1879 2154 προ-

289 2182 486 2251 φήτην
511 2180 676 2246 δεῖξαι
698 2178 1030 2248 δυνήσονται,
1057 2172 1179 2226 οὔτε
1211 2171 1470 2240 Ἀγαϐον,
1503 2170 1627 2225 οὔτε
1662 2169 1879 2233 Ἰούδαν,

289 2270 428 2325 οὔτε
465 2270 640 2328 Σίλαν,
676 2265 799 2319 οὔτε
830 2264 925 2327 τὰς
956 2263 1219 2316 Φιλίππου
1253 2261 1584 2332 Θυγατέρας,
1616 2257 1738 2312 οὕτε
1781 2259 1879 2331 τὴν

289 2363 353 2412 ἐν
383 2356 739 2428 Φιλαδελφείᾳ
782 2354 1015 2425 Ἀμμίαν
1034 2393 1049 2418 ,
1088 2351 1210 2406 οὔτε
1246 2351 1516 2424 Κοδράτον
1537 2390 1550 2414 ,
1579 2349 1699 2403 οὔτε
1726 2350 1879 2415 τινὰς

291 2452 500 2514 ἄλλους
521 2450 630 2520 (12)
658 2448 820 2519 μηδὲν
850 2448 1029 2510 αὐτοῖς
1051 2445 1422 2518 προσήκοντας
1447 2445 1826 2514 ιιαυχήσονται.
1855 2463 1872 2494 ι

292 2540 476 2606 Αὖθις
510 2543 565 2595 δὲ
601 2540 738 2612 μετὰ
763 2539 988 2611 βραχέα,
1014 2538 1186 2593 ταῦτά
1217 2553 1411 2608 φησιν·
1453 2555 1471 2587 t
1513 2537 1576 2589 Εἰ
1601 2535 1707 2608 γὰρ
1741 2537 1879 2607 μετὰ

295 2637 581 2707 Κοδρᾶτον
617 2636 708 2688 καὶ
733 2635 832 2704 τὴν
871 2635 929 2686 ἐν
971 2630 1321 2702 Φιλαδελφείᾳ
1368 2630 1629 2697 Ἀμμίαν,
1671 2629 1746 2695 ὦς
1778 2648 1879 2701 φα-

295 2745 425 2792 σιν,
461 2727 670 2798 αἱπερὶ
716 2723 988 2779 Μοντανὸν
1027 2721 1326 2786 διεδέξαντο
1353 2723 1604 2790 γυναῖκες
1646 2723 1708 2774 τὸ
1744 2739 1877 2794 προ-

298 2818 538 2890 φητικὸν
581 2817 824 2890 χάρισμα
848 2857 864 2881 ,
891 2815 1013 2878 τοὺς
1056 2814 1163 2868 ἀπὸ
1209 2813 1487 2867 Μοντανοῦ
1524 2815 1616 2866 καὶ
1647 2813 1756 2866 τῶν
1784 2830 1879 2882 γυ-

299 2911 512 2966 ναικῶν
541 2911 686 2975 τίνες
727 2910 853 2980 παρ’
902 2908 1083 2970 αὐτοῖς
1133 2905 1464 2971 διεδέξαντο,
1514 2906 1873 2970 δειξάτωσανο

297 3005 421 3058 δεῖν
442 3004 553 3076 γὰρ
577 2998 715 3057 εἶναι
761 3001 822 3054 τὸ
845 2998 1466 3072 προφητικδν’χάρισμα
1514 2999 1571 3051 ἐν
1615 3002 1764 3070 πάσῃ
1809 3003 1874 3071 τῇ

313 3097 613 3167 Ἐκκλησία
645 3095 808 3166 μέχρι
843 3093 942 3162 τῆς
986 3091 1196 3155 τελείας
1222 3090 1522 3163 παρουσίας
1541 3092 1598 3155 ,ὀ
1625 3088 1876 3146 ’Λπόστο-

298 3188 398 3252 λος
427 3187 594 3254 ἀξιοῖ·
621 3185 734 3240 ἀλλ’
761 3187 862 3239 οὐκ
884 3175 948 3238 ἓν
974 3183 1145 3254 ἔχοιεν
1169 3182 1335 3249 δεῖξαι
1357 3183 1878 3254 τεσσαρεσκαιδέκα-

297 3301 398 3336 τον
426 3282 526 3352 ἠδη
557 3298 660 3334 που
694 3280 851 3334 τοῦτο
888 3278 1006 3343 ἔτος
1047 3263 1155 3333 ἀπὶ
1191 3279 1288 3349 τῆς
1316 3277 1659 3350 Μαξιμίλλης
1685 3279 1870 3332 τελευ-

298 3376 424 3446 τῆς.
465 3395 486 3426 ι
521 3369 686 3436 Οὗτος
715 3373 811 3443 μὲν
838 3372 902 3443 δὴ
930 3371 1181 3425 τοσαῦτα.
1229 3369 1285 3424 Ὀ
1320 3371 1386 3439 γέ
1417 3387 1499 3424 τοι
1547 3370 1681 3442 πρὸς
1707 3370 1872 3424 αὐτοῦ

381 3538 456 3607 (9)
504 3532 893 3607 Μιλτιάδου..ἐ
923 3533 1237 3607 μέμνηται,
1292 3532 1368 3588 Ex
1414 3533 1684 3607 hispatet
1711 3549 1870 3590 error

303 3604 620 3676 Hieronymi
653 3606 702 3658 in
731 3605 824 3676 lib.
861 3604 933 3676 De
964 3604 1305 3676 scriptoribus
1349 3605 1736 3676 ecclesiasticis.
1777 3607 1866 3659 ubi

310 3681 428 3732 haec
466 3673 695 3731 scribit:
721 3673 1007 3737 Miltiades,
1043 3674 1198 3741 cujus
1243 3673 1460 3727 Rhodon
1491 3675 1546 3726 in
1576 3691 1727 3739 opere
1774 3692 1868 3728 suo

305 3750 448 3816 quod
486 3749 734 3816 adversus
763 3742 1094 3816 Montanum,
1126 3743 1455 3816 Brixillum,
1482 3743 1868 3816 Maxima/nm-

304 3811 408 3888 que
432 3815 741 3888 composuit,
771 3815 1088 3888 recordatur.
1126 3811 1242 3868 Non
1273 3812 1630 3888 _R_ho_don_em,
1667 3814 1870 3888 Sedin-

304 3881 646 3943 nominatum
701 3884 843 3938 hunc
895 3885 1212 3951 scriptorem
1254 3881 1440 3936 debuit
1488 3883 1688 3936 dicere.
1730 3883 1865 3938 Nam

305 3959 538 4014 Rhodon
578 3955 840 4009 adversus
885 3952 1195 4023 Montanum
1243 3963 1318 4023 et,
1353 3951 1724 4023 Cataphrygas
1759 3969 1864 4008 non

305 4028 544 4096 scripsit,
569 4025 666 4096 sed
704 4023 969 4078 adversus.
991 4022 1281 4079 Marcionis
1309 4022 1672 4086 hteresim,ut
1701 4034 1869 4080 testa-

304 4109 400 4154 tur
429 4095 706 4151 Eusebius.

376 4165 666 4237 (l0)HVulg.
687 4161 767 4229 τῷ
787 4163 1156 4237 ᾋλκιόῖιάδοι)
1171 4162 1276 4237 τοῦ
1291 4163 1554 4233 ἀδελφοῦ
1578 4162 1877 4237 συγ-πράμ-

300 4233 676 4309 ματιτΝιδείξξο
698 4248 802 4303 quo
825 4233 940 4309 fato
957 4233 1247 4309 Alcibiadis
1270 4251 1465 4309 nomen
1490 4249 1586 4301 pro
1609 4233 1874 4309 Miltiade,

311 4303 368 4362 et
406 4305 671 4360 Miltiadis
727 4317 824 4372 pro
875 4303 1146 4356 Alcibiade
1203 4303 1548 4358 substitutum
1598 4312 1699 4358 est.
1739 4304 1871 4359 Nam

311 4377 599 4446 superiore
661 4373 900 4446 quidem
971 4372 1465 4446 capite_llliltiadis
1539 4374 1868 4446 vocabulum

1903 3247 1944 3304 C

1992 1623 2282 1693 quamdam
2347 1633 2402 1677 et
2468 1623 2804 1690 Quadratum
2875 1631 3123 1676 recenset
3184 1622 3267 1676 his
3333 1623 3556 1678 verbis:

1997 1735 2015 1768 ‹
2047 1715 2548 1786 Pseudo—prnpheta
2583 1725 2782 1782 autem,
2821 1718 3030 1788 inquit,
3075 1718 3126 1772 in
3175 1715 3314 1771 falso
3365 1720 3561 1772 mentis

1989 1824 2240 1870 excessu,
2278 1809 2429 1878 cujus
2472 1825 2657 1863 comes
2703 1820 2787 1864 est
2837 1810 3056 1865 licentia
3110 1820 3167 1864 et
3221 1810 3470 1876 audacia,
3529 1825 3556 1862 a

1914 1878 2284 1971 Bspontanea
2341 1901 2558 1970 quidem
2613 1901 2882 1968 imperitia
2936 1903 3148 1956 initium
3196 1917 3449 1965 sumens.
3503 1901 3556 1955 in

1983 1991 2274 2046 amentiam
2303 2003 2505 2058 autem,
2546 1991 2740 2060 utiam
2771 1992 2906 2058 dixi,
2940 1993 3362 2048 iuvoluutariam
3400 1993 3549 2047 desi-

1983 2098 2142 2138 nens.
2176 2083 2492 2152 llujusmodi
2542 2100 2671 2138 vero
2718 2084 2910 2153 spiritu
2951 2084 3152 2138 nullum
3191 2099 3428 2153 unquam
3460 2098 3559 2138 nec

1983 2175 2036 2232 in
2068 2176 2263 2233 Vetere
2311 2191 2412 2232 nec
2440 2177 2491 2231 in
2517 2175 2666 2230 Novo
2697 2176 3046 2230 Testamento
3070 2176 3385 2244 praphetam
3408 2172 3558 2228 aliia-

1984 2278 2096 2324 tum
2163 2277 2419 2338 poterunt
2475 2271 2852 2324 demonstrare
2886 2284 2901 2321 :
2937 2283 3043 2322 non
3096 2267 3387 2334 Agabum,
3445 2283 3553 2324 non

1979 2359 2194 2426 Judam,
2220 2376 2324 2415 non
2353 2359 2543 2428 Silam,
2574 2376 2673 2416 nec
2701 2359 2930 2431 Philippi
2969 2359 3128 2424 filias,
3160 2375 3262 2415 nec
3279 2360 3552 2415 Ammiam

1981 2453 2520 2521 Philadelphensem,
2552 2467 2652 2506 nec
2683 2452 3043 2517 Quadratum,
3075 2469 3174 2508 nec
3205 2453 3388 2523 plures
3413 2470 3551 2524 quo-

1980 2560 2083 2614 que
2109 2545 2267 2609 alios,
2315 2543 2408 2613 qui
2452 2543 2584 2598 nihil
2638 2544 2702 2596 ad
2753 2544 2897 2614 ipsos
2942 2547 3239 2612 pertinent,
3293 2545 3553 2614 praedica-

1979 2633 2130 2688 bunt.
2155 2653 2173 2686 ι
2213 2633 2406 2688 Paucis
2434 2632 2626 2689 deinde
2644 2633 2963 2704 iuterjectis,
2991 2635 3071 2690 sic
3091 2635 3360 2704 loquitur:
3382 2634 3548 2690 «Nam

1979 2728 2024 2781 si
2051 2726 2295 2796 quidem,
2332 2734 2391 2780 ut
2425 2725 2745 2795 przedicaut,
2787 2729 2908 2796 post
2928 2725 3260 2792 Quadratum
3317 2735 3372 2781 et
3424 2728 3554 2782 Am-

1980 2817 2142 2870 miam
2178 2815 2687 2884 Philadelphensem
2743 2815 3000 2870 mulieres
3053 2815 3158 2870 illa:
3207 2816 3448 2872 Montani
3495 2817 3548 2872 in

1977 2907 2279 2976 prophetiae
2329 2907 2567 2978 gratiam’
2600 2916 3014 2972 successerunt,
3064 2908 3354 2963 ostendant
3395 2909 3552 2964 nobis

1977 3000 2200 3070 quinam
2232 3001 2372 3054 inter
2399 3001 2542 3070 ipsos
2575 2998 2827 3055 Montano
2873 3014 2938 3054 ac
2970 2988 3553 3057 mulierculissucces-

1979 3093 2166 3148 seriut.
2203 3092 2414 3146 Etenim
2443 3093 2742 3164 prophetia:
2774 3095 2972 3148 donum
3019 3093 3072 3147 in
3121 3093 3267 3148 omni
3304 3093 3547 3149 Ecclesia

1981 3187 2047 3238 ad
2103 3184 2351 3238 ultimum
2407 3200 2573 3253 usque
2633 3183 2846 3239 Domini
2888 3184 3178 3240 adventum
3232 3199 3552 3255 permanere

1980 3278 2178 3332 debere
2212 3289 2401 3331 auctor
2445 3288 2530 3331 est
2577 3277 2889 3344 Apostolus.
2939 3276 3044 3332 Sed
3093 3277 3294 3332 nullum
3332 3292 3552 3347 prorsus

1979 3379 2236 3440 pourunt
2262 3369 2578 3435 ostendere,
2624 3370 2838 3424 tametsi
2877 3369 2992 3438 jam
3043 3379 3269 3439 quartus
3310 3371 3551 3426 decimus

1978 3532 2029 3588 in
2061 3529 2218 3586 Novo
2291 3545 2391 3586 nec
2437 3531 2490 3587 in
2522 3531 2707 3587 Veteri
2766 3531 3115 3588 Testamento
3164 3523 3473 3602 prophetas
3493 3533 3546 3588 in

1976 3603 2189 3673 exstasi
2213 3618 2460 3673 unquam
2483 3604 2838 3671 prophetasse
2860 3602 3126 3673 legamus.
3169 3601 3372 3669 itaque
3428 3601 3546 3656 Mil-

1980 3673 2157 3742 tiades
2180 3671 2375 3742 librum
2402 3672 2662 3742 adversus
2688 3688 2784 3728 eos
2814 3671 3034 3742 scripsit
3059 3674 3158 3727 hoc
3180 3673 3334 3727 titulo
3369 3690 3382 3726 :
3407 3673 3550 3741 Περὶ

1974 3742 2080 3795 τοῦ
2088 3741 2175 3810 μὴ
2203 3739 2331 3794 δεῖν
2354 3741 2668 3810 προφήτην
2693 3739 3054 3796 ἐνέκστᾶσει
3072 3742 3305 3796 λαλεῖν.
3334 3742 3394 3795 Et
3427 3739 3548 3811 Epi-

1976 3811 2730 3880 phauiusAdversusIiwi'esim
2749 3811 3216 3872 Montanisturum,
3239 3828 3289 3864 c.
3309 3813 3344 3865 2
3368 3832 3379 3865 :
3405 3813 3545 3866 Ὅσα

2013 3881 2081 3954 ὰῗρ
2102 3883 2149 3934 οί
2167 3881 2440 3954 προφῆται
2463 3883 2509 3933 εί
2518 3883 2737 3952 ρήκασι,
2751 3881 2896 3954 μετὰ
2914 3881 3177 3954 συνέσεῳς
3202 3883 3546 3954 παρακολου-

2005 3899 2081 3949 ἀρ
2102 3899 2149 3934 οι
2167 3899 2440 4004 προῖηται
2463 3899 2737 3952 ειρηκασι,
2759 3899 2896 3952 μετα
2914 3899 3177 3944 συνεσεως
3202 3899 3546 3954 παρακολου-

2005 3952 2270 4020 οὖντεςὲφ
2309 3952 2532 4019 έγγοντο
2552 3969 2564 3981 ο
2585 3963 2709 4005 etc.
2736 3953 2769 4005 4
2793 3967 2854 4004 ac
2879 3951 3246 4020 sequentibus,
3293 3954 3430 4006 hanc
3460 3969 3548 4006 ve-

1975 4037 2047 4075 ra:
2061 4038 2124 4076 ac
2139 4023 2434 4091 spiritualis
2448 4022 2742 4091 prophetiae
2757 4023 3116 4076 certissimam
3135 4033 3318 4091 notam
3337 4037 3454 4076 esse
3467 4023 3548 4074 di-

1982 4092 2076 4154 cit.
2107 4088 2386 4162 ut:meutis
2411 4088 2521 4162 sua:
2547 4088 2833 4162 compotes
2860 4092 2988 4154 sint,
3025 4092 3113 4160 qui
3139 4088 3315 4144 futura
3349 4091 3546 4162 praedi-

1983 4172 2133 4232 gtnt.
2166 4160 2697 4232 Similiter_Joanttes
2727 4160 3146 4232 Chrysostomus
3182 4160 3544 4216 homiliaﬁ9iu

1982 4229 2224 4300 Epistola
2251 4229 2280 4285 I
2303 4232 2370 4284 ad
2410 4229 2732 4295 Corinthios,
2765 4229 2852 4286 ubi
2881 4233 3174 4286 discrimen
3211 4231 3368 4286 aﬂ‘ert
3403 4232 3545 4284 inter

1981 4303 2368 4357 divinationem
2401 4311 2456 4356 et
2481 4301 2840 4371 prophetiam.
2871 4300 2982 4355 Hoc
3006 4302 3168 4362 enim.
3197 4303 3389 4371 inquit,
3419 4317 3545 4369 pro-

1983 4372 2157 4440 prium
2193 4381 2274 4425 est
2303 4373 2444 4426 vatis
2479 4387 2572 4426 seu
2605 4373 2944 4435 divinatoris,
2981 4382 3173 4426 eumut:
3209 4388 3329 4427 esse
3387 4387 3540 4426 men-

311 4438 410 4513 pro
433 4438 717 4512 Alcibiade
733 4443 970 4513 positum
1001 4438 1122 4496 esse
1143 4442 1570 4513 observavimus.
1602 4443 1699 4498 llic
1743 4460 1870 4500 cou-
1903 4438 1945 4492 D
1979 4438 2083 4506 tis;
2115 4442 2238 4510 pelli
2267 4460 2281 4508 ;
2319 4442 2498 4508 trahi;
2535 4443 2738 4510 raptari
2778 4453 3028 4509 tanquam
3063 4442 3349 4497 furentem.
3403 4443 3540 4495 Pro-

311 4511 417 4578 tra,
449 4511 753 4583 Alcibiades
778 4511 1191 4583 pro__Mlltiades
1246 4512 1486 4583 irrepsit.
1529 4513 1687 4568 Certe
1731 4515 1875 4583 apud

310 4587 665 4654 Nicephorum
698 4581 988 4639 Μιλτιάδου
1011 4583 1228 4654 legitur,
1242 4581 1546 4653 quanquam
1589 4599 1687 4654 nec
1713 4581 1872 4639 Nice-

308 4652 527 4724 phorus,
546 4666 644 4706 nec
670 4654 1190 4724 Christophorsonus
1217 4652 1359 4724 hunc
1384 4652 1556 4708 lucum
1586 4653 1871 4724 intellexit.

381 4727 492 4796 (ll)
531 4721 837 4796 Ἄμξὸτε
885 4720 1386 4796 ψερδοπροφήτης
1425 4725 1495 4778 ἐν
1533 4723 1873 4796 παρεκοίξά-

307 4791 422 4851 σει,
451 4791 586 4849 Male
617 4793 841 4846 Ruﬁnus
879 4802 928 4846 et
954 4791 1222 4848 Barouius
1265 4796 1378 4848 haec
1433 4794 1595 4849 verba
1644 4809 1706 4846 ex
1757 4793 1874 4847 Mil-

310 4867 469 4920 tiadis
518 4864 654 4917 libro
700 4863 981 4931 desumpta
1040 4877 1162 4918 esse
1231 4863 1633 4918 existimarunt.
1683 4862 1872 4933 Neque

306 4939 450 4990 enim
498 4935 584 4989 hic
621 4933 990 5003 iunominatus
1037 4941 1225 4988 auctor
1264 4935 1559 5003 quidquam
1619 4934 1753 4988 citat
1802 4951 1867 4989 ex

307 5005 562 5060 Miltiadis
617 5003 756 5056 libro
779 5041 806 5074 _,
857 5002 950 5056 sed
997 5012 1314 5074 tantulae:
1371 5002 1720 5074 responsione
1767 5003 1868 5059 Ca-

311 5077 692 5146 taphrygarum
727 5071 986 5146 adversus
1011 5072 1266 5146 Miltiadis
1301 5071 1534 5137 librum;
1565 5075 1704 5146 quod
1758 5090 1863 5136 non

312 5141 800 5199 animadverterunt
831 5141 1172 5212 interpretes.
1202 5143 1292 5198 Est
1337 5156 1515 5198 autem
1570 5143 1655 5197 hic
1706 5146 1866 5210 hujus

311 5215 407 5269 loci
456 5230 666 5272 sensus.
699 5226 953 5281 magnum
1006 5228 1126 5269 esse
1176 5213 1466 5267 discrimen
1518 5214 1657 5267 inter
1706 5230 1866 5271 veros

307 5285 599 5354 prophetas
628 5291 682 5354 et
710 5281 896 5354 falsos.
926 5282 1050 5338 Veri
1086 5283 1226 5337 enim
1256 5284 1550 5352 prophetzr,
1607 5285 1696 5353 qui
1749 5287 1866 5353 Spi-

312 5352 420 5410 ritu
445 5356 531 5409 Dei
563 5352 750 5423 repleti
792 5362 968 5415 erant,
1013 5354 1194 5422 quieto
1220 5369 1284 5408 ac
1344 5352 1639 5422 tranquillo
1684 5352 1864 5411 animo

310 5423 669 5490 praedicebant
693 5423 894 5476 futura.
946 5423 1446 5492 Pseudoprophette
1501 5439 1646 5486 vero,
1681 5426 1862 5492 qualis

307 5506 425 5548 erat
455 5493 906 5563 Montanus,_cum
934 5491 1116 5547 furore
1141 5491 1194 5547 et
1223 5495 1427 5547 insania
1480 5491 1856 5563 loquebamur.

308 5565 465 5618 Certe
515 5561 772 5618 Catholici
823 5561 924 5616 hoc
997 5563 1262 5631 praecipue
1331 5561 1659 5630 objiciebaut
1712 5565 1862 5618 Mou-

313 5634 546 5696 tauistis,
573 5632 667 5703 qui
693 5647 752 5686 se
775 5632 1086 5700 prophetico
1108 5635 1298 5702 spiritu
1324 5633 1510 5701 plenos
1537 5649 1656 5688 esse
1679 5633 1857 5703 jacta-

311 5705 456 5771 bant,
488 5703 628 5774 quod
657 5702 718 5756 in
743 5703 941 5757 exstasi
977 5704 1381 5772 prophetarent,
1411 5718 1530 5758 cum
1563 5702 1741 5758 tamen
1764 5720 1860 5760 ucc

1982 4514 2141 4580 pheta
2166 4527 2291 4567 vero
2321 4527 2428 4566 uou
2457 4514 2529 4565 ita
2557 4531 2570 4565 :
2601 4516 2692 4566 sed
2725 4523 2903 4565 mente
2929 4513 3130 4577 sobria,
3155 4524 3210 4566 et
3251 4528 3374 4566 cum
3423 4527 3542 4564 mn—

1979 4587 2126 4635 desta
2155 4597 2220 4637 ac
2267 4592 2566 4650 temperata
2623 4581 2786 4635 animi
2843 4583 3264 4649 constitutione;
3321 4592 3372 4636 ct
3422 4598 3542 4649 qua:

1977 4653 2240 4721 loquitur,
2271 4653 2577 4722 intelligens
2606 4652 2737 4722 dicit
2765 4654 2969 4708 omnia.
3029 4652 3123 4706 llis
3167 4655 3316 4722 adde
3352 4653 3540 4706 lliero-

1977 4737 2195 4793 uymum
2220 4723 2271 4775 iu
2301 4721 2624 4793 Prwfutioue
2647 4721 3228 4793 Commentariorumiu
3269 4721 3485 4775 Nullum
3516 4740 3540 4776 :

1977 4791 2101 4862 Non
2138 4793 2272 4862 enim
2325 4792 2558 4862 loquitur
2595 4793 2647 4843 in
2695 4791 2970 4862 ἐκστάσει,
3026 4802 3077 4844 ut
3145 4791 3424 4845 Montanus
3487 4802 3538 4846 et-

1974 4861 2161 4916 Prisca
2194 4860 2590 4930 Maximilluque
2609 4861 2846 4932 delirant
2875 4876 2893 4914 :
2924 4862 3014 4914 sed
3043 4864 3180 4932 quod
3211 4862 3487 4930 prophetat
3516 4904 3536 4930 ,

1971 4933 2100 4985 liber
2134 4943 2206 4987 est
2230 4933 2443 4986 visionis
2489 4931 2824 5001 intelligentia
2857 4931 3094 4985 universo
3121 4949 3237 5001 qua:
3279 4933 3533 5002 loquitur.

1971 5002 2140 5057 Porro
2163 5002 2455 5058 notandum
2518 5010 2602 5055 est
2650 5003 2792 5074 hunc
2832 5003 3534 5074 anonymumNscriptorem

1972 5089 2244 5142 nunquam
2308 5083 2553 5126 exstases
2606 5072 2874 5140 appellare
2935 5072 3104 5126 vanos
3158 5072 3279 5127 illos
3335 5074 3536 5128 mentis

1967 5157 2226 5198 excessus
2254 5142 2704 5197 Montanistarum
2729 5183 2743 5207 ,
2795 5143 2887 5198 sed
2921 5158 3134 5211 semper
3169 5156 3530 5212 parexstases,

1967 5215 2036 5282 ob
2059 5229 2176 5268 eam
2203 5215 2463 5267 rationem
2495 5227 2655 5280 quam
2679 5227 2843 5282 supra
2868 5213 2998 5268 dixi.
3055 5211 3262 5282 Quippe
3287 5225 3532 5268 exstases

1966 5281 2079 5336 fere
2106 5285 2158 5337 in
2195 5283 2392 5336 bonam
2422 5292 2626 5351 partem
2661 5293 2946 5354 sumuntur
2976 5301 3004 5339 a
3029 5281 3296 5354 Cypriane
3322 5293 3375 5337 et
3401 5283 3534 5337 Ter-

1968 5353 2224 5419 tulliano;
2255 5363 2309 5407 et
2335 5353 2470 5423 viris
2504 5354 2708 5406 sanctis
2739 5353 2992 5408 immissae
3038 5353 3291 5423 leguntur
3325 5370 3352 5406 a
3389 5354 3530 5415 Deo.

1965 5433 2024 5478 ut
2051 5426 2256 5494 Adamn
2286 5433 2340 5476 et
2367 5422 2526 5478 Petro
2555 5423 2823 5492 apostolo.
2855 5426 2923 5477 At
2947 5422 3282 5494 pareitstasis
3316 5437 3530 5492 semper

1963 5495 2020 5548 in
2053 5493 2246 5547 malam
2280 5506 2486 5562 partem
2520 5495 2808 5563 accipitur.

2034 5565 2147 5632 (12)
2176 5561 2322 5617 Οὔτε
2347 5563 2462 5633 ἤδη
2521 5561 2685 5630 τινὰς
2738 5563 2985 5630 ἄλλους.
3029 5565 3085 5618 lu
3148 5562 3324 5633 codd._
3369 5561 3530 5625 διεδ..

1962 5629 2098 5759 Μάάῑ.
2129 5629 2181 5688 et
2206 5633 2336 5689 Fuk.
2369 5629 2421 5691 et
2451 5629 2594 5706 apud
2641 5629 3000 5703 bicepltormu
3050 5635 3242 5704 legitur
3270 5629 3394 5688 οὔτε
3453 5649 3535 5688 τι·-

1962 5722 1989 5757 ν
2031 5722 2075 5759 ς.
2115 5714 2217 5759 clc.

1962 5714 2075 5771 νας,
2115 5714 2217 5761 clc.
