4112 6428
223 326 345 381 ιτι
1299 328 1654 385 HISTORIA:
1696 327 1848 385 ECCI

1951 322 2254 381 .lASTlCA‘I
2295 320 2420 376 LIB.
2466 319 2528 379 ν.
3420 319 3524 374 478

225 465 323 502 σοι
362 448 504 519 (16)
536 450 683 503 πᾶσα
709 448 901 521 Γραφὴ
942 448 1170 503 κωλύειν
1221 452 1508 523 προφήτην
1557 451 1848 521 λαμϐάνειν

1958 446 2207 499 universa
2244 441 2567 511 prohibere,
2602 454 2670 494 ne
2692 435 2953 508 propheta
2997 451 3221 493 munera
3254 448 3306 494 et
3355 454 3524 510 pecu-

223 540 403 613 δῶρα
436 543 542 596 καὶ
566 543 853 614 χρήματα;
887 543 1055 596 Ὅταν
1101 538 1194 596 οῦν
1221 543 1315 597 ἴδω
1350 544 1450 615 τὴν
1475 544 1744 615 προφῆτιν
1776 544 1848 595 εί-

1954 539 2075 593 nias
2100 534 2369 604 accipiat?
2393 533 2525 587 Cum
2558 531 2719 601 igitur
2752 531 2960 586 videam
2998 531 3399 601 prophetissam
3426 547 3526 583 an-
3582 544 3586 551 ·

226 632 510 703 λτιςρυῖαν
563 634 655 687 καὶ
703 632 903 704 χρυσὸν
969 632 1064 686 καὶ
1119 635 1356 706 ἄργυρον
1400 636 1495 687 καὶ
1544 633 1848 697 πολυτελεῖς

1952 646 2072 685 rum
2127 639 2180 684 et
2230 635 2512 697 argentum
2562 633 2850 692 vestesque
2911 624 3179 692 pretiosas
3223 626 3518 693 accepisse,

231 724 532 796 ἐσθῆτας,
564 725 680 789 πῶς
720 724 886 796 αὑτὴν
929 725 1001 796 μὴ
1049 729 1494 797 παραιτήσομαι;
1534 744 1552 777 ›
1600 722 1764 788 Αὖθις
1794 725 1848 778 δὲ

1951 721 2222 792 quomodo
2248 735 2366 774 eam
2405 733 2512 771 non
2548 715 2915 786 repudiabo?»
2966 715 3031 769 Et
3081 715 3238 785 paulo
3278 725 3398 785 post
3450 718 3515 770 de

234 817 651 883 ὑποκαταϐὰς,
681 817 809 889 περί
837 836 977 881 τινος
1004 816 1110 871 τῶν
1138 821 1257 872 κατ’
1286 819 1481 882 αὐτοὺς
1509 818 1848 890 ὁμολογητῶν

1951 812 2181 883 quodam
2228 826 2296 865 ex
2332 826 2517 865 eorum
2570 822 2797 862 numero
2851 809 2940 876 qui
2999 808 3338 862 confessores
3376 810 3513 875 apud

232 908 444 963 ταῦτά
478 926 642 980 φησιν
666 926 680 939 ⁸
724 928 743 960 ι
790 910 908 961 Ἔτι
936 910 993 963 δὲ
1034 910 1126 963 καὶ
1162 910 1410 980 Θεμίσων
1452 912 1479 962 6
1504 911 1601 980 τὴν
1640 910 1848 976 ἀξιόπι-

1952 904 2096 973 ipsos
2138 904 2429 966 habentur,
2492 902 2603 955 haec
2651 900 2821 955 dicit:
2856 920 2873 951 ι
2902 901 3169 956 Prurtcrea
3219 901 3512 955 Themison

237 1014 384 1053 στον
444 1000 760 1064 πλεονεξίαν
801 1002 911 1071 (l7)
938 1002 1343 1072 ἠμφιεσμένος,
1388 1003 1415 1054 6
1461 1004 1533 1073 μὴ
1580 1002 1848 1072 βαστάσας

1951 996 2199 1066 speciosa
2230 993 2464 1047 avaritia
2504 992 2662 1064 185
2693 994 3010 1058 ohvelatus,
3038 994 3131 1062 qui
3167 993 3526 1048 confessionis

232 1090 350 1160 τῆς
381 1090 689 1160 ὁμολογίας
718 1091 777 1143 τὸ
812 1094 1034 1162 σημεῖον
1065 1090 1211 1162 (18),
1237 1089 1371 1144 ἀλλὰ
1402 1090 1595 1162 πλήθει
1638 1090 1848 1162 χρημά-

1951 1090 2163 1159 signum
2194 1104 2300 1143 non
2337 1074 2583 1158 pertulit,
2612 1090 2705 1141 sed
2743 1103 2935 1158 magna
2965 1087 3207 1157 pecunia:
3235 1087 3282 1139 vi
3308 1096 3520 1153 erogata

231 1195 360 1232 των
396 1182 746 1253 ἀποθέμενος
779 1182 847 1236 τὰ
880 1182 1073 1253 δεσμά,
1110 1182 1225 1235 δέον
1256 1183 1348 1236 ἐπὶ
1393 1181 1567 1253 τούτῳ
1606 1200 1848 1236 ταπεινο-

1953 1184 2167 1238 vincula
2213 1182 2412 1253 abjecit
2447 1198 2607 1237 :cum
2659 1180 2727 1235 ob
2781 1197 2899 1235 eam
2956 1196 3172 1235 causam
3233 1180 3527 1245 modestius

235 1275 493 1341 φρονεῖν
512 1280 535 1335 ,⁸
556 1273 630 1336 ὡς
674 1273 879 1344 μάρτυς
917 1272 1288 1345 καυχώμενος,
1349 1274 1613 1344 ἐτόλμησε
1660 1273 1848 1344 μιμού-

1952 1276 2206 1344 deinceps
2265 1289 2327 1328 ac
2375 1272 2698 1326 submissius
2754 1286 2917 1340 agere
2966 1269 3224 1335 deberet,
3268 1279 3522 1337 tanquam

241 1379 429 1433 μενος
466 1367 560 1419 τὸν
595 1364 942 1429 Ἀπόστολον,
972 1364 1261 1437 καθολικήν
1296 1382 1434 1417 τινα
1459 1365 1853 1436 συνταξάμενος

238 1456 591 1527 ἐπιστολὴν,
625 1458 886 1529 κατηχεῖν
923 1457 1022 1528 μὲν
1072 1458 1198 1521 τοὺς
1240 1457 1461 1527 ἄμεινον
1494 1458 1658 1511 αὐτοῦ
1698 1476 1855 1512 πεπι-

241 1548 593 1611 στευκότας,
628 1547 1087 1616 συναγωνίζεσθαι
1142 1548 1199 1602 δὲ
1243 1552 1356 1613 τοῖς
1393 1549 1492 1620 τῆς
1526 1551 1854 1619 κενοφωνίας

240 1638 475 1706 λόγοις,
514 1638 899 1711 βλασφημῆσαι
928 1640 983 1694 δὲ
1007 1643 1086 1705 είς
1113 1641 1206 1694 τὸν
1233 1641 1436 1714 Κύριον
1458 1642 1698 1706 καὶτοὺς
1724 1643 1855 1696 ἀπο-

243 1730 518 1795 στόλους,
547 1733 639 1784 καὶ
668 1730 764 1802 τὴν
793 1732 953 1800 άγίαν
994 1732 1335 1804 Ἐκκλησίαν.
1381 1752 1400 1784 ι
1442 1736 1550 1787 Καὶ
1577 1734 1705 1806 περὶ
1738 1734 1853 1787 ἑτέ-

1952 1378 2159 1438 martyr
2197 1381 2316 1420 sese
2351 1363 2617 1438 eﬂerens,
2655 1378 2821 1417 ausus
2853 1372 2934 1417 est
2991 1360 3239 1430 exemplo
3278 1361 3523 1430 Apostoli

1953 1436 2260 1529 conscripta
2292 1457 2517 1527 epistola
2545 1436 2809 1510 catholica
2849 1471 2946 1509 eos
2976 1454 3216 1523 quidem,
3263 1453 3351 1522 qui
3388 1452 3525 1506 lide-

1953 1552 2117 1607 liores
2172 1553 2290 1619 ipso
2343 1550 2701 1612 exstiterant,
2761 1548 3089 1609 instituere,
3139 1561 3291 1600 nova:
3343 1556 3523 1601 autem

1955 1641 2213 1697 doctrina:
2250 1638 2577 1708 patrocinari
2613 1678 2629 1701 ,
2669 1652 2734 1691 ac
2786 1646 3056 1705 postremo
3109 1638 3160 1691 in
3218 1636 3523 1700 Dominum.

1958 1733 2010 1787 in
2042 1732 2336 1801 apostolos,
2387 1739 2441 1785 et
2477 1731 2528 1783 in
2569 1738 2975 1784 sacrosanctam
3022 1729 3320 1784 Ecclesiam
3365 1731 3527 1809 impio

249 1840 374 1895 ρων
404 1822 469 1876 δὲ
516 1819 667 1887 αὖθις
711 1822 819 1876 τῶν
871 1825 989 1877 κατ’
1035 1826 1231 1888 αὐτοὺς
1276 1825 1655 1897 τετιμημένων
1683 1825 1757 1890 ὡς
1787 1826 1848 1897 δὴ

1956 1824 2127 1894 loqui.
2152 1841 2170 1874 ι
2201 1822 2410 1876 Rursus
2443 1820 2507 1874 de
2538 1818 2645 1874 alio
2675 1820 2905 1887 quodam
2953 1835 3017 1875 ex
3070 1835 3297 1874 numero
3338 1806 3523 1875 eorum

249 1916 608 1988 μαρτύρων,
651 1914 793 1970 οὕτω
839 1917 1070 1990 γράφει·
1108 1936 1126 1969 ι
1149 1909 1280 1972 ’Ἵνα
1319 1918 1375 1972 δὲ
1406 1919 1480 1991 μὴ
1512 1920 1639 1993 περὶ
1679 1920 1856 1973 πλειόα

248 2027 373 2064 νων
406 2008 681 2079 λέγωμεν,
706 2012 739 2081 ἠ
773 2011 1038 2081 προφῆτις
1062 2012 1192 2082 ἡμῖν
1220 2012 1423 2065 εἰπάτω
1452 2011 1520 2065 τὰ
1543 2012 1682 2065 κατὰ
1718 2012 1855 2065 Ἀλέ-

252 2099 504 2172 ξανδρον
538 2101 626 2154 τὸν
671 2100 895 2170 λέγοντα
940 2103 1128 2156 ἑαυτὸν
1182 2103 1466 2176 μάρτυρα,
1573 2106 1852 2158 συνεστιᾶ-

250 2208 355 2245 ται
378 2233 395 2255 ,
431 2185 485 2258 ᾧ
510 2193 872 2265 προσκυνοῦσι
920 2195 1013 2248 καὶ
1050 2194 1198 2266 αὑτῷ
1239 2196 1422 2249 πολλοὶ
1447 2196 1561 2269 (l9)
1587 2236 1602 2260 ,
1650 2192 1710 2251 οῦ
1755 2197 1853 2261 τὰς

253 2283 533 2355 λῃστείας
566 2286 656 2337 καὶ
680 2285 747 2338 τὰ
775 2285 908 2339 ἄλλα
935 2286 1256 2359 τολμήματα
1289 2288 1372 2357 ἐφ’
1402 2283 1483 2352 οἷς
1505 2288 1849 2352 κεκόλασται,

256 2374 362 2443 οὐχ
412 2376 568 2449 ἡμᾶς
609 2374 690 2427 δεῖ
721 2374 919 2443 λέγειν,
970 2376 1104 2430 ἀλλὰ
1131 2379 1159 2431 6
1200 2377 1552 2449 ὀπισθόδομος
1577 2379 1687 2449 (20)
1718 2379 1849 2450 ἔχει.

259 2465 364 2528 Τίς
399 2461 501 2519 οῦν
537 2466 640 2520 τίνι
683 2467 962 2539 χαρίζεται
1007 2469 1073 2523 τὰ
1115 2471 1524 2542 άμαρτήματα;
1575 2472 1799 2543 πότερον
1824 2471 1853 2523 6

258 2558 563 2627 προφήτης
594 2557 692 2621 τὰς
718 2558 971 2630 λῃστείας
1007 2558 1086 2630 τῷ
1113 2560 1382 2632 μάρτυρι,
1415 2562 1448 2631 ἢ
1484 2562 1512 2614 6
1537 2561 1745 2632 μάρτυς
1775 2560 1854 2632 τῷ

262 2650 533 2721 πρηφήτῃ
556 2648 653 2713 τὰς
682 2648 989 2715 πλεονεξίας
1015 2667 1028 2716 ;
1063 2652 1343 2723 εἰρηκότος
1367 2651 1475 2723 γὰρ
1495 2651 1587 2705 τοῦ
1623 2653 1849 2723 Κυρίου,

260 2740 361 2813 Μὴ
398 2740 675 2813 κτήσησθε
702 2743 918 2813 χρυσὸν,
956 2745 1087 2816 μήτε
1111 2745 1367 2817 ἄργυρον,
1401 2746 1534 2816 μήτε
1572 2744 1664 2798 δύο
1692 2745 1853 2816 χιτῶ-

263 2850 389 2895 νας,
455 2828 596 2886 οὗτοι
660 2835 766 2887 πᾶν
821 2833 1149 2897 τούναντίον,
1190 2834 1685 2905 πεπλημμελήκασι
1726 2834 1853 2904 περὶ

265 2920 368 2983 τὰς
413 2921 618 2974 τούτων
668 2923 778 2975 τῶν
816 2922 1276 2994 ἀπηγορευμένων
1316 2926 1555 2994 κτήσεις.
1597 2922 1851 2993 Δείξομεν

266 3011 381 3081 γὰρ
411 3014 536 3075 τοὺς
559 3012 882 3083 λεγομένους
914 3013 1041 3086 παρ’
1068 3014 1249 3076 αὐτοῖς
1280 3015 1559 3086 προφήτας
1586 3015 1680 3068 καὶ
1713 3014 1852 3085 μάρ-

265 3118 467 3171 τυρας,
520 3104 784 3174 μὴμόνον
831 3104 980 3175 παρὰ
1024 3103 1326 3167 πλουσίων,
1377 3103 1512 3157 ἀλλὰ
1562 3105 1656 3158 xui.
1699 3104 1849 3176 παρὰ

271 3196 512 3265 πτωχῶν
546 3197 638 3250 καὶ
682 3196 933 3267 ὀρφανῶν
976 3200 1069 3253 καὶ
1103 3199 1285 3271 χηρῶν
1326 3200 1842 3272 κερματιζομένους.

268 3290 389 3343 Καὶ
422 3292 470 3341 εἰ
499 3290 819 3361 πεποίθησιν
858 3290 1069 3361 ἔχουσιν
1110 3295 1168 3345 ἐν
1195 3292 1368 3364 τούτῳ
1390 3334 1403 3356 ,
1447 3295 1723 3364 στήτωσαν
1754 3294 1848 3347 καὶ

268 3377 700 3451 διορισάσθωσαν
738 3382 829 3434 ἐπὶ
861 3382 1068 3446 τούτοις
1111 3382 1245 3455 (ﬁl),
1292 3385 1378 3438 ἴνα
1405 3384 1497 3437 ἐὰν
1530 3383 1846 3455 ἐλεγχθῶσι,

270 3470 381 3524 κᾶν
407 3472 500 3525 τοῦ
540 3473 723 3527 λοιποῦ
758 3474 1066 3530 παύσωνται
1110 3460 1551 3549 πλημμελοῦντες
1571 3495 1584 3509 ·
1616 3478 1697 3530 δεῖ
1729 3477 1835 3548 γὰρ

268 3566 405 3628 τοὺς
434 3568 676 3638 καρποὺς
703 3567 1085 3639 δοκιμάζεσθαι
1111 3569 1204 3623 τοῦ
1244 3572 1523 3641 προφήτου
1543 3588 1555 3600 ·
1589 3569 1696 3623 ἀπὸ
1740 3570 1848 3642 γάρ

271 3657 373 3711 τοῦ
402 3659 614 3729 καρποῦ
636 3659 696 3712 τὸ
728 3659 940 3732 δένδρον
978 3663 1317 3730 γινώσκεται.
1358 3664 1471 3715 Ἵνα
1501 3663 1555 3715 δὲ
1587 3665 1698 3725 τοῖς
1728 3662 1849 3731 βου-

272 3746 523 3819 λομένοις
546 3749 613 3803 τὰ
641 3750 780 3803 κατὰ
821 3752 1162 3824 Ἀλέξανδρον
1282 3752 1551 3824 γνώριμα,
1600 3753 1847 3825 κέκριται

275 3837 386 3891 ὑπὸ
414 3838 658 3908 Αἰμιλίου
702 3842 987 3912 Φροντίνου
1035 3843 1344 3898 ἀνθυπάτου
1392 3846 1447 3897 εν
1495 3844 1737 3915 Ἐφέσῳ,
1785 3844 1845 3896 ού

274 3927 369 3982 διὰ
396 3928 458 3981 τὸ
516 3929 717 4000 ὄνομα,
763 3930 898 3984 ἀλλὰ
942 3933 1008 3985 δι’
1049 3932 1116 3997 ἃς
1149 3934 1409 4005 ἐτόλμησε
1459 3935 1740 4007 λῃστείας,
1773 3933 1848 3987 ὢν

276 4016 381 4089 ἤδη
433 4020 752 4091 παραϐάτης
802 4022 912 4093 (22)
939 4039 953 4053 ·
1008 4017 1126 4076 εἶτα
1175 4025 1606 4096 ἐπιψευσάμενος
1635 4026 1711 4097 τῷ
1736 4028 1849 4080 6V6-

352 4172 464 4249 (16)
493 4174 666 4227 Δοκεῖ
687 4192 805 4249 σοι.
839 4175 1175 4245 Nicephorus
1216 4180 1266 4231 in
1318 4179 1410 4232 lib.
1463 4197 1536 4243 tv,
1583 4196 1702 4249 cap.
1751 4182 1843 4240 96.

281 4243 605 4317 negativanr
640 4247 788 4298 addit
833 4243 1173 4316 particulam,
1236 4249 1297 4301 οὐ
1354 4250 1502 4304 δοκεῖ
1554 4243 1664 4313 σοι,
1710 4262 1841 4317 etc.;

282 4325 443 4434 atpue
470 4315 545 4367 ita
579 4314 811 4369 Saviltus
836 4314 917 4370 ad
948 4320 1242 4386 marginem
1296 4322 1376 4373 sui
1417 4323 1536 4375 libri
1590 4314 1847 4378 emenda-

282 4399 329 4434 v:
363 4422 378 4434 .

280 4399 378 4436 νιι.

350 4452 461 4525 (l7)
494 4454 610 4521 Τὴν
633 4456 985 4522 ἀξιόπιστον
1014 4460 1391 4525 πλεονεξίαν.
1429 4460 1698 4516 Μιιεοιιιιιε
1728 4477 1847 4515 ver-

1956 1931 2090 1986 quos
2112 1914 2185 1968 illi
2218 1924 2473 1984 tanquam
2508 1921 2772 1983 martyres
2810 1920 3159 1979 venerantur,
3195 1913 3267 1965 ita
3287 1912 3475 1966 scribit
3507 1932 3522 1966 :

1959 2027 1979 2062 ι
2015 2006 2121 2063 Sed
2156 2022 2223 2061 ne
2261 2007 2326 2060 de
2368 2005 2612 2074 pluribus
2662 2004 2968 2074 loquamur,
3014 2004 3338 2074 respondeat
3372 2003 3527 2060 nobis

1954 2098 2294 2171 prophetissa
2333 2097 2399 2152 de
2427 2096 2733 2151 Alexandro
2774 2096 2864 2165 qui
2900 2111 2959 2150 se
2995 2107 3292 2167 martyrem
3326 2097 3524 2166 praedi-

1953 2202 2076 2249 cet:
2110 2208 2339 2264 quocum
2381 2192 2499 2261 ipsa
2536 2191 2887 2258 convivatur;
2921 2192 3011 2261 qni
3062 2193 3319 2246 aduratur
3361 2192 3522 2246 etiam

1953 2285 2070 2355 ipse
2095 2299 2124 2338 a
2161 2283 2363 2337 multis.
2400 2281 2568 2352 Cujus
2598 2280 2885 2335 latrocinia
2933 2290 2987 2337 et
3025 2281 3232 2350 reliqua
3280 2281 3523 2336 facinora

1950 2391 2050 2447 pro
2082 2375 2281 2446 quibus
2308 2389 2503 2441 poenas
2538 2374 2706 2437 dedit,
2738 2373 2870 2427 nihil
2902 2389 3038 2443 opus
3076 2384 3159 2428 est
3194 2390 3294 2429 nos
3324 2375 3523 2443 dicere,

1954 2468 2251 2536 praesertim
2285 2481 2407 2521 cum
2437 2462 2491 2517 in
2517 2465 2784 2520 tabulario
2811 2467 3225 2520 contineantur.
3267 2466 3397 2522 Uter
3419 2468 3521 2537 igi-

1954 2567 2039 2613 tur
2068 2558 2281 2612 illorum
2324 2558 2479 2613 alteri
2524 2567 2741 2628 peccata
2774 2560 3086 2613 condonat?
3122 2559 3201 2611 An
3235 2559 3524 2629 prophetes

1951 2650 2173 2722 martyri
2199 2650 2518 2705 latrocinia!
2558 2665 2623 2703 an
2657 2664 2865 2720 martyr
2906 2651 3184 2719 prOpIiet:e
3213 2650 3525 2707 avaritiam?

1950 2742 2083 2797 Cum
2136 2744 2282 2798 enim
2326 2742 2585 2797 Dominus
2628 2744 2989 2812 prmceperit:
3029 2741 3202 2795 Nolite
3252 2741 3527 2808 possidere

1951 2847 2139 2887 aurum
2175 2848 2351 2901 neque
2386 2842 2712 2903 argentum,
2761 2847 2935 2901 neque
2978 2833 3112 2885 duas
3141 2832 3386 2896 llllllCnS;
3435 2833 3524 2886 iSti

1950 2934 2137 2979 contra
2164 2924 2215 2978 in
2242 2939 2419 2977 rerum
2442 2925 2726 2976 vetitarum
2771 2922 3108 2991 possessione
3134 2923 3372 2990 graviter
3395 2922 3527 2975 deli-

1949 3025 2205 3085 querunt.
2234 3014 2337 3081 Qui
2370 3015 2513 3068 enim
2559 3014 2628 3068 ab
2672 3013 2802 3083 ipsis
2826 3013 3103 3081 propincus
3153 3020 3208 3066 et
3252 3021 3523 3079 martyres

1953 3108 2227 3172 dicuntur,
2261 3122 2355 3162 eos
2390 3122 2494 3161 non
2523 3108 2697 3160 solum
2752 3120 2780 3157 a
2828 3104 3108 3167 divitibus,
3161 3104 3252 3159 sed
3297 3108 3457 3159 ctiam
3491 3120 3522 3158 a

1952 3199 2235 3266 mendicis,
2304 3197 2519 3267 pupillis
2583 3208 2636 3251 et
2691 3196 2866 3250 viduis
2916 3196 3175 3266 pecunias
3235 3210 3522 3265 corrogare

1951 3291 2467 3347 demonstrabimus.
2523 3290 2677 3357 Quod
2714 3292 2757 3345 si
2788 3292 2890 3344 liae
2923 3291 2976 3343 in
3035 3298 3188 3357 parte
3244 3288 3523 3342 conﬁdunt

1950 3385 2275 3440 innocentia:
2313 3399 2424 3439 sua:
2461 3424 2475 3449 ,
2521 3386 2714 3439 sistant
2748 3398 2839 3444 se,
2894 3393 2945 3438 et
2991 3385 3055 3436 de
3110 3384 3193 3436 his
3245 3382 3522 3436 nobiscum

1951 3478 2275 3546 disceptent,
2321 3486 2379 3531 ut
2441 3478 2709 3547 siquidem
2770 3476 3003 3531 convicti
3056 3476 3273 3536 fuerint,
3334 3474 3522 3527 saltem

1952 3568 2003 3622 in
2030 3568 2304 3638 pOSteruin
2336 3569 2650 3639 delinquere
2683 3570 2950 3624 desinant.
2999 3571 3167 3622 Actus
3196 3568 3338 3621 enim
3395 3583 3522 3636 pro—

1954 3663 2133 3730 pheta:
2166 3673 2422 3732 tanquam
2444 3662 2653 3717 fructus
2680 3662 3029 3715 examinandi
3055 3670 3179 3714 sunt
3208 3679 3220 3713 :
3249 3677 3309 3713 ex
3334 3659 3526 3714 fructi:

1952 3754 2054 3808 bus
2083 3755 2279 3823 quippe
2313 3753 2477 3807 arbor
2502 3756 2868 3822 cognoscitur.
2922 3752 3074 3819 Quod
3121 3768 3251 3827 vero,
3295 3754 3362 3805 ad
3394 3752 3521 3806 Ale-

1955 3848 2218 3899 xandrum
2250 3848 2503 3916 pertinet,
2539 3859 2596 3899 ut
2621 3848 2820 3901 veritas
2845 3849 3097 3901 omnibus
3121 3861 3278 3899 nosse
3298 3847 3525 3916 cupien-

1957 3937 2100 3990 tibus
2131 3939 2459 3999 innmescat,
2500 3936 2773 4004 judicatus
2814 3946 2899 3991 est
2940 3936 3136 4005 Ephesi
3177 3936 3245 3989 ab
3302 3934 3523 3991 JEmilio

1954 4027 2236 4093 Frontino,
2262 4028 2405 4083 Asiae
2432 4027 2775 4098 proconsule,
2830 4041 2936 4082 non
2972 4028 3041 4081 ob
3073 4042 3267 4081 nomen
3296 4026 3519 4091 Christi,

1953 4181 2185 4237 beudum
2211 4182 2421 4235 videtur
2444 4184 2535 4236 καὶ
2559 4182 2759 4247 αὐτῶν,
2796 4183 2846 4235 id
2883 4193 2964 4237 est
3013 4183 3482 4237 Montanis-tarum.

2024 4252 2135 4322 ('20)
2180 4253 2613 4322 Ὀπισθόδομος.
2661 4255 2885 4307 Athenis
2923 4255 3205 4307 dicebatur
3246 4254 3523 4308 ὀπισθόδο-

1956 4340 2056 4394 μος
2094 4328 2234 4377 :edes
2258 4329 2499 4393 quantam
2536 4336 2659 4393 post
2686 4325 2939 4392 templum
2976 4324 3223 4377 lilinervai
3264 4325 3517 4394 l’oliadis_,

1957 4390 2007 4446 in
2036 4410 2138 4461 qua
2167 4390 2403 4460 pecunise
2438 4390 2665 4457 publicai
2702 4390 3155 4459 recoudeliautur,
3185 4406 3240 4447 ut
3289 4410 3352 4449 ex
3421 4390 3523 4449 De;

1957 4466 2235 4516 mosthene
2280 4466 2434 4516 dot-ct
2479 4465 2889 4533 llarpocration.
2920 4466 3023 4518 Sed
3073 4477 3123 4518 et
3171 4466 3220 4517 in
3271 4465 3520 4520 omnibus

286 4512 939 4581 tit‘indubi‘tata'nvaritia
973 4512 1351 4604 circuntdalus.
1879 4512 1923 4566 Β

282 4608 383 4647 nus
413 4609 543 4649 vero
586 4604 722 4650 totus
773 4614 945 4651 revera
983 4600 1222 4652 avaritia:
1260 4603 1503 4655 sordibus
1558 4604 1840 4657 involutus.

282 4662 497 4731 Langus
520 4676 697 4719 autem
724 4668 1106 4737 interpretatus
1132 4679 1239 4733 est,
1291 4672 1622 4735 inexplebilis
1674 4674 1845 4725 avari-

282 4737 369 4811 tia:
396 4738 637 4811 sordibus
678 4737 968 4799 obvolutus,
1000 4741 1150 4806 quasi
1205 4739 1479 4811 ἄπληστον
1536 4739 1846 4806 πλεονεξίαν

284 4804 570 4879 legeretur.
598 4808 705 4876 Ego
728 4823 855 4879 vero
882 4825 985 4861 non
1019 4804 1210 4863 dubito
1270 4804 1399 4879 quin
1434 4812 1519 4866 hic
1579 4804 1845 4866 locus'ita

286 4874 664 4949 intelligendus
696 4878 764 4931 sit
800 4888 858 4931 ut
891 4880 1057 4949 verti,
1092 4881 1234 4949 quod
1277 4874 1411 4936 satis
1453 4883 1694 4938 declarat
1743 4898 1843 4936 vox

283 4945 688 5018 ἠμφιεσμένος,
709 4963 812 5018 qua
841 4945 1183 5002 velamentum
1210 4960 1262 5004 et
1304 4951 1571 5006 simulatio
1603 4953 1846 5018 designa-

286 5025 388 5093 tur.
414 5017 622 5071 Etenim
648 5017 999 5093 Montanistze
1018 5020 1092 5093 illi
1116 5022 1408 5093 avaritiam
1441 5037 1592 5076 suam
1626 5017 1843 5093 religio-

285 5085 367 5158 nis
390 5096 648 5151 pra-textu
679 5099 733 5142 et
764 5091 1008 5157 specioso
1040 5089 1370 5145 oblationum
1403 5092 1665 5158 vocabulo
1689 5085 1847 5147 obve-

287 5152 485 5215 labant.
512 5167 569 5234 u_t
594 5152 953 5234 supra_'dittit
988 5160 1300 5234 Apollonius
1334 5177 1348 5214 :
1390 5163 1447 5215 Ὀ
1485 5162 1571 5215 ἐπ’
1624 5152 1844 5234 ὀνόματι

283 5228 605 5301 προσφορῶν
632 5227 966 5300 δωροληψίαν
995 5227 1441 5301 ἐπιτεχνώμενος.

352 5298 464 5368 (l8)
492 5298 605 5373 Τῆς
631 5298 1046 5373 ὁμολογίας-,τὸ
1074 5298 1347 5373 σημεῖον.
1400 5304 1848 5373 Christophorso-

285 5380 379 5443 t_t_us
413 5370 628 5443 quidem
686 5376 903 5423 crt‘tcem
952 5371 1180 5443 intelligi
1237 5374 1464 5441 putavit,
1507 5390 1571 5429 eo
1608 5370 1749 5443 quod
1791 5377 1842 5428 in

285 5434 571 5512 Evangelio
600 5454 733 5512 crux
759 5441 961 5512 portari
990 5434 1301 5510 frequ'ent'er
1329 5434 1547 5500 dicitur.
1585 5434 1692 5499 sed
1718 5460 1847 5512 pro-

285 5506 365 5583 c_._ul
394 5509 553 5583 dubio
612 5506 833 5583 vincula
877 5510 991 5583 ipsa
1048 5506 1300 5580 intelligit
1345 5513 1681 5581 Apollonius,
1719 5506 1846 5583 qua:

283 5572 583 5653 Themison
628 5593 725 5653 pro
764 5572 993 5653 Christo
1050 5572 1271 5653 portante
1321 5572 1846 5653 nequiverat.'Quod

283 5647 425 5700 enim
454 5647 1064 5726 confessionissignutm
1082 5650 1169 5705 hic
1190 5663 1358 5726 vocat
1389 5647 1735 5726 Apollonius,
1763 5669 1848 5711 se-

284 5728 478 5781 quente
509 5718 648 5774 linea
684 5718 1014 5774 nominandi
1035 5720 1228 5845 δεσμά.

350 5784 462 5845 (19)
494 5782 567 5845 ⁷0
592 5791 1006 5845 προσκυνοῦσι
1053 5808 1127 5845 κα
1200 5809 1228 5845 a

350 5784 462 5858 (l9)
494 5782 567 5861 τῇ
592 5791 1006 5858 προσκυνοῦσι
1053 5782 1150 5846 καί
1200 5792 1359 5859 αὐτῷ
1385 5795 1624 5859 πολλοί.
1692 5794 1845 5851 Scri-

1950 4602 2184 4656 Latina:
2216 4604 2342 4656 Ideo
2366 4604 2417 4656 in
2450 4602 2645 4657 natibus
2674 4605 2839 4656 sacris
2874 4616 2994 4658 ante
3016 4606 3220 4669 cellarii,
3251 4608 3337 4658 ubi
3371 4610 3517 4658 sedes

1948 4674 2030 4725 dei
2074 4684 2169 4737 est,
2207 4674 2377 4727 (ἐνωεὶ
2406 4674 2913 4744 ιΙὶειιηιίπρόδομον.
2941 4676 3077 4741 quod
3111 4685 3257 4741 post,
3296 4675 3515 4729 ὀπισθό-

1947 4744 2130 4813 δομον.
2165 4745 2359 4797 Eadem
2396 4744 2558 4795 habet
2599 4743 2782 4798 Pollux
2814 4747 2863 4797 in
2896 4744 2987 4797 lib.
3020 4761 3056 4797 ι.
3098 4745 3193 4797 llic
3240 4761 3366 4799 vero
3395 4748 3515 4799 ὀπι-

1951 4813 2206 4884 σθόδομος
2229 4828 2325 4885 pro
2359 4814 2621 4867 tabulario
2647 4816 2879 4868 sumitur
2909 4830 3002 4867 seu
3043 4831 3138 4882 pro
3169 4815 3283 4869 loco
3320 4818 3371 4868 in
3409 4832 3515 4885 quo

1952 4887 2152 4939 labulw
2184 4884 2408 4953 publica:
2436 4885 2854 4938 asservabantur
2875 4926 2889 4947 ,
2922 4902 3025 4937 non
3078 4903 3172 4951 pro
3207 4884 3433 4948 (ei-ario,
3461 4895 3518 4939 ut

1948 4956 2182 5030 sumitur
2205 4955 2757 5030 apudAtheuienses.
2798 4956 2937 5008 lnl'ra
2989 4955 3244 5025 δημόσιον
3300 4958 3516 5030 ἀρχεῖον

1946 5034 2104 5079 vocat
2123 5025 2451 5092 Apollonius.

2020 5096 2129 5165 (2|)
2163 5092 2648 5162 Διορισάσθωσαν
2667 5096 2763 5149 ἐπὶ
2791 5098 3040 5162 τούτοις.
3070 5095 3340 5150 Musculus
3391 5111 3515 5151 ver-

1950 5165 2035 5235 tit.‘
2060 5176 2105 5235 et
2129 5182 2283 5232 super
2308 5181 2369 5235 ea
2412 5167 2679 5218 nobiscum
2706 5169 3014 5235 disceptent,
3052 5184 3113 5220 ea
3138 5169 3246 5235 lege
3269 5180 3345 5233 ut,
3371 5178 3476 5220 etc.

2019 5232 2132 5305 (2‘2)
2166 5237 2269 5288 Ὢν
2321 5234 2438 5303 ἤδη
2480 5232 2854 5304 παραϐάτης(
2889 5237 3042 5291 llunc
3103 5232 3273 5291 locum
3315 5232 3516 5306 Optime

1948 5305 2176 5376 Rutilius
2208 5310 2455 5373 exposuit
2502 5309 2603 5361 hoc
2644 5311 2841 5361 modo:
2897 5306 3182 5360 Judicalus
3240 5318 3314 5360 est
3356 5305 3516 5376 apud

1947 5374 2231 5429 IEmilium
2263 5377 2576 5429 Frontinum
2611 5378 2972 5441 proconsulem
2998 5376 3212 5439 Ephesi,
3269 5394 3372 5430 non
3395 5374 3518 5443 pro-

1945 5455 2062 5516 pter
2092 5462 2275 5516 nomen
2306 5443 2524 5511 Christi,
2555 5450 2643 5499 sed
2661 5457 2885 5516 propter
2928 5452 3169 5516 quantum
3207 5444 3513 5501 latrocinia.

1949 5513 2091 5567 Nam
2125 5532 2155 5566 a
2184 5514 2380 5568 Christi
2415 5518 2623 5569 nomine
2639 5514 2754 5583 jam
2786 5513 3025 5584 apostatn
3061 5518 3354 5570 exstiterat.
3408 5516 3515 5570 Sed

1945 5587 2173 5653 posthazc
2209 5598 2261 5636 ut
2284 5586 2461 5651 ﬁdeles
2492 5589 2708 5654 quidam
2735 5586 2945 5654 fratres,
2981 5588 3070 5656 qui
3093 5602 3184 5656 per
3228 5586 3359 5637 illud
3387 5596 3519 5639 tent-

1947 5671 2044 5724 pus
2075 5655 2214 5720 apud
2235 5656 2470 5722 judicem
2498 5658 2698 5725 aliquid
2721 5668 2981 5723 poterant,
3021 5673 3117 5723 pro
3141 5655 3254 5721 ipso
3282 5656 3513 5709 interce-

1947 5725 2159 5791 derent,
2188 5725 2453 5781 simulavit
2474 5743 2528 5779 se
2549 5735 2758 5793 promer
2788 5743 2973 5779 nomen
3012 5726 3221 5778 nornini
3242 5725 3513 5793 laborare.

1948 5804 1996 5848 et
2028 5811 2120 5864 per
2161 5797 2257 5849 hoc
2302 5791 2605 5851 dimittitur.
2646 5791 2735 5852 'At
2779 5791 3255 5866 Christophorsoni
3317 5797 3509 5863 versio,
