4112 6428
639 312 753 370 4Ἱ9

1346 310 1617 369 EUSEBII
1657 308 2141 368 CESARIENSIS
2181 307 2330 366 ΟΡΡ.
2372 309 2555 367 PARS
2593 310 2635 365 1.
2673 340 2742 351 --
2778 309 3170 369 HISTORICA.

3845 308 3939 362 £88

633 429 728 484 sed
759 428 826 481 ob
858 439 920 480 ea
953 438 1071 493 quae
1108 431 1521 495 perpetraverat
1573 425 1882 490 latrocinia,
1927 440 2051 481 eum
2095 424 2202 493 jam

2316 442 2445 493 ματι
2491 425 2585 478 τοῦ
2622 425 2861 498 Κυρίου,
2913 426 3238 482 ἀπολελυται
3290 427 3613 497 πλανὴσας
3650 426 3790 490 τοὺς
3834 427 3939 481 ἐκεῖ

634 521 883 572 desertor
914 515 1037 572 ﬁdei
1061 526 1225 571 esset.
1268 516 1468 571 Deinde
1506 533 1657 582 vero,
1687 518 1983 573 ementitus
2009 532 2200 572 nomen

633 609 858 671 Christi,
893 608 1151 665 dimissus
1182 618 1291 674 est,
1327 626 1448 665 cum
1484 611 1633 665 urbis
1666 611 1811 665 illius
1835 610 2019 665 ﬁdeles
2053 608 2206 665 fefel-

633 701 805 756 lisset.
844 701 1082 756 Ecclesia
1131 715 1264 755 vero
1288 701 1404 768 ejus
1434 702 1534 757 loci
1566 704 1709 771 unde
1756 710 1878 758 erat
1919 702 2202 771 oriundus,

633 794 809 862 ipsum
848 809 951 848 non
986 793 1230 863 recepit,
1273 807 1338 847 eo
1383 794 1524 863 quod
1563 795 1850 849 latrocinia
1898 807 2202 851 exerceret.

635 886 692 939 Si
726 884 818 953 qui
853 898 981 937 vero
1014 894 1183 938 totum
1212 884 1356 940 illius
1386 885 1661 956 negotium
1698 886 1839 940 scire
1867 886 2205 954 desiderant,

633 985 833 1046 praesto
883 985 964 1030 est
1000 976 1271 1045 publicum
1318 976 1459 1031 Asia:
1513 977 1862 1032 tabularium.
1921 979 1987 1034 Et
2027 987 2204 1035 tamen

632 1069 898 1137 propheta
928 1067 1076 1122 illum
1120 1070 1373 1138 ignorare
1419 1084 1477 1124 se
1519 1068 1690 1140 ﬁngit,
1741 1086 1972 1139 quocum
2027 1073 2207 1142 plures

632 1174 809 1213 annos
830 1158 988 1212 simul
1015 1159 1166 1213 vixit.
1201 1158 1351 1213 Hunc
1382 1176 1479 1215 nos
1501 1164 1896 1229 convincendo,
1916 1180 2011 1233 per
2029 1164 2203 1233 ipsum

632 1241 794 1305 etiam
848 1251 1130 1320 propheta:
1171 1251 1549 1306 convincimus
1597 1253 1912 1308 falsitatem.
1958 1252 2103 1309 Idem
2153 1255 2204 1308 in

631 1345 752 1399 aliis
778 1343 1146 1415 compluribus
1180 1359 1464 1412 possumus
1498 1346 1801 1401 ostendere.
1835 1346 1986 1414 Quod
2048 1347 2209 1419 186

630 1438 676 1492 si
701 1437 952 1493 ﬁduciam
978 1438 1060 1492 sui
1099 1438 1342 1503 habent,
1383 1439 1614 1492 subeant
1642 1453 1892 1495 examen.
1920 1458 1940 1493 ι
2001 1438 2207 1494 Rursus

633 1532 687 1587 in
715 1530 826 1586 alio
854 1531 1098 1602 ejusdem
1129 1532 1311 1600 operis
1340 1532 1481 1597 loco,
1510 1532 1575 1587 de
1612 1533 1888 1603 prophetis
1930 1547 2064 1601 quos
2088 1543 2207 1587 tan-

632 1632 816 1693 topere
839 1622 1065 1692 jactant,
1101 1622 1215 1678 haec
1241 1621 1517 1694 subjuugit
1548 1642 1560 1676 :
1592 1642 1610 1674 ι
1637 1622 1692 1678 Si
1743 1633 1937 1694 negant
1968 1625 2204 1694 prophe-

632 1725 714 1770 tas
742 1729 868 1770 suos
897 1730 1121 1771 munera
1173 1716 1481 1784 accepisse,
1528 1716 1631 1770 hoc
1695 1716 1859 1787 igitur
1905 1716 2202 1783 fateantur,

2304 514 2549 578 πιστούς.
2581 516 2691 568 Καὶ
2730 517 2762 586 ἡ
2800 516 2903 569 ἰδία
2950 519 3206 588 παροικία
3249 520 3423 573 αὑτὸν
3449 560 3466 584 ,
3518 519 3663 571 ὅθεν
3720 514 3939 590 ἦν,οὐκ

2304 606 2541 672 ἐδέξατο,
2570 607 2659 661 διὰ
2685 608 2747 661 τὸ
2775 603 2914 661 εἶναι
2948 610 3109 663 αὐτὸν
3146 611 3380 683 λῃστήν
3437 610 3550 665 καὶ
3584 612 3641 663 οἱ
3693 609 3942 678 θέλοντες

2307 698 2497 769 μαθεῖν
2528 701 2595 753 τὰ
2625 703 2745 755 κατ’
2775 703 2934 756 αὐτὸν
2953 744 2967 768 ,
3013 704 3194 775 ἔχουσι
3224 707 3283 759 τὸ
3330 706 3445 777 τῆς
3500 705 3716 767 Ἀσίας
3772 706 3946 775 δημό-

2305 807 2417 844 σιον
2449 792 2663 864 ἀρχεῖον
2683 809 2697 823 '
2727 793 2785 846 ὃν
2806 796 2835 847 ὁ
2867 798 3151 869 προφήτης
3189 799 3421 852 συνόντα
3457 796 3711 859 πολλοῖς
3742 796 3942 865 ἔτεσιν,

2305 882 2507 952 ἀγνοεῖ.
2538 884 2736 938 Τοῦτον
2776 886 3087 958 ἐλέγχοντες
3128 891 3288 962 ἡμεῖς
3312 932 3326 955 ,
3353 892 3426 945 δι’
3466 889 3664 944 αὑτοῦ
3711 892 3812 943 καὶ
3847 892 3939 963 τήν

2306 972 2598 1027 ὑπόστασιν
2627 974 2978 1047 ἐξελέγχομεν
3005 976 3098 1031 τοῦ
3140 981 3451 1051 προφήτου.
3492 980 3579 1031 Τὸ
3612 981 3817 1049 ὅμοιον
3850 981 3938 1031 ἐπὶ

2305 1065 2509 1119 πολλῶν
2542 1067 2813 1139 δυνάμεθα
2847 1070 3142 1135 ἀποδεῖξαι.
3172 1073 3280 1126 Καὶ
3319 1076 3366 1126 εξ
3396 1072 3743 1145 θαρροῦσιν
3763 1114 3779 1135 ,
3812 1074 3939 1126 ὐπο-

2308 1160 2648 1229 μεινάτωσαν
2679 1161 2769 1215 τὸν
2800 1162 3036 1233 ἔλεγχον.
3072 1184 3090 1214 ι
3137 1165 3300 1218 Πάλιν
3331 1184 3388 1218 τε
3424 1162 3506 1219 αὖ
3544 1168 3612 1218 ὲν
3646 1165 3834 1235 ἑτέρῳ
3863 1165 3941 1217 τό·

2305 1265 2390 1319 πῳ
2422 1248 2513 1302 τοῦ
2550 1253 3002 1325 συγγράμματος,
3041 1257 3166 1327 περί
3198 1250 3273 1309 ὧν
3313 1257 3564 1327 αὐχοῦσι
3595 1255 3932 1326 προφητῶν,

2305 1341 2543 1410 ἐπιλέγει
2570 1344 2742 1398 ταῦτα
2764 1362 2777 1375 ο
2814 1366 2833 1397 ι
2882 1347 3005 1400 Ἐάν
3029 1348 3297 1419 ἀρνῶνται
3327 1349 3487 1421 δῶρα
3532 1351 3680 1412 τοὺς
3716 1349 3936 1417 προφή-

2304 1450 2402 1497 τας
2445 1434 2624 1489 αὐτῶν
2673 1438 2988 1510 εἰληφέναι,
3033 1440 3189 1493 τοῦτο
3231 1440 3809 1513 ὁμολογησάτωσαν,
3853 1441 3930 1493 ὅτι

2304 1524 2398 1577 ἐάν
2430 1525 2753 1597 ἐλεγχθῶσιν
2788 1530 3067 1601 εἰληφότες
3089 1571 3106 1597 ,
3146 1532 3245 1584 οὐκ
3278 1530 3386 1583 εἰσὶ
3428 1528 3775 1601 προφῆται.
3824 1529 3931 1582 Καὶ

2307 1617 2506 1688 μυρίας
2557 1619 2856 1685 ἀποδείξεις
2924 1622 3127 1676 τούτων
3188 1623 3676 1694 παραστήσομεν.
3732 1622 3927 1690 Ἀναγ-

2308 1708 2458 1759 καῖον
2481 1707 2537 1760 δέ
2565 1711 2679 1761 ἐστι
2713 1709 2921 1774 πάντας
2948 1712 3191 1783 καρποὺς
3228 1710 3653 1781 δοκιμάζεσθαι
3699 1711 3893 1780 προφή
3920 1740 3923 1743 -

632 1820 741 1861 non
764 1820 884 1860 esse
908 1805 1033 1859 illos
1066 1806 1383 1874 prophetas,
1424 1806 1467 1859 si
1498 1820 1721 1860 munera
1761 1804 2040 1875 accepisse
2070 1820 2201 1861 con-

2306 1814 2419 1851 του.
2447 1800 2756 1873 Προφήτης,
2784 1803 2904 1855 εἰπέ
2935 1820 3057 1874 μοι,
3106 1803 3363 1873 βάπτεται
3406 1802 3529 1872 (⁸25)
3556 1818 3573 1865 ;
3620 1805 3926 1873 προφήτης

634 1894 762 1949 victi
794 1895 922 1949 sint.
951 1894 1030 1949 Ac
1071 1902 1185 1948 tum
1236 1894 1453 1949 demum
1485 1904 1738 1949 sexcenta
1773 1892 1890 1963 ejus
1922 1896 1999 1949 rei
2033 1894 2199 1950 docu-

634 1996 813 2043 menta
849 2003 915 2041 ac
952 1987 1259 2042 testimonia
1292 1986 1647 2058 proferemus.
1672 1986 1905 2044 Necesse
1930 2004 2094 2059 porro
2121 1999 2205 2045 est

634 2089 693 2133 ιιι
723 2094 913 2133 omnes
942 2085 1222 2149 pr0pheta2
1250 2081 1463 2135 fructus
1499 2092 1662 2146 atque
1695 2092 1848 2135 actus
1880 2082 2198 2150 probentur.

634 2169 730 2222 Dic
761 2170 916 2233 mihi,
953 2171 1178 2241 tingitne
1210 2172 1435 2240 capillos
1464 2172 1769 2242 propheta?
1792 2188 1860 2225 an
1897 2172 2058 2228 stibio
2081 2187 2205 2227 ocu-

631 2259 885 2314 losliuit?
908 2276 973 2313 an
1007 2262 1185 2315 studet
1210 2262 1432 2316 ornari?
1490 2262 1830 2333 Prophetane
1859 2264 2035 2317 tabula
2070 2262 2204 2318 ludit

628 2360 686 2403 et
751 2352 1011 2408 tesseris?
1065 2368 1131 2407 an
1182 2355 1465 2425 pecuniam
1522 2354 1664 2410 locat
1709 2354 1923 2410 fenori?
1975 2356 2204 2425 ingenue

636 2444 910 2499 fateantur
960 2461 1024 2500 ac
1059 2448 1421 2516 respondeant
1454 2455 1634 2500 utrum
1665 2447 1780 2501 hznc
1828 2462 1987 2517 agere
2020 2448 2199 2512 liceat,

632 2550 700 2589 an
731 2551 910 2591 secus.
948 2536 1062 2606 Ego
1100 2552 1229 2591 vero
1261 2538 1375 2592 hinc
1411 2536 1550 2607 apud
1598 2537 1741 2605 ipsos
1772 2547 1890 2591 acta
1917 2552 2037 2593 esse
2071 2554 2201 2593 cou-

634 2627 869 2682 vincam.
894 2646 912 2680 ι
951 2628 1219 2683 Cmterum
1261 2630 1350 2684 hic
1390 2631 1502 2699 ipse
1540 2630 1859 2700 Apollonius
1910 2631 1961 2685 in
2014 2631 2199 2685 eodem

634 2718 772 2774 libro
800 2728 1045 2787 testatur,
1073 2728 1201 2775 tunc
1225 2736 1345 2775 cum
1382 2721 1495 2775 lnec
1528 2724 1813 2786 scriberet,
1839 2738 2037 2775 annum
2071 2738 2202 2793 qna-

633 2811 1000 2882 dragesimum
1050 2812 1217 2867 fuisse
1255 2830 1322 2868 ex
1355 2830 1463 2884 quo
1505 2814 1791 2869 Montanus
1836 2814 2197 2881 adulterinain

634 2901 783 2956 illam
815 2905 1154 2972 prophetiam
1184 2916 1521 2960 commentus
1542 2906 1738 2962 fuerat.
1775 2908 1938 2962 Addit
1967 2918 2200 2977 prmter~

637 3010 701 3049 ea
737 2995 983 3050 Zoticutn
1043 2996 1214 3062 illum,
1264 2996 1417 3066 cujus
1462 3014 1490 3050 a
1534 2998 1715 3067 priore
1762 3000 2026 3068 scriptore
2062 2999 2200 3054 facta

635 3097 719 3141 est
742 3090 966 3153 mentio,
996 3104 1115 3143 cum
1143 3087 1252 3157 jam
1278 3088 1566 3145 Maximilla
1602 3092 1830 3161 Pepuzis
1872 3107 1932 3148 se
1963 3094 2201 3163 prophe-

2310 1895 2606 1960 πιὸίζεται
2632 1912 2645 1958 ;
2678 1899 2959 1968 προφήτης
2980 1895 3324 1967 φιλοκοσμεῖ;
3352 1895 3669 1965 προφήτης
3686 1892 3922 1955 τάὸλαις

2309 1990 2401 2042 καὶ
2428 1989 2612 2053 κύϐοις
2645 1990 2862 2056 παίζεις
2906 1991 3187 2061 προφήτης
3219 1988 3450 2052 δανείζει
3478 2004 3495 2054 ;
3541 1986 3751 2040 Ταῦτα
3787 1987 3921 2056 ὀμο-

2309 2081 2696 2153 λογησάτωσαν
2729 2082 2954 2153 πότερον
2995 2082 3198 2149 ἔξεστιν
3230 2082 3263 2153 ἦ
3300 2081 3373 2152 μὴ
3395 2120 3409 2143 ,
3442 2078 3569 2148 ἐγὼ
3616 2078 3679 2131 δὲ
3710 2077 3798 2130 ὅτι
3830 2076 3920 2145 γέ-

2308 2190 2431 2241 γονε
2464 2176 2589 2244 παρ’
2620 2175 2829 2238 αὐτοῖς,
2858 2173 3034 2238 δείξω.
3078 2194 3095 2225 ι
3146 2175 3203 2227 '0
3228 2173 3270 2226 δ’
3302 2172 3462 2235 αὐτὸς
3490 2163 3673 2232 οὗτος
3716 2166 3915 2221 Ἀπολ-

2308 2260 2495 2324 λώνιος
2542 2262 2681 2316 κατὰ
2726 2261 2786 2314 τὸ
2826 2262 2956 2316 αὐτὸ
2996 2263 3327 2334 σύγγραμμα
3369 2263 3625 2335 ἱστορεῖ,
3677 2259 3761 2321 ὡς
3803 2257 3911 2331 ἄρα

2308 2352 2737 2424 τεσσαρακοστὸν
2761 2354 3051 2424 ἐτύγχανεν
3074 2354 3189 2417 ἔτος
3215 2354 3323 2424 (24)
3352 2354 3445 2407 ἐπὶ
3467 2354 3580 2424 τὴν
3620 2351 3723 2405 τοῦ
3778 2368 3908 2417 συγ·-

2308 2444 2634 2515 γράμματος
2666 2445 2828 2498 αὐτοῦ
2860 2447 3094 2516 γραφὴν,
3130 2446 3188 2511 ἐξ
3215 2442 3274 2501 οὗ
3298 2450 3363 2518 τῇ
3400 2449 3781 2518 προσποιήτῳ
3811 2445 3903 2497 αὐ-

2306 2534 2398 2587 τοῦ
2423 2535 2722 2605 προφητείᾳ
2759 2537 2785 2587 ὁ
2827 2536 3097 2597 Μοντανὸς
3133 2536 3535 2609 ἐπικεχείρηκε.
3587 2537 3708 2588 Καὶ
3743 2536 3901 2587 πάλιν

2308 2628 2492 2698 φησὶν,
2528 2627 2603 2690 ὡς
2630 2628 2737 2697 ἄρα
2761 2628 2995 2690 Ζωτικὸς
3025 2621 3084 2681 οὗ
3130 2630 3220 2681 καὶ
3268 2631 3297 2682 ό
3340 2630 3619 2702 πρότερος
3652 2643 3896 2696 συγγρα-

2309 2722 2443 2790 φεὺς
2481 2720 2909 2790 ἐμνημόνευσεν,
2951 2723 3007 2773 ὲν
3033 2721 3328 2795 Πεπούςοις
3378 2722 3766 2795 προφητεύειν
3799 2723 3895 2793 ήδη

2308 2813 2776 2884 προσποιουμένης
2800 2814 2913 2883 (23)
2962 2814 3057 2884 τῆς
3113 2813 3455 2885 Μαξιμίλλης
3494 2814 3777 2876 ἐπιστὰς,
3821 2812 3893 2865 δι·

2309 2904 2521 2972 ελέγξαι
2547 2904 2607 2957 τὸ
2632 2904 2884 2976 ἐνεργοῦν
2898 2907 2952 2957 ἐν
2966 2906 3099 2977 αὐτῇ
3128 2908 3340 2976 πνεῦμα
3364 2906 3734 2977 πεπείραται,
3762 2906 3898 2957 ἐκω-

2308 2996 2440 3068 λύθη
2487 3014 2549 3066 γε
2598 2998 2702 3069 μὴν
2744 2999 2846 3051 ὑπὸ
2890 2997 2996 3050 τῶν
3024 2997 3091 3050 τὰ
3129 2999 3341 3069 ὲκείνης
3371 2998 3750 3069 φρονούντων.
3786 2996 3889 3048 Καὶ

2307 3087 2520 3159 Θρασέα
2560 3088 2616 3141 δέ
2644 3105 2786 3151 τινος
2836 3088 2943 3141 τῶν
2998 3089 3118 3141 τότε
3186 3089 3474 3161 μαρτύρων
3525 3086 3887 3159 μνημονεύει.

636 3191 750 3236 tare
781 3180 1083 3249 simularet,
1114 3184 1591 3251 supervenientem
1628 3185 1948 3238 daemonium
1982 3200 2087 3254 quo
2114 3185 2199 3239 illa

2308 3154 2426 3235 ΙἜτι
2455 3182 2510 3234 δὲ
2547 3181 2621 3245 ὼς
2652 3181 2716 3234 ὲκ
2751 3179 3095 3251 παραδόσεως
3132 3154 3221 3234 cev
3264 3154 3492 3252 έωτῆρά
3725 3192 3891 3247 προσ.

631 3272 961 3342 agitabatur,
1008 3288 1304 3343 coarguere
1352 3274 1692 3329 instituisse:
1743 3289 1926 3328 verum
1975 3276 2044 3329 ab
2084 3276 2206 3331 aliis

634 3368 724 3437 qui
758 3368 897 3421 idem
923 3382 1047 3421 cum
1084 3367 1189 3438 illa.
1214 3369 1543 3432 sentiebant,
1587 3383 1708 3423 esse
1742 3366 2063 3422 cohibitum.
2099 3367 2207 3423 Me-

634 3461 793 3516 minit
822 3461 979 3515 etiam
1010 3461 1292 3531 cujusdam
1319 3462 1574 3516 Thrasea:
1598 3462 1689 3530 qui
1721 3461 1866 3515 circa
1900 3461 2016 3515 lucc
2064 3472 2205 3516 tent-

634 3569 767 3622 pora
795 3564 1002 3624 martyr
1032 3554 1154 3607 fuit.
1188 3553 1267 3607 Ad
1296 3554 1410 3607 lucc
1435 3562 1689 3623 tanquam
1719 3569 1784 3607 ex
1813 3563 2058 3609 veterum
2094 3563 2201 3608 tra-

634 3648 835 3701 ditione
864 3647 977 3701 lucc
1019 3646 1208 3711 refert,
1245 3647 1530 3700 Dominum
1571 3646 1831 3714 apostolis
1857 3647 1971 3701 suis
1996 3662 2199 3716 prtece-

638 3738 803 3806 pisse,
829 3752 895 3789 ne
924 3737 1063 3789 intra
1091 3736 1372 3791 duodecim
1405 3750 1577 3791 aiinos
1617 3735 2011 3807 Hierosolymis
2036 3751 2200 3790 exce-

637 3829 852 3884 derent.
893 3828 1075 3884 Utitur
1115 3843 1332 3898 quoque
1385 3830 1710 3885 testimoniis
1749 3845 1817 3883 ex
1839 3827 2063 3884 Joannis
2098 3828 2205 3883 Re-

636 3970 869 4038 primnm
899 3968 951 4020 in
986 3983 1050 4022 eo
1090 3977 1300 4037 peccat,
1338 3969 1481 4039 quod
1524 3968 1848 4039 παραϐάτην
1902 3968 2197 4035 maleﬁcum

635 4042 830 4106 vertit;
865 4040 1059 4093 deinde
1088 4040 1137 4093 in
1184 4056 1249 4094 co
1276 4040 1418 4109 quod
1459 4040 1650 4111 ἐκρίθη
1696 4040 1857 4094 vertit
1885 4040 2200 4092 condemna-

637 4120 720 4163 tus
752 4121 847 4160 est.

709 4180 819 4251 (25)
850 4179 1173 4251 Βάπτεταιε
1193 4179 1550 4251 Hieronymus
1591 4179 1642 4232 in
1670 4179 1919 4251 Cotnlogo
1950 4180 2091 4251 hunc
2122 4178 2197 4251 lo:-

638 4248 759 4303 t‘uui
798 4254 869 4301 ita
910 4252 1108 4302 vertit:
1146 4249 1239 4300 Dic
1280 4248 1429 4313 mihi,
1459 4252 1654 4301 crinem
1710 4249 1855 4316 fucat
1900 4248 2196 4315 propheta?

638 4322 794 4373 stibio
831 4323 1007 4372 oculos
1033 4320 1147 4370 linit
1176 4320 1199 4370 ?
1228 4316 1485 4383 I’mpheta
1521 4319 1742 4371 vestibus
1790 4328 1837 4370 et
1880 4321 2090 4386 gemmis
2117 4335 2196 4371 or-

640 4392 837 4444 natur?
861 4387 1121 4456 Propheta
1150 4389 1325 4441 mbula
1355 4389 1483 4441 ludit
1531 4397 1577 4441 et
1627 4390 1834 4441 tesseris
1863 4392 1887 4444 ?
1932 4387 2193 4455 Prop/tela

645 4461 794 4526 fenus
839 4462 1083 4523 accipit?
1144 4459 1326 4522 Longe
1375 4458 1616 4525 profecto
1684 4457 1983 4526 elegantius
2032 4474 2193 4525 quam

2303 3274 2587 3344 τεταχέναι
2610 3274 2721 3335 τοῖς
2758 3272 2922 3326 αὑτοῦ
2957 3272 3303 3336 ἀποστόλοις,
3352 3273 3444 3325 ἐπὶ
3491 3271 3716 3326 δώδεκα
3747 3269 3883 3321 ἔτεσι

2308 3368 2380 3439 μὴ
2411 3364 2742 3438 χωρισθῆναι
2791 3367 2890 3437 τῆς
2932 3360 3306 3439 Ἰεεωυσαλήμ.
3363 3365 3655 3437 Κέχρηται
3700 3364 3759 3417 δὲ
3798 3363 3885 3415 καί

2308 3460 2631 3532 μαρτυρίαις
2680 3459 2786 3512 ἀπὸ
2833 3460 2932 3530 τῆς
2991 3460 3233 3513 Ἰωάννου
3285 3458 3743 3528 Ἀποκαλὺψεωςο
3792 3454 3880 3508 καὶ

2297 3552 2485 3623 νεκρὸν
2512 3552 2568 3605 δὲ
2595 3551 2819 3622 δυνάμει
2864 3551 2981 3623 θείᾳ⁵
3032 3550 3165 3623 πρὸς
3214 3549 3375 3604 αὐτοῦ
3434 3550 3690 3603 Ἰωάννου
3735 3547 3792 3598 ἐν
3817 3545 3879 3613 τῇ

2313 3644 2520 3715 Ἐφέσῳ
2564 3643 2860 3717 ὲγηγέρθαι
2896 3645 3113 3715 ἱστορεῖ.
3163 3644 3269 3695 Καὶ
3294 3641 3426 3695 ἄλλα
3456 3642 3580 3695 τινά
3606 3657 3781 3711 φησι,
3812 3636 3877 3691 δι’

2300 3732 2375 3791 ὧν
2399 3736 2597 3800 ἱκανῶς
2634 3736 2731 3808 τῆς
2773 3734 3175 3806 προειρημένης
3217 3732 3478 3804 αἱρέσεως
3524 3730 3875 3803 πληρέστατα

2304 3825 2553 3897 διηύθυνε
2581 3824 2676 3896 τὴν
2703 3822 2931 3895 πλάνην.
2969 3822 3152 3876 Ταῦτα
3180 3822 3271 3874 καὶ
3297 3822 3325 3873 ὁ
3357 3819 3737 3883 Ἀπολλώνιος.

2306 3971 2492 4021 tiorcm
2517 3978 2655 4018 esse.
2690 3962 2746 4017 In
2801 3977 2907 4031 quo
2947 3973 3146 4025 tamen,
3208 3976 3326 4015 meo
3376 3958 3591 4031 quidem
3641 3953 3867 4031 judicio,

2306 4037 2462 4103 longe
2490 4034 2658 4107 falsus
2680 4042 2789 4092 est;
2817 4026 3015 4107 etenim
3045 4032 3380 4107 Apollonius,
3415 4026 3866 4107 Moultanoadhue

2311 4096 2600 4174 supverstite
2653 4119 2772 4157 cum
2820 4104 3028 4157 insanis
3081 4096 3191 4156 stris
3245 4100 3457 4174 vatibus
3512 4096 3761 4174 Priscilla
3816 4100 3867 4146 et

2308 4165 2622 4237 Maximilla,
2655 4174 2849 4226 librum
2885 4188 3040 4226 suum
3075 4171 3397 4238 composuit,
3438 4179 3495 4231 ut
3518 4183 3580 4223 ex
3609 4168 3696 4221 his
3723 4165 3867 4232 frag-

2301 4247 2501 4301 mentis
2545 4260 2664 4312 qua:
2710 4242 2916 4312 profert
2962 4242 3220 4296 Eusebius
3266 4240 3520 4312 elicitur,
3547 4239 3709 4312 idque
3763 4249 3863 4312 non

2298 4333 2404 4370 uno
2433 4317 2546 4370 loco
2566 4301 2588 4375 ¹;
2613 4324 2670 4367 ιιι
2703 4301 2824 4366 cum
2851 4312 3013 4382 dixit:
3047 4312 3106 4362 Ἦ
3139 4310 3401 4382 προφῆτις
3416 4311 3551 4382 »ἡμῖν
3564 4301 3783 4382 εἰπάτω
3803 4301 3865 4382 τά

2607 4364 2846 4474 ξανδρον,
2879 4375 2980 4435 τὸν’
3004 4364 3235 4461 λέγοντα
3257 4364 3267 4380 ’
3283 4364 3497 4474 ἑαυτὸν.
3509 4379 3778 4474 μάρτυρα.
3803 4364 3862 4474 lﬁt

2299 4444 2658 4517 συνεστιᾶται,
2713 4444 2757 4524 ᾧ
2808 4444 3166 4524 προσκυνοῦσι
3221 4452 3314 4504 καὶ
3358 4444 3520 4524 αὐτῷ’
3566 4444 3861 4524 πολλοί.-ξι

644 4514 886 4583 Ruﬁnus.
930 4514 1099 4583 (ξι-ιυρί
1170 4514 1391 4598 βάπτειν
1430 4528 1526 4599 τὴν
1588 4528 1748 4600 τρίχα
1769 4514 2012 4600 "dicunt,
2052 4514 2194 4594 'quod

2311 4527 2470 4595 paulo
2498 4537 2618 4596 post
2646 4514 2741 4580 ide.
2775 4514 2961 4600 eodem
2994 4525 3304 4600 Aleriapdro
3357 4514 3581 4600 loquens
3612 4520 3687 4600 ei,
3722 4531 3736 4567 ε
3770 4514 3859 4593 Ὧν

645 4599 817 4652 Latini
848 4601 1017 4654 crines
1040 4602 1235 4667 tingere
1259 4616 1351 4653 seu
1389 4598 1633 4653 rutilare.
1664 4600 1715 4651 Id
1750 4598 1892 4652 enim
1934 4600 2203 4666 praecipue

642 4670 1235 4735 ειιιιΙειιιιιιιιιιειιτοιιεν,
1275 4680 1334 4721 ιιι
1381 4670 1597 4722 rutilum
1652 4669 1913 4723 haberent
1973 4668 2203 4728 crinem.

642 4740 812 4805 Quam
867 4743 916 4794 in
975 4757 1085 4796 rem
1126 4742 1308 4793 cinere
1356 4740 1540 4793 lixivio
1590 4741 1899 4804 utebantur,
1952 4748 2012 4793 ut
2050 4740 2208 4792 docet

642 4808 1239 4890 Varro..Santm0tticus
1274 4811 1515 4865 Serenus
1541 4810 1607 4865 de
1628 4810 1823 4879 capillo
1851 4809 2105 4876 tingendo
2132 4810 2205 4862 ita

662 4892 880 4947 ira‘etptt
909 4897 921 4932 :

662 4896 796 4932 armet
824 4896 880 4933 nt
909 4897 921 4932 :

640 4896 659 4949 Ι
715 4898 1038 5021 {id'rutilom
1063 4952 1282 5017 speciem
1312 4952 1483 5021 nigros
1504 4952 1776 5019 [invest-ere
1801 4949 1965 5002 crines

712 5019 988 5085 Unguento
1015 5024 1223 5081 cineris,
1257 5019 1495 5085 ντωιιιπιι
1530 5021 1731 5074 Tullius
1753 5029 1956 5076 auctor.

646 5089 778 5144 Vide
807 5092 1135 5161 l-Iesyehiunt
1163 5094 1213 5144 in
1244 5091 1565 5152 Ξανθίζειν.

710 5160 823 5231 (24)
855 5158 1355 5229 Τέσσαρακοστὸν
1380 5162 1707 5232 ἐτύγχανεν
1731 5161 1882 5227 ἔτος,
1934 5172 2041 5218 etc.
2088 5158 2205 5215 Jam

640 5233 829 5287 videor
875 5233 1002 5285 mihi
1038 5233 1461 5300 deprehendisse
1494 5248 1655 5301 quam
1682 5232 1751 5287 ob
1792 5247 2009 5287 causam
2041 5232 2209 5285 Euse-

640 5304 765 5356 hius
822 5302 1162 5371 Apollonium
1216 5302 1361 5357 hunc
1440 5313 1559 5372 post
1646 5317 1974 5371 anonymnm
2058 5302 2205 5355 illum

639 5374 963 5441 scriptorem
1004 5373 1204 5442 dequo
1247 5375 1299 5426 in
1342 5373 1606 5442 superiori
1652 5374 1829 5439 capite
1856 5381 2039 5426 actum
2102 5382 2203 5434 est,

640 5443 1012 5497 collocaverit.
1051 5441 1355 5514 Cumcnim
1380 5441 1679 5514 anonytnns
1715 5443 1806 5514 ille
1852 5451 2106 5514 testetur,
2133 5455 2207 5514 se

635 5514 1046 5583 quatuortlecim
1081 5513 1238 5566 annis
1260 5524 1379 5580 post
1416 5511 1649 5568 Montani
1680 5523 1735 5567 et
1762 5511 2065 5583 Maximillae
2093 5512 2207 5567 obi-

641 5582 754 5636 tum
788 5585 957 5638 libros
979 5597 1107 5638 suos
1140 5585 1463 5651 scripsisse;
1501 5584 1586 5637 hic
1654 5593 1829 5638 autem
1885 5582 2205 5650 Apollonius

637 5654 885 5725 allii-inet,
945 5654 1303 5725 quadraginta
1357 5656 1533 5717 annis,
1577 5664 1864 5725 antequam
1919 5654 2204 5715 scriberet,

642 5724 952 5778 Montanum
1022 5726 1361 5793 prephetiam
1428 5740 1580 5778 suam
1630 5724 1947 5779 invexisse:
2000 5725 2206 5793 putavit

640 5794 902 5853 Eusebius
926 5795 1264 5864 Apollonium
1298 5811 1565 5865 anonymo
1596 5794 1684 5851 illo
1720 5796 1985 5864 scriptore
2018 5807 2201 5850 recen-

2308 4582 2335 4652 ὅ
2363 4582 2649 4671 προφτήτης
2678 4596 2901 4650 συνόντα
2923 4592 3135 4671 πολλοῖς
3167 4590 3339 4671 ἔτεσιν
3373 4582 3693 4671 ἀγνοεί;.Ε⁸χ
3747 4582 3857 4671 qui-

2308 4658 2420 4725 bus
2448 4658 2628 4723 verbis
2673 4676 2900 4735 apparot
2938 4675 2993 4718 et
3038 4664 3400 4735 Alexandrum
3446 4672 3501 4714 et
3555 4658 3852 4735 Montanum

2308 4740 2480 4806 ipsum
2513 4754 2575 4792 ac
2599 4732 2942 4806 Maxiiniltam
2971 4735 3148 4788 adhuc
3171 4733 3389 4806 vixisse,
3414 4746 3532 4806 cum
3578 4732 3689 4806 haec
3723 4732 3853 4780 scrt-

2307 4802 2464 4865 lieret
2492 4805 3040 4877 ApolloniusuNeque
3089 4805 3321 4877 veroait
3364 4802 3694 4877 Apollonius
3729 4808 3851 4863 qua-

2309 4868 2554 4947 draginta
2579 4893 2750 4931 annos
2788 4868 3058 4947 efﬁnxisse
3087 4875 3152 4947 ab
3178 4873 3330 4947 obitu
3368 4868 3695 4947 Monta_i_ii_ad
3727 4877 3851 4920 tein-

2244 4956 2245 4959 “
2311 4941 2545 5018 ιιιιε’‹ιιιο
2579 4948 2679 5002 ista
2707 4948 2999 5002 scribebat.
3031 4943 3139 5018 Sed
3178 4944 3229 4995 id
3271 4954 3476 5018 tantum
3522 4941 3670 5018 dicit,
3724 4948 3850 5005 qua-

2308 5012 2553 5088 draginta
2590 5019 2746 5072 annis
2776 5026 3064 5089 antequam
3102 5015 3214 5089 ipse
3242 5014 3306 5089 ad
3335 5012 3678 5089 scribendum
3710 5018 3850 5089 acce-

2309 5081 2479 5154 derét,
2499 5090 2814 5142 Montanum
2835 5084 3371 5154 pseudoprophetiam
3398 5098 3545 5157 suam
3575 5081 3847 5157 invexisse.

2307 5151 2574 5214 Ponamus
2605 5158 2788 5227 igitur,
2835 5151 3334 5227 ΜοιιιτιιιιιιιιὲιιιιιιοΔ
3370 5151 3557 5227 aetatis
3590 5151 3850 5227 tricesimo

2308 5221 2722 5283 fabulamsnam
2768 5228 3069 5281 inchoasse.
3126 5223 3257 5277 Cum
3312 5221 3630 5290 Apollonius
3675 5225 3844 5273 contra

2308 5301 2423 5369 ejus
2447 5309 2649 5355 sectam
2672 5299 2957 5369 scriberet,
2987 5293 3378 5369 vixillontanns
3411 5290 3842 5369 septuagesimum

2308 5356 2505 5424 annum
2531 5379 2854 5423 excesserat.
2885 5356 3232 5419 Maximillam
3254 5371 3438 5417 autem
3464 5356 3519 5415 et
3564 5356 3843 5415 Priscillam

2314 5456 2420 5495 non
2454 5440 2644 5510 statim
2670 5438 2737 5510 ab
2763 5439 2880 5506 ipso
2899 5436 2989 5510 sui
3053 5434 3253 5510 erroris
3300 5432 3525 5487 exordio
3556 5430 3843 5510 Montanuf

2308 5512 2532 5565 comites
2564 5509 2748 5563 habuit
2772 5501 2797 5570 ς’
2818 5508 2909 5561 sed
2936 5520 3028 5560 eas
3050 5507 3138 5560 diu
3180 5516 3366 5573 postea
3421 5501 3715 5573 prophetia:
3746 5506 3843 5549 sua:

2306 5582 2513 5637 retibus
2538 5579 2867 5646 implicuisse
2889 5593 2953 5630 ac
2976 5572 3252 5643 decepisse
3286 5574 3412 5626 mihi
3454 5572 3679 5646 videtur.

2542 5632 2943 5720 Προφητεύειν
3206 5639 3738 5720 προσποιορμένης.
3764 5632 3839 5720 ,14η

2308 5706 2487 5776 tribus
2518 5706 2792 5773 codicibus
2820 5719 2980 5776 Maz..
3011 5706 3149 5771 Med.
3180 5706 3842 5788 et_'Fuk._scrip_tumr_habe-

2309 5804 2395 5848 tur
2416 5789 2771 5861 προφητεύειν
2793 5789 2857 5856 δὴ
2886 5786 3369 5857 προσποιουμένης,
3396 5783 3495 5839 levi
3528 5782 3837 5838 discrimine-
