4146 6460
344 298 444 353 485

1359 297 1711 356 HISTORIA)
1746 297 2301 355 ECCLESIASTICA‘.
2344 301 2472 355 LlB.
2519 298 2582 357 γ.

3485 314 3590 372 486

340 424 405 492 τῇ
453 417 768 490 Ἐκκλησία,
804 421 884 483 εἰς
927 419 1024 490 τὴν
1062 420 1320 491 μεγίστην
1370 420 1625 473 ἀσέϐειαν
1661 422 1918 492 περιϐάλ-

2029 420 2283 489 pietatem
2320 437 2413 475 ens
2451 422 2749 489 conjiciunt
2786 425 2880 493 qui
2911 425 3018 482 illis
3047 432 3438 489 assentiuntur.
3466 435 3589 493 Haec

341 512 501 566 λοντα
532 513 659 574 τοὺς
696 510 1049 581 πειθομένους
1090 510 1301 575 αὐτοῖς’
1339 511 1512 564 ταῦτα
1560 513 1630 566 τὰ
1680 510 1921 584 ὣγματα

343 604 465 658 οὐδὲ
513 605 563 656 οἰ
614 603 718 668 ἔξω
766 603 864 673 τῆς
930 602 1253 673 Ἐκκλησίας
1303 604 1567 674 αἱρετικοί
1619 604 1920 676 ἐτόλμησαν

345 697 725 767 ἀποφήνασθαι
762 713 891 748 ποτε
916 713 928 725 ·
970 696 1143 750 ταῦτα
1180 695 1247 749 τὰ
1272 696 1536 767 δόγματα,
1561 699 1609 750 οἱ
1633 699 1738 768 πρὸ
1765 699 1921 769 ήμῶν

345 789 725 860 πρεσϐύτεροι,
759 789 808 840 οἰ
838 788 929 841 καὶ
955 792 1067 851 τοῖς
1093 788 1410 852 ἀποστόλοις
1434 792 1917 860 συμφοιτήσαντες,

343 881 403 932 οὐ
434 880 759 950 παρέδωκάν
792 897 890 933 σοι.
930 876 1084 932 Εἶδον
1115 879 1224 951 γάρ
1274 897 1332 933 σε
1367 884 1496 943 παῖς
1528 880 1601 932 ῶν
1644 880 1724 933 ἔτι
1757 884 1814 935 ὲν
1850 886 1917 953 τῇ

342 971 494 1023 κάτω
548 972 700 1042 Ἀσίᾳ
746 970 899 1041 παρὰ
944 971 1021 1041 τῷ
1054 970 1415 1039 Πολυκάρπῳ,
1451 969 1717 1040 λαμπρῶς
1748 971 1919 1041 πράτ-

338 1077 497 1113 τοντα
543 1063 599 1113 ὲν
628 1065 694 1132 τῇ
732 1061 979 1132 βασιλικῇ
1022 1062 1179 1131 αὐλῇ,
1217 1062 1310 1113 καὶ
1340 1059 1675 1131 πειρώμενον
1708 1062 1919 1114 εὐδοκι-

347 1154 464 1220 μεῖν
493 1151 624 1222 παρ*
655 1153 820 1223 αὐτῷ.
850 1152 1064 1205 Μᾶλλον
1095 1153 1203 1223 γὰρ
1236 1151 1303 1204 τά
1335 1152 1453 1203 τότε
1482 1152 1915 1224 διαμνημονεύω,

340 1244 449 1296 τῶν
482 1243 707 1314 ἔναγχος
737 1246 1049 1316 γινομένων.
1089 1247 1151 1297 Αἱ
1185 1244 1293 1315 γὰρ
1321 1246 1383 1297 ὲκ
1416 1246 1620 1298 παίδων
1657 1245 1919 1316 μαθήσεις

339 1334 700 1401 συναύξουσαι
738 1337 802 1406 τῇ
843 1336 1009 1406 ψυχῇ,
1058 1335 1506 1406 ένοῦνται·αὐτῇ,
1544 1335 1685 1389 ὥστε
1725 1354 1790 1406 με
1824 1337 1917 1389 δύ-

335 1427 529 1481 νασθαι
557 1429 730 1480 εἰπεῖν
763 1428 856 1481 καὶ
884 1429 972 1480 τὸν
998 1428 1157 1481 τόπον
1189 1431 1245 1482 ὲν
1277 1423 1320 1497 ᾦ
1353 1429 1716 1499 καθεζόμενος
1747 1429 1916 1482 διελέ-

333 1534 460 1585 γετο
479 1517 507 1567 ὁ
532 1517 798 1587 μακάριος
817 1516 1187 1589 Πολύχαρπος,
1206 1518 1297 1571 καὶ
1312 1518 1409 1580 τὰς
1437 1518 1694 1589 προόὸους
1708 1518 1817 1587 (56)
1832 1520 1919 1571 αὐ-

331 1607 426 1660 τοῦ
449 1607 543 1660 καὶ
581 1607 679 1669 τὰς
704 1607 959 1669 εἰσόδους,
979 1607 1072 1659 καὶ
1090 1606 1178 1658 τὸν
1200 1606 1520 1677 χαρακτῆρα
1539 1605 1634 1659 τοῦ
1670 1606 1802 1675 βίου,
1824 1607 1917 1659 καὶ

332 1695 429 1767 τὴν
463 1695 557 1748 τοῦ
591 1693 840 1765 σώματος
875 1695 1034 1759 ἰδέαν,
1070 1696 1162 1748 καὶ
1193 1696 1291 1758 τάς
1309 1695 1570 1762 διαλέξεις
1596 1695 1661 1758 ἃς
1684 1698 1917 1748 ἐποιεῖτο

2022 514 2274 580 dogmata
2311 529 2377 566 ne
2406 513 2503 582 ipsi
2535 513 2751 583 quidem
2806 518 3048 573 haeretici
3091 533 3246 577 extra
3289 525 3587 583 Ecclesiam

2021 605 2180 675 positi
2214 604 2455 673 proferre
2493 621 2726 673 unquam
2764 609 2880 662 ausi
2917 621 3063 666 sunt.
3098 612 3222 670 llaec
3249 594 3494 687 dogmata
3534 620 3589 675 bi

2020 701 2111 764 qut
2144 707 2270 750 ante
2303 712 2404 750 nos
2445 697 2629 750 vixere
2658 700 2987 769 presbyteri,
3042 704 3133 771 qui
3175 706 3336 759 etiam
3368 720 3589 778 aposto-

2022 784 2194 839 lorum
2235 787 2485 855 discipuli
2520 788 2871 853 exstiterant,
2903 806 3253 862 nequaquam
3291 796 3384 849 tibi
3422 800 3590 853 tradi-

2019 877 2237 933 derunt.
2270 877 2388 932 Vidi
2442 880 2584 935 enim
2616 890 2688 940 te,
2722 895 2845 934 cum
2898 882 3077 938 adhuc
3125 902 3258 953 puer
3300 900 3503 951 essem,
3537 890 3589 944 in

2020 968 2282 1025 inferiore
2308 969 2436 1023 Asia
2486 972 2625 1038 apud
2672 969 3047 1041 Polycarpum,
3086 976 3368 1042 splendide
3422 994 3589 1047 agen-

2023 1073 2128 1115 tem
2162 1063 2213 1114 in
2246 1062 2466 1130 palatio,
2497 1072 2550 1115 et
2583 1079 2911 1134 magnopere
2945 1066 3280 1121 laborantem
3322 1078 3376 1122 ut
3417 1078 3466 1123 te
3511 1071 3588 1124 illi

2021 1153 2376 1221 approbares.
2412 1152 2629 1207 Etenim
2685 1168 2746 1207 ea
2796 1171 2918 1225 qua:
2954 1166 3079 1211 tunc
3135 1161 3394 1229 temporis
3439 1172 3589 1230 gesta

2020 1254 2163 1309 sunt,
2203 1245 2401 1298 melius
2434 1246 2697 1299 memoria
2733 1256 2890 1303 teneo
2938 1263 3098 1316 quam
3146 1250 3232 1303 illa
3268 1267 3386 1319 qua:
3420 1269 3593 1319 nuper

2020 1336 2357 1391 acciderunt.
2389 1337 2600 1407 Quippe
2632 1353 2692 1391 ea
2729 1354 2847 1407 qua:
2882 1342 3034 1409 pueri
3066 1341 3377 1409 didicimus,
3426 1343 3589 1397 simul

2019 1442 2144 1481 cum
2179 1428 2363 1481 animo
2393 1430 2510 1496 ipso
2552 1428 2891 1492 coalescunt,
2946 1430 3103 1498 eique
3151 1431 3365 1499 penitus
3416 1434 3589 1488 inlue-

2020 1530 2158 1574 rent.
2200 1521 2350 1573 Adeo
2402 1530 2460 1574 ut
2510 1530 2565 1576 et
2616 1520 2790 1573 locum
2832 1521 3005 1588 ipsum
3054 1522 3256 1589 possim
3293 1524 3496 1589 dicere,
3534 1526 3587 1580 ia

2018 1626 2125 1681 quo
2184 1612 2527 1667 beatissimus
2582 1612 2916 1682 Polycarpus
2972 1613 3168 1668 cedens
3226 1615 3586 1684 disserebat;

2020 1718 2307 1772 processus
2341 1720 2554 1773 quoque
2586 1705 2703 1769 ejus
2734 1715 2789 1758 ct
2821 1705 3116 1773 ingressus,
3159 1707 3391 1775 vittaque
3424 1709 3589 1764 totius

335 1786 473 1858 πρὸς
498 1786 559 1839 τὸ
595 1786 816 1857 πλῆθος,
845 1788 939 1839 καὶ
966 1786 1063 1857 τὴν
1097 1784 1238 1838 κατὰ
1277 1784 1519 1838 Ἰωάννου
1556 1802 1915 1857 συναναστρο-

2019 1795 2271 1859 formam,
2321 1806 2374 1851 et
2408 1796 2655 1863 corporis
2706 1797 2980 1863 Speciem;
3030 1812 3313 1852 sermones
3356 1799 3589 1869 denique

337 1880 441 1949 φὴν
473 1879 550 1942 ὡς
591 1878 921 1949 ἀπήγγελλε,
964 1880 1056 1931 καὶ
1103 1878 1201 1947 τὴν
1252 1876 1389 1947 μετά
1432 1876 1538 1931 τῶν
1570 1877 1913 1931 λοιπῶν.τῶν

337 1971 659 2042 ἑωρακότων
691 1971 783 2023 τὸν
816 1971 1017 2042 Κύριον
1040 1988 1051 2000 ’
1091 1971 1183 2023 καὶ
1223 1970 1297 2033 ὡς
1334 1971 1750 2041 ἀπεμνημόνευε
1789 1973 1914 2036 τοὺς

336 2064 527 2132 λόγους
572 2063 771 2127 αὐτῶν,
813 2063 905 2116 καὶ
940 2064 1066 2135 περὶ
1096 2064 1189 2116 τοῦ
1224 2065 1427 2136 Κυρίου
1457 2064 1581 2118 τίνα
1621 2061 1687 2136 ἦν
1716 2065 1752 2119 ἀ
1784 2067 1913 2136 παρ’

338 2155 562 2208 ἐκείνων
600 2155 847 2225 ἀκηκόει,
882 2155 975 2208 καὶ
1013 2156 1141 2226 περὶ
1171 2154 1277 2207 τῶν
1302 2156 1578 2227 δυνάμεων
1610 2157 1794 2217 αὐτοῦ,
1824 2157 1916 2209 καὶ

340 2249 467 2320 περὶ
505 2249 603 2319 τῆς
637 2248 999 2311 ἱεδασκαλίας,
1034 2248 1108 2313 ὡς
1143 2248 1293 2320 παρὰ
1326 2248 1606 2302 αὐτοπτῶν
1641 2249 1739 2320 τῆς
1771 2246 1916 2319 ζωῆς

340 2340 433 2394 τοῦ
484 2343 642 2409 λόγου
685 2341 1036 2413 παρειληφὼς
1085 2344 1113 2395 ὁ
1167 2340 1554 2411 Πολύκαρπος,
1608 2342 1916 2412 ἀπήγγελλε

341 2434 519 2487 πάντα
570 2434 830 2504 σύμφωνα
862 2437 985 2496 ταῖς
1032 2434 1292 2504 Γραφαῖς.
1329 2433 1513 2486 Ταῦτα
1545 2436 1637 2487 καὶ
1668 2434 1787 2486 τότε
1831 2433 1918 2486 διὰ

342 2525 401 2580 τὸ
434 2526 582 2589 ἕλεος
628 2524 720 2578 τοῦ
767 2524 898 2578 Θεοῦ
951 2525 1011 2578 τὸ
1052 2526 1135 2577 ἐπ’
1182 2525 1306 2595 ἐμοὶ
1347 2525 1572 2593 γεγονὸς
1618 2523 1919 2585 σπουδαίως

341 2619 559 2689 ἢκουον,
595 2617 1171 2688 ὐπομνηματιζόμενος
1194 2617 1333 2670 αύτά
1362 2617 1460 2669 οὐκ
1490 2618 1545 2669 έν
1579 2615 1773 2688 χάρτῃ,
1806 2614 1917 2668 ἀλλ’

343 2714 400 2764 ἐν
430 2715 500 2783 τῇ
544 2714 650 2782 ὲμῇ
695 2710 924 2782 καρδίᾳ·
958 2712 1049 2763 καὶ
1082 2712 1167 2762 ἀεὶ
1204 2709 1292 2763 διὰ
1328 2710 1424 2781 τὴν
1461 2711 1619 2780 χάριν
1649 2708 1741 2761 τοῦ
1784 2708 1918 2762 Θεοῦ

344 2806 583 2877 γνησίως
622 2803 760 2857 αὐτά
790 2802 1232 2874 ἀναμαρυκῶμαι
1253 2821 1266 2832 ο
1297 2803 1391 2874 ,καὶ
1422 2802 1656 2873 δύναμαι
1688 2802 1920 2873 διαμαρ-

343 2894 612 2967 τύρασθαι
664 2893 967 2965 ἔμπροσθεν
1018 2893 1109 2946 τοῦ
1159 2893 1315 2956 Θεοῦ,
1365 2895 1445 2947 ὅτι
1490 2894 1543 2947 εἴ
1589 2912 1640 2947 τι
1681 2893 1920 2947 τοιοῦτον

345 2989 571 3059 ἀκηκόει
598 2988 801 3051 ἐκεῖνος
828 2989 855 3040 ὁ
887 2986 1154 3058 μακάριος
1182 2986 1275 3039 καὶ
1297 2985 1649 3049 ἀποστολικὸς
1679 2983 1920 3056 πρεσϐύ-

345 3097 522 3151 τερος,
560 3078 870 3150 ἀνακράξας
901 3078 964 3131 ἂν
998 3078 1091 3130 καὶ
1120 3077 1402 3148 ἐμφράξας
1433 3076 1501 3129 τὰ
1539 3070 1652 3129 ὦτα
1683 3076 1793 3144 (57)
1822 3076 1920 3129 αὐο-

346 3174 461 3239 τοῦ,
485 3174 579 3226 καὶ
615 3171 756 3225 κατά
782 3171 841 3224 τὸ
873 3170 1099 3242 σύνηθες
1137 3169 1330 3233 εἰπὼν,
1370 3189 1387 3220 ι
1426 3165 1495 3220 Ὦ
1524 3169 1656 3222 καλὲ
1687 3168 1804 3228 Θεὲ,
1842 3169 1922 3233 εἰς

345 3266 491 3330 οἴους
523 3282 591 3335 με
626 3266 851 3334 καιροὺς
884 3265 1212 3334 τετήρηκας,
1235 3263 1321 3315 ἵνα
1338 3264 1538 3314 τούτων
1572 3261 1869 3330 ἀνέχωμαι·
1896 3280 1914 3312 ι

348 3358 610 3427 πεφεύγοι
638 3357 701 3411 ἂν
724 3356 815 3408 καὶ
839 3356 929 3409 τὸν
960 3356 1122 3407 τόπον
1152 3356 1208 3407 ὲν
1234 3347 1276 3422 ᾧ
1307 3351 1665 3424 καθεζόμενος
1694 3353 1727 3423 ἢ
1752 3351 1923 3415 ἑστὼς

344 3450 453 3504 τῶν
480 3450 733 3503 τοιούτων
766 3449 990 3521 ἀκηκόει
1031 3448 1222 3515 λόγων.
1257 3448 1368 3500 Καὶ
1398 3449 1461 3499 ἐκ
1488 3446 1594 3499 τῶν
1626 3445 1920 3499 ἐπιστολῶν

346 3543 405 3597 δὲ
430 3542 597 3597 αὐτοῦ
623 3536 696 3595 ὧν
713 3541 1038 3605 ἐπέστειλεν,
1055 3542 1171 3607 ἤτοι
1199 3542 1317 3603 ταῖς
1332 3538 1671 3608 γειτνιώσαις
1698 3536 1921 3608 Ἐκκλη-

351 3635 491 3697 σίαις
518 3633 886 3707 ἐπιστηρίζων
912 3633 1099 3699 αὐτὰς,
1131 3634 1165 3704 ἢ
1191 3633 1298 3686 τῶν
1326 3632 1567 3702 ἀδελφῶν
1601 3649 1708 3685 τισι
1738 3629 1921 3684 νουθε-

347 3727 455 3781 τῶν
490 3728 686 3791 αὐτοὺς
729 3729 819 3781 καὶ
853 3728 1309 3800 προτρεπόμενος,
1343 3727 1564 3781 δύναται
1602 3724 1916 3797 φανερωθῆ-

347 3837 433 3875 ναι
481 3842 500 3873 ι
535 3820 721 3874 Ταῦτα
745 3822 773 3873 ό
798 3821 1102 3893 Εἰρηναῖος.

2016 1900 2148 1955 quos
2180 1887 2245 1940 ad
2282 1886 2534 1955 pupulum
2569 1886 2803 1940 habebat
2832 1902 2846 1949 ;
2880 1896 2931 1938 ct
2966 1886 3292 1941 familiarem
3344 1902 3583 1943 coasue-

2019 1978 2281 2039 tudinem,
2313 1994 2435 2045 quae
2465 1977 2538 2031 illi
2570 1994 2692 2031 cum
2721 1975 2952 2042 Joanne,
2976 1987 3032 2031 ut
3067 1982 3346 2045 narrabat,
3378 1992 3434 2035 ct
3465 1996 3586 2035 cum

2017 2069 2241 2138 reliquis
2281 2074 2373 2138 qui
2402 2070 2686 2123 Dominum
2718 2070 2894 2138 ipsum
2934 2071 3220 2136 vidissent,
3257 2072 3588 2128 intercesse-

2020 2172 2141 2215 rat:
2179 2172 2231 2215 et
2266 2162 2501 2230 qualiter
2532 2161 2674 2215 dicta
2710 2161 2925 2215 illorum
2956 2163 3424 2217 cmnmcmorabat
3469 2183 3483 2217 :
3528 2173 3584 2218 et

2018 2268 2354 2322 quaecunque
2387 2254 2453 2306 de
2482 2252 2707 2306 Domino
2744 2254 2811 2305 ab
2846 2253 3037 2305 iisdem
3063 2254 3329 2307 audierat.
3377 2255 3450 2309 De
3479 2254 3585 2308 mi-

2020 2346 2220 2400 raculis
2252 2360 2467 2414 quoque
2519 2345 2663 2398 illius
2715 2359 2777 2398 ac
2827 2344 2893 2398 de
2922 2344 3190 2411 doctrina,
3232 2354 3391 2415 prout
3421 2346 3586 2402 abiis

2018 2440 2112 2508 qui
2144 2436 2365 2492 verbum
2397 2438 2519 2491 vita:
2556 2436 2653 2506 ipsi
2690 2443 3089 2504 conspexerant
3120 2435 3448 2507 Polycarpus
3490 2453 3585 2491 ac-

2020 2540 2258 2601 ceperat,
2285 2530 2474 2583 e'odem
2509 2543 2732 2596 prorsus
2784 2530 2941 2583 modo
2972 2529 3262 2593 referebat,
3304 2530 3355 2582 in
3402 2532 3586 2585 omni-

2020 2622 2120 2676 bus
2154 2636 2274 2675 cum
2308 2620 2588 2689 Scriptura
2619 2634 2773 2674 sacra
2806 2621 3173 2674 consentiens.
3204 2619 3327 2673 [hec
3362 2636 3462 2689 ego
3495 2622 3581 2674 di-

1963 2756 1973 2764 .
2021 2715 2144 2767 vina
2200 2713 2327 2767 mihi
2366 2713 2633 2782 largiente
2689 2712 2979 2765 clementia
3015 2722 3142 2767 tunc
3174 2713 3449 2767 studiosus
3488 2730 3586 2767 au-

2023 2806 2257 2869 diebam,
2315 2820 2418 2857 non
2481 2804 2532 2855 in
2579 2803 2767 2857 charta
2817 2805 2910 2858 sed
2956 2804 3008 2857 in
3040 2806 3218 2873 .corde
3249 2819 3366 2857 mco
3402 2806 3587 2859 audita

2023 2893 2340 2948 describens
2365 2909 2379 2945 :
2411 2892 2710 2962 eademque
2736 2908 2831 2962 per
2871 2893 2964 2947 Dei
2998 2894 3228 2962 gratiam
3258 2895 3474 2947 assidue
3500 2907 3589 2947 re-

2024 2994 2145 3055 peto
2169 2999 2231 3038 ac
2264 2985 2502 3039 revolvo.
2529 2983 2593 3037 Et
2623 2985 2673 3037 in
2705 2995 2999 3055 conspectu
3035 2985 3127 3039 Dei
3166 2983 3436 3039 aﬂirmare
3464 3000 3584 3055 pps-

2025 3090 2170 3139 sum,
2200 3076 2415 3129 beatum
2440 3075 2589 3130 illum
2614 3086 2670 3132 et.
2698 3075 3059 3146 apostolicum
3097 3076 3507 3147 presbyterum,
3538 3077 3585 3131 si

2022 3167 2150 3236 quid
2207 3166 2469 3237 ejusmodi
2508 3181 2746 3237 unquam
2796 3166 3088 3232 audiisset.
3150 3168 3584 3221 exclamaturum

2020 3258 2301 3323 continuo,
2332 3269 2387 3312 et
2414 3258 2681 3313 obturatis
2713 3258 2936 3313 auribus
2966 3259 3085 3312 suis
3114 3258 3391 3313 dicturum
3422 3257 3589 3313 fuisse

2022 3360 2179 3421 prout
2208 3351 2307 3420 ipsi
2348 3352 2514 3405 moris
2540 3363 2695 3406 erat:
2733 3370 2752 3403 ι
2781 3353 2918 3406 Deus
2941 3352 3234 3420 bone,qu:e
3265 3366 3351 3405 me
3374 3351 3424 3404 iu
3456 3361 3588 3405 tem-

2024 3455 2157 3509 pora
2189 3441 2571 3505 rescrvasti,ut
2597 3442 2707 3496 lucc
2738 3442 3063 3496 sustinerem
3087 3443 3101 3495 ι
3128 3460 3147 3492 ι
3172 3441 3351 3517 Atque
3381 3457 3444 3495 ex
3469 3441 3588 3496 loco

2025 3532 2141 3603 ipso
2167 3530 2558 3601 aufugiturum.
2608 3532 2661 3585 in
2701 3547 2807 3600 quo
2848 3546 2941 3586 seu
2986 3544 3161 3598 stans,
3214 3547 3309 3587 seu
3371 3534 3586 3597 sedens,

2026 3623 2287 3693 ejusmodi
2343 3639 2626 3679 sermones
2672 3625 2953 3680 audiisset.
2994 3624 3100 3679 Sed
3151 3634 3205 3680 et
3253 3640 3318 3679 cx
3349 3624 3591 3694 epistolis

2026 3719 2174 3773 illius
2198 3718 2250 3771 id
2290 3717 2494 3786 liquido
2539 3717 2883 3785 comprobari
2912 3726 3116 3786 potest,
3155 3732 3290 3786 quas
3326 3716 3419 3771 ille
3466 3731 3589 3786 par-

2027 3809 2123 3864 tim
2174 3808 2243 3863 ad
2286 3808 2497 3862 vicinas
2540 3808 2809 3863 Ecclesias
2844 3819 2903 3861 ut
2928 3823 3023 3863 eas
3055 3808 3433 3871 confirmaret,
3466 3820 3591 3875 par-

347 3916 443 3969 tim
476 3915 540 3968 ad
569 3915 829 3983 quosdam
863 3929 925 3967 ex
966 3913 1227 3967 fratribus
1260 3912 1427 3981 misit,
1457 3911 1755 3965 admonens
1786 3907 1905 3962 illos
1936 3913 2097 3974 atque
2119 3900 2441 3957 exhortans.
2471 3899 2783 3954 illactenus
2810 3901 3063 3954 lrenmus.

842 4006 1234 4061 ΚΕΦΑΛΑΙΟΝ
1281 4006 1409 4059 KA'.

394 4102 587 4168 Ὅπως
615 4101 714 4156 ἐπὶ
765 4101 991 4169 Ῥώμης
1028 4100 1438 4170 ἐμαρτύρησεν
1485 4094 1870 4160 Ἀπολλώνιος

812 4172 954 4243 (Nic.
987 4170 1057 4224 Η.
1086 4170 1154 4224 Ε.
1178 4187 1251 4232 tv,
1277 4170 1389 4240 26).

417 4267 575 4319 Κατά
596 4266 653 4318 δὲ
685 4265 775 4318 τὸν
803 4263 965 4317 αὐτον
1002 4263 1103 4333 τῆς
1130 4262 1374 4333 Κομόδου
1405 4258 1679 4332 βασιλείας
1707 4259 1918 4331 χρόνον,

352 4354 721 4427 μεταϐέϐλητο
746 4355 840 4425 μὲν
868 4355 958 4407 ἐπὶ
985 4354 1044 4405 τὸ
1069 4354 1241 4423 πρᾶον
1270 4351 1339 4404 τὰ
1366 4350 1487 4404 καθ’
1514 4352 1678 4422 ἡμᾶς,
1698 4350 1921 4422 εἰρήνης

2520 3991 2681 4061 139
2701 3990 2924 4044 CAPUT
2954 3990 3098 4049 χχι.

2032 4084 2308 4152 Quomodo
2335 4083 2644 4155 Apollonius
2686 4081 2868 4136 Romae
2918 4082 3231 4152 martyrium
3272 4096 3458 4150 passus
3488 4091 3585 4136 est.

2094 4262 2295 4316 Eodem
2332 4270 2596 4331 tempore,
2627 4259 2922 4314 Commodo
2949 4257 3235 4328 imperium
3281 4256 3584 4310 Romanum

2022 4355 2324 4418 obtinente,
2352 4369 2439 4408 res
2470 4354 2684 4423 quidem
2717 4364 2915 4407 nostra:
2944 4353 2996 4405 in
3031 4349 3400 4418 tranquilliora
3443 4358 3586 4402 statu

350 4451 446 4503 σύν
476 4448 595 4519 Θείᾳ
628 4449 806 4520 χάριτι
835 4446 933 4510 τὰς
963 4446 1082 4499 καθ’
1111 4445 1239 4515 ὅλης
1266 4445 1363 4515 τῆς
1391 4445 1713 4515 οἰκουμένης
1741 4441 1918 4496 διαλα-

2026 4448 2393 4509 versabantur,
2448 4461 2578 4514 pace
2618 4460 2713 4515 per
2763 4444 2856 4499 Dei
2904 4442 3131 4512 gratiam
3182 4450 3407 4494 cunctas
3433 4437 3583 4492 orbis

346 4538 549 4610 ϐούσης
612 4538 965 4609 Ἑκκλησίας·
1017 4537 1106 4590 ὅτε
1152 4536 1295 4588 καὶὸ
1346 4537 1606 4605 σωτήριος
1652 4534 1806 4603 λόγος
1856 4533 1921 4585 ἐκ

348 4632 549 4695 παντὸς
581 4631 769 4700 γένους
798 4628 1118 4703 ἀνθρώπων,
1148 4631 1326 4682 πᾶσαν
1356 4629 1593 4698 ὑπήγετο
1622 4627 1797 4697 ψυχὴν
1828 4627 1919 4678 ἐπὶ

346 4722 445 4792 τὴν
474 4722 671 4792 εὐσεϐῆ
700 4720 793 4773 τοῦ
822 4720 928 4774 τῶν
956 4719 1089 4773 ὅλων
1123 4716 1256 4771 Θεοῦ
1283 4718 1574 4789 Θρησκείαν
1594 4735 1606 4747 ·
1648 4716 1787 4769 ὥστε
1816 4717 1915 4789 ήδη

423 4834 538 4901 (56)
574 4832 686 4899 Τὰς
714 4829 1046 4901 προόδοιιςί
1066 4830 1155 4901 S_ic
1181 4830 1303 4901 cod.
1340 4828 1497 4895 αεσξη
1524 4828 1685 4901 Mam,
1733 4828 1922 4886 Medic.

354 4917 407 4960 et
434 4898 669 4971 Nic-epla.
696 4898 768 4954 Ita
817 4902 979 4954 ctiam
1012 4898 1143 4954 Fuk.
1178 4914 1241 4952 ac
1272 4900 1465 4962 Savil.,
1504 4900 1721 4954 codices
1749 4910 1928 4956 tenus

354 4976 521 5039 vulg...
555 4974 840 5045 παρόδους.

423 5036 541 5113 (37)
575 5036 684 5098 Καὶ
723 5042 1030 5111 έμρράξας
1058 5040 1129 5094 τὰ
1164 5036 1302 5113 ὦτα.
1331 5038 1430 5113 Hic
1466 5048 1752 5113 mosherat
1778 5048 1922 5113 vete-

355 5109 472 5169 rum
507 5109 966 5175 Christianorum,
1005 5124 1060 5164 ut
1091 5114 1133 5165 si
1172 5112 1308 5165 forte
1355 5112 1407 5163 in
1459 5109 1712 5164 familiari
1761 5109 1924 5164 collo-

354 5188 481 5255 quin
508 5186 736 5253 impium
771 5184 1002 5251 aliquem
1032 5196 1333 5255 sermonem
1357 5189 1413 5234 et
1443 5195 1474 5232 ε
1496 5180 1616 5255 fidei
1642 5179 1925 5255 catholica:

358 5251 542 5326 regula
572 5251 984 5326 dissentientem
1019 5252 1337 5326 audiisseut,
1370 5252 1617 5326 protinus
1638 5251 1912 5326 obturatis

357 5321 581 5379 au'ribus
603 5340 726 5379 sese
752 5325 804 5377 iu
830 5322 1007 5392 fugam
1048 5322 1261 5392 darent.
1298 5322 1411 5386 Qua
1441 5323 1507 5376 de
1538 5336 1599 5392 re
1638 5321 1789 5375 locus
1803 5334 1914 5392 Δ(ξι-

358 5407 468 5448 stat
499 5396 725 5449 illustris
772 5395 822 5446 in
856 5389 950 5446 lib.
984 5407 1033 5459 tt
1080 5390 1510 5459 Recognitionum
1548 5389 1916 5446 Pseudo-Cle-

359 5468 575 5523 mentis.
611 5466 699 5519 ubi
734 5464 919 5517 Simon
947 5462 1006 5516 Β.
1041 5461 1198 5515 Petro
1222 5463 1290 5514 ait
1327 5477 1340 5513 :
1372 5459 1436 5514 Si
1460 5462 1641 5514 dixero
1664 5461 1800 5532 quod
1823 5477 1912 5515 ne-

354 5553 453 5603 que
492 5536 583 5588 tibi
614 5550 920 5597 consonum,
956 5550 1048 5586 nec
1082 5532 1231 5598 vulgo
1275 5533 1395 5583 huic
1431 5532 1669 5600 imperito
1715 5543 1909 5603 rectum

357 5602 582 5667 ridetur,
617 5616 670 5657 tu
695 5605 901 5676 quidem
934 5602 1703 5676 quasirobstupefuctus,_aures
1742 5602 1912 5654 conti-

359 5692 462 5729 nuo
490 5672 788 5736 occludens,
825 5674 954 5727 velut
986 5689 1048 5724 ne
1084 5672 1403 5741 blasphemia
1432 5673 1758 5741 polluantur,
1796 5688 1911 5724 ver-

358 5748 479 5799 teris
508 5747 561 5798 in
586 5747 787 5815 fugam.
813 5744 918 5799 Sed
950 5753 1003 5798 et
1031 5738 1262 5797 lrenuius
1295 5742 1346 5797 in
1379 5738 1471 5797 lib.
1508 5757 1565 5798 ιιι
1592 5738 1786 5796 Contra
1804 5742 1906 5796 ha:-

2021 4548 2289 4593 terrarum
2314 4537 2584 4591 Ecclesias
2613 4535 2915 4605 complexa.
2955 4535 3131 4601 Atque
3176 4529 3390 4584 interim
3438 4530 3584 4583 salu-

2023 4630 2156 4697 taris
2186 4629 2278 4683 Dei
2312 4644 2491 4683 sermo
2522 4643 2585 4681 ex
2614 4627 2757 4681 omni
2806 4640 3002 4694 genere
3053 4622 3333 4677 hominum
3386 4635 3581 4688 quam-

2022 4721 2284 4791 plurimos
2332 4720 2400 4774 ad
2444 4719 2755 4789 religiosum
2811 4716 3009 4772 summi
3072 4711 3322 4767 Numinis
3377 4712 3579 4765 cultum

2032 4848 2191 4895 reses,
2217 4831 2390 4899 capite
2420 4842 2634 4898 quarto,
2669 4829 2913 4883 eumdem
2961 4842 3161 4881 morem
3214 4826 3454 4881 declarat
3498 4826 3580 4899 bis

2028 4904 2210 4954 Verbis
2249 4919 2261 4955 :
2292 4902 2493 4965 Quibus
2546 4903 2591 4952 si
2627 4898 2815 4969 aliquis
2847 4898 3235 4951 annuntiarerit
3287 4913 3348 4949 ea
3379 4912 3495 4966 qua:
3518 4898 3581 4947 ab

2029 4971 2289 5024 Im'reticis
2334 4972 2609 5022 adiuventa
2659 4979 2802 5030 sunt,
2845 4969 3056 5033 proprio
3105 4982 3339 5019 sermone
3402 4981 3583 5018 eorum

2029 5042 2351 5110 colloquens,
2393 5040 2565 5110 statim
2592 5042 2954 5110 concludentes
2972 5053 3147 5110 aures,
3186 5038 3336 5110 longo
3379 5034 3582 5110 longius

2028 5105 2250 5179 fugient,
2304 5127 2365 5163 ne
2414 5109 2599 5161 audire
2644 5109 2853 5176 quidem
2890 5105 3582 5179 sustinentesblasphemum
3672 5160 3675 5161 ν

2028 5175 2365 5247 rolloquium.
2393 5175 3007 5232 Pra-terea’Athanasius
3038 5176 3090 5229 in
3128 5175 3363 5247 Epistola
3394 5179 3461 5247 ait
3494 5191 3583 5247 so-

2016 5243 2217 5303 litarios
2248 5270 2260 5304 :
2295 5251 2359 5301 Ὢ
2386 5249 2465 5313 τίς
2491 5248 2726 5311 ἀκούσας
2747 5248 2806 5300 οὐ
2839 5247 3145 5314 δακρύσειε,
3180 5244 3319 5314 τάχα
3352 5244 3445 5297 καὶ
3485 5243 3585 5314 τὴν

2015 5321 2187 5392 ἀκοὴν
2220 5321 2500 5392 κλείσειεν,
2560 5319 2644 5372 ἶνα
2687 5318 2821 5389 μηδὲ
2855 5314 3054 5392 Δἑτέρου
3106 5316 3353 5392 λέγοντος
3391 5314 3586 5392 ἀνέχη-

2016 5408 2105 5444 ται
2189 5382 2544 5460 llieronymus
2580 5382 2810 5460 denique
2847 5389 2905 5460 in
2958 5382 3052 5445 lib.
3092 5405 3108 5442 ι
3143 5382 3398 5460 Adversus
3428 5382 3578 5460 lin/i-

2019 5453 2150 5514 mini
2181 5477 2197 5513 :
2230 5453 2406 5513 Lectis
2432 5477 2596 5527 nuper
2624 5453 2895 5527 ΤΙιεόρΙιίΙί
2925 5473 3072 5526 papa!
3098 5453 3353 5526 epistolis,
3380 5455 3435 5506 in
3465 5454 3585 5522 qui-

2019 5532 2111 5584 bus
2140 5528 2380 5600 Origenis
2401 5531 2605 5597 exponit
2642 5545 2867 5591 errores,
2898 5529 3093 5600 dicitur
3124 5528 3391 5579 obturusse
3430 5539 3582 5600 aurei

2014 5617 2164 5661 suas,
2206 5595 2258 5654 οἱ
2297 5595 2560 5654 αυειοὶειη
2600 5600 2735 5654 tanti
2765 5601 2890 5654 moti
2939 5598 3083 5653 clara
3130 5610 3306 5651 coram
3350 5595 3585 5648 omnibus

2022 5687 2140 5726 t'oce
2168 5672 2462 5727 damnasse.
