4112 6428
365 347 494 406 49⁸1

1407 343 1750 400 Η15ΤΟΒΙᾹΞ
1792 341 2340 399 ΕΟΟΙΕΞΙΑΞΤΙΕᾹΞ
2379 339 2506 396 LIB.
2546 338 2614 396 ν.

3514 343 3615 399 498

370 465 479 521 καὶ
516 466 694 518 πᾶσαν
725 463 884 533 ἁγίαν
928 461 1148 536 Γραφὴν
1184 462 1531 534 διεληλυθὼς,
1574 464 1635 516 οὐ
1685 463 1933 534 πτύρομα

2059 463 2237 516 tribus
2269 469 2380 516 toto
2411 459 2543 514 orbe
2569 455 2827 527 dispersis
2853 469 3134 512 sermones
3180 470 3321 529 saepe
3368 460 3568 514 contuli
3596 500 3612 522 ,

369 561 474 612 ἐπὶ
502 561 610 621 τοῖς
642 553 1192 625 καταπλησσομένοις.
1224 555 1287 607 Οἱ
1315 553 1422 624 γὰρ
1442 552 1576 624 ἐμοῦ
1611 553 1851 624 μείζονες
1877 557 1951 606 εἰ-

375 656 587 720 ρήκασι
608 664 620 676 ·
655 666 672 698 ι
700 646 1020 718 Πειθαρχεῖν
1035 646 1116 699 δεῖ
1139 644 1257 717 Θεῷ
1287 644 1487 716 μᾶλλον
1517 642 1889 716 ἢὰνθρώποις.
1927 663 1993 728 L.

371 741 609 804 Τούτοις
635 740 881 811 ἐπιφέρει
911 740 1040 809 περὶ
1071 737 1286 791 πάντων
1309 737 1534 809 γράφων
1561 737 1668 790 τῶν
1705 754 1952 808 συμπαρ-

370 833 552 885 όντων
608 831 758 900 αὐτῷ
815 831 907 883 καὶ
952 827 1348 899 ὁμοδοξοῦντων
1400 826 1729 888 ἐπισκόπων,
1783 825 1952 878 ταῦτα

367 922 585 993 λέγων’
635 943 653 974 ‹
699 923 997 992 Ἑδυνάμην
1053 921 1108 973 δὲ
1161 919 1268 973 τῶν
1317 919 1631 972 ἐπισκόπων
1671 917 1779 970 τῶν
1818 935 1951 988 συμ-

372 1016 669 1087 παρόντων
695 1012 1080 1085 μνημονεῦσαι,
1099 1010 1191 1075 οὒς
1205 1012 1361 1082 ὑμεῖς
1382 1007 1649 1079 ἠξιώσατε
1685 1008 1952 1080 μετακλη-

371 1108 544 1180 Θῆναι
601 1109 691 1161 ὑπ’
746 1106 879 1177 ἐμοῦ
915 1106 1044 1176 (69),
1094 1105 1187 1158 καὶ
1240 1103 1707 1174 μετεκαλεσάμην·
1760 1095 1833 1154 ὧν
1885 1101 1950 1154 τὰ

370 1199 624 1269 ὀνόματα
652 1198 746 1252 ἐὰν
773 1197 997 1268 γράψω,
1028 1193 1196 1247 πολλὰ
1225 1194 1404 1266 πλήθη
1434 1193 1589 1246 εἰσιν.
1636 1194 1700 1246 0i.
1727 1192 1783 1246 δὲ
1817 1192 1950 1244 ἰδόν-

369 1307 474 1354 τες
525 1291 616 1342 τὸν
670 1290 862 1360 μικρόν
919 1305 1018 1358 μου
1077 1285 1382 1355 ἄνθρωπον,
1430 1283 1833 1356 συνηυδόκησαν
1885 1285 1948 1352 τῇ

372 1381 664 1452 ἐπιστολῇ,
701 1379 897 1442 εἰδότες
926 1379 1008 1430 ὃτι
1045 1377 1166 1448 εἰκῆ
1197 1374 1389 1438 πολιὰς
1434 1375 1533 1428 οὑκ
1566 1375 1790 1445 ἤνεγκα,
1819 1371 1951 1426 ἀλλὰ

372 1477 442 1529 ὲν
474 1473 662 1545 Κυρίῳ
699 1470 871 1541 Ἰησοῦ
903 1471 1130 1523 πάντοτε
1157 1468 1566 1538 πεπολίτευμαι.
1608 1485 1625 1518 ι
1680 1466 1800 1519 Ἐπὶ
1827 1465 1950 1518 τού-

368 1584 494 1632 τοις
519 1570 546 1621 ὀ
583 1566 680 1636 μὲν
715 1566 810 1636 τῆς
852 1562 1136 1633 Ῥωμαίων
1168 1559 1445 1631 προεστὼς
1476 1559 1706 1630 Βίκτωρ,
1742 1558 1952 1630 ἁθρόως

369 1662 476 1728 τῆς
512 1657 694 1720 Ἀσίας
719 1656 895 1726 πάσης
928 1654 1042 1725 ἅμα
1067 1655 1184 1715 ταῖς
1215 1651 1433 1724 ὁμόροις
1476 1650 1816 1722 Ἐκκλησίαις
1855 1649 1952 1713 τὰς

375 1748 667 1820 παροικίας
693 1746 1036 1816 ἀποτέμνειν,
1062 1744 1137 1808 ὡς
1168 1741 1604 1814 ὲτεροδοξούσας,
1645 1742 1742 1812 τῆς
1769 1741 1950 1811 κοινῆς

2055 556 2142 624 qni
2171 554 2508 623 Scripturam
2542 565 2751 606 sacram
2781 565 3002 606 omnem
3031 551 3258 620 perlegi,
3311 549 3449 604 nihil
3499 567 3614 606 mo-

2055 661 2182 700 veor
2207 647 2272 700 iis
2302 661 2421 715 qua:
2448 646 2603 700 nobis
2629 645 2694 698 ad
2732 643 3076 698 formidinem
3106 644 3458 699 intentantur.
3523 643 3612 697 Et-

2051 741 2191 794 enim
2209 740 2276 792 ab
2295 739 2398 792 illis
2415 738 2505 806 qni
2532 751 2616 791 me
2641 735 2796 806 longe
2823 735 3053 804 majores
3074 734 3441 789 erantdictum
3460 734 3608 791 seio:

2057 850 2075 880 ι
2117 831 2344 886 Obedire
2377 839 2588 899 oportet
2612 827 2716 884 Deo
2745 828 2915 898 magis
2949 841 3110 895 quam
3142 824 3448 880 hominibus
3479 824 3608 901 ’ζμ-ι

2050 921 2179 975 Post
2213 924 2327 976 haec
2368 923 2431 976 de
2485 922 2756 992 episcopis
2783 919 2874 990 qui
2908 918 3066 973 simul
3103 918 3470 973 aderanteum
3497 917 3611 971 [nec

2050 1015 2335 1077 scriberet,
2363 1023 2417 1068 et
2451 1014 2638 1068 eadem
2661 1027 2783 1067 cum
2814 1011 2929 1080 ipso
2963 1010 3300 1072 sentiebant,
3333 1009 3413 1063 sic
3434 1007 3612 1076 loqui-

2053 1116 2139 1158 tur
2163 1121 2177 1159 :
2209 1125 2226 1155 ι
2269 1104 2482 1158 Possem
2510 1105 2671 1157 etiam
2695 1103 3070 1172 episcoporum
3098 1099 3188 1170 qui
3217 1112 3430 1154 mecum
3461 1104 3608 1160 sunt,

2054 1197 2231 1250 facere
2270 1197 2622 1260 mentionem,
2670 1209 2803 1262 quos
2843 1193 3077 1264 petiistis
3104 1201 3163 1246 ut
3206 1204 3564 1246 convocarem
3595 1229 3610 1252 ,

2051 1289 2189 1340 sicut
2214 1299 2268 1340 et
2300 1287 2422 1340 feci.
2449 1284 2689 1352 Quorum
2726 1286 2944 1340 nomina
2981 1286 3026 1341 si
3057 1284 3390 1352 ascripsero,
3424 1280 3610 1350 ingens

2052 1394 2308 1433 numerus
2355 1377 2650 1431 videbitur.
2683 1375 2746 1431 Hi
2775 1393 2895 1431 cum
2937 1391 3024 1432 me
3055 1374 3306 1445 pusillum
3336 1372 3611 1428 hominem

2054 1470 2378 1531 invisisseut,
2407 1466 2688 1536 epistolam
2727 1475 2968 1522 nostram
2997 1481 3219 1522 assensu
3244 1479 3341 1520 suo
3363 1477 3613 1531 compro-

2051 1564 2267 1626 barunt,
2304 1558 2455 1628 gnari
2497 1573 2581 1612 me
2618 1573 2780 1613 canos
2835 1559 2964 1614 istos
3003 1573 3107 1614 non
3143 1558 3342 1612 frustra
3372 1566 3609 1625 gestare,

2050 1654 2141 1707 sed
2171 1653 2338 1708 vitam
2367 1667 2433 1708 ex
2491 1651 2778 1719 praeceptis
2836 1651 3204 1720 institutisque
3245 1648 3371 1706 Jesu
3409 1647 3610 1702 Christi

2050 1760 2261 1815 semper
2287 1745 2479 1814 egisse.
2531 1763 2550 1797 ι
2587 1743 2682 1800 His
2717 1745 2787 1799 ita
2817 1745 3002 1816 gestis,
3034 1743 3218 1798 Victor
3247 1741 3464 1812 quidem
3501 1740 3610 1795 Ro-

372 1841 625 1903 ὲνώσεως
650 1841 924 1911 πειρᾶται,
953 1838 1046 1891 καὶ
1099 1833 1402 1906 στηλιτεύει
1432 1833 1541 1904 (70)
1569 1851 1629 1901 γε
1660 1833 1747 1886 διὰ
1770 1847 1940 1904 γραμ-

2052 1854 2221 1892 tuante
2241 1839 2392 1892 urbis
2419 1838 2700 1908 episcOpus
2731 1838 2875 1892 illico
2899 1852 3086 1892 omnes
3110 1836 3253 1890 Asia:
3278 1834 3607 1889 vicinarum-

376 1934 586 2004 μάτων,
618 1932 1004 2001 ἀκοινωνήτους
1027 1928 1194 2001 ἄρδην
1218 1927 1422 1990 πάντας
1453 1928 1576 1989 τοὺς
1601 1927 1775 1979 ἐκεῖσε
1812 1927 1942 1979 ἀνα·-

373 2023 660 2091 κηρύττων
705 2017 985 2086 ἀδελφούς.
1033 2016 1169 2070 Ἀλλ’
1212 2016 1270 2068 οὐ
1316 2017 1449 2070 πᾶσί
1480 2033 1542 2083 γε
1576 2019 1685 2078 τοῖς
1721 2016 1944 2067 ἐπισκό-

373 2125 504 2174 ποις
559 2109 709 2163 ταῦτ’
773 2108 1055 2180 ἠρέσκετο.
1123 2103 1746 2176 ·Ἀντιπαρακελεύονται
1809 2104 1944 2174 δῆτα

372 2201 549 2271 αὐτῷ,
594 2201 662 2254 τὰ
701 2201 798 2272 τῆς
834 2201 1055 2271 εἰρήνης
1097 2199 1190 2252 καὶ
1227 2197 1325 2266 τῆς
1359 2197 1494 2268 πρὸς
1544 2197 1669 2259 τοὺς
1719 2196 1942 2267 πλησίον

371 2292 622 2355 ἐνὼσεως
672 2291 764 2345 καὶ
812 2290 1030 2361 ἀγάπης
1077 2291 1309 2360 φρονεῖν.
1343 2287 1599 2359 Φέρονται
1645 2288 1700 2340 δὲ
1745 2288 1837 2340 καὶ
1885 2289 1940 2341 αἱ

369 2381 581 2435 τούτων
626 2381 822 2452 φοραὶ,
880 2377 1324 2452 πληκτικὼτερον
1374 2377 1796 2449 καθαπτομένων
1847 2379 1939 2432 τοῦ

370 2445 652 2545 Βῖκτοροςξ
672 2445 794 2526 πΕν
823 2466 905 2535 οἷς
939 2445 1033 2524 καὶ
1070 2473 1098 2524 ὁ
1134 2445 1418 2541 Εἰρηναῖος
1459 2472 1523 2523 ὲκ
1557 2445 1842 2541 προσώπου
1867 2463 1940 2521 ὧν

369 2566 560 2635 ἠγεῖτο
591 2565 700 2636 (71)
741 2562 883 2617 κατὰ
913 2563 1010 2634 τὴν
1051 2562 1279 2616 Γαλλίαν
1322 2562 1562 2632 ἀδελφῶν
1608 2563 1938 2626 ἐπιστείλας,

447 2659 492 2690 ³⁷
521 2660 642 2714 Act.
679 2675 731 2714 v.

372 2781 636 2833 tet-iorem
659 2778 946 2832 lectionem
978 2777 1111 2832 Rob.
1144 2776 1418 2847 Stephano
1449 2776 1716 2848 placuisse
1742 2780 1930 2834 miror.

371 2852 536 2906 Certe
566 2848 790 2921 Eminus
811 2849 974 2921 ἧρνυε
1021 2849 1166 2921 legit,
1207 2859 1268 2921 ut
1299 2864 1364 2902 ex
1408 2849 1658 2921 versione
1689 2849 1805 2917 ejus
1833 2865 1930 2918 ap-

371 2929 549 2990 paret.
577 2918 670 2973 Sic
709 2918 864 2972 enim'
897 2920 1076 2979 vertit,
1127 2919 1217 2986 qui
1260 2936 1434 2990 omnes
1481 2919 1554 2972 ita
1595 2920 1932 2974 observarunt

371 2989 514 3044 hunc
556 2990 714 3050 diem,
757 2997 812 3041 ut
855 2991 1148 3042 conveniret
1188 3005 1302 3044 cum
1347 2989 1439 3042 illo
1477 3005 1579 3058 quo
1622 2990 1932 3058 fermentum

371 3062 681 3115 Juda'orum
707 3059 934 3128 populus
966 3059 1161 3130 aufert.
1192 3059 1469 3130 Facessat,
1488 3059 1650 3128 igitur
1677 3059 1932 3130 deinceps

372 3130 686 3185 emendatio
715 3144 920 3192 corum,
968 3130 1061 3198 qui
1101 3129 1268 3201 1ἤρτυε
1309 3128 1376 3182 τὰ
1417 3129 1598 3200 ἄζυμα
1643 3131 1729 3183 hic
1775 3128 1930 3184 resti-

377 3211 552 3254 luunt.

443 3270 554 3339 (69)
609 3268 727 3335 Οὓς
765 3268 932 3339 ὑμεῖς
988 3267 1281 3339 ἠξιώσατε
1331 3269 1775 3338 μετακληθῆναι
1833 3273 1933 3326 ὑπ’

371 3338 891 3412 ἐμοῦέδίιτίρεονειι
925 3339 1093 3412 igitur
1125 3338 1305 3394 Victor
1334 3356 1468 3408 papa
1503 3345 1566 3394 ad
1597 3341 1932 3412 Polycratem

376 3409 654 3478 Ephesium
683 3409 1185 3480 m'bisepiseopum,
1218 3419 1296 3476 ut,
1326 3425 1622 3465 convocato
1651 3409 1933 3478 episcOpu-

375 3497 494 3533 rum
525 3481 664 3535 Asia:
681 3479 929 3544 concilio,
966 3480 1174 3534 litteras
1219 3495 1344 3533 suas
1375 3491 1427 3534 et
1461 3482 1782 3535 sententiam
1822 3481 1932 3536 Βοο

375 3551 521 3604 mani
567 3549 776 3604 concilii
805 3551 870 3603 de
913 3549 1278 3604 celebratione
1329 3549 1446 3604 festi
1497 3553 1766 3620 paschalis
1804 3553 1934 3620 ipsis

375 3622 683 3674 recitaret:
726 3620 962 3675 minatus
1009 3634 1126 3674 sese
1170 3619 1314 3673 illum
1343 3636 1372 3674 a
1405 3619 1780 3676 communione
1828 3619 1934 3675 Ro-

377 3705 548 3744 mana:
604 3689 856 3744 Ecclesia:
915 3700 1343 3760 segregaturum,
1404 3691 1504 3760 nisi
1565 3693 1794 3745 decretis
1823 3694 1934 3747 suis

375 3761 798 3827 obtemperaret,
851 3771 903 3813 et
961 3759 1119 3814 minis
1173 3761 1387 3828 quidem
1446 3759 1678 3815 Victoris
1724 3762 1793 3814 ita
1841 3778 1930 3815 re-

374 3830 600 3902 spondet
623 3829 932 3899 Polycrates
952 3831 1052 3885 εΟὐ
1074 3829 1346 3902 πτύρομαι
1376 3831 1466 3882 ἐπὶ
1481 3834 1591 3894 τοῖς
1624 3831 1935 3901 καταπλησ-

376 3899 646 3970 σομένοις.
682 3902 946 3954 Caeterum
999 3902 1139 3968 quod
1173 3899 1360 3954 attinet
1395 3903 1457 3953 ad
1491 3899 1930 3956 convocationein

373 3973 777 4041 episcoporum,
807 3970 1118 4041 Polycrates
1164 3970 1362 4025 Victori
1406 3972 1817 4041 obtemperavit,
1877 3982 1934 4026 ut

374 4057 440 4094 ex
471 4042 570 4093 hoc
595 4040 712 4094 loco
739 4040 982 4109 apparet.

447 4110 557 4181 (70)
614 4109 722 4182 Καὶ
779 4111 1131 4178 στηλιτεύει.
1206 4110 1418 4177 Laugus
1491 4112 1704 4182 quidem
1775 4119 1934 4171 vertit

376 4189 544 4236 notat.
611 4181 884 4235 Musculus
949 4197 1076 4235 vero
1123 4190 1178 4234 et
1229 4181 1749 4251 Cln'istopborsonus
1812 4203 1934 4240 ver-

376 4261 553 4323 terunt
605 4251 879 4315 inve/ritur,
927 4251 1331 4323 quia_scilicet
1396 4253 1795 4323 στηλιτευτικός
1845 4256 1932 4310 λὸ-

412 4337 469 4384 ος
519 4321 770 4374 inrecliva
799 4322 968 4374 oratio
1002 4321 1219 4374 dicitur.
1267 4321 1531 4376 Caeterum
1569 4340 1686 4377 cum
1720 4328 1831 4380 lucc
1865 4330 1932 4379 ab

395 4391 606 4445 Eusebio
655 4392 938 4446 obscurius
976 4401 1193 4444 narrata
1242 4393 1369 4454 sint,
1416 4393 1568 4446 multi
1619 4395 1934 4450 dubitarunt

377 4473 556 4514 utrum
608 4460 791 4542 Victor
827 4477 988 4542 papa.
1016 4461 1286 4516 Ecclesias
1316 4463 1456 4544 Asia:
1503 4479 1530 4514 a
1558 4469 1933 4520 communione
1968 4492 2010 4544 ι)

377 4547 474 4583 sua
509 4545 692 4584 revera
720 4531 1037 4599 sejunxerit,
1092 4548 1159 4584 an
1204 4547 1328 4584 vero
1371 4534 1421 4586 id
1453 4543 1654 4587 tantum
1705 4549 1932 4590 conatus

377 4613 539 4669 atque
569 4603 948 4655 interminatus
975 4603 1061 4655 sit.
1104 4603 1259 4668 Quod
1315 4603 1379 4654 ad
1429 4618 1513 4656 me
1565 4603 1777 4669 attinet,
1833 4607 1932 4662 hoc

376 4682 703 4739 postremum
756 4673 936 4725 verius
986 4683 1130 4740 puto.
1191 4673 1398 4726 Etenim
1432 4673 1691 4728 Eusebius
1733 4677 1932 4730 diserte

376 4743 508 4794 dicit
531 4740 856 4811 ἀποτέμνειν
889 4743 1163 4812 πειρᾶται.
1190 4742 1393 4812 Deinde
1420 4744 1662 4810 epistola:
1680 4744 1862 4800 lrenzei
1881 4760 1934 4798 et

377 4812 601 4863 aliorum
653 4811 1024 4880 episcoporum
1070 4815 1134 4866 ad
1198 4811 1464 4866 Victorem
1513 4816 1747 4883 scriptm,
1802 4822 1933 4870 Satis

376 4891 609 4948 arguunt
643 4899 754 4935 rem
793 4885 968 4936 adhuc
1004 4883 1055 4935 in
1107 4885 1357 4952 pendenti
1400 4883 1584 4950 fuisse,
1649 4902 1742 4940 nec
1777 4887 1932 4939 dant-

376 4953 608 5005 nationis
634 4955 951 5006 sententiam
985 4952 1265 5006 etiamtum
1301 4970 1329 5006 a
1359 4953 1575 5007 Victore
1621 4957 1672 5007 in
1707 4957 1932 5010 Asianos

378 5022 540 5074 fuisse
566 5025 848 5090 prolatam.
879 5023 969 5076 Sic
991 5024 1133 5076 enim
1158 5026 1344 5077 scribit
1375 5025 1636 5078 Eusebius
1661 5028 1724 5078 de
1751 5027 1929 5080 lrena:i

375 5090 568 5168 litteris
602 5096 663 5168 ad
698 5091 964 5168 Victorem
992 5109 1005 5144 :
1037 5094 1128 5168 Τῷ
1160 5094 1361 5168 γ-ἱμὴν
1391 5095 1602 5168 Βῖκτοίρι
1637 5096 1935 5168 προσηκόν-

373 5178 478 5234 τως
503 5161 576 5226 ὡς
606 5163 680 5233 μὴ
709 5163 1003 5214 ἀποκόπτοι
1033 5161 1510 5234 ὅλαςἙκκλησίας
1536 5161 1690 5230 Θεοῦ,
1713 5161 1935 5220 πλεῖστα

373 5231 535 5302 ἕτερα
595 5231 874 5305 παραινεῖ,
919 5234 1160 5288 Nondum
1214 5249 1342 5302 ergo
1378 5231 1660 5290 'Ecclesias
1711 5241 1854 5291 Asia:
1904 5256 1931 5290 a

373 5304 747 5356 communione
792 5304 974 5357 Victor
1024 5305 1351 5368 absciderat,
1395 5322 1514 5357 cum
1569 5309 1666 5361 has
1726 5309 1934 5362 litteras

375 5372 628 5450 scriberet
654 5372 906 5450 lrenaens,
944 5377 1377 5450 quandoquidem
1412 5375 1676 5450 Victorem
1703 5377 1934 5431 [renuens

377 5443 460 5494 his
526 5444 719 5495 litteris
763 5446 1038 5508 admonet,
1100 5443 1339 5499 neiillas
1390 5446 1459 5498 oh
1510 5451 1703 5501 vetusti
1772 5453 1935 5502 moris

372 5512 767 5588 observantiam
815 5529 844 5566 a
898 5515 1060 5568 totius
1091 5514 1346 5569 Ecclesiae
1393 5530 1614 5585 corpore
1657 5517 1934 5588 scjungern

375 5581 520 5654 velit.
574 5584 824 5654 Socrates
887 5596 1062 5636 tamen
1121 5589 1170 5638 in
1213 5587 1349 5639 libro
1374 5601 1424 5650 v,
1470 5581 1568 5654 cap
1602 5581 1932 5652 ‘22,]ﬁtis'ebii

376 5653 536 5722 verba
584 5653 653 5705 ita
702 5656 933 5720 accepit,
969 5657 1118 5722 quasi
1155 5654 1332 5708 Victor
1362 5653 1589 5710 Asianos
1623 5676 1650 5710 a
1699 5674 1936 5712 commu-

377 5719 535 5801 nione
561 5738 655 5801 sua
692 5719 1051 5801 separaverit.
1081 5727 1258 5796 Atque
1291 5725 1362 5779 ita
1397 5740 1583 5801 anetor
1609 5728 1750 5780 Libri
1777 5745 1934 5798 syno-

375 5791 499 5856 dici,
534 5791 686 5858 cujus
716 5791 891 5847 tamen
936 5791 1295 5850 testimonium
1337 5799 1487 5865 parvi
1522 5797 1684 5852 facio.
1741 5791 1937 5855 Obser-

2049 1945 2154 1998 que
2180 1931 2580 1999 provinciarum
2623 1930 2892 1984 Eeclesias
2937 1938 3188 1999 tanquam
3225 1927 3498 1983 contraria
3528 1941 3614 1982 re-

2051 2030 2149 2076 ctae
2180 2022 2302 2077 ﬁdei
2337 2024 2653 2088 sentientes,
2688 2038 2717 2076 a
2763 2021 3144 2077 communione
3174 2019 3494 2075 abscindere
3521 2032 3611 2073 co-

2050 2125 2241 2179 natur;
2300 2115 2543 2184 datisque
2588 2115 2784 2169 litteris
2831 2115 3114 2168 universos
3160 2113 3250 2182 qui
3313 2110 3421 2164 illic
3452 2116 3614 2164 erant

2049 2204 2243 2259 fratres
2276 2206 2588 2275 proscribit,
2622 2216 2675 2259 et
2729 2206 2797 2258 ab
2854 2206 3059 2258 unitate
3089 2203 3343 2257 Ecclesia:
3388 2214 3611 2272 prorsus

2048 2297 2253 2352 alienos
2292 2313 2412 2353 esse
2450 2298 2780 2367 pronuntiat.
2821 2297 3015 2350 Verum
3051 2295 3166 2349 haec
3225 2309 3330 2347 non
3360 2292 3612 2347 omnibus

2049 2387 2336 2456 placebant
2381 2389 2669 2458 episcopis.
2717 2387 2953 2443 Proinde
2986 2385 3260 2442 Victorem
3291 2400 3356 2438 ex
3385 2385 3612 2439 adverso

2049 2477 2248 2530 hortati
2279 2486 2425 2542 sunt,
2458 2486 2516 2530 ut
2555 2493 2616 2530 ea
2676 2478 2853 2548 potius
2895 2477 3099 2532 sentire
3135 2475 3296 2530 vellet
3324 2488 3443 2544 qua:
3490 2473 3610 2544 paci

2047 2561 2102 2619 et
2124 2568 2316 2623 unitati
2346 2569 2704 2638 charitatiqne
2734 2585 2858 2639 erga
2885 2570 3188 2640 proximum
3219 2567 3608 2638 congruebant.

2037 2782 2156 2834 vavi
2211 2781 2352 2835 enim
2397 2780 2541 2834 illum
2581 2781 2922 2848 scriptorem,
2948 2777 3192 2847 quisquis
3233 2776 3413 2848 fuerit,
3444 2775 3612 2848 multa

2043 2863 2244 2906 temere
2270 2851 2604 2918 conﬁngere.
2642 2845 2744 2903 Séd
2774 2845 3013 2903 nostrain
3055 2845 3379 2902 sententiam
3411 2845 3612 2918 conlir-

2039 2931 2168 2988 mat,
2203 2922 2378 2991 primo
2425 2917 2691 2991 Eusebius
2745 2921 2859 2987 ipse
2909 2919 2960 2971 in
3025 2918 3156 2991 locis
3177 2917 3607 2991 supracitatis.

2039 2986 2236 3047 Deinde
2266 2991 2492 3046 Photius
2519 2991 2568 3044 in
2601 2989 2942 3050 Bibliotheca.
2981 3004 3100 3054 cap.
3140 2986 3262 3046 ΩΟ.
3296 2987 3386 3040 ubi
3418 2987 3610 3040 scribit

1981 3113 1998 3126 ,
2036 3061 2302 3116 lrenanun
2387 3062 2568 3132 plures
2638 3061 2848 3132 dedisse
2924 3059 3154 3132 litteras_
3202 3059 3266 3132 ad
3342 3055 3606 3132 Victorem

1960 3114 1998 3165 C
2036 3114 2642 3203 papa—miduin”illum
2699 3131 2949 3203 hortatur
2990 3143 3056 3182 nc
3107 3127 3175 3203 ob
3211 3127 3607 3203 dissensionem

2042 3197 2116 3256 de
2155 3203 2358 3256 Pascha
2408 3201 2544 3255 ttllos
2598 3219 2624 3254 a
2679 3199 3058 3254 communione
3120 3197 3371 3252 Ecclesia:
3429 3210 3612 3264 segre-

2077 3283 2212 3327 aret.
2258 3273 2400 3342 Ergo
2447 3281 2570 3325 ante
2617 3272 2822 3324 litteras
2862 3270 3047 3322 Irenrei
3104 3269 3373 3342 neminem
3432 3268 3611 3342 adhuc

2077 3290 2212 3327 aret.
2258 3290 2400 3342 rang
2447 3290 2570 3325 ante
2617 3290 2822 3324 Itlteras
2862 3290 3047 3322 II'CIIZBI
3104 3290 3373 3323 IIUIIIIIICIII
3432 3290 3608 3321 ίιυιιυυ

2041 3290 2226 3397 ξτίοιοι·
2260 3361 2286 3396 a
2319 3342 2698 3397 communione
2733 3342 3100 3409 praesciderat.
3139 3339 3244 3393 Sed
3293 3351 3466 3409 neque
3504 3337 3608 3391 dici

2041 3423 2218 3482 potest
2270 3421 2390 3480 post
2432 3412 2686 3480 epistolas
2733 3407 2924 3482 'lrenzei
2977 3411 3025 3482 id
3082 3426 3110 3462 a
3145 3410 3363 3482 Victore
3405 3407 3606 3482 factum

2042 3477 2233 3538 luisse.
2266 3477 2644 3536 Primo—enim
2695 3481 2954 3535 Eusebius
3003 3480 3104 3533 hoc
3162 3495 3264 3533 non
3314 3477 3464 3537 dicit,
3500 3492 3606 3530 non

2040 3555 2337 3608 omissuros
2387 3554 2590 3620 utique,
2622 3554 2667 3607 si
2720 3553 2768 3605 id
2827 3567 2856 3604 a
2899 3548 3118 3605 Victore
3171 3561 3356 3619 postea
3397 3547 3608 3620 iactum

2042 3625 2250 3678 luisset.
2329 3621 2440 3677 lino
2485 3618 2637 3675 _vcro
2707 3637 2927 3690 prorsus
2993 3618 3325 3675 contrarium
3395 3618 3606 3680 innuit,

2039 3694 2164 3747 dum
2202 3695 2457 3747 lrenauun
2505 3693 2574 3745 ob
2623 3693 2924 3760 hujusmodi
2976 3691 3188 3746 litteras
3208 3699 3366 3743 vocat
3393 3690 3608 3760 εῐρηνοῖ

2041 3764 2210 3824 ποιόν,
2266 3765 2315 3816 id
2343 3771 2426 3815 est
2454 3763 2598 3828 pacis
2626 3757 2914 3816 auctorem.
2965 3761 3184 3815 Litterae
3214 3760 3377 3828 igitur
3419 3757 3608 3812 lrentei

2040 3839 2104 3888 ad
2158 3834 2430 3888 Victorem
2472 3848 2664 3900 papam
2705 3834 2940 3898 scriptze,
2981 3845 3165 3900 pacem
3195 3828 3451 3882 Ecclesia:
3481 3843 3610 3895 pra--

2040 3905 2312 3958 stiternnt.
2349 3903 2480 3955 Cum
2542 3905 2684 3956 enim
2721 3901 2902 3955 Victor
2951 3911 3174 3969 paratus
3205 3907 3357 3952 esset
3390 3913 3608 3951 excom-

2041 3974 2420 4028 municationis
2451 3975 2770 4026 sententiam
2795 3968 3044 4039 promere
3075 3971 3337 4022 adversus
3353 3968 3606 4027 Asianos,

2041 4043 2223 4097 lreuasi
2256 4042 2480 4111 epistola
2519 4059 2641 4096 eum
2689 4058 2717 4096 a
2755 4042 2981 4111 consilio
3009 4039 3606 4111 dimovit._Quare‘tron

2041 4107 2307 4168 assentior
2337 4111 2624 4178 Halloixio,
2661 4111 2748 4180 qui
2778 4114 2860 4165 at?
2899 4110 3064 4164 Vitam
3092 4107 3300 4168 Iremei,
3331 4125 3452 4178 pag.
3479 4107 3606 4180 668,

2039 4186 2236 4237 asserit
2271 4182 2536 4236 Victorem
2594 4179 2854 4237 adversus
2884 4182 3116 4236 Asianos
3166 4179 3606 4234 excommunica-

2044 4256 2203 4307 tionis
2235 4253 2420 4306 tulisse
2447 4255 2797 4307 sententiam.

2110 4325 2221 4393 (71)
2257 4323 2569 4392 Εἰρηναῖος
2593 4324 2660 4377 ἐκ
2689 4323 3011 4391 προσώπου
3041 4315 3129 4375 ὧν
3156 4318 3376 4390 ἡγεῖτο.
3407 4316 3612 4393 Fit_igi-

2043 4388 2127 4447 tur
2175 4388 2288 4448 haec
2322 4388 2797 4464 'lrenwrepistola
2839 4394 3120 4464 synodica,
3179 4388 3364 4460 utpote
3408 4388 3609 4455 scripta

2044 4466 2260 4520 muniue
2330 4465 2700 4519 Ecclesiarum
2755 4463 2976 4528 Galliae,
3049 4464 3204 4532 cujus
3271 4467 3432 4532 caput
3491 4468 3613 4511 erat

2041 4535 2380 4604 Lugdunum.
2427 4533 2658 4590 Proinde
2701 4537 2815 4589 haec
2848 4527 3075 4603 epistola
3114 4527 3304 4604 referri
3337 4527 3611 4604 debuerat

2043 4597 2181 4658 intér
2247 4606 2476 4659 concilia
2537 4605 2745 4669 Galliae,
2805 4597 3044 4657 nt'olim
3099 4602 3282 4657 monui
3343 4597 3608 4669 Jacobum

2043 4675 2412 4741 Sirmondum,
2445 4679 2617 4729 virum
2656 4676 3045 4734 doctissimum,
3098 4687 3195 4727 nec
3232 4686 3466 4740 unquam
3505 4668 3608 4721 nisi

2041 4747 2334 4800 honorifice
2362 4747 2768 4799 nominandum.
2798 4746 3008 4798 Etenim
3035 4745 3119 4798 ille
3144 4743 3432 4796 editionem
3457 4753 3609 4792 suam

2042 4815 2400 4870 Conciliorum
2433 4815 2620 4870 Gallia:
2655 4831 2683 4866 a
2718 4817 3057 4870 Constantini
3093 4811 3422 4879 temporibus
3451 4822 3613 4863 exor-

2042 4902 2135 4940 sus
2167 4897 2282 4951 est;
2335 4887 2439 4940 hoc
2483 4886 2653 4939 solum
2719 4887 2771 4939 in
2824 4886 3138 4954 prazl'atione
3184 4897 3294 4954 sua
3337 4881 3612 4954 monuisse

2041 4949 2347 5027 contentus,
2375 4958 2504 5010 duas
2529 4957 2760 5027 synodos
2786 4949 3171 5025 Lugdunenses
3188 4951 3383 5027 quibus
3397 4949 3612 5027 praefuit

2041 5025 2276 5081 lremeus
2304 5023 2597 5080 memorari
2634 5044 2647 5079 :
2681 5023 2908 5096 quarum
2938 5027 2988 5078 in
3020 5027 3186 5096 altera
3221 5023 3610 5096 Valentinuset

2041 5097 2277 5150 Marcion
2301 5097 2537 5149 damnati
2568 5089 2773 5151 sintfln
2803 5100 2970 5150 altera
3005 5110 3137 5149 vero
3159 5093 3366 5147 Pascha
3392 5089 3607 5144 nonnisi

2043 5169 2127 5220 die
2163 5167 2440 5220 Dominico
2475 5168 2859 5221 celebrandum
2905 5183 3026 5220 cum
3051 5163 3308 5220 tredecim
3342 5161 3610 5230 episc0pis

2043 5238 2277 5291 lreuzeus
2307 5237 2563 5290 decrevit.
2612 5238 2807 5290 Vcrtun
2833 5269 2836 5273 -
2859 5238 3113 5305 quoniam
3156 5234 3352 5305 harum
3377 5235 3610 5300 synodo-

2045 5325 2160 5361 rum
2193 5309 2477 5361 obscurior
2503 5321 2646 5361 esset
2674 5302 2952 5368 memoria,
2987 5309 3105 5361 ideo
3139 5321 3198 5358 se
3229 5302 3346 5357 illas
3384 5312 3608 5369 praeter-

2045 5379 2256 5431 misisse
2280 5380 2488 5431 scribit.
2514 5378 2624 5448 ligo
2647 5393 2775 5432 vero
2796 5381 2991 5446 prioris
3014 5377 3229 5446 quidem
3253 5373 3394 5448 illius
3415 5369 3605 5448 synodi

2043 5449 2414 5516 Lugdunensis
2452 5436 2622 5502 lateor
2649 5436 2935 5502 obscuram
2971 5436 3089 5501 esse
3131 5436 3605 5516 titetitot'iatit'._$_ed

2044 5508 2310 5584 posterior
2337 5518 2426 5570 illa
2454 5520 2502 5571 in
2532 5535 2636 5588 qua
2662 5520 2726 5571 de
2764 5521 2851 5572 die
2881 5519 3097 5572 Pasuhat:
3131 5520 3456 5588 actum_cst,
3489 5508 3607 5562 illu-

2045 5582 2314 5641 strissimo
2345 5582 2565 5642 liusehii'
2590 5590 2893 5643 testimonio
2923 5590 3290 5643 conlirmatur.
3316 5582 3492 5638 Locus
3524 5590 3610 5635 est

2043 5676 2161 5727 cap.
2184 5658 2253 5711 ‘25
2282 5659 2438 5724 hujus
2461 5661 2604 5723 libri,
2632 5661 2721 5713 tibi
2747 5659 2811 5713 de
2841 5660 3058 5730 synodis
3080 5657 3450 5730 episcoporum
3474 5656 3607 5730 figi}.

2045 5724 2163 5798 qua:
2204 5730 2273 5784 ob
2300 5733 2727 5784 controversiam
2764 5724 2928 5800 super
2955 5728 3353 5800 Paschavnriis
3389 5727 3440 5778 in
3472 5724 3609 5800 locis

2046 5797 2382 5870 congregaue
2415 5813 2560 5866 sunt,
2595 5813 2645 5855 et
2683 5803 2744 5854 de
2775 5797 3049 5871 synodicis
3102 5799 3361 5868 cujusque
3391 5797 3610 5853 concilii.
