  <div class='ocr_page' id='page_1' title='image "/cluster/home/n/w/nwhite01/storage/ocr_20150623/20/hvd.32044073501181/265.png"; bbox 0 0 4112 6428; ppageno 0'>
   <div class='ocr_carea' id='block_1_1' title="bbox 502 305 620 362">
    <p class='ocr_par' dir='ltr' id='par_1_1' title="bbox 502 305 620 362">
     <span class='ocr_line' id='line_1_1' title="bbox 502 305 620 362; baseline 0 0"><span class='ocrx_word' id='word_1_1' title='bbox 502 305 620 362; x_wconf 76' lang='grc'><strong>’503</strong></span> 
     </span>
    </p>
   </div>
   <div class='ocr_carea' id='block_1_2' title="bbox 1251 279 3066 363">
    <p class='ocr_par' dir='ltr' id='par_1_2' title="bbox 1251 279 3066 363">
     <span class='ocr_line' id='line_1_2' title="bbox 1251 279 3066 363; baseline -0.001 0"><span class='ocrx_word' id='word_1_2' title='bbox 1251 305 1521 363; x_wconf 86' lang='lat' dir='ltr'><strong>EUSEBII</strong></span> <span class='ocrx_word' id='word_1_3' title='bbox 1560 301 2036 361; x_wconf 67' lang='lat' dir='ltr'><strong>CESARIENSIS</strong></span> <span class='ocrx_word' id='word_1_4' title='bbox 2073 279 2228 358; x_wconf 77' lang='lat' dir='ltr'><strong>Opp.</strong></span> <span class='ocrx_word' id='word_1_5' title='bbox 2267 303 2447 360; x_wconf 72' lang='lat' dir='ltr'><strong>PARS</strong></span> <span class='ocrx_word' id='word_1_6' title='bbox 2484 303 2525 359; x_wconf 87' lang='grc' dir='ltr'><strong>ι.</strong></span> <span class='ocrx_word' id='word_1_7' title='bbox 2567 333 2641 345; x_wconf 89' lang='grc'><strong><em>-</em></strong></span> <span class='ocrx_word' id='word_1_8' title='bbox 2675 300 3066 361; x_wconf 61' lang='grc' dir='ltr'><strong>ιιιετοιιιολ.</strong></span> 
     </span>
    </p>
   </div>
   <div class='ocr_carea' id='block_1_3' title="bbox 3728 290 3849 347">
    <p class='ocr_par' dir='ltr' id='par_1_3' title="bbox 3728 290 3849 347">
     <span class='ocr_line' id='line_1_3' title="bbox 3728 290 3849 347; baseline 0 0"><span class='ocrx_word' id='word_1_9' title='bbox 3728 290 3849 347; x_wconf 74' lang='grc' dir='ltr'><strong>5οι</strong></span> 
     </span>
    </p>
   </div>
   <div class='ocr_carea' id='block_1_4' title="bbox 515 405 2103 492">
    <p class='ocr_par' dir='ltr' id='par_1_4' title="bbox 515 419 2085 492">
     <span class='ocr_line' id='line_1_4' title="bbox 515 419 2085 492; baseline -0.003 -15"><span class='ocrx_word' id='word_1_10' title='bbox 515 419 661 477; x_wconf 82' lang='lat' dir='ltr'><strong>enim</strong></span> <span class='ocrx_word' id='word_1_11' title='bbox 717 421 1033 476; x_wconf 79' lang='lat' dir='ltr'><strong>existimant</strong></span> <span class='ocrx_word' id='word_1_12' title='bbox 1061 421 1222 476; x_wconf 88' lang='lat' dir='ltr'><strong>unico</strong></span> <span class='ocrx_word' id='word_1_13' title='bbox 1275 422 1360 478; x_wconf 88' lang='lat' dir='ltr'><strong>die</strong></span> <span class='ocrx_word' id='word_1_14' title='bbox 1402 421 1502 476; x_wconf 87' lang='lat' dir='ltr'><strong>sibi</strong></span> <span class='ocrx_word' id='word_1_15' title='bbox 1533 437 1654 477; x_wconf 85' lang='lat' dir='ltr'><strong>esse</strong></span> <span class='ocrx_word' id='word_1_16' title='bbox 1680 420 2039 492; x_wconf 84' lang='lat' dir='ltr'><strong>jejunandum</strong></span> <span class='ocrx_word' id='word_1_17' title='bbox 2072 437 2085 473; x_wconf 93' lang='lat'>:</span> 
     </span>
    </p>
   </div>
   <div class='ocr_carea' id='block_1_5' title="bbox 2208 405 3847 492">
    <p class='ocr_par' dir='ltr' id='par_1_5' title="bbox 2208 405 3847 490">
     <span class='ocr_line' id='line_1_5' title="bbox 2208 405 3847 490; baseline -0.008 -18"><span class='ocrx_word' id='word_1_18' title='bbox 2208 416 2567 490; x_wconf 72' lang='grc' dir='ltr'><strong>τυμμετροῦσι</strong></span> <span class='ocrx_word' id='word_1_19' title='bbox 2604 416 2703 489; x_wconf 82' lang='grc' dir='ltr'>τὴν</span> <span class='ocrx_word' id='word_1_20' title='bbox 2744 418 2962 490; x_wconf 77' lang='grc' dir='ltr'>ἡμέραν</span> <span class='ocrx_word' id='word_1_21' title='bbox 2999 416 3177 471; x_wconf 79' lang='grc' dir='ltr'>αὐτῶν</span> <span class='ocrx_word' id='word_1_22' title='bbox 3223 414 3353 487; x_wconf 86' lang='lat'><strong>(79).</strong></span> <span class='ocrx_word' id='word_1_23' title='bbox 3386 412 3516 470; x_wconf 70' lang='grc' dir='ltr'>Καὶ</span> <span class='ocrx_word' id='word_1_24' title='bbox 3578 405 3847 475; x_wconf 79' lang='grc' dir='ltr'><strong>τοιαύτη</strong></span> 
     </span>
    </p>
   </div>
   <div class='ocr_carea' id='block_1_6' title="bbox 516 506 2086 579">
    <p class='ocr_par' dir='ltr' id='par_1_6' title="bbox 516 506 2086 579">
     <span class='ocr_line' id='line_1_6' title="bbox 516 506 2086 579; baseline -0.003 -16"><span class='ocrx_word' id='word_1_25' title='bbox 516 510 604 563; x_wconf 86' lang='lat' dir='ltr'><strong>alii</strong></span> <span class='ocrx_word' id='word_1_26' title='bbox 631 510 865 573; x_wconf 88' lang='lat' dir='ltr'><strong>duobus,</strong></span> <span class='ocrx_word' id='word_1_27' title='bbox 906 509 997 564; x_wconf 82' lang='lat' dir='ltr'><strong>alii</strong></span> <span class='ocrx_word' id='word_1_28' title='bbox 1041 509 1328 579; x_wconf 89' lang='lat' dir='ltr'><strong>pluribus:</strong></span> <span class='ocrx_word' id='word_1_29' title='bbox 1367 509 1602 563; x_wconf 85' lang='lat' dir='ltr'><strong>nonnulli</strong></span> <span class='ocrx_word' id='word_1_30' title='bbox 1659 510 1821 563; x_wconf 88' lang='lat' dir='ltr'><strong>etiam</strong></span> <span class='ocrx_word' id='word_1_31' title='bbox 1854 506 2086 576; x_wconf 89' lang='lat' dir='ltr'><strong>quadra-</strong></span> 
     </span>
    </p>
   </div>
   <div class='ocr_carea' id='block_1_7' title="bbox 516 597 2085 670">
    <p class='ocr_par' dir='ltr' id='par_1_7' title="bbox 516 597 2085 670">
     <span class='ocr_line' id='line_1_7' title="bbox 516 597 2085 670; baseline -0.002 -18"><span class='ocrx_word' id='word_1_32' title='bbox 516 602 665 669; x_wconf 68' lang='lat' dir='ltr'><strong>ginta</strong></span> <span class='ocrx_word' id='word_1_33' title='bbox 690 601 841 655; x_wconf 86' lang='lat' dir='ltr'><strong>horis</strong></span> <span class='ocrx_word' id='word_1_34' title='bbox 866 601 1081 655; x_wconf 81' lang='lat' dir='ltr'><strong>diurnis</strong></span> <span class='ocrx_word' id='word_1_35' title='bbox 1114 600 1375 670; x_wconf 16' lang='lat' dir='ltr'><strong>193lac</strong></span> <span class='ocrx_word' id='word_1_36' title='bbox 1433 599 1712 653; x_wconf 87' lang='lat' dir='ltr'><strong>nocturnis</strong></span> <span class='ocrx_word' id='word_1_37' title='bbox 1760 597 2085 667; x_wconf 89' lang='lat' dir='ltr'><strong>computatis</strong></span> 
     </span>
    </p>
   </div>
   <div class='ocr_carea' id='block_1_8' title="bbox 518 688 2085 758">
    <p class='ocr_par' dir='ltr' id='par_1_8' title="bbox 518 688 2085 758">
     <span class='ocr_line' id='line_1_8' title="bbox 518 688 2085 758; baseline 0.001 -17"><span class='ocrx_word' id='word_1_38' title='bbox 518 691 659 743; x_wconf 90' lang='lat' dir='ltr'><strong>diem</strong></span> <span class='ocrx_word' id='word_1_39' title='bbox 690 705 843 742; x_wconf 87' lang='lat' dir='ltr'><strong>suum</strong></span> <span class='ocrx_word' id='word_1_40' title='bbox 895 690 1215 743; x_wconf 88' lang='lat' dir='ltr'><strong>metiuntur.</strong></span> <span class='ocrx_word' id='word_1_41' title='bbox 1268 690 1444 758; x_wconf 82' lang='lat' dir='ltr'><strong>Atque</strong></span> <span class='ocrx_word' id='word_1_42' title='bbox 1476 689 1587 741; x_wconf 65' lang='lat' dir='ltr'><strong>haec</strong></span> <span class='ocrx_word' id='word_1_43' title='bbox 1643 688 1696 741; x_wconf 93' lang='lat' dir='ltr'><strong>in</strong></span> <span class='ocrx_word' id='word_1_44' title='bbox 1745 688 2085 742; x_wconf 79' lang='lat' dir='ltr'><strong>observando</strong></span> 
     </span>
    </p>
   </div>
   <div class='ocr_carea' id='block_1_9' title="bbox 514 778 2086 851">
    <p class='ocr_par' dir='ltr' id='par_1_9' title="bbox 514 778 2086 851">
     <span class='ocr_line' id='line_1_9' title="bbox 514 778 2086 851; baseline -0.003 -18"><span class='ocrx_word' id='word_1_45' title='bbox 514 778 718 851; x_wconf 88' lang='lat' dir='ltr'><strong>jejunio</strong></span> <span class='ocrx_word' id='word_1_46' title='bbox 751 780 994 834; x_wconf 77' lang='lat' dir='ltr'><strong>varietas</strong></span> <span class='ocrx_word' id='word_1_47' title='bbox 1021 795 1125 833; x_wconf 92' lang='lat' dir='ltr'><strong>non</strong></span> <span class='ocrx_word' id='word_1_48' title='bbox 1151 788 1336 834; x_wconf 88' lang='lat' dir='ltr'><strong>nostra</strong></span> <span class='ocrx_word' id='word_1_49' title='bbox 1369 780 1605 848; x_wconf 91' lang='lat' dir='ltr'><strong>primum</strong></span> <span class='ocrx_word' id='word_1_50' title='bbox 1635 786 1794 832; x_wconf 76' lang='lat' dir='ltr'><strong>mtate</strong></span> <span class='ocrx_word' id='word_1_51' title='bbox 1830 787 1955 831; x_wconf 89' lang='lat' dir='ltr'><strong>nata</strong></span> <span class='ocrx_word' id='word_1_52' title='bbox 1979 787 2086 840; x_wconf 88' lang='lat' dir='ltr'><strong>est,</strong></span> 
     </span>
    </p>
   </div>
   <div class='ocr_carea' id='block_1_10' title="bbox 518 871 2084 942">
    <p class='ocr_par' dir='ltr' id='par_1_10' title="bbox 518 871 2084 942">
     <span class='ocr_line' id='line_1_10' title="bbox 518 871 2084 942; baseline -0.006 -14"><span class='ocrx_word' id='word_1_53' title='bbox 518 872 615 928; x_wconf 86' lang='lat' dir='ltr'><strong>sed</strong></span> <span class='ocrx_word' id='word_1_54' title='bbox 644 872 799 941; x_wconf 82' lang='lat' dir='ltr'><strong>longe</strong></span> <span class='ocrx_word' id='word_1_55' title='bbox 823 882 983 926; x_wconf 90' lang='lat' dir='ltr'><strong>antea</strong></span> <span class='ocrx_word' id='word_1_56' title='bbox 1020 873 1159 942; x_wconf 91' lang='lat' dir='ltr'><strong>apud</strong></span> <span class='ocrx_word' id='word_1_57' title='bbox 1200 871 1432 937; x_wconf 83' lang='lat' dir='ltr'><strong>majores</strong></span> <span class='ocrx_word' id='word_1_58' title='bbox 1458 878 1681 925; x_wconf 88' lang='lat' dir='ltr'><strong>nostros</strong></span> <span class='ocrx_word' id='word_1_59' title='bbox 1728 871 1892 939; x_wconf 67' lang='lat' dir='ltr'><strong>etrapit</strong></span> <span class='ocrx_word' id='word_1_60' title='bbox 1926 887 1939 923; x_wconf 90' lang='lat'><strong>:</strong></span> <span class='ocrx_word' id='word_1_61' title='bbox 1998 871 2084 936; x_wconf 89' lang='lat' dir='ltr'><strong>qui</strong></span> 
     </span>
    </p>
   </div>
   <div class='ocr_carea' id='block_1_11' title="bbox 521 960 2090 1033">
    <p class='ocr_par' dir='ltr' id='par_1_11' title="bbox 521 960 2090 1033">
     <span class='ocr_line' id='line_1_11' title="bbox 521 960 2090 1033; baseline -0.003 -14"><span class='ocrx_word' id='word_1_62' title='bbox 521 963 905 1033; x_wconf 83' lang='lat' dir='ltr'><strong>negligentius,</strong></span> <span class='ocrx_word' id='word_1_63' title='bbox 924 970 991 1016; x_wconf 87' lang='lat' dir='ltr'><strong>ut</strong></span> <span class='ocrx_word' id='word_1_64' title='bbox 1015 961 1315 1017; x_wconf 78' lang='lat' dir='ltr'><strong>verisimile</strong></span> <span class='ocrx_word' id='word_1_65' title='bbox 1339 972 1444 1028; x_wconf 88' lang='lat' dir='ltr'><strong>est,</strong></span> <span class='ocrx_word' id='word_1_66' title='bbox 1468 961 1841 1030; x_wconf 64' lang='lat' dir='ltr'><strong>praesidentes,</strong></span> <span class='ocrx_word' id='word_1_67' title='bbox 1871 974 1936 1014; x_wconf 86' lang='lat' dir='ltr'><strong>ex</strong></span> <span class='ocrx_word' id='word_1_68' title='bbox 1962 960 2060 1015; x_wconf 89' lang='lat' dir='ltr'><strong>sim</strong></span> <span class='ocrx_word' id='word_1_69' title='bbox 2078 991 2090 999; x_wconf 91' lang='lat'><strong>-</strong></span> 
     </span>
    </p>
   </div>
   <div class='ocr_carea' id='block_1_12' title="bbox 516 1054 2093 1126">
    <p class='ocr_par' dir='ltr' id='par_1_12' title="bbox 516 1054 2093 1126">
     <span class='ocr_line' id='line_1_12' title="bbox 516 1054 2093 1126; baseline 0.001 -19"><span class='ocrx_word' id='word_1_70' title='bbox 516 1055 763 1126; x_wconf 83' lang='lat' dir='ltr'><strong>plicitate</strong></span> <span class='ocrx_word' id='word_1_71' title='bbox 792 1065 847 1110; x_wconf 90' lang='lat' dir='ltr'><strong>et</strong></span> <span class='ocrx_word' id='word_1_72' title='bbox 872 1055 1144 1125; x_wconf 89' lang='lat' dir='ltr'><strong>imperitia</strong></span> <span class='ocrx_word' id='word_1_73' title='bbox 1168 1063 1341 1108; x_wconf 88' lang='lat' dir='ltr'><strong>ortam</strong></span> <span class='ocrx_word' id='word_1_74' title='bbox 1381 1054 1830 1110; x_wconf 83' lang='lat' dir='ltr'><strong>consuetudinem</strong></span> <span class='ocrx_word' id='word_1_75' title='bbox 1862 1054 2093 1122; x_wconf 84' lang='lat' dir='ltr'><strong>posteris</strong></span> 
     </span>
    </p>
   </div>
   <div class='ocr_carea' id='block_1_13' title="bbox 521 1147 2088 1217">
    <p class='ocr_par' dir='ltr' id='par_1_13' title="bbox 521 1147 2088 1217">
     <span class='ocr_line' id='line_1_13' title="bbox 521 1147 2088 1217; baseline -0.002 -14"><span class='ocrx_word' id='word_1_76' title='bbox 521 1148 875 1209; x_wconf 82' lang='lat' dir='ltr'><strong>tradiderunt.</strong></span> <span class='ocrx_word' id='word_1_77' title='bbox 911 1148 1272 1206; x_wconf 80' lang='lat' dir='ltr'><strong>Nihilominus</strong></span> <span class='ocrx_word' id='word_1_78' title='bbox 1296 1157 1476 1204; x_wconf 89' lang='lat' dir='ltr'><strong>tamen</strong></span> <span class='ocrx_word' id='word_1_79' title='bbox 1499 1154 1553 1202; x_wconf 89' lang='lat' dir='ltr'><strong>et</strong></span> <span class='ocrx_word' id='word_1_80' title='bbox 1575 1162 1764 1202; x_wconf 90' lang='lat' dir='ltr'><strong>omnes</strong></span> <span class='ocrx_word' id='word_1_81' title='bbox 1793 1147 1878 1202; x_wconf 87' lang='lat' dir='ltr'><strong>isti</strong></span> <span class='ocrx_word' id='word_1_82' title='bbox 1901 1162 2088 1217; x_wconf 85' lang='lat' dir='ltr'><strong>pacein</strong></span> 
     </span>
    </p>
   </div>
   <div class='ocr_carea' id='block_1_14' title="bbox 521 1302 2089 1374">
    <p class='ocr_par' dir='ltr' id='par_1_14' title="bbox 521 1302 2089 1374">
     <span class='ocr_line' id='line_1_14' title="bbox 521 1302 2089 1374; baseline 0.003 -17"><span class='ocrx_word' id='word_1_83' title='bbox 521 1303 761 1361; x_wconf 84' lang='lat' dir='ltr'><strong>hratum.</strong></span> <span class='ocrx_word' id='word_1_84' title='bbox 795 1305 1101 1367; x_wconf 83' lang='lat' dir='ltr'><strong>Postremo,</strong></span> <span class='ocrx_word' id='word_1_85' title='bbox 1128 1305 1280 1360; x_wconf 86' lang='lat' dir='ltr'><strong>varie</strong></span> <span class='ocrx_word' id='word_1_86' title='bbox 1311 1320 1339 1359; x_wconf 89' lang='lat' dir='ltr'><strong>a</strong></span> <span class='ocrx_word' id='word_1_87' title='bbox 1368 1304 1537 1358; x_wconf 82' lang='lat' dir='ltr'><strong>variis</strong></span> <span class='ocrx_word' id='word_1_88' title='bbox 1571 1302 1738 1360; x_wconf 83' lang='lat' dir='ltr'><strong>fuisse</strong></span> <span class='ocrx_word' id='word_1_89' title='bbox 1762 1304 2089 1374; x_wconf 87' lang='lat' dir='ltr'><strong>jejiinatum.</strong></span> 
     </span>
    </p>
   </div>
   <div class='ocr_carea' id='block_1_15' title="bbox 525 1374 2092 1445">
    <p class='ocr_par' dir='ltr' id='par_1_15' title="bbox 525 1374 2092 1445">
     <span class='ocr_line' id='line_1_15' title="bbox 525 1374 2092 1445; baseline 0.003 -18"><span class='ocrx_word' id='word_1_90' title='bbox 525 1374 752 1445; x_wconf 72' lang='lat' dir='ltr'><strong>Semper</strong></span> <span class='ocrx_word' id='word_1_91' title='bbox 780 1388 959 1431; x_wconf 90' lang='lat' dir='ltr'><strong>autem</strong></span> <span class='ocrx_word' id='word_1_92' title='bbox 1007 1377 1318 1430; x_wconf 83' lang='lat' dir='ltr'><strong>meminisse</strong></span> <span class='ocrx_word' id='word_1_93' title='bbox 1349 1374 1644 1437; x_wconf 89' lang='lat' dir='ltr'><strong>debemus,</strong></span> <span class='ocrx_word' id='word_1_94' title='bbox 1688 1375 1953 1430; x_wconf 74' lang='lat' dir='ltr'><strong>lrenzeum</strong></span> <span class='ocrx_word' id='word_1_95' title='bbox 2004 1377 2092 1431; x_wconf 93' lang='lat' dir='ltr'><strong>hic</strong></span> 
     </span>
    </p>
   </div>
   <div class='ocr_carea' id='block_1_16' title="bbox 523 1443 2092 1517">
    <p class='ocr_par' dir='ltr' id='par_1_16' title="bbox 523 1443 2092 1517">
     <span class='ocr_line' id='line_1_16' title="bbox 523 1443 2092 1517; baseline 0.002 -21"><span class='ocrx_word' id='word_1_96' title='bbox 523 1443 673 1517; x_wconf 86' lang='lat' dir='ltr'><strong>loqui</strong></span> <span class='ocrx_word' id='word_1_97' title='bbox 704 1451 768 1501; x_wconf 87' lang='lat' dir='ltr'><strong>de</strong></span> <span class='ocrx_word' id='word_1_98' title='bbox 793 1448 998 1517; x_wconf 76' lang='lat' dir='ltr'><strong>jejunio</strong></span> <span class='ocrx_word' id='word_1_99' title='bbox 1038 1447 1518 1517; x_wconf 86' lang='lat' dir='ltr'><strong>superposilionis,</strong></span> <span class='ocrx_word' id='word_1_100' title='bbox 1547 1446 1690 1514; x_wconf 88' lang='lat' dir='ltr'><strong>quod</strong></span> <span class='ocrx_word' id='word_1_101' title='bbox 1717 1461 1813 1515; x_wconf 88' lang='lat' dir='ltr'><strong>per</strong></span> <span class='ocrx_word' id='word_1_102' title='bbox 1842 1461 2092 1517; x_wconf 81' lang='lat' dir='ltr'><strong>magnam</strong></span> 
     </span>
    </p>
   </div>
   <div class='ocr_carea' id='block_1_17' title="bbox 526 1515 2090 1572">
    <p class='ocr_par' dir='ltr' id='par_1_17' title="bbox 526 1515 2090 1572">
     <span class='ocr_line' id='line_1_17' title="bbox 526 1515 2090 1572; baseline 0 -4"><span class='ocrx_word' id='word_1_103' title='bbox 526 1515 917 1572; x_wconf 77' lang='lat' dir='ltr'><strong>hebdomadam</strong></span> <span class='ocrx_word' id='word_1_104' title='bbox 944 1532 982 1570; x_wconf 12' lang='lat' dir='ltr'><strong>ea</strong></span> <span class='ocrx_word' id='word_1_105' title='bbox 1021 1515 1354 1572; x_wconf 85' lang='lat' dir='ltr'><strong>Christianis</strong></span> <span class='ocrx_word' id='word_1_106' title='bbox 1393 1516 1792 1571; x_wconf 87' lang='lat' dir='ltr'><strong>celebrabatur.</strong></span> <span class='ocrx_word' id='word_1_107' title='bbox 1825 1515 2090 1570; x_wconf 75' lang='lat' dir='ltr'><strong>Cteterum</strong></span> 
     </span>
    </p>
   </div>
   <div class='ocr_carea' id='block_1_18' title="bbox 525 1585 2090 1651">
    <p class='ocr_par' dir='ltr' id='par_1_18' title="bbox 525 1585 2090 1651">
     <span class='ocr_line' id='line_1_18' title="bbox 525 1585 2090 1651; baseline 0.002 -14"><span class='ocrx_word' id='word_1_108' title='bbox 525 1586 693 1639; x_wconf 80' lang='lat' dir='ltr'><strong>semel</strong></span> <span class='ocrx_word' id='word_1_109' title='bbox 724 1588 967 1641; x_wconf 88' lang='lat' dir='ltr'><strong>admisso</strong></span> <span class='ocrx_word' id='word_1_110' title='bbox 995 1587 1341 1641; x_wconf 87' lang='lat' dir='ltr'><strong>hebdomadis</strong></span> <span class='ocrx_word' id='word_1_111' title='bbox 1364 1585 1640 1641; x_wconf 80' lang='lat' dir='ltr'><strong>Paschalis</strong></span> <span class='ocrx_word' id='word_1_112' title='bbox 1665 1585 1892 1651; x_wconf 89' lang='lat' dir='ltr'><strong>jejunio,</strong></span> <span class='ocrx_word' id='word_1_113' title='bbox 1929 1586 2090 1640; x_wconf 88' lang='lat' dir='ltr'><strong>etiam</strong></span> 
     </span>
    </p>
   </div>
   <div class='ocr_carea' id='block_1_19' title="bbox 527 1653 2091 1725">
    <p class='ocr_par' dir='ltr' id='par_1_19' title="bbox 527 1653 2091 1725">
     <span class='ocr_line' id='line_1_19' title="bbox 527 1653 2091 1725; baseline 0.001 -19"><span class='ocrx_word' id='word_1_114' title='bbox 527 1654 951 1725; x_wconf 83' lang='lat' dir='ltr'><strong>Quadragesima</strong></span> <span class='ocrx_word' id='word_1_115' title='bbox 992 1657 1322 1709; x_wconf 81' lang='lat' dir='ltr'><strong>admittenda</strong></span> <span class='ocrx_word' id='word_1_116' title='bbox 1358 1666 1459 1711; x_wconf 90' lang='lat' dir='ltr'><strong>est.</strong></span> <span class='ocrx_word' id='word_1_117' title='bbox 1485 1656 1616 1710; x_wconf 84' lang='lat' dir='ltr'><strong>Nam</strong></span> <span class='ocrx_word' id='word_1_118' title='bbox 1667 1656 1964 1709; x_wconf 89' lang='lat' dir='ltr'><strong>liebdomas</strong></span> <span class='ocrx_word' id='word_1_119' title='bbox 1994 1653 2091 1708; x_wconf 88' lang='lat' dir='ltr'><strong>Pa-</strong></span> 
     </span>
    </p>
   </div>
   <div class='ocr_carea' id='block_1_20' title="bbox 523 1726 2088 1796">
    <p class='ocr_par' dir='ltr' id='par_1_20' title="bbox 523 1726 2088 1796">
     <span class='ocr_line' id='line_1_20' title="bbox 523 1726 2088 1796; baseline 0.001 -17"><span class='ocrx_word' id='word_1_120' title='bbox 523 1728 729 1782; x_wconf 81' lang='lat' dir='ltr'><strong>schalis</strong></span> <span class='ocrx_word' id='word_1_121' title='bbox 755 1744 877 1795; x_wconf 82' lang='lat' dir='ltr'><strong>pars</strong></span> <span class='ocrx_word' id='word_1_122' title='bbox 900 1738 979 1779; x_wconf 86' lang='lat' dir='ltr'><strong>cst</strong></span> <span class='ocrx_word' id='word_1_123' title='bbox 998 1728 1452 1796; x_wconf 69' lang='lat' dir='ltr'><strong>Quadragesimm.</strong></span> <span class='ocrx_word' id='word_1_124' title='bbox 1478 1729 1556 1782; x_wconf 84' lang='lat' dir='ltr'><strong>Ac</strong></span> <span class='ocrx_word' id='word_1_125' title='bbox 1581 1726 1848 1781; x_wconf 86' lang='lat' dir='ltr'><strong>interdum</strong></span> <span class='ocrx_word' id='word_1_126' title='bbox 1872 1726 2088 1794; x_wconf 88' lang='lat' dir='ltr'><strong>quidem</strong></span> 
     </span>
    </p>
   </div>
   <div class='ocr_carea' id='block_1_21' title="bbox 522 1777 2168 1865">
    <p class='ocr_par' dir='ltr' id='par_1_21' title="bbox 522 1777 2168 1865">
     <span class='ocr_line' id='line_1_21' title="bbox 522 1777 2168 1865; baseline 0.001 -16"><span class='ocrx_word' id='word_1_127' title='bbox 522 1777 787 1864; x_wconf 64' lang='lat' dir='ltr'><strong>jejuniunri</strong></span> <span class='ocrx_word' id='word_1_128' title='bbox 827 1799 969 1851; x_wconf 85' lang='lat' dir='ltr'><strong>illius</strong></span> <span class='ocrx_word' id='word_1_129' title='bbox 1005 1777 1353 1852; x_wconf 60' lang='lat' dir='ltr'><strong>licbdmuoadis</strong></span> <span class='ocrx_word' id='word_1_130' title='bbox 1378 1798 1636 1865; x_wconf 71' lang='lat' dir='ltr'><strong>distingui</strong></span> <span class='ocrx_word' id='word_1_131' title='bbox 1673 1777 1918 1851; x_wconf 56' lang='lat' dir='ltr'><strong>videmus</strong></span> <span class='ocrx_word' id='word_1_132' title='bbox 1947 1811 1976 1849; x_wconf 70' lang='grc' dir='ltr'>ιι</span> <span class='ocrx_word' id='word_1_133' title='bbox 2012 1796 2095 1860; x_wconf 87' lang='lat' dir='ltr'><strong>je—</strong></span> <span class='ocrx_word' id='word_1_134' title='bbox 2127 1777 2168 1831; x_wconf 74' lang='grc' dir='ltr'>Β</span> 
     </span>
    </p>
   </div>
   <div class='ocr_carea' id='block_1_22' title="bbox 524 1866 2097 1936">
    <p class='ocr_par' dir='ltr' id='par_1_22' title="bbox 524 1866 2097 1936">
     <span class='ocr_line' id='line_1_22' title="bbox 524 1866 2097 1936; baseline 0.001 -17"><span class='ocrx_word' id='word_1_135' title='bbox 524 1866 681 1933; x_wconf 85' lang='lat' dir='ltr'><strong>juiiio</strong></span> <span class='ocrx_word' id='word_1_136' title='bbox 707 1868 1144 1935; x_wconf 75' lang='lat' dir='ltr'><strong>Quadragesimte</strong></span> <span class='ocrx_word' id='word_1_137' title='bbox 1170 1907 1183 1930; x_wconf 94' lang='lat'><strong>,</strong></span> <span class='ocrx_word' id='word_1_138' title='bbox 1217 1876 1272 1919; x_wconf 92' lang='lat' dir='ltr'><strong>ut</strong></span> <span class='ocrx_word' id='word_1_139' title='bbox 1320 1869 1459 1936; x_wconf 86' lang='lat' dir='ltr'><strong>apud</strong></span> <span class='ocrx_word' id='word_1_140' title='bbox 1500 1867 1861 1936; x_wconf 76' lang='lat' dir='ltr'><strong>Epiphaniam</strong></span> <span class='ocrx_word' id='word_1_141' title='bbox 1906 1868 1957 1919; x_wconf 93' lang='lat' dir='ltr'><strong>in</strong></span> <span class='ocrx_word' id='word_1_142' title='bbox 1994 1866 2097 1920; x_wconf 74' lang='lat' dir='ltr'><strong>Ex-</strong></span> 
     </span>
    </p>
   </div>
   <div class='ocr_carea' id='block_1_23' title="bbox 527 1936 2096 2006">
    <p class='ocr_par' dir='ltr' id='par_1_23' title="bbox 527 1936 2096 2006">
     <span class='ocr_line' id='line_1_23' title="bbox 527 1936 2096 2006; baseline 0.001 -16"><span class='ocrx_word' id='word_1_143' title='bbox 527 1936 785 2002; x_wconf 79' lang='lat' dir='ltr'><strong>positione</strong></span> <span class='ocrx_word' id='word_1_144' title='bbox 804 1939 960 2006; x_wconf 76' lang='lat' dir='ltr'><strong>ﬁdei;</strong></span> <span class='ocrx_word' id='word_1_145' title='bbox 996 1940 1134 2005; x_wconf 90' lang='lat' dir='ltr'><strong>apud</strong></span> <span class='ocrx_word' id='word_1_146' title='bbox 1161 1938 1492 1992; x_wconf 74' lang='lat' dir='ltr'><strong>Clementem</strong></span> <span class='ocrx_word' id='word_1_147' title='bbox 1523 1939 1575 1991; x_wconf 92' lang='lat' dir='ltr'><strong>in</strong></span> <span class='ocrx_word' id='word_1_148' title='bbox 1623 1936 2096 1993; x_wconf 85' lang='lat' dir='ltr'><strong>Constitutiouibus</strong></span> 
     </span>
    </p>
   </div>
   <div class='ocr_carea' id='block_1_24' title="bbox 531 2008 2098 2072">
    <p class='ocr_par' dir='ltr' id='par_1_24' title="bbox 531 2008 2098 2072">
     <span class='ocr_line' id='line_1_24' title="bbox 531 2008 2098 2072; baseline 0.002 -14"><span class='ocrx_word' id='word_1_149' title='bbox 531 2008 855 2072; x_wconf 79' lang='lat' dir='ltr'><strong>apostolicis.</strong></span> <span class='ocrx_word' id='word_1_150' title='bbox 895 2008 999 2062; x_wconf 74' lang='lat' dir='ltr'><strong>Sed</strong></span> <span class='ocrx_word' id='word_1_151' title='bbox 1028 2019 1082 2063; x_wconf 91' lang='lat' dir='ltr'><strong>et</strong></span> <span class='ocrx_word' id='word_1_152' title='bbox 1118 2018 1269 2062; x_wconf 78' lang='lat' dir='ltr'><strong>vetus</strong></span> <span class='ocrx_word' id='word_1_153' title='bbox 1303 2019 1490 2063; x_wconf 88' lang='lat' dir='ltr'><strong>auctor</strong></span> <span class='ocrx_word' id='word_1_154' title='bbox 1533 2009 1585 2060; x_wconf 90' lang='lat' dir='ltr'><strong>in</strong></span> <span class='ocrx_word' id='word_1_155' title='bbox 1637 2017 1866 2062; x_wconf 89' lang='lat' dir='ltr'><strong>tractatu</strong></span> <span class='ocrx_word' id='word_1_156' title='bbox 1914 2019 2098 2061; x_wconf 86' lang='lat' dir='ltr'><strong>contra</strong></span> 
     </span>
    </p>
   </div>
   <div class='ocr_carea' id='block_1_25' title="bbox 533 2076 2099 2145">
    <p class='ocr_par' dir='ltr' id='par_1_25' title="bbox 533 2076 2099 2145">
     <span class='ocr_line' id='line_1_25' title="bbox 533 2076 2099 2145; baseline 0.001 -14"><span class='ocrx_word' id='word_1_157' title='bbox 533 2076 785 2143; x_wconf 67' lang='lat' dir='ltr'><strong>Grazros,</strong></span> <span class='ocrx_word' id='word_1_158' title='bbox 818 2094 977 2145; x_wconf 86' lang='lat' dir='ltr'><strong>quem</strong></span> <span class='ocrx_word' id='word_1_159' title='bbox 1027 2078 1195 2131; x_wconf 79' lang='lat' dir='ltr'><strong>edidit</strong></span> <span class='ocrx_word' id='word_1_160' title='bbox 1242 2079 1439 2133; x_wconf 82' lang='lat' dir='ltr'><strong>Petrus</strong></span> <span class='ocrx_word' id='word_1_161' title='bbox 1490 2077 1799 2133; x_wconf 87' lang='lat' dir='ltr'><strong>Stenartius</strong></span> <span class='ocrx_word' id='word_1_162' title='bbox 1839 2079 1891 2131; x_wconf 92' lang='lat' dir='ltr'><strong>in</strong></span> <span class='ocrx_word' id='word_1_163' title='bbox 1951 2086 2099 2132; x_wconf 90' lang='lat' dir='ltr'><strong>tomo</strong></span> 
     </span>
    </p>
   </div>
   <div class='ocr_carea' id='block_1_26' title="bbox 531 2147 2098 2218">
    <p class='ocr_par' dir='ltr' id='par_1_26' title="bbox 531 2147 2098 2218">
     <span class='ocr_line' id='line_1_26' title="bbox 531 2147 2098 2218; baseline 0.001 -18"><span class='ocrx_word' id='word_1_164' title='bbox 531 2148 792 2215; x_wconf 79' lang='lat' dir='ltr'><strong>singulari</strong></span> <span class='ocrx_word' id='word_1_165' title='bbox 831 2149 1123 2218; x_wconf 70' lang='lat' dir='ltr'><strong>ltisignittnt</strong></span> <span class='ocrx_word' id='word_1_166' title='bbox 1150 2159 1448 2209; x_wconf 84' lang='lat' dir='ltr'><strong>auctorum,</strong></span> <span class='ocrx_word' id='word_1_167' title='bbox 1480 2165 1605 2216; x_wconf 78' lang='lat' dir='ltr'><strong>pag.</strong></span> <span class='ocrx_word' id='word_1_168' title='bbox 1643 2148 1770 2209; x_wconf 80' lang='lat'><strong>509,</strong></span> <span class='ocrx_word' id='word_1_169' title='bbox 1799 2149 1864 2204; x_wconf 91' lang='lat' dir='ltr'><strong>de</strong></span> <span class='ocrx_word' id='word_1_170' title='bbox 1891 2147 2098 2203; x_wconf 66' lang='lat' dir='ltr'><strong>Graecis</strong></span> 
     </span>
    </p>
   </div>
   <div class='ocr_carea' id='block_1_27' title="bbox 532 2216 2098 2287">
    <p class='ocr_par' dir='ltr' id='par_1_27' title="bbox 532 2216 2098 2287">
     <span class='ocr_line' id='line_1_27' title="bbox 532 2216 2098 2287; baseline 0 -17"><span class='ocrx_word' id='word_1_171' title='bbox 532 2219 606 2270; x_wconf 89' lang='lat' dir='ltr'><strong>ita</strong></span> <span class='ocrx_word' id='word_1_172' title='bbox 650 2219 837 2273; x_wconf 89' lang='lat' dir='ltr'><strong>scribit</strong></span> <span class='ocrx_word' id='word_1_173' title='bbox 892 2236 906 2272; x_wconf 91' lang='lat'>:</span> <span class='ocrx_word' id='word_1_174' title='bbox 952 2216 1078 2272; x_wconf 67' lang='lat' dir='ltr'><strong>Nec</strong></span> <span class='ocrx_word' id='word_1_175' title='bbox 1112 2218 1585 2287; x_wconf 70' lang='lat' dir='ltr'><strong>Qiiadragesimam</strong></span> <span class='ocrx_word' id='word_1_176' title='bbox 1634 2219 1931 2281; x_wconf 75' lang='lat' dir='ltr'><strong>celebrant;</strong></span> <span class='ocrx_word' id='word_1_177' title='bbox 1980 2235 2098 2271; x_wconf 79' lang='lat' dir='ltr'><strong>cum</strong></span> 
     </span>
    </p>
   </div>
   <div class='ocr_carea' id='block_1_28' title="bbox 533 2288 2097 2360">
    <p class='ocr_par' dir='ltr' id='par_1_28' title="bbox 533 2288 2097 2360">
     <span class='ocr_line' id='line_1_28' title="bbox 533 2288 2097 2360; baseline 0 -20"><span class='ocrx_word' id='word_1_178' title='bbox 533 2288 955 2360; x_wconf 83' lang='lat' dir='ltr'><strong>Qitadragesima</strong></span> <span class='ocrx_word' id='word_1_179' title='bbox 1012 2291 1078 2343; x_wconf 80' lang='lat' dir='ltr'><strong>sit</strong></span> <span class='ocrx_word' id='word_1_180' title='bbox 1124 2290 1391 2360; x_wconf 83' lang='lat' dir='ltr'><strong>jejunium</strong></span> <span class='ocrx_word' id='word_1_181' title='bbox 1464 2292 1820 2360; x_wconf 72' lang='lat' dir='ltr'><strong>quadraginta</strong></span> <span class='ocrx_word' id='word_1_182' title='bbox 1872 2290 2097 2341; x_wconf 87' lang='lat' dir='ltr'><strong>dierum.</strong></span> 
     </span>
    </p>
   </div>
   <div class='ocr_carea' id='block_1_29' title="bbox 532 2358 2100 2428">
    <p class='ocr_par' dir='ltr' id='par_1_29' title="bbox 532 2358 2100 2428">
     <span class='ocr_line' id='line_1_29' title="bbox 532 2358 2100 2428; baseline -0.001 -15"><span class='ocrx_word' id='word_1_183' title='bbox 532 2358 645 2423; x_wconf 83' lang='lat' dir='ltr'><strong>Ipsi</strong></span> <span class='ocrx_word' id='word_1_184' title='bbox 670 2375 786 2413; x_wconf 83' lang='lat' dir='ltr'><strong>vero</strong></span> <span class='ocrx_word' id='word_1_185' title='bbox 813 2361 1064 2427; x_wconf 87' lang='lat' dir='ltr'><strong>majorem</strong></span> <span class='ocrx_word' id='word_1_186' title='bbox 1089 2358 1433 2428; x_wconf 79' lang='lat' dir='ltr'><strong>septimanam</strong></span> <span class='ocrx_word' id='word_1_187' title='bbox 1479 2378 1512 2413; x_wconf 83' lang='grc' dir='ltr'><strong>α</strong></span> <span class='ocrx_word' id='word_1_188' title='bbox 1539 2377 1753 2414; x_wconf 86' lang='lat' dir='ltr'><strong>numero</strong></span> <span class='ocrx_word' id='word_1_189' title='bbox 1783 2358 2100 2426; x_wconf 77' lang='lat' dir='ltr'><strong>Quadrage-</strong></span> 
     </span>
    </p>
   </div>
   <div class='ocr_carea' id='block_1_30' title="bbox 531 2430 2099 2497">
    <p class='ocr_par' dir='ltr' id='par_1_30' title="bbox 531 2430 2099 2497">
     <span class='ocr_line' id='line_1_30' title="bbox 531 2430 2099 2497; baseline -0.001 -17"><span class='ocrx_word' id='word_1_190' title='bbox 531 2432 679 2483; x_wconf 75' lang='lat' dir='ltr'><strong>sima:</strong></span> <span class='ocrx_word' id='word_1_191' title='bbox 708 2430 1066 2491; x_wconf 83' lang='lat' dir='ltr'><strong>secludentes,</strong></span> <span class='ocrx_word' id='word_1_192' title='bbox 1114 2448 1205 2485; x_wconf 75' lang='lat' dir='ltr'><strong>sex</strong></span> <span class='ocrx_word' id='word_1_193' title='bbox 1248 2431 1585 2485; x_wconf 80' lang='lat' dir='ltr'><strong>hebdomadis</strong></span> <span class='ocrx_word' id='word_1_194' title='bbox 1631 2430 2099 2497; x_wconf 78' lang='lat' dir='ltr'><strong>Quadragesimam</strong></span> 
     </span>
    </p>
   </div>
   <div class='ocr_carea' id='block_1_31' title="bbox 533 2499 2101 2567">
    <p class='ocr_par' dir='ltr' id='par_1_31' title="bbox 533 2499 2101 2567">
     <span class='ocr_line' id='line_1_31' title="bbox 533 2499 2101 2567; baseline -0.003 -14"><span class='ocrx_word' id='word_1_195' title='bbox 533 2499 808 2553; x_wconf 78' lang='lat' dir='ltr'><strong>claudunt.</strong></span> <span class='ocrx_word' id='word_1_196' title='bbox 859 2500 953 2554; x_wconf 86' lang='lat' dir='ltr'><strong>Tot</strong></span> <span class='ocrx_word' id='word_1_197' title='bbox 982 2503 1118 2555; x_wconf 83' lang='lat' dir='ltr'><strong>enim</strong></span> <span class='ocrx_word' id='word_1_198' title='bbox 1141 2510 1263 2554; x_wconf 85' lang='lat' dir='ltr'><strong>sunt</strong></span> <span class='ocrx_word' id='word_1_199' title='bbox 1305 2519 1335 2553; x_wconf 81' lang='grc' dir='ltr'><strong><em>η</em></strong></span> <span class='ocrx_word' id='word_1_200' title='bbox 1369 2503 1538 2567; x_wconf 82' lang='lat' dir='ltr'><strong>prima</strong></span> <span class='ocrx_word' id='word_1_201' title='bbox 1561 2518 1739 2555; x_wconf 83' lang='lat' dir='ltr'><strong>eorum</strong></span> <span class='ocrx_word' id='word_1_202' title='bbox 1789 2501 2101 2567; x_wconf 76' lang='lat' dir='ltr'><strong>septimana,</strong></span> 
     </span>
    </p>
   </div>
   <div class='ocr_carea' id='block_1_32' title="bbox 532 2568 2101 2640">
    <p class='ocr_par' dir='ltr' id='par_1_32' title="bbox 532 2568 2101 2640">
     <span class='ocr_line' id='line_1_32' title="bbox 532 2568 2101 2640; baseline 0.001 -21"><span class='ocrx_word' id='word_1_203' title='bbox 532 2587 694 2640; x_wconf 70' lang='lat' dir='ltr'><strong>usque</strong></span> <span class='ocrx_word' id='word_1_204' title='bbox 713 2571 779 2623; x_wconf 84' lang='lat' dir='ltr'><strong>ad</strong></span> <span class='ocrx_word' id='word_1_205' title='bbox 806 2570 1094 2625; x_wconf 82' lang='lat' dir='ltr'><strong>Subbalum</strong></span> <span class='ocrx_word' id='word_1_206' title='bbox 1133 2572 1271 2640; x_wconf 87' lang='lat' dir='ltr'><strong>quod</strong></span> <span class='ocrx_word' id='word_1_207' title='bbox 1304 2568 1615 2625; x_wconf 85' lang='lat' dir='ltr'><strong>Palniarum</strong></span> <span class='ocrx_word' id='word_1_208' title='bbox 1638 2586 1810 2623; x_wconf 87' lang='lat' dir='ltr'><strong>ramos</strong></span> <span class='ocrx_word' id='word_1_209' title='bbox 1836 2571 2101 2638; x_wconf 77' lang='lat' dir='ltr'><strong>prwcedit.</strong></span> 
     </span>
    </p>
   </div>
   <div class='ocr_carea' id='block_1_33' title="bbox 533 2638 2106 2706">
    <p class='ocr_par' dir='ltr' id='par_1_33' title="bbox 533 2638 2106 2706">
     <span class='ocr_line' id='line_1_33' title="bbox 533 2638 2106 2706; baseline 0.001 -15"><span class='ocrx_word' id='word_1_210' title='bbox 533 2638 601 2691; x_wconf 79' lang='lat' dir='ltr'><strong>In</strong></span> <span class='ocrx_word' id='word_1_211' title='bbox 631 2658 734 2706; x_wconf 87' lang='lat' dir='ltr'><strong>quo</strong></span> <span class='ocrx_word' id='word_1_212' title='bbox 765 2638 1215 2694; x_wconf 80' lang='lat' dir='ltr'><strong>universaliterab</strong></span> <span class='ocrx_word' id='word_1_213' title='bbox 1259 2643 1367 2695; x_wconf 85' lang='lat' dir='ltr'><strong>illis</strong></span> <span class='ocrx_word' id='word_1_214' title='bbox 1410 2652 1659 2695; x_wconf 82' lang='lat' dir='ltr'><strong>cantatur</strong></span> <span class='ocrx_word' id='word_1_215' title='bbox 1700 2657 1719 2695; x_wconf 90' lang='lat'><strong><em>:</em></strong></span> <span class='ocrx_word' id='word_1_216' title='bbox 1755 2641 1887 2704; x_wconf 76' lang='lat' dir='ltr'><strong>Qua:</strong></span> <span class='ocrx_word' id='word_1_217' title='bbox 1915 2640 2106 2693; x_wconf 80' lang='lat' dir='ltr'><strong>animte</strong></span> 
     </span>
    </p>
   </div>
   <div class='ocr_carea' id='block_1_34' title="bbox 534 2710 2105 2780">
    <p class='ocr_par' dir='ltr' id='par_1_34' title="bbox 534 2710 2105 2780">
     <span class='ocr_line' id='line_1_34' title="bbox 534 2710 2105 2780; baseline 0.001 -20"><span class='ocrx_word' id='word_1_218' title='bbox 534 2710 678 2762; x_wconf 82' lang='lat' dir='ltr'><strong>utilis</strong></span> <span class='ocrx_word' id='word_1_219' title='bbox 704 2712 1120 2777; x_wconf 82' lang='lat' dir='ltr'><strong>estcomplemus</strong></span> <span class='ocrx_word' id='word_1_220' title='bbox 1188 2710 1676 2780; x_wconf 83' lang='lat' dir='ltr'><strong>Quadragesimam.</strong></span> <span class='ocrx_word' id='word_1_221' title='bbox 1748 2710 1923 2766; x_wconf 79' lang='lat' dir='ltr'><strong>Verba</strong></span> <span class='ocrx_word' id='word_1_222' title='bbox 1981 2719 2105 2763; x_wconf 90' lang='lat' dir='ltr'><strong>sunt</strong></span> 
     </span>
    </p>
   </div>
   <div class='ocr_carea' id='block_1_35' title="bbox 538 2780 2103 2837">
    <p class='ocr_par' dir='ltr' id='par_1_35' title="bbox 538 2780 2103 2837">
     <span class='ocr_line' id='line_1_35' title="bbox 538 2780 2103 2837; baseline 0.001 -9"><span class='ocrx_word' id='word_1_223' title='bbox 538 2796 603 2831; x_wconf 78' lang='lat' dir='ltr'><strong>i-x</strong></span> <span class='ocrx_word' id='word_1_224' title='bbox 639 2780 813 2833; x_wconf 77' lang='lat' dir='ltr'><strong>ollicio</strong></span> <span class='ocrx_word' id='word_1_225' title='bbox 841 2780 1151 2835; x_wconf 71' lang='lat' dir='ltr'><strong>Grmcorum</strong></span> <span class='ocrx_word' id='word_1_226' title='bbox 1203 2784 1256 2835; x_wconf 92' lang='lat' dir='ltr'><strong>iii</strong></span> <span class='ocrx_word' id='word_1_227' title='bbox 1317 2783 1555 2836; x_wconf 86' lang='lat' dir='ltr'><strong>Sabbato</strong></span> <span class='ocrx_word' id='word_1_228' title='bbox 1597 2792 1724 2837; x_wconf 88' lang='lat' dir='ltr'><strong>ante</strong></span> <span class='ocrx_word' id='word_1_229' title='bbox 1769 2781 2103 2836; x_wconf 87' lang='lat' dir='ltr'><strong>Dominicain</strong></span> 
     </span>
    </p>
   </div>
   <div class='ocr_carea' id='block_1_36' title="bbox 538 2849 2108 2921">
    <p class='ocr_par' dir='ltr' id='par_1_36' title="bbox 538 2849 2108 2921">
     <span class='ocr_line' id='line_1_36' title="bbox 538 2849 2108 2921; baseline 0 -20"><span class='ocrx_word' id='word_1_230' title='bbox 538 2849 868 2921; x_wconf 74' lang='lat' dir='ltr'><strong>Palinurum.</strong></span> <span class='ocrx_word' id='word_1_231' title='bbox 910 2850 1103 2907; x_wconf 69' lang='lat' dir='ltr'><strong>Verum</strong></span> <span class='ocrx_word' id='word_1_232' title='bbox 1142 2869 1317 2921; x_wconf 87' lang='lat' dir='ltr'><strong>neque</strong></span> <span class='ocrx_word' id='word_1_233' title='bbox 1348 2856 1435 2907; x_wconf 90' lang='lat' dir='ltr'><strong>hic</strong></span> <span class='ocrx_word' id='word_1_234' title='bbox 1471 2863 1661 2907; x_wconf 87' lang='lat' dir='ltr'><strong>auctor</strong></span> <span class='ocrx_word' id='word_1_235' title='bbox 1683 2891 1698 2915; x_wconf 93' lang='lat'><strong>,</strong></span> <span class='ocrx_word' id='word_1_236' title='bbox 1727 2868 1827 2906; x_wconf 88' lang='lat' dir='ltr'><strong>nec</strong></span> <span class='ocrx_word' id='word_1_237' title='bbox 1862 2850 2108 2920; x_wconf 81' lang='lat' dir='ltr'><strong>plerique</strong></span> 
     </span>
    </p>
   </div>
   <div class='ocr_carea' id='block_1_37' title="bbox 538 2920 2108 2981">
    <p class='ocr_par' dir='ltr' id='par_1_37' title="bbox 538 2920 2108 2981">
     <span class='ocr_line' id='line_1_37' title="bbox 538 2920 2108 2981; baseline 0.001 -11"><span class='ocrx_word' id='word_1_238' title='bbox 538 2920 629 2973; x_wconf 85' lang='lat' dir='ltr'><strong>alii</strong></span> <span class='ocrx_word' id='word_1_239' title='bbox 668 2922 1001 2977; x_wconf 83' lang='lat' dir='ltr'><strong>recentiores</strong></span> <span class='ocrx_word' id='word_1_240' title='bbox 1033 2923 1166 2977; x_wconf 85' lang='lat' dir='ltr'><strong>satis</strong></span> <span class='ocrx_word' id='word_1_241' title='bbox 1194 2920 1531 2977; x_wconf 77' lang='lat' dir='ltr'><strong>intellexisse</strong></span> <span class='ocrx_word' id='word_1_242' title='bbox 1563 2923 1693 2976; x_wconf 91' lang='lat' dir='ltr'><strong>mihi</strong></span> <span class='ocrx_word' id='word_1_243' title='bbox 1714 2923 1982 2981; x_wconf 84' lang='lat' dir='ltr'><strong>videntur,</strong></span> <span class='ocrx_word' id='word_1_244' title='bbox 2011 2935 2108 2973; x_wconf 89' lang='lat' dir='ltr'><strong>cur</strong></span> 
     </span>
    </p>
   </div>
   <div class='ocr_carea' id='block_1_38' title="bbox 538 2990 2106 3064">
    <p class='ocr_par' dir='ltr' id='par_1_38' title="bbox 538 2990 2106 3064">
     <span class='ocr_line' id='line_1_38' title="bbox 538 2990 2106 3064; baseline -0.001 -21"><span class='ocrx_word' id='word_1_245' title='bbox 538 2990 655 3064; x_wconf 52' lang='lat' dir='ltr'><strong>haec</strong></span> <span class='ocrx_word' id='word_1_246' title='bbox 683 3006 876 3064; x_wconf 77' lang='lat' dir='ltr'><strong>magna</strong></span> <span class='ocrx_word' id='word_1_247' title='bbox 898 2991 1192 3064; x_wconf 77' lang='lat' dir='ltr'><strong>hebdomas</strong></span> <span class='ocrx_word' id='word_1_248' title='bbox 1211 2994 1479 3048; x_wconf 89' lang='lat' dir='ltr'><strong>interdum</strong></span> <span class='ocrx_word' id='word_1_249' title='bbox 1512 2992 1876 3064; x_wconf 78' lang='lat' dir='ltr'><strong>distinguatur</strong></span> <span class='ocrx_word' id='word_1_250' title='bbox 1908 3008 1936 3045; x_wconf 90' lang='lat' dir='ltr'><strong>a</strong></span> <span class='ocrx_word' id='word_1_251' title='bbox 1962 2990 2106 3057; x_wconf 86' lang='lat' dir='ltr'><strong>Qua-</strong></span> 
     </span>
    </p>
   </div>
   <div class='ocr_carea' id='block_1_39' title="bbox 537 3061 2104 3132">
    <p class='ocr_par' dir='ltr' id='par_1_39' title="bbox 537 3061 2104 3132">
     <span class='ocr_line' id='line_1_39' title="bbox 537 3061 2104 3132; baseline 0.001 -22"><span class='ocrx_word' id='word_1_252' title='bbox 537 3061 864 3130; x_wconf 84' lang='lat' dir='ltr'><strong>dragesinia.</strong></span> <span class='ocrx_word' id='word_1_253' title='bbox 898 3061 1013 3116; x_wconf 83' lang='lat' dir='ltr'><strong>Non</strong></span> <span class='ocrx_word' id='word_1_254' title='bbox 1041 3063 1183 3117; x_wconf 86' lang='lat' dir='ltr'><strong>enim</strong></span> <span class='ocrx_word' id='word_1_255' title='bbox 1214 3066 1282 3117; x_wconf 85' lang='lat' dir='ltr'><strong>ita</strong></span> <span class='ocrx_word' id='word_1_256' title='bbox 1319 3061 1880 3132; x_wconf 54' lang='lat' dir='ltr'><strong>distinguituﬁquasi</strong></span> <span class='ocrx_word' id='word_1_257' title='bbox 1919 3074 2104 3115; x_wconf 77' lang='lat' dir='ltr'><strong>revera</strong></span> 
     </span>
    </p>
   </div>
   <div class='ocr_carea' id='block_1_40' title="bbox 539 3132 2098 3203">
    <p class='ocr_par' dir='ltr' id='par_1_40' title="bbox 539 3132 2098 3203">
     <span class='ocr_line' id='line_1_40' title="bbox 539 3132 2098 3203; baseline 0.001 -22"><span class='ocrx_word' id='word_1_258' title='bbox 539 3142 657 3203; x_wconf 10' lang='lat' dir='ltr'><strong>non,</strong></span> <span class='ocrx_word' id='word_1_259' title='bbox 693 3133 959 3203; x_wconf 84' lang='lat' dir='ltr'><strong>pertineat</strong></span> <span class='ocrx_word' id='word_1_260' title='bbox 1002 3135 1066 3187; x_wconf 89' lang='lat' dir='ltr'><strong>ad</strong></span> <span class='ocrx_word' id='word_1_261' title='bbox 1111 3134 1610 3203; x_wconf 82' lang='lat' dir='ltr'><strong>Quadragesiniam.</strong></span> <span class='ocrx_word' id='word_1_262' title='bbox 1651 3135 1849 3189; x_wconf 83' lang='lat' dir='ltr'><strong>Verum</strong></span> <span class='ocrx_word' id='word_1_263' title='bbox 1896 3133 1963 3186; x_wconf 89' lang='lat' dir='ltr'><strong>ab</strong></span> <span class='ocrx_word' id='word_1_264' title='bbox 2013 3132 2098 3185; x_wconf 85' lang='lat' dir='ltr'><strong>illa</strong></span> 
     </span>
    </p>
   </div>
   <div class='ocr_carea' id='block_1_41' title="bbox 539 3201 2097 3273">
    <p class='ocr_par' dir='ltr' id='par_1_41' title="bbox 539 3201 2097 3273">
     <span class='ocr_line' id='line_1_41' title="bbox 539 3201 2097 3273; baseline 0.004 -22"><span class='ocrx_word' id='word_1_265' title='bbox 539 3201 904 3269; x_wconf 82' lang='lat' dir='ltr'><strong>distinguitur,</strong></span> <span class='ocrx_word' id='word_1_266' title='bbox 931 3217 987 3257; x_wconf 87' lang='lat' dir='ltr'><strong>ut.</strong></span> <span class='ocrx_word' id='word_1_267' title='bbox 1020 3219 1148 3273; x_wconf 88' lang='lat' dir='ltr'><strong>pars</strong></span> <span class='ocrx_word' id='word_1_268' title='bbox 1177 3220 1205 3255; x_wconf 88' lang='lat' dir='ltr'><strong>a</strong></span> <span class='ocrx_word' id='word_1_269' title='bbox 1236 3201 1365 3257; x_wconf 82' lang='lat' dir='ltr'><strong>tolo.</strong></span> <span class='ocrx_word' id='word_1_270' title='bbox 1393 3204 1501 3257; x_wconf 85' lang='lat' dir='ltr'><strong>Cur</strong></span> <span class='ocrx_word' id='word_1_271' title='bbox 1527 3215 1704 3258; x_wconf 84' lang='lat' dir='ltr'><strong>autem</strong></span> <span class='ocrx_word' id='word_1_272' title='bbox 1732 3222 1760 3258; x_wconf 90' lang='lat' dir='ltr'><strong>a</strong></span> <span class='ocrx_word' id='word_1_273' title='bbox 1788 3205 2097 3271; x_wconf 76' lang='lat' dir='ltr'><strong>Quadrage-</strong></span> 
     </span>
    </p>
   </div>
   <div class='ocr_carea' id='block_1_42' title="bbox 540 3272 2098 3343">
    <p class='ocr_par' dir='ltr' id='par_1_42' title="bbox 540 3272 2098 3343">
     <span class='ocr_line' id='line_1_42' title="bbox 540 3272 2098 3343; baseline 0.002 -18"><span class='ocrx_word' id='word_1_274' title='bbox 540 3273 677 3327; x_wconf 56' lang='lat' dir='ltr'><strong>siina</strong></span> <span class='ocrx_word' id='word_1_275' title='bbox 711 3272 983 3328; x_wconf 86' lang='lat' dir='ltr'><strong>interdum</strong></span> <span class='ocrx_word' id='word_1_276' title='bbox 1019 3272 1271 3328; x_wconf 87' lang='lat' dir='ltr'><strong>distincta</strong></span> <span class='ocrx_word' id='word_1_277' title='bbox 1298 3274 1480 3335; x_wconf 75' lang='lat' dir='ltr'><strong>fuerit,</strong></span> <span class='ocrx_word' id='word_1_278' title='bbox 1519 3275 1710 3343; x_wconf 81' lang='lat' dir='ltr'><strong>duplex</strong></span> <span class='ocrx_word' id='word_1_279' title='bbox 1747 3274 1888 3328; x_wconf 82' lang='lat' dir='ltr'><strong>ratio</strong></span> <span class='ocrx_word' id='word_1_280' title='bbox 1920 3274 2098 3328; x_wconf 76' lang='lat' dir='ltr'><strong>alferri</strong></span> 
     </span>
    </p>
   </div>
   <div class='ocr_carea' id='block_1_43' title="bbox 540 3343 2102 3414">
    <p class='ocr_par' dir='ltr' id='par_1_43' title="bbox 540 3343 2102 3414">
     <span class='ocr_line' id='line_1_43' title="bbox 540 3343 2102 3414; baseline 0.004 -24"><span class='ocrx_word' id='word_1_281' title='bbox 540 3352 737 3408; x_wconf 85' lang='lat' dir='ltr'><strong>potest.</strong></span> <span class='ocrx_word' id='word_1_282' title='bbox 779 3343 957 3397; x_wconf 91' lang='lat' dir='ltr'><strong>Prima</strong></span> <span class='ocrx_word' id='word_1_283' title='bbox 982 3385 995 3405; x_wconf 80' lang='lat'><strong>,</strong></span> <span class='ocrx_word' id='word_1_284' title='bbox 1029 3345 1173 3412; x_wconf 89' lang='lat' dir='ltr'><strong>quod</strong></span> <span class='ocrx_word' id='word_1_285' title='bbox 1207 3344 1523 3399; x_wconf 86' lang='lat' dir='ltr'><strong>districtiori</strong></span> <span class='ocrx_word' id='word_1_286' title='bbox 1561 3344 1764 3414; x_wconf 79' lang='lat' dir='ltr'><strong>jejunio</strong></span> <span class='ocrx_word' id='word_1_287' title='bbox 1803 3345 2102 3398; x_wconf 89' lang='lat' dir='ltr'><strong>celebrare-</strong></span> 
     </span>
    </p>
   </div>
   <div class='ocr_carea' id='block_1_44' title="bbox 543 3415 2101 3483">
    <p class='ocr_par' dir='ltr' id='par_1_44' title="bbox 543 3415 2101 3483">
     <span class='ocr_line' id='line_1_44' title="bbox 543 3415 2101 3483; baseline 0.003 -21"><span class='ocrx_word' id='word_1_288' title='bbox 543 3425 651 3477; x_wconf 88' lang='lat' dir='ltr'><strong>iur,</strong></span> <span class='ocrx_word' id='word_1_289' title='bbox 681 3415 1125 3483; x_wconf 88' lang='lat' dir='ltr'><strong>supcrpositioiiis</strong></span> <span class='ocrx_word' id='word_1_290' title='bbox 1160 3415 1407 3478; x_wconf 88' lang='lat' dir='ltr'><strong>scilicet,</strong></span> <span class='ocrx_word' id='word_1_291' title='bbox 1448 3425 1506 3467; x_wconf 89' lang='lat' dir='ltr'><strong>ut</strong></span> <span class='ocrx_word' id='word_1_292' title='bbox 1539 3431 1697 3483; x_wconf 84' lang='lat' dir='ltr'><strong>supra</strong></span> <span class='ocrx_word' id='word_1_293' title='bbox 1732 3416 2101 3475; x_wconf 84' lang='lat' dir='ltr'><strong>ostendimus;</strong></span> 
     </span>
    </p>
   </div>
   <div class='ocr_carea' id='block_1_45' title="bbox 542 3482 2102 3554">
    <p class='ocr_par' dir='ltr' id='par_1_45' title="bbox 542 3482 2102 3554">
     <span class='ocr_line' id='line_1_45' title="bbox 542 3482 2102 3554; baseline 0.002 -18"><span class='ocrx_word' id='word_1_294' title='bbox 542 3482 775 3554; x_wconf 73' lang='lat' dir='ltr'><strong>secunda</strong></span> <span class='ocrx_word' id='word_1_295' title='bbox 817 3482 991 3548; x_wconf 85' lang='lat' dir='ltr'><strong>ratio,</strong></span> <span class='ocrx_word' id='word_1_296' title='bbox 1039 3485 1178 3544; x_wconf 84' lang='lat' dir='ltr'><strong>quod</strong></span> <span class='ocrx_word' id='word_1_297' title='bbox 1232 3485 1345 3539; x_wconf 72' lang='lat' dir='ltr'><strong>hinc</strong></span> <span class='ocrx_word' id='word_1_298' title='bbox 1406 3482 1702 3539; x_wconf 82' lang='lat' dir='ltr'><strong>hebdomas</strong></span> <span class='ocrx_word' id='word_1_299' title='bbox 1768 3487 1980 3554; x_wconf 86' lang='lat' dir='ltr'><strong>proprie</strong></span> <span class='ocrx_word' id='word_1_300' title='bbox 2038 3487 2102 3539; x_wconf 85' lang='lat' dir='ltr'><strong>ad</strong></span> 
     </span>
    </p>
   </div>
   <div class='ocr_carea' id='block_1_46' title="bbox 543 3552 2107 3622">
    <p class='ocr_par' dir='ltr' id='par_1_46' title="bbox 543 3552 2107 3622">
     <span class='ocr_line' id='line_1_46' title="bbox 543 3552 2107 3622; baseline 0.002 -16"><span class='ocrx_word' id='word_1_301' title='bbox 543 3552 752 3606; x_wconf 76' lang='lat' dir='ltr'><strong>Pascha</strong></span> <span class='ocrx_word' id='word_1_302' title='bbox 777 3555 1028 3622; x_wconf 84' lang='lat' dir='ltr'><strong>pertinet.</strong></span> <span class='ocrx_word' id='word_1_303' title='bbox 1058 3556 1232 3609; x_wconf 80' lang='lat' dir='ltr'><strong>Feriae</strong></span> <span class='ocrx_word' id='word_1_304' title='bbox 1285 3555 1426 3609; x_wconf 89' lang='lat' dir='ltr'><strong>enim</strong></span> <span class='ocrx_word' id='word_1_305' title='bbox 1461 3552 1812 3611; x_wconf 79' lang='lat' dir='ltr'><strong>hebdomadis</strong></span> <span class='ocrx_word' id='word_1_306' title='bbox 1863 3552 2107 3610; x_wconf 87' lang='lat' dir='ltr'><strong>denomi-</strong></span> 
     </span>
    </p>
   </div>
   <div class='ocr_carea' id='block_1_47' title="bbox 543 3626 2103 3695">
    <p class='ocr_par' dir='ltr' id='par_1_47' title="bbox 543 3626 2103 3695">
     <span class='ocr_line' id='line_1_47' title="bbox 543 3626 2103 3695; baseline -0.001 -17"><span class='ocrx_word' id='word_1_307' title='bbox 543 3632 792 3695; x_wconf 83' lang='lat' dir='ltr'><strong>nantura</strong></span> <span class='ocrx_word' id='word_1_308' title='bbox 816 3636 1075 3695; x_wconf 79' lang='lat' dir='ltr'><strong>sequente</strong></span> <span class='ocrx_word' id='word_1_309' title='bbox 1111 3626 1387 3679; x_wconf 90' lang='lat' dir='ltr'><strong>Dominica</strong></span> <span class='ocrx_word' id='word_1_310' title='bbox 1408 3668 1422 3690; x_wconf 94' lang='lat'><strong>,</strong></span> <span class='ocrx_word' id='word_1_311' title='bbox 1455 3635 1510 3679; x_wconf 88' lang='lat' dir='ltr'><strong>et</strong></span> <span class='ocrx_word' id='word_1_312' title='bbox 1556 3629 1621 3679; x_wconf 91' lang='lat' dir='ltr'><strong>ad</strong></span> <span class='ocrx_word' id='word_1_313' title='bbox 1655 3641 1773 3681; x_wconf 87' lang='lat' dir='ltr'><strong>eam</strong></span> <span class='ocrx_word' id='word_1_314' title='bbox 1805 3628 2103 3695; x_wconf 87' lang='lat' dir='ltr'><strong>pertinent,</strong></span> 
     </span>
    </p>
   </div>
   <div class='ocr_carea' id='block_1_48' title="bbox 542 3693 2109 3761">
    <p class='ocr_par' dir='ltr' id='par_1_48' title="bbox 542 3693 2109 3761">
     <span class='ocr_line' id='line_1_48' title="bbox 542 3693 2109 3761; baseline 0.002 -14"><span class='ocrx_word' id='word_1_315' title='bbox 542 3707 603 3747; x_wconf 88' lang='grc' dir='ltr'>ιιι</span> <span class='ocrx_word' id='word_1_316' title='bbox 630 3693 756 3747; x_wconf 88' lang='lat' dir='ltr'><strong>alibi</strong></span> <span class='ocrx_word' id='word_1_317' title='bbox 785 3693 1269 3750; x_wconf 82' lang='lat' dir='ltr'><strong>denionstrabitur.</strong></span> <span class='ocrx_word' id='word_1_318' title='bbox 1307 3696 1486 3761; x_wconf 81' lang='lat' dir='ltr'><strong>Quare</strong></span> <span class='ocrx_word' id='word_1_319' title='bbox 1511 3711 1633 3749; x_wconf 88' lang='lat' dir='ltr'><strong>cum</strong></span> <span class='ocrx_word' id='word_1_320' title='bbox 1664 3699 1777 3750; x_wconf 71' lang='lat' dir='ltr'><strong>hinc</strong></span> <span class='ocrx_word' id='word_1_321' title='bbox 1810 3693 2109 3750; x_wconf 85' lang='lat' dir='ltr'><strong>hebdomas</strong></span> 
     </span>
    </p>
   </div>
   <div class='ocr_carea' id='block_1_49' title="bbox 549 3765 2110 3836">
    <p class='ocr_par' dir='ltr' id='par_1_49' title="bbox 549 3765 2110 3836">
     <span class='ocr_line' id='line_1_49' title="bbox 549 3765 2110 3836; baseline 0.001 -18"><span class='ocrx_word' id='word_1_322' title='bbox 549 3765 877 3820; x_wconf 82' lang='lat' dir='ltr'><strong>Dominicam</strong></span> <span class='ocrx_word' id='word_1_323' title='bbox 923 3766 1236 3821; x_wconf 85' lang='lat' dir='ltr'><strong>Paschalem</strong></span> <span class='ocrx_word' id='word_1_324' title='bbox 1274 3768 1519 3836; x_wconf 78' lang='lat' dir='ltr'><strong>proxime</strong></span> <span class='ocrx_word' id='word_1_325' title='bbox 1562 3769 1879 3829; x_wconf 68' lang='lat' dir='ltr'><strong>antecedat,</strong></span> <span class='ocrx_word' id='word_1_326' title='bbox 1920 3768 2110 3820; x_wconf 89' lang='lat' dir='ltr'><strong>merito</strong></span> 
     </span>
    </p>
   </div>
   <div class='ocr_carea' id='block_1_50' title="bbox 544 3837 2111 3907">
    <p class='ocr_par' dir='ltr' id='par_1_50' title="bbox 544 3837 2111 3907">
     <span class='ocr_line' id='line_1_50' title="bbox 544 3837 2111 3907; baseline 0.001 -19"><span class='ocrx_word' id='word_1_327' title='bbox 544 3838 708 3888; x_wconf 86' lang='lat' dir='ltr'><strong>etiam</strong></span> <span class='ocrx_word' id='word_1_328' title='bbox 751 3840 816 3890; x_wconf 92' lang='lat' dir='ltr'><strong>ad</strong></span> <span class='ocrx_word' id='word_1_329' title='bbox 859 3852 977 3890; x_wconf 87' lang='lat' dir='ltr'><strong>caui</strong></span> <span class='ocrx_word' id='word_1_330' title='bbox 1018 3838 1272 3907; x_wconf 85' lang='lat' dir='ltr'><strong>pertinet.</strong></span> <span class='ocrx_word' id='word_1_331' title='bbox 1327 3837 1459 3890; x_wconf 81' lang='lat' dir='ltr'><strong>lliiic.</strong></span> <span class='ocrx_word' id='word_1_332' title='bbox 1514 3847 1594 3890; x_wconf 87' lang='lat' dir='ltr'><strong>cst</strong></span> <span class='ocrx_word' id='word_1_333' title='bbox 1641 3839 1781 3904; x_wconf 89' lang='lat' dir='ltr'><strong>quod</strong></span> <span class='ocrx_word' id='word_1_334' title='bbox 1817 3839 2111 3891; x_wconf 88' lang='lat' dir='ltr'><strong>hebdonias</strong></span> 
     </span>
    </p>
   </div>
   <div class='ocr_carea' id='block_1_51' title="bbox 549 3906 2113 3980">
    <p class='ocr_par' dir='ltr' id='par_1_51' title="bbox 549 3906 2113 3980">
     <span class='ocr_line' id='line_1_51' title="bbox 549 3906 2113 3980; baseline 0 -21"><span class='ocrx_word' id='word_1_335' title='bbox 549 3907 759 3980; x_wconf 80' lang='grc' dir='ltr'><strong>μεγάλη</strong></span> <span class='ocrx_word' id='word_1_336' title='bbox 788 3906 1208 3980; x_wconf 51' lang='grc' dir='ltr'><strong>άίςὶιιιιῃίϐιιῇιιε</strong></span> <span class='ocrx_word' id='word_1_337' title='bbox 1252 3906 1497 3980; x_wconf 43' lang='lat' dir='ltr'><strong>uocabuli</strong></span> <span class='ocrx_word' id='word_1_338' title='bbox 1534 3924 1725 3980; x_wconf 79' lang='lat' dir='ltr'><strong>causas</strong></span> <span class='ocrx_word' id='word_1_339' title='bbox 1761 3908 1916 3980; x_wconf 68' lang='lat' dir='ltr'><strong>allert</strong></span> <span class='ocrx_word' id='word_1_340' title='bbox 1944 3907 2113 3977; x_wconf 75' lang='lat' dir='ltr'><strong>Chry-</strong></span> 
     </span>
    </p>
   </div>
   <div class='ocr_carea' id='block_1_52' title="bbox 545 3977 2115 4043">
    <p class='ocr_par' dir='ltr' id='par_1_52' title="bbox 545 3977 2115 4043">
     <span class='ocr_line' id='line_1_52' title="bbox 545 3977 2115 4043; baseline -0.001 -10"><span class='ocrx_word' id='word_1_341' title='bbox 545 3977 1059 4043; x_wconf 61' lang='lat' dir='ltr'><strong>SOstouitis,honiilia</strong></span> <span class='ocrx_word' id='word_1_342' title='bbox 1082 3977 1151 4030; x_wconf 79' lang='lat'><strong>50</strong></span> <span class='ocrx_word' id='word_1_343' title='bbox 1172 3979 1225 4030; x_wconf 87' lang='lat' dir='ltr'><strong>in</strong></span> <span class='ocrx_word' id='word_1_344' title='bbox 1248 3977 1509 4032; x_wconf 80' lang='lat' dir='ltr'><strong>Cenesim.</strong></span> <span class='ocrx_word' id='word_1_345' title='bbox 1532 3979 1635 4033; x_wconf 87' lang='lat' dir='ltr'><strong>Sed</strong></span> <span class='ocrx_word' id='word_1_346' title='bbox 1660 3994 1785 4031; x_wconf 83' lang='lat' dir='ltr'><strong>vera</strong></span> <span class='ocrx_word' id='word_1_347' title='bbox 1807 3979 1944 4030; x_wconf 89' lang='lat' dir='ltr'><strong>illius</strong></span> <span class='ocrx_word' id='word_1_348' title='bbox 1965 3994 2115 4031; x_wconf 77' lang='lat' dir='ltr'><strong>voca-</strong></span> 
     </span>
    </p>
   </div>
   <div class='ocr_carea' id='block_1_53' title="bbox 549 4048 2115 4120">
    <p class='ocr_par' dir='ltr' id='par_1_53' title="bbox 549 4048 2115 4120">
     <span class='ocr_line' id='line_1_53' title="bbox 549 4048 2115 4120; baseline -0.001 -17"><span class='ocrx_word' id='word_1_349' title='bbox 549 4050 660 4103; x_wconf 90' lang='lat' dir='ltr'><strong>buli</strong></span> <span class='ocrx_word' id='word_1_350' title='bbox 679 4050 816 4102; x_wconf 87' lang='lat' dir='ltr'><strong>ratio</strong></span> <span class='ocrx_word' id='word_1_351' title='bbox 834 4059 1092 4120; x_wconf 84' lang='lat' dir='ltr'><strong>estquam</strong></span> <span class='ocrx_word' id='word_1_352' title='bbox 1117 4049 1248 4120; x_wconf 81' lang='lat' dir='ltr'><strong>dixi.</strong></span> <span class='ocrx_word' id='word_1_353' title='bbox 1271 4049 1403 4101; x_wconf 74' lang='lat' dir='ltr'><strong>Cum</strong></span> <span class='ocrx_word' id='word_1_354' title='bbox 1425 4050 1564 4120; x_wconf 89' lang='lat' dir='ltr'><strong>enini</strong></span> <span class='ocrx_word' id='word_1_355' title='bbox 1598 4050 1710 4101; x_wconf 70' lang='lat' dir='ltr'><strong>hinc</strong></span> <span class='ocrx_word' id='word_1_356' title='bbox 1728 4049 1795 4100; x_wconf 93' lang='lat' dir='ltr'><strong>sit</strong></span> <span class='ocrx_word' id='word_1_357' title='bbox 1825 4048 2115 4120; x_wconf 78' lang='lat' dir='ltr'><strong>hebdomas</strong></span> 
     </span>
    </p>
   </div>
   <div class='ocr_carea' id='block_1_54' title="bbox 547 4118 2113 4190">
    <p class='ocr_par' dir='ltr' id='par_1_54' title="bbox 547 4118 2113 4190">
     <span class='ocr_line' id='line_1_54' title="bbox 547 4118 2113 4190; baseline -0.001 -17"><span class='ocrx_word' id='word_1_358' title='bbox 547 4121 788 4179; x_wconf 72' lang='lat' dir='ltr'><strong>l’asclite,</strong></span> <span class='ocrx_word' id='word_1_359' title='bbox 820 4121 933 4190; x_wconf 87' lang='lat' dir='ltr'><strong>dies</strong></span> <span class='ocrx_word' id='word_1_360' title='bbox 954 4118 1133 4172; x_wconf 74' lang='lat' dir='ltr'><strong>autem</strong></span> <span class='ocrx_word' id='word_1_361' title='bbox 1154 4118 1375 4171; x_wconf 70' lang='lat' dir='ltr'><strong>Pascha:</strong></span> <span class='ocrx_word' id='word_1_362' title='bbox 1399 4119 1741 4190; x_wconf 65' lang='lat' dir='ltr'><strong>appelleturij</strong></span> <span class='ocrx_word' id='word_1_363' title='bbox 1760 4118 1983 4190; x_wconf 83' lang='grc' dir='ltr'>Μεγάλη</span> <span class='ocrx_word' id='word_1_364' title='bbox 2001 4122 2113 4173; x_wconf 81' lang='grc' dir='ltr'><strong>Κυ-</strong></span> 
     </span>
    </p>
   </div>
   <div class='ocr_carea' id='block_1_55' title="bbox 549 4188 2118 4262">
    <p class='ocr_par' dir='ltr' id='par_1_55' title="bbox 549 4188 2118 4262">
     <span class='ocr_line' id='line_1_55' title="bbox 549 4188 2118 4262; baseline 0 -19"><span class='ocrx_word' id='word_1_365' title='bbox 549 4191 713 4262; x_wconf 79' lang='grc' dir='ltr'>ριακὴ</span> <span class='ocrx_word' id='word_1_366' title='bbox 730 4190 825 4243; x_wconf 80' lang='grc' dir='ltr'>τοῦ</span> <span class='ocrx_word' id='word_1_367' title='bbox 845 4189 1055 4262; x_wconf 81' lang='grc' dir='ltr'>Πάσχα,</span> <span class='ocrx_word' id='word_1_368' title='bbox 1078 4198 1220 4243; x_wconf 87' lang='lat' dir='ltr'><strong>recte</strong></span> <span class='ocrx_word' id='word_1_369' title='bbox 1237 4190 1398 4262; x_wconf 57' lang='lat' dir='ltr'><strong>etiam</strong></span> <span class='ocrx_word' id='word_1_370' title='bbox 1420 4188 1534 4262; x_wconf 66' lang='lat' dir='ltr'><strong>haec</strong></span> <span class='ocrx_word' id='word_1_371' title='bbox 1552 4188 1846 4262; x_wconf 76' lang='lat' dir='ltr'><strong>liebdonias</strong></span> <span class='ocrx_word' id='word_1_372' title='bbox 1861 4188 2051 4262; x_wconf 74' lang='lat' dir='ltr'><strong>sancta</strong></span> <span class='ocrx_word' id='word_1_373' title='bbox 2066 4201 2118 4243; x_wconf 90' lang='lat' dir='ltr'><strong>et</strong></span> 
     </span>
    </p>
   </div>
   <div class='ocr_carea' id='block_1_56' title="bbox 552 4256 2110 4329">
    <p class='ocr_par' dir='ltr' id='par_1_56' title="bbox 552 4256 2110 4329">
     <span class='ocr_line' id='line_1_56' title="bbox 552 4256 2110 4329; baseline 0.001 -18"><span class='ocrx_word' id='word_1_374' title='bbox 552 4256 739 4328; x_wconf 62' lang='grc' dir='ltr'>ἰριοεηό</span> <span class='ocrx_word' id='word_1_375' title='bbox 776 4256 1200 4329; x_wconf 82' lang='lat' dir='ltr'><strong>cognominatur.</strong></span> <span class='ocrx_word' id='word_1_376' title='bbox 1240 4258 1296 4311; x_wconf 92' lang='lat' dir='ltr'><strong>lii</strong></span> <span class='ocrx_word' id='word_1_377' title='bbox 1341 4256 1531 4326; x_wconf 69' lang='grc' dir='ltr'><strong>Τυρίου</strong></span> <span class='ocrx_word' id='word_1_378' title='bbox 1569 4259 1752 4313; x_wconf 86' lang='lat' dir='ltr'><strong>Saneti</strong></span> <span class='ocrx_word' id='word_1_379' title='bbox 1781 4259 1939 4313; x_wconf 81' lang='lat' dir='ltr'><strong>Saba:</strong></span> <span class='ocrx_word' id='word_1_380' title='bbox 1962 4299 1976 4319; x_wconf 85' lang='lat'><strong>.</strong></span> <span class='ocrx_word' id='word_1_381' title='bbox 2004 4261 2110 4313; x_wconf 86' lang='lat' dir='ltr'><strong>sin-</strong></span> 
     </span>
    </p>
   </div>
   <div class='ocr_carea' id='block_1_57' title="bbox 549 4329 2123 4397">
    <p class='ocr_par' dir='ltr' id='par_1_57' title="bbox 549 4329 2123 4397">
     <span class='ocr_line' id='line_1_57' title="bbox 549 4329 2123 4397; baseline -0.002 -12"><span class='ocrx_word' id='word_1_382' title='bbox 549 4334 656 4395; x_wconf 73' lang='lat' dir='ltr'><strong>tmli</strong></span> <span class='ocrx_word' id='word_1_383' title='bbox 689 4330 804 4384; x_wconf 90' lang='lat' dir='ltr'><strong>dies</strong></span> <span class='ocrx_word' id='word_1_384' title='bbox 833 4330 989 4395; x_wconf 90' lang='lat' dir='ltr'><strong>hujus</strong></span> <span class='ocrx_word' id='word_1_385' title='bbox 1026 4329 1377 4383; x_wconf 82' lang='lat' dir='ltr'><strong>hebdomadis</strong></span> <span class='ocrx_word' id='word_1_386' title='bbox 1424 4330 1594 4381; x_wconf 88' lang='lat' dir='ltr'><strong>sancti</strong></span> <span class='ocrx_word' id='word_1_387' title='bbox 1621 4340 1673 4382; x_wconf 90' lang='lat' dir='ltr'><strong>et</strong></span> <span class='ocrx_word' id='word_1_388' title='bbox 1713 4331 1895 4397; x_wconf 78' lang='lat' dir='ltr'><strong>magni</strong></span> <span class='ocrx_word' id='word_1_389' title='bbox 1926 4344 2123 4385; x_wconf 84' lang='lat' dir='ltr'><strong>vocan-</strong></span> 
     </span>
    </p>
   </div>
   <div class='ocr_carea' id='block_1_58' title="bbox 552 4397 2116 4471">
    <p class='ocr_par' dir='ltr' id='par_1_58' title="bbox 552 4397 2116 4471">
     <span class='ocr_line' id='line_1_58' title="bbox 552 4397 2116 4471; baseline -0.001 -16"><span class='ocrx_word' id='word_1_390' title='bbox 552 4412 639 4455; x_wconf 89' lang='lat' dir='ltr'><strong>tur</strong></span> <span class='ocrx_word' id='word_1_391' title='bbox 666 4401 767 4454; x_wconf 90' lang='lat' dir='ltr'><strong>hoc</strong></span> <span class='ocrx_word' id='word_1_392' title='bbox 799 4403 959 4455; x_wconf 87' lang='lat' dir='ltr'><strong>modo</strong></span> <span class='ocrx_word' id='word_1_393' title='bbox 985 4418 996 4453; x_wconf 94' lang='lat'>:</span> <span class='ocrx_word' id='word_1_394' title='bbox 1044 4401 1107 4454; x_wconf 84' lang='grc' dir='ltr'><strong>Ἠ</strong></span> <span class='ocrx_word' id='word_1_395' title='bbox 1132 4398 1260 4469; x_wconf 84' lang='grc' dir='ltr'>ἁγία</span> <span class='ocrx_word' id='word_1_396' title='bbox 1289 4398 1379 4451; x_wconf 78' lang='grc' dir='ltr'><strong>καὶ</strong></span> <span class='ocrx_word' id='word_1_397' title='bbox 1416 4397 1626 4471; x_wconf 74' lang='grc' dir='ltr'>μεγάλη</span> <span class='ocrx_word' id='word_1_398' title='bbox 1652 4398 1883 4471; x_wconf 81' lang='grc' dir='ltr'><strong>δευτέρα</strong></span> <span class='ocrx_word' id='word_1_399' title='bbox 1903 4441 1917 4465; x_wconf 90' lang='grc'><em>,</em></span> <span class='ocrx_word' id='word_1_400' title='bbox 1960 4411 2015 4453; x_wconf 87' lang='lat' dir='ltr'><strong>et</strong></span> <span class='ocrx_word' id='word_1_401' title='bbox 2039 4402 2116 4455; x_wconf 90' lang='lat' dir='ltr'><strong>sic</strong></span> 
     </span>
    </p>
   </div>
   <div class='ocr_carea' id='block_1_59' title="bbox 2195 499 3851 583">
    <p class='ocr_par' dir='ltr' id='par_1_59' title="bbox 2195 499 3851 583">
     <span class='ocr_line' id='line_1_59' title="bbox 2195 499 3851 583; baseline -0.005 -17"><span class='ocrx_word' id='word_1_402' title='bbox 2195 511 2293 583; x_wconf 81' lang='grc' dir='ltr'>μὲν</span> <span class='ocrx_word' id='word_1_403' title='bbox 2344 511 2585 565; x_wconf 75' lang='grc' dir='ltr'><strong>ποικιλία</strong></span> <span class='ocrx_word' id='word_1_404' title='bbox 2628 511 2736 565; x_wconf 84' lang='grc' dir='ltr'><strong>τῶν</strong></span> <span class='ocrx_word' id='word_1_405' title='bbox 2770 510 3197 583; x_wconf 77' lang='grc' dir='ltr'>ὲπιτηρούντων,</span> <span class='ocrx_word' id='word_1_406' title='bbox 3248 509 3311 563; x_wconf 76' lang='lat' dir='ltr'><strong>ob</strong></span> <span class='ocrx_word' id='word_1_407' title='bbox 3364 508 3457 562; x_wconf 79' lang='grc' dir='ltr'>νῦν</span> <span class='ocrx_word' id='word_1_408' title='bbox 3497 505 3611 574; x_wconf 72' lang='grc' dir='ltr'><strong>ἐφ’</strong></span> <span class='ocrx_word' id='word_1_409' title='bbox 3661 499 3851 572; x_wconf 75' lang='grc' dir='ltr'><strong>ἡμῶν</strong></span> 
     </span>
    </p>
   </div>
   <div class='ocr_carea' id='block_1_60' title="bbox 2191 591 3848 676">
    <p class='ocr_par' dir='ltr' id='par_1_60' title="bbox 2191 591 3848 676">
     <span class='ocr_line' id='line_1_60' title="bbox 2191 591 3848 676; baseline 0.001 -20"><span class='ocrx_word' id='word_1_410' title='bbox 2191 606 2464 673; x_wconf 74' lang='grc' dir='ltr'>γεγονυῖα,</span> <span class='ocrx_word' id='word_1_411' title='bbox 2492 603 2627 657; x_wconf 81' lang='grc' dir='ltr'>ἀλλὰ</span> <span class='ocrx_word' id='word_1_412' title='bbox 2651 605 2745 658; x_wconf 74' lang='grc' dir='ltr'><strong>καὶ</strong></span> <span class='ocrx_word' id='word_1_413' title='bbox 2765 604 2899 658; x_wconf 76' lang='grc' dir='ltr'>πολὺ</span> <span class='ocrx_word' id='word_1_414' title='bbox 2925 604 3188 676; x_wconf 83' lang='grc' dir='ltr'>πρότερον</span> <span class='ocrx_word' id='word_1_415' title='bbox 3214 601 3306 654; x_wconf 71' lang='grc' dir='ltr'><strong>ἐπὶ</strong></span> <span class='ocrx_word' id='word_1_416' title='bbox 3324 599 3431 654; x_wconf 82' lang='grc' dir='ltr'>τῶν</span> <span class='ocrx_word' id='word_1_417' title='bbox 3457 596 3601 669; x_wconf 82' lang='grc' dir='ltr'>πρὸ</span> <span class='ocrx_word' id='word_1_418' title='bbox 3633 591 3848 665; x_wconf 73' lang='grc' dir='ltr'>ἡμῶν.</span> 
     </span>
    </p>
   </div>
   <div class='ocr_carea' id='block_1_61' title="bbox 2190 683 3849 769">
    <p class='ocr_par' dir='ltr' id='par_1_61' title="bbox 2190 683 3849 769">
     <span class='ocr_line' id='line_1_61' title="bbox 2190 683 3849 769; baseline -0.001 -21"><span class='ocrx_word' id='word_1_419' title='bbox 2190 694 2298 749; x_wconf 86' lang='grc' dir='ltr'><strong>τῶν</strong></span> <span class='ocrx_word' id='word_1_420' title='bbox 2348 695 2498 769; x_wconf 75' lang='grc' dir='ltr'>παρὰ</span> <span class='ocrx_word' id='word_1_421' title='bbox 2532 696 2594 748; x_wconf 72' lang='grc' dir='ltr'><strong>τὸ</strong></span> <span class='ocrx_word' id='word_1_422' title='bbox 2638 696 2886 768; x_wconf 74' lang='grc' dir='ltr'>ἀκριϐὲς,</span> <span class='ocrx_word' id='word_1_423' title='bbox 2934 695 3009 759; x_wconf 82' lang='grc' dir='ltr'><strong>ὡς</strong></span> <span class='ocrx_word' id='word_1_424' title='bbox 3046 695 3209 759; x_wconf 78' lang='grc' dir='ltr'><strong>εἰκὸς,</strong></span> <span class='ocrx_word' id='word_1_425' title='bbox 3249 693 3640 766; x_wconf 72' lang='grc' dir='ltr'><strong>κρατούντων</strong></span> <span class='ocrx_word' id='word_1_426' title='bbox 3687 683 3849 753; x_wconf 69' lang='grc'><strong>(80).</strong></span> 
     </span>
    </p>
   </div>
   <div class='ocr_carea' id='block_1_62' title="bbox 2189 776 3852 859">
    <p class='ocr_par' dir='ltr' id='par_1_62' title="bbox 2189 776 3852 859">
     <span class='ocr_line' id='line_1_62' title="bbox 2189 776 3852 859; baseline -0.002 -20"><span class='ocrx_word' id='word_1_427' title='bbox 2189 785 2287 857; x_wconf 82' lang='grc' dir='ltr'><strong>τὴν</strong></span> <span class='ocrx_word' id='word_1_428' title='bbox 2321 787 2444 840; x_wconf 80' lang='grc' dir='ltr'>καθ’</span> <span class='ocrx_word' id='word_1_429' title='bbox 2490 787 2765 859; x_wconf 80' lang='grc' dir='ltr'><strong>ἁπλότητα</strong></span> <span class='ocrx_word' id='word_1_430' title='bbox 2797 787 2890 841; x_wconf 75' lang='grc' dir='ltr'><strong>καὶ</strong></span> <span class='ocrx_word' id='word_1_431' title='bbox 2934 787 3238 857; x_wconf 79' lang='grc' dir='ltr'>ἰδιωτισμὸν</span> <span class='ocrx_word' id='word_1_432' title='bbox 3271 785 3593 856; x_wconf 81' lang='grc' dir='ltr'>συνήθειαν</span> <span class='ocrx_word' id='word_1_433' title='bbox 3649 779 3753 843; x_wconf 75' lang='grc' dir='ltr'><strong>εἰς</strong></span> <span class='ocrx_word' id='word_1_434' title='bbox 3781 776 3852 832; x_wconf 81' lang='grc' dir='ltr'><strong>τὺ</strong></span> 
     </span>
    </p>
   </div>
   <div class='ocr_carea' id='block_1_63' title="bbox 2194 870 3853 949">
    <p class='ocr_par' dir='ltr' id='par_1_63' title="bbox 2194 870 3853 949">
     <span class='ocr_line' id='line_1_63' title="bbox 2194 870 3853 949; baseline -0.005 -19"><span class='ocrx_word' id='word_1_435' title='bbox 2194 878 2484 949; x_wconf 78' lang='grc' dir='ltr'>μετέπειτα</span> <span class='ocrx_word' id='word_1_436' title='bbox 2517 878 2910 949; x_wconf 77' lang='grc' dir='ltr'><strong>πεποιηκότων.</strong></span> <span class='ocrx_word' id='word_1_437' title='bbox 2960 879 3072 932; x_wconf 71' lang='grc' dir='ltr'><strong>Καὶ</strong></span> <span class='ocrx_word' id='word_1_438' title='bbox 3104 878 3255 932; x_wconf 74' lang='grc' dir='ltr'>οὐδὲν</span> <span class='ocrx_word' id='word_1_439' title='bbox 3304 875 3546 930; x_wconf 80' lang='grc' dir='ltr'>ἔλαττον</span> <span class='ocrx_word' id='word_1_440' title='bbox 3606 870 3853 932; x_wconf 81' lang='grc' dir='ltr'>πάντες</span> 
     </span>
    </p>
   </div>
   <div class='ocr_carea' id='block_1_64' title="bbox 2191 962 3850 1041">
    <p class='ocr_par' dir='ltr' id='par_1_64' title="bbox 2191 962 3850 1041">
     <span class='ocr_line' id='line_1_64' title="bbox 2191 962 3850 1041; baseline 0.002 -21"><span class='ocrx_word' id='word_1_441' title='bbox 2191 962 2337 1022; x_wconf 70' lang='grc' dir='ltr'>οὗτοι</span> <span class='ocrx_word' id='word_1_442' title='bbox 2362 970 2683 1041; x_wconf 77' lang='grc' dir='ltr'>είρήνευσάν</span> <span class='ocrx_word' id='word_1_443' title='bbox 2709 986 2767 1022; x_wconf 88' lang='grc' dir='ltr'><strong>τε</strong></span> <span class='ocrx_word' id='word_1_444' title='bbox 2798 970 2892 1023; x_wconf 70' lang='grc' dir='ltr'>καὶ</span> <span class='ocrx_word' id='word_1_445' title='bbox 2938 968 3290 1041; x_wconf 77' lang='grc' dir='ltr'>είρηνεύομεν</span> <span class='ocrx_word' id='word_1_446' title='bbox 3323 966 3461 1038; x_wconf 73' lang='grc' dir='ltr'><strong>πρὸς</strong></span> <span class='ocrx_word' id='word_1_447' title='bbox 3487 962 3850 1035; x_wconf 65' lang='grc' dir='ltr'><strong>ἀλλήλους,</strong></span> 
     </span>
    </p>
   </div>
   <div class='ocr_carea' id='block_1_65' title="bbox 2192 1052 3852 1133">
    <p class='ocr_par' dir='ltr' id='par_1_65' title="bbox 2192 1052 3852 1133">
     <span class='ocr_line' id='line_1_65' title="bbox 2192 1052 3852 1133; baseline -0.003 -20"><span class='ocrx_word' id='word_1_448' title='bbox 2192 1059 2286 1113; x_wconf 68' lang='grc' dir='ltr'>καὶ</span> <span class='ocrx_word' id='word_1_449' title='bbox 2350 1062 2383 1128; x_wconf 81' lang='grc' dir='ltr'>ὴ</span> <span class='ocrx_word' id='word_1_450' title='bbox 2435 1059 2698 1129; x_wconf 79' lang='grc' dir='ltr'><strong>διαφωνία</strong></span> <span class='ocrx_word' id='word_1_451' title='bbox 2753 1064 2851 1133; x_wconf 85' lang='grc' dir='ltr'><strong>τῆς</strong></span> <span class='ocrx_word' id='word_1_452' title='bbox 2910 1061 3163 1130; x_wconf 73' lang='grc' dir='ltr'><strong>νηστείας</strong></span> <span class='ocrx_word' id='word_1_453' title='bbox 3214 1061 3315 1131; x_wconf 76' lang='grc' dir='ltr'><strong>τὴν</strong></span> <span class='ocrx_word' id='word_1_454' title='bbox 3366 1057 3663 1129; x_wconf 65' lang='grc' dir='ltr'>ὁμόνοιαν</span> <span class='ocrx_word' id='word_1_455' title='bbox 3730 1052 3852 1122; x_wconf 77' lang='grc' dir='ltr'><strong>τῆς</strong></span> 
     </span>
    </p>
   </div>
   <div class='ocr_carea' id='block_1_66' title="bbox 2193 1146 3851 1228">
    <p class='ocr_par' dir='ltr' id='par_1_66' title="bbox 2193 1146 3851 1228">
     <span class='ocr_line' id='line_1_66' title="bbox 2193 1146 3851 1228; baseline -0.004 -22"><span class='ocrx_word' id='word_1_456' title='bbox 2193 1154 2428 1218; x_wconf 75' lang='grc' dir='ltr'>πίστεως</span> <span class='ocrx_word' id='word_1_457' title='bbox 2478 1154 2761 1227; x_wconf 80' lang='grc' dir='ltr'>συνίστησι</span> <span class='ocrx_word' id='word_1_458' title='bbox 2820 1155 2953 1228; x_wconf 83' lang='grc'>(81).</span> <span class='ocrx_word' id='word_1_459' title='bbox 3022 1175 3042 1209; x_wconf 84' lang='grc'><strong><em>›</em></strong></span> <span class='ocrx_word' id='word_1_460' title='bbox 3107 1153 3330 1219; x_wconf 81' lang='grc' dir='ltr'>Τούτοις</span> <span class='ocrx_word' id='word_1_461' title='bbox 3384 1155 3479 1208; x_wconf 73' lang='grc' dir='ltr'>καὶ</span> <span class='ocrx_word' id='word_1_462' title='bbox 3545 1146 3851 1220; x_wconf 71' lang='grc' dir='ltr'>ἱστορίαν</span> 
     </span>
    </p>
   </div>
   <div class='ocr_carea' id='block_1_67' title="bbox 2196 1301 3849 1378">
    <p class='ocr_par' dir='ltr' id='par_1_67' title="bbox 2196 1301 3849 1378">
     <span class='ocr_line' id='line_1_67' title="bbox 2196 1301 3849 1378; baseline 0.003 -19"><span class='ocrx_word' id='word_1_463' title='bbox 2196 1304 2329 1361; x_wconf 88' lang='lat' dir='ltr'><strong>Nam</strong></span> <span class='ocrx_word' id='word_1_464' title='bbox 2374 1316 2432 1360; x_wconf 88' lang='lat' dir='ltr'><strong>ut</strong></span> <span class='ocrx_word' id='word_1_465' title='bbox 2479 1309 2934 1378; x_wconf 67' lang='lat' dir='ltr'><strong>Quinquagesima</strong></span> <span class='ocrx_word' id='word_1_466' title='bbox 2991 1325 3085 1364; x_wconf 79' lang='lat' dir='ltr'><strong>seu</strong></span> <span class='ocrx_word' id='word_1_467' title='bbox 3150 1307 3506 1369; x_wconf 82' lang='lat' dir='ltr'><strong>Pentecoste,</strong></span> <span class='ocrx_word' id='word_1_468' title='bbox 3575 1301 3849 1378; x_wconf 58' lang='lat' dir='ltr'><strong>promit!</strong></span> 
     </span>
    </p>
   </div>
   <div class='ocr_carea' id='block_1_68' title="bbox 2197 1373 3846 1447">
    <p class='ocr_par' dir='ltr' id='par_1_68' title="bbox 2197 1373 3846 1447">
     <span class='ocr_line' id='line_1_68' title="bbox 2197 1373 3846 1447; baseline -0.001 -19"><span class='ocrx_word' id='word_1_469' title='bbox 2197 1378 2412 1443; x_wconf 85' lang='lat' dir='ltr'><strong>quidem</strong></span> <span class='ocrx_word' id='word_1_470' title='bbox 2446 1373 2529 1432; x_wconf 77' lang='lat' dir='ltr'><strong>est</strong></span> <span class='ocrx_word' id='word_1_471' title='bbox 2556 1373 2670 1434; x_wconf 79' lang='lat' dir='ltr'><strong>dies</strong></span> <span class='ocrx_word' id='word_1_472' title='bbox 2699 1380 2883 1436; x_wconf 89' lang='lat' dir='ltr'><strong>ultima</strong></span> <span class='ocrx_word' id='word_1_473' title='bbox 2929 1380 2994 1433; x_wconf 90' lang='lat' dir='ltr'><strong>de</strong></span> <span class='ocrx_word' id='word_1_474' title='bbox 3024 1380 3415 1447; x_wconf 83' lang='lat' dir='ltr'><strong>quinquaginta</strong></span> <span class='ocrx_word' id='word_1_475' title='bbox 3442 1377 3563 1430; x_wconf 85' lang='lat' dir='ltr'><strong>illis</strong></span> <span class='ocrx_word' id='word_1_476' title='bbox 3586 1373 3846 1428; x_wconf 15' lang='lat' dir='ltr'><strong>idiebus</strong></span> 
     </span>
    </p>
   </div>
   <div class='ocr_carea' id='block_1_69' title="bbox 2200 1447 3847 1516">
    <p class='ocr_par' dir='ltr' id='par_1_69' title="bbox 2200 1447 3847 1516">
     <span class='ocr_line' id='line_1_69' title="bbox 2200 1447 3847 1516; baseline -0.001 -15"><span class='ocrx_word' id='word_1_477' title='bbox 2200 1447 2460 1502; x_wconf 82' lang='lat' dir='ltr'><strong>Pascliale</strong></span> <span class='ocrx_word' id='word_1_478' title='bbox 2485 1448 2680 1504; x_wconf 83' lang='lat' dir='ltr'><strong>festum</strong></span> <span class='ocrx_word' id='word_1_479' title='bbox 2712 1450 3185 1516; x_wconf 85' lang='lat' dir='ltr'><strong>subsequentibus,</strong></span> <span class='ocrx_word' id='word_1_480' title='bbox 3214 1458 3395 1501; x_wconf 90' lang='lat' dir='ltr'><strong>tamen</strong></span> <span class='ocrx_word' id='word_1_481' title='bbox 3423 1448 3535 1501; x_wconf 85' lang='lat' dir='ltr'><strong>late</strong></span> <span class='ocrx_word' id='word_1_482' title='bbox 3573 1455 3847 1516; x_wconf 80' lang='lat' dir='ltr'><strong>sumpto</strong></span> 
     </span>
    </p>
   </div>
   <div class='ocr_carea' id='block_1_70' title="bbox 2199 1515 3843 1590">
    <p class='ocr_par' dir='ltr' id='par_1_70' title="bbox 2199 1515 3843 1590">
     <span class='ocr_line' id='line_1_70' title="bbox 2199 1515 3843 1590; baseline -0.004 -22"><span class='ocrx_word' id='word_1_483' title='bbox 2199 1517 2464 1590; x_wconf 48' lang='lat' dir='ltr'><strong>uocabulo</strong></span> <span class='ocrx_word' id='word_1_484' title='bbox 2493 1560 2507 1581; x_wconf 93' lang='lat'><strong>,</strong></span> <span class='ocrx_word' id='word_1_485' title='bbox 2542 1520 2811 1575; x_wconf 87' lang='lat' dir='ltr'><strong>interdum</strong></span> <span class='ocrx_word' id='word_1_486' title='bbox 2858 1515 3124 1590; x_wconf 78' lang='lat' dir='ltr'><strong>signiﬁcat</strong></span> <span class='ocrx_word' id='word_1_487' title='bbox 3158 1529 3328 1572; x_wconf 90' lang='lat' dir='ltr'><strong>totum</strong></span> <span class='ocrx_word' id='word_1_488' title='bbox 3361 1518 3488 1571; x_wconf 89' lang='lat' dir='ltr'><strong>illtid</strong></span> <span class='ocrx_word' id='word_1_489' title='bbox 3549 1515 3843 1590; x_wconf 48' lang='lat' dir='ltr'><strong>spatiari;</strong></span> 
     </span>
    </p>
   </div>
   <div class='ocr_carea' id='block_1_71' title="bbox 2200 1585 3840 1656">
    <p class='ocr_par' dir='ltr' id='par_1_71' title="bbox 2200 1585 3840 1656">
     <span class='ocr_line' id='line_1_71' title="bbox 2200 1585 3840 1656; baseline -0.001 -18"><span class='ocrx_word' id='word_1_490' title='bbox 2200 1588 2413 1640; x_wconf 88' lang='lat' dir='ltr'><strong>dierum</strong></span> <span class='ocrx_word' id='word_1_491' title='bbox 2442 1590 2588 1656; x_wconf 89' lang='lat' dir='ltr'><strong>quod</strong></span> <span class='ocrx_word' id='word_1_492' title='bbox 2622 1600 2707 1645; x_wconf 88' lang='lat' dir='ltr'><strong>est</strong></span> <span class='ocrx_word' id='word_1_493' title='bbox 2739 1606 2767 1645; x_wconf 86' lang='lat' dir='ltr'><strong>a</strong></span> <span class='ocrx_word' id='word_1_494' title='bbox 2801 1585 3005 1644; x_wconf 70' lang='lat' dir='ltr'><strong>Pascha</strong></span> <span class='ocrx_word' id='word_1_495' title='bbox 3038 1591 3101 1640; x_wconf 88' lang='lat' dir='ltr'><strong>ad</strong></span> <span class='ocrx_word' id='word_1_496' title='bbox 3133 1590 3522 1645; x_wconf 82' lang='lat' dir='ltr'><strong>Pentecosten.</strong></span> <span class='ocrx_word' id='word_1_497' title='bbox 3556 1596 3635 1638; x_wconf 85' lang='lat' dir='ltr'><strong>ut</strong></span> <span class='ocrx_word' id='word_1_498' title='bbox 3665 1585 3840 1656; x_wconf 72' lang='lat' dir='ltr'><strong>apud</strong></span> 
     </span>
    </p>
   </div>
   <div class='ocr_carea' id='block_1_72' title="bbox 2199 1654 3839 1728">
    <p class='ocr_par' dir='ltr' id='par_1_72' title="bbox 2199 1654 3839 1728">
     <span class='ocr_line' id='line_1_72' title="bbox 2199 1654 3839 1728; baseline -0.001 -19"><span class='ocrx_word' id='word_1_499' title='bbox 2199 1654 2580 1728; x_wconf 85' lang='lat' dir='ltr'><strong>Hieronymum</strong></span> <span class='ocrx_word' id='word_1_500' title='bbox 2613 1661 2663 1714; x_wconf 93' lang='lat' dir='ltr'><strong>iii</strong></span> <span class='ocrx_word' id='word_1_501' title='bbox 2693 1660 2915 1728; x_wconf 85' lang='lat' dir='ltr'><strong>epistola</strong></span> <span class='ocrx_word' id='word_1_502' title='bbox 2948 1661 3011 1712; x_wconf 88' lang='lat' dir='ltr'><strong>ad</strong></span> <span class='ocrx_word' id='word_1_503' title='bbox 3042 1658 3367 1720; x_wconf 83' lang='lat' dir='ltr'><strong>Marcellam,</strong></span> <span class='ocrx_word' id='word_1_504' title='bbox 3401 1657 3544 1725; x_wconf 90' lang='lat' dir='ltr'><strong>apud</strong></span> <span class='ocrx_word' id='word_1_505' title='bbox 3577 1654 3839 1709; x_wconf 82' lang='lat' dir='ltr'><strong>Cassia-</strong></span> 
     </span>
    </p>
   </div>
   <div class='ocr_carea' id='block_1_73' title="bbox 2201 1727 3835 1797">
    <p class='ocr_par' dir='ltr' id='par_1_73' title="bbox 2201 1727 3835 1797">
     <span class='ocr_line' id='line_1_73' title="bbox 2201 1727 3835 1797; baseline -0.001 -19"><span class='ocrx_word' id='word_1_506' title='bbox 2201 1744 2327 1779; x_wconf 90' lang='lat' dir='ltr'><strong>num</strong></span> <span class='ocrx_word' id='word_1_507' title='bbox 2363 1727 2417 1781; x_wconf 81' lang='lat' dir='ltr'><strong>et</strong></span> <span class='ocrx_word' id='word_1_508' title='bbox 2463 1727 2771 1797; x_wconf 83' lang='lat' dir='ltr'><strong>complures</strong></span> <span class='ocrx_word' id='word_1_509' title='bbox 2819 1731 2969 1784; x_wconf 89' lang='lat' dir='ltr'><strong>alios.</strong></span> <span class='ocrx_word' id='word_1_510' title='bbox 3014 1731 3106 1781; x_wconf 87' lang='lat' dir='ltr'><strong>Sic</strong></span> <span class='ocrx_word' id='word_1_511' title='bbox 3143 1731 3309 1783; x_wconf 88' lang='lat' dir='ltr'><strong>etiam</strong></span> <span class='ocrx_word' id='word_1_512' title='bbox 3345 1727 3835 1797; x_wconf 80' lang='lat' dir='ltr'><strong>Quadragesiina</strong></span> 
     </span>
    </p>
   </div>
   <div class='ocr_carea' id='block_1_74' title="bbox 2201 1796 3836 1867">
    <p class='ocr_par' dir='ltr' id='par_1_74' title="bbox 2201 1796 3836 1867">
     <span class='ocr_line' id='line_1_74' title="bbox 2201 1796 3836 1867; baseline -0.001 -19"><span class='ocrx_word' id='word_1_513' title='bbox 2201 1799 2417 1864; x_wconf 85' lang='lat' dir='ltr'><strong>proprie</strong></span> <span class='ocrx_word' id='word_1_514' title='bbox 2445 1802 2661 1867; x_wconf 84' lang='lat' dir='ltr'><strong>quidem</strong></span> <span class='ocrx_word' id='word_1_515' title='bbox 2688 1811 2771 1855; x_wconf 84' lang='lat' dir='ltr'><strong>est</strong></span> <span class='ocrx_word' id='word_1_516' title='bbox 2797 1801 2914 1855; x_wconf 86' lang='lat' dir='ltr'><strong>dies</strong></span> <span class='ocrx_word' id='word_1_517' title='bbox 2948 1816 3085 1852; x_wconf 89' lang='lat' dir='ltr'><strong>unus</strong></span> <span class='ocrx_word' id='word_1_518' title='bbox 3120 1801 3185 1854; x_wconf 86' lang='lat' dir='ltr'><strong>de</strong></span> <span class='ocrx_word' id='word_1_519' title='bbox 3218 1798 3588 1865; x_wconf 73' lang='lat' dir='ltr'><strong>quadraginta</strong></span> <span class='ocrx_word' id='word_1_520' title='bbox 3618 1838 3637 1857; x_wconf 90' lang='lat'><strong>.</strong></span> <span class='ocrx_word' id='word_1_521' title='bbox 3692 1796 3836 1867; x_wconf 76' lang='lat' dir='ltr'><strong>dies</strong></span> 
     </span>
    </p>
   </div>
   <div class='ocr_carea' id='block_1_75' title="bbox 2198 1866 3836 1938">
    <p class='ocr_par' dir='ltr' id='par_1_75' title="bbox 2198 1866 3836 1938">
     <span class='ocr_line' id='line_1_75' title="bbox 2198 1866 3836 1938; baseline -0.002 -17"><span class='ocrx_word' id='word_1_522' title='bbox 2198 1868 2408 1922; x_wconf 80' lang='lat' dir='ltr'><strong>Scilicet</strong></span> <span class='ocrx_word' id='word_1_523' title='bbox 2444 1866 2765 1933; x_wconf 82' lang='lat' dir='ltr'><strong>Parasceve,</strong></span> <span class='ocrx_word' id='word_1_524' title='bbox 2801 1872 2892 1938; x_wconf 90' lang='lat' dir='ltr'><strong>qui</strong></span> <span class='ocrx_word' id='word_1_525' title='bbox 2920 1870 3134 1937; x_wconf 68' lang='lat' dir='ltr'><strong>quidem</strong></span> <span class='ocrx_word' id='word_1_526' title='bbox 3185 1871 3323 1938; x_wconf 83' lang='lat' dir='ltr'><strong>apud</strong></span> <span class='ocrx_word' id='word_1_527' title='bbox 3372 1866 3836 1921; x_wconf 78' lang='lat' dir='ltr'><strong>Alexandrinos</strong></span> 
     </span>
    </p>
   </div>
   <div class='ocr_carea' id='block_1_76' title="bbox 2198 1936 3836 2010">
    <p class='ocr_par' dir='ltr' id='par_1_76' title="bbox 2198 1936 3836 2010">
     <span class='ocr_line' id='line_1_76' title="bbox 2198 1936 3836 2010; baseline -0.001 -22"><span class='ocrx_word' id='word_1_528' title='bbox 2198 1949 2318 2010; x_wconf 80' lang='lat' dir='ltr'><strong>erat</strong></span> <span class='ocrx_word' id='word_1_529' title='bbox 2348 1936 2828 2010; x_wconf 63' lang='lat' dir='ltr'><strong>quadragesimus,</strong></span> <span class='ocrx_word' id='word_1_530' title='bbox 2853 1936 2997 1994; x_wconf 73' lang='lat' dir='ltr'><strong>ntex</strong></span> <span class='ocrx_word' id='word_1_531' title='bbox 3030 1940 3213 2010; x_wconf 87' lang='lat' dir='ltr'><strong>Cyrilli</strong></span> <span class='ocrx_word' id='word_1_532' title='bbox 3260 1936 3502 1991; x_wconf 78' lang='lat' dir='ltr'><strong>Homiliis</strong></span> <span class='ocrx_word' id='word_1_533' title='bbox 3554 1940 3836 2010; x_wconf 63' lang='lat' dir='ltr'><strong>pascha-</strong></span> 
     </span>
    </p>
   </div>
   <div class='ocr_carea' id='block_1_77' title="bbox 2198 2006 3830 2076">
    <p class='ocr_par' dir='ltr' id='par_1_77' title="bbox 2198 2006 3830 2076">
     <span class='ocr_line' id='line_1_77' title="bbox 2198 2006 3830 2076; baseline -0.002 -16"><span class='ocrx_word' id='word_1_534' title='bbox 2198 2008 2337 2062; x_wconf 86' lang='lat' dir='ltr'><strong>libus</strong></span> <span class='ocrx_word' id='word_1_535' title='bbox 2367 2006 2613 2064; x_wconf 73' lang='lat' dir='ltr'><strong>constat.</strong></span> <span class='ocrx_word' id='word_1_536' title='bbox 2656 2009 2840 2065; x_wconf 88' lang='lat' dir='ltr'><strong>Latius</strong></span> <span class='ocrx_word' id='word_1_537' title='bbox 2880 2006 3314 2076; x_wconf 54' lang='lat' dir='ltr'><strong>taineii&#39;sunipto</strong></span> <span class='ocrx_word' id='word_1_538' title='bbox 3347 2009 3626 2061; x_wconf 85' lang='lat' dir='ltr'><strong>vocabulo</strong></span> <span class='ocrx_word' id='word_1_539' title='bbox 3652 2048 3669 2066; x_wconf 84' lang='grc'>,</span> <span class='ocrx_word' id='word_1_540' title='bbox 3718 2006 3830 2076; x_wconf 70' lang='lat' dir='ltr'><strong>ile-</strong></span> 
     </span>
    </p>
   </div>
   <div class='ocr_carea' id='block_1_78' title="bbox 2200 2075 3805 2152">
    <p class='ocr_par' dir='ltr' id='par_1_78' title="bbox 2200 2075 3805 2152">
     <span class='ocr_line' id='line_1_78' title="bbox 2200 2075 3805 2152; baseline -0.001 -21"><span class='ocrx_word' id='word_1_541' title='bbox 2200 2079 2381 2152; x_wconf 69' lang='lat' dir='ltr'><strong>signat</strong></span> <span class='ocrx_word' id='word_1_542' title='bbox 2413 2081 2578 2134; x_wconf 90' lang='lat' dir='ltr'><strong>etiam</strong></span> <span class='ocrx_word' id='word_1_543' title='bbox 2615 2082 2971 2152; x_wconf 79' lang='lat' dir='ltr'><strong>quadraginta</strong></span> <span class='ocrx_word' id='word_1_544' title='bbox 3003 2081 3118 2134; x_wconf 85' lang='lat' dir='ltr'><strong>dies</strong></span> <span class='ocrx_word' id='word_1_545' title='bbox 3164 2077 3491 2150; x_wconf 77' lang='lat' dir='ltr'><strong>jcjiiniorum</strong></span> <span class='ocrx_word' id='word_1_546' title='bbox 3545 2077 3660 2149; x_wconf 82' lang='lat' dir='ltr'><strong>qui</strong></span> <span class='ocrx_word' id='word_1_547' title='bbox 3711 2075 3805 2131; x_wconf 80' lang='lat' dir='ltr'><strong>Pa</strong></span> 
     </span>
    </p>
   </div>
   <div class='ocr_carea' id='block_1_79' title="bbox 2201 2150 2704 2205">
    <p class='ocr_par' dir='ltr' id='par_1_79' title="bbox 2201 2150 2704 2205">
     <span class='ocr_line' id='line_1_79' title="bbox 2201 2150 2704 2205; baseline -0.002 -3"><span class='ocrx_word' id='word_1_548' title='bbox 2201 2150 2331 2202; x_wconf 83' lang='lat' dir='ltr'><strong>sella</strong></span> <span class='ocrx_word' id='word_1_549' title='bbox 2362 2152 2704 2205; x_wconf 84' lang='lat' dir='ltr'><strong>antecedunt.</strong></span> 
     </span>
    </p>
   </div>
   <div class='ocr_carea' id='block_1_80' title="bbox 2274 2215 3826 2291">
    <p class='ocr_par' dir='ltr' id='par_1_80' title="bbox 2274 2215 3826 2291">
     <span class='ocr_line' id='line_1_80' title="bbox 2274 2215 3826 2291; baseline -0.014 -2"><span class='ocrx_word' id='word_1_550' title='bbox 2274 2221 2383 2291; x_wconf 74' lang='lat'><strong>(79)</strong></span> <span class='ocrx_word' id='word_1_551' title='bbox 2434 2221 2842 2290; x_wconf 82' lang='grc' dir='ltr'><strong>Συμμετροῦσι</strong></span> <span class='ocrx_word' id='word_1_552' title='bbox 2888 2218 3004 2289; x_wconf 74' lang='grc' dir='ltr'><strong>τὴν</strong></span> <span class='ocrx_word' id='word_1_553' title='bbox 3054 2219 3283 2289; x_wconf 74' lang='grc' dir='ltr'><strong>ἡμέραν</strong></span> <span class='ocrx_word' id='word_1_554' title='bbox 3336 2216 3554 2291; x_wconf 60' lang='grc' dir='ltr'><strong>αὐτῶν.</strong></span> <span class='ocrx_word' id='word_1_555' title='bbox 3625 2215 3826 2291; x_wconf 71' lang='lat' dir='ltr'><strong>Miror</strong></span> 
     </span>
    </p>
   </div>
   <div class='ocr_carea' id='block_1_81' title="bbox 2204 2288 3823 2359">
    <p class='ocr_par' dir='ltr' id='par_1_81' title="bbox 2204 2288 3823 2359">
     <span class='ocr_line' id='line_1_81' title="bbox 2204 2288 3823 2359; baseline -0.003 -15"><span class='ocrx_word' id='word_1_556' title='bbox 2204 2300 2282 2344; x_wconf 92' lang='lat' dir='ltr'><strong>tot</strong></span> <span class='ocrx_word' id='word_1_557' title='bbox 2336 2288 2582 2345; x_wconf 76' lang='lat' dir='ltr'><strong>homines</strong></span> <span class='ocrx_word' id='word_1_558' title='bbox 2624 2288 2898 2356; x_wconf 85' lang='lat' dir='ltr'><strong>eruditos,</strong></span> <span class='ocrx_word' id='word_1_559' title='bbox 2949 2291 3040 2359; x_wconf 87' lang='lat' dir='ltr'><strong>qui</strong></span> <span class='ocrx_word' id='word_1_560' title='bbox 3074 2288 3217 2345; x_wconf 85' lang='lat' dir='ltr'><strong>hunc</strong></span> <span class='ocrx_word' id='word_1_561' title='bbox 3268 2291 3452 2345; x_wconf 76' lang='lat' dir='ltr'><strong>lreuiei</strong></span> <span class='ocrx_word' id='word_1_562' title='bbox 3506 2288 3712 2341; x_wconf 82' lang='lat' dir='ltr'><strong>locum</strong></span> <span class='ocrx_word' id='word_1_563' title='bbox 3760 2288 3823 2341; x_wconf 86' lang='lat' dir='ltr'><strong>iii</strong></span> 
     </span>
    </p>
   </div>
   <div class='ocr_carea' id='block_1_82' title="bbox 2204 2360 3827 2430">
    <p class='ocr_par' dir='ltr' id='par_1_82' title="bbox 2204 2360 3827 2430">
     <span class='ocr_line' id='line_1_82' title="bbox 2204 2360 3827 2430; baseline -0.005 -13"><span class='ocrx_word' id='word_1_564' title='bbox 2204 2362 2318 2417; x_wconf 84' lang='lat' dir='ltr'><strong>Suis</strong></span> <span class='ocrx_word' id='word_1_565' title='bbox 2342 2362 2493 2415; x_wconf 89' lang='lat' dir='ltr'><strong>libris</strong></span> <span class='ocrx_word' id='word_1_566' title='bbox 2528 2375 2918 2430; x_wconf 85' lang='lat' dir='ltr'><strong>exposuerunt,</strong></span> <span class='ocrx_word' id='word_1_567' title='bbox 2952 2362 3066 2427; x_wconf 82' lang='lat' dir='ltr'><strong>ejus</strong></span> <span class='ocrx_word' id='word_1_568' title='bbox 3094 2363 3277 2414; x_wconf 77' lang='lat' dir='ltr'><strong>vitium</strong></span> <span class='ocrx_word' id='word_1_569' title='bbox 3304 2376 3408 2413; x_wconf 91' lang='lat' dir='ltr'><strong>non</strong></span> <span class='ocrx_word' id='word_1_570' title='bbox 3446 2360 3827 2430; x_wconf 73' lang='lat' dir='ltr'><strong>animadver-</strong></span> 
     </span>
    </p>
   </div>
   <div class='ocr_carea' id='block_1_83' title="bbox 2206 2429 3820 2498">
    <p class='ocr_par' dir='ltr' id='par_1_83' title="bbox 2206 2429 3820 2498">
     <span class='ocr_line' id='line_1_83' title="bbox 2206 2429 3820 2498; baseline -0.003 -13"><span class='ocrx_word' id='word_1_571' title='bbox 2206 2434 2354 2485; x_wconf 89' lang='lat' dir='ltr'><strong>tisse.</strong></span> <span class='ocrx_word' id='word_1_572' title='bbox 2400 2431 2531 2498; x_wconf 85' lang='lat' dir='ltr'><strong>Quis</strong></span> <span class='ocrx_word' id='word_1_573' title='bbox 2554 2429 2697 2485; x_wconf 86' lang='lat' dir='ltr'><strong>enim</strong></span> <span class='ocrx_word' id='word_1_574' title='bbox 2739 2442 2820 2486; x_wconf 87' lang='lat' dir='ltr'><strong>est</strong></span> <span class='ocrx_word' id='word_1_575' title='bbox 2854 2447 3047 2485; x_wconf 87' lang='lat' dir='ltr'><strong>sensus</strong></span> <span class='ocrx_word' id='word_1_576' title='bbox 3088 2433 3277 2485; x_wconf 88' lang='lat' dir='ltr'><strong>lioruiii</strong></span> <span class='ocrx_word' id='word_1_577' title='bbox 3321 2430 3614 2484; x_wconf 77' lang='lat' dir='ltr'><strong>verborum</strong></span> <span class='ocrx_word' id='word_1_578' title='bbox 3643 2429 3673 2481; x_wconf 66' lang='grc' dir='ltr'><em>ἲ</em></span> <span class='ocrx_word' id='word_1_579' title='bbox 3709 2438 3820 2480; x_wconf 85' lang='lat' dir='ltr'><strong>aut</strong></span> 
     </span>
    </p>
   </div>
   <div class='ocr_carea' id='block_1_84' title="bbox 2205 2499 3820 2570">
    <p class='ocr_par' dir='ltr' id='par_1_84' title="bbox 2205 2499 3820 2570">
     <span class='ocr_line' id='line_1_84' title="bbox 2205 2499 3820 2570; baseline -0.001 -17"><span class='ocrx_word' id='word_1_580' title='bbox 2205 2502 2327 2570; x_wconf 87' lang='lat' dir='ltr'><strong>quis</strong></span> <span class='ocrx_word' id='word_1_581' title='bbox 2374 2518 2605 2569; x_wconf 87' lang='lat' dir='ltr'><strong>unquam</strong></span> <span class='ocrx_word' id='word_1_582' title='bbox 2653 2505 2838 2557; x_wconf 82' lang='lat' dir='ltr'><strong>credat</strong></span> <span class='ocrx_word' id='word_1_583' title='bbox 2889 2503 3056 2556; x_wconf 61' lang='lat' dir='ltr'><strong>fuisse</strong></span> <span class='ocrx_word' id='word_1_584' title='bbox 3104 2500 3507 2569; x_wconf 78' lang='lat' dir='ltr'><strong>lit-iiiiiies,qui</strong></span> <span class='ocrx_word' id='word_1_585' title='bbox 3542 2499 3820 2570; x_wconf 80' lang='lat' dir='ltr'><strong>quadra-</strong></span> 
     </span>
    </p>
   </div>
   <div class='ocr_carea' id='block_1_85' title="bbox 2204 2569 3815 2641">
    <p class='ocr_par' dir='ltr' id='par_1_85' title="bbox 2204 2569 3815 2641">
     <span class='ocr_line' id='line_1_85' title="bbox 2204 2569 3815 2641; baseline -0.003 -17"><span class='ocrx_word' id='word_1_586' title='bbox 2204 2569 2349 2641; x_wconf 80' lang='lat' dir='ltr'><strong>ginta</strong></span> <span class='ocrx_word' id='word_1_587' title='bbox 2383 2574 2634 2627; x_wconf 85' lang='lat' dir='ltr'><strong>horarum</strong></span> <span class='ocrx_word' id='word_1_588' title='bbox 2668 2573 2843 2639; x_wconf 77' lang='lat' dir='ltr'><strong>Spatio</strong></span> <span class='ocrx_word' id='word_1_589' title='bbox 2891 2574 3032 2625; x_wconf 89' lang='lat' dir='ltr'><strong>diem</strong></span> <span class='ocrx_word' id='word_1_590' title='bbox 3068 2573 3407 2641; x_wconf 84' lang='lat' dir='ltr'><strong>iiietirentiir.</strong></span> <span class='ocrx_word' id='word_1_591' title='bbox 3436 2569 3815 2641; x_wconf 34' lang='lat' dir='ltr'><strong>Atquihqua-</strong></span> 
     </span>
    </p>
   </div>
   <div class='ocr_carea' id='block_1_86' title="bbox 2205 2639 3808 2710">
    <p class='ocr_par' dir='ltr' id='par_1_86' title="bbox 2205 2639 3808 2710">
     <span class='ocr_line' id='line_1_86' title="bbox 2205 2639 3808 2710; baseline -0.004 -15"><span class='ocrx_word' id='word_1_592' title='bbox 2205 2639 2452 2710; x_wconf 75' lang='lat' dir='ltr'><strong>draginta</strong></span> <span class='ocrx_word' id='word_1_593' title='bbox 2491 2644 2637 2695; x_wconf 62' lang='lat' dir='ltr'><strong>hor-ae</strong></span> <span class='ocrx_word' id='word_1_594' title='bbox 2667 2643 2883 2696; x_wconf 87' lang='lat' dir='ltr'><strong>biduum</strong></span> <span class='ocrx_word' id='word_1_595' title='bbox 2915 2642 3278 2708; x_wconf 84' lang='lat' dir='ltr'><strong>jejunantibiis</strong></span> <span class='ocrx_word' id='word_1_596' title='bbox 3306 2640 3570 2695; x_wconf 81' lang='lat' dir='ltr'><strong>eﬂiciiint.</strong></span> <span class='ocrx_word' id='word_1_597' title='bbox 3624 2639 3808 2710; x_wconf 62' lang='lat' dir='ltr'><strong>Equi-</strong></span> 
     </span>
    </p>
   </div>
   <div class='ocr_carea' id='block_1_87' title="bbox 2206 2706 3811 2779">
    <p class='ocr_par' dir='ltr' id='par_1_87' title="bbox 2206 2706 3811 2779">
     <span class='ocr_line' id='line_1_87' title="bbox 2206 2706 3811 2779; baseline -0.002 -15"><span class='ocrx_word' id='word_1_598' title='bbox 2206 2706 2333 2767; x_wconf 79' lang='lat' dir='ltr'><strong>dem</strong></span> <span class='ocrx_word' id='word_1_599' title='bbox 2367 2728 2473 2767; x_wconf 91' lang='lat' dir='ltr'><strong>non</strong></span> <span class='ocrx_word' id='word_1_600' title='bbox 2507 2714 2713 2777; x_wconf 84' lang='lat' dir='ltr'><strong>dubito,</strong></span> <span class='ocrx_word' id='word_1_601' title='bbox 2744 2715 2868 2779; x_wconf 88' lang='lat' dir='ltr'><strong>quin</strong></span> <span class='ocrx_word' id='word_1_602' title='bbox 2904 2706 3134 2767; x_wconf 72' lang='lat' dir='ltr'><strong>lrenccus</strong></span> <span class='ocrx_word' id='word_1_603' title='bbox 3173 2712 3245 2764; x_wconf 87' lang='lat' dir='ltr'><strong>ita</strong></span> <span class='ocrx_word' id='word_1_604' title='bbox 3280 2712 3604 2779; x_wconf 78' lang='lat' dir='ltr'><strong>scripserit:</strong></span> <span class='ocrx_word' id='word_1_605' title='bbox 3639 2710 3718 2764; x_wconf 82' lang='grc' dir='ltr'>Οί</span> 
     </span>
    </p>
   </div>
   <div class='ocr_carea' id='block_1_88' title="bbox 2205 2777 3810 2855">
    <p class='ocr_par' dir='ltr' id='par_1_88' title="bbox 2205 2777 3810 2855">
     <span class='ocr_line' id='line_1_88' title="bbox 2205 2777 3810 2855; baseline -0.001 -20"><span class='ocrx_word' id='word_1_606' title='bbox 2205 2783 2608 2855; x_wconf 75' lang='grc' dir='ltr'>τεσσαράκοντα</span> <span class='ocrx_word' id='word_1_607' title='bbox 2645 2777 2792 2855; x_wconf 52' lang='grc' dir='ltr'>ὥρας</span> <span class='ocrx_word' id='word_1_608' title='bbox 2851 2783 3112 2855; x_wconf 70' lang='grc' dir='ltr'>ἡμερινᾲς</span> <span class='ocrx_word' id='word_1_609' title='bbox 3176 2798 3234 2835; x_wconf 82' lang='grc' dir='ltr'><strong>τε</strong></span> <span class='ocrx_word' id='word_1_610' title='bbox 3305 2777 3406 2836; x_wconf 66' lang='grc' dir='ltr'><strong>καῖ</strong></span> <span class='ocrx_word' id='word_1_611' title='bbox 3460 2777 3810 2855; x_wconf 56' lang='grc' dir='ltr'>νυκτερινὰς</span> 
     </span>
    </p>
   </div>
   <div class='ocr_carea' id='block_1_89' title="bbox 2209 2851 3805 2925">
    <p class='ocr_par' dir='ltr' id='par_1_89' title="bbox 2209 2851 3805 2925">
     <span class='ocr_line' id='line_1_89' title="bbox 2209 2851 3805 2925; baseline -0.001 -20"><span class='ocrx_word' id='word_1_612' title='bbox 2209 2851 2580 2925; x_wconf 76' lang='grc' dir='ltr'><strong>συμμέτροῦσι</strong></span> <span class='ocrx_word' id='word_1_613' title='bbox 2608 2851 2706 2925; x_wconf 73' lang='grc' dir='ltr'><strong>τὴν</strong></span> <span class='ocrx_word' id='word_1_614' title='bbox 2736 2851 3010 2924; x_wconf 72' lang='grc' dir='ltr'>νηστὲίαν.</span> <span class='ocrx_word' id='word_1_615' title='bbox 3047 2854 3162 2925; x_wconf 78' lang='lat' dir='ltr'><strong>Qua</strong></span> <span class='ocrx_word' id='word_1_616' title='bbox 3204 2854 3470 2921; x_wconf 87' lang='lat' dir='ltr'><strong>scriptura</strong></span> <span class='ocrx_word' id='word_1_617' title='bbox 3498 2853 3636 2925; x_wconf 88' lang='lat' dir='ltr'><strong>nihil</strong></span> <span class='ocrx_word' id='word_1_618' title='bbox 3673 2851 3805 2925; x_wconf 81' lang='lat' dir='ltr'><strong>pla-</strong></span> 
     </span>
    </p>
   </div>
   <div class='ocr_carea' id='block_1_90' title="bbox 2210 2922 3805 2994">
    <p class='ocr_par' dir='ltr' id='par_1_90' title="bbox 2210 2922 3805 2994">
     <span class='ocr_line' id='line_1_90' title="bbox 2210 2922 3805 2994; baseline -0.001 -18"><span class='ocrx_word' id='word_1_619' title='bbox 2210 2922 2337 2979; x_wconf 50' lang='lat' dir='ltr'><strong>niiis&#39;</strong></span> <span class='ocrx_word' id='word_1_620' title='bbox 2375 2922 2495 2979; x_wconf 83' lang='lat' dir='ltr'><strong>esse</strong></span> <span class='ocrx_word' id='word_1_621' title='bbox 2549 2922 2743 2994; x_wconf 75' lang='lat' dir='ltr'><strong>potest.</strong></span> <span class='ocrx_word' id='word_1_622' title='bbox 2783 2922 2961 2990; x_wconf 82' lang='lat' dir='ltr'><strong>Quare</strong></span> <span class='ocrx_word' id='word_1_623' title='bbox 3010 2935 3103 2977; x_wconf 88' lang='lat' dir='ltr'><strong>aut</strong></span> <span class='ocrx_word' id='word_1_624' title='bbox 3132 2923 3368 2976; x_wconf 64' lang='lat' dir='ltr'><strong>lrenieus</strong></span> <span class='ocrx_word' id='word_1_625' title='bbox 3396 2924 3653 2994; x_wconf 78' lang='lat' dir='ltr'><strong>omnino</strong></span> <span class='ocrx_word' id='word_1_626' title='bbox 3720 2922 3805 2994; x_wconf 69' lang='lat' dir='ltr'><strong>ita</strong></span> 
     </span>
    </p>
   </div>
   <div class='ocr_carea' id='block_1_91' title="bbox 2210 2991 3805 3064">
    <p class='ocr_par' dir='ltr' id='par_1_91' title="bbox 2210 2991 3805 3064">
     <span class='ocr_line' id='line_1_91' title="bbox 2210 2991 3805 3064; baseline -0.002 -17"><span class='ocrx_word' id='word_1_627' title='bbox 2210 2995 2429 3064; x_wconf 89' lang='lat' dir='ltr'><strong>scripsit</strong></span> <span class='ocrx_word' id='word_1_628' title='bbox 2455 3034 2469 3056; x_wconf 88' lang='lat'><strong>,</strong></span> <span class='ocrx_word' id='word_1_629' title='bbox 2527 2991 2621 3048; x_wconf 77' lang='lat' dir='ltr'><strong>aut</strong></span> <span class='ocrx_word' id='word_1_630' title='bbox 2659 3004 2807 3050; x_wconf 88' lang='lat' dir='ltr'><strong>certe</strong></span> <span class='ocrx_word' id='word_1_631' title='bbox 2841 2997 2913 3047; x_wconf 89' lang='lat' dir='ltr'><strong>ita</strong></span> <span class='ocrx_word' id='word_1_632' title='bbox 2965 2995 3204 3048; x_wconf 90' lang='lat' dir='ltr'><strong>scribere</strong></span> <span class='ocrx_word' id='word_1_633' title='bbox 3246 2993 3454 3048; x_wconf 91' lang='lat' dir='ltr'><strong>debuit.</strong></span> <span class='ocrx_word' id='word_1_634' title='bbox 3499 2992 3611 3047; x_wconf 88' lang='lat' dir='ltr'><strong>Sed</strong></span> <span class='ocrx_word' id='word_1_635' title='bbox 3637 2991 3805 3064; x_wconf 79' lang='lat' dir='ltr'><strong>anti—</strong></span> 
     </span>
    </p>
   </div>
   <div class='ocr_carea' id='block_1_92' title="bbox 2210 3063 3802 3134">
    <p class='ocr_par' dir='ltr' id='par_1_92' title="bbox 2210 3063 3802 3134">
     <span class='ocr_line' id='line_1_92' title="bbox 2210 3063 3802 3134; baseline -0.003 -16"><span class='ocrx_word' id='word_1_636' title='bbox 2210 3063 2385 3133; x_wconf 79' lang='lat' dir='ltr'><strong>quarii</strong></span> <span class='ocrx_word' id='word_1_637' title='bbox 2408 3106 2421 3127; x_wconf 96' lang='lat'><strong>,</strong></span> <span class='ocrx_word' id='word_1_638' title='bbox 2452 3066 2716 3118; x_wconf 86' lang='lat' dir='ltr'><strong>vocabulo</strong></span> <span class='ocrx_word' id='word_1_639' title='bbox 2738 3080 2805 3118; x_wconf 88' lang='lat' dir='ltr'><strong>ex</strong></span> <span class='ocrx_word' id='word_1_640' title='bbox 2835 3064 3120 3134; x_wconf 89' lang='lat' dir='ltr'><strong>superiore</strong></span> <span class='ocrx_word' id='word_1_641' title='bbox 3146 3064 3285 3117; x_wconf 90' lang='lat' dir='ltr'><strong>linea</strong></span> <span class='ocrx_word' id='word_1_642' title='bbox 3332 3064 3435 3116; x_wconf 89' lang='lat' dir='ltr'><strong>huc</strong></span> <span class='ocrx_word' id='word_1_643' title='bbox 3487 3063 3802 3125; x_wconf 85' lang='lat' dir='ltr'><strong>translato,</strong></span> 
     </span>
    </p>
   </div>
   <div class='ocr_carea' id='block_1_93' title="bbox 2207 3136 2791 3201">
    <p class='ocr_par' dir='ltr' id='par_1_93' title="bbox 2207 3136 2791 3201">
     <span class='ocr_line' id='line_1_93' title="bbox 2207 3136 2791 3201; baseline 0.003 -13"><span class='ocrx_word' id='word_1_644' title='bbox 2207 3136 2380 3189; x_wconf 87' lang='lat' dir='ltr'><strong>locum</strong></span> <span class='ocrx_word' id='word_1_645' title='bbox 2415 3146 2791 3201; x_wconf 85' lang='lat' dir='ltr'><strong>corruperniit.</strong></span> 
     </span>
    </p>
   </div>
   <div class='ocr_carea' id='block_1_94' title="bbox 2271 3201 3800 3275">
    <p class='ocr_par' dir='ltr' id='par_1_94' title="bbox 2271 3201 3800 3275">
     <span class='ocr_line' id='line_1_94' title="bbox 2271 3201 3800 3275; baseline -0.003 -16"><span class='ocrx_word' id='word_1_646' title='bbox 2271 3207 2382 3273; x_wconf 79' lang='lat'><strong>(80)</strong></span> <span class='ocrx_word' id='word_1_647' title='bbox 2406 3205 2526 3259; x_wconf 78' lang='grc' dir='ltr'><strong>Τῶν</strong></span> <span class='ocrx_word' id='word_1_648' title='bbox 2544 3205 2700 3275; x_wconf 79' lang='grc' dir='ltr'>παρὰ</span> <span class='ocrx_word' id='word_1_649' title='bbox 2722 3206 2787 3260; x_wconf 84' lang='grc' dir='ltr'><strong>τὸ</strong></span> <span class='ocrx_word' id='word_1_650' title='bbox 2814 3205 3071 3273; x_wconf 79' lang='grc' dir='ltr'><strong>ἀκριϐὲς,</strong></span> <span class='ocrx_word' id='word_1_651' title='bbox 3088 3201 3359 3269; x_wconf 79' lang='grc' dir='ltr'><strong>ὡςείκὸς,</strong></span> <span class='ocrx_word' id='word_1_652' title='bbox 3385 3203 3800 3275; x_wconf 55' lang='grc' dir='ltr'><strong>κρατούντῳν.</strong></span> 
     </span>
    </p>
   </div>
   <div class='ocr_carea' id='block_1_95' title="bbox 2204 3272 3802 3342">
    <p class='ocr_par' dir='ltr' id='par_1_95' title="bbox 2204 3272 3802 3342">
     <span class='ocr_line' id='line_1_95' title="bbox 2204 3272 3802 3342; baseline -0.004 -11"><span class='ocrx_word' id='word_1_653' title='bbox 2204 3272 2371 3331; x_wconf 75' lang='lat' dir='ltr'><strong>llunc</strong></span> <span class='ocrx_word' id='word_1_654' title='bbox 2404 3277 2578 3330; x_wconf 89' lang='lat' dir='ltr'><strong>locum</strong></span> <span class='ocrx_word' id='word_1_655' title='bbox 2622 3272 2736 3330; x_wconf 80' lang='lat' dir='ltr'><strong>non</strong></span> <span class='ocrx_word' id='word_1_656' title='bbox 2794 3272 3179 3330; x_wconf 79' lang='lat' dir='ltr'><strong>intellexerunt</strong></span> <span class='ocrx_word' id='word_1_657' title='bbox 3225 3276 3567 3342; x_wconf 83' lang='lat' dir='ltr'><strong>interpretes.</strong></span> <span class='ocrx_word' id='word_1_658' title='bbox 3619 3272 3802 3330; x_wconf 81' lang='lat' dir='ltr'><strong>Solus</strong></span> 
     </span>
    </p>
   </div>
   <div class='ocr_carea' id='block_1_96' title="bbox 2204 3346 3799 3412">
    <p class='ocr_par' dir='ltr' id='par_1_96' title="bbox 2204 3346 3799 3412">
     <span class='ocr_line' id='line_1_96' title="bbox 2204 3346 3799 3412; baseline -0.004 -11"><span class='ocrx_word' id='word_1_659' title='bbox 2204 3346 2478 3401; x_wconf 75' lang='lat' dir='ltr'><strong>Musculus</strong></span> <span class='ocrx_word' id='word_1_660' title='bbox 2512 3361 2728 3400; x_wconf 87' lang='lat' dir='ltr'><strong>sensum</strong></span> <span class='ocrx_word' id='word_1_661' title='bbox 2762 3356 3046 3400; x_wconf 80' lang='lat' dir='ltr'><strong>assecutus</strong></span> <span class='ocrx_word' id='word_1_662' title='bbox 3070 3356 3153 3399; x_wconf 88' lang='lat' dir='ltr'><strong>est</strong></span> <span class='ocrx_word' id='word_1_663' title='bbox 3177 3384 3191 3407; x_wconf 89' lang='lat'><strong>,</strong></span> <span class='ocrx_word' id='word_1_664' title='bbox 3226 3346 3319 3398; x_wconf 81' lang='lat' dir='ltr'><strong>sed</strong></span> <span class='ocrx_word' id='word_1_665' title='bbox 3359 3360 3420 3398; x_wconf 73' lang='lat' dir='ltr'><strong>ex</strong></span> <span class='ocrx_word' id='word_1_666' title='bbox 3467 3355 3620 3412; x_wconf 86' lang='lat' dir='ltr'><strong>parte</strong></span> <span class='ocrx_word' id='word_1_667' title='bbox 3657 3352 3799 3396; x_wconf 89' lang='lat' dir='ltr'><strong>tan-</strong></span> 
     </span>
    </p>
   </div>
   <div class='ocr_carea' id='block_1_97' title="bbox 2208 3414 3794 3483">
    <p class='ocr_par' dir='ltr' id='par_1_97' title="bbox 2208 3414 3794 3483">
     <span class='ocr_line' id='line_1_97' title="bbox 2208 3414 3794 3483; baseline -0.004 -12"><span class='ocrx_word' id='word_1_668' title='bbox 2208 3428 2339 3471; x_wconf 89' lang='lat' dir='ltr'><strong>tum.</strong></span> <span class='ocrx_word' id='word_1_669' title='bbox 2383 3416 2474 3470; x_wconf 90' lang='lat' dir='ltr'><strong>Sic</strong></span> <span class='ocrx_word' id='word_1_670' title='bbox 2503 3418 2645 3470; x_wconf 88' lang='lat' dir='ltr'><strong>enim</strong></span> <span class='ocrx_word' id='word_1_671' title='bbox 2675 3419 2836 3470; x_wconf 76' lang='lat' dir='ltr'><strong>vertit</strong></span> <span class='ocrx_word' id='word_1_672' title='bbox 2869 3433 2883 3468; x_wconf 89' lang='lat'><strong>:</strong></span> <span class='ocrx_word' id='word_1_673' title='bbox 2919 3414 2986 3469; x_wconf 86' lang='lat' dir='ltr'><strong>Et</strong></span> <span class='ocrx_word' id='word_1_674' title='bbox 3022 3418 3124 3469; x_wconf 83' lang='lat' dir='ltr'><strong>ista</strong></span> <span class='ocrx_word' id='word_1_675' title='bbox 3160 3415 3515 3483; x_wconf 83' lang='lat' dir='ltr'><strong>jejunantium</strong></span> <span class='ocrx_word' id='word_1_676' title='bbox 3552 3414 3794 3467; x_wconf 76' lang='lat' dir='ltr'><strong>varietas</strong></span> 
     </span>
    </p>
   </div>
   <div class='ocr_carea' id='block_1_98' title="bbox 2207 3485 3796 3555">
    <p class='ocr_par' dir='ltr' id='par_1_98' title="bbox 2207 3485 3796 3555">
     <span class='ocr_line' id='line_1_98' title="bbox 2207 3485 3796 3555; baseline -0.003 -16"><span class='ocrx_word' id='word_1_677' title='bbox 2207 3500 2385 3540; x_wconf 79' lang='lat' dir='ltr'><strong>nostra</strong></span> <span class='ocrx_word' id='word_1_678' title='bbox 2428 3490 2639 3540; x_wconf 84' lang='lat' dir='ltr'><strong>demum</strong></span> <span class='ocrx_word' id='word_1_679' title='bbox 2678 3500 2942 3555; x_wconf 70' lang='lat' dir='ltr'><strong>tenuiore,</strong></span> <span class='ocrx_word' id='word_1_680' title='bbox 2989 3489 3077 3540; x_wconf 76' lang='lat' dir='ltr'><strong>sed</strong></span> <span class='ocrx_word' id='word_1_681' title='bbox 3125 3488 3289 3539; x_wconf 85' lang='lat' dir='ltr'><strong>multo</strong></span> <span class='ocrx_word' id='word_1_682' title='bbox 3329 3494 3486 3537; x_wconf 82' lang='lat' dir='ltr'><strong>antea</strong></span> <span class='ocrx_word' id='word_1_683' title='bbox 3524 3500 3619 3551; x_wconf 79' lang='lat' dir='ltr'><strong>per</strong></span> <span class='ocrx_word' id='word_1_684' title='bbox 3659 3485 3796 3536; x_wconf 67' lang='lat' dir='ltr'><strong>illo:</strong></span> 
     </span>
    </p>
   </div>
   <div class='ocr_carea' id='block_1_99' title="bbox 2207 3555 3794 3626">
    <p class='ocr_par' dir='ltr' id='par_1_99' title="bbox 2207 3555 3794 3626">
     <span class='ocr_line' id='line_1_99' title="bbox 2207 3555 3794 3626; baseline -0.003 -17"><span class='ocrx_word' id='word_1_685' title='bbox 2207 3559 2379 3619; x_wconf 61' lang='lat' dir='ltr'><strong>coepit,</strong></span> <span class='ocrx_word' id='word_1_686' title='bbox 2410 3560 2500 3626; x_wconf 82' lang='lat' dir='ltr'><strong>qui</strong></span> <span class='ocrx_word' id='word_1_687' title='bbox 2530 3568 2649 3610; x_wconf 87' lang='lat' dir='ltr'><strong>ante</strong></span> <span class='ocrx_word' id='word_1_688' title='bbox 2673 3575 2763 3611; x_wconf 82' lang='lat' dir='ltr'><strong>nos</strong></span> <span class='ocrx_word' id='word_1_689' title='bbox 2789 3568 2981 3624; x_wconf 80' lang='lat' dir='ltr'><strong>prwter</strong></span> <span class='ocrx_word' id='word_1_690' title='bbox 3001 3566 3312 3610; x_wconf 83' lang='lat' dir='ltr'><strong>accuratam</strong></span> <span class='ocrx_word' id='word_1_691' title='bbox 3343 3555 3700 3626; x_wconf 81' lang='lat' dir='ltr'><strong>diligentiam,</strong></span> <span class='ocrx_word' id='word_1_692' title='bbox 3731 3565 3794 3605; x_wconf 78' lang='lat' dir='ltr'><strong>ut</strong></span> 
     </span>
    </p>
   </div>
   <div class='ocr_carea' id='block_1_100' title="bbox 2209 3625 3796 3695">
    <p class='ocr_par' dir='ltr' id='par_1_100' title="bbox 2209 3625 3796 3695">
     <span class='ocr_line' id='line_1_100' title="bbox 2209 3625 3796 3695; baseline -0.002 -15"><span class='ocrx_word' id='word_1_693' title='bbox 2209 3625 2487 3680; x_wconf 65' lang='lat' dir='ltr'><strong>i‘erisimile</strong></span> <span class='ocrx_word' id='word_1_694' title='bbox 2516 3636 2589 3680; x_wconf 84' lang='lat' dir='ltr'><strong>est</strong></span> <span class='ocrx_word' id='word_1_695' title='bbox 2618 3667 2632 3689; x_wconf 92' lang='lat'><strong>,</strong></span> <span class='ocrx_word' id='word_1_696' title='bbox 2673 3644 2848 3680; x_wconf 85' lang='lat' dir='ltr'><strong>rerum</strong></span> <span class='ocrx_word' id='word_1_697' title='bbox 2900 3629 3116 3680; x_wconf 79' lang='lat' dir='ltr'><strong>habenis</strong></span> <span class='ocrx_word' id='word_1_698' title='bbox 3161 3628 3350 3695; x_wconf 82' lang='lat' dir='ltr'><strong>potiti,</strong></span> <span class='ocrx_word' id='word_1_699' title='bbox 3391 3625 3681 3690; x_wconf 81' lang='lat' dir='ltr'><strong>simplicem</strong></span> <span class='ocrx_word' id='word_1_700' title='bbox 3724 3639 3796 3677; x_wconf 80' lang='lat' dir='ltr'><strong>ac</strong></span> 
     </span>
    </p>
   </div>
   <div class='ocr_carea' id='block_1_101' title="bbox 2210 3697 3791 3764">
    <p class='ocr_par' dir='ltr' id='par_1_101' title="bbox 2210 3697 3791 3764">
     <span class='ocr_line' id='line_1_101' title="bbox 2210 3697 3791 3764; baseline -0.001 -13"><span class='ocrx_word' id='word_1_701' title='bbox 2210 3697 2474 3764; x_wconf 75' lang='lat' dir='ltr'><strong>vulgatam</strong></span> <span class='ocrx_word' id='word_1_702' title='bbox 2514 3699 2941 3750; x_wconf 76' lang='lat' dir='ltr'><strong>consuetudinem</strong></span> <span class='ocrx_word' id='word_1_703' title='bbox 2965 3699 3374 3764; x_wconf 84' lang='lat' dir='ltr'><strong>posthabuerunt</strong></span> <span class='ocrx_word' id='word_1_704' title='bbox 3402 3713 3463 3749; x_wconf 87' lang='lat' dir='ltr'><strong>at:</strong></span> <span class='ocrx_word' id='word_1_705' title='bbox 3487 3704 3791 3750; x_wconf 80' lang='lat' dir='ltr'><strong>mutarunt.</strong></span> 
     </span>
    </p>
   </div>
   <div class='ocr_carea' id='block_1_102' title="bbox 2210 3766 3792 3822">
    <p class='ocr_par' dir='ltr' id='par_1_102' title="bbox 2210 3766 3792 3822">
     <span class='ocr_line' id='line_1_102' title="bbox 2210 3766 3792 3822; baseline -0.003 0"><span class='ocrx_word' id='word_1_706' title='bbox 2210 3768 2307 3822; x_wconf 83' lang='lat' dir='ltr'><strong>Est</strong></span> <span class='ocrx_word' id='word_1_707' title='bbox 2353 3778 2500 3821; x_wconf 83' lang='lat' dir='ltr'><strong>certe</strong></span> <span class='ocrx_word' id='word_1_708' title='bbox 2548 3769 2632 3820; x_wconf 90' lang='lat' dir='ltr'><strong>hie</strong></span> <span class='ocrx_word' id='word_1_709' title='bbox 2682 3768 2866 3821; x_wconf 75' lang='lat' dir='ltr'><strong>Irentei</strong></span> <span class='ocrx_word' id='word_1_710' title='bbox 2916 3768 3068 3822; x_wconf 90' lang='lat' dir='ltr'><strong>locus</strong></span> <span class='ocrx_word' id='word_1_711' title='bbox 3097 3767 3386 3821; x_wconf 86' lang='lat' dir='ltr'><strong>admodum</strong></span> <span class='ocrx_word' id='word_1_712' title='bbox 3417 3766 3704 3819; x_wconf 89' lang='lat' dir='ltr'><strong>intricatus</strong></span> <span class='ocrx_word' id='word_1_713' title='bbox 3733 3776 3792 3818; x_wconf 87' lang='lat' dir='ltr'><strong>et</strong></span> 
     </span>
    </p>
   </div>
   <div class='ocr_carea' id='block_1_103' title="bbox 2210 3836 3791 3893">
    <p class='ocr_par' dir='ltr' id='par_1_103' title="bbox 2210 3836 3791 3893">
     <span class='ocr_line' id='line_1_103' title="bbox 2210 3836 3791 3893; baseline -0.003 -1"><span class='ocrx_word' id='word_1_714' title='bbox 2210 3840 2492 3893; x_wconf 81' lang='lat' dir='ltr'><strong>obscurus.</strong></span> <span class='ocrx_word' id='word_1_715' title='bbox 2522 3836 2644 3891; x_wconf 84' lang='lat' dir='ltr'><strong>Vult</strong></span> <span class='ocrx_word' id='word_1_716' title='bbox 2679 3847 2855 3890; x_wconf 88' lang='lat' dir='ltr'><strong>autem</strong></span> <span class='ocrx_word' id='word_1_717' title='bbox 2887 3838 3175 3892; x_wconf 87' lang='lat' dir='ltr'><strong>ostendere</strong></span> <span class='ocrx_word' id='word_1_718' title='bbox 3214 3836 3443 3891; x_wconf 72' lang='lat' dir='ltr'><strong>lrenaeus</strong></span> <span class='ocrx_word' id='word_1_719' title='bbox 3477 3837 3620 3889; x_wconf 83' lang='lat' dir='ltr'><strong>unde</strong></span> <span class='ocrx_word' id='word_1_720' title='bbox 3659 3847 3791 3889; x_wconf 84' lang='lat' dir='ltr'><strong>orta</strong></span> 
     </span>
    </p>
   </div>
   <div class='ocr_carea' id='block_1_104' title="bbox 2214 3907 3787 3977">
    <p class='ocr_par' dir='ltr' id='par_1_104' title="bbox 2214 3907 3787 3977">
     <span class='ocr_line' id='line_1_104' title="bbox 2214 3907 3787 3977; baseline -0.002 -16"><span class='ocrx_word' id='word_1_721' title='bbox 2214 3912 2287 3962; x_wconf 90' lang='lat' dir='ltr'><strong>sit</strong></span> <span class='ocrx_word' id='word_1_722' title='bbox 2317 3918 2463 3962; x_wconf 88' lang='lat' dir='ltr'><strong>tanta</strong></span> <span class='ocrx_word' id='word_1_723' title='bbox 2499 3908 2791 3963; x_wconf 72' lang='lat' dir='ltr'><strong>diversitas</strong></span> <span class='ocrx_word' id='word_1_724' title='bbox 2812 3908 3000 3977; x_wconf 87' lang='lat' dir='ltr'><strong>jejiinii</strong></span> <span class='ocrx_word' id='word_1_725' title='bbox 3028 3909 3322 3976; x_wconf 85' lang='lat' dir='ltr'><strong>paschalis.</strong></span> <span class='ocrx_word' id='word_1_726' title='bbox 3351 3907 3440 3960; x_wconf 73' lang='lat' dir='ltr'><strong>Ait</strong></span> <span class='ocrx_word' id='word_1_727' title='bbox 3466 3908 3631 3976; x_wconf 75' lang='lat' dir='ltr'><strong>igitur</strong></span> <span class='ocrx_word' id='word_1_728' title='bbox 3657 3920 3787 3958; x_wconf 87' lang='lat' dir='ltr'><strong>eam</strong></span> 
     </span>
    </p>
   </div>
   <div class='ocr_carea' id='block_1_105' title="bbox 2216 3977 3787 4048">
    <p class='ocr_par' dir='ltr' id='par_1_105' title="bbox 2216 3977 3787 4048">
     <span class='ocr_line' id='line_1_105' title="bbox 2216 3977 3787 4048; baseline -0.003 -15"><span class='ocrx_word' id='word_1_729' title='bbox 2216 3990 2393 4033; x_wconf 85' lang='lat' dir='ltr'><strong>natam</strong></span> <span class='ocrx_word' id='word_1_730' title='bbox 2424 3994 2543 4034; x_wconf 90' lang='lat' dir='ltr'><strong>esse</strong></span> <span class='ocrx_word' id='word_1_731' title='bbox 2575 3994 2676 4032; x_wconf 89' lang='lat' dir='ltr'><strong>non</strong></span> <span class='ocrx_word' id='word_1_732' title='bbox 2722 3993 2787 4032; x_wconf 84' lang='lat' dir='ltr'><strong>ex</strong></span> <span class='ocrx_word' id='word_1_733' title='bbox 2841 3979 2955 4048; x_wconf 78' lang='lat' dir='ltr'><strong>lege</strong></span> <span class='ocrx_word' id='word_1_734' title='bbox 3001 3980 3175 4047; x_wconf 90' lang='lat' dir='ltr'><strong>aliqua</strong></span> <span class='ocrx_word' id='word_1_735' title='bbox 3223 3980 3289 4032; x_wconf 85' lang='lat' dir='ltr'><strong>ab</strong></span> <span class='ocrx_word' id='word_1_736' title='bbox 3332 3977 3592 4045; x_wconf 81' lang='lat' dir='ltr'><strong>apustolis</strong></span> <span class='ocrx_word' id='word_1_737' title='bbox 3631 3985 3721 4028; x_wconf 81' lang='lat' dir='ltr'><strong>aut</strong></span> <span class='ocrx_word' id='word_1_738' title='bbox 3754 3990 3787 4028; x_wconf 82' lang='lat' dir='ltr'><strong>a</strong></span> 
     </span>
    </p>
   </div>
   <div class='ocr_carea' id='block_1_106' title="bbox 2216 4048 3786 4118">
    <p class='ocr_par' dir='ltr' id='par_1_106' title="bbox 2216 4048 3786 4118">
     <span class='ocr_line' id='line_1_106' title="bbox 2216 4048 3786 4118; baseline -0.003 -14"><span class='ocrx_word' id='word_1_739' title='bbox 2216 4051 2431 4104; x_wconf 80' lang='lat' dir='ltr'><strong>Christo</strong></span> <span class='ocrx_word' id='word_1_740' title='bbox 2453 4051 2600 4114; x_wconf 85' lang='lat' dir='ltr'><strong>data,</strong></span> <span class='ocrx_word' id='word_1_741' title='bbox 2630 4050 2723 4103; x_wconf 86' lang='lat' dir='ltr'><strong>sed</strong></span> <span class='ocrx_word' id='word_1_742' title='bbox 2747 4049 3004 4115; x_wconf 85' lang='lat' dir='ltr'><strong>paulatim</strong></span> <span class='ocrx_word' id='word_1_743' title='bbox 3032 4065 3127 4102; x_wconf 85' lang='lat' dir='ltr'><strong>usu</strong></span> <span class='ocrx_word' id='word_1_744' title='bbox 3150 4050 3381 4118; x_wconf 83' lang='lat' dir='ltr'><strong>quodam</strong></span> <span class='ocrx_word' id='word_1_745' title='bbox 3411 4048 3786 4111; x_wconf 87' lang='lat' dir='ltr'><strong>iucrcbuisse;</strong></span> 
     </span>
    </p>
   </div>
   <div class='ocr_carea' id='block_1_107' title="bbox 2219 4118 3791 4188">
    <p class='ocr_par' dir='ltr' id='par_1_107' title="bbox 2219 4118 3791 4188">
     <span class='ocr_line' id='line_1_107' title="bbox 2219 4118 3791 4188; baseline 0 -17"><span class='ocrx_word' id='word_1_746' title='bbox 2219 4134 2284 4172; x_wconf 88' lang='lat' dir='ltr'><strong>ac</strong></span> <span class='ocrx_word' id='word_1_747' title='bbox 2329 4131 2515 4188; x_wconf 70' lang='lat' dir='ltr'><strong>postea</strong></span> <span class='ocrx_word' id='word_1_748' title='bbox 2550 4121 2833 4187; x_wconf 88' lang='lat' dir='ltr'><strong>episcopos</strong></span> <span class='ocrx_word' id='word_1_749' title='bbox 2867 4121 3163 4187; x_wconf 84' lang='lat' dir='ltr'><strong>quosdam,</strong></span> <span class='ocrx_word' id='word_1_750' title='bbox 3194 4120 3247 4171; x_wconf 95' lang='lat' dir='ltr'><strong>in</strong></span> <span class='ocrx_word' id='word_1_751' title='bbox 3273 4120 3337 4171; x_wconf 87' lang='lat' dir='ltr'><strong>iis</strong></span> <span class='ocrx_word' id='word_1_752' title='bbox 3364 4133 3483 4184; x_wconf 74' lang='lat' dir='ltr'><strong>qua:</strong></span> <span class='ocrx_word' id='word_1_753' title='bbox 3517 4118 3585 4168; x_wconf 89' lang='lat' dir='ltr'><strong>ad</strong></span> <span class='ocrx_word' id='word_1_754' title='bbox 3620 4118 3791 4171; x_wconf 76' lang='lat' dir='ltr'><strong>disci-</strong></span> 
     </span>
    </p>
   </div>
   <div class='ocr_carea' id='block_1_108' title="bbox 2221 4188 3781 4259">
    <p class='ocr_par' dir='ltr' id='par_1_108' title="bbox 2221 4188 3781 4259">
     <span class='ocr_line' id='line_1_108' title="bbox 2221 4188 3781 4259; baseline -0.001 -18"><span class='ocrx_word' id='word_1_755' title='bbox 2221 4190 2418 4259; x_wconf 87' lang='lat' dir='ltr'><strong>plinam</strong></span> <span class='ocrx_word' id='word_1_756' title='bbox 2458 4193 2723 4258; x_wconf 81' lang='lat' dir='ltr'><strong>pertinent</strong></span> <span class='ocrx_word' id='word_1_757' title='bbox 2756 4205 2947 4257; x_wconf 88' lang='lat' dir='ltr'><strong>parum</strong></span> <span class='ocrx_word' id='word_1_758' title='bbox 2979 4189 3264 4257; x_wconf 82' lang='lat' dir='ltr'><strong>diligentes</strong></span> <span class='ocrx_word' id='word_1_759' title='bbox 3309 4204 3408 4241; x_wconf 90' lang='lat' dir='ltr'><strong>nec</strong></span> <span class='ocrx_word' id='word_1_760' title='bbox 3447 4188 3579 4259; x_wconf 74' lang='lat' dir='ltr'><strong>satis</strong></span> <span class='ocrx_word' id='word_1_761' title='bbox 3621 4202 3781 4259; x_wconf 85' lang='lat' dir='ltr'><strong>accu-</strong></span> 
     </span>
    </p>
   </div>
   <div class='ocr_carea' id='block_1_109' title="bbox 2223 4256 3789 4329">
    <p class='ocr_par' dir='ltr' id='par_1_109' title="bbox 2223 4256 3789 4329">
     <span class='ocr_line' id='line_1_109' title="bbox 2223 4256 3789 4329; baseline -0.002 -17"><span class='ocrx_word' id='word_1_762' title='bbox 2223 4256 2403 4322; x_wconf 80' lang='lat' dir='ltr'><strong>ratos,</strong></span> <span class='ocrx_word' id='word_1_763' title='bbox 2434 4256 2484 4312; x_wconf 82' lang='lat' dir='ltr'><strong>id</strong></span> <span class='ocrx_word' id='word_1_764' title='bbox 2532 4262 2673 4329; x_wconf 84' lang='lat' dir='ltr'><strong>quod</strong></span> <span class='ocrx_word' id='word_1_765' title='bbox 2703 4256 3020 4322; x_wconf 86' lang='lat' dir='ltr'><strong>simpliciter</strong></span> <span class='ocrx_word' id='word_1_766' title='bbox 3067 4256 3435 4312; x_wconf 87' lang='lat' dir='ltr'><strong>introductum</strong></span> <span class='ocrx_word' id='word_1_767' title='bbox 3471 4256 3678 4321; x_wconf 80' lang='lat' dir='ltr'><strong>fuerat,</strong></span> <span class='ocrx_word' id='word_1_768' title='bbox 3723 4258 3789 4329; x_wconf 88' lang='lat' dir='ltr'><strong>li-</strong></span> 
     </span>
    </p>
   </div>
   <div class='ocr_carea' id='block_1_110' title="bbox 2222 4328 3790 4400">
    <p class='ocr_par' dir='ltr' id='par_1_110' title="bbox 2222 4328 3790 4400">
     <span class='ocr_line' id='line_1_110' title="bbox 2222 4328 3790 4400; baseline -0.003 -16"><span class='ocrx_word' id='word_1_769' title='bbox 2222 4340 2309 4384; x_wconf 87' lang='lat' dir='ltr'><strong>cet</strong></span> <span class='ocrx_word' id='word_1_770' title='bbox 2339 4328 2615 4400; x_wconf 82' lang='lat' dir='ltr'><strong>singulare</strong></span> <span class='ocrx_word' id='word_1_771' title='bbox 2640 4330 2787 4383; x_wconf 83' lang='lat' dir='ltr'><strong>etab</strong></span> <span class='ocrx_word' id='word_1_772' title='bbox 2818 4330 3046 4382; x_wconf 83' lang='lat' dir='ltr'><strong>aliarum</strong></span> <span class='ocrx_word' id='word_1_773' title='bbox 3110 4328 3474 4383; x_wconf 85' lang='lat' dir='ltr'><strong>Ecclesiarum</strong></span> <span class='ocrx_word' id='word_1_774' title='bbox 3518 4342 3669 4400; x_wconf 86' lang='lat' dir='ltr'><strong>inore</strong></span> <span class='ocrx_word' id='word_1_775' title='bbox 3712 4328 3790 4400; x_wconf 82' lang='lat' dir='ltr'><strong>di-</strong></span> 
     </span>
    </p>
   </div>
   <div class='ocr_carea' id='block_1_111' title="bbox 2224 4398 3787 4466">
    <p class='ocr_par' dir='ltr' id='par_1_111' title="bbox 2224 4398 3787 4466">
     <span class='ocr_line' id='line_1_111' title="bbox 2224 4398 3787 4466; baseline 0 -15"><span class='ocrx_word' id='word_1_776' title='bbox 2224 4398 2458 4464; x_wconf 80' lang='lat' dir='ltr'><strong>versum,</strong></span> <span class='ocrx_word' id='word_1_777' title='bbox 2495 4400 2547 4453; x_wconf 92' lang='lat' dir='ltr'><strong>in</strong></span> <span class='ocrx_word' id='word_1_778' title='bbox 2576 4400 3032 4455; x_wconf 88' lang='lat' dir='ltr'><strong>consuetudinem</strong></span> <span class='ocrx_word' id='word_1_779' title='bbox 3064 4401 3294 4453; x_wconf 84' lang='lat' dir='ltr'><strong>vertisse</strong></span> <span class='ocrx_word' id='word_1_780' title='bbox 3323 4413 3385 4451; x_wconf 91' lang='lat' dir='ltr'><strong>ac</strong></span> <span class='ocrx_word' id='word_1_781' title='bbox 3420 4398 3649 4466; x_wconf 83' lang='lat' dir='ltr'><strong>posteris</strong></span> <span class='ocrx_word' id='word_1_782' title='bbox 3688 4399 3787 4451; x_wconf 83' lang='lat' dir='ltr'><strong>ob-</strong></span> 
     </span>
    </p>
   </div>
   <div class='ocr_carea' id='block_1_112' title="bbox 551 4457 3788 4540">
    <p class='ocr_par' dir='ltr' id='par_1_112' title="bbox 551 4457 3788 4540">
     <span class='ocr_line' id='line_1_112' title="bbox 551 4457 3788 4540; baseline -0 -17"><span class='ocrx_word' id='word_1_783' title='bbox 551 4473 827 4539; x_wconf 83' lang='lat' dir='ltr'><strong>tleiiiceps.</strong></span> <span class='ocrx_word' id='word_1_784' title='bbox 883 4457 1190 4540; x_wconf 53' lang='lat' dir='ltr'><strong>lncipiebat&#39;</strong></span> <span class='ocrx_word' id='word_1_785' title='bbox 1222 4457 1427 4523; x_wconf 51' lang='lat' dir='ltr'><strong>autem.</strong></span> <span class='ocrx_word' id='word_1_786' title='bbox 1454 4457 1748 4540; x_wconf 74' lang='lat' dir='ltr'><strong>bebddinas</strong></span> <span class='ocrx_word' id='word_1_787' title='bbox 1796 4457 1883 4523; x_wconf 85' lang='lat' dir='ltr'><strong>illa</strong></span> <span class='ocrx_word' id='word_1_788' title='bbox 1905 4457 1943 4523; x_wconf 72' lang='grc' dir='ltr'><strong>ἐι</strong></span> <span class='ocrx_word' id='word_1_789' title='bbox 1976 4472 2107 4525; x_wconf 80' lang='lat' dir='ltr'><strong>feria</strong></span> <span class='ocrx_word' id='word_1_790' title='bbox 2148 4457 2190 4510; x_wconf 81' lang='lat' dir='ltr'><strong>D</strong></span> <span class='ocrx_word' id='word_1_791' title='bbox 2222 4457 2547 4524; x_wconf 70' lang='lat' dir='ltr'><strong>servandum</strong></span> <span class='ocrx_word' id='word_1_792' title='bbox 2576 4470 2881 4539; x_wconf 83' lang='lat' dir='ltr'><strong>reliquisse.</strong></span> <span class='ocrx_word' id='word_1_793' title='bbox 2914 4467 3280 4532; x_wconf 77' lang='lat' dir='ltr'><strong>Repreliendit</strong></span> <span class='ocrx_word' id='word_1_794' title='bbox 3323 4457 3486 4540; x_wconf 78' lang='lat' dir='ltr'><strong>igitur</strong></span> <span class='ocrx_word' id='word_1_795' title='bbox 3531 4468 3651 4540; x_wconf 88' lang='lat' dir='ltr'><strong>illos</strong></span> <span class='ocrx_word' id='word_1_796' title='bbox 3680 4470 3788 4540; x_wconf 75' lang='lat' dir='ltr'><strong>Ire-</strong></span> 
     </span>
    </p>
   </div>
   <div class='ocr_carea' id='block_1_113' title="bbox 552 4539 2105 4610">
    <p class='ocr_par' dir='ltr' id='par_1_113' title="bbox 552 4539 2105 4610">
     <span class='ocr_line' id='line_1_113' title="bbox 552 4539 2105 4610; baseline 0.003 -18"><span class='ocrx_word' id='word_1_797' title='bbox 552 4542 819 4601; x_wconf 65' lang='lat' dir='ltr'><strong>secunda.</strong></span> <span class='ocrx_word' id='word_1_798' title='bbox 866 4551 926 4594; x_wconf 86' lang='lat' dir='ltr'><strong>ut</strong></span> <span class='ocrx_word' id='word_1_799' title='bbox 961 4541 1223 4595; x_wconf 77' lang='lat' dir='ltr'><strong>discimus</strong></span> <span class='ocrx_word' id='word_1_800' title='bbox 1267 4557 1331 4594; x_wconf 78' lang='lat' dir='ltr'><strong>ex</strong></span> <span class='ocrx_word' id='word_1_801' title='bbox 1378 4540 1585 4610; x_wconf 79' lang='lat' dir='ltr'><strong>Cyrillo</strong></span> <span class='ocrx_word' id='word_1_802' title='bbox 1628 4550 1682 4595; x_wconf 89' lang='lat' dir='ltr'><strong>et</strong></span> <span class='ocrx_word' id='word_1_803' title='bbox 1708 4539 2008 4609; x_wconf 89' lang='lat' dir='ltr'><strong>The0p|iilo</strong></span> <span class='ocrx_word' id='word_1_804' title='bbox 2051 4542 2105 4596; x_wconf 93' lang='lat' dir='ltr'><strong>iii</strong></span> 
     </span>
    </p>
   </div>
   <div class='ocr_carea' id='block_1_114' title="bbox 558 4611 2107 4680">
    <p class='ocr_par' dir='ltr' id='par_1_114' title="bbox 558 4611 2107 4680">
     <span class='ocr_line' id='line_1_114' title="bbox 558 4611 2107 4680; baseline 0.004 -20"><span class='ocrx_word' id='word_1_805' title='bbox 558 4611 801 4665; x_wconf 78' lang='lat' dir='ltr'><strong>tlomiliis</strong></span> <span class='ocrx_word' id='word_1_806' title='bbox 832 4613 1166 4678; x_wconf 72' lang='lat' dir='ltr'><strong>paschalibus</strong></span> <span class='ocrx_word' id='word_1_807' title='bbox 1209 4621 1264 4665; x_wconf 91' lang='lat' dir='ltr'><strong>et</strong></span> <span class='ocrx_word' id='word_1_808' title='bbox 1303 4627 1368 4665; x_wconf 78' lang='lat' dir='ltr'><strong>ex</strong></span> <span class='ocrx_word' id='word_1_809' title='bbox 1401 4613 1702 4680; x_wconf 81' lang='lat' dir='ltr'><strong>Epiphanio</strong></span> <span class='ocrx_word' id='word_1_810' title='bbox 1747 4612 1798 4664; x_wconf 90' lang='lat' dir='ltr'><strong>iti</strong></span> <span class='ocrx_word' id='word_1_811' title='bbox 1841 4613 2107 4666; x_wconf 76' lang='lat' dir='ltr'><strong>Acrianis.</strong></span> 
     </span>
    </p>
   </div>
   <div class='ocr_carea' id='block_1_115' title="bbox 550 4681 2111 4751">
    <p class='ocr_par' dir='ltr' id='par_1_115' title="bbox 550 4681 2111 4751">
     <span class='ocr_line' id='line_1_115' title="bbox 550 4681 2111 4751; baseline 0.001 -18"><span class='ocrx_word' id='word_1_812' title='bbox 550 4681 719 4735; x_wconf 83' lang='lat' dir='ltr'><strong>Porro</strong></span> <span class='ocrx_word' id='word_1_813' title='bbox 743 4685 983 4749; x_wconf 80' lang='lat' dir='ltr'><strong>quamvis</strong></span> <span class='ocrx_word' id='word_1_814' title='bbox 1013 4698 1042 4736; x_wconf 88' lang='lat' dir='ltr'><strong>a</strong></span> <span class='ocrx_word' id='word_1_815' title='bbox 1061 4683 1478 4751; x_wconf 70' lang='lat' dir='ltr'><strong>Qiiatlragesima</strong></span> <span class='ocrx_word' id='word_1_816' title='bbox 1521 4696 1904 4750; x_wconf 88' lang='lat' dir='ltr'><strong>nonnunquam</strong></span> <span class='ocrx_word' id='word_1_817' title='bbox 1929 4683 2111 4737; x_wconf 85' lang='lat' dir='ltr'><strong>distiii&#39;-</strong></span> 
     </span>
    </p>
   </div>
   <div class='ocr_carea' id='block_1_116' title="bbox 550 4754 2107 4821">
    <p class='ocr_par' dir='ltr' id='par_1_116' title="bbox 550 4754 2107 4821">
     <span class='ocr_line' id='line_1_116' title="bbox 550 4754 2107 4821; baseline 0.003 -20"><span class='ocrx_word' id='word_1_818' title='bbox 550 4765 805 4817; x_wconf 73' lang='lat' dir='ltr'><strong>gueretur</strong></span> <span class='ocrx_word' id='word_1_819' title='bbox 844 4757 913 4806; x_wconf 87' lang='lat' dir='ltr'><strong>ob</strong></span> <span class='ocrx_word' id='word_1_820' title='bbox 960 4769 1053 4805; x_wconf 86' lang='lat' dir='ltr'><strong>eas</strong></span> <span class='ocrx_word' id='word_1_821' title='bbox 1091 4770 1227 4821; x_wconf 84' lang='lat' dir='ltr'><strong>quas</strong></span> <span class='ocrx_word' id='word_1_822' title='bbox 1279 4754 1389 4807; x_wconf 78' lang='lat' dir='ltr'><strong>dixi</strong></span> <span class='ocrx_word' id='word_1_823' title='bbox 1425 4768 1648 4814; x_wconf 87' lang='lat' dir='ltr'><strong>causas,</strong></span> <span class='ocrx_word' id='word_1_824' title='bbox 1700 4768 1887 4806; x_wconf 84' lang='lat' dir='ltr'><strong>revera</strong></span> <span class='ocrx_word' id='word_1_825' title='bbox 1931 4762 2107 4807; x_wconf 85' lang='lat' dir='ltr'><strong>tamen</strong></span> 
     </span>
    </p>
   </div>
   <div class='ocr_carea' id='block_1_117' title="bbox 550 4823 2111 4894">
    <p class='ocr_par' dir='ltr' id='par_1_117' title="bbox 550 4823 2111 4894">
     <span class='ocr_line' id='line_1_117' title="bbox 550 4823 2111 4894; baseline 0.004 -22"><span class='ocrx_word' id='word_1_826' title='bbox 550 4828 833 4887; x_wconf 82' lang='lat' dir='ltr'><strong>conjuncta</strong></span> <span class='ocrx_word' id='word_1_827' title='bbox 865 4834 979 4876; x_wconf 88' lang='lat' dir='ltr'><strong>erat</strong></span> <span class='ocrx_word' id='word_1_828' title='bbox 1002 4823 1459 4890; x_wconf 77' lang='lat' dir='ltr'><strong>Quadragesimie,</strong></span> <span class='ocrx_word' id='word_1_829' title='bbox 1485 4824 1708 4891; x_wconf 78' lang='lat' dir='ltr'><strong>ejusque</strong></span> <span class='ocrx_word' id='word_1_830' title='bbox 1731 4836 1970 4877; x_wconf 68' lang='lat' dir='ltr'><strong>eXtrema</strong></span> <span class='ocrx_word' id='word_1_831' title='bbox 1987 4840 2111 4894; x_wconf 86' lang='lat' dir='ltr'><strong>pars</strong></span> 
     </span>
    </p>
   </div>
   <div class='ocr_carea' id='block_1_118' title="bbox 550 4894 2111 4965">
    <p class='ocr_par' dir='ltr' id='par_1_118' title="bbox 550 4894 2111 4965">
     <span class='ocr_line' id='line_1_118' title="bbox 550 4894 2111 4965; baseline 0.003 -21"><span class='ocrx_word' id='word_1_832' title='bbox 550 4904 670 4945; x_wconf 82' lang='lat' dir='ltr'><strong>erat</strong></span> <span class='ocrx_word' id='word_1_833' title='bbox 699 4903 754 4946; x_wconf 90' lang='lat' dir='ltr'><strong>et</strong></span> <span class='ocrx_word' id='word_1_834' title='bbox 789 4895 1257 4965; x_wconf 75' lang='lat' dir='ltr'><strong>complementum.</strong></span> <span class='ocrx_word' id='word_1_835' title='bbox 1288 4894 1447 4949; x_wconf 83' lang='lat' dir='ltr'><strong>Certe</strong></span> <span class='ocrx_word' id='word_1_836' title='bbox 1490 4896 1539 4947; x_wconf 91' lang='lat' dir='ltr'><strong>id</strong></span> <span class='ocrx_word' id='word_1_837' title='bbox 1564 4894 1857 4965; x_wconf 81' lang='lat' dir='ltr'><strong>manifeste</strong></span> <span class='ocrx_word' id='word_1_838' title='bbox 1899 4894 2111 4965; x_wconf 82' lang='lat' dir='ltr'><strong>colligi-</strong></span> 
     </span>
    </p>
   </div>
   <div class='ocr_carea' id='block_1_119' title="bbox 557 4963 2109 5034">
    <p class='ocr_par' dir='ltr' id='par_1_119' title="bbox 557 4963 2109 5034">
     <span class='ocr_line' id='line_1_119' title="bbox 557 4963 2109 5034; baseline 0.005 -20"><span class='ocrx_word' id='word_1_839' title='bbox 557 4973 644 5016; x_wconf 90' lang='lat' dir='ltr'><strong>tur</strong></span> <span class='ocrx_word' id='word_1_840' title='bbox 684 4981 751 5017; x_wconf 82' lang='lat' dir='ltr'><strong>ex</strong></span> <span class='ocrx_word' id='word_1_841' title='bbox 788 4963 1039 5017; x_wconf 83' lang='lat' dir='ltr'><strong>Homiliis</strong></span> <span class='ocrx_word' id='word_1_842' title='bbox 1061 4964 1394 5034; x_wconf 81' lang='lat' dir='ltr'><strong>paschalibus</strong></span> <span class='ocrx_word' id='word_1_843' title='bbox 1428 4964 1612 5034; x_wconf 59' lang='lat' dir='ltr'><strong>Cyl-illi</strong></span> <span class='ocrx_word' id='word_1_844' title='bbox 1635 5006 1649 5025; x_wconf 84' lang='lat'><strong>,</strong></span> <span class='ocrx_word' id='word_1_845' title='bbox 1682 4968 1735 5018; x_wconf 92' lang='lat' dir='ltr'><strong>in</strong></span> <span class='ocrx_word' id='word_1_846' title='bbox 1771 4966 1965 5031; x_wconf 87' lang='lat' dir='ltr'><strong>quibus</strong></span> <span class='ocrx_word' id='word_1_847' title='bbox 1999 4963 2109 5020; x_wconf 63' lang='lat' dir='ltr'><strong>hinc</strong></span> 
     </span>
    </p>
   </div>
   <div class='ocr_carea' id='block_1_120' title="bbox 550 5036 2109 5104">
    <p class='ocr_par' dir='ltr' id='par_1_120' title="bbox 550 5036 2109 5104">
     <span class='ocr_line' id='line_1_120' title="bbox 550 5036 2109 5104; baseline 0.003 -19"><span class='ocrx_word' id='word_1_848' title='bbox 550 5036 848 5101; x_wconf 75' lang='lat' dir='ltr'><strong>septimana</strong></span> <span class='ocrx_word' id='word_1_849' title='bbox 878 5046 1133 5104; x_wconf 85' lang='lat' dir='ltr'><strong>perpetuo</strong></span> <span class='ocrx_word' id='word_1_850' title='bbox 1164 5036 1417 5088; x_wconf 83' lang='lat' dir='ltr'><strong>distincta</strong></span> <span class='ocrx_word' id='word_1_851' title='bbox 1451 5036 1647 5102; x_wconf 74' lang='lat' dir='ltr'><strong>legitur</strong></span> <span class='ocrx_word' id='word_1_852' title='bbox 1668 5052 1695 5088; x_wconf 87' lang='lat' dir='ltr'><strong>a</strong></span> <span class='ocrx_word' id='word_1_853' title='bbox 1731 5037 1934 5104; x_wconf 82' lang='lat' dir='ltr'><strong>reliqua</strong></span> <span class='ocrx_word' id='word_1_854' title='bbox 1966 5038 2109 5102; x_wconf 81' lang='lat' dir='ltr'><strong>Qua-</strong></span> 
     </span>
    </p>
   </div>
   <div class='ocr_carea' id='block_1_121' title="bbox 553 5104 2109 5173">
    <p class='ocr_par' dir='ltr' id='par_1_121' title="bbox 553 5104 2109 5173">
     <span class='ocr_line' id='line_1_121' title="bbox 553 5104 2109 5173; baseline 0.001 -16"><span class='ocrx_word' id='word_1_855' title='bbox 553 5105 880 5172; x_wconf 79' lang='lat' dir='ltr'><strong>dragesiina,</strong></span> <span class='ocrx_word' id='word_1_856' title='bbox 918 5118 970 5157; x_wconf 86' lang='lat' dir='ltr'><strong>et</strong></span> <span class='ocrx_word' id='word_1_857' title='bbox 995 5108 1293 5173; x_wconf 78' lang='lat' dir='ltr'><strong>septimana</strong></span> <span class='ocrx_word' id='word_1_858' title='bbox 1344 5104 1563 5159; x_wconf 74' lang='lat' dir='ltr'><strong>Pasrhze</strong></span> <span class='ocrx_word' id='word_1_859' title='bbox 1613 5116 1857 5160; x_wconf 85' lang='lat' dir='ltr'><strong>vocatur.</strong></span> <span class='ocrx_word' id='word_1_860' title='bbox 1912 5106 2109 5161; x_wconf 79' lang='lat' dir='ltr'><strong>Eadem</strong></span> 
     </span>
    </p>
   </div>
   <div class='ocr_carea' id='block_1_122' title="bbox 557 5176 2113 5249">
    <p class='ocr_par' dir='ltr' id='par_1_122' title="bbox 557 5176 2113 5249">
     <span class='ocr_line' id='line_1_122' title="bbox 557 5176 2113 5249; baseline 0.004 -24"><span class='ocrx_word' id='word_1_861' title='bbox 557 5185 734 5249; x_wconf 81' lang='lat' dir='ltr'><strong>tamen</strong></span> <span class='ocrx_word' id='word_1_862' title='bbox 764 5176 1193 5249; x_wconf 71' lang='lat' dir='ltr'><strong>Qiiatliagcsiinze</strong></span> <span class='ocrx_word' id='word_1_863' title='bbox 1216 5178 1600 5240; x_wconf 84' lang='lat' dir='ltr'><strong>cootribuitur,</strong></span> <span class='ocrx_word' id='word_1_864' title='bbox 1625 5180 1821 5247; x_wconf 86' lang='lat' dir='ltr'><strong>quippe</strong></span> <span class='ocrx_word' id='word_1_865' title='bbox 1842 5193 1962 5249; x_wconf 82' lang='lat' dir='ltr'><strong>qua:</strong></span> <span class='ocrx_word' id='word_1_866' title='bbox 1986 5192 2113 5246; x_wconf 74' lang='lat' dir='ltr'><strong>qua~</strong></span> 
     </span>
    </p>
   </div>
   <div class='ocr_carea' id='block_1_123' title="bbox 554 5245 2110 5317">
    <p class='ocr_par' dir='ltr' id='par_1_123' title="bbox 554 5245 2110 5317">
     <span class='ocr_line' id='line_1_123' title="bbox 554 5245 2110 5317; baseline 0.004 -21"><span class='ocrx_word' id='word_1_867' title='bbox 554 5247 802 5313; x_wconf 82' lang='lat' dir='ltr'><strong>dragiutu</strong></span> <span class='ocrx_word' id='word_1_868' title='bbox 847 5245 1054 5298; x_wconf 85' lang='lat' dir='ltr'><strong>dierum</strong></span> <span class='ocrx_word' id='word_1_869' title='bbox 1097 5263 1375 5299; x_wconf 88' lang='lat' dir='ltr'><strong>numerum</strong></span> <span class='ocrx_word' id='word_1_870' title='bbox 1422 5245 1729 5313; x_wconf 80' lang='lat' dir='ltr'><strong>atliiiipleat.</strong></span> <span class='ocrx_word' id='word_1_871' title='bbox 1775 5245 2017 5317; x_wconf 76' lang='lat' dir='ltr'><strong>Denique</strong></span> <span class='ocrx_word' id='word_1_872' title='bbox 2044 5249 2110 5303; x_wconf 85' lang='lat' dir='ltr'><strong>il-</strong></span> 
     </span>
    </p>
   </div>
   <div class='ocr_carea' id='block_1_124' title="bbox 556 5316 2114 5386">
    <p class='ocr_par' dir='ltr' id='par_1_124' title="bbox 556 5316 2114 5386">
     <span class='ocr_line' id='line_1_124' title="bbox 556 5316 2114 5386; baseline 0.004 -18"><span class='ocrx_word' id='word_1_873' title='bbox 556 5316 643 5369; x_wconf 90' lang='lat' dir='ltr'><strong>lud</strong></span> <span class='ocrx_word' id='word_1_874' title='bbox 672 5319 832 5370; x_wconf 86' lang='lat' dir='ltr'><strong>etiam</strong></span> <span class='ocrx_word' id='word_1_875' title='bbox 861 5318 1123 5370; x_wconf 78' lang='lat' dir='ltr'><strong>observan</strong></span> <span class='ocrx_word' id='word_1_876' title='bbox 1149 5324 1252 5369; x_wconf 62' lang='lat' dir='ltr'><strong>tum</strong></span> <span class='ocrx_word' id='word_1_877' title='bbox 1281 5329 1361 5370; x_wconf 89' lang='lat' dir='ltr'><strong>est</strong></span> <span class='ocrx_word' id='word_1_878' title='bbox 1383 5359 1397 5379; x_wconf 89' lang='lat'><strong>,</strong></span> <span class='ocrx_word' id='word_1_879' title='bbox 1441 5322 1582 5386; x_wconf 88' lang='lat' dir='ltr'><strong>quod</strong></span> <span class='ocrx_word' id='word_1_880' title='bbox 1643 5319 1832 5372; x_wconf 84' lang='lat' dir='ltr'><strong>scribit</strong></span> <span class='ocrx_word' id='word_1_881' title='bbox 1861 5316 2114 5374; x_wconf 80' lang='lat' dir='ltr'><strong>Socrates</strong></span> 
     </span>
    </p>
   </div>
   <div class='ocr_carea' id='block_1_125' title="bbox 556 5387 2113 5459">
    <p class='ocr_par' dir='ltr' id='par_1_125' title="bbox 556 5387 2113 5459">
     <span class='ocr_line' id='line_1_125' title="bbox 556 5387 2113 5459; baseline 0.003 -19"><span class='ocrx_word' id='word_1_882' title='bbox 556 5389 608 5440; x_wconf 93' lang='lat' dir='ltr'><strong>in</strong></span> <span class='ocrx_word' id='word_1_883' title='bbox 660 5389 759 5459; x_wconf 85' lang='lat' dir='ltr'><strong>lib.</strong></span> <span class='ocrx_word' id='word_1_884' title='bbox 801 5403 853 5459; x_wconf 65' lang='grc' dir='ltr'>ν,</span> <span class='ocrx_word' id='word_1_885' title='bbox 912 5403 1031 5454; x_wconf 85' lang='lat' dir='ltr'><strong>cap.</strong></span> <span class='ocrx_word' id='word_1_886' title='bbox 1083 5387 1186 5451; x_wconf 72' lang='grc'><strong>22,</strong></span> <span class='ocrx_word' id='word_1_887' title='bbox 1238 5398 1447 5442; x_wconf 78' lang='lat' dir='ltr'><strong>veteres</strong></span> <span class='ocrx_word' id='word_1_888' title='bbox 1486 5390 1820 5443; x_wconf 84' lang='lat' dir='ltr'><strong>Christianos</strong></span> <span class='ocrx_word' id='word_1_889' title='bbox 1864 5391 2113 5459; x_wconf 85' lang='lat' dir='ltr'><strong>paschale</strong></span> 
     </span>
    </p>
   </div>
   <div class='ocr_carea' id='block_1_126' title="bbox 554 5457 2115 5531">
    <p class='ocr_par' dir='ltr' id='par_1_126' title="bbox 554 5457 2115 5531">
     <span class='ocr_line' id='line_1_126' title="bbox 554 5457 2115 5531; baseline 0.003 -21"><span class='ocrx_word' id='word_1_890' title='bbox 554 5475 717 5510; x_wconf 83' lang='lat' dir='ltr'><strong>suum</strong></span> <span class='ocrx_word' id='word_1_891' title='bbox 746 5457 1024 5531; x_wconf 86' lang='lat' dir='ltr'><strong>jejunium</strong></span> <span class='ocrx_word' id='word_1_892' title='bbox 1054 5472 1273 5531; x_wconf 72' lang='lat' dir='ltr'><strong>vocasse</strong></span> <span class='ocrx_word' id='word_1_893' title='bbox 1313 5460 1824 5528; x_wconf 78' lang='lat' dir='ltr'><strong>Quadragcsiinani,</strong></span> <span class='ocrx_word' id='word_1_894' title='bbox 1863 5457 2115 5531; x_wconf 80' lang='lat' dir='ltr'><strong>quamvis</strong></span> 
     </span>
    </p>
   </div>
   <div class='ocr_carea' id='block_1_127' title="bbox 556 5530 2110 5601">
    <p class='ocr_par' dir='ltr' id='par_1_127' title="bbox 556 5530 2110 5601">
     <span class='ocr_line' id='line_1_127' title="bbox 556 5530 2110 5601; baseline 0.004 -23"><span class='ocrx_word' id='word_1_895' title='bbox 556 5545 661 5601; x_wconf 86' lang='lat' dir='ltr'><strong>non</strong></span> <span class='ocrx_word' id='word_1_896' title='bbox 710 5539 835 5582; x_wconf 85' lang='lat' dir='ltr'><strong>totis</strong></span> <span class='ocrx_word' id='word_1_897' title='bbox 889 5530 1247 5597; x_wconf 82' lang='lat' dir='ltr'><strong>quadraginta</strong></span> <span class='ocrx_word' id='word_1_898' title='bbox 1290 5531 1481 5583; x_wconf 88' lang='lat' dir='ltr'><strong>diebus</strong></span> <span class='ocrx_word' id='word_1_899' title='bbox 1542 5547 1731 5583; x_wconf 88' lang='lat' dir='ltr'><strong>omnes</strong></span> <span class='ocrx_word' id='word_1_900' title='bbox 1780 5530 2110 5601; x_wconf 83' lang='lat' dir='ltr'><strong>jejutiarent.</strong></span> 
     </span>
    </p>
   </div>
   <div class='ocr_carea' id='block_1_128' title="bbox 560 5600 2111 5667">
    <p class='ocr_par' dir='ltr' id='par_1_128' title="bbox 560 5600 2111 5667">
     <span class='ocr_line' id='line_1_128' title="bbox 560 5600 2111 5667; baseline 0.003 -17"><span class='ocrx_word' id='word_1_901' title='bbox 560 5600 792 5667; x_wconf 56' lang='lat' dir='ltr'><strong>lbjtlstllle</strong></span> <span class='ocrx_word' id='word_1_902' title='bbox 817 5601 1060 5655; x_wconf 75' lang='lat' dir='ltr'><strong>vocabuli</strong></span> <span class='ocrx_word' id='word_1_903' title='bbox 1086 5602 1262 5653; x_wconf 80' lang='lat' dir='ltr'><strong>varias</strong></span> <span class='ocrx_word' id='word_1_904' title='bbox 1286 5615 1313 5649; x_wconf 87' lang='lat' dir='ltr'><strong>a</strong></span> <span class='ocrx_word' id='word_1_905' title='bbox 1342 5602 1505 5654; x_wconf 79' lang='lat' dir='ltr'><strong>variis</strong></span> <span class='ocrx_word' id='word_1_906' title='bbox 1535 5616 1726 5655; x_wconf 85' lang='lat' dir='ltr'><strong>causas</strong></span> <span class='ocrx_word' id='word_1_907' title='bbox 1751 5603 1931 5657; x_wconf 77' lang='lat' dir='ltr'><strong>all’erri</strong></span> <span class='ocrx_word' id='word_1_908' title='bbox 1963 5604 2111 5661; x_wconf 85' lang='lat' dir='ltr'><strong>dicit.</strong></span> 
     </span>
    </p>
   </div>
   <div class='ocr_carea' id='block_1_129' title="bbox 561 5670 2114 5742">
    <p class='ocr_par' dir='ltr' id='par_1_129' title="bbox 561 5670 2114 5742">
     <span class='ocr_line' id='line_1_129' title="bbox 561 5670 2114 5742; baseline 0.004 -21"><span class='ocrx_word' id='word_1_909' title='bbox 561 5670 684 5721; x_wconf 75' lang='lat' dir='ltr'><strong>Mitti</strong></span> <span class='ocrx_word' id='word_1_910' title='bbox 740 5672 955 5738; x_wconf 78' lang='lat' dir='ltr'><strong>quidem</strong></span> <span class='ocrx_word' id='word_1_911' title='bbox 1012 5670 1429 5742; x_wconf 79' lang='lat' dir='ltr'><strong>Quadragesiina</strong></span> <span class='ocrx_word' id='word_1_912' title='bbox 1476 5672 1617 5725; x_wconf 87' lang='lat' dir='ltr'><strong>dicta</strong></span> <span class='ocrx_word' id='word_1_913' title='bbox 1673 5674 1885 5726; x_wconf 83' lang='lat' dir='ltr'><strong>videtur</strong></span> <span class='ocrx_word' id='word_1_914' title='bbox 1925 5673 2114 5727; x_wconf 85' lang='lat' dir='ltr'><strong>eodem</strong></span> 
     </span>
    </p>
   </div>
   <div class='ocr_carea' id='block_1_130' title="bbox 561 5743 2113 5814">
    <p class='ocr_par' dir='ltr' id='par_1_130' title="bbox 561 5743 2113 5814">
     <span class='ocr_line' id='line_1_130' title="bbox 561 5743 2113 5814; baseline 0.003 -21"><span class='ocrx_word' id='word_1_915' title='bbox 561 5743 723 5795; x_wconf 76' lang='lat' dir='ltr'><strong>modo</strong></span> <span class='ocrx_word' id='word_1_916' title='bbox 748 5786 761 5811; x_wconf 76' lang='lat'><strong>,</strong></span> <span class='ocrx_word' id='word_1_917' title='bbox 799 5759 907 5811; x_wconf 86' lang='lat' dir='ltr'><strong>quo</strong></span> <span class='ocrx_word' id='word_1_918' title='bbox 954 5744 1403 5812; x_wconf 77' lang='lat' dir='ltr'><strong>Quinquagcsima</strong></span> <span class='ocrx_word' id='word_1_919' title='bbox 1451 5757 1570 5811; x_wconf 73' lang='lat' dir='ltr'><strong>qua:</strong></span> <span class='ocrx_word' id='word_1_920' title='bbox 1617 5753 1701 5798; x_wconf 83' lang='lat' dir='ltr'><strong>est</strong></span> <span class='ocrx_word' id='word_1_921' title='bbox 1740 5753 1859 5814; x_wconf 81' lang='lat' dir='ltr'><strong>post</strong></span> <span class='ocrx_word' id='word_1_922' title='bbox 1887 5744 2113 5800; x_wconf 78' lang='lat' dir='ltr'><strong>Pascha.</strong></span> 
     </span>
    </p>
   </div>
   <div class='ocr_carea' id='block_1_131' title="bbox 2217 4538 3790 4612">
    <p class='ocr_par' dir='ltr' id='par_1_131' title="bbox 2217 4538 3790 4612">
     <span class='ocr_line' id='line_1_131' title="bbox 2217 4538 3790 4612; baseline -0.003 -18"><span class='ocrx_word' id='word_1_923' title='bbox 2217 4557 2382 4606; x_wconf 73' lang='lat' dir='ltr'><strong>timus,</strong></span> <span class='ocrx_word' id='word_1_924' title='bbox 2410 4544 2551 4609; x_wconf 91' lang='lat' dir='ltr'><strong>quod</strong></span> <span class='ocrx_word' id='word_1_925' title='bbox 2582 4542 2733 4612; x_wconf 72' lang='grc' dir='ltr'>παρὰ</span> <span class='ocrx_word' id='word_1_926' title='bbox 2764 4541 2825 4593; x_wconf 85' lang='grc' dir='ltr'><strong>τὸ</strong></span> <span class='ocrx_word' id='word_1_927' title='bbox 2849 4540 3081 4611; x_wconf 75' lang='grc' dir='ltr'><strong>ἀκριϐές</strong></span> <span class='ocrx_word' id='word_1_928' title='bbox 3104 4541 3330 4609; x_wconf 71' lang='lat' dir='ltr'><strong>egerint.</strong></span> <span class='ocrx_word' id='word_1_929' title='bbox 3370 4538 3459 4592; x_wconf 82' lang='lat' dir='ltr'><strong>Est</strong></span> <span class='ocrx_word' id='word_1_930' title='bbox 3486 4539 3639 4612; x_wconf 55' lang='lat' dir='ltr'><strong>enini</strong></span> <span class='ocrx_word' id='word_1_931' title='bbox 3674 4538 3790 4612; x_wconf 84' lang='lat' dir='ltr'><strong>dili-</strong></span> 
     </span>
    </p>
   </div>
   <div class='ocr_carea' id='block_1_132' title="bbox 2216 4608 3789 4681">
    <p class='ocr_par' dir='ltr' id='par_1_132' title="bbox 2216 4608 3789 4681">
     <span class='ocr_line' id='line_1_132' title="bbox 2216 4608 3789 4681; baseline -0.001 -16"><span class='ocrx_word' id='word_1_932' title='bbox 2216 4619 2392 4681; x_wconf 82' lang='lat' dir='ltr'><strong>gentis</strong></span> <span class='ocrx_word' id='word_1_933' title='bbox 2434 4608 2708 4681; x_wconf 70' lang='lat' dir='ltr'><strong>episcotii,</strong></span> <span class='ocrx_word' id='word_1_934' title='bbox 2763 4608 2943 4665; x_wconf 75' lang='lat' dir='ltr'><strong>videre</strong></span> <span class='ocrx_word' id='word_1_935' title='bbox 2985 4629 3049 4663; x_wconf 87' lang='lat' dir='ltr'><strong>ne</strong></span> <span class='ocrx_word' id='word_1_936' title='bbox 3098 4612 3225 4680; x_wconf 87' lang='lat' dir='ltr'><strong>quid</strong></span> <span class='ocrx_word' id='word_1_937' title='bbox 3265 4625 3463 4681; x_wconf 81' lang='lat' dir='ltr'><strong>novum</strong></span> <span class='ocrx_word' id='word_1_938' title='bbox 3504 4611 3556 4681; x_wconf 92' lang='lat' dir='ltr'><strong>in</strong></span> <span class='ocrx_word' id='word_1_939' title='bbox 3601 4608 3789 4664; x_wconf 85' lang='lat' dir='ltr'><strong>Eccle-</strong></span> 
     </span>
    </p>
   </div>
   <div class='ocr_carea' id='block_1_133' title="bbox 2217 4680 3785 4750">
    <p class='ocr_par' dir='ltr' id='par_1_133' title="bbox 2217 4680 3785 4750">
     <span class='ocr_line' id='line_1_133' title="bbox 2217 4680 3785 4750; baseline -0.002 -14"><span class='ocrx_word' id='word_1_940' title='bbox 2217 4680 2355 4737; x_wconf 74' lang='lat' dir='ltr'><strong>Siam</strong></span> <span class='ocrx_word' id='word_1_941' title='bbox 2403 4680 2692 4737; x_wconf 86' lang='lat' dir='ltr'><strong>inducatur</strong></span> <span class='ocrx_word' id='word_1_942' title='bbox 2758 4693 2958 4749; x_wconf 71' lang='lat' dir='ltr'><strong>printer</strong></span> <span class='ocrx_word' id='word_1_943' title='bbox 3021 4684 3384 4750; x_wconf 13' lang='lat' dir='ltr'><strong>reliquarum,</strong></span> <span class='ocrx_word' id='word_1_944' title='bbox 3424 4680 3785 4734; x_wconf 83' lang='lat' dir='ltr'><strong>Ecclesiariim</strong></span> 
     </span>
    </p>
   </div>
   <div class='ocr_carea' id='block_1_134' title="bbox 2217 4749 3786 4809">
    <p class='ocr_par' dir='ltr' id='par_1_134' title="bbox 2217 4749 3786 4809">
     <span class='ocr_line' id='line_1_134' title="bbox 2217 4749 3786 4809; baseline -0.003 -2"><span class='ocrx_word' id='word_1_945' title='bbox 2217 4756 2687 4809; x_wconf 85' lang='lat' dir='ltr'><strong>consuetudinem.</strong></span> <span class='ocrx_word' id='word_1_946' title='bbox 2748 4753 2823 4806; x_wconf 87' lang='lat' dir='ltr'><strong>Ita</strong></span> <span class='ocrx_word' id='word_1_947' title='bbox 2881 4754 3136 4805; x_wconf 81' lang='lat' dir='ltr'><strong>Socrates</strong></span> <span class='ocrx_word' id='word_1_948' title='bbox 3179 4753 3322 4805; x_wconf 89' lang='lat' dir='ltr'><strong>hunc</strong></span> <span class='ocrx_word' id='word_1_949' title='bbox 3370 4749 3558 4804; x_wconf 65' lang='lat' dir='ltr'><strong>Ire-nini</strong></span> <span class='ocrx_word' id='word_1_950' title='bbox 3614 4750 3786 4803; x_wconf 87' lang='lat' dir='ltr'><strong>locum</strong></span> 
     </span>
    </p>
   </div>
   <div class='ocr_carea' id='block_1_135' title="bbox 2218 4822 3788 4891">
    <p class='ocr_par' dir='ltr' id='par_1_135' title="bbox 2218 4822 3788 4891">
     <span class='ocr_line' id='line_1_135' title="bbox 2218 4822 3788 4891; baseline -0.001 -15"><span class='ocrx_word' id='word_1_951' title='bbox 2218 4826 2427 4891; x_wconf 69' lang='grc' dir='ltr'><strong>ρονίεεςθ</strong></span> <span class='ocrx_word' id='word_1_952' title='bbox 2454 4825 2664 4877; x_wconf 84' lang='lat' dir='ltr'><strong>videtur</strong></span> <span class='ocrx_word' id='word_1_953' title='bbox 2694 4827 2745 4877; x_wconf 91' lang='lat' dir='ltr'><strong>iii</strong></span> <span class='ocrx_word' id='word_1_954' title='bbox 2779 4838 2897 4891; x_wconf 84' lang='lat' dir='ltr'><strong>cap.</strong></span> <span class='ocrx_word' id='word_1_955' title='bbox 2923 4822 2994 4875; x_wconf 71' lang='lat'><strong>9.2</strong></span> <span class='ocrx_word' id='word_1_956' title='bbox 3043 4822 3138 4876; x_wconf 90' lang='lat' dir='ltr'><strong>lib.</strong></span> <span class='ocrx_word' id='word_1_957' title='bbox 3176 4837 3224 4884; x_wconf 85' lang='grc' dir='ltr'>ν,</span> <span class='ocrx_word' id='word_1_958' title='bbox 3264 4822 3353 4874; x_wconf 91' lang='lat' dir='ltr'><strong>ubi</strong></span> <span class='ocrx_word' id='word_1_959' title='bbox 3407 4822 3788 4891; x_wconf 87' lang='lat' dir='ltr'><strong>postquainde</strong></span> 
     </span>
    </p>
   </div>
   <div class='ocr_carea' id='block_1_136' title="bbox 2212 4890 3791 4962">
    <p class='ocr_par' dir='ltr' id='par_1_136' title="bbox 2212 4890 3791 4962">
     <span class='ocr_line' id='line_1_136' title="bbox 2212 4890 3791 4962; baseline 0 -17"><span class='ocrx_word' id='word_1_960' title='bbox 2212 4890 2541 4962; x_wconf 81' lang='lat' dir='ltr'><strong>ji-juiiioruni</strong></span> <span class='ocrx_word' id='word_1_961' title='bbox 2579 4905 2635 4948; x_wconf 88' lang='lat' dir='ltr'><strong>et</strong></span> <span class='ocrx_word' id='word_1_962' title='bbox 2666 4893 3038 4961; x_wconf 88' lang='lat' dir='ltr'><strong>hujuscemodi</strong></span> <span class='ocrx_word' id='word_1_963' title='bbox 3081 4894 3276 4945; x_wconf 87' lang='lat' dir='ltr'><strong>rituum</strong></span> <span class='ocrx_word' id='word_1_964' title='bbox 3313 4893 3452 4958; x_wconf 86' lang='lat' dir='ltr'><strong>apud</strong></span> <span class='ocrx_word' id='word_1_965' title='bbox 3489 4891 3667 4945; x_wconf 74' lang='lat' dir='ltr'><strong>varias</strong></span> <span class='ocrx_word' id='word_1_966' title='bbox 3697 4890 3791 4945; x_wconf 87' lang='lat' dir='ltr'><strong>Ec-</strong></span> 
     </span>
    </p>
   </div>
   <div class='ocr_carea' id='block_1_137' title="bbox 2217 4962 3787 5030">
    <p class='ocr_par' dir='ltr' id='par_1_137' title="bbox 2217 4962 3787 5030">
     <span class='ocr_line' id='line_1_137' title="bbox 2217 4962 3787 5030; baseline -0.002 -11"><span class='ocrx_word' id='word_1_967' title='bbox 2217 4967 2411 5019; x_wconf 65' lang='lat' dir='ltr'><strong>clesias</strong></span> <span class='ocrx_word' id='word_1_968' title='bbox 2442 4966 2808 5030; x_wconf 78' lang='lat' dir='ltr'><strong>discrepantia</strong></span> <span class='ocrx_word' id='word_1_969' title='bbox 2831 4965 3042 5017; x_wconf 83' lang='lat' dir='ltr'><strong>abunde</strong></span> <span class='ocrx_word' id='word_1_970' title='bbox 3058 4963 3340 5021; x_wconf 80' lang='lat' dir='ltr'><strong>disseruit,</strong></span> <span class='ocrx_word' id='word_1_971' title='bbox 3367 4965 3437 5014; x_wconf 90' lang='lat' dir='ltr'><strong>ita</strong></span> <span class='ocrx_word' id='word_1_972' title='bbox 3472 4962 3743 5014; x_wconf 89' lang='lat' dir='ltr'><strong>concludit</strong></span> <span class='ocrx_word' id='word_1_973' title='bbox 3773 4980 3787 5016; x_wconf 89' lang='lat'><strong>:</strong></span> 
     </span>
    </p>
   </div>
   <div class='ocr_carea' id='block_1_138' title="bbox 2217 5030 3787 5107">
    <p class='ocr_par' dir='ltr' id='par_1_138' title="bbox 2217 5030 3787 5107">
     <span class='ocr_line' id='line_1_138' title="bbox 2217 5030 3787 5107; baseline -0.004 -18"><span class='ocrx_word' id='word_1_974' title='bbox 2217 5038 2388 5091; x_wconf 82' lang='grc' dir='ltr'>Αἵτιοι</span> <span class='ocrx_word' id='word_1_975' title='bbox 2420 5036 2548 5107; x_wconf 81' lang='grc' dir='ltr'><strong>γὰρ,</strong></span> <span class='ocrx_word' id='word_1_976' title='bbox 2585 5035 2661 5099; x_wconf 82' lang='grc' dir='ltr'><strong>ὡς</strong></span> <span class='ocrx_word' id='word_1_977' title='bbox 2694 5034 2967 5107; x_wconf 71' lang='grc' dir='ltr'>ἡγοῦμαι,</span> <span class='ocrx_word' id='word_1_978' title='bbox 3002 5033 3102 5107; x_wconf 70' lang='grc' dir='ltr'><strong>τῆς</strong></span> <span class='ocrx_word' id='word_1_979' title='bbox 3127 5031 3383 5102; x_wconf 82' lang='grc' dir='ltr'><strong>τοιαύτης</strong></span> <span class='ocrx_word' id='word_1_980' title='bbox 3408 5030 3711 5107; x_wconf 65' lang='grc' dir='ltr'>ῥιαιρωνίας</span> <span class='ocrx_word' id='word_1_981' title='bbox 3738 5032 3787 5107; x_wconf 72' lang='grc' dir='ltr'>οἱ</span> 
     </span>
    </p>
   </div>
   <div class='ocr_carea' id='block_1_139' title="bbox 2174 5103 3790 5177">
    <p class='ocr_par' dir='ltr' id='par_1_139' title="bbox 2174 5103 3790 5177">
     <span class='ocr_line' id='line_1_139' title="bbox 2174 5103 3790 5177; baseline -0.004 -15"><span class='ocrx_word' id='word_1_982' title='bbox 2174 5148 2181 5155; x_wconf 65' lang='grc' dir='ltr'>ν</span> <span class='ocrx_word' id='word_1_983' title='bbox 2220 5108 2361 5162; x_wconf 76' lang='grc' dir='ltr'>κατὰ</span> <span class='ocrx_word' id='word_1_984' title='bbox 2410 5103 2599 5177; x_wconf 70' lang='grc' dir='ltr'>καιρὸν</span> <span class='ocrx_word' id='word_1_985' title='bbox 2646 5103 2752 5160; x_wconf 76' lang='grc' dir='ltr'><strong>τῶν</strong></span> <span class='ocrx_word' id='word_1_986' title='bbox 2801 5103 3137 5177; x_wconf 59' lang='grc' dir='ltr'>Ἐκκλησιῷν</span> <span class='ocrx_word' id='word_1_987' title='bbox 3194 5103 3562 5174; x_wconf 54' lang='grc' dir='ltr'>προεστῶτες</span> <span class='ocrx_word' id='word_1_988' title='bbox 3625 5104 3676 5177; x_wconf 66' lang='lat' dir='ltr'><strong>oi</strong></span> <span class='ocrx_word' id='word_1_989' title='bbox 3733 5103 3790 5155; x_wconf 82' lang='grc' dir='ltr'><strong>δὲ</strong></span> 
     </span>
    </p>
   </div>
   <div class='ocr_carea' id='block_1_140' title="bbox 2217 5172 3791 5246">
    <p class='ocr_par' dir='ltr' id='par_1_140' title="bbox 2217 5172 3791 5246">
     <span class='ocr_line' id='line_1_140' title="bbox 2217 5172 3791 5246; baseline -0.002 -16"><span class='ocrx_word' id='word_1_990' title='bbox 2217 5178 2388 5231; x_wconf 73' lang='grc' dir='ltr'>ταῦτα</span> <span class='ocrx_word' id='word_1_991' title='bbox 2422 5172 2860 5246; x_wconf 65' lang='grc' dir='ltr'>ποιραλαόόντες,</span> <span class='ocrx_word' id='word_1_992' title='bbox 2919 5172 2964 5243; x_wconf 72' lang='grc' dir='ltr'><strong>ᾧ</strong></span> <span class='ocrx_word' id='word_1_993' title='bbox 2990 5172 3173 5245; x_wconf 71' lang='grc' dir='ltr'>νόμον</span> <span class='ocrx_word' id='word_1_994' title='bbox 3234 5172 3345 5237; x_wconf 63' lang='grc' dir='ltr'>τοῖς</span> <span class='ocrx_word' id='word_1_995' title='bbox 3391 5173 3791 5246; x_wconf 75' lang='grc' dir='ltr'>ἐπιγινομένοις</span> 
     </span>
    </p>
   </div>
   <div class='ocr_carea' id='block_1_141' title="bbox 2220 5249 2599 5319">
    <p class='ocr_par' dir='ltr' id='par_1_141' title="bbox 2220 5249 2599 5319">
     <span class='ocr_line' id='line_1_141' title="bbox 2220 5249 2599 5319; baseline -0.005 -18"><span class='ocrx_word' id='word_1_996' title='bbox 2220 5249 2599 5319; x_wconf 60' lang='grc' dir='ltr'>παρέγραψαν.</span> 
     </span>
    </p>
   </div>
   <div class='ocr_carea' id='block_1_142' title="bbox 2293 5314 3793 5390">
    <p class='ocr_par' dir='ltr' id='par_1_142' title="bbox 2293 5314 3793 5390">
     <span class='ocr_line' id='line_1_142' title="bbox 2293 5314 3793 5390; baseline -0.003 -17"><span class='ocrx_word' id='word_1_997' title='bbox 2293 5314 2418 5390; x_wconf 65' lang='grc' dir='ltr'><strong>(δυ’</strong></span> <span class='ocrx_word' id='word_1_998' title='bbox 2469 5314 2529 5371; x_wconf 82' lang='grc' dir='ltr'><strong><em>Ἡ</em></strong></span> <span class='ocrx_word' id='word_1_999' title='bbox 2566 5317 2855 5390; x_wconf 68' lang='grc' dir='ltr'>διαφωνία</span> <span class='ocrx_word' id='word_1_1000' title='bbox 2896 5316 3006 5384; x_wconf 78' lang='grc' dir='ltr'><strong>τῆς</strong></span> <span class='ocrx_word' id='word_1_1001' title='bbox 3042 5316 3326 5390; x_wconf 68' lang='grc' dir='ltr'>νηστείας</span> <span class='ocrx_word' id='word_1_1002' title='bbox 3356 5314 3479 5390; x_wconf 10' lang='lat' dir='ltr'><strong>chr,</strong></span> <span class='ocrx_word' id='word_1_1003' title='bbox 3510 5316 3793 5390; x_wconf 70' lang='grc' dir='ltr'><strong>ὁμόνοιαν</strong></span> 
     </span>
    </p>
   </div>
   <div class='ocr_carea' id='block_1_143' title="bbox 2221 5386 3788 5460">
    <p class='ocr_par' dir='ltr' id='par_1_143' title="bbox 2221 5386 3788 5460">
     <span class='ocr_line' id='line_1_143' title="bbox 2221 5386 3788 5460; baseline -0.004 -15"><span class='ocrx_word' id='word_1_1004' title='bbox 2221 5386 2331 5460; x_wconf 60' lang='grc' dir='ltr'><strong>τῆξ</strong></span> <span class='ocrx_word' id='word_1_1005' title='bbox 2378 5390 2639 5453; x_wconf 73' lang='grc' dir='ltr'><strong>πίστεως</strong></span> <span class='ocrx_word' id='word_1_1006' title='bbox 2711 5389 3080 5460; x_wconf 45' lang='lat' dir='ltr'><strong>curiatum.</strong></span> <span class='ocrx_word' id='word_1_1007' title='bbox 3126 5388 3266 5440; x_wconf 86' lang='lat' dir='ltr'><strong>Ideni</strong></span> <span class='ocrx_word' id='word_1_1008' title='bbox 3318 5386 3391 5438; x_wconf 86' lang='lat' dir='ltr'><strong>ait</strong></span> <span class='ocrx_word' id='word_1_1009' title='bbox 3459 5389 3687 5460; x_wconf 73' lang='lat' dir='ltr'><strong>August.</strong></span> <span class='ocrx_word' id='word_1_1010' title='bbox 3735 5388 3788 5460; x_wconf 87' lang='lat' dir='ltr'><strong>in</strong></span> 
     </span>
    </p>
   </div>
   <div class='ocr_carea' id='block_1_144' title="bbox 2222 5457 3794 5528">
    <p class='ocr_par' dir='ltr' id='par_1_144' title="bbox 2222 5457 3794 5528">
     <span class='ocr_line' id='line_1_144' title="bbox 2222 5457 3794 5528; baseline -0.003 -14"><span class='ocrx_word' id='word_1_1011' title='bbox 2222 5457 2384 5528; x_wconf 77' lang='lat' dir='ltr'><strong>epist.</strong></span> <span class='ocrx_word' id='word_1_1012' title='bbox 2414 5464 2502 5523; x_wconf 82' lang='grc'><strong>86,</strong></span> <span class='ocrx_word' id='word_1_1013' title='bbox 2534 5468 2601 5513; x_wconf 84' lang='lat' dir='ltr'><strong>ad</strong></span> <span class='ocrx_word' id='word_1_1014' title='bbox 2635 5459 2963 5513; x_wconf 87' lang='lat' dir='ltr'><strong>Casulannin</strong></span> <span class='ocrx_word' id='word_1_1015' title='bbox 2998 5474 3010 5508; x_wconf 95' lang='lat'>:</span> <span class='ocrx_word' id='word_1_1016' title='bbox 3059 5459 3137 5528; x_wconf 72' lang='lat' dir='ltr'><strong>Sit</strong></span> <span class='ocrx_word' id='word_1_1017' title='bbox 3180 5473 3303 5525; x_wconf 87' lang='lat' dir='ltr'><strong>ergo</strong></span> <span class='ocrx_word' id='word_1_1018' title='bbox 3348 5473 3453 5510; x_wconf 85' lang='lat' dir='ltr'><strong>una</strong></span> <span class='ocrx_word' id='word_1_1019' title='bbox 3502 5457 3631 5523; x_wconf 79' lang='lat' dir='ltr'><strong>ﬁdes</strong></span> <span class='ocrx_word' id='word_1_1020' title='bbox 3679 5457 3794 5510; x_wconf 81' lang='lat' dir='ltr'><strong>imi-</strong></span> 
     </span>
    </p>
   </div>
   <div class='ocr_carea' id='block_1_145' title="bbox 2223 5526 3789 5599">
    <p class='ocr_par' dir='ltr' id='par_1_145' title="bbox 2223 5526 3789 5599">
     <span class='ocr_line' id='line_1_145' title="bbox 2223 5526 3789 5599; baseline -0.004 -14"><span class='ocrx_word' id='word_1_1021' title='bbox 2223 5526 2382 5585; x_wconf 71' lang='lat' dir='ltr'><strong>i&#39;ersw</strong></span> <span class='ocrx_word' id='word_1_1022' title='bbox 2408 5548 2527 5599; x_wconf 75' lang='lat' dir='ltr'><strong>qua:</strong></span> <span class='ocrx_word' id='word_1_1023' title='bbox 2567 5532 2754 5599; x_wconf 86' lang='lat' dir='ltr'><strong>ubique</strong></span> <span class='ocrx_word' id='word_1_1024' title='bbox 2773 5532 3033 5581; x_wconf 81' lang='lat' dir='ltr'><strong>dilatatur</strong></span> <span class='ocrx_word' id='word_1_1025' title='bbox 3062 5526 3332 5586; x_wconf 75' lang='lat' dir='ltr'><strong>Ecclesiw,</strong></span> <span class='ocrx_word' id='word_1_1026' title='bbox 3361 5537 3609 5596; x_wconf 82' lang='lat' dir='ltr'><strong>tanquam</strong></span> <span class='ocrx_word' id='word_1_1027' title='bbox 3646 5530 3789 5581; x_wconf 81' lang='lat' dir='ltr'><strong>intus</strong></span> 
     </span>
    </p>
   </div>
   <div class='ocr_carea' id='block_1_146' title="bbox 2223 5599 3791 5666">
    <p class='ocr_par' dir='ltr' id='par_1_146' title="bbox 2223 5599 3791 5666">
     <span class='ocr_line' id='line_1_146' title="bbox 2223 5599 3791 5666; baseline -0.003 -11"><span class='ocrx_word' id='word_1_1028' title='bbox 2223 5603 2277 5655; x_wconf 83' lang='lat' dir='ltr'><strong>in</strong></span> <span class='ocrx_word' id='word_1_1029' title='bbox 2310 5603 2552 5654; x_wconf 79' lang='lat' dir='ltr'><strong>membris</strong></span> <span class='ocrx_word' id='word_1_1030' title='bbox 2574 5641 2590 5664; x_wconf 97' lang='lat'><strong>,</strong></span> <span class='ocrx_word' id='word_1_1031' title='bbox 2615 5601 2820 5654; x_wconf 75' lang='lat' dir='ltr'><strong>etiamsi</strong></span> <span class='ocrx_word' id='word_1_1032' title='bbox 2848 5602 2959 5666; x_wconf 79' lang='lat' dir='ltr'><strong>ipsa</strong></span> <span class='ocrx_word' id='word_1_1033' title='bbox 2991 5599 3113 5665; x_wconf 70' lang='lat' dir='ltr'><strong>[iitri</strong></span> <span class='ocrx_word' id='word_1_1034' title='bbox 3142 5599 3314 5651; x_wconf 83' lang='lat' dir='ltr'><strong>unitas</strong></span> <span class='ocrx_word' id='word_1_1035' title='bbox 3350 5599 3670 5665; x_wconf 82' lang='lat' dir='ltr'><strong>quibusdam</strong></span> <span class='ocrx_word' id='word_1_1036' title='bbox 3707 5600 3791 5651; x_wconf 83' lang='lat' dir='ltr'><strong>di-</strong></span> 
     </span>
    </p>
   </div>
   <div class='ocr_carea' id='block_1_147' title="bbox 2223 5670 3786 5739">
    <p class='ocr_par' dir='ltr' id='par_1_147' title="bbox 2223 5670 3786 5739">
     <span class='ocr_line' id='line_1_147' title="bbox 2223 5670 3786 5739; baseline -0.003 -13"><span class='ocrx_word' id='word_1_1037' title='bbox 2223 5673 2386 5726; x_wconf 73' lang='lat' dir='ltr'><strong>versis</strong></span> <span class='ocrx_word' id='word_1_1038' title='bbox 2414 5672 2863 5725; x_wconf 82' lang='lat' dir='ltr'><strong>observationibus</strong></span> <span class='ocrx_word' id='word_1_1039' title='bbox 2886 5672 3209 5730; x_wconf 76' lang='lat' dir='ltr'><strong>celebratur,</strong></span> <span class='ocrx_word' id='word_1_1040' title='bbox 3242 5671 3431 5739; x_wconf 77' lang='lat' dir='ltr'><strong>quibus</strong></span> <span class='ocrx_word' id='word_1_1041' title='bbox 3460 5671 3608 5724; x_wconf 83' lang='lat' dir='ltr'><strong>nullo</strong></span> <span class='ocrx_word' id='word_1_1042' title='bbox 3633 5670 3786 5726; x_wconf 86' lang='lat' dir='ltr'><strong>modo</strong></span> 
     </span>
    </p>
   </div>
   <div class='ocr_carea' id='block_1_148' title="bbox 2224 5740 3212 5815">
    <p class='ocr_par' dir='ltr' id='par_1_148' title="bbox 2224 5740 3212 5815">
     <span class='ocr_line' id='line_1_148' title="bbox 2224 5740 3212 5815; baseline -0.002 -19"><span class='ocrx_word' id='word_1_1043' title='bbox 2224 5746 2361 5815; x_wconf 55' lang='lat' dir='ltr'><strong>quod</strong></span> <span class='ocrx_word' id='word_1_1044' title='bbox 2382 5745 2433 5797; x_wconf 85' lang='lat' dir='ltr'><strong>iii</strong></span> <span class='ocrx_word' id='word_1_1045' title='bbox 2453 5743 2556 5812; x_wconf 82' lang='lat' dir='ltr'><strong>[ide</strong></span> <span class='ocrx_word' id='word_1_1046' title='bbox 2582 5758 2758 5797; x_wconf 83' lang='lat' dir='ltr'><strong>verum</strong></span> <span class='ocrx_word' id='word_1_1047' title='bbox 2786 5752 2881 5805; x_wconf 79' lang='lat' dir='ltr'><strong>est,</strong></span> <span class='ocrx_word' id='word_1_1048' title='bbox 2915 5740 3212 5810; x_wconf 80' lang='lat' dir='ltr'><strong>impeditur.</strong></span> 
     </span>
    </p>
   </div>
  </div>
