4112 6428
600 334 704 390 507

1352 329 1622 386 EUSEBII
1661 330 2132 389 CESARILNSIS
2169 335 2318 392 OPP.
2359 336 2540 392 PARS
2575 337 2619 395 1.
2660 369 2730 380 -—
2762 336 3154 394 HISTORICA.

3809 341 3907 395 503

605 455 971 510 Ecclesiarum
997 453 1335 524 presbyteris
1366 453 1456 523 qui
1482 453 1532 507 id
1556 454 1944 520 observabant,
1973 455 2170 510 Eucha-

2286 474 2475 522 σαντες
2507 433 2644 530 arpi»;
2673 457 2916 522 ἑαυτούς.
2945 458 3080 512 Οὔτε
3109 459 3216 529 γὰρ
3243 460 3271 510 ό
3313 460 3615 530 Ἀνίκητος
3665 459 3765 511 τὸν
3807 461 3908 512 llo-

604 546 808 599 ristiam
843 536 1285 600 transmiserunt.
1316 543 1520 598 Etcum
1551 543 1894 598 beatissimus
1925 544 2180 616 Polycar-

604 653 704 706 pus
731 637 942 692 Aniceti
970 635 1308 705 temporibus
1346 636 1573 690 Romam
1603 635 1867 700 venisset,
1899 647 2063 707 atque
2093 639 2178 692 in-

599 737 687 782 ter
707 727 828 780 illos
849 728 915 782 de
945 727 1266 796 quibusdam
1300 727 1422 780 aliis
1454 728 1613 782 rebus
1642 728 1853 782 modica
1879 737 2024 782 esset
2050 744 2180 782 con-

598 819 891 882 troversia,
941 819 1127 872 statim
1176 827 1364 872 mutuo
1395 820 1544 888 pacis
1592 819 1782 873 osculo
1809 833 1868 873 se
1912 820 2177 890 complexi

603 919 750 974 sunt,
776 909 843 964 de
868 910 970 963 hoc
998 910 1176 978 capite
1205 926 1311 965 non
1342 926 1670 980 magnopere
1695 911 1841 966 inter
1873 927 1932 966 se
1955 923 2180 968 eoaten-

601 1002 817 1057 dentes.
861 1001 1047 1072 Neque
1072 1003 1216 1056 enim
1241 1003 1502 1057 Anicetus
1525 1001 1826 1073 Polycarpo
1853 1006 2181 1073 persuadere

600 1109 842 1164 unquam
878 1103 1092 1164 poterat
1125 1103 1181 1146 ut
1209 1093 1505 1148 observare
1525 1095 1823 1163 desineret,
1862 1097 2060 1167 quippe
2087 1100 2178 1168 qui

603 1202 726 1243 cum
757 1184 966 1243 Joanne
1001 1187 1210 1242 Domini
1267 1188 1438 1242 nostri
1472 1187 1762 1258 discipulo,
1793 1198 1999 1244 etcum
2048 1191 2180 1245 reli-

599 1280 729 1350 quis
754 1279 1015 1348 apostolis
1055 1280 1377 1350 quibuscum
1421 1280 1762 1336 familiariter
1793 1281 2025 1348 vixerat,
2055 1297 2178 1337 eum

608 1390 814 1428 rnorem
849 1383 1108 1443 perpetuo
1134 1375 1498 1428 observasset.
1539 1372 1724 1443 Neque
1755 1375 1881 1428 item
1920 1373 2178 1445 Polycar-

603 1480 707 1535 pus
732 1466 954 1519 Aniceto
984 1467 1308 1534 persuadere
1334 1476 1559 1519 conatus
1598 1472 1682 1518 est
1718 1478 1777 1518 ut
1809 1464 2128 1519 observaret
2162 1507 2177 1529 ,

600 1570 728 1608 cum
759 1555 1017 1608 Anicetus
1062 1568 1248 1607 eorum
1282 1554 1373 1623 qui
1405 1562 1532 1606 ante
1562 1567 1621 1606 se
1662 1550 1878 1606 fuerant
1912 1554 2183 1624 presbyte-

607 1661 791 1699 rorum
853 1659 1055 1698 morem
1093 1643 1192 1697 sibi
1246 1641 1591 1697 retinendum
1640 1657 1761 1698 esse
1797 1643 2021 1698 diceret.
2052 1642 2180 1709 Quae

602 1752 726 1792 cum
765 1737 837 1791 ita
869 1752 930 1790 se
965 1736 1250 1798 baberent,
1281 1735 1756 1789 communicarunt
1779 1735 1881 1789 sibi
1912 1735 2171 1789 invicem:

2283 551 2561 622 λύκαρπον
2587 553 2770 604 πεῖσαι
2803 551 3022 604 ἐδύνατο
3051 552 3123 622 μὴ
3150 555 3356 623 τηρεῖν,
3382 552 3474 605 ἆτε
3503 550 3672 623 μετὰ
3724 551 3909 603 Ἰωάν-

2283 660 2374 694 νου
2406 641 2498 695 τοῦ
2537 641 2780 713 μαθητοῦ
2814 643 2906 696 τοῦ
2948 644 3150 716 Κυρίου
3179 644 3358 716 ἡμῶν,
3384 647 3478 698 καὶ
3525 643 3658 697 τῶν
3698 643 3908 697 λοιπῶν

2285 731 2600 784 ἀποστόλων
2613 728 2692 795 οἷς
2711 733 3096 805 συνδιέτριψεν,
3125 735 3209 788 ἀεὶ
3224 737 3617 808 τετηρηκῦτα,
3639 734 3780 787 οὔτε
3805 736 3910 805 μὴν

2282 825 2310 875 ό
2340 821 2694 893 Πολύκαρπος
2725 823 2816 876 τὸν
2860 824 3136 894 Ἀνίκητον
3168 824 3350 878 ἔπεισε
3395 830 3631 897 τηρεῖν,
3670 825 3908 894 λέγοντα

2281 911 2379 981 τὴν
2415 913 2699 984 συνήθειαν
2730 912 2838 965 τῶν
2884 912 2985 982 πρὸ
3011 913 3173 966 αὐτοῦ
3211 914 3624 987 πρεσϐυτέρων
3658 914 3908 984 ὀφείλειν

2282 1004 2548 1073 κατέχειν.
2588 1003 2696 1055 Καὶ
2734 1002 2938 1056 τούτων
2977 1002 3148 1066 οὕτως
3190 1004 3440 1074 ἐχόντων,
3491 1004 3908 1075 ἐκοινώνησαν

2282 1096 2494 1159 ἑαυτοῖς
2510 1113 2523 1126 ο
2548 1095 2643 1148 καὶ
2667 1097 2722 1148 ἐν
2739 1098 2804 1165 τῇ
2845 1095 3140 1167 Ἐκκλησία
3159 1095 3566 1168 παρεχώρησεν
3593 1098 3627 1148 ὁ
3680 1097 3910 1169 Ἀνίκη-

2279 1203 2372 1248 τος
2401 1186 2498 1256 τὴν
2512 1186 2878 1256 Εὐχαριστίαν
2906 1185 3015 1256 (89)
3047 1187 3124 1258 τῷ
3144 1187 3510 1258 Πολυκάρπῳ,
3551 1188 3694 1240 κατ’
3719 1188 3908 1259 ἐντρο-

2283 1278 2390 1348 πὴν
2422 1277 2684 1347 δηλονότι,
2718 1277 2813 1330 καὶ
2854 1277 2969 1349 μετ’
3004 1279 3223 1350 εἰρήνης
3267 1279 3361 1332 ἀπ’
3409 1279 3687 1350 ἀλλήλων
3725 1278 3908 1348 ἀπηλ-

2280 1368 2546 1438 λάγησαν,
2601 1367 2779 1437 πάσης
2824 1368 2921 1437 τῆς
2977 1368 3304 1438 Ἐκκλησίας
3353 1372 3595 1441 εἰρήνην
3652 1368 3910 1438 ἐχόντων

2280 1461 2388 1512 τῶν
2424 1460 2733 1531 τηρούντων
2762 1460 2853 1512 καὶ
2890 1459 2963 1532 μὴ
2991 1461 3319 1533 τηρούντων.
3354 1482 3372 1514 ι
3418 1464 3529 1515 Καὶ
3574 1464 3609 1514 ό
3657 1461 3773 1531 μὲν
3808 1462 3905 1514 Εἰ-

2285 1553 2504 1623 ρηναῖος
2531 1550 2852 1622 φερώνυμός
2883 1569 2966 1615 τις
3001 1550 3075 1605 ὢν
3119 1555 3183 1624 τῇ
3221 1555 3602 1626 προσηγορίᾳ,
3642 1552 3812 1622 αὐτῷ
3845 1569 3905 1607 τε

2280 1645 2360 1716 τῷ
2387 1645 2570 1717 τρόπῳ
2586 1646 2944 1719 εἰρηνοποιὸς,
2971 1646 3190 1700 τοιαῦτα
3209 1649 3347 1720 ὑπὲρ
3363 1649 3460 1719 τῆς
3483 1649 3610 1702 τῶν
3654 1646 3901 1716 Ἐκκλη-

2284 1731 2414 1784 σιῶν
2457 1735 2678 1804 εἰρήνης
2724 1734 3025 1804 παρεκάλει
3057 1753 3116 1789 τε
3165 1737 3256 1789 καὶ
3301 1737 3678 1810 ἐπρέσϐευεν.
3737 1738 3799 1790 Ὀ
3857 1736 3902 1789 δ’

614 1838 668 1883 et
695 1828 952 1882 Anicetus
1001 1827 1054 1882 in
1091 1827 1334 1882 Ecclesia
1388 1826 1743 1881 consecrandi
1794 1841 1990 1879 munus
2027 1825 2170 1897 Poly-

2287 1825 2451 1888 αὐτὸς
2498 1826 2558 1878 οὐ
2595 1825 2740 1896 μόνῳ
2773 1825 2852 1879 τῶ
2897 1827 3136 1899 Βίκτορι,
3173 1829 3268 1882 καὶ
3292 1829 3578 1902 διαφέροις
3625 1829 3693 1884 δὲ
3739 1829 3898 1882 πλεί-

605 1935 771 1989 carpo
803 1921 1027 1975 honoris
1079 1935 1243 1975 causa
1303 1919 1620 1974 concessit:
1681 1916 2006 1986 tandemque
2058 1933 2170 1972 cum

2286 1935 2433 1981 στοις
2459 1917 2714 1990 ἄρχουσιν
2732 1917 3086 1991 Ἐκκλησιῶν,
3115 1919 3184 1972 τὰ
3217 1920 3526 1994 κατάλληλα
3547 1921 3631 1974 δι’
3664 1921 3901 1972 ἐπιστο-

605 2027 737 2081 pace
767 2027 796 2065 a
828 2026 885 2066 se
924 2012 1153 2065 invicem
1177 2011 1550 2065 discesserunt
1577 2027 1588 2062 :
1630 2017 1737 2062 tam
1781 2009 1846 2062 iis
1873 2008 1964 2078 qui
1994 2007 2170 2063 observ

2281 2008 2388 2064 λῶν
2418 2011 2547 2082 περὶ
2576 2011 2669 2064 τοῦ
2713 2013 3069 2084 κεκινημένου
3109 2014 3418 2084 ζητήματος
3447 2013 3686 2084 ὡμίλει.

609 2101 825 2166 vabant,
890 2117 1052 2171 quam
1091 2102 1195 2157 illis
1253 2103 1342 2172 qui
1381 2102 1604 2156 minime
1639 2101 2030 2167 observabant,
2062 2115 2244 2170 pacem
2284 2105 2832 2171 communionemque
2886 2107 3051 2161 totius
3097 2106 3353 2161 Ecclesiae
3411 2106 3831 2162 retinentibus.
3871 2123 3889 2157 ι

606 2195 683 2250 Ac
713 2193 947 2248 lrenaens
979 2194 1193 2262 quidem
1226 2193 1431 2247 nomini
1491 2208 1590 2247 suo
1645 2207 1772 2247 vere
1811 2193 2147 2260 respondens
2174 2231 2190 2258 ,
2229 2205 2328 2247 nec
2365 2194 2480 2247 solo
2509 2195 2748 2262 nomine,
2811 2197 2905 2250 sed
2935 2197 3099 2250 etiam
3135 2197 3260 2250 vita:
3294 2197 3540 2252 instituto
3578 2210 3654 2249 ac
3682 2209 3894 2265 propo-

598 2287 709 2342 sito
741 2286 1018 2358 paciﬁcus,
1063 2303 1160 2357 pro
1191 2288 1550 2342 Ecclesiarum
1613 2301 1748 2358 pace
1775 2286 1890 2343 lucc
1923 2287 2132 2341 monuit
2193 2295 2248 2343 et
2285 2288 2560 2355 allegavit.
2599 2289 2709 2345 Nec
2739 2305 2868 2345 vero
2895 2290 2964 2344 ad
3008 2291 3166 2364 194
3213 2289 3481 2346 Victorem
3531 2291 3759 2357 solum,
3795 2291 3892 2344 sed

598 2378 668 2433 ad
708 2379 905 2434 multos
940 2379 1076 2432 alios
1108 2377 1468 2431 Ecclesiarum
1489 2377 1763 2433 antistites
1786 2377 1852 2432 de
1875 2378 2174 2448 quaestione
2211 2379 2494 2448 proposita
2524 2379 2732 2435 litteras
2759 2380 2811 2434 in
2839 2381 3082 2436 eamdem
3110 2383 3434 2437 sententiam
3463 2383 3644 2438 misit.

1165 2473 1391 2528 CAPUT
1431 2471 1597 2531 XXV.

602 2565 881 2634 Quomodo
903 2567 1074 2621 cuncti
1125 2567 1180 2619 in
1212 2582 1368 2617 unam
1399 2567 1714 2645 sententiam
1750 2564 1814 2618 de
1839 2565 1923 2619 die
1953 2563 2172 2619 Pascha:

1199 2644 1553 2688 convenerint.

674 2729 925 2799 Episc0pi
957 2744 1090 2783 vero
1116 2726 1411 2786 Palaestina:
1433 2742 1570 2798 quos
1602 2726 1760 2797 paulo
1785 2742 1946 2798 supra
1972 2741 2170 2782 memo-

603 2822 867 2885 ravimus,
895 2819 1182 2874 Narcissus
1227 2821 1437 2875 scilicet
1467 2829 1521 2875 et
1550 2819 1882 2888 Theophilus
1911 2859 1927 2884 ,
1959 2831 2014 2874 et
2048 2836 2168 2874 cum

603 2912 708 2966 illis
732 2912 952 2966 Cassius
982 2910 1134 2982 Tyri,
1157 2921 1211 2966 et
1234 2912 1426 2966 Clarus
1461 2912 1808 2967 Ptolemaidis
1825 2912 2089 2982 episcopi,
2117 2923 2173 2967 et

601 3005 693 3074 qui
729 3005 886 3058 simul
920 3020 1040 3059 cum
1070 3005 1200 3073 ipsis
1223 3016 1614 3068 convenerant,
1643 3015 1930 3076 postquam
1957 3007 2022 3062 tle
2059 3015 2170 3059 tra-

603 3097 808 3166 ditione
839 3095 942 3149 diei
979 3096 1278 3161 l’asohalis,
1307 3113 1426 3166 quze
1454 3097 1564 3166 jam
1623 3099 1746 3152 inde
1799 3099 1866 3152 ab
1904 3098 2171 3168 apostolis

2779 2476 3173 2530 ΚΕΦᾹΛΛῘΟΝ
3215 2479 3342 2532 ΚΕ’.

2285 2569 2482 2635 Ὅπως
2505 2568 2624 2635 τοῖς
2647 2567 2797 2623 πᾶσι
2823 2571 2933 2638 μία
2950 2568 3154 2640 ψῆφος
3186 2570 3319 2638 περὶ
3346 2569 3449 2624 τοῦ
3478 2571 3717 2640 Πάσχα
3733 2587 3884 2624 σνν-

2663 2640 2935 2709 εφωνήθη
2962 2639 3178 2711 (Nich.
3209 2640 3273 2695 E.
3313 2657 3384 2706 Iv,
3419 2641 3530 2711 3G).

2346 2731 2414 2784 U't'
2437 2748 2500 2801 γε
2529 2732 2634 2804 μὴν
2659 2731 2751 2784 ἐπὶ
2785 2732 3147 2804 Παλαιστίνης
3186 2731 3278 2796 οὓς
3313 2733 3512 2805 ἀρτίως
3541 2733 3881 2805 διεληλύθα-

2282 2840 2401 2894 μεν’
2440 2825 2468 2876 ὃ
2498 2841 2558 2876 τε
2596 2825 2906 2896 Νάρκισσος
2945 2825 3036 2878 καὶ
3082 2824 3357 2893 θεόφιλος,
3405 2826 3498 2878 καὶ
3543 2827 3652 2879 σὺν
3689 2826 3877 2886 αὐτοῖς

2278 2916 2519 2978 Κάσσιος
2543 2915 2642 2985 τῆς
2671 2915 2814 2968 κατὰ
2841 2915 3015 2987 Τύρον
3059 2915 3382 2986 Ἐκκλησίας
3410 2915 3742 2979 ἐπίσκοπος,
3783 2916 3876 2967 καὶ

2279 3007 2493 3078 Κλάρος
2520 3007 2617 3078 τῆς
2644 3010 2700 3060 ἐν
2733 3008 3078 3079 Πτολεμαΐδι,
3109 3008 3161 3061 οἴ
3199 3025 3256 3061 τε
3296 3009 3436 3062 κατὰ
3465 3009 3684 3062 τούτων
3745 3026 3870 3061 συν-

2277 3098 2592 3170 εληλυθότες
2628 3100 2871 3171 περὶτῆς
2903 3099 3264 3170 κατελθούσης
3304 3103 3381 3164 εἰς
3413 3102 3612 3164 αὐτοὺς
3650 3103 3719 3154 ἐκ
3752 3099 3870 3152 δια-

538 3222 552 3234 -
603 3191 668 3243 ad
696 3191 842 3259 ipsos
867 3190 1124 3244 continua
1155 3190 1500 3246 successione
1551 3201 1886 3253 manaverat,
1919 3192 2082 3248 multa
2116 3193 2167 3246 in

2281 3190 2443 3261 δοχῆς
2483 3190 2590 3242 τῶν
2638 3191 2949 3244 ἀποστόλων
2987 3193 3110 3264 περὶ
3140 3191 3234 3244 τοῦ
3270 3193 3459 3262 Πάσχα
3504 3192 3868 3264 παραδόσεως

599 3281 715 3334 suis
741 3280 938 3334 litteris
964 3281 1359 3344 disseruerunt,
1399 3281 1611 3334 tandem
1635 3281 1703 3335 ad
1732 3282 1896 3336 linem
1929 3283 2171 3353 epistolae

603 3373 688 3428 bis
719 3382 946 3426 utuntur
976 3373 1159 3427 verbis
1189 3392 1200 3427 :
1234 3391 1253 3424 ι
1292 3373 1424 3428 Date
1461 3389 1682 3443 operam
1723 3383 1781 3428 ut
1809 3375 2051 3445 epistola:
2076 3391 2171 3430 no-

601 3475 726 3518 stra:
757 3463 1086 3534 exemplaria
1114 3479 1210 3533 per
1236 3479 1427 3519 omnes
1457 3465 1731 3520 Ecclesias
1763 3466 2070 3529 mittantur,
2100 3482 2168 3520 ne

600 3555 761 3608 nobis
790 3554 996 3608 crimen
1024 3555 1290 3623 imputent
1319 3553 1409 3623 qui
1444 3555 1653 3609 animas
1684 3569 1808 3608 suas
1849 3569 1878 3608 a
1911 3563 2057 3609 recto
2081 3570 2171 3609 ve-

601 3648 779 3702 ritatis
841 3649 1056 3702 tramite
1104 3647 1261 3701 facile
1318 3647 1618 3701 abducunt.
1659 3645 1789 3700 Illud
1821 3647 1984 3700 etiam
2019 3648 2172 3700 vobis

602 3740 1014 3810 signiﬁcamus,
1074 3742 1264 3794 eodem
1329 3756 1436 3809 quo
1478 3739 1618 3808 apud
1671 3753 1768 3793 nos
1821 3737 1908 3792 die
1965 3723 2170 3792 Pascha

602 3833 948 3892 Alexandria:
973 3833 1257 3888 celebrari.
1293 3833 1336 3886 A
1370 3832 1525 3888 nobis
1555 3830 1699 3886 enim
1735 3831 1802 3886 ad
1839 3830 1979 3894 illos,
2010 3841 2063 3885 et
2090 3831 2170 3884 vi-

602 4025 654 4079 Μ
689 4037 794 4077 non
829 4021 978 4085 dicit,
1005 4021 1110 4075 nisi
1137 4020 1273 4074 forte
1301 4035 1367 4074 ex
1399 4020 1647 4072 versione
1675 4019 2169 4087 Christephorsooi.

602 4095 713 4149 ΙΙυο
738 4103 944 4146 tantum
1000 4095 1073 4144 ait
1126 4092 1377 4150 Irenaztts,
1409 4106 1530 4145 cum
1584 4089 1912 4160 Polycarpns
1947 4091 2170 4142 Romam

601 4165 836 4218 venisset
874 4162 1083 4214 Aniceti
1119 4161 1542 4228 tetnporibus,ct
1581 4160 1722 4213 leves
1762 4162 2018 4226 quasdam
2051 4177 2169 4210 rum

602 4236 691 4288 illo
731 4235 798 4286 de
839 4233 958 4284 aliis
1004 4230 1166 4283 rebus
1216 4230 1616 4282 controversias
1653 4230 1945 4287 habuisset.
1981 4233 2172 4282 ambos

604 4316 781 4357 tamen
812 4302 956 4354 illico
988 4315 1171 4368 parcent
1202 4300 1342 4352 inter
1367 4315 1424 4353 se
1467 4298 1681 4362 fecisse,
1715 4315 1777 4351 ac
1803 4300 1868 4352 de
1899 4300 2036 4352 festo
2071 4300 2171 4352 l’a-

600 4379 746 4428 St'lttl’.
801 4367 1040 4424 noluissi:
1073 4370 1214 4422 inter
1254 4384 1311 4421 se
1358 4370 1709 4422 contcmlere.
1744 4367 1860 4421 Non
1914 4371 2074 4437 igitur
2100 4373 2170 4423 ob

599 4444 949 4511 qua’slioncnt
986 4442 1050 4493 de
1081 4443 1216 4496 lcslo
1245 4438 1485 4501 Pasrha',
1513 4440 1605 4492 sed
1638 4439 1878 4511 pbpttlias
1908 4442 2168 4507 quasdam

599 4509 998 4566 controversias
1048 4511 1270 4565 Βιιιιιιιιιι
1335 4519 1562 4563 venerat
1638 4509 1981 4579 l’olycarpns.
2044 4513 2168 4563 Sirio

601 4583 987 4647 Hieronymum
1021 4583 1071 4633 in
1105 4581 1238 4633 libro
1279 4579 1352 4633 De
1380 4581 1560 4647 script.
1606 4578 1759 4640 εεσίζ,
1801 4578 2014 4632 Βιιιοίιίἰ
2045 4599 2167 4632 scu-

601 4654 823 4706 tentiant
875 4655 1224 4705 coulirtnare.
1271 4650 1360 4704 Sic
1417 4652 1560 4706 enim
1603 4651 1677 4719 ait
1713 4652 1778 4702 de
1831 4649 2166 4719 l’olycarpo:

601 4722 706 4777 Hic
733 4735 944 4793 propter
985 4721 1430 4793 quasdamsupfr
1469 4723 1560 4793 ilic
1613 4718 1827 4773 Prisc/uc
1857 4718 2168 4793 quu'stiones

600 4796 694 4848 sub
727 4789 852 4860 imp.
885 4794 1150 4845 Antonino
1187 4789 1306 4850 I’io,
1350 4789 1642 4843 Ecclesium
1697 4800 1897 4856 regente
1930 4792 2168 4856 Anicato,

602 4861 823 4917 Romam
850 4866 1002 4918 venit.
1046 4862 1121 4913 ita
1158 4862 1317 4912 etiam
1357 4862 1620 4914 Eusebius
1652 4871 1836 4912 noster
1875 4862 1924 4916 in
1960 4863 2054 4916 lib.
2092 4877 2165 4925 tv,

601 4950 719 5001 cap.
758 4935 812 4986 4.
859 4936 966 4987 Sed
1015 4947 1135 4984 cum
1174 4931 1534 5001 Hieronymus
1571 4931 1621 4984 id
1657 4946 1721 4983 ex
1766 4931 1992 4983 Eusebio
2017 4948 2166 4984 smn-

598 4999 767 5072 pserit
795 5043 809 5068 ,
852 5003 1112 5056 Eusebius
1165 5017 1346 5072 attiem
1382 4999 1464 5054 ἐλ
1515 4999 1734 5062 Irenaeo,
1790 5001 2164 5072 inquiretnlnm

598 5070 680 5129 est
719 5089 747 5126 a
781 5074 963 5132 nobis,
994 5088 1097 5125 non
1134 5071 1261 5137 quid
1291 5072 1552 5126 Eusebius
1580 5072 1776 5124 dixerit
1810 5089 1872 5125 ac
1905 5070 2168 5142 llierony-

596 5159 738 5206 tntis,
771 5146 861 5197 sed
891 5143 1068 5208 potius
1108 5144 1235 5209 quid
1275 5143 1498 5194 senserit
1537 5142 1786 5194 Ircna-us.

667 5215 777 5284 (89)
817 5211 1246 5281 Παρεχώρησεν
1297 5215 1328 5265 ό
1392 5212 1688 5279 Ἀνίκητος
1752 5211 2166 5284 τὴν-Εὐχάρι-

597 5281 794 5338 enim".
829 5284 980 5337 llunc
1029 5287 1285 5336 honorem
1317 5287 1574 5335 Anicetus
1620 5284 1854 5349 pontifex
1890 5281 2166 5335 ltotrianus

597 5355 788 5409 babnit
819 5355 1114 5408 venerabili
1147 5356 1261 5407 seni
1287 5353 1604 5423 l’olycarpo,
1647 5364 1699 5404 nt
1725 5355 1872 5404 illmn
1904 5358 1954 5405 in
1981 5354 2166 5405 Eccle-

595 5425 676 5478 sia
718 5441 870 5479 sacra
923 5426 1102 5477 facere
1144 5427 1363 5482 sineret.
1391 5434 1440 5477 ct
1509 5424 1722 5492 quidem
1773 5433 2036 5492 praesente
2079 5439 2160 5487 se,

596 5498 739 5562 quod
773 5498 828 5549 in
853 5497 1044 5564 primis
1089 5499 1382 5548 notandmn
1412 5503 1513 5546 est.
1561 5496 1650 5547 Sic
1695 5493 1880 5547 lrcnaci
1909 5497 2072 5564 VL‘lilIl
2109 5504 2163 5547 et

599 5566 826 5620 Itulinns
855 5563 909 5620 et
933 5565 1109 5618 cazteri
1132 5568 1456 5633 interpretes
1485 5573 1826 5632 acceperunt.
1853 5565 1957 5618 Sed
1989 5563 2161 5616 Fran-

595 5641 772 5690 ciscus
791 5637 1038 5700 Florens,
1057 5647 1366 5690 autecessor
1399 5635 1822 5698 Aurelianensis,
1841 5639 1919 5688 vir
1947 5641 2158 5699 doctus,

595 5717 645 5758 et
674 5708 832 5761 nobis
865 5709 989 5759 dum
1021 5708 1154 5760 vixit
1179 5706 1577 5767 amicissimus,
1620 5705 1732 5760 hazc
1767 5706 1948 5759 Irenaci
1994 5710 2159 5759 verba

593 5775 754 5833 aliter
777 5777 1115 5848 intelligenda
1146 5795 1266 5835 esse
1308 5778 1584 5835 contendit
1613 5776 1665 5832 in
1713 5786 1946 5833 tractatu
1976 5780 2042 5832 ad
2090 5777 2158 5831 ti-

2277 3281 2498 3334 πλεῖστα
2531 3282 2881 3353 διειληφότες,
2925 3284 3066 3337 κατὰ
3093 3285 3151 3336 τὸ
3183 3283 3331 3348 τέλος
3373 3285 3471 3355 τῆς
3501 3285 3738 3357 γραφῆς
3769 3283 3868 3336 αὐ-

2275 3371 2385 3432 τοῖς
2415 3371 2651 3440 ῥήμασιν
2683 3372 2988 3440 ἐπιλέγουσι
3033 3372 3201 3425 ταῦτα
3223 3389 3235 3402 ·
3277 3392 3293 3423 ι
3337 3374 3448 3443 Τῆς
3478 3374 3521 3426 δ’
3565 3373 3864 3443 ἐπιστολῆς

2275 3462 2432 3531 ἡμῶν
2461 3461 2754 3534 πειράθητε
2789 3465 2930 3517 κατὰ
2965 3466 3143 3518 πᾶσαν
3190 3465 3514 3536 Ἐκκλησίαν
3542 3467 3866 3536 ἀντίγραφα

2275 3554 2701 3624 διαπέμψασθαι,
2756 3558 2903 3621 ὅπως
2957 3559 3030 3629 μὴ
3085 3559 3255 3630 ἔνοχοι
3299 3553 3448 3628 ὦμεν
3493 3563 3608 3621 τοῖς
3662 3559 3865 3630 ῥαδίως

2279 3645 2554 3698 πλανὼσιν
2593 3647 2801 3700 ἑαυτῶν
2836 3648 2932 3712 τὰς
2969 3650 3165 3720 ψυχάς.
3199 3650 3478 3722 Δηλοῦμεν
3518 3653 3572 3705 δὲ
3619 3654 3753 3723 ὑμῖν
3782 3652 3862 3704 ὅτι

2278 3742 2343 3810 τῇ
2377 3740 2512 3810 αὐτῇ
2547 3740 2728 3811 ἡμέρᾳ.
2762 3742 2854 3794 καὶ
2897 3743 2953 3794 ὲν
3000 3742 3368 3815 Ἀλεξανδρεία
3415 3744 3665 3813 ἄγουσιν,
3716 3739 3860 3817 ᾗπερ

2279 3830 2373 3885 καὶ
2402 3832 2579 3901 ἡμεῖς.
2612 3833 2748 3904 Παρ’
2803 3833 2957 3904 ἡμῶν
2987 3833 3095 3904 γὰρ
3125 3834 3194 3886 τὰ
3231 3835 3532 3905 γράμματα
3559 3837 3675 3904 (90)
3705 3835 3859 3906 κομί-

2279 4018 2445 4071 tulum
2478 4017 2509 4070 7
2541 4017 2899 4071 Dccretalinm
2936 4019 3008 4071 De
3045 4019 3393 4070 translatione
3436 4018 3688 4082 episcopi.
3732 4016 3852 4066 Vult

2275 4089 2416 4141 enim
2468 4089 2752 4141 Anicetum
2802 4090 3109 4156 porrexisse
3155 4090 3415 4140 dumtaxat
3453 4087 3848 4140 Eucharistiant

2274 4159 2594 4228 l‘olycarpo.
2633 4173 2735 4228 non
2802 4169 2979 4210 autent
3045 4160 3379 4212 concessisse
3421 4158 3492 4209 illi
3537 4156 3627 4222 jus
3695 4171 3847 4209 sacra

2275 4227 2529 4299 mysteria
2567 4227 2893 4281 celebrandi.
2930 4229 3122 4281 Vermn
3177 4231 3220 4282 si
3279 4230 3416 4281 lnmc
3455 4229 3639 4299 trctari
3672 4228 3844 4299 Ιρισιιιιι

2274 4297 2346 4351 ita
2381 4297 2752 4364 intelligimus,
2782 4299 2910 4365 quid
2948 4299 3172 4352 honoris
3211 4299 3470 4351 tributum
3497 4297 3655 4352 luerit
3687 4297 3847 4364 Poly-

2272 4384 2433 4436 Carpo
2459 4371 2525 4422 ab
2552 4369 2777 4421 Aniceto
2802 4370 2823 4421 ?
2847 4368 2957 4420 lluc
2986 4372 3128 4421 enim
3179 4373 3380 4422 diserte
3416 4378 3562 4420 notat
3591 4367 3840 4426 liena-us,

2277 4451 2388 4490 lllttt
2428 4440 2517 4492 illo
2555 4439 2718 4491 verbo
2749 4437 3131 4510 παρεχώρησε,
3162 4442 3302 4509 quod
3332 4443 3397 4491 de
3439 4453 3534 4491 suo
3562 4437 3683 4502 jure
3714 4452 3845 4510 cou-

2274 4511 2467 4562 cedcre
2535 4510 2795 4574 signiﬁcat
2834 4509 2855 4573 7;
2905 4509 3014 4561 tuin
3067 4513 3168 4563 illis
3231 4512 3412 4562 verbis
3475 4523 3595 4576 qum
3657 4509 3840 4568 addit,

2271 4581 2390 4632 κατ’
2419 4580 2684 4650 ἐντροπὴν
2716 4578 2977 4647 δηλονότι,
3015 4579 3067 4633 Id
3093 4591 3193 4643 est,
3220 4582 3434 4633 honoris
3453 4596 3624 4650 constt
3646 4590 3691 4632 et
3722 4593 3841 4650 con.

2273 4648 2734 4719 templatione,‘ut
2762 4655 2921 4704 vertit
2980 4651 3226 4703 Rulinus.
3290 4651 3448 4702 Certe
3499 4651 3541 4701 si
3587 4648 3841 4703 Euchari-

2271 4718 2427 4774 stiam
2471 4730 2675 4774 tantum
2725 4718 3020 4790 Polycarpo
3059 4721 3689 4790 perrexissetAnicetus,
3727 4719 3841 4770 nul-

2272 4791 2377 4843 lllllt
2401 4793 2447 4844 ci
2482 4790 2804 4858 praecipuum
2825 4795 3079 4844 honorem
3105 4793 3407 4851 detulisset,
3439 4807 3557 4842 cmn
3583 4791 3824 4841 onmibus

2270 4863 2569 4930 peregrinis
2626 4864 2892 4929 episcopis
2951 4863 3000 4915 id
3064 4862 3264 4929 passim
3310 4862 3472 4912 tribui
3521 4860 3737 4920 soleret,
3781 4869 3832 4908 ut

2269 4929 2689 5000 cum’episcopo
2753 4932 2993 4984 civitatis
3102 4929 3262 4981 simul
3333 4934 3830 4985 c.tumnnicart-ut.

2268 5005 2716 5068 quemadmodum
2763 5003 2949 5054 scribit
2990 5003 3101 5071 ipse
3127 5000 3354 5054 Florcns
3397 5002 3616 5054 ibidem.
3649 5003 3750 5054 Sed
3782 5008 3832 5047 ct

2271 5071 2321 5122 in
2352 5072 2586 5124 concilio
2613 5072 2938 5135 Arelatensi,
2973 5075 3151 5140 capite
3198 5072 3286 5135 50,
3323 5075 3601 5124 decretum
3643 5082 3750 5133 est,
3780 5076 3832 5118 ut

2268 5143 2552 5210 peregrino
2579 5142 2831 5207 episcopo
2860 5142 3006 5195 locus
3035 5141 3376 5194 sacriﬁcandi
3415 5145 3591 5196 detur.

2339 5209 2450 5278 (90;
2491 5210 2642 5280 Vulg.
2674 5209 2992 5279 παρ’ήμῶν
3008 5211 3076 5264 δὲ
3107 5213 3176 5266 τὰ
3209 5211 3532 5281 πράμματα.
3561 5212 3648 5263 Sic
3666 5225 3726 5262 ex
3746 5223 3830 5260 co-

2267 5282 2383 5336 dice
2413 5281 2578 5349 licgio
2595 5284 2760 5334 edidit
2787 5281 2922 5335 ltob.
2951 5285 3278 5346 Stephanus.
3307 5287 3359 5335 lo
3381 5287 3563 5335 codice
3587 5283 3828 5333 Medicago

2267 5353 2499 5423 legitur,
2532 5351 2845 5423 παρ’ἡμῶν
2897 5369 2954 5404 τε
3007 5352 3078 5405 τὰ
3122 5354 3447 5423 γράμματα.
3504 5351 3825 5423 Nicephorus

2264 5415 2391 5474 vero
2421 5415 2494 5474 ini
2535 5415 2652 5490 cap.
2677 5415 2746 5477 5'6
2807 5423 2927 5475 libri
2975 5439 3025 5475 tv
3069 5415 3248 5484 habet,
3279 5415 3406 5492 παρ’
3437 5420 3592 5492 ἡμῶν
3622 5415 3736 5492 γὰρ,
3763 5415 3824 5467 τὰ

2265 5493 2584 5563 γράμματα,
2605 5489 2784 5562 atque
2811 5494 2888 5546 ita
2918 5495 3090 5547 codex
3119 5489 3603 5554 .llazarinits,'l"uk.
3635 5505 3683 5543 et
3709 5489 3821 5563 ξων.

2264 5561 2637 5629 intelliguntur
2664 5561 2842 5618 autem
2873 5565 2959 5626 hic
2999 5565 3191 5618 littera:
3227 5565 3693 5630 Paschales,quas
3716 5561 3824 5625 ἐορ·

2261 5635 2522 5698 ταστικάς
2549 5637 2835 5688 vocabant.
2863 5638 3127 5689 (ia-terum
3162 5637 3276 5702 ejus
3303 5635 3491 5704 synodi
3533 5632 3821 5704 Utcsat'lclt-

2262 5706 2336 5758 sis
2383 5697 2512 5758 acta
2550 5708 2793 5774 quaadam
2825 5716 3038 5759 exstant
3081 5697 3221 5772 apud
3269 5697 3465 5756 nam...
3495 5704 3545 5754 in
3574 5703 3731 5774 libre
3756 5697 3822 5750 In

2267 5776 2464 5844 vernali
2497 5771 2831 5846 a'q'uinocliq
2865 5792 2984 5848 quae
3018 5771 3143 5832 licet
3184 5792 3212 5831 tt
3253 5774 3520 5829 nonnullis
3551 5771 3816 5840 illcgitima
