4112 6428
146 360 257 414 513
1225 364 1566 421 HISTORIA)
1606 363 2163 420 ECCLESIASTICE
2205 365 2334 421 LIB.
2377 364 2443 421 V.
3347 375 3450 429 5H

144 477 251 548 χῆς
293 477 413 533 ὑπὸ
443 483 682 537 πιστῶν
716 486 1004 556 γραφεῖσαι
1034 484 1166 554 (99),
1200 485 1290 539 τὸν
1326 486 1497 554 Λόγον
1516 486 1609 539 τοῦ
1644 485 1764 538 Θεοί

1884 488 2005 557 quis
2035 497 2118 542 est
2149 491 2240 556 qui
2267 489 2476 558 ignoret
2505 527 2521 554 ,
2556 489 2609 543 in
2639 492 2836 560 quibus
2865 491 3140 548 Christum
3177 495 3343 551 Deum
3375 502 3450 553 si-

140 569 239 620 τὸν
288 571 558 638 Χριστὸν
607 575 838 647 ὑμνοῦσι
879 575 1268 646 θεολογυῦντες.
1312 577 1436 641 Πῶς
1467 574 1556 632 οὖν
1596 580 1659 630 ἐκ
1691 596 1764 631 το-

1882 578 1993 633 mul
2039 588 2200 648 atque
2248 579 2520 634 hominem
2558 581 2964 650 praedicarunt?
2999 583 3199 638 Psalmi
3233 602 3448 659 quoque

144 661 372 716 σούτων
423 664 588 718 ἐτων
639 667 1136 739 καταγγελλομένου
1176 670 1270 723 τοῦ
1318 671 1764 742 ἐκκλησιαστικοῐ

1880 683 1933 726 et
1960 672 2171 726 cantica
2199 671 2429 726 fratrum
2475 672 2588 742 jam
2620 673 2826 742 pridem
2856 689 2885 728 a
2929 675 3180 732 ﬁdelibus
3209 681 3450 734 conscri-

144 755 555 826 φρονήματος,
621 759 889 831 ἐνδέχεται
930 761 1057 824 τοὺς
1105 761 1265 834 μέχρι
1316 763 1573 834 Βίκτορος
1603 763 1764 828 οὕτως

1878 772 1969 832 pta
1997 802 2012 829 ,
2045 761 2320 818 Christum
2355 762 2584 818 Verbum
2618 764 2710 818 Dei
2737 764 3140 834 concelebrant,
3194 768 3450 824 divinita-

147 843 227 906 ὡς
256 838 416 898 οὗτοι
452 844 720 915 λέγουσι,
749 850 1146 922 κεκηρυχέναι;
1174 853 1289 916 πῶς
1307 852 1364 906 δὲ
1386 853 1484 906 οὐκ
1504 853 1764 908 αἰδοῦνται

1879 865 1986 910 tem
2020 856 2067 911 ei
2101 856 2409 910 tribuendo.
2442 855 2574 910 Cum
2605 855 2769 926 igitur
2817 865 2894 911 tot
2929 857 3310 926 abhincannis
3354 875 3447 916 ec-

148 928 335 988 ταῦτα
370 933 667 1008 Βίκτορος
690 937 1136 1007 καταψεύδεσθαι,
1171 938 1413 1010 ἀκριϐῶς
1434 940 1654 1003 εἰδότες,
1692 941 1764 993 ὅτι

1875 944 2177 1001 clesiastica
2204 936 2448 1002 doctrina
2489 946 2782 1015 praedicata
2806 947 2896 1012 sit,
2920 948 3013 1018 qui
3045 947 3161 1002 ﬁeri
3193 959 3367 1019 potest
3390 961 3450 1007 ut

1875 1053 2062 1093 omnes
2105 1053 2278 1109 usque
2327 1039 2394 1094 ad
2429 1038 2668 1093 Victoris
2700 1048 2941 1110 tempora
2995 1055 3114 1096 eam
3165 1058 3327 1112 quam
3358 1044 3447 1098 isti

1873 1129 2059 1185 dicunt
2106 1131 2410 1186 doctrinam
2458 1129 2978 1201 promulgaverint?
3023 1133 3304 1200 Quomodo
3353 1151 3447 1191 cos

1873 1237 1978 1276 non
2006 1222 2171 1292 pudet
2203 1221 2502 1291 huiusmodi
2531 1221 2859 1277 calumniam
2892 1225 3152 1281 adversus
3172 1227 3443 1283 Victorem

1873 1314 2204 1371 concinnare
2231 1355 2246 1378 .
2281 1329 2404 1370 cum
2452 1324 2602 1370 certo
2647 1317 2822 1370 sciant
2871 1315 3209 1373 Theodotum
3252 1319 3445 1375 Coria-

1873 1406 2035 1470 rium,
2069 1407 2158 1476 qui
2189 1405 2506 1462 defectionis
2536 1406 2684 1462 illius
2709 1409 2875 1462 Deum
2900 1410 3220 1479 ahnegantis
3244 1427 3447 1480 parens

1871 1504 1925 1551 et
1952 1507 2140 1552 auctor
2171 1497 2293 1562 fuit,
2327 1499 2642 1568 primusque
2665 1499 2943 1554 Christum
2969 1502 3170 1556 nudum
3198 1517 3316 1559 esse
3342 1504 3442 1557 ho-

149 1023 382 1098 Βίκτωρ
409 1026 518 1080 τὸν
551 1029 763 1082 σκυτέα
787 1029 1162 1093 Θεόδοτον,τὺν
1178 1031 1416 1103 ἀρχηγὸν
1442 1033 1534 1086 καὶ
1563 1032 1773 1103 πατέρα

149 1117 371 1189 ταύτης
411 1121 528 1192 τῆς
563 1123 893 1195 ἀρνησιθέου
927 1124 1278 1188 ἀποστασίας,
1321 1124 1634 1196 ἀπεκήρυξε
1673 1127 1772 1198 τῆς

151 1211 485 1279 κοινωνίας,
519 1215 750 1285 πρῶτον
784 1214 1002 1269 εἰπόντα
1027 1215 1180 1284 ψιλὸν
1205 1215 1486 1286 ἄνθρωπον
1513 1217 1603 1269 τὸν
1637 1217 1772 1288 Χρι-

151 1301 316 1366 στὸνς
356 1303 430 1355 El
466 1303 598 1376 γὰρ
635 1304 848 1377 Βίκτωρ
881 1307 1000 1358 κατ’
1032 1305 1227 1370 αὐτοὺς
1258 1305 1428 1370 οὕτως
1455 1309 1669 1379 ἐφρόνει
1695 1307 1770 1371 ὼς

149 1397 181 1464 ἡ
206 1392 431 1447 τούτων
458 1395 723 1450 διδάσκει
750 1397 1084 1470 βλασφημία,
1115 1397 1231 1460 πῶς
1257 1398 1323 1452 ἂν
1345 1399 1608 1453 ἀπέϐαλλε
1633 1401 1770 1473 (99⁵)

151 1486 425 1540 Θεόδοτον
474 1487 586 1541 τὸν
622 1489 722 1559 τῆς
757 1489 1019 1560 αἱρέσεως
1055 1489 1258 1562 ταύτης
1297 1490 1551 1562 superﬁxa;
1604 1512 1622 1544 ι
1661 1494 1770 1546 Καὶ

150 1581 220 1633 τὰ
267 1578 376 1650 μὲν
417 1580 588 1634 κατὰ
627 1581 717 1634 τὸν
755 1581 987 1652 Βίκτορα
1015 1579 1259 1638 τοιαῦτα.
1302 1584 1505 1637 Τούτου
1532 1585 1588 1638 δὲ
1623 1585 1768 1639 ἔτεσι

154 1671 290 1724 δέκα
320 1671 691 1742 προστάντος
717 1673 816 1743 τῆς
861 1671 1218 1743 λειτουργίας,
1253 1673 1496 1746 διάδοχος
1523 1676 1769 1730 καθίστα·

153 1780 244 1816 ται
285 1764 640 1837 Ζεφυρῖνος,
676 1765 818 1835 ἀμφὶ
846 1763 906 1816 τὸ
935 1763 1149 1817 ἔννατον
1189 1766 1286 1838 τῆς
1331 1767 1569 1839 Σεϐήρου
1618 1768 1772 1839 βασι-

1871 1583 2068 1637 minem
2104 1585 2380 1652 asseruit,
2418 1601 2514 1655 per
2555 1586 2825 1642 Victorem
2861 1604 2887 1640 a
2921 1591 3297 1645 communione
3327 1592 3434 1648 Ec-

1870 1672 2050 1728 clesiae
2082 1671 2312 1741 ejectum
2370 1674 2558 1730 fuisse.
2610 1675 2740 1730 Nam
2791 1676 2974 1740 si,ut
3011 1678 3206 1746 aiunt,
3255 1679 3445 1737 Victor

1869 1763 2059 1819 eadem
2094 1765 2364 1821 sentiebat
2409 1782 2528 1837 quae
2565 1767 2780 1824 illorum
2829 1770 2986 1824 docet
3023 1771 3272 1840 impietas
3297 1813 3312 1838 ,
3345 1789 3445 1829 cur

156 1854 309 1918 λείας
335 1854 491 1920 ἔτος.
539 1844 874 1928 Προστίθησι
905 1853 961 1908 δὲ
1007 1857 1034 1907 ὁ
1063 1856 1123 1908 τὸ
1155 1837 1548 1930 προειρημένον
1573 1837 1764 1913 συντά-

1875 1853 2208 1910 Theodotum
2240 1856 2511 1927 opinionis
2564 1858 2708 1914 illius
2749 1869 3025 1916 auctorem
3079 1837 3148 1917 ab
3203 1837 3441 1918 Ecclesia

160 1945 257 2009 ξας
292 1946 433 2017 περὶ
476 1947 586 2000 τοῦ
621 1948 984 2019 κατάρξαντος
1023 1949 1122 2018 τῆς
1157 1949 1484 2021 δηλωθείσης
1507 1951 1769 2023 αἱρέσεως

165 2037 398 2107 βιϐλίον,
424 2041 535 2093 καὶ
563 2041 731 2112 ἄλλην
749 2039 890 2093 κατά
913 2041 1205 2111 Ζεφυρίνον
1230 2044 1523 2114 γενομένην
1548 2045 1765 2115 πρᾶξιν,

164 2125 265 2184 ὧδέ
296 2149 425 2196 πως
463 2135 662 2193 αὐτοῖς
690 2135 893 2204 ῥήμασι
915 2135 1172 2206 γράφωνο
1221 2155 1238 2186 ι
1280 2135 1612 2208 ’Υπομνήσω
1638 2137 1768 2205 γοῦν

167 2223 401 2289 πολλοὺς
427 2224 553 2278 τῶν
585 2225 823 2295 ἀδελφῶν
853 2229 1080 2300 πρᾶγμα
1106 2229 1188 2298 ἐφ’
1222 2228 1377 2300 ήμῶν
1401 2228 1707 2300 γενόμενον,
1739 2229 1768 2282 ὃ

166 2314 378 2386 νομίζω
410 2317 504 2368 ὅτι
541 2317 592 2368 εἰ
618 2317 675 2368 ἐν
711 2316 965 2388 Σοδόμοις
995 2319 1256 2387 ἐγεγόνει,
1286 2318 1448 2390 τυχὸν
1487 2318 1552 2372 ἂν
1583 2318 1769 2372 κάκεί-

168 2425 292 2471 νους
321 2408 684 2480 ἐνουθέτησε.
727 2410 994 2474 Νατάλιος
1020 2406 1088 2481 ἦν
1119 2428 1204 2473 τις
1227 2409 1302 2481 (1)
1341 2409 1679 2481 ὁμολογητὴς
1703 2410 1764 2462 ού

173 2497 360 2562 πάλαι,
418 2499 547 2552 ἀλλ’
589 2501 681 2553 ἐπὶ
724 2502 831 2555 τῶν
874 2502 1154 2573 ἡμετέρων
1202 2503 1489 2573 γενόμενος
1537 2503 1762 2576 καιρῶν.

173 2585 341 2652 (ὶῦτος
380 2591 653 2662 ἠπατήθη
687 2593 816 2645 ποτὲ
849 2592 953 2646 ὑπὸ
993 2593 1434 2664 Ἀσκληπιοδότου
1464 2595 1557 2648 καὶ
1581 2597 1764 2668 ἐτέρου

179 2681 441 2734 Θεοδότου
502 2683 650 2746 τινὸς
685 2683 1032 2754 τραπεζίτου.
1079 2681 1258 2740 1Ἦσαν
1300 2687 1358 2740 δέ
1404 2680 1550 2742 οὗτοι
1598 2688 1766 2759 ἄμφω

179 2771 437 2825 Θεοδότου
462 2772 565 2826 τοῦ
591 2774 831 2839 σκυτέως
859 2775 1115 2847 μαθηταὶ,
1137 2777 1230 2831 τοῦ
1252 2776 1466 2850 πρώτου
1488 2780 1580 2833 ἐπὶ
1595 2778 1767 2853 ταύτῃ

184 2864 246 2931 τῇ
282 2863 577 2934 φρονήσει,
610 2864 804 2935 μᾶλλον
834 2865 891 2918 δὲ
916 2866 1215 2941 ἀφροσύνῃ,
1251 2869 1634 2940 ἀφορισθέντος
1663 2870 1765 2942 τῆς

184 2955 500 3022 κοινωνίας,
527 2955 631 3008 ὑπὸ
659 2955 933 3029 Βίκτορος,
979 2957 1054 3022 ὡς
1086 2958 1239 3028 ἔφην,
1279 2959 1372 3012 τοῦ
1404 2960 1523 3013 τότε
1551 2961 1767 3016 ἐπισκό-

188 3062 306 3098 που.
347 3046 678 3118 Ἀνεπείσθη
713 3047 768 3102 δὲ
791 3050 819 3102 ὀ
847 3049 1108 3113 Νατάλιος
1143 3051 1232 3103 ὑπ’
1264 3050 1440 3105 αὐτῶν
1484 3052 1576 3106 ἐι·τί
1608 3053 1767 3107 σαλα-

192 3137 287 3210 ρίῳ
330 3142 638 3205 ἐπίσκοπος
679 3140 939 3212 κληθῆναι
982 3142 1058 3213 (2)
1097 3141 1299 3215 ταύτης
1339 3144 1439 3215 τῆς
1482 3145 1760 3214 αἱρέσεως,

193 3233 328 3288 ὥστε
351 3232 661 3306 λαμϐάνειν
702 3236 829 3307 παρ’
859 3235 1035 3290 αὐτῶν
1068 3240 1290 3307 μηνιαῖα
1317 3237 1546 3309 δηνάρια
1574 3238 1766 3294 ἐκατδν

192 3326 552 3398 πεντήκοντα.
585 3325 876 3396 Γενόμενος
905 3321 997 3380 οὖν
1023 3328 1118 3380 σὺν
1147 3328 1350 3392 αὐτοῖς,
1377 3327 1443 3380 δι’
1477 3331 1768 3401 ὁραμάτων

195 3417 455 3482 πολλάκις
505 3417 835 3471 ἐνουθετείτο
877 3419 981 3472 ὑπὸ
1017 3417 1110 3472 τοῦ
1147 3419 1372 3490 Κυρίου.
1431 3421 1486 3474 ’0
1528 3421 1637 3494 γὰρ
1675 3421 1766 3475 εῦ-

200 3506 504 3578 σπλαγχνος
550 3507 680 3571 Θεὸς
709 3509 802 3561 καὶ
827 3506 1029 3579 Κύριος
1070 3507 1226 3580 ἡμῶν
1265 3507 1470 3581 Ἰησοῦς
1510 3509 1764 3582 Χριστὸς,

196 3599 291 3652 οὐκ
323 3600 581 3654 ἐϐούλετο
626 3600 729 3667 ἔξω
771 3599 1094 3670 Ἐκκλησίας
1131 3602 1439 3672 γενόμενον,
1471 3602 1766 3657 ἀπολέσθαι

203 3692 455 3764 μάρτυρα
496 3693 606 3747 τῶν
651 3693 795 3746 ἰδίων
845 3692 1050 3747 παθῶν.
1104 3693 1256 3746 Ἐπεὶ
1295 3693 1350 3747 δέ
1400 3695 1766 3766 ῥᾳθυμότερον

202 3789 308 3850 τοῖς
353 3786 598 3859 δράμασι
653 3788 930 3857 προσεῖχε,
974 3783 1358 3856 δελεαζόμενος
1404 3790 1469 3858 τῇ
1523 3805 1581 3840 τε
1636 3787 1764 3860 παρ’

206 3879 376 3944 αὐτοῖς
405 3878 874 3950 πρωτοκαθεδρίᾳ,
907 3878 1002 3931 καὶ
1025 3881 1090 3950 τῇ
1124 3878 1404 3942 πλείστους
1427 3878 1766 3950 ἀπολλυούσῃ

205 3971 633 4042 αἰσχροκερδείᾳ,
672 3971 976 4024 τελευταῖον
1022 3972 1126 4025 ὑπὸ
1158 3973 1327 4042 ἁγίων
1355 3973 1600 4042 ἀγγέλων
1633 3975 1767 4043 ἐμα-

207 4062 462 4133 στιγώθη,
503 4063 569 4115 δι’
602 4061 728 4135 ὅλης
750 4062 853 4133 τῆς
885 4061 1077 4125 νυκτὸς
1103 4064 1163 4116 ού
1205 4064 1448 4136 σμικρῶς
1479 4063 1760 4129 αἰκισθείς·

205 4153 334 4208 ὥστε
362 4155 534 4210 ἕωθεν
571 4155 886 4226 ἀναστῆναι,
914 4156 1006 4209 καὶ
1042 4155 1397 4227 ἐνδυσάμενον
1425 4157 1646 4221 σάκκον,
1670 4158 1764 4210 καὶ

210 4248 390 4303 σποδὸν
442 4249 914 4319 καταπασάμενον,
964 4248 1101 4320 μετὰ
1148 4249 1347 4319 πολλῆς
1390 4249 1623 4319 σπουδῆς
1671 4251 1764 4303 καὶ

204 4340 444 4412 δακρύων
479 4345 808 4412 προσπεσεῖν
841 4341 1120 4412 Ζεφυρίνῳ
1145 4342 1219 4412 τῷ
1247 4341 1546 4411 ὲπισκόπῳ,
1585 4341 1764 4395 κυλιό-

210 4450 355 4500 μενον
399 4435 504 4488 ὑπὸ
549 4435 673 4498 τοὺς
707 4433 871 4498 πόδας
915 4435 975 4487 οὐ
1005 4434 1162 4503 μόνον
1204 4433 1311 4486 τῶν
1338 4435 1394 4486 ὲν
1435 4433 1511 4505 τῷ
1553 4434 1759 4506 κλήρῳ,

1794 3197 1835 3254 C

1875 1946 2150 2000 removit?
2183 1965 2202 1999 ι
2229 1947 2308 2002 Ac
2341 1949 2407 2002 de
2431 1947 2650 2006 Victore
2683 1951 2898 2020 quidem
2929 1951 3012 2021 ita
3042 1967 3100 2008 se
3137 1968 3223 2008 res
3257 1955 3440 2010 habet.

1875 2037 1974 2102 Qui
2009 2053 2129 2092 cum
2160 2042 2346 2094 decem
2384 2042 2542 2095 annis
2598 2043 2958 2098 sacerdotium
2992 2045 3441 2110 administrasset,

1872 2129 2212 2201 Zephyrinus
2244 2131 2290 2186 ei
2323 2147 2612 2187 successor
2637 2133 2966 2189 substitutus
2998 2144 3101 2202 est,
3129 2151 3271 2190 anno
3294 2137 3446 2206 prin-

1874 2221 2081 2290 cipatus
2133 2222 2318 2277 Severi
2352 2223 2570 2278 circiter
2613 2239 2777 2280 nono.
2810 2224 2981 2281 Porro
3027 2226 3168 2281 idem
3216 2227 3306 2282 ille
3349 2228 3442 2297 qui

1873 2314 2245 2384 supradictum
2285 2314 2481 2369 librum
2518 2313 2586 2369 de
2621 2315 2843 2370 haeresis
2878 2315 3026 2372 illius
3053 2327 3276 2373 auctore
3299 2334 3444 2375 com-

1875 2407 2089 2478 posuit,
2137 2406 2297 2460 aliam
2331 2421 2548 2477 quoque
2596 2422 2712 2461 rem
2767 2407 3063 2479 Zephyrini
3113 2411 3441 2481 temporibus

1872 2508 2078 2569 gestam
2104 2497 2346 2568 adjungit
2377 2496 2464 2552 his
2495 2497 2678 2552 verbis
2707 2515 2720 2552 :
2759 2516 2778 2549 ι
2826 2497 3081 2567 Facinus,
3115 2500 3307 2570 inquit,
3342 2517 3442 2556 no-

1871 2601 1984 2646 etra
2013 2599 2173 2645 {etate
2204 2597 2414 2659 gestum
2445 2627 2460 2655 ,
2513 2588 2696 2643 multis
2745 2588 2977 2644 fratrum
3023 2601 3334 2648 nostrorum
3385 2595 3438 2648 in

1873 2681 2193 2738 memoriam
2226 2681 2515 2737 revocabo.
2553 2680 2706 2748 Quod
2734 2681 2952 2751 quidem
2989 2681 3036 2737 si
3067 2683 3320 2739 Sodomis
3343 2685 3440 2738 ad-

1872 2775 2096 2833 miSsum
2123 2775 2316 2830 fuisset
2339 2815 2353 2841 ,
2387 2777 2552 2845 ipsos,
2599 2785 2656 2829 ut
2687 2775 2946 2840 arbitror,
2989 2775 3194 2830 incolas
3221 2777 3286 2830 ad
3320 2789 3439 2845 pte-

1872 2869 2152 2924 nitcntiam
2182 2883 2479 2938 provocare
2508 2868 2791 2937 potuisset.
2824 2869 2955 2922 Erat
2984 2871 3205 2939 quidam
3231 2868 3440 2923 Natalis

1873 2960 2112 3021 nomine,
2141 2957 2444 3024 confessor,
2472 2959 2562 3026 qui
2598 2973 2701 3012 non
2745 2959 2815 3013 ita
2849 2960 3058 3029 pridem
3087 2999 3102 3025 ,
3128 2961 3221 3014 sed
3252 2969 3437 3015 nostra

1870 3061 2026 3108 aetate
2051 3053 2202 3106 vixit.
2246 3052 2344 3106 Hic
2389 3051 2528 3106 forte
2578 3053 2631 3106 in
2681 3050 2923 3106 fraudem
2957 3051 3206 3106 induntus
3255 3061 3338 3106 cst
3365 3051 3436 3106 ab

1873 3144 2250 3214 Asclepiodoto
2282 3152 2335 3199 et
2379 3143 2548 3199 altero
2592 3144 2822 3212 quodam
2862 3143 3143 3198 Theodoto
3186 3154 3438 3213 argenta-

1869 3236 1970 3290 rio.
2003 3235 2174 3290 Ambo
2213 3245 2390 3290 autem
2420 3235 2506 3290 isti
2542 3234 2790 3304 discipuli
2815 3243 2974 3289 erant
3005 3233 3268 3289 Theodoti
3297 3230 3440 3286 illius

1867 3327 2116 3388 Coriarii,
2150 3327 2240 3396 qui
2275 3327 2482 3397 primus
2511 3326 2581 3381 ob
2610 3328 2748 3380 hanc
2783 3326 3088 3379 doctrinam
3129 3340 3220 3379 seu
3259 3323 3436 3394 potius

1867 3421 2154 3484 insaniam,
2185 3436 2214 3474 a
2246 3419 2479 3486 Victore,
2510 3431 2568 3474 ιιι
2598 3419 2730 3484 dixi,
2767 3428 2894 3472 tunc
2921 3417 3180 3488 temporis
3228 3417 3446 3486 episco—

1866 3529 1956 3585 po,
1995 3514 2062 3568 ah
2091 3513 2345 3568 Ecclesiae
2380 3511 2766 3567 communione
2809 3520 3046 3566 remotus
3079 3519 3180 3565 est.
3207 3508 3270 3564 Hi
3311 3497 3440 3579 per;

1865 3615 2157 3661 suaserunt
2186 3604 2383 3672 Natali,
2419 3613 2499 3670 ut,
2545 3613 2769 3673 accepto
2801 3601 3254 3666 salario,ba:resis
3293 3600 3437 3656 illius

1866 3697 2152 3767 episcopus
2178 3703 2477 3760 crearetur,
2509 3711 2572 3750 ea
2603 3695 2815 3751 scilicet
2837 3692 3172 3756 conditione,
3200 3701 3256 3746 ut
3282 3706 3436 3746 men-

1866 3797 2048 3845 struos
2082 3797 2297 3843 centum
2333 3787 2723 3858 quinquaginta
2769 3786 3024 3842 denarios
3055 3785 3124 3839 ab
3157 3784 3265 3840 illis
3291 3783 3438 3840 acci-

1865 3889 2040 3951 peret.
2069 3877 2320 3935 Sociatus
2352 3878 2515 3947 igitur
2545 3877 2758 3930 illorum
2783 3875 3049 3944 partibus,
3085 3887 3232 3942 saepe
3268 3889 3298 3927 a
3332 3874 3435 3926 Do-

1866 3972 2010 4026 mino
2029 3970 2430 4040 corripiebatur
2458 3968 2509 4022 in
2540 3964 3246 4024 somnis.Clementissimus
3274 3963 3432 4034 197

1863 4064 2006 4118 enim
2042 4064 2182 4118 Deus
2211 4075 2274 4117 ac
2303 4061 2558 4116 Dominus
2587 4067 2772 4113 noster
2801 4055 2958 4112 Jesus
2989 4056 3242 4111 Christus
3261 4095 3276 4119 ,
3307 4071 3430 4109 eum

1863 4155 1954 4224 qui
1979 4155 2286 4224 passionum
2315 4165 2532 4206 suarum
2566 4149 2717 4206 testis
2742 4148 3046 4212 exstiterat,
3071 4146 3250 4217 perire
3275 4154 3429 4200 extra

1864 4245 2158 4302 Ecclesiam
2191 4243 2424 4306 nolebat.
2461 4240 2567 4297 Sed
2602 4257 2722 4296 cum
2747 4250 3038 4295 nocturnas
3066 4237 3331 4306 ejusmodi
3354 4237 3433 4290 vi-

1863 4341 2048 4394 siones
2068 4334 2605 4408 negligeretNatalis,
2635 4344 2821 4404 utpote
2851 4335 3054 4389 honore
3080 4335 3269 4403 primae
3291 4332 3430 4402 apud

1864 4432 1983 4487 illos
2022 4431 2165 4486 sedis
2187 4468 2205 4495 ,
2235 4440 2291 4484 et
2329 4427 2500 4498 turpis
2533 4427 2671 4481 lucri
2720 4426 3014 4497 cupiditate
3036 4465 3051 4490 ,
3080 4440 3199 4495 qua:
3247 4423 3429 4478 multis

207 4524 330 4579 ἁλλά
356 4528 454 4580 καὶ
486 4526 594 4580 τῶν
631 4526 866 4580 λαῖκῶψ
898 4525 1121 4596 συγχέαι
1157 4542 1217 4578 τε
1251 4528 1364 4588 τοῖς
1397 4525 1626 4596 δάκρυσι
1661 4526 1759 4595 τὴν

1867 4524 2185 4580 mortalibus
2224 4522 2390 4577 exitio
2412 4529 2534 4584 est,
2583 4520 2876 4582 inescatus,
2910 4518 3126 4572 tandem
3159 4531 3189 4570 a
3223 4515 3428 4570 sanctis

208 4615 562 4687 εὐσπλαγχνον
612 4617 935 4687 Ἐκκλησίαν
1002 4615 1095 4669 τοῦ
1146 4616 1434 4686 ἐλεήμονος
1499 4615 1754 4687 Χριστοῦ,

1863 4616 2074 4688 angelis
2106 4629 2201 4684 per
2231 4623 2396 4667 totam
2427 4621 2638 4665 noctem
2681 4609 2862 4680 ﬂagris
2891 4623 3062 4663 caesus
3089 4617 3142 4662 et
3173 4607 3429 4677 gravissi-

209 4709 360 4782 πολλῇ
385 4727 441 4763 τε
470 4713 536 4782 τῇ
560 4710 739 4780 δεήσει
759 4708 1124 4780 χρησάμενον,
1152 4705 1402 4772 δείξαντά
1421 4722 1479 4757 τε
1500 4706 1625 4768 τοὺς
1658 4705 1762 4776 μώ-

1867 4723 1952 4762 ιιιο
1977 4706 2294 4762 verberatus
2321 4711 2423 4756 est.
2456 4701 2606 4754 Adeo
2634 4707 2692 4752 ut
2727 4699 2904 4764 primo
2934 4697 3167 4752 diluculo
3198 4711 3427 4752 consur-

207 4799 376 4866 λωπας
420 4795 495 4855 ὧν
539 4801 746 4872 εἰλήφει
793 4799 1036 4870 πληγῶν,
1087 4798 1236 4868 μόλις
1282 4796 1690 4867 κοινωνηθῆναι.
1732 4818 1749 4849 ι

1863 4811 1995 4867 gens
2023 4837 2038 4862 ,
2071 4809 2291 4849 saccum
2324 4791 2559 4846 induerit
2581 4829 2595 4856 ,
2624 4797 2678 4844 et
2711 4789 2894 4844 cinere
2937 4803 3262 4860 conSpersus
3301 4802 3426 4841 con-

271 4986 375 5055 (99)
415 4983 648 5055 Ψαλμοί
694 4981 761 5035 δὲ
816 4981 913 5055 καὶ
957 4979 1102 5055 ᾠδᾳὶ
1140 4976 1434 5055 -ᾀδενζςρῶν
1491 4973 1764 5055 ἀταρχῆς

1873 4988 1902 5026 a
1938 4974 2225 5055 Clemente.
2273 4971 2634 5055 {alexandrina
2671 4966 3002 5055 compositus.
3031 4976 3225 5055 .exstat
3267 4969 3331 5023 ad
3362 4967 3427 5022 ti-

208 5045 311 5109 ὑεέὸ
354 5045 599 5110 ’πιστῶν
646 5045 980 5123 γραφεῖσαι.
1034 5045 1392 5123 _S_crihendur_n
1431 5045 1757 5123 est__dm‘_a'zp-

208 5127 314 5197 χῆς,
341 5135 400 5197 ιιι
429 5126 629 5181 habent
651 5116 807 5197 codd.
841 5120 1002 5197 Meth,
1032 5119 1190 5186 Fuk.,
1216 5118 1382 5174 Savil.
1411 5126 1466 5170 et
1491 5116 1757 5197 Nicrpho-

213 5185 312 5250 mg;
359 5195 527 5251 Porro
569 5210 635 5249 ex
665 5193 795 5265 _his_
829 5192 1010 5265 verbis
1054 5185 1276 5265 apparet
1330 5201 1536 5265 morem
1585 5185 1753 5265 fuisse

209 5267 626 5336 antiquissimum
661 5262 714 5336 in
755 5260 1024 5325 Ecclesia,
1056 5258 1283 5336 hymnos
1319 5258 1644 5336 et_p_salmos
1698 5258 1749 5334 in

206 5327 452 5390 bono'rem
499 5335 699 5389 Christi
729 5345 1071 5400 componere.
1093 5327 1277 5385 'Certe
1309 5328 1526 5400 Plinius
1552 5327 1602 5378 in
1632 5327 1747 5392 epi-

209 5407 333 5461 stola
365 5407 430 5460 ad
451 5406 736 5476 Traianum
768 5398 957 5476 auctor
979 5410 1081 5462 est,
1121 5399 1460 5454 Christianos
1497 5398 1548 5450 iu
1584 5411 1746 5476 unum

207 5472 601 5538 convenientes,
626 5475 841 5528 Christo
886 5472 1114 5541 hymnos
1130 5483 1336 5541 canere
1375 5472 1745 5541 consuevisse.

211 5546 272 5599 De
301 5548 386 5600 his
403 5533 622 5616 psalmis
642 5552 698 5598 et
730 5533 944 5616 hymnis
973 5540 1356 5616 intelligendus
1387 5539 1595 5616 videtur
1622 5533 1747 5616 Hip-

1871 5058 1992 5098 nem
2025 5045 2140 5113 ejus
2173 5043 2294 5097 libri
2333 5045 2422 5110 qui
2458 5043 2782 5109 Pwdagogua
2820 5038 3155 5092 inscribitur.

1936 5115 2065 5135 Innn
2120 5116 2158 5135 η
2184 5111 2436 5135 μιρμοα-
2491 5112 2648 5135 0-.....
2685 5107 2919 5135 L-1£-\-
2988 5107 3120 5135 Ωιι-..-

1955 5107 2068 5182 99')
2120 5107 2455 5168 Ἇπέϐαλλε.
2490 5107 2650 5167 Forte
2681 5107 2943 5162 ἀπέϐαλε.
2984 5107 3140 5161 Eutr.

1931 5118 2333 5257 iliNardeg
2353 5180 2432 5253 ἦν
2461 5199 2572 5257 τις.
2614 5179 2810 5257 Nescio
2841 5195 2906 5257 an
2939 5179 3030 5257 hic
3059 5175 3421 5257 sit-Caecilius

1860 5246 2086 5314 Na‘ta'lis.
2134 5253 2224 5322 qui
2276 5246 2649 5322 disputatione,
2687 5246 3176 5322 Octa_viiJant_ta_ri_i
3236 5261 3418 5301 coram

1859 5325 2094 5380 Minucio
2116 5317 2293 5378 Felice
2320 5317 2503 5376 Romae
2533 5321 2736 5384 habita,
2762 5320 2828 5373 ad
2862 5318 3062 5374 Christi
3089 5317 3246 5371 [idem
3280 5333 3417 5371 cou-

1858 5410 2046 5450 versus
2077 5405 2180 5459 est,
2228 5405 2285 5446 ut
2314 5392 2569 5447 scribitur
2603 5393 2655 5445 in
2697 5389 2914 5459 Dialogo
2951 5387 3173 5443 Minucii
3196 5386 3414 5459 Felicis.

1854 5465 2059 5520 Nomen
2097 5458 2244 5518 certe
2263 5463 2538 5524 convenit,
2575 5471 2629 5516 et
2664 5458 2875 5528 tempus
2920 5471 3084 5527 atque
3121 5458 3414 5525 professio.

1921 5536 1996 5606 (Ξ)
2050 5535 2411 5606 Ἐπίσκοπος
2465 5529 2778 5606 κληθῆναι.
2814 5530 2928 5606 μειῄ
2955 5531 3215 5606 scriptum
3282 5543 3415 5606 prae-

209 5597 483 5688 ρόιάὶῦετῖη
514 5597 1358 5688 oratione'pefomunufajipne.
1394 5597 1750 5688 mundinsub
1852 5597 1958 5688 [ει-ἰ
1979 5597 2154 5688 code;
2179 5597 2397 5688 Regius,
2416 5605 2499 5684 cui
2521 5597 3415 5688 σοοιεοιιιιι-[ἰαῦηἱιξιιιςτρῐςειιιιίοῖ

209 5671 352 5740 ἰίιιέιιι
390 5702 407 5742 :
433 5686 507 5739 Τὸ
564 5684 734 5754 στόμα
959 5679 1094 5751 πρὸς
1124 5677 1426 5754 δοξολογίοιν
1453 5677 1548 5754 καὶ
1580 5671 1750 5754 αἶνον,

208 5757 287 5838 3m}
324 5756 590 5838 ιίςλιιοὺςν
617 5745 708 5838 es“
724 5745 887 5838 ,ᾠδὰς
937 5745 1751 5838 πιένεθσξτιὲεέςζ,ηὑὲ,εὲἑπὲῖἤὲῖιῖ

205 5825 319 5882 λεῐν.
339 5815 672 5896 Huiusmodi
723 5815 954 5895 b'ymnus
984 5822 1038 5878 in
1075 5815 1517 5875 'bonorem'Je‘su
1543 5815 1750 5871 Christi

1852 5677 1957 5746 Sed
2015 5666 2483 5746 quatuor'reliqui
2531 5673 2742 5746 codices
2769 5670 2962 5746 _!l_laz.,
2997 5666 3319 5737 Med.,Fult.
3363 5677 3419 5721 ct

1856 5740 2316 5815 Savilfscriptum
2349 5740 2547 5798 habent
2577 5740 2944 5814 κληρωθῆναι.
