4112 6428
354 336 476 394 ses

1385 339 1743 399 HlSTOleE
1776 339 2327 399 ECCLESIASTICA’S
2368 342 2496 402 LIB.
2537 346 2622 403 Vl.

3507 351 3611 409 εει

353 457 442 520 ὡς
482 457 603 528 μηδ’
637 459 884 530 ἐξαρκεῖν
933 458 1080 530 αῦτῷ
1115 459 1212 524 τὰς
1259 461 1434 525 ἁπλᾶς
1481 464 1574 515 καὶ
1620 464 1934 536 προχείρους

2048 463 2130 517 his
2164 463 2514 533 abhorrebat,
2556 466 2650 521 sed
2691 464 3044 523 libentissime
3086 467 3137 522 in
3167 468 3612 539 hujusmodistu-

351 551 471 603 τῶν
502 551 659 621 ίερῶν
686 551 860 620 λόγων
903 552 1191 618 ἐντεύξεις,
1220 551 1404 623 ζητεῖν
1452 553 1508 606 δέ
1560 571 1613 607 τι
1647 555 1806 608 πλέον
1848 557 1941 608 καὶ

349 640 663 712 βαθυτέρας
693 642 792 713 ἤδη
827 641 886 706 ἐξ
919 643 1125 696 ἐκείνου
1166 644 1639 715 πολυπραγμονεῖν
1672 645 1899 716 θεωρίας
1921 663 1935 674 ·

351 731 503 787 ὥστε
532 735 624 786 καὶ
659 735 956 805 πράγματα
985 736 1241 807 παρέχειν
1277 736 1352 806 τῷ
1387 739 1573 808 πατρὶ,
1609 738 1660 790 τί
1689 738 1796 809 ἄρα
1826 738 1941 790 ἐ.θέ-

350 826 440 880 λοι
467 827 656 900 δηλοῦν
689 828 750 881 τὸ
778 829 876 898 τῆς
918 829 1275 883 Οεοπνεύστου
1311 831 1534 902 Γραφῆς
1573 830 1940 884 ἀναπυνθανό-

355 933 523 986 μενος
569 916 832 989 βούλημα.
875 919 1111 982 Ἐκεῖνος
1156 919 1212 972 δὲ
1251 918 1330 989 τῷ
1375 915 1755 990 μὲνδοκείνείς
1775 917 1941 987 πρόσ-

333 1023 498 1061 ωπον
568 1007 902 1078 ἐπέπληττεν
933 1007 1115 1078 αὐτῷ,
1148 1009 1311 1079 μηδὲν
1361 1010 1501 1081 ὑπὲρ
1540 1009 1758 1080 ἠλικίαν
1804 1010 1937 1081 μηδὲ

346 1097 454 1167 τῆς
480 1099 785 1168 προφανοῦς
815 1099 1049 1163 διανοίας
1090 1100 1401 1172 περαιτέρω
1423 1119 1474 1153 τι
1521 1099 1702 1170 ζητεῖν
1735 1118 1936 1172 παραι-

347 1191 497 1256 νῶν,
535 1193 678 1258 ἰδίως
709 1194 764 1246 δὲ
795 1197 925 1265 παρ’
969 1194 1144 1265 ἐαυτῷ
1178 1194 1246 1248 τὰ
1287 1195 1496 1266 μεγάλα
1537 1194 1806 1266 γεγηθὼς,
1838 1195 1938 1266 τὴν

351 1284 625 1355 μεγίστην
662 1284 924 1356 ὡμολόγει
969 1285 1047 1356 τῷ
1091 1286 1306 1339 πάντων
1354 1286 1576 1356 ἀγαθῶν
1618 1288 1776 1358 αἰτίῳ
1819 1287 1936 1357 Θεῷ

345 1374 536 1444 χάριν,
565 1375 645 1426 ὅτι
677 1375 739 1444 δὴ
771 1376 930 1428 αὑτὸν
974 1375 1177 1428 τοιοῦδε
1212 1375 1420 1448 πατέρα
1461 1375 1713 1443 γενέσθαι
1749 1375 1935 1439 παιδὸς

346 1463 605 1532 ἠξίωσεν.
638 1467 961 1519 Ἐπιστάντα
976 1467 1031 1519 δὲ
1052 1467 1152 1538 ἤδη
1176 1465 1430 1529 πολλάκις
1447 1464 1650 1519 εὕδοντι
1668 1466 1745 1537 τῷ
1762 1468 1932 1530 παιδὶ,

344 1557 636 1625 γυμνῶσαι
668 1560 764 1628 μὲν
785 1557 946 1611 αὐτοῦ
973 1559 1040 1611 τὰ
1065 1558 1260 1628 στέρνα
1284 1559 1467 1627 φασιν,
1497 1558 1685 1630 ὥσπερ
1707 1559 1762 1612 δὲ
1792 1559 1932 1612 Θείου

347 1649 670 1719 Πνεῦματος
711 1651 856 1704 ἔνδον
887 1652 943 1704 ὲν
971 1652 1152 1714 αὐτοῖς
1193 1650 1593 1722 ἀφιερωμένου,
1628 1651 1851 1723 φιλῆσαί
1874 1670 1932 1706 τε

349 1739 685 1812 σεϐασμίως,
714 1743 806 1795 καὶ
835 1743 935 1813 τῆς
964 1742 1245 1805 εὐτεκνίας
1276 1742 1546 1813 μακάριον
1577 1742 1765 1796 ἑαυτὸν
1794 1746 1937 1815 ἡγήέ

350 1832 569 1886 σασθαι.
600 1833 782 1886 Ταῦτα
815 1835 908 1886 καὶ
929 1834 1091 1906 ἕτερα
1117 1834 1327 1897 τούτοις
1351 1834 1738 1907 συγγενῆίπερλ⁹
1771 1837 1934 1889 παῖδα

348 1923 485 1978 ὄντα
513 1926 604 1978 τὸν
651 1926 929 1997 Ὠριγένην
980 1925 1228 1994 γενέσθαι
1271 1926 1718 1996 μνημονεύουσιν.
1757 1927 1842 1991 Ὠς
1879 1928 1934 1980 δὲ

345 2015 452 2087 ἢδη
491 2016 635 2086 αύτῴ
658 2019 685 2070 ὁ
709 2017 894 2088 πατὴρ
923 2018 1206 2089 μαρτυρίῳ
1233 2016 1559 2084 τετελείωτο,
1591 2018 1796 2090 ἕρημος
1822 2019 1936 2090 ἅμα

353 2110 522 2179 μητρὶ
579 2110 671 2161 καὶ
728 2109 1077 2180 βραχυτέροις
1123 2111 1368 2180 ἀδελφοῖς
1415 2111 1507 2164 τὸν
1558 2111 1790 2182 ἀριθμὸν
1843 2112 1934 2179 ἓξ,

351 2202 810 2255 ἑπτακαιδέκατον
844 2204 903 2254 ού
937 2202 1139 2274 πλῆρες
1174 2204 1322 2272 ἄγων
1359 2203 1480 2266 ἔτος
1526 2205 1932 2259 καταλείπεται.

347 2292 468 2359 Τῆς
502 2310 564 2361 γε
610 2293 716 2364 μὴν
756 2293 848 2346 τοῦ
895 2294 1102 2365 πατρὸς
1148 2295 1463 2364 περιουσίας
1502 2299 1614 2358 τοῖς
1641 2293 1936 2366 βασιλίκοῖς

347 2385 596 2454 ’τιμίοις
626 2386 1047 2458 ἀναληφθείσης,
1077 2389 1134 2441 ὲν
1165 2389 1354 2442 σπάνει
1383 2388 1490 2442 τῶν
1522 2389 1663 2444 κατὰ
1703 2391 1794 2444 τὸν
1821 2391 1934 2461 βίον

351 2476 551 2546 χρειῶν
580 2477 676 2529 σῦν
699 2482 811 2541 τοῖς
836 2480 1168 2551 προσήκουσι
1196 2480 1490 2545 καταστὰς,
1508 2482 1816 2554 οἰκονομίας
1836 2483 1938 2554 τῆς

351 2570 417 2618 ἐκ
439 2565 574 2619 Θεοῦ
593 2566 961 2634 καταξιοῦται·
990 2571 1083 2622 καὶ
1101 2571 1359 2640 τυγχάνει
1373 2571 1670 2639 δεξιώσεως
1688 2574 1821 2645 ὁμοῦ
1844 2575 1939 2628 καὶ

351 2661 713 2722 ἀναπαύσεως
746 2661 896 2732 παρά
925 2678 1031 2714 τινι
1059 2661 1433 2736 πλουσιωτάτῃ
1469 2665 1567 2735 μὲν
1590 2666 1680 2718 τὸν
1707 2665 1818 2736 βίον
1845 2667 1940 2719 καὶ

350 2751 421 2803 τὶ
465 2749 599 2804 ἄλλα
642 2752 1086 2826 περιφανεστάτῃ
1127 2754 1367 2822 γυναικὶ,
1402 2755 1685 2826 διαϐόητόν
1720 2774 1783 2826 γε
1832 2757 1938 2830 μὴν

352 2843 523 2914 ἄνδρα
556 2844 890 2916 περιεπούσῃ
926 2845 1032 2898 τῶν
1083 2846 1205 2899 τότε
1253 2849 1345 2901 ἐπὶ
1389 2849 1489 2920 τῆς
1535 2849 1940 2923 Ἀλεξανδρείας

350 2934 708 3000 αἱρεσιωτῶν·
743 2935 804 2988 τὸ
831 2936 985 3005 γένος
1011 2938 1055 2990 δ’
1084 2934 1152 3010 ἦν
1176 2935 1328 3004 οὗτος
1361 2939 1687 3010 Ἀντιοχεύς
1720 2940 1942 2996 Οετὸνδὲ

350 3023 517 3078 αὑτὸν
545 3026 656 3078 υἱὸν
704 3023 817 3096 εἶχε
838 3030 945 3081 ,σὺν
979 3031 1144 3100 ἑαυτῇ
1165 3069 1178 3092 ,
1209 3031 1303 3083 καὶ
1332 3032 1390 3084 ὲν
1427 3035 1537 3093 τοῖς
1575 3030 1811 3101 μάλιστα
1843 3048 1939 3083 πε-

350 3120 563 3188 ριεῖπεν
590 3120 622 3188 ἡ
647 3118 1008 3192 δεδηλωμένη.
1051 3120 1209 3173 Ἀλλὰ
1252 3121 1431 3193 τούτῳ
1467 3139 1531 3189 γε
1565 3123 1872 3191 ἐπάναγκες
1908 3126 1937 3178 ὁ

364 3211 645 3282 Ὠριγένης
673 3210 864 3276 συνὼν,
889 3213 990 3281 τῆς
1014 3213 1072 3276 ἐξ
1111 3213 1319 3267 ἐκείνου
1351 3215 1480 3287 περὶ
1511 3215 1610 3284 τὴν
1632 3215 1812 3268 πίστιν
1842 3217 1935 3286 ὀρ-

349 3299 594 3366 θοδοξίας
619 3303 820 3374 ἐναργῆ
866 3303 1156 3374 παρείχετο
1197 3303 1466 3375 δείγματα
1491 3321 1504 3334 ο
1533 3305 1613 3357 ὅτι
1636 3304 1698 3377 δὴ
1740 3306 1931 3377 μυρίου

351 3393 593 3464 πλήθους
627 3393 716 3446 διὰ
743 3395 803 3446 τὸ
832 3395 1024 3448 δοκοῦν
1063 3397 1244 3448 ἱκανὸν
1284 3397 1340 3449 ὲν
1375 3396 1515 3468 λόγῳ
1540 3396 1637 3449 τοῦ
1681 3397 1891 3450 Παύλου
1915 3415 1928 3427 ·

351 3486 509 3537 τοῦτο
536 3488 642 3556 γὰρ
673 3479 740 3556 ἦν
763 3485 933 3556 ὄνομα
955 3485 1032 3557 τῷ
1063 3486 1247 3558 ἀνδρί·
1275 3490 1639 3560 συναγομένου
1674 3491 1800 3561 παρ’
1833 3490 1933 3542 αύ-

350 3574 429 3643 τῷ
455 3575 515 3638 οὐ
546 3575 703 3645 μόνον
728 3576 1036 3646 αἱρετικῶν,
1068 3571 1210 3630 ἀλλά
1237 3579 1326 3631 καὶ
1351 3579 1654 3650 ἡμετέρων,
1677 3579 1798 3632 οὐδὲ
1823 3577 1933 3630 πώ-

352 3684 484 3720 ποτε
529 3668 886 3739 προύτρὰπη,
929 3675 1071 3721 κατα
1110 3668 1208 3740 τὴν
1246 3669 1410 3740 εὐχὴν
1460 3670 1609 3741 αὐτῷ
1651 3670 1928 3739 συστῆναι,

352 3753 634 3821 φυλάττων
676 3755 815 3821 ἐξέτι
842 3757 1029 3820 παιδὸς
1051 3759 1252 3811 κανόνα
1283 3758 1626 3828 Ἐκκλησίας,
1657 3758 1933 3828 βδελυττό-

352 3846 516 3914 μενός
553 3863 630 3908 τε,
660 3846 734 3910 ὡς
771 3847 918 3917 αύτῷ
948 3847 1150 3918 ῥήματί
1183 3847 1312 3916 φησί
1356 3864 1458 3900 που
1487 3849 1668 3910 αὐτὸς,
1697 3848 1794 3910 τὰς
1824 3848 1931 3900 τῶν

354 3937 619 4006 αἱρέσεων
645 3937 1009 4000 διδασκαλίας.
1042 3936 1344 4009 ΠροαχΘεὶς
1371 3936 1430 3990 δὲ
1455 3937 1561 3992 ὑπὸ
1591 3937 1683 3989 τοῦ
1727 3942 1933 4008 πατρὸς

353 4035 412 4086 ὲν
459 4035 572 4094 τοῖς
612 4029 876 4102 Ἑλλήνων
926 4026 1272 4101 μαθήμασιν,
1318 4027 1687 4101 ἐκθυμότερύν
1727 4046 1787 4081 τε
1838 4029 1932 4082 καὶ

357 4123 496 4194 μετὰ
520 4125 620 4195 τὴν
649 4123 854 4176 ἐκείνου
878 4119 1130 4190 τελευτὴν
1151 4123 1216 4192 τῇ
1243 4122 1370 4193 περὶ⁵
1397 4124 1520 4184 τοὺς
1543 4121 1733 4188 λόγους
1758 4122 1932 4191 ἁτκή-

353 4233 440 4268 σει
466 4215 582 4268 ὅλον
602 4213 828 4276 ἐπιδοὺς
858 4211 1050 4266 ἑαυτὸν
1070 4251 1083 4273 ,
1118 4211 1194 4272 ὡς
1227 4214 1321 4265 καὶ
1359 4210 1706 4282 παρασκευὴν
1739 4211 1832 4263 ἐπὶ
1865 4211 1933 4264 τὰ

351 4302 715 4377 γραμματικὰ
735 4303 959 4374 μετρίαν
980 4301 1269 4371 ἔχεινμϐ),
1303 4303 1418 4372 μετ’
1453 4301 1513 4353 οὐ
1542 4300 1675 4353 πολὺ
1709 4301 1810 4372 τῆς
1837 4301 1930 4352 τοῦ

353 4399 558 4469 πατρὸς
588 4396 920 4459 τελειώσεως
949 4395 1156 4456 τούτοις
1197 4393 1534 4458 ἐπιδεδωκὼς
1569 4394 1941 4456 suoshaewa-

357 4508 440 4563 ρει
463 4491 571 4544 τῶν
601 4487 934 4557 ἀναγκαίων,
960 4488 1035 4550 ὡς
1055 4489 1112 4540 ὲν
1144 4487 1328 4559 ἐκείνῃ
1350 4489 1415 4557 τῇ
1442 4485 1646 4558 ἡλικίᾳ,
1672 4486 1930 4555 δαψιλῶς.

2044 559 2128 608 dia
2158 557 2528 612 incumbebat.
2593 559 2744 614 Adeo
2798 568 2854 614 ut
2879 558 3114 629 simplici
3157 570 3214 616 et
3245 561 3402 617 obvia
3427 576 3614 618 sacra—

2044 661 2159 699 rum
2197 646 2522 702 Litterarum
2575 649 2806 704 lcetioue
2843 651 3063 707 minime
3101 661 3414 718 contentus,
3439 651 3614 721 majus

2040 733 2244 805 aliquid
2308 737 2625 806 inquireret,
2675 748 2730 794 et
2770 739 3148 809 profundiores
3191 741 3301 810 jam
3340 749 3452 797 tum
3490 756 3614 796 sen-

2040 841 2133 883 sus
2173 839 2528 885 scrutaretur.
2585 831 2817 885 Proinde
2887 831 3029 900 patri
3084 831 3388 889 lacessebat
3449 842 3614 905 n‘cgo—

2043 919 2198 983 tium,
2265 921 2554 976 sciscitans
2615 935 2681 975 ex
2757 921 2848 975 illo
2907 923 3035 992 quid
3083 923 3356 978 sententia
3416 924 3614 980 divini-

2041 1017 2126 1060 tus
2203 1009 2481 1080 inspiratae
2541 1011 2838 1081 Scriptura:
2911 1013 3266 1080 significaret.
3320 1013 3412 1070 Ille
3483 1028 3616 1070 vero

2038 1100 2197 1170 203
2232 1116 2416 1156 coram
2447 1103 2662 1172 quidem
2703 1113 2759 1159 et
2793 1104 2845 1157 in
2895 1105 3148 1173 speciem‘
3170 1119 3397 1174 puerum
3431 1103 3614 1173 objur-

2039 1194 2198 1258 gahat
2232 1210 2248 1247 :
2287 1209 2513 1258 monens
2541 1211 2608 1249 ne
2644 1211 2805 1265 supra
2832 1203 3052 1265 captum
3082 1197 3286 1261 aetatis,
3306 1209 3442 1250 neve
3473 1195 3612 1250 ultra

2037 1282 2256 1336 niuium
2300 1293 2356 1338 ct
2396 1295 2645 1353 apertum
2695 1288 2996 1358 Scriptura:
3049 1301 3270 1342 sensum
3317 1286 3611 1357 quidquam

2041 1371 2361 1439 requireret.
2391 1373 2543 1428 Clam
2579 1384 2763 1432 tamen
2809 1377 2950 1447 apud
2994 1391 3055 1431 se
3095 1374 3358 1446 singulari
3413 1376 3615 1446 gaudio

2039 1470 2326 1536 perfusus,
2381 1468 2492 1523 Deo
2545 1469 2814 1523 bonorum
2855 1467 3096 1521 omnium
3153 1466 3363 1520 auctori
3405 1466 3614 1536 gratias

2037 1559 2232 1629 agebat
2255 1560 2539 1624 maximas,
2567 1560 2710 1630 quod
2743 1572 2802 1613 se
2822 1559 2946 1612 talis
2975 1558 3067 1611 filii
3093 1567 3369 1628 parentem
3397 1556 3611 1614 eﬂlccre

2037 1652 2288 1721 dignatus
2319 1651 2531 1707 fuisset.
2571 1653 2649 1704 Ac
2679 1665 3056 1720 saepenumero
3099 1650 3416 1705 dormientis
3449 1651 3606 1721 pueri

2036 1742 2339 1798 cubiculum
2366 1743 2661 1813 ingressus,
2689 1752 2880 1811 pectus
2906 1740 3021 1809 ejus
3045 1741 3279 1798 nudasse
3305 1743 3526 1807 dicitur,
3549 1751 3609 1798 ct

1966 1818 2008 1874 Β
2043 1835 2184 1888 velut
2232 1835 2501 1904 quoddam
2539 1834 2705 1889 divini
2750 1831 2986 1904 Spiritus
3028 1835 3322 1890 sacrarium
3364 1835 3615 1906 religiose

2037 1927 2164 1980 illud
2213 1926 2586 1991 deosculatus,
2646 1927 3001 1998 semetipsum
3062 1928 3281 1982 beatum
3345 1926 3611 1995 ejusmodi

2037 2016 2222 2070 sobole
2253 2007 2603 2086 praedicasse.
2631 2015 2758 2073 llaec
2798 2027 2853 2072 et
2896 2017 3003 2072 alia
3039 2017 3238 2073 similia
3271 2014 3338 2072 de
3378 2017 3613 2087 Origene

2034 2106 2195 2161 etiam
2231 2117 2340 2161 tum
2375 2121 2540 2177 puero
2575 2107 2901 2165 referuntur.
2931 2107 3194 2164 caeterum
3226 2117 3379 2178 patre
3407 2116 3613 2180 marty-

2039 2197 2103 2251 rii
2154 2213 2414 2251 coronam
2456 2199 2683 2268 adepto,
2725 2199 2842 2270 ipse
2878 2215 3002 2254 cum
3052 2209 3224 2255 matre
3259 2209 3315 2256 ct
3368 2202 3612 2270 parvulis

2039 2288 2302 2345 fratribus
2355 2307 2582 2347 numero
2633 2307 2727 2347 sex
2785 2293 2954 2348 orbus
3002 2293 3223 2349 relictus
3275 2303 3377 2357 est,
3409 2308 3608 2348 annum

2039 2395 2206 2452 agens
2231 2381 2408 2437 aetatis
2434 2384 2724 2453 septimum
2753 2384 3049 2439 decimum.
3077 2383 3142 2437 Et
3163 2385 3418 2453 quoniam
3443 2383 3612 2438 facul-

2041 2483 2179 2534 tates
2214 2475 2385 2544 patris
2415 2475 2466 2529 in
2498 2475 2686 2530 iiscum
2720 2475 2989 2546 principis
3028 2475 3189 2530 illatae
3229 2474 3494 2542 fuerant,
3541 2477 3610 2530 ad

2037 2580 2305 2620 summam
2328 2566 2566 2620 omnium
2591 2581 2774 2620 rerum
2805 2565 3089 2636 penuriam
3124 2581 3231 2622 una
3268 2581 3393 2622 cum
3421 2580 3609 2622 neces-

2040 2657 2373 2713 situdinibus
2399 2659 2513 2712 suis
2543 2647 2818 2725 redactus,
2851 2659 3052 2713 divinae
3088 2657 3458 2714 Providentiae
3491 2675 3606 2714 me-

2040 2749 2147 2801 ruit
2189 2749 2475 2804 auxilium.
2514 2749 2788 2821 Exceptus
2833 2752 2975 2806 enim
3003 2762 3061 2808 et
3092 2751 3425 2809 rel‘ocillatus
3455 2763 3540 2810 est
3574 2769 3604 2808 a

2042 2844 2289 2891 matrona
2329 2838 2565 2906 quadam
2596 2838 3017 2908 opulentissima
3053 2849 3109 2895 et
3143 2841 3342 2911 alioqui
3372 2841 3605 2905 eximia;

2039 2927 2132 2981 sed
2170 2941 2295 2998 qua‘.
2325 2927 2743 2984 celeberrimum
2769 2931 3061 3000 quemdam
3103 2932 3281 2986 virum
3320 2933 3609 2990 Antiochia

2039 3018 2349 3081 oriundum,
2390 3019 2776 3074 haereticorum
2806 3020 2899 3090 qui
2929 3030 3059 3077 tunc
3082 3030 3240 3077 erant
3271 3023 3612 3080 Alexandria:

2041 3115 2525 3177 prapugnatorcm.
2577 3108 2816 3164 fovebat.
2895 3110 3067 3177 Quem
3128 3112 3344 3180 quidem
3417 3113 3613 3168 mulier

2038 3200 2348 3269 adoptivum
2400 3199 2570 3254 lilium
2622 3216 2808 3256 secum
2848 3203 2992 3257 domi
3031 3204 3262 3272 habens,
3321 3205 3515 3259 mirum
3553 3205 3607 3259 in

2039 3292 2255 3346 modum
2300 3291 2786 3361 complectebatur.
2852 3295 2960 3349 Sed
3021 3293 3324 3366 Origenes,
3386 3297 3604 3352 tametsi

2036 3399 2159 3440 cum
2196 3383 2511 3453 supradicto
2553 3385 2670 3440 viro
2706 3388 3036 3443 necessitate
3072 3388 3385 3458 compulsus
3420 3404 3610 3445 versa-

2039 3488 2206 3542 retur,
2231 3492 2299 3532 ex
2320 3492 2387 3533 eo
2419 3486 2597 3532 tamen
2647 3486 2891 3548 tempore
2918 3493 3031 3535 suae
3062 3479 3116 3534 in
3146 3489 3294 3536 recta
3328 3479 3436 3536 ﬁde
3475 3481 3609 3535 reti-

2036 3567 2210 3622 nenda
2248 3566 2579 3623 constantiae
2619 3567 3045 3625 illustrissimum
3095 3571 3366 3642 specimen
3419 3572 3610 3628 edidit.

2036 3657 2316 3727 Siquidem
2359 3659 2745 3717 innumerabili
2778 3663 3123 3719 multitudine
3165 3678 3271 3718 non
3319 3665 3610 3720 haeretico-

2038 3767 2155 3807 rum
2189 3753 2349 3808 modo
2371 3793 2386 3818 ,
2427 3755 2522 3808 sed
2553 3756 2717 3810 etiam
2754 3766 3064 3810 nostrorum
3109 3755 3174 3809 ad
3207 3755 3430 3810 Paulum
3474 3756 3611 3825 (hoc

2035 3845 2177 3898 enim
2204 3845 2277 3899 illi
2313 3847 2433 3901 viro
2468 3862 2665 3901 nomen
2704 3846 2842 3917 fuit)
2877 3847 3121 3916 quotidie
3157 3841 3500 3912 confluente,
3543 3863 3612 3902 eo

2034 3937 2178 4005 quod
2206 3937 2520 4006 eloquentia
2542 3937 2810 3992 excellere
2837 3937 3148 3992 videretur:
3182 3937 3295 4007 ipse
3329 3951 3605 4006 nunquam

2035 4032 2222 4085 adduci
2255 4032 2430 4099 potuit
2463 4041 2522 4084 ut
2550 4046 2674 4084 cum
2712 4029 2880 4082 Paulo
2906 4028 2960 4083 in
2993 4028 3306 4097 precatione
3333 4029 3606 4082 consiste-

2035 4130 2116 4173 ret
2149 4119 2446 4176 :Ecclesiaa
2471 4120 2684 4176 scilicet
2718 4118 2956 4188 regulam
2984 4133 3210 4174 servans
3259 4133 3289 4171 a
3325 4133 3517 4186 puero,
3551 4127 3606 4172 et

2036 4222 2088 4265 ut
2117 4212 2346 4280 ipsemet
2388 4211 2586 4267 alicubi
2632 4212 2893 4282 loquitur,
2935 4211 3280 4267 abominatus
3323 4210 3610 4265 haeretico-

2036 4318 2153 4356 rum
2187 4303 2505 4373 dogmatum
2544 4304 3012 4373 praedicationem.
3051 4301 3221 4357 Porro
3251 4315 3374 4354 cum
3399 4313 3608 4368 graeca-

2037 4395 2173 4448 uicis
2205 4395 2505 4464 disciplinis
2545 4397 2780 4465 primum
2827 4411 2855 4448 a
2900 4404 3052 4464 patre
3106 4394 3344 4448 imbutus
3393 4390 3606 4455 luisset,

2035 4495 2089 4540 et
2125 4494 2244 4555 post
2273 4481 2513 4556 ejusdem
2551 4487 2757 4541 obitum
2784 4495 2955 4540 totum
2985 4499 3044 4539 se
3073 4483 3387 4541 liberalibus
3416 4482 3608 4537 studiis

351 4580 727 4635 vehementius
757 4578 1079 4642 addixisset,
1110 4577 1246 4630 adeo
1294 4585 1351 4628 ut
1388 4575 1746 4630 sullicientcm
1791 4591 1948 4630 nsum
1987 4589 2050 4626 ac
2082 4576 2329 4643 peritiam
2378 4575 2516 4630 artis
2575 4575 2944 4645 grammaticae
2993 4584 3273 4629 assecutus
3294 4572 3604 4627 videretur:

351 4671 513 4737 paulo
553 4682 674 4741 post
704 4670 874 4739 patris
911 4677 1139 4723 mortem
1188 4682 1306 4722 eam
1367 4676 1538 4720 artem
1606 4665 1902 4734 professus,
1941 4667 2251 4721 necessaria
2304 4667 2428 4724 vitae
2477 4666 2719 4721 subsidia
2769 4663 3004 4730 abunde,
3052 4673 3111 4718 ut
3173 4663 3224 4716 in
3272 4661 3361 4716 illa
3423 4671 3609 4721 actate.

350 4765 452 4818 sibi
481 4764 839 4832 comparavit.

878 4852 1274 4908 ΚΕΦΔΛΑΙΟΝ
1309 4853 1386 4906 Γ’.

433 4942 532 5008 Ὠς
564 4938 774 5007 κομιδῆ
798 4939 934 5006 νέος
956 4939 1042 4992 ὢν
1069 4940 1177 4994 τὸν
1204 4939 1456 5008 Χριστοῦ
1476 4939 1662 5010 λόγον
1688 4938 1859 5006 ἐπρέ-

704 5014 924 5063 σϐευεν
948 5011 1087 5078 (Nic.
1124 5010 1194 5062 Η.
1239 5011 1303 5063 [ι’.
1334 5027 1386 5072 ν,
1420 5011 1472 5074 4,
1504 5010 1577 5080 5).

424 5100 737 5174 Σχολὰξοντι
760 5101 817 5154 δὲ
847 5100 962 5173 (l7)
990 5104 1056 5173 τῇ
1093 5101 1370 5173 διατριϐῇ,
1395 5100 1470 5164 ὥς
1505 5117 1609 5152 που
1640 5099 1732 5152 καὶ
1763 5098 1924 5162 αὐτὸς

425 5331 536 5400 (l6)
575 5334 832 5400 Merpt'ar
860 5333 1046 5404 ἔχειν.
1076 5334 1128 5387 In
1159 5335 1344 5388 rotlice
1372 5333 1626 5389 Medican
1649 5333 1845 5404 legitur
1864 5333 1926 5386 οὐ

358 5404 605 5472 μετρίαν,
651 5423 748 5458 nec
795 5405 951 5458 aliter
1000 5406 1051 5457 in
1112 5405 1386 5458 Mazarino
1416 5407 1625 5465 codice.
1673 5403 1844 5465 Fuk.,
1874 5413 1929 5456 et

358 5471 486 5542 δον.
518 5471 685 5525 Putth
713 5486 833 5542 post
878 5476 1229 5529 scribendum
1258 5485 1365 5530 est.
1400 5489 1467 5528 ex
1497 5473 1696 5529 iisdem
1716 5475 1927 5528 codici—

356 5541 475 5617 llus,
505 5544 580 5617 ὡς
599 5541 859 5617 ὲν-ᾂκείνῃ
878 5547 944 5616 τῇ
973 5545 1159 5617 ἡλικίᾳ
1179 5543 1436 5614 δαψιλῶς.
1455 5544 1740 5610 Quomodo
1762 5556 1926 5598 eitum

356 5614 408 5665 in
439 5616 625 5666 codice
657 5613 1398 5677 Regiorscrip'tum'liabetur.

427 5683 540 5755 (Π)
584 5683 940 5754 Σχολιὶζοντι
971 5683 1059 5738 δέ.
1093 5686 1174 5738 Ah
1201 5686 1285 5755 his
1324 5685 1500 5755 verbis
1533 5683 1799 5755 inchoavi
1833 5698 1926 5755 ca-

357 5766 450 5822 put
479 5753 721 5822 te‘rtiu’tn,
747 5765 964 5810 secutus
998 5754 1406 5810 distinctionem
1444 5754 1644 5809 llulini.
1675 5755 1744 5809 At
1772 5753 1929 5811 Citri-

2523 4839 2686 4913 205
2732 4840 2961 4898 CAPUT
3016 4839 3099 4896 Ill.

1981 4912 2002 4928 I'
2033 4935 2308 5003 Quomodo
2358 4933 2531 4987 adhuc
2573 4912 2858 4987 admodum
2903 4932 3208 4988 adolescens
3257 4932 3465 4988 verbum
3506 4934 3604 4989 Dei

2660 5005 2984 5072 prwdicavit.

2100 5097 2308 5153 Interea
2355 5111 2484 5151 vero
2531 5109 2652 5150 cum
2705 5107 2864 5149 nemo
2913 5101 3222 5164 superesset
3257 5093 3602 5149 Alexandria:

2023 5327 2438 5396 stophorsonus.
2477 5333 2532 5378 et
2558 5330 2719 5390 caput
2743 5323 2843 5376 hoc
2872 5321 3011 5376 male
3043 5319 3325 5396 distinxit,
3353 5327 3407 5373 et
3434 5318 3596 5373 verba

2025 5391 2146 5468 quae
2169 5395 2706 5468 ittgtitulolcguntur,
2737 5407 3021 5468 perperam
3063 5399 3162 5468 c_st_
3187 5391 3593 5468 interpretatus.

2025 5458 2206 5524 Codex
2229 5465 2366 5520 Fttk.
2401 5458 2564 5534 cap'ut
2602 5466 2705 5518 hoc
2737 5463 2771 5534 5
2801 5458 3009 5534 orditur
3051 5459 3119 5514 ab
3141 5459 3233 5534 _his
3264 5458 3443 5534 verbis
3475 5474 3596 5529 qua:

2025 5540 2283 5610 leguntur
2305 5528 2693 5610 paulo-supra,
2724 5533 2823 5604 τῆς
2843 5547 2910 5610 γε
2932 5530 3036 5610 μὴν
3075 5529 3168 5610 τοῦ
3192 5528 3402 5610 πατρδς
3439 5528 3598 5607 περιτ-

2025 5598 2234 5671 ουσίας,
2268 5598 2375 5662 etc.
2421 5605 2526 5659 Sed
2562 5598 3012 5659 'nobiscnmfa'cit
3037 5601 3203 5671 codex
3238 5598 3469 5671 Regius.
3500 5598 3593 5665 Qui

2026 5665 2433 5746 caput'iuchoat
2455 5677 2523 5729 ab
2546 5673 2862 5746 hisverbis,
2894 5673 3053 5735 Ἔτος
3078 5670 3122 5724 δ’
3153 5665 3288 5741 ἦγεν
3322 5665 3596 5726 δκτωκιιι

2023 5743 2269 5816 δέκατον,
2296 5755 2426 5814 etc.,
2451 5745 2610 5816 paulo
2644 5743 2806 5799 infra.
