4112 6428
563 360 670 418 527

1271 357 1544 415 EUSEBII
1586 357 2064 425 CESARIENzlS
2101 359 2252 415 OPP.
2298 359 2478 414 PARS
2512 313 2581 415 Ι..
2608 394 2670 403 -
2708 360 3106 418 HlSTOlllCA.

3744 357 3843 424 διε

3493 483 3582 505 ’.ομ

561 482 653 552 qui
684 476 962 535 tradendis
980 475 1103 532 lidei
1134 485 1336 532 nostra:
1364 479 1689 534 rudimentis
1709 494 1934 548 operam
1967 480 2119 536 daret

2249 481 2542 552 ἐγγράφως
2577 482 2796 553 ἱστορεῖ,
2835 480 3063 553 μηδενός
3090 499 3150 536 τε
3179 480 3270 537 ἐπὶ
3299 482 3396 556 τῆς
3435 483 3844 558 Ἀλεξανδρείας

558 571 815 628 omnibus
851 570 922 623 oh
952 569 1349 639 persecutionis
1389 580 1592 624 metum
1634 572 1808 640 pulsis
1835 586 1897 626 ac
1918 569 2138 643 fugatis,

559 662 777 734 quidam
840 675 905 715 ex
974 661 1269 731 gentilibus
1344 661 1517 731 ipsum
1578 661 1779 717 schol-.1:
1852 663 2139 718 etiamtum

558 763 844 809 vacantem
877 763 1046 821 atque
1081 753 1298 807 allixum
1324 792 1339 817 ,
1378 761 1434 805 ut
1473 754 1538 808 de
1578 768 1637 810 se
1682 754 1883 811 alicubi
1926 758 2140 824 scribit,

556 847 831 910 adierunt,
883 846 1108 900 vei-hum
1144 844 1238 901 Dei
1270 859 1337 900 ex
1369 850 1443 899 ‘eo
1472 846 1733 901 audituri.
1795 846 1945 904 Inter
2004 866 2141 919 quos

554 940 792 1010 primum
822 936 989 993 fuisse
1025 922 1256 994 testatur
1286 935 1639 993 Plutarchum
1672 957 1685 993 :
1714 940 1804 1008 qui
1832 950 1951 1009 post
1974 942 2139 997 vitam

556 1030 788 1087 honeste
821 1038 1157 1087 transactam
1176 1066 1191 1094 ,
1218 1045 1375 1086 sacro
1404 1030 1566 1085 etiam
1615 1032 1880 1103 martyrio
1908 1048 2141 1087 corona-

559 1135 643 1180 tus
691 1132 795 1180 est.
865 1122 1176 1178 Secundum
1222 1121 1512 1180 lleraclam
1561 1123 1802 1190 ejusdem
1861 1123 2137 1181 Plutarchi

479 1223 488 1231 '
554 1216 781 1272 fratrem
814 1235 828 1270 :
865 1216 955 1285 qui
995 1231 1119 1270 cum
1142 1215 1285 1285 'ipse
1318 1230 1533 1285 quoque
1579 1216 1971 1288 philosophica:
2015 1219 2139 1274 vitae

556 1322 622 1364 ac
677 1306 1057 1363 districtioris
1092 1306 1378 1375 cujusdam
1451 1306 1755 1377 disciplima
1810 1292 2136 1368 documenta

553 1400 787 1470 plurima
813 1400 954 1469 apud
996 1400 1170 1468 ipsum
1196 1400 1542 1470 praebuisset,
1593 1409 1714 1472 post
1757 1413 1987 1457 mortem
2036 1401 2138 1458 De-

552 1493 738 1547 metrii
789 1490 1173 1545 Alexandriam
1236 1491 1388 1547 urbis
1435 1493 1753 1562 episcopatu
1805 1494 2000 1564 dignus
2053 1502 2138 1549 est

552 1584 790 1640 habitus.
850 1583 1064 1637 Annum
1108 1596 1269 1653 porro
1327 1584 1503 1638 {etatis
1561 1591 1817 1639 octavum
1862 1584 2132 1639 deciinum

551 1674 746 1745 agebat
793 1682 918 1729 tunc
969 1690 1091 1729 cum
1137 1673 1549 1730 catechumenis
1604 1674 1954 1731 instituendis
1995 1692 2132 1747 prae-

550 1766 729 1823 fectus
752 1775 858 1821 est.
897 1767 1016 1833 Quo
1045 1766 1098 1820 in
1139 1781 1367 1822 munere
1396 1767 1666 1822 maximos
1708 1767 1840 1823 fecit
1882 1783 2134 1839 progres-

2244 573 2323 645 τῷ
2349 576 2610 645 κατηχεῖν
2638 574 3020 645 ἀνακειμένου,
3055 573 3273 629 πάντων
3312 575 3368 629 δὲ
3415 575 3844 648 ἀπεληλαμένων

2245 665 2349 719 ὑπὸ
2372 666 2469 737 τῆς
2507 664 2737 737 ἀπειλῆς
2760 665 2856 718 τοῦ
2896 665 3158 736 διωγμοῦ,
3192 666 3500 738 προσῄεσαν
3526 667 3681 738 αὐτῷ
3705 686 3845 735 τινες

2242 754 2351 808 ἀπὸ
2376 755 2481 808 τῶν
2527 754 2695 808 ἐθνῶν
2726 756 3082 827 ἀκουσόμενοι
3109 756 3199 810 τὸν
3228 756 3383 827 λόγον
3427 759 3522 812 τοῦ
3552 758 3718 813 Θεοῦ.
3745 756 3844 816 Ὧν

2243 848 2456 921 πρῶτον
2479 848 2900 919 ἐπισημαίνεται
2924 849 3206 919 γεγονέναι
3230 850 3593 923 Πλούταρχον,
3620 854 3685 920 ὃς
3708 854 3845 927 μετά

2240 938 2300 992 τὸ
2330 938 2517 1009 βιῶναι
2544 939 2654 1011 (18)
2717 940 2918 1007 καλῶς,
2958 941 3051 995 καὶ
3113 942 3395 1014 μαρτυρίῳ
3437 943 3565 1016 θείῳ
3613 965 3845 1001 κατεκο-

2245 1028 2423 1101 σμήθη
2450 1046 2462 1060 ·
2489 1029 2740 1102 δεύτερον
2786 1026 2845 1085 Ἢ
2857 1032 3060 1103 ρακλᾶν
3090 1032 3183 1086 τοῦ
3200 1033 3545 1107 Πλουτάρχου
3584 1037 3841 1107 ἀδελφὸν,

2237 1118 2296 1182 ὃς
2321 1119 2382 1191 δὴ
2413 1121 2507 1173 καὶ
2534 1120 2698 1184 αὐτὸς
2737 1123 2867 1193 παρ’
2912 1121 3060 1195 αὑτῷ
3091 1120 3353 1196 πλείστην
3392 1126 3689 1197 φιλοσόφου
3720 1128 3839 1199 βίου

2238 1212 2331 1264 καὶ
2377 1211 2664 1283 ἀσκήσεως
2711 1213 2982 1280 ἀπύδειξιν
3047 1216 3383 1287 παρασχὼν,
3419 1219 3522 1290 τῆς
3580 1220 3834 1288 Ἀλεξαν-

2236 1301 2408 1373 δρέων
2442 1302 2579 1373 μετὰ
2622 1306 2933 1375 Δημήτριον
2966 1307 3274 1377 ἐπισκοπῆς
3298 1307 3565 1375 ἀξιοῦται.
3600 1313 3768 1377 Ἔτος
3793 1313 3839 1366 δ’

2234 1389 2369 1464 ἦγεν
2414 1395 2878 1450 ὀκτωκαιδέκατον
2903 1435 2918 1462 ,
2955 1399 3078 1451 καθ’
3119 1399 3148 1451 ὃ
3196 1398 3290 1453 τοῦ
3330 1400 3428 1472 τῆς
3470 1405 3841 1475 κατηχήσεως

2235 1480 2476 1558 προέστη
2516 1486 2909 1542 διδασκαλείου.
2955 1491 3042 1542 Ἐν
3141 1492 3234 1544 καὶ
3266 1494 3565 1563 προκόπτει
3606 1496 3705 1549 ἐπὶ
3730 1497 3839 1549 τῶν

2234 1580 2377 1633 κατά
2401 1580 2631 1635 Ἀκύλαν
2654 1583 2752 1655 τῆς
2792 1582 3197 1655 Ἀλεξανδρείας
3222 1589 3525 1660 ἡγούμενον
3548 1591 3833 1661 διωγμῶν,

2232 1671 2322 1724 ὅτε
2354 1672 2447 1725 καὶ
2477 1673 2711 1743 μάλιστα
2754 1674 3037 1747 διαϐόητον
3075 1680 3344 1749 ἐκτήσατο
3377 1681 3526 1753 παρά
3556 1684 3697 1737 πᾶσι
3724 1688 3839 1750 τοῖς

2235 1762 2342 1817 ἀπὸ
2364 1765 2464 1836 τῆς
2508 1767 2743 1831 πίστεως
2766 1769 3112 1840 ὁρμωμένοις
3137 1770 3373 1843 τοῦνομα
3392 1814 3406 1835 ,
3434 1774 3501 1827 δι’
3533 1775 3602 1846 ἣν
3627 1776 3833 1830 ἐνεδεί-

549 1871 646 1912 sus
692 1865 934 1926 tempore
993 1856 1441 1928 persecutionum
1493 1857 1709 1912 illarum
1764 1872 1893 1928 quae
1931 1859 2119 1929 Aquila

2232 1872 2394 1909 κνυτο
2422 1858 2558 1930 πρὸς
2583 1858 2829 1924 ἅπαντας
2857 1861 2981 1925 τοὺς
3009 1861 3195 1929 ἁγίους
3224 1863 3474 1932 ἀγνῶτας
3503 1868 3598 1920 καὶ
3625 1868 3833 1939 γνωρί-

549 1947 930 2017 praefecturam
964 1955 1186 2019 gerente
1202 1946 1552 2011 Alexandriae
1578 1949 1948 2017 contigerunt.
1980 1948 2130 2006 Tunc

548 2040 817 2109 siquidem
841 2040 985 2109 apud
1015 2040 1303 2095 universos
1346 2040 1531 2095 ﬁdeles
1567 2042 1862 2095 maximam
1893 2043 2130 2099 nominis

546 2130 925 2186 celebritatem
967 2130 1197 2200 adeptus
1233 2140 1356 2199 est,
1400 2135 1472 2187 oh
1516 2131 1704 2187 sedula
1746 2131 2132 2195 benevolentia:

545 2229 712 2291 atque
744 2220 1101 2277 humanitatis
1127 2221 1324 2289 ollicia,
1354 2237 1477 2290 qua:
1516 2222 1772 2278 omnibus
1805 2224 2009 2281 sanctis
2035 2225 2129 2281 Dei

545 2314 881 2382 martyribus
901 2313 1044 2369 notis
1075 2307 1282 2383 pariter
1301 2324 1463 2384 atque
1495 2314 1695 2384 ignotis
1720 2317 2133 2388 promptissime

544 2404 861 2460 exhibebat.
899 2403 1088 2475 Neque
1117 2406 1265 2460 enim
1310 2405 1418 2460 illis
1451 2405 1716 2462 hactenus
1767 2422 1953 2463 comes
2001 2410 2130 2463 adc-

546 2506 655 2562 rat,
694 2498 820 2552 dum
855 2497 909 2552 in
940 2497 1168 2552 vinculis
1204 2507 1405 2565 essent,
1436 2508 1530 2553 aut
1559 2499 1685 2554 dum
1728 2501 1795 2554 ad
1828 2510 2127 2556 extremam

544 2601 721 2657 usque
758 2587 1095 2643 sententiam
1130 2587 1599 2659 interrogarentur
1630 2607 1645 2643 :
1672 2592 1766 2644 sed
1811 2604 1930 2661 post
1960 2592 2126 2646 latam

545 2694 765 2750 quoque
798 2681 1158 2745 sententiam,
1201 2696 1321 2735 cum
1351 2682 1687 2738 sanctissimi
1745 2698 2016 2756 martyres
2058 2686 2127 2740 ad

542 2773 870 2841 supplicium
922 2774 1344 2839 adducerentur,
1401 2774 1520 2845 ipse
1558 2775 1870 2831 incredibili
1928 2778 2125 2832 liducia

539 2865 839 2934 praeditus,
900 2874 955 2919 et
1011 2866 1257 2935 pericula
1326 2867 1439 2937 ipsa
1500 2881 1806 2936 provocans
1884 2869 2123 2925 astabat.

541 2957 693 3012 Adeo
731 2968 792 3015 ut
839 2962 1214 3026 saepenumero
1243 2974 1366 3012 eum
1414 2956 1678 3015 audacter
1721 2960 2026 3027 accederet,
2072 2971 2128 3017 et

542 3059 814 3119 martyres
836 3062 1050 3104 summa
1089 3065 1213 3106 cum
1239 3050 1494 3107 libertate
1518 3050 1706 3107 osculo
1736 3049 2029 3118 salutaret,
2056 3054 2124 3108 ab

540 3141 732 3197 insana
761 3141 1041 3212 gentilium
1068 3144 1418 3199 multitudine
1438 3147 1830 3200 circumstante
1850 3144 2123 3216 lapidibus
2155 3214 2192 3233 ﬁ

532 3232 760 3303 tamjam
813 3231 1127 3288 obruendus
1168 3234 1472 3301 videretur,
1513 3234 1617 3291 nisi
1661 3235 1908 3291 dextram
1957 3236 2120 3291 divini

537 3327 792 3384 Numinis
824 3327 993 3383 semel
1012 3327 1334 3398 adjutricem
1361 3335 1572 3395 nactus,
1590 3336 1789 3397 praeter
1808 3327 2119 3398 opinionem

536 3420 778 3475 omnium
835 3420 1126 3475 evasisset.
1177 3418 1375 3474 Eadem
1426 3418 1516 3473 illa
1560 3419 1740 3474 divina
1790 3434 1854 3474 ac
1886 3418 2122 3475 emleslis

539 3512 711 3582 gratia
742 3512 889 3567 illum
918 3512 1100 3567 multis
1125 3523 1256 3567 tunc
1283 3511 1500 3567 insidiis
1538 3513 1848 3582 appetitum
1888 3513 1958 3569 ob
1982 3512 2122 3568 ﬁdu-

459 3595 471 3599 ’
536 3606 681 3660 ciam
717 3617 883 3676 atque
907 3605 1245 3660 alacritatem
1283 3604 1337 3659 in
1371 3604 1716 3673 praedicanda
1748 3603 1954 3661 Christi
1991 3605 2116 3671 lide,

538 3696 673 3753 alias
722 3697 920 3752 iterum
971 3707 1137 3767 atque
1179 3696 1338 3763 alias,
1399 3699 1499 3753 ne'e
1543 3697 1652 3752 dici
1698 3696 2120 3768 potest'quoties

536 3789 811 3845 liberavit.
851 3789 1025 3845 Porro
1067 3789 1303 3860 gentiles
1336 3790 1475 3845 adeo
1518 3801 1809 3846 cruentum
1839 3790 1889 3846 ei
1920 3790 2117 3847 bellum

537 3882 874 3948 indixerant,
903 3894 961 3937 ut
984 3884 1036 3937 in
1056 3899 1219 3939 unum
1239 3883 1449 3938 collecti
1475 3898 1540 3939 ac
1566 3883 1869 3955 conglobati
1894 3883 2115 3941 domum

537 3972 590 4027 in
621 3988 727 4042 qua
760 3973 1042 4038 manebat,
1072 3973 1353 4044 dispositis
1386 3975 1651 4031 militibus
1680 3976 2016 4041 obsiderent,
2048 3978 2118 4033 ob

535 4063 940 4119 multitudinem
1000 4064 1160 4135 205
1213 4079 1399 4120 eorum
1451 4066 1540 4135 qui
1577 4080 1749 4120 saera:
1806 4066 1926 4121 lidei
1976 4068 2117 4122 rudi-

533 4165 718 4210 menta
757 4156 824 4209 ab
860 4157 980 4226 ipso
1020 4157 1419 4227 percipiebant.
1473 4156 1876 4211 Persecntionis
1932 4166 2111 4212 autem

530 4247 684 4301 furor
715 4256 1001 4316 tantopere
1024 4247 1289 4303 adversus
1310 4263 1432 4303 eum
1469 4248 1874 4302 accendebatur
1894 4248 1946 4304 in
1972 4250 2109 4313 dies,

530 4348 590 4393 ut
612 4348 724 4394 tota
749 4338 1241 4394 Alexandrinorum
1262 4340 1455 4394 civitas
1477 4339 1705 4394 ulterius
1723 4340 1897 4410 ipsum
1915 4356 2111 4411 capere

528 4444 636 4483 non
678 4438 897 4500 posset;
930 4429 1054 4484 dum
1085 4444 1145 4485 ex
1176 4429 1299 4485 aliis
1341 4431 1562 4501 quidem
1609 4430 1819 4486 uadibus
1871 4432 1923 4487 in
1974 4432 2109 4489 alias

525 4523 727 4594 migrat
757 4541 768 4577 :
797 4520 1037 4592 undique
1087 4540 1217 4580 vero
1267 4524 1572 4595 exagitatus
1602 4523 1842 4595 fugatur,
1882 4534 2107 4595 propter

2236 1967 2370 2021 μους
2401 1950 2684 2025 μάρτυρας
2713 1952 2959 2020 δεξίωσίν
2984 1972 3044 2008 τε
3069 1955 3164 2009 καὶ
3195 1958 3520 2030 προθυμίαν.
3555 1961 3630 2014 Οὐ
3669 1962 3834 2032 μόνον

2231 2042 2341 2114 γὰρ
2385 2044 2443 2097 ἐν
2487 2044 2706 2116 δεσμοῖς
2751 2048 3145 2118 τυγχάνουσιν,
3185 2051 3306 2105 οὐδὲ
3345 2053 3535 2125 μέχρις
3585 2053 3833 2125 ὑστάτης

2233 2134 2560 2205 ἀποφάσεως
2601 2138 3043 2211 ἀνακρινομένοις
3091 2127 3290 2214 συνῆν,
3332 2143 3467 2197 ἀλλά
3524 2146 3617 2198 καὶ
3690 2146 3832 2217 μετά

2230 2226 2435 2298 ταύτην
2457 2228 2824 2300 ἀπαγομένοις
2852 2231 2951 2303 τὴν
2978 2232 3071 2286 ἐπὶ
3098 2232 3314 2304 θανάτῳ
3348 2237 3459 2299 τοῖς
3483 2235 3660 2304 ἁγίοις
3689 2234 3832 2306 μάρ-

2230 2332 2351 2372 τυσι
2376 2320 2540 2392 πολλῇ
2577 2322 2644 2393 τῇ
2674 2320 2953 2395 παρρησία
2998 2323 3316 2396 χρώμενος,
3362 2327 3456 2380 καὶ
3499 2327 3669 2397 ὁμόσε
3717 2329 3829 2388 τοῖς

2232 2411 2495 2475 κινδύνοις
2540 2410 2730 2484 χωρῶν
2749 2428 2762 2441 ·
2789 2411 2929 2464 ὥστε
2971 2413 3073 2483 ἤδη
3103 2413 3264 2468 αὑτὸν
3304 2414 3593 2486 προσιόντα
3618 2413 3833 2486 θαρσα-

2230 2504 2386 2569 λέως.
2407 2508 2498 2559 καὶ
2527 2507 2652 2582 τοὺς
2682 2505 2966 2578 μάρτυρας
3000 2506 3136 2576 μετά
3170 2506 3368 2579 πολλῆς
3396 2506 3713 2579 παρρησίας
3741 2524 3829 2576 φι-

2228 2596 2429 2669 λήματι
2454 2597 2949 2670 προσαγορεύοντα,
2978 2598 3235 2663 πολλάκις
3260 2601 3547 2671 ὲπιμανεὶς
3575 2602 3604 2653 ὁ
3632 2602 3697 2653 ἐν
3733 2601 3829 2653 κύο

2230 2688 2340 2759 κλῳ
2374 2688 2480 2742 τῶν
2504 2690 2673 2743 ἐθνῶν
2706 2690 2897 2760 δῆμος,
2932 2690 3128 2761 μικροῦ
3154 2691 3263 2744 δεῖν
3299 2692 3642 2759 κατέλευσεν,
3671 2694 3721 2746 εἰ
3749 2692 3824 2763 μὴ

2227 2783 2325 2853 τῆς
2348 2781 2497 2847 θείας
2520 2781 2698 2849 δεξιᾶς
2735 2783 2931 2855 βοηθοῦ
2960 2784 3215 2852 καθάπαξ
3244 2784 3549 2855 τυγχάνων,
3583 2785 3826 2857 παραδό-

2229 2873 2334 2939 ξως
2357 2863 2742 2946 διεδίδρασκεν.
2775 2876 2839 2928 Ἠ
2868 2875 2913 2929 δ’
2935 2877 3072 2948 αὐτὴ
3103 2876 3221 2930 θεία
3242 2878 3336 2929 καὶ
3363 2876 3611 2949 οὐράνιος
3634 2877 3819 2947 χάρις,

2227 2967 2414 3021 ἄλλοτε
2445 2967 2607 3021 πάλιν
2636 2968 2730 3021 καὶ
2757 2968 2939 3032 πάλιν,
2968 2967 3064 3022 καὶ
3097 2969 3206 3022 οὐδ’
3234 2968 3381 3022 ἐστιν
3403 2969 3593 3032 δσάκις
3617 2970 3817 3031 εἰπεῖν,

2225 3059 2324 3131 τῆς
2352 3060 2489 3129 ἄγαν
2518 3061 2647 3131 περὶ
2679 3059 2770 3112 τὸν
2798 3059 3033 3133 Χριστοῦ
3076 3059 3230 3129 λόγον
3276 3060 3585 3132 προθυμίας
3619 3077 3684 3113 τε
3726 3058 3820 3114 καὶ

2229 3149 2540 3222 παρρησίας
2567 3149 2752 3203 ἕνεκεν
2780 3190 2794 3214 ,
2820 3150 3122 3223 τηνικαῦτα
3147 3151 3625 3222 ἐπιϐουλευόμενον
3653 3152 3817 3204 αὑτὸν

2226 3242 2566 3312 διεφύλαττε.
2596 3244 2862 3308 Τοσοῦτος
2891 3245 2935 3299 δ’
2962 3241 3032 3317 ἦν
3078 3245 3185 3318 ἄρα
3213 3246 3321 3299 τῶν
3347 3247 3592 3300 ἀπίστων
3619 3249 3647 3301 ὁ
3679 3246 3817 3317 πρὸς

2224 3332 2385 3386 αὐτὸν
2411 3334 2665 3405 πόλεμος,
2687 3333 2763 3398 ὡς
2793 3335 2887 3388 καὶ
2912 3337 3218 3407 συστροφὰς
3248 3336 3648 3407 ποιησαμένους
3679 3336 3811 3407 (19),

2225 3422 2558 3496 στρατιώτας
2597 3426 2747 3498 αὑτῷ
2792 3428 2921 3500 περὶ
2977 3424 3068 3480 τὸν
3111 3420 3257 3481 οἷκον
3307 3427 3434 3481 ἔνθα
3489 3427 3812 3497 κατέμενεν,

2222 3519 2532 3590 ἐπιστῆσαι,
2563 3518 2652 3573 διὰ
2672 3518 2733 3573 τὸ
2760 3519 2964 3591 πλῆθος
2994 3520 3102 3573 τῶν
3142 3521 3211 3573 τά
3255 3522 3351 3593 τῆς
3383 3522 3536 3593 ἱερᾶς
3575 3520 3813 3583 πίστεως

2220 3611 2640 3683 κατηχουμένων
2668 3613 2797 3685 παρ’
2838 3612 3008 3683 αὐτῷ.
3036 3613 3191 3667 Οὕτω
3233 3613 3288 3666 δὲ
3329 3613 3600 3685 ὁσημέραι
3632 3615 3662 3666 ὁ
3689 3612 3810 3666 κατ’

2219 3703 2381 3757 αὐτοῦ
2407 3704 2645 3775 διωγμὸς
2675 3704 2948 3769 ἐξεκάετο,
2976 3704 3052 3770 ᾡς
3080 3704 3276 3777 μηκέτι
3296 3706 3495 3776 χωρεῖν
3518 3704 3680 3758 αὐτὸν
3712 3704 3811 3775 τὴν

2219 3796 2399 3849 πᾶσαν
2433 3795 2825 3867 Ἀλεξανδρέων
2852 3797 3026 3861 πόλιν,
3045 3796 3227 3860 οἴκους
3249 3795 3347 3867 μὲν
3378 3794 3437 3860 ἐξ
3458 3794 3622 3849 οἴκων
3645 3794 3806 3865 ἀμεί-

2218 3885 2398 3951 ϐοντα,
2418 3886 2750 3957 πανταχόθεν
2770 3887 2826 3940 δὲ
2847 3888 3202 3959 ἐλαυνόμενον
3242 3888 3340 3957 τῆς
3362 3883 3598 3958 πληθύος
3618 3886 3805 3939 ἕνεκεν

2216 3976 2323 4029 τῶν
2354 3976 2420 4029 δι’
2443 3976 2607 4030 αὑτοῦ
2631 3980 2695 4048 τῇ
2718 3977 2838 4048 θείᾳ
2860 3978 3191 4049 προσιόντων
3206 3975 3537 4049 διδασκαλία·
3566 3977 3688 4032 ἐπεὶ
3712 3977 3805 4031 καὶ

2213 4068 2283 4123 τὰ
2293 4068 2433 4124 κατά
2446 4069 2643 4141 πρᾶξιν
2656 4070 2790 4142 ἔργα
2806 4070 2976 4142 αὐτῷ,
2994 4072 3368 4141 γνησιωτάτης
3381 4069 3695 4140 φιλοσοφίας
3715 4086 3805 4123 κα-

2212 4159 2538 4233 τορθώματα
2552 4158 2610 4215 εὖ
2637 4162 2780 4233 μάλα
2794 4161 3078 4234 θαυμαστὰ
3094 4165 3388 4235 περιεῖχεν.
3408 4158 3531 4215 Οἷον
3558 4161 3689 4230 γοῦν
3709 4160 3799 4215 τὸν

2211 4251 2397 4321 λόγον,
2432 4252 2631 4305 τοιόνδε
2668 4255 2798 4322 φασὶ
2822 4253 2911 4307 τὸν
2944 4255 3163 4324 τρόπον,
3195 4255 3288 4307 καὶ
3317 4248 3427 4308 οἷον
3458 4253 3549 4307 τὸν
3574 4252 3796 4325 τρόπον,

2209 4342 2407 4396 τοιόνδε
2434 4343 2628 4396 καὶτὸν
2651 4342 2805 4411 λόγον
2819 4343 3179 4397 ἐπεδείκνυτο.
3205 4344 3295 4396 Διὸ
3313 4343 3376 4416 δὴ
3409 4343 3644 4416 μάλιστα
3674 4360 3797 4396 συν-

2208 4433 2502 4504 αιρομένης
2545 4434 2692 4505 αύτῴ
2737 4434 3021 4504 δυνάμεως
3066 4435 3250 4498 θείας,
3301 4435 3531 4507 μυρίους
3599 4433 3793 4504 ἐνῆγεν

2206 4525 2299 4579 ἐπὶ
2329 4526 2419 4579 τὸν
2449 4508 2614 4580 αὑτοῦ
2644 4526 2823 4597 ζῆλον.
2870 4526 3087 4595 Ἐπειδὴ
3116 4526 3171 4580 δὲ
3214 4525 3359 4598 ἐώρα
3395 4525 3652 4598 φοιτητὰς
3692 4526 3788 4597 ἤδη

598 4683 713 4755 (l8)
752 4682 914 4738 Μετὰ
955 4683 1022 4757 τό
1061 4682 1296 4757 βιῶναι.
1330 4682 1498 4757 Hujus
1528 4683 1678 4740 verbi
1726 4683 2103 4757 vi_m_acpro-

2222 4687 2486 4757 μοναχοῖς,
2532 4685 2650 4756 ούχὶ
2691 4687 2803 4749 τοῖς
2832 4684 3101 4754 βιωτικοῖς
3129 4687 3308 4757 μόνον.
3340 4684 3510 4740 Porro
3543 4701 3607 4757 eo
3631 4702 3787 4757 quem

523 4754 809 4821 prietatem
848 4770 953 4808 non
989 4755 1370 4808 intellexerunt
1398 4754 1915 4825 interpretes.B:0~3v
1948 4755 2103 4809 Chri-

521 4826 684 4879 stiani
716 4825 1010 4893 scriptores
1040 4825 1295 4879 dixerunt
1349 4842 1445 4895 pro
1480 4840 1545 4879 eo
1577 4826 1717 4893 quod
1753 4834 1834 4877 est
1879 4825 2101 4879 saecula-

519 4911 630 4949 rem
660 4895 821 4950 vitam
850 4910 1020 4965 agere.
1051 4894 1141 4965 Sic
1167 4895 1500 4964 Epiphanius
1524 4895 1578 4950 in
1603 4897 1789 4950 haeresi
1820 4895 2103 4949 Dositheo-

474 4979 667 5026 -rum.
695 4975 749 5020 et
806 4967 857 5019 in
888 4964 1105 5019 ihzcresi
1142 4980 1193 5026 ι,
1252 4973 1309 5019 ut
1363 4967 1572 5019 notavit
1619 4968 1701 5019 vir
1756 4966 2101 5019 doctissimus

520 5037 583 5090 Ι).
607 5035 860 5090 Petavius
885 5036 937 5088 in
959 5034 1138 5104 cap.75
1160 5034 1207 5088 Μ
1218 5035 1613 5088 iscellanearum
1644 5036 2097 5101 exercitationum,

518 5121 654 5173 quas
692 5106 760 5159 ad
820 5106 1022 5160 calcem
1078 5103 1276 5159 Juliani
1309 5106 1497 5159 edidit.
1532 5106 1739 5175 Quippe
1786 5104 1899 5175 βίος
1931 5121 2101 5159 mcu-

518 5176 627 5229 lum
658 5185 758 5237 est,
792 5186 850 5228 ut
892 5184 1090 5243 praeter
1131 5176 1278 5227 lucos
1323 5175 1518 5228 ibidem
1574 5191 1602 5227 a
1646 5178 1865 5230 t’etavio
1908 5176 2102 5228 citatos

516 5247 679 5300 docet
707 5247 1127 5316 Clu-ysostontus
1160 5246 1455 5316 inhoniilia
1480 5245 1637 5316 9,02
1687 5246 2015 5316 eleernosynn
2051 5254 2099 5298 et

514 5317 690 5371 decem
714 5314 1024 5386 uirginibus,
1050 5314 1314 5387 παρθένος
1345 5315 1729 5387 ἀποταξαμένη
1757 5314 1833 5387 τῷ
1852 5314 1973 5387 βίῳ.
2000 5315 2100 5387 So-

516 5369 775 5456 ;omentts
796 5369 855 5440 in
884 5386 975 5440 lib.
997 5369 1089 5446 vn,
1127 5369 1247 5453 cap.
1282 5369 1509 5452 [ἶνιιιιιιη
1535 5369 1738 5456 ’Ζηνων
1766 5369 1822 5439 δέ
1852 5369 1947 5439 ’ἔτί
1980 5384 2099 5449 νέος

511 5453 611 5529 ῶν,
629 5455 730 5529 βίῳ
752 5457 846 5513 καὶ
866 5458 1027 5529 γάμῳ
1046 5457 1452 5527 ἀπαγορεύσας,
1469 5468 1528 5529 et
1551 5459 1600 5529 in
1616 5453 1719 5509 ‘lih’.
1742 5472 1857 5529 νιιιἐ
1879 5456 2093 5529 cap.25.

512 5525 653 5598 [line
677 5525 761 5582 θἐι
789 5533 930 5598 quod
952 5525 1371 5598 Chrysostmnus
1394 5529 1445 5598 in
1483 5525 1777 5598 Epistolum
1819 5526 1982 5598 Pauli
2024 5528 2094 5579 ad

512 5595 819 5660 Romanos,
852 5595 1077 5652 humilia
1110 5596 1201 5662 σε,
1249 5611 1354 5650 non
1399 5597 1554 5666 longe
1603 5597 1670 5649 ab
1706 5596 1862 5650 initio
1906 5595 2091 5665 βιωτι-

512 5667 643 5731 κούς
683 5679 839 5723 vocat
888 5670 1131 5722 homines
1181 5667 1507 5729 szccularcs,
1555 5680 1691 5733 quos
1719 5667 1876 5736 vulgo
1921 5669 2091 5720 laicos

511 5737 767 5800 dicimus.
792 5754 998 5806 eosque
1024 5754 1053 5791 a
1093 5739 1428 5807 presbyteris
1462 5737 1745 5807 distinguit
1788 5746 1875 5807 et,
1912 5752 2093 5790 mona-

509 5808 649 5874 chis,
690 5808 902 5873 δεικνὺς
926 5809 1007 5863 ὄτι
1044 5808 1216 5863 ταῦτα
1240 5808 1581 5862 διατάττεται
1611 5806 1702 5860 καὶ
1744 5806 1970 5879 ἱερεῦσι,
1995 5807 2090 5860 καὶ

2208 4756 2317 4826 dixi
2355 4772 2518 4809 sensu
2554 4757 2925 4826 accipiendum
2964 4757 3052 4809 hic
3115 4756 3233 4809 esse
3282 4761 3507 4809 verbum
3560 4756 3786 4826 βιῶναι,

2210 4824 2405 4879 docent
2434 4827 2744 4894 sequentia.
2779 4824 2858 4878 Ex
2890 4828 3097 4880 duolms
3142 4827 3289 4880 enim
3319 4824 3570 4893 Origenis
3623 4828 3786 4882 disci-

2210 4896 2376 4962 pulis,
2409 4896 2637 4950 alterum
2680 4896 2730 4949 in
2760 4896 2958 4950 sarculo
2986 4898 3367 4950 honestissime
3395 4896 3595 4950 vixisse
3625 4900 3777 4961 dicit,

2206 4965 2439 5019 alterum
2491 4982 2641 5027 vero.
2676 4966 2957 5019 lleraclam
3004 4968 3244 5030 nomine,
3286 4967 3545 5022 clericum
3596 4966 3781 5022 fuisse.

2204 5032 2259 5109 [σί
2282 5037 2437 5109 enim
2475 5047 2668 5109 sonant
2713 5036 3048 5109 luceret-ha.
3082 5036 3340 5107 πλείστην
3371 5037 3465 5109 καὶ
3493 5036 3782 5109 φιλοσόφου

2205 5102 2323 5179 βίου
2341 5105 2457 5179 ᾼκαὶί
2502 5108 2786 5179 ἀσκήσεως
2822 5104 3091 5171 ἀπόδειξιν
3134 5102 3454 5179 παρασχών.

2276 5176 2387 5245 (l9)
2435 5176 2788 5245 Συστρόρὶις
2848 5176 3312 5245 ποιησαμένους.
3408 5176 3610 5245 Sttpple
3662 5178 3784 5240 τοὺς

2202 5243 2485 5314 ἀπίστους.
2508 5248 2577 5299 At
2605 5243 2830 5299 ltulinus
2854 5259 2910 5300 et
2931 5243 3462 5314 tLhriStnphorsenus
3487 5243 3601 5303 haec
3623 5250 3782 5302 verba

2206 5313 2447 5387 referunt
2495 5319 2561 5369 ad
2608 5331 2797 5387 vocem
2830 5313 3201 5387 στρατιώτας,
3255 5317 3416 5380 male,
3466 5328 3521 5371 ut
3568 5318 3778 5387 Opinor.

2202 5383 2386 5457 Neque
2418 5389 2564 5457 enim
2595 5385 2798 5441 Cra-cae
2827 5383 3025 5457 lingula:
3056 5387 3356 5457 proprietas
3384 5387 3531 5442 hunc
3558 5383 3775 5442 sensum

2203 5455 2458 5508 admittit.
2494 5455 2834 5525 Nicephorius
2867 5454 2994 5526 vero
3024 5454 3256 5526 pessime
3296 5454 3438 5511 lnme
3472 5459 3646 5511 locum
3683 5472 3774 5510 ac-
3806 5504 3812 5510 .

2201 5527 2365 5591 cepit,
2401 5528 2556 5594 quasi
2590 5524 2839 5595 discipuli
2875 5524 3146 5595 Origenis,
3198 5528 3303 5579 vim
3341 5527 3582 5582 ell‘eratte
3608 5527 3779 5596 plebis

2202 5596 2380 5657 veriti,
2435 5596 2668 5650 militare
2715 5598 3021 5664 praesidium
3076 5599 3143 5651 ad
3176 5599 3262 5651 sui
3295 5599 3518 5652 tutelam
3563 5601 3777 5653 ascive-

2201 5666 2326 5741 rint.
2376 5665 2430 5719 lu
2477 5669 2635 5741 codd.
2671 5664 2809 5719 Μία.
2843 5676 2896 5741 ct.
2928 5667 3081 5741 Med.
3118 5677 3239 5737 post
3275 5668 3499 5741 verbum
3554 5684 3780 5741 ποιησα-

2201 5734 2394 5807 μένους
2421 5737 2664 5806 apposita
2694 5747 2776 5793 est
2805 5734 3203 5804 subdistinctio,
3237 5740 3462 5809 Optime.
