4112 6428
313 369 436 425 5‘23

1366 375 1714 434 HISTORIA}
1755 373 2311 431 ECCLESIASTICE
2350 374 2481 430 LIB.
2526 373 2612 429 Vl.

3502 371 3609 428 530

316 488 555 553 πλείους
606 490 945 562 προσιόντας,
984 491 1133 562 αὑτῷ
1180 490 1326 563 μόνῳ
1375 493 1474 562 τῆς
1519 491 1614 546 τοῦ
1667 493 1906 563 κατηχεῖι

2033 491 2309 561 ingentem
2338 503 2621 545 numerum
2663 503 2850 542 eorum
2881 504 3017 557 quos
3045 486 3160 556 ipse
3196 489 3262 542 ad
3300 472 3604 544 doctrinam

310 583 613 654 διατριϐῆς
661 582 766 634 ὑπὸ
805 583 1117 653 Δημητρίου
1147 583 1240 636 τοῦ
1287 586 1385 656 τῆς
1430 584 1756 656 Ἐκκλησίας
1795 601 1923 654 προ-

311 672 565 735 εστῶτος
622 673 1125 745 ὲπιτετραμμένης,
1178 675 1506 746 ἀσύμφωνον
1575 675 1924 746 ἡγησάμενος

310 764 422 833 τὴν
450 764 560 815 τῶν
588 763 992 834 γραμματικῶν
1017 765 1189 834 λόγων
1219 765 1564 820 διδασκαλίαν
1602 769 1667 838 τῇ
1697 767 1831 837 πρὸς
1855 764 1922 819 τὰ

311 850 449 905 Gaia
478 851 819 922 παιδεύματα
861 853 1110 923 ἀσκήσει,
1147 855 1220 925 μὴ
1254 854 1546 925 μελλήσας,
1574 855 1921 927 ἀπορρήγνυ-

311 962 408 999 (rw
446 945 543 999 ᾰτε
573 945 823 1016 ἀνωφελῆ
861 946 954 1000 καὶ
983 948 1094 1008 τοῖς
1127 947 1293 1017 ἱεροῖς
1325 947 1640 1019 μαθήμασιν
1673 947 1919 1001 ἐναντίαν

307 1038 420 1108 τήν
471 1038 580 1090 τῶν
627 1037 1029 1110 γραμματικῶν
1079 1037 1251 1105 λόγων
1294 1038 1597 1110 διατριϐήν.
1650 1035 1784 1091 Εἶτα
1834 1038 1919 1090 λο-

308 1130 512 1200 γισμῷ
542 1130 835 1201 καθήκοντι
861 1131 936 1194 ὡς
971 1131 1033 1183 ἂν
1079 1131 1152 1200 μή
1183 1131 1390 1199 γένοιτο
1424 1131 1523 1200 τῆς
1557 1131 1686 1202 παρ’
1715 1130 1917 1202 ἐτέρων

307 1221 648 1292 ἐπικουρίας
696 1222 898 1293 ἐνδεὴς,
940 1223 1150 1290 ὅσαπερ
1175 1219 1241 1293 ἦν
1270 1222 1417 1293 αὐτῷ
1459 1222 1630 1290 λόγων
1674 1221 1916 1292 ἀρχαίων

309 1314 589 1385 πρότερον
612 1317 1015 1386 συγγράμματα
1040 1314 1149 1385 (‘20)
1177 1314 1483 1382 φιλοκάλως
1505 1313 1920 1385 ἐσπουδασμένα

310 1407 612 1475 μεταδοὺς,
644 1408 757 1469 τοῖς
790 1407 894 1460 ὑπὸ
917 1406 1011 1460 τοῦ
1040 1407 1212 1462 ταῦτα
1242 1407 1552 1478 ἐωνημένον
1596 1405 1916 1477 φερομένοις

308 1498 473 1568 αὑτῷ
491 1499 770 1568 τέτταρσιν
791 1499 992 1562 ὀϐολοῖς
1007 1499 1106 1569 τῆς
1128 1502 1159 1571 ἡ
1171 1500 1340 1571 μέρας
1371 1501 1612 1568 ἠρκεῖτο,
1644 1497 1914 1561 πλείστοις

305 1607 368 1642 τε
400 1589 548 1642 ἔτεσι
572 1589 758 1643 τοῦτον
792 1591 1096 1659 φιλοσοφῶν
1119 1590 1341 1644 διετέλει
1374 1591 1463 1643 τὸν
1490 1590 1710 1662 τρόπον,
1736 1590 1914 1653 πάσας

308 1682 455 1746 ὔλας
481 1681 818 1754 νεωτερικῶν
856 1682 1159 1754 ἐπιθυμιῶν
1194 1682 1386 1735 ἑαυτοῦ
1435 1681 1907 1754 περιαιρούμενος,

308 1776 411 1828 καὶ
433 1775 523 1828 διὰ
552 1776 730 1846 πάσης
759 1775 855 1845 μὲν
880 1774 1094 1847 ἡμέρας
1114 1776 1174 1828 οὑ
1207 1777 1472 1844 σμικροὺς
1498 1775 1784 1846 ἀσκήσεως
1811 1791 1910 1826 κα-

312 1867 527 1937 μέιτους
555 1865 816 1931 ἁνατλῶν,
847 1866 940 1920 καὶ
968 1865 1069 1933 τῆς
1097 1866 1289 1927 νυκτὸς
1321 1865 1376 1916 δὲ
1415 1865 1506 1916 τὸν
1538 1862 1758 1916 πλείονα
1780 1861 1906 1933 χρό-

257 1947 262 1950 ’
307 1977 404 2013 νον
447 1962 568 2022 ταῖς
605 1958 712 2012 τῶν
756 1958 913 2011 θείων
955 1958 1185 2030 Γραφῶν
1220 1957 1406 2010 ἑαυτὸν
1433 1955 1713 2018 ἀνατιθεὶς
1747 1955 1903 2026 μελέ-

305 2069 460 2116 ταις,
493 2051 592 2122 βίῳ
616 2067 672 2104 τε
704 2051 778 2114 ὡς
819 2051 897 2104 ἔνι
945 2051 1177 2122 μάλιστα
1218 2049 1567 2122 ἐγκαρτερῶν
1601 2049 1904 2118 φιλοσοφω-

306 2143 486 2213 τάτῳ,
516 2143 634 2196 τοτὲ
667 2143 766 2212 μὲν
794 2144 907 2206 τοῖς
935 2143 989 2196 ὲν
1019 2143 1254 2205 ἀσιτίαις
1287 2141 1610 2211 γυμνασίοις
1641 2140 1902 2194 ένασκού-

314 2249 506 2303 μενος,
548 2233 667 2285 τοτὲ
706 2232 760 2285 δὲ
807 2231 1243 2302 μεμετρημένοις
1280 2233 1393 2292 τοῖς
1433 2229 1574 2282 κατά
1605 2229 1696 2282 τὸν
1739 2229 1904 2284 ὕπνον

310 2328 554 2396 καιροῖς,
581 2321 642 2380 οὗ
680 2325 1114 2396 μεταλαμϐάνειν
1155 2322 1261 2375 οὐδ’
1291 2323 1426 2386 ὅλως
1457 2322 1547 2374 ἐπὶ
1592 2321 1900 2394 στρωμνῆς,

309 2417 433 2470 ἀλλ’
465 2419 556 2471 ἐπὶ
588 2417 850 2485 τοῦδαφος
890 2416 976 2470 διὰ
1020 2415 1253 2485 σπουδῆς
1293 2417 1549 2467 ἐποιεῖτο.
1596 2415 1819 2467 Πάντων
1847 2414 1903 2474 δὲ

314 2509 556 2579 μάλιστα
587 2508 684 2572 τὰς
712 2508 1074 2577 εὑαγγελικᾶς
1100 2507 1194 2560 τοῦ
1223 2507 1473 2576 Σωτῆρος
1506 2504 1695 2579 ,φωνὰς
1733 2505 1904 2574 φυλα-

310 2600 482 2664 κτέας
509 2597 647 2653 εἶναι
687 2599 824 2670 ᾤετο
860 2599 989 2662 δεῖν,
1020 2598 1120 2662 τάς
1149 2615 1207 2650 τε
1236 2598 1363 2667 περὶ
1393 2596 1484 2649 τοῦ
1517 2598 1590 2668 μὴ
1620 2596 1713 2649 δύο
1739 2597 1901 2667 χιτῶ-

310 2709 414 2754 νας
441 2691 563 2762 μηδ’
592 2691 900 2762 ὑποδήμασι
941 2689 1173 2761 χρᾶσθαι
1206 2688 1595 2760 παραινούσας,
1629 2688 1761 2759 μηδὲ
1797 2689 1901 2759 μὴν
1954 2715 1960 2720 ·

308 2786 437 2846 ταῖς
478 2783 604 2853 περὶ⁵
630 2781 722 2834 τοῦ
757 2781 1038 2852 μέλλοντος
1073 2779 1266 2851 χρόνου
1300 2777 1545 2849 φροντίσι
1578 2778 1899 2849 κατατρίϐε-

312 2874 459 2928 σθαι.
509 2871 668 2928 Ἀλλὰ
694 2874 788 2928 καὶ
821 2872 1025 2944 μείζονι
1063 2874 1161 2944 τῆς
1189 2872 1402 2944 ἡλικίας
1434 2872 1711 2944 προθυμίᾳ
1756 2873 1901 2944 χρώ-

314 2983 498 3037 μενος,
522 2968 579 3019 ὲν
604 2966 764 3038 ψύχει
793 2967 886 3019 καὶ
903 2966 1197 3036 γυμνότητι
1219 2965 1611 3035 διακαρτερῶν,
1635 2966 1714 3028 είς
1735 2964 1902 3036 ἀκρον

308 3074 372 3110 τε
404 3057 847 3128 ὑπερϐαλλούσης
888 3059 1025 3128 ἀκτη
1037 3057 1274 3128 μοσύνης
1301 3055 1540 3110 ἐλαύνων
1563 3095 1576 3119 ,
1607 3059 1732 3120 τοὺς
1763 3058 1899 3127 ἀμφ’

311 3149 476 3203 αὑτὸν
504 3150 584 3214 εἰς
602 3149 672 3202 τὰ
699 3149 932 3220 μάλιστα
953 3149 1289 3220 κατέπληττε
1309 3164 1323 3178 ο
1364 3148 1591 3219 μυρίους
1618 3148 1714 3219 μὲν
1747 3149 1902 3211 ὅσους

2014 3162 2226 3217 nierum
2287 3157 2778 3214 exercitationibus
2840 3155 3132 3209 insudabat

311 3239 501 3294 λυπῶν
531 3239 856 3311 εὐχομένους
896 3239 1044 3310 αὑτῷ
1077 3241 1355 3293 κοινωνεῖν
1389 3237 1497 3291 τῶν
1526 3239 1900 3316 ὑπαρχόντων,

304 3323 379 3380 δι’
405 3331 500 3396 οὓς
529 3331 714 3404 ἑώρων
749 3333 908 3387 αὑτὸν
938 3333 1257 3404 εἰσφέροντα
1293 3334 1421 3402 περὶ
1462 3333 1561 3405 τὴν
1592 3332 1743 3385 θείαν
1769 3331 1906 3384 διδα-

314 3425 546 3477 σκαλίαν
589 3427 883 3496 καμάτους.
935 3425 1009 3478 Οὑ
1064 3426 1168 3496 μὴν
1212 3425 1373 3488 αὑτός
1417 3442 1479 3494 γε
1520 3424 1755 3488 ἐνδιδοὺς
1787 3428 1905 3488 ταῖς

314 3517 654 3588 καρτερίαις,
684 3517 898 3586 λέγεται
924 3517 1054 3586 γοῦν
1092 3517 1184 3569 κα)⁸
1222 3516 1482 3570 πλειόνων
1509 3515 1646 3568 ἐτῶν
1676 3517 1778 3585 γῆν
1809 3534 1904 3568 πε-

316 3615 640 3686 πατηκέναι,
685 3616 872 3686 μηδενὶ
911 3615 1177 3686 μηδαμῶς
1205 3616 1543 3686 κεχρημένος
1577 3615 1901 3685 ὑποδήματι,
1955 3667 1959 3670 ,

314 3708 450 3764 ἀλλά
487 3710 580 3762 καὶ
622 3708 765 3763 οἴνου
809 3711 1056 3780 χρήσεως
1096 3708 1188 3761 καὶ
1224 3707 1336 3762 τῶν
1383 3707 1556 3761 ἄλλων
1612 3705 1762 3778 παρὰ
1806 3705 1903 3776 τὴν

314 3803 619 3872 ἀναγκαίαν
685 3803 891 3876 τροφὴν
951 3801 1223 3864 πλείστοις
1272 3800 1448 3852 ἔτεσιν
1498 3797 1901 3868 ἀπεσχημένος,

312 3893 455 3948 ὥστε
483 3895 583 3965 ἠδη
611 3897 690 3958 είς
735 3894 974 3948 κίνδυνον
1016 3893 1328 3963 ἀνατροπῆς
1363 3892 1458 3945 καὶ
1488 3890 1785 3961 διαφθορᾶς
1809 3891 1901 3944 τοῦ

314 3985 565 4058 Θώρακος
589 3987 702 4058 (2|)
735 3987 1069 4058 περιπεσεῖν.
1100 3983 1334 4039 Τοιαῦτα
1360 3984 1425 4054 δὴ
1462 3982 1753 4052 φιλοσόφου
1786 3982 1902 4052 βίου

313 4084 428 4144 τοῖς
461 4080 754 4151 θεωμένοις
774 4080 1028 4152 παρέχων
1050 4077 1441 4148 ὑποδείγματα,
1467 4075 1687 4139 εἰκότως
1702 4075 1794 4128 ἐπὶ
1814 4073 1903 4127 τὸν

313 4174 500 4244 ὅμοιον
530 4171 680 4242 αὑτῷ
707 4171 868 4240 ζῆλον
903 4171 1120 4235 πλείους
1153 4169 1430 4242 παρώρμα
1464 4168 1570 4221 τῶν
1610 4167 1900 4237 φοιτητῶν,

313 4265 455 4317 ὥστε
483 4264 582 4335 ἤδη
611 4265 704 4318 καὶ
729 4264 837 4316 τῶν
870 4264 1112 4316 ἀπίστων
1144 4261 1312 4315 ὲθνῶν
1333 4303 1346 4325 ,
1378 4261 1485 4323 τῶν
1519 4277 1578 4313 τε
1622 4260 1730 4313 ἀπὸ
1779 4277 1904 4314 παι-

312 4353 462 4417 δείας
486 4355 579 4407 καὶ
605 4353 941 4423 φιλοσοφίας,
979 4353 1039 4406 οὑ
1067 4353 1192 4415 τοὺς
1213 4351 1473 4420 τυχόντας
1498 4349 1806 4418 ὑπάγεσθαι
1833 4353 1899 4421 τῇ

311 4445 382 4499 δι’
408 4445 572 4500 αὑτοῦ
601 4445 921 4517 διδασκαλίᾳ
947 4445 1056 4516 (22)
1079 4462 1091 4474 ·
1118 4440 1199 4508 οἷς
1227 4444 1321 4500 καὶ
1366 4445 1548 4506 αὑτοῖς
1577 4443 1817 4514 γνησίως
1843 4443 1900 4496 ὲν

2028 584 2224 638 divina:
2265 582 2390 637 lidei
2440 581 2813 651 pertrahebat.
2884 581 3094 651 Quippe
3153 569 3452 650 quotidiani
3489 580 3605 651 ejus

2026 684 2203 736 actus,
2234 673 2530 727 verissima:
2563 673 2846 743 cujusdam
2888 673 3243 742 philosolihia:
3271 683 3323 728 et
3363 674 3606 728 admira-

2027 765 2152 820 bilis
2212 764 2517 834 disciplinae
2591 763 3000 818 absolutissima
3047 778 3208 834 opera
3261 765 3604 823 videbantur.

2023 859 2217 928 Atque,
2253 866 2310 910 ut
2351 857 2512 924 vulgo
2568 857 2790 920 dicitur,
2851 856 3030 926 qualis
3080 856 3276 919 oratio,
3327 857 3448 912 talis
3492 858 3609 926 ejus

2024 953 2129 1005 vita
2170 950 2392 1020 :qualis
2449 949 2581 1015 vita,
2653 947 2774 1002 talis
2830 949 3008 1002 oratio
3054 947 3172 1018 ejus
3233 948 3354 1002 fuit.
3431 948 3606 1014 Quam

2023 1043 2368 1112 potissimum
2392 1041 2460 1097 ob
2493 1055 2716 1095 causam
2747 1055 2869 1094 eum
2903 1041 3084 1093 divina
3117 1040 3290 1093 virtus
3310 1055 3429 1094 eum
3455 1038 3612 1108 adju-

2022 1146 2192 1202 varet,
2239 1136 2377 1191 alios
2415 1149 2629 1205 quoque
2667 1133 3094 1188 innumerabiles
3131 1133 3197 1186 ad
3241 1133 3606 1188 imitationem

2019 1230 2100 1282 sui
2137 1230 2470 1299 provocavit.
2495 1226 2630 1282 Cum
2662 1241 2792 1280 vero
2827 1225 3005 1296 plures
3042 1227 3287 1294 quotidie
3310 1224 3606 1295 discipulos

2019 1321 2347 1376 accedentes
2383 1319 2616 1386 videret,
2653 1327 2940 1388 prOpterea
2986 1319 3129 1388 quod
3181 1319 3603 1373 catechumeno-

2019 1430 2138 1468 rum
2173 1414 2447 1468 institutio
2474 1413 2572 1482 ipsi
2616 1413 2716 1467 soli
2749 1412 3003 1466 mandata
3041 1411 3220 1465 fuerat
3255 1429 3282 1464 a
3332 1412 3603 1466 Demetrio

2017 1507 2272 1576 episcopo
2320 1526 2333 1561 :
2381 1517 2536 1562 ratus
2587 1506 2958 1575 grammaticae
3012 1506 3145 1558 artis
3209 1503 3600 1573 professionem

2017 1615 2140 1654 eum
2186 1599 2383 1654 divina:
2439 1598 2561 1655 ﬁdei
2608 1600 2955 1653 institutione
3008 1598 3232 1661 minime
3269 1596 3597 1662 consentire,

2016 1692 2259 1746 scholam
2299 1691 2668 1762 grammaticae
2713 1691 3058 1752 litteratum,
3112 1698 3297 1758 tttpote
3354 1688 3597 1744 inutilem

2015 1791 2070 1837 et
2089 1783 2264 1837 sacris
2285 1781 2610 1852 jdisciplinis
2640 1780 2998 1845 contrariam,
3042 1779 3160 1834 sine
3191 1778 3316 1856 Nulla
3377 1788 3600 1834 cuneta-

2021 1875 2168 1928 tione
2225 1873 2444 1943 abjecit.
2502 1872 2707 1927 Deinde
2753 1871 3000 1940 prudenti
3044 1869 3270 1926 consilio
3325 1885 3476 1936 usus,
3533 1885 3600 1924 ne

2017 1964 2194 2017 alieno
2226 1963 2468 2017 subsidio
2496 1978 2630 2031 opus
2657 1959 3153 2027 baberet,vemiitis
3176 1958 3367 2028 prisczn
3395 1959 3598 2013 doctri-

2017 2070 2097 2108 na:
2134 2052 2496 2108 voluminibus
2525 2067 2645 2121 qua:
2669 2065 2839 2119 penes
2858 2065 2916 2104 se
2941 2048 3174 2103 habebat
3198 2047 3599 2117 elegantissime

2012 2146 2314 2210 elaborata,
2365 2153 2655 2198 contentus
2708 2143 2816 2196 fuit
2869 2151 3102 2210 quatuor
3157 2139 3332 2196 obolis
3379 2139 3473 2209 qui
3529 2140 3598 2194 ab

2013 2246 2257 2307 emptore
2285 2234 2626 2290 voluminum
2664 2234 2762 2303 ipsi
2800 2235 2851 2288 in
2886 2233 2999 2288 dies
3020 2231 3264 2302 singulos
3289 2231 3600 2301 pendeban-

2016 2340 2122 2384 tur.
2181 2326 2841 2399 llujusmodidisciplina
2897 2333 2950 2379 et
3005 2324 3164 2395 plane
3220 2323 3594 2393 philoSOphic-a

2012 2425 2222 2478 ratione
2247 2421 2483 2486 vivendi,
2523 2420 2768 2491 pluribus
2799 2419 3056 2486 deinceps
3098 2411 3272 2472 anuis.
3301 2416 3375 2470 uti
3407 2432 3598 2484 persc-

2010 2517 2244 2581 veravit,
2286 2513 2849 2583 omnes-juveniliqu
2897 2511 3253 2579 cupiditatum
3304 2509 3594 2564 illecebras

2012 2609 2247 2678 undique
2297 2608 2649 2663 submovens.
2721 2606 2799 2660 Ac
2853 2605 3046 2658 diurno
3089 2601 3305 2671 quidem
3350 2610 3597 2670 tempore

2010 2701 2360 2771 gravissimos
2412 2696 2825 2766 cuiusquemodi
2886 2692 3336 2749 exercitationum
3381 2691 3596 2745 labores

2012 2795 2279 2848 tolerabat
2309 2811 2322 2846 :
2356 2792 2530 2846 noctis
2555 2806 2681 2843 vero
2713 2787 3008 2843 maximam
3043 2795 3253 2856 partetn
3282 2784 3590 2839 divinarum

2013 2887 2416 2954 Scripturarum
2479 2882 2676 2938 studiis
2749 2877 3142 2948 impendebat,
3226 2877 3593 2931 severissimae

2012 2978 2192 3047 quoad
2254 2985 2468 3047 poterat
2524 2971 2882 3044 philosophiae
2939 2970 3151 3039 legibus
3219 2969 3594 3038 institutisque

2011 3069 2360 3137 semetipsum
2390 3079 2673 3121 coercens.
2701 3062 2911 3132 Quippe
2944 3062 3176 3116 interdiu
3202 3061 3419 3131 quidem
3449 3059 3593 3130 jeju-

3183 3170 3196 3206 :
3245 3161 3406 3208 noctu
3462 3167 3591 3208 vero

2010 3253 2185 3308 somni
2254 3250 2490 3321 Spatium
2537 3248 2980 3323 ‘dimetiebatur,
3052 3259 3290 3314 eumque
3364 3257 3470 3298 non
3535 3243 3590 3296 in

2007 3353 2223 3409 strato,
2284 3341 2378 3396 sed
2443 3355 2609 3410 super
2657 3339 2801 3392 nudo
2853 3338 2970 3392 solo
3029 3350 3226 3406 capere
3281 3333 3587 3404 satagebat.

2009 3434 2243 3488 Maxime
2273 3446 2406 3503 vero
2427 3430 2740 3500 evangelica
2784 3429 2874 3483 illa
2908 3426 3220 3483 Servatoris
3257 3427 3426 3481 nostri
3457 3441 3594 3497 pra:-

2007 3537 2166 3597 cepta
2194 3525 2534 3582 observanda
2569 3538 2691 3578 esse
2731 3523 2994 3588 ducebat,
3049 3520 3246 3589 quibus
3283 3535 3585 3583 monemur,

2010 3631 2118 3674 tum
2151 3634 2216 3673 ne
2245 3619 2380 3674 duas
2411 3615 2622 3671 tunicas
2651 3615 2971 3679 habeamus,
3018 3627 3156 3667 neve
3205 3611 3592 3666 calceamentis

2007 3703 2223 3766 utamur
2245 3726 2258 3775 ;
2281 3719 2393 3763 tum
2420 3722 2486 3762 ne
2512 3708 2578 3762 de
2604 3708 2844 3761 crastino
2861 3704 3085 3759 nimium
3105 3703 3322 3758 solliciti
3350 3711 3591 3757 uosnteto

2008 3805 2152 3873 ipsos
2178 3802 2577 3856 exeruciemus.
2617 3798 2722 3852 Sed
2753 3807 2801 3852 et
2834 3797 3044 3866 majore
3074 3811 3234 3866 quam
3286 3806 3420 3850 aetas
3447 3796 3589 3849 fere-

2008 3895 2097 3946 bat
2133 3891 2299 3944 animi
2329 3890 2547 3951 ardore,
2584 3888 2636 3941 in
2672 3886 2875 3954 frigore
2917 3901 2980 3940 ac
3026 3886 3271 3940 nuditate
3314 3894 3587 3954 perstans,

2005 3991 2058 4034 et
2082 3981 2148 4033 ad
2181 3994 2453 4034 summum
2473 3980 2801 4048 evangelica:
2831 3975 3168 4047 paupertatis
3195 3975 3407 4028 culmen
3429 3973 3594 4043 203

2005 4083 2249 4136 evectus,
2277 4069 2571 4125 familiares
2592 4085 2732 4124 suos
2767 4069 2969 4140 ingenti
3005 4067 3366 4122 admiratione
3397 4080 3591 4134 percu-

2007 4164 2086 4218 lit.
2137 4163 2214 4217 Ae
2268 4160 2468 4216 multos
2493 4161 2714 4229 quidem
2749 4175 2814 4215 ex
2847 4159 2983 4228 ipsis
3032 4155 3342 4212 incredibili
3400 4155 3588 4209 dolore

2007 4257 2205 4324 alTecit,
2243 4256 2333 4324 qui
2374 4256 2515 4310 bona
2552 4268 2649 4307 sua
2700 4268 2825 4307 eum
2891 4253 3008 4322 ipso
3071 4249 3265 4320 partiri
3305 4249 3586 4318 Optabant.

2006 4363 2129 4400 cum
2160 4347 2312 4400 illum
2354 4345 2550 4400 divina.-
2582 4342 2988 4414 praadicationis
3026 4340 3200 4410 gratia
3237 4349 3416 4394 tantos
3440 4339 3593 4393 labo-

2009 4457 2096 4495 res
2125 4439 2486 4494 sustinentem
2520 4437 2787 4492 viderent.
2844 4435 3234 4489 Verumtamen
3292 4433 3359 4503 de
3407 4432 3589 4502 vigore

314 4536 468 4609 βάθει
496 4535 672 4607 ψυχῆς
700 4537 798 4607 τὴν
846 4538 925 4598 εἰς
955 4535 1045 4588 τὸν
1089 4535 1230 4588 θεῖον
1269 4535 1425 4603 λόγον
1449 4534 1629 4587 πίστιν
1648 4534 1713 4586 δι’
1737 4531 1901 4586 αὑτοῦ

2014 4535 2315 4588 tolerantiae
2347 4530 2479 4586 nihil
2509 4546 2745 4599 unquam
2800 4527 3030 4584 remisit.
3092 4526 3288 4581 Multos
3326 4526 3455 4580 item
3491 4543 3588 4594 per

317 4629 794 4700 παραδεχομένοις,
825 4628 1146 4700 διαπρέπειν
1175 4626 1453 4680 συνέϐαινε
1488 4625 1631 4678 κατά
1659 4625 1750 4677 τὸν
1776 4625 1897 4677 τότε

313 4721 407 4774 τοῦ
456 4719 694 4791 διωγμοῦ
736 4721 946 4790 καιρὸν,
977 4719 1052 4782 ὼς
1098 4718 1191 4772 καί
1240 4736 1391 4784 τινας
1437 4717 1614 4771 αὐτῶν
1650 4715 1894 4781 ἁλόντας,

317 4812 602 4883 μαρτυρίῳ
624 4811 991 4880 τελειωθῆναι.

2009 4638 2189 4679 annos
2267 4623 2426 4676 nudis
2489 4622 2735 4690 vestigiis
2777 4620 3088 4674 ambulasse
3153 4617 3378 4682 dicitur,
3439 4618 3588 4670 nullo

2006 4717 2225 4784 penitus
2277 4713 2650 4769 Calceamento
2696 4727 2846 4765 usus.
2909 4709 3044 4764 Vino
3095 4724 3310 4778 quoque
3360 4718 3413 4763 et
3467 4711 3589 4764 aliis

2006 4807 2170 4858 rebus
2203 4818 2324 4872 quae
2359 4802 2424 4856 ad
2453 4804 2652 4855 victum
2682 4801 2859 4854 minus
2897 4799 3221 4853 necessaria:
3267 4806 3413 4862 sunt,
3463 4798 3590 4852 diu-

317 4905 525 4957 tissime
565 4905 824 4957 abstinuit
858 4922 872 4958 :
903 4919 1072 4972 usque
1107 4903 1241 4957 adeo
1303 4912 1360 4956 ut
1401 4912 1588 4969 pectus
1659 4900 1829 4970 ipsius
1871 4899 1923 4954 in
1981 4898 2361 4968 gravissimum
2413 4895 2784 4958 subversionis
2829 4892 3076 4965 labisque
3115 4890 3404 4946 discrimen
3448 4893 3587 4947 inci-

314 4999 488 5050 deret.
553 4993 871 5062 Hujusmodi
899 5010 1027 5065 ergo
1060 4994 1450 5065 philosophica:
1499 4993 1625 5047 vita:
1669 4993 1918 5062 exempla
1984 4989 2239 5043 omnibus
2299 4993 2588 5058 spectanda
2643 4987 2914 5056 prazhcns,
2957 4984 3140 5054 plures
3193 5000 3259 5038 ex
3314 4984 3593 5054 discipulis

317 5094 379 5142 ad
444 5089 798 5144 imitationem
868 5091 950 5144 sui
1011 5091 1204 5147 merito
1273 5089 1590 5160 provocavit
1623 5108 1636 5144 :
1671 5090 1741 5143 ita
1789 5098 1845 5142 ut
1882 5087 2032 5142 multi
2081 5103 2143 5139 ex
2189 5085 2480 5157 gentilibus
2542 5095 2654 5138 tum

382 5271 495 5342 (20)
553 5272 758 5340 Λόγων
819 5272 1081 5341 ἀρχαίων
1138 5272 1589 5342 συγγράμματα.
1667 5269 1891 5326 lluliuus

315 5340 689 5394 Biblidthecam
759 5340 1032 5412 gentilium
1100 5340 1419 5408 scripturum
1475 5343 1889 5411 interpretatur,

315 5412 507 5482 melius
554 5427 714 5480 quam
761 5413 1316 5482 Christophorsanus,
1371 5413 1458 5481 qui
1521 5413 1663 5466 hunc
1713 5413 1889 5466 locum

316 5481 530 5536 Eusebii
583 5485 647 5536 de
691 5481 823 5536 solis
877 5481 1118 5536 veterum
1156 5493 1431 5536 oratorum
1477 5483 1630 5536 libris
1657 5483 1887 5551 accepit.

313 5553 476 5623 Quasi
518 5566 647 5605 vero
676 5551 825 5623 λόγοι
853 5553 918 5606 de
949 5555 1077 5606 solis
1105 5553 1444 5606 orationibus
1478 5555 1749 5619 dicantur,
1785 5569 1890 5606 non

312 5621 474 5692 etiam
523 5625 590 5676 de
637 5621 993 5690 grammatica
1036 5631 1088 5676 et
1141 5623 1515 5692 philosophia;
1580 5633 1671 5676 aut
1735 5623 1892 5692 quasi

312 5687 576 5759 Origenes
623 5687 900 5746 oratorum
962 5687 1155 5746 libros-
1204 5687 1509 5754 duntaxat,
1545 5709 1653 5746 non
1713 5687 1892 5747 autem

314 5763 804 5836 grammaticorum
863 5762 1199 5836 distraxerit.
1276 5762 1550 5836 glusculus
1628 5763 1891 5836 quosdam

315 5845 697 5903 escerptorutn
749 5833 922 5889 libros
983 5834 1051 5888 ab
1111 5834 1226 5902 ipso
1271 5831 1502 5904 Origene
1561 5831 1894 5905 compositos

2758 5082 2990 5136 inomni
3051 5096 3250 5152 genere
3306 5081 3589 5146 doctrinm,

2000 5266 2213 5327 videtur
2245 5269 2595 5336 intellexisse.

2073 5342 2187 5410 (2i)
2223 5340 2333 5394 Τοῦ
2359 5339 2641 5408 θώρακος.
2674 5339 2838 5395 Recte
2865 5339 3093 5394 Ruﬁnus
3123 5346 3176 5392 et
3205 5337 3590 5410 Christophor-

2001 5408 2175 5466 sonus,
2203 5413 2532 5465 stoutachum
2563 5421 2875 5476 verterunt;
2931 5425 3055 5462 nam
3088 5408 3354 5460 subversio
3387 5417 3590 5461 atoma-

2001 5483 2085 5536 chi
2111 5483 2330 5550 preprie
2360 5482 2564 5536 dicitur
2591 5499 2619 5533 a
2651 5481 2964 5535 Dioscoride
2990 5491 3042 5550 et
3075 5478 3300 5550 Gjtlerto.

2074 5546 2187 5622 (2'2)
2215 5546 2300 5620 ’Τῇ
2342 5550 2630 5622 δι’ίαὺτοῦ
2679 5548 3271 5622 διδασκαᾴξςῑηϐοέιεκ
3303 5546 3592 5602 Medicmus

1998 5616 2248 5692 liabet'zf,
2273 5616 2467 5687 αὑτοῦ,
2506 5623 2721 5676 rectius.
2759 5619 2996 5692 Nautat’
3024 5616 3189 5692 αὑτοῦ
3219 5632 3283 5671 ex
3328 5627 3590 5692 sequente

2002 5693 2142 5747 linea
2173 5686 2276 5746 huc
2313 5686 2593 5761 irrepsisse
2624 5692 2858 5761 videtur.
2908 5690 3109 5761 llegius
3134 5697 3312 5741 tamen
3344 5686 3422 5761 et;
3447 5686 3586 5761 Mal.

2003 5765 2168 5817 codex
2213 5762 2349 5815 nihil
2395 5759 2629 5817 mutant.
2669 5760 2727 5818 lu
2762 5761 2898 5816 ναις.
2925 5760 3189 5830 scriptum
3217 5768 3328 5826 est,
3362 5759 3428 5827 τῇ
3463 5759 3588 5810 ἐαυο

2001 5832 2094 5886 τοῦ
2125 5832 2460 5902 διδασκαλίᾳ.
