4112 6428
297 315 435 375 5:55

1389 314 1748 375 HISTORIA
1787 305 2351 369 ECCLESIASTICJE
2392 304 2519 362 LIB.
2562 301 2649 359 Π.

3510 289 3615 345 δεδι

295 453 363 490 τι
408 440 575 512 πρὸς
603 439 799 512 ἑαυτὴν
827 438 1275 511 ἐπισκεψαμένην
1306 436 1441 508 (25),
1489 433 1855 509 ἐρωτηθεῖσαν
1907 461 1908 471 ι

2045 426 2269 484 vissime
2299 421 2696 485 excruciasset,
2723 417 2789 473 ad
2815 426 3120 472 extremum
3152 413 3530 470 interminatus
3564 411 3613 465 ei

297 532 576 602 κρίνειε,
603 533 858 605 τοιαύτην
885 533 1065 587 δοῦναι
1083 531 1392 603 ἀπόκρισιν,
1413 524 1558 597 δι’ἦς
1585 527 1757 582 ἐδόκει
1787 543 1933 580 νενο-

302 623 616 692 μιξῒμένον
650 641 703 676 τι
736 625 920 687 αὐτοῖς
965 622 1162 686 ἀσεϐὲς
1192 618 1657 691 ἀποφθέγξασθαι.
1692 619 1842 688 "Apta
1875 615 1931 668 δὲ

295 710 482 784 λόγῳ
516 715 611 768 τὸν
639 717 740 784 τῆς
776 715 1104 785 ἀποφάσεως
1130 715 1254 785 ὅρον
1283 710 1742 782 καταδεξαμένην,
1778 709 1806 760 ὁ
1828 707 1932 760 Βα-

300 803 584 877 σιλείδης
630 801 712 870 εἷς
751 823 835 869 τις
875 805 950 859 ὢν
995 805 1103 859 τῶν
1140 806 1196 857 ἐν
1247 804 1556 875 στρατείαις
1587 800 1928 872 ἀναφερομέ-

296 913 434 951 νων
471 900 616 967 (‘26),
648 898 852 967 ἀπάγει
899 897 1187 970 προλαϐὼν
1229 897 1326 968 τὴν
1362 897 1454 948 ἐπὶ
1480 894 1712 966 θανάτῳ.
1757 893 1845 955 Ὡς
1872 892 1929 946 δὲ

296 986 375 1041 τὺ
410 989 640 1060 πλῆθος
687 991 920 1060 ἐνοχλεῖν
967 990 1103 1062 αὐτῇ
1151 989 1244 1043 καὶ
1274 987 1592 1050 ἀκολάστοις
1627 982 1928 1058 ἐνυϐρίζειν

305 1081 584 1151 ῥήμασιν
603 1083 880 1154 ἐπειρᾶτο,
911 1083 939 1135 ὁ
972 1083 1068 1153 μὲν
1101 1078 1650 1153 ἀνεῖργενάποσοϐὦν
1683 1078 1809 1140 τοὺς
1852 1079 1929 1131 ἐν⁴

300 1171 688 1242 υϐρίζοντας,
722 1175 970 1227 πλεῖστον
1004 1173 1150 1226 ἔλεον
1177 1175 1265 1227 καὶ
1292 1171 1699 1244 φιλανθρωπίαν
1720 1172 1798 1232 είς
1828 1170 1926 1223 αὺ-

299 1264 423 1334 τὴν
477 1266 906 1335 ἐνδεικνύμενος,
943 1265 1056 1337 ἡδὲ
1101 1267 1200 1336 τῆς
1241 1266 1368 1337 περὶ
1390 1263 1557 1336 αὐτὴν
1586 1262 1928 1333 συμπαθείας

299 1352 716 1426 ἀποδεξαμένη
741 1356 834 1408 τὸν
861 1355 1030 1427 ἄνδρα
1077 1355 1299 1427 θαρρεῖν
1336 1353 1767 1426 παρακελεύεται
1787 1371 1800 1384 ⁸
1834 1352 1923 1418 ἐξ-

298 1448 658 1518 αιτήσεσθαι
695 1449 800 1520 γὰρ
838 1446 1001 1501 αὐτὸν
1033 1447 1392 1512 ἀπελθοῦσαν,
1425 1446 1574 1527 παρά
1602 1447 1695 1499 τοῦ
1726 1448 1926 1519 ἑαυτῆς

300 1538 569 1610 Κυρίου,
599 1541 691 1593 καὶ
719 1540 817 1593 οὐκ
840 1541 920 1604 είς
942 1540 1152 1612 μακρὸν
1177 1541 1285 1593 τῶν
1311 1541 1391 1603 εἰς
1409 1538 1578 1610 αὐτὴν
1604 1539 1926 1611 πεπραγμέο

299 1648 432 1684 νων
464 1633 566 1704 τὴν
592 1632 827 1704 ἀμοιϐὴν
852 1632 1133 1686 ἀποτίσειν
1167 1630 1330 1702 αὐτῷ.
1356 1630 1540 1684 Ταῦτα
1560 1629 1616 1683 δέ
1640 1629 1919 1694 εἰποῦσαν,

299 1723 600 1790 γενναίως
635 1722 732 1794 τὴν
763 1721 942 1788 ἔξοδον
966 1723 1280 1790 ὑποστῆναι,
1314 1723 1509 1793 πίττης
1534 1721 1781 1794 ἐμπύρου
1811 1722 1918 1792 (‘27)

2036 532 2158 574 esse
2181 514 2382 572 dicitur
2403 529 2464 569 se
2485 513 2632 569 illam
2669 507 3058 582 gladiatoribus
3091 504 3398 561 violandam
3443 505 3616 560 tradi-

2035 619 2237 665 turum.
2274 608 2347 662 At
2378 606 2468 663 illa
2499 619 2620 661 cum
2659 601 2942 674 paulisper
2964 614 3146 654 secum
3191 597 3306 669 ipsa
3342 611 3452 652 rem
3482 609 3612 665 per.

2033 703 2330 775 pendisset,
2381 701 2717 768 interrogata
2765 693 2892 765 quid
2941 691 3152 748 consilii
3182 701 3421 761 caperet,
3463 690 3612 762 ejus-

2034 797 2178 853 modi
2211 796 2383 851 fertur
2414 792 2630 848 dedisse
2661 799 2984 856 responsum
3034 785 3176 853 quod
3232 784 3454 854 impium
3491 797 3613 839 esse

2031 887 2326 958 gentilibus
2375 883 2682 940 videbatur.
2723 879 2980 934 Protinus
3031 878 3195 948 igitur
3235 876 3432 947 judicis
3483 891 3612 932 sen-

2033 977 2198 1030 tentia
2247 975 2560 1028 damnatam
2615 966 2880 1024 Basilides
2907 981 3046 1021 unus
3087 981 3151 1020 ex
3189 967 3614 1035 apparitoribus,

2031 1066 2098 1120 ad
2129 1064 2455 1135 supplicium
2492 1059 2730 1116 abducit.
2755 1057 3001 1126 Cumque
3026 1057 3218 1126 vulgus
3247 1071 3365 1111 eam
3393 1072 3616 1126 vevare,

2029 1169 2082 1213 et
2113 1157 2366 1212 ohsccnis
2417 1153 2601 1209 verbis
2647 1150 2874 1206 illudere
2907 1149 2955 1204 ei
3005 1159 3314 1214 conaretur,
3346 1149 3611 1206 Basilides

2029 1248 2246 1316 quidem
2277 1261 2369 1300 eos
2400 1245 2490 1316 qui
2522 1241 2908 1299 contumeliam
2940 1240 3130 1309 virgini
3170 1239 3445 1295 faciebant
3480 1251 3610 1294 abs-

2028 1345 2242 1392 terrens
2274 1337 2632 1406 propcllebat,
2665 1337 2946 1408 multaque
3004 1333 3390 1390 misericordia:
3417 1342 3473 1386 et
3511 1335 3610 1386 hu-

2029 1429 2306 1484 manitatis
2340 1443 2466 1498 erga
2519 1429 2668 1482 illam
2725 1429 3000 1500 prarbebat
3039 1426 3258 1482 iudicia.
3314 1424 3406 1478 Illa
3456 1439 3607 1487 vero,

2029 1521 2419 1592 benignitatem
2452 1520 2688 1576 hominis
2722 1537 2848 1589 erga
2880 1536 2939 1576 se
2972 1519 3208 1574 libenter
3249 1516 3605 1585 amplectens,

2027 1612 2167 1666 bono
2194 1613 2374 1666 animo
2396 1626 2520 1665 eum
2544 1625 2664 1666 esse
2685 1611 2881 1682 jussit;
2908 1628 2966 1666 se
2994 1627 3228 1681 namque
3255 1618 3374 1682 post
3396 1609 3602 1664 obitum

2026 1705 2254 1760 salutem
2289 1705 2456 1774 ipsius
2491 1720 2519 1759 a
2553 1705 2780 1761 Domino
2827 1706 3264 1775 impetraturam,
3309 1713 3364 1761 et
3409 1704 3600 1759 collata

301 1814 474 1867 κατὰ
516 1813 746 1886 διάφορα
789 1815 930 1886 μέρη
973 1814 1067 1868 τοῦ
1096 1814 1346 1885 σώματος
1378 1816 1474 1869 ἀπ’
1515 1815 1698 1886 ἄκρων
1743 1814 1908 1869 ποδῶν

2024 1802 2074 1855 in
2105 1815 2160 1854 se
2195 1799 2458 1855 beneﬁcia
2483 1799 2632 1855 brevi
2667 1809 3134 1855 reumneraturam
3163 1815 3300 1855 esse.
3331 1799 3454 1856 llaec
3476 1816 3598 1855 cum

303 1907 420 1959 καὶ
451 1908 617 1979 μέχρι
648 1909 893 1980 κορυφῆς
920 1908 1102 1980 ἡρέμα
1128 1910 1219 1962 καὶ
1243 1907 1386 1962 κατὰ
1415 1907 1588 1980 βραχὺ
1618 1909 1918 1981 περιχυθεί-

306 2015 427 2070 σης
465 2001 790 2071 umquam
821 2001 917 2074 μὲν
945 2001 1046 2071 τῆς
1069 2001 1310 2071 ἀοιδίμου
1334 2001 1502 2073 κόρης
1531 2001 1770 2065 τοιοῦτος
1789 2020 1918 2055 κατ·

302 2087 601 2158 ηγώνιστο
676 2087 856 2153 ἆθλος.
897 2093 971 2144 Οὐ
1023 2093 1232 2163 μακρὸν
1276 2093 1333 2147 δὲ
1365 2093 1556 2165 χρόνον
1577 2093 1838 2148 διαλιπὼν
1887 2098 1915 2148 ὁ

299 2180 666 2252 Βασιλείδης,
707 2183 868 2255 ὅρκον
905 2184 994 2237 διά
1017 2202 1136 2237 τινα
1173 2185 1349 2238 αἰτίαν
1381 2187 1514 2259 πρὸς
1542 2187 1653 2241 τῶν
1679 2204 1912 2259 συστρα-

304 2273 536 2326 τιωτῶν
561 2274 823 2344 αἰτηθεὶς,
863 2276 936 2344 μὴ
971 2275 1170 2341 ἐξεῖναι
1194 2277 1342 2350 αύτῷ
1367 2280 1426 2333 τὸ
1459 2281 1724 2351 παρὰπαν
1741 2282 1911 2353 ὀμνύ-

307 2382 410 2421 ναι
431 2367 820 2424 διεϐεϐαιοῦτο.
850 2371 1174 2442 Χριστιανὸν
1196 2373 1302 2445 γὰρ
1325 2375 1610 2445 ὑπάρχειν,
1633 2376 1730 2428 καὶ
1756 2376 1912 2430 τοῦτο

308 2460 588 2530 ἐμφανῶς
620 2462 922 2533 ὁμολογεῖν.
960 2464 1181 2530 Παίζειν
1208 2467 1306 2537 μὲν
1343 2463 1436 2522 οὖν
1469 2469 1748 2540 ἐνομίζετο
1773 2471 1911 2536 τέως

303 2552 611 2623 ταπρῶτα.
655 2553 741 2617 Ὠς
772 2553 828 2607 δὲ
859 2555 1133 2624 ἐπιμὸνως
1159 2556 1567 2629 ἀπισχυρίζετο,
1602 2561 1910 2629 ἀγεταιέπῖ

304 2642 411 2696 τὸν
477 2643 775 2716 δικαστὴν,
826 2647 910 2715 ἐφ’
959 2630 1025 2699 οὗ
1081 2647 1180 2718 τὴν
1240 2649 1490 2705 ἔνστασιν
1548 2653 1905 2726 ὁμολογήσας,

305 2734 543 2802 δεσμοῖς
580 2736 951 2807 παραδίδοται.
981 2737 1101 2790 Τῶν
1132 2739 1189 2792 δέ
1221 2740 1362 2794 κλιτά
1394 2741 1524 2795 Θεὸν
1556 2743 1797 2813 ἀδελφῶν
1832 2747 1908 2810 ὡς

305 2823 484 2877 αὐτὸν
507 2825 873 2895 ἀφικομένων,
898 2829 992 2881 καὶ
1019 2828 1116 2901 τὴν
1131 2831 1308 2885 αἰτίαν
1331 2832 1433 2904 τῆς
1459 2832 1661 2908 ἀθρόας
1687 2837 1780 2890 καὶ
1800 2855 1906 2891 πα-

309 2915 543 2989 ραδόξου
577 2919 779 2990 ταύτης
801 2921 978 2990 ὁρμῆς
1006 2922 1444 2993 πυνθανομένων,
1467 2925 1682 2994 λέγεται
1711 2931 1902 2996 εἰπεῖν,

307 3008 393 3071 ὡς
426 3009 532 3080 ἄρα
559 3010 897 3081 Ποταμίαινα
924 3013 1099 3085 τρισὶν
1129 3015 1351 3088 ὕστερον
1381 3017 1614 3088 ἡμέραις
1639 3019 1733 3071 τοῦ
1765 3037 1905 3095 μαρ-

305 3101 502 3171 τυρίου
539 3100 756 3171 νύκτωρ
780 3104 1069 3168 ἐπιστᾶσα,
1102 3105 1368 3174 στέφανον
1401 3107 1564 3160 αὑτοῦ
1601 3112 1667 3180 τῇ
1693 3109 1900 3183 κεφαλῇ
1932 3133 1971 3187 C

309 3191 602 3263 περιθεῖσα
642 3193 749 3264 εἴη,
793 3196 925 3266 φαίη
957 3213 1017 3248 τε
1044 3197 1521 3269 παρακεκληκέναι
1555 3200 1714 3273 χάριν
1741 3202 1904 3256 αὑτοῦ

307 3285 406 3338 τὸν
435 3285 658 3357 Κύριον,
692 3287 787 3341 καὶ
823 3288 923 3358 τῆς
974 3286 1252 3354 ἀξιώσεως
1285 3293 1663 3363 τετυχηκέναι,
1698 3295 1798 3348 οὐκ
1826 3298 1905 3361 είς

312 3376 529 3447 μακρόν
569 3394 628 3430 τε
676 3378 837 3430 αὐτὸν
889 3379 1318 3451 παραλήύεσθαι.
1363 3384 1484 3436 Ἐπὶ
1528 3385 1738 3449 τούτοις
1794 3387 1904 3439 τῶν

307 3467 557 3537 ἀδελφῶν
593 3469 694 3539 τῆς
721 3471 776 3522 ἐν
810 3471 999 3540 Κυρίῳ
1031 3473 1324 3543 σφραγῖδος
1353 3476 1690 3546 μεταδόντων
1731 3479 1900 3551 αὐτῷ,

306 3562 380 3629 τῇ
416 3559 710 3629 μετέπειτα
750 3563 930 3634 ἡμέρα
957 3563 1034 3634 τῷ
1065 3564 1159 3618 τοῦ
1185 3567 1385 3638 Κυρίου
1420 3568 1724 3642 διαπρέψας
1759 3590 1901 3647 μαρ-

308 3652 503 3724 τύρίῳ,
566 3653 663 3724 τὴν
718 3655 961 3727 κεφαλὴν
1021 3657 1407 3730 ἀποτέμνεται.
1474 3663 1584 3722 Καὶ
1642 3664 1789 3717 ἄλλοι
1845 3665 1901 3719 δὲ

310 3747 533 3811 πλείους
565 3748 672 3800 τῶν
710 3750 829 3802 κατ’
865 3750 1287 3824 Ἀλεξάνδρειαν,
1314 3752 1524 3826 ἀθρόως
1558 3755 1635 3827 τῷ
1665 3758 1899 3830 Χριστοῦ

306 3840 456 3911 λόγῳ
491 3840 804 3913 προσελθεῖν
847 3843 989 3897 κατά
1021 3846 1148 3909 τοὺς
1180 3846 1585 3920 δεδηλωμένους
1625 3852 1898 3924 ἱστοροῦν-

305 3949 422 3994 ται,
447 3931 523 3996 ὡς
546 3932 608 4003 δὴ
641 3933 763 3988 καθ’
794 3934 994 4001 ὕπνους
1013 3938 1112 4000 τῆς
1135 3939 1503 4014 Ποταμιαίνης
1541 3945 1898 4018 ἐπιφανείσης

309 4025 406 4078 καὶ
439 4025 529 4078 ἐπὶ
561 4026 650 4078 τὸν
679 4027 820 4080 θεῖον
842 4027 997 4096 λόγον
1032 4029 1519 4106 προσκεκλημὲνης
1543 4033 1651 4106 (‘28)
1675 4036 1891 4101 αὐτούς.

322 4112 482 4165 Ἀλλά
507 4114 676 4169 ταῦτα
699 4117 796 4186 μὲν
826 4109 927 4171 ὧδε
957 4118 1148 4188 ἐχέτω.

842 4279 1235 4335 ΚΕΦΑΔΛῘΟΝ
1269 4285 1357 4350 εῖν.

308 4371 450 4439 Περὶ
465 4370 805 4443 Κλήμεντος
821 4372 928 4426 τοῦ
945 4374 1371 4442 Ἀλεξαιι-δρέως
1389 4375 1528 4444 (Nic.
1549 4375 1597 4431 11
1604 4375 1676 4432 .E
1679 4381 1890 4451 .tv,53).

381 4464 676 4520 Πάνταινον
706 4464 762 4519 δέ
794 4466 1026 4537 Κλήμης
1059 4466 1165 4538 (29)
1205 4465 1600 4539 διαδεξάμενος,
1639 4471 1740 4542 τῆς
1771 4475 1891 4527 κατ’

2023 1892 2248 1947 dixisset
2302 1879 2532 1946 feivcnti
2567 1893 2684 1962 pice
2727 1907 2824 1961 per
2874 1893 3024 1947 varia
3075 1895 3323 1962 corporis
3359 1894 3600 1948 membra

2021 1985 2088 2040 ab
2115 1985 2246 2039 imis
2271 1985 2525 2056 pedibus,
2573 1987 2638 2039 ad
2675 1985 2851 2054 ipsum
2893 1999 3065 2056 usque
3112 1986 3307 2055 capitis
3341 1985 3599 2040 verticem

2020 2077 2163 2137 len.'e
2214 2092 2278 2132 ac
2325 2077 2586 2148 paulatim
2640 2076 2996 2142 circumfusa,
3047 2086 3278 2132 mortem
3326 2076 3598 2132 constanti

2019 2170 2202 2225 animo
2225 2171 2515 2238 pertulisse
2550 2180 2908 2225 memoratur.
2941 2170 3007 2224 Et
3040 2169 3346 2238 hujusmodi
3377 2171 3595 2240 quidem

2017 2269 2290 2315 certamen
2327 2261 2658 2316 nobilissima
2690 2261 2840 2332 virgo
2868 2262 3186 2318 dccertavit.
3220 2261 3382 2317 Brevi
3414 2267 3595 2315 autem

2015 2361 2199 2421 postea
2231 2351 2518 2417 Basilides,
2559 2369 2681 2408 cum
2737 2356 2806 2410 ob
2845 2354 3028 2409 nescio
3076 2361 3236 2424 quam
3291 2368 3509 2409 causam
3561 2369 3592 2408 a

2015 2445 2495 2501 contubernalibus
2522 2446 2640 2502 suis
2675 2458 3022 2502 sacramento
3064 2447 3396 2517 adigeretur,
3445 2448 3599 2504 nefas

2013 2536 2115 2592 sibi
2145 2551 2265 2592 esse
2293 2536 2579 2592 aﬂirntavit
2609 2538 2835 2593 omnino
2866 2538 3087 2607 jurare:
3113 2540 3309 2609 quippe
3327 2539 3593 2594 Christia-

2014 2644 2141 2683 num
2175 2643 2233 2684 se
2255 2643 2406 2697 esse,
2451 2629 2612 2699 idque
2643 2630 2820 2701 palam
2856 2631 3120 2700 profiteri.
3145 2630 3226 2685 Illi
3259 2632 3434 2702 primo
3464 2633 3590 2702 qui-

2009 2721 2134 2776 dem
2161 2722 2434 2778 homiuem
2457 2720 2635 2791 iocari
2668 2722 3102 2777 arbitrabantur.
3154 2723 3351 2778 Verum
3383 2737 3506 2778 eum
3539 2724 3593 2778 id

2011 2823 2326 2870 constanter
2357 2823 2724 2879 asseveraret,
2757 2818 2823 2870 ad
2863 2816 3100 2885 judicem
3149 2825 3234 2870 est
3277 2817 3589 2886 perductus.

2009 2905 2162 2975 Apud
2187 2922 2347 2976 quem
2378 2908 2504 2962 fidei
2528 2923 2638 2963 sum
2663 2910 3028 2963 constantiam
3058 2909 3355 2978 professus,
3388 2911 3442 2966 in
3473 2909 3593 2964 vin-

2009 2999 2130 3056 cula
2166 2999 2332 3070 208
2361 2998 2668 3068 conjicitur.
2698 3000 2948 3074 Cumque
3001 3004 3222 3073 quidam
3268 3004 3322 3058 in
3363 3004 3592 3059 Domino

2010 3092 2208 3148 fratres
2233 3110 2357 3149 eum
2387 3095 2670 3160 adiisseut,
2702 3103 2756 3150 et
2782 3110 3002 3151 causam
3028 3099 3224 3152 subitae
3256 3097 3402 3151 illius
3428 3109 3592 3167 atque

2012 3183 2300 3254 inSperata:
2324 3186 2696 3241 conversionis
2719 3187 3145 3258 interrogarent,
3161 3189 3366 3244 dixisse
3391 3189 3586 3254 fertur,

2011 3276 2393 3332 Potamimnam
2430 3279 2585 3334 tertio
2629 3291 2750 3350 post
2777 3281 3098 3352 martyrium
3133 3282 3239 3349 die,
3283 3292 3444 3337 noctu
3481 3282 3586 3337 sibi

2007 3371 2350 3424 assistentem
2391 3386 2646 3426 coronam
2687 3373 2848 3443 capiti
2882 3389 2980 3429 suo
3015 3375 3364 3446 imposuisse,
3408 3375 3587 3432 dixis-

2006 3480 2170 3534 seque
2208 3481 2266 3520 se
2313 3465 2486 3536 ipsius
2541 3480 2704 3520 causa
2755 3465 3037 3523 Dominum
3088 3484 3299 3536 orasse,
3342 3481 3502 3543 atque
3533 3473 3585 3527 id

2003 3557 2148 3626 quod
2173 3557 2406 3628 petierat
2446 3559 2801 3628 impetrasse:
2839 3578 2938 3617 nec
2974 3564 3064 3617 diu
3089 3575 3276 3633 postea
3307 3565 3481 3634 ipsum
3517 3565 3584 3618 ad

2004 3664 2228 3720 superos
2265 3651 2642 3719 migraturum.
2674 3655 2802 3712 Post
2830 3657 2947 3711 haec
2977 3657 3262 3724 signaculo
3307 3655 3518 3711 Domini
3553 3674 3581 3710 ιι

2004 3740 2264 3796 fratribus
2291 3752 2538 3813 accepto,
2571 3747 2834 3815 postridie
2869 3745 3145 3801 Christum
3187 3747 3424 3816 gloriose
3451 3763 3587 3802 con-

2001 3829 2199 3900 fessus,
2225 3834 2401 3903 capite
2429 3844 2711 3890 truncatus
2745 3847 2850 3892 est.
2887 3837 3080 3892 Plures
3111 3854 3328 3908 quoque
3369 3838 3460 3893 alii
3513 3853 3582 3894 ex

2002 3923 2382 3981 Alexandrinis
2447 3929 2679 3994 civibus,
2726 3929 2917 3984 eodem
2978 3938 3219 3998 tempore
3284 3929 3350 3984 ad
3421 3930 3580 3986 fidem

2004 4015 2204 4071 Christi
2233 4018 2414 4074 subito
2443 4019 2731 4075 transiisse
2761 4033 3157 4087 memorantur,
3183 4037 3322 4092 quos
3369 4022 3583 4078 scilicet

2003 4108 2334 4166 Potamizena
2387 4112 2440 4167 in
2477 4116 2686 4172 somnis
2733 4130 3000 4186 apparens
3050 4115 3119 4170 ad
3167 4116 3220 4171 id
3272 4115 3579 4171 faciendum

2000 4211 2411 4272 provocaverat.
2449 4203 2645 4260 Verum
2672 4208 2738 4262 de
2764 4208 2848 4263 his
2869 4208 3156 4263 hactenus.

2113 4317 2116 4319 ν
2603 4298 2835 4356 CAPUT
2873 4300 2960 4356 Vl.

2391 4389 2464 4444 De
2498 4390 2760 4448 Clemente
2793 4394 3181 4452 Alexandrino.

2071 4475 2176 4534 Per
2203 4478 2346 4536 idem
2377 4491 2588 4554 tempus
2621 4483 2893 4551 Clemens,
2942 4487 3034 4556 qui
3063 4487 3325 4543 Pauttrno
3357 4502 3579 4546 succes-

380 4653 492 4737 (25)
552 4653 709 4737 Ιζριξς
753 4653 981 4737 sqvth
1029 4653 1673 4737 ἐπίσκεψᾳίιέτην.-Ιιξι
1724 4661 1891 4737 codex

2012 4665 2260 4737 refragari
2296 4665 2546 4734 equidem
2585 4683 2691 4723 non
2723 4669 2920 4724 ausim.
2949 4668 3062 4724 Etsi
3093 4669 3237 4724 enim
3271 4668 3325 4725 id
3375 4671 3577 4727 diserte

309 4725 532 4795 Regius.
569 4726 674 4780 Sed
705 4728 902 4792 reliqui
949 4736 1058 4778 tres
1109 4725 1270 4794 Μαι,
1307 4725 1446 4785 Med.
1475 4725 1533 4786 et
1559 4730 1694 4787 Fuk.
1754 4735 1895 4788 scri-

308 4808 456 4868 ptum
496 4798 700 4868 habent
729 4797 809 4858 είς
840 4795 1036 4868 ἑαυτὴν
1065 4797 1156 4852 ἐπ.

381 4868 495 4936 (εδ)
526 4865 649 4920 Τῶν
677 4866 748 4919 ἐν
771 4865 1109 4941 οζτρατεῖζης
1137 4868 1616 4941 ἀναφερομένων.
1667 4875 1893 4930 Rufinus

308 4942 496 5015 vertit,
529 4954 661 4993 unus
692 4953 754 4990 ea:
793 4938 874 4990 his
913 4936 1104 5008 quibus
1140 4936 1356 5010 implere
1387 4936 1731 5011 speculatoris
1779 4945 1892 5015 om-

307 5011 442 5063 cium
480 5024 587 5062 mos
619 5017 713 5062 est.

379 5081 494 5149 (‘27)
524 5081 742 5144 Πίττης
771 5077 1061 5147 ἐμπύρου,
1089 5089 1194 5135 etc.
1232 5082 1327 5140 liis
1353 5080 1531 5138 verbis
1559 5082 1761 5139 indicat
1792 5085 1894 5140 Eu-

303 5152 513 5212 sebius,
583 5150 970 5222 Potamia’nam
1045 5151 1380 5222 inilehetem
1435 5154 1572 5222 picis
1623 5154 1884 5213 ferventis

302 5222 505 5274 sensim
538 5222 830 5274 demissam
864 5219 1055 5291 fuisse.
1110 5221 1278 5277 Porro
1313 5225 1363 5278 in
1413 5219 1647 5291 quatuor
1679 5229 1885 5282 codici-

303 5291 808 5368 bus_Maz.,.MerL,
865 5288 998 5344 Fuk.
1051 5302 1104 5346 et
1136 5292 1308 5349 Savil.
1345 5288 1542 5366 legitur
1576 5297 1762 5368 ἠρέμα
1788 5298 1883 5351 καὶ

306 5362 442 5415 κατὰ
474 5361 689 5432 μικρόν,
721 5369 826 5414 etc.

374 5433 489 5504 (7‘28)
548 5432 726 5487 Kal...
783 5434 1347 5504 προσκεκλημένης.
1402 5434 1460 5490 1η
1504 5437 1659 5492 codd.
1717 5436 1882 5503 Maz.,

299 5500 484 5574 Euk,
526 5506 657 5560 Sav.
715 5510 769 5556 et
824 5501 1078 5574 Medich
1128 5500 1199 5559 ita
1251 5500 1468 5574 legitur,
1534 5509 1629 5561 καὶ
1662 5509 1755 5562 ἐπὶ
1791 5500 1884 5562 τὸν

298 5571 442 5626 θεῖον
475 5573 630 5642 λόγον
655 5573 1163 5646 προσκεκλημένης.
1204 5571 1333 5644 Qua:
1371 5587 1546 5631 tamen
1581 5579 1740 5633 verba
1775 5595 1880 5633 nou

297 5646 593 5699 admodum
621 5646 926 5698 necessaria
958 5647 1087 5700 mihi
1117 5647 1389 5701 videntur.
1436 5646 1603 5701 Porro
1656 5647 1886 5705 Ruﬁnus

297 5713 441 5787 hunc
494 5714 672 5787 locum
720 5715 950 5787 pessime
997 5718 1229 5787 accepit,
1277 5718 1365 5772 ubi
1407 5728 1461 5771 et
1495 5718 1884 5774 I’otamiaenam

297 5784 552 5854 Urigeuis
605 5783 933 5855 discipulam
989 5783 1145 5842 facit.
1191 5786 1246 5843 ln
1309 5803 1417 5860 quo
1469 5798 1646 5844 tamen
1689 5789 1884 5847 Rulino

2003 4750 2108 4790 non
2144 4736 2284 4790 dixit
2342 4738 2630 4801 Eusebius,
2678 4755 2744 4794 ex
2799 4741 2914 4807 ejus
2967 4751 3146 4792 tamen
3182 4744 3492 4794 narratione
3522 4742 3574 4796 id

2001 4807 2181 4882 colligi
2216 4807 2448 4882 videtur.
2481 4807 2613 4882 Nam
2643 4825 2772 4882 cum
2811 4821 3080 4882 martyres
3108 4813 3197 4881 qui
3229 4827 3293 4864 ex
3321 4809 3573 4882 Origcnis

2000 4877 2187 4931 schola
2214 4879 2563 4942 exstiterunt,
2602 4880 2688 4933 hic
2719 4877 3028 4945 recensens,
3059 4877 3340 4936 Basilidcm
3387 4877 3442 4936 ei
3471 4881 3574 4937 Ρο-

2004 4947 2448 5020 tamitenaurillis
2499 4962 2805 5017 acceusCat,
2860 4952 2910 5006 hi
2967 4967 3182 5020 quoque
3223 4968 3287 5005 cx
3322 4951 3572 5020 ()rigeuis

2001 5016 2281 5090 discipulis
2310 5017 2512 5084 fuerint
2541 5035 2764 5090 necesse
2791 5016 2894 5076 est.
2920 5016 3072 5090 Quod
3096 5016 3220 5076 cum
3253 5024 3315 5077 de
3340 5019 3572 5076 liasrlide

2001 5079 2105 5141 dici
2138 5079 2243 5141 non
2294 5079 2487 5156 possit,
2518 5091 2584 5145 de
2626 5079 2963 5146 Potatuizena
3005 5101 3152 5146 certe
3175 5092 3245 5145 sit
3278 5094 3568 5147 admodum

1995 5158 2298 5223 probabile.
2334 5160 2604 5214 Caeterum
2657 5163 3003 5216 I'otamiarna:
3047 5178 3244 5216 nomen
3276 5164 3567 5220 deductum

1992 5237 2075 5309 est
2101 5242 2130 5281 a
2165 5230 2465 5309 masculino
2509 5231 2821 5303 Ποταμίων,
2864 5235 3053 5288 eodem
3095 5234 3252 5292 modo
3285 5250 3391 5309 quo
3429 5234 3570 5303 Try-

1991 5299 2180 5366 phaena
2210 5309 2262 5350 et
2292 5301 2511 5355 similia.

2065 5368 2660 5459 [fderatrm'ndé
2691 5377 2968 5459 Ιιὶξνημης..
3005 5373 3130 5456 Ilgec
3158 5367 3355 5459 [parium
3389 5375 3566 5459 cohae-

1994 5451 2115 5492 rent
2141 5457 2262 5493 cum
2298 5443 2698 5512 superioribus.
2752 5445 2938 5512 Neque
2962 5443 3111 5499 enim
3155 5443 3407 5499 Clemens
3439 5457 3567 5500 tunc

1994 5511 2238 5578 magistri
2297 5510 2472 5568 ofﬁcio
2518 5515 2570 5567 in
2616 5510 2992 5570 Alexandrinam
3059 5517 3315 5570 Ecclesia:
3378 5517 3564 5569 schola

1993 5579 2334 5652 fungebatur,
2385 5585 2478 5640 sed
2543 5587 2827 5651 Origenes,
2885 5586 3179 5642 Clementis
3241 5583 3561 5652 discipulus.

1989 5651 2144 5704 Adde
2166 5656 2315 5725 quod
2353 5655 2418 5706 du
2446 5656 2719 5709 Clemente
2753 5657 2974 5725 ejusque
3009 5657 3158 5710 libris
3187 5657 3297 5725 jam
3329 5651 3393 5708 iu
3419 5657 3564 5725 libro

1991 5723 2275 5800 superiore
2309 5729 2760 5800 commemoravit
2804 5723 3090 5780 Euéebius.
3142 5723 3280 5800 Quin
3319 5737 3370 5780 et
3397 5724 3565 5782 Caius

1991 5790 2043 5845 in
2079 5790 2254 5846 I’urro
2303 5791 2620 5862 Labyrintho
2642 5837 2656 5860 ,
2684 5797 3018 5852 Clementem
3052 5790 3217 5854 refert
3262 5799 3402 5852 inter
3433 5809 3569 5863 Scri—
