4112 6428
301 351 408 406 861
1331 359 1683 418 HISTORIA}
1723 360 1924 417 ECCLE

2032 363 2280 422 lSTlCE
2317 365 2444 422 LIB.
2491 366 2580 422 Vl.
3503 359 3595 414 50$

304 466 656 540 φιλοσοφίας
685 469 822 542 πρὸς
847 468 1014 524 αὑτοῦ
1045 469 1441 542 παιδευόμενοι.
1489 473 1691 542 Είσῆγέ
1727 490 1786 526 τε
1814 471 1922 546 γάρ

2032 490 2246 545 quoque
2267 476 2621 546 philosophia:
2647 485 2920 546 praecepta
2947 475 3100 545 quasi
3129 472 3378 544 discipuli
3411 489 3478 529 ex
3512 475 3627 530 illo-

297 561 481 622 ὅσους
519 564 741 634 εὐφυῶς
768 563 990 636 ἔχοντας
1020 565 1190 636 (9-10)
1220 564 1368 639 ἐώρα
1395 567 1489 622 καὶ
1505 568 1596 621 ἐπὶ
1622 569 1691 623 τά
1709 569 1924 638 φιλόσοο

2032 568 2418 639 percipiebant.
2457 567 2822 639 Quoscunque
2847 569 2992 623 enim
3023 583 3090 622 ex
3122 567 3407 638 discipulis
3431 567 3606 623 soler-

304 669 393 721 φα
445 658 802 730 μαθήματα,
857 658 1203 731 γεωμετρίαν
1248 661 1342 714 καὶ
1386 661 1754 732 ἀριθμητικὴν
1780 701 1795 724 ,
1830 661 1924 714 καὶ

2032 659 2107 714 tia
2152 667 2208 714 et
2261 659 2513 714 acumine
2557 659 2757 727 ingenii
2809 657 3062 728 praeditos
3106 657 3627 723 anituadvertcrat,,

302 747 378 800 τά
416 749 574 804 ἄλλα
596 751 1047 822 προπαιδεύματα
1081 752 1426 824 παραδιδοὺς,
1456 752 1536 817 εἷς
1562 771 1619 807 τε
1644 753 1742 819 τάς
1772 754 1924 826 αἱρέ-

2032 767 2121 808 eos
2163 755 2215 808 in
2257 753 2655 823 philosophiam
2697 751 3108 818 introducebat,
3141 750 3495 820 geometriam
3533 751 3600 805 il-

309 859 438 906 σεις
466 843 578 908 τὰς
605 845 755 917 παρὰ
778 847 890 908 τοῖς
921 844 1227 914 φιλοσόφοις
1250 846 1528 918 προάγων,
1557 845 1651 901 καὶ
1680 847 1746 900 τὰ
1774 845 1925 918 παρὰ

306 936 548 1000 τούτοις
592 938 996 1009 συγγράμματα
1047 938 1424 1010 διηγούμενος,
1475 938 1919 1011 ὑπομνηματιζὸ-

313 1030 496 1099 μενός
540 1048 600 1084 τε
643 1033 732 1085 καὶ
765 1031 982 1103 θεωρῶν
1019 1034 1098 1096 είς
1143 1033 1348 1087 ἕκαστα
1374 1073 1388 1096 ,
1421 1033 1561 1087 ὥστε
1601 1033 1777 1103 μέγαν
1826 1035 1922 1087 καὶ

310 1122 456 1193 παρ’
495 1123 686 1186 αὐτοῖς
722 1124 946 1194 Ἕλλησι
986 1124 1272 1195 φιλόσοφον
1303 1125 1395 1179 τὸν
1436 1126 1604 1198 ἄνδρα
1655 1127 1923 1198 κηρύττε-

315 1213 473 1267 σθαι.
534 1215 771 1277 Πολλοὺς
801 1216 855 1269 δὲ
895 1217 988 1269 κα1⁵
1015 1216 1122 1270 τῶν
1153 1219 1574 1288 ίδιωτικωτέρων
1608 1221 1799 1291 ἐνῆγεν
1833 1221 1924 1273 ἐπὶ

310 1307 386 1360 τὰ
443 1308 724 1376 ἐγκύκλια
775 1310 1098 1380 γράμματα,
1144 1311 1203 1363 οὑ
1255 1310 1455 1384 μικράν
1488 1312 1668 1376 αὐτοῖς
1708 1311 1926 1365 ἔσεσθαι

313 1398 570 1467 φάσκων
603 1400 660 1466 ἐξ
689 1400 909 1454 ἐκεί-,κων
940 1402 1348 1473 ἐπιτηδειότητα
1387 1405 1466 1466 είς
1495 1405 1593 1474 τὴν
1625 1403 1734 1457 τῶν
1767 1403 1926 1460 θείων

315 1489 577 1561 Γραφῶν
607 1490 837 1561 Θεωρίαν
868 1508 924 1544 τε
952 1493 1046 1545 καὶ
1075 1495 1427 1564 παρασκευήν
1461 1495 1593 1564 (11).
1629 1495 1790 1549 Ὅθεν
1819 1497 1924 1566 μά-

315 1583 496 1637 λιστα
555 1583 647 1638 καὶ
697 1584 875 1655 ἐαυτῷ
925 1585 1225 1653 ἀναγκαίαν
1274 1588 1517 1658 ἡγήσατο
1553 1586 1650 1659 τὴν
1693 1589 1820 1660 περὶ
1858 1589 1927 1644 τὰ

319 1676 589 1747 κοσμικὰ
621 1678 714 1731 καὶ
742 1678 1006 1749 φιλόσοφα
1037 1679 1334 1749 μαθήματα
1363 1680 1614 1752 ἄσκησιν.

2026 844 2095 898 lis
2141 843 2359 898 tradens
2399 854 2453 897 et
2481 842 2878 898 arithmeticam
2910 843 3152 912 aliasque
3185 843 3414 912 praevias
3438 841 3604 898 disci-

2027 932 2205 1002 plinas
2245 948 2258 984 :
2303 931 2427 985 inde
2468 933 2536 985 ad
2574 933 2755 987 varias
2796 933 3244 1001 philosophorum
3286 941 3464 988 sectas
3510 948 3607 989 eos

2027 1027 2363 1097 perducens,
2401 1038 2455 1082 et
2485 1026 2652 1082 libros
2687 1042 2716 1080 a
2756 1027 2921 1097 219
2960 1027 3239 1081 veteribus
3267 1025 3606 1096 philosophis

2027 1120 2372 1189 conscriptos
2416 1135 2725 1189 exponens;
2787 1119 3213 1174 commentarios
3276 1133 3494 1188 quoque
3551 1118 3604 1173 in

2031 1215 2272 1284 singulos
2309 1213 2581 1278 scribens,
2614 1224 2668 1268 et
2709 1214 3019 1268 reconditos
3045 1229 3243 1269 sensus
3283 1213 3497 1282 penitus
3523 1212 3610 1266 in-

2033 1309 2279 1378 quirens,
2307 1307 2442 1362 adeo
2465 1315 2522 1362 ut
2552 1308 2691 1376 apud
2719 1309 2867 1377 ipsos
2896 1308 3061 1363 etiam
3092 1307 3322 1378 gentiles
3355 1321 3626 1361 summus.

2033 1401 2385 1468 philosophus
2416 1400 2881 1468 pronuntiaretur.
2915 1401 2989 1453 Ex
3022 1399 3334 1454 rudioribus
3365 1412 3494 1453 vero
3518 1407 3606 1453 at-

2031 1507 2136 1562 que
2171 1493 2462 1548 bebetioris
2493 1492 2690 1560 ingenii
2721 1491 3004 1562 discipulis
3027 1533 3042 1558 ,
3073 1491 3272 1546 multos
3309 1491 3376 1546 ad
3417 1491 3610 1546 huma-

2035 1587 2250 1640 niorum
2298 1587 2499 1641 artium
2541 1587 2718 1641 studia
2753 1585 3169 1650 cohortabatur,
3203 1599 3456 1640 asserens
3497 1597 3606 1639 non

2036 1679 2367 1735 mediocrem
2418 1680 2541 1736 illos
2583 1680 2901 1736 facultatem
2945 1697 3009 1736 ex
3062 1678 3371 1749 huiusmodi
3417 1677 3611 1734 studiis

321 1778 698 1837 percepturos
720 1784 840 1824 esse
881 1769 946 1822 ad
977 1784 1260 1824 sacrarum
1303 1769 1706 1841 Scripturarum
1772 1771 2198 1841 intelligentiam.
2263 1771 2530 1837 Quocirca
2591 1772 2869 1828 saecularis
2935 1772 3253 1829 litteraturae
3282 1780 3337 1827 et
3369 1770 3609 1842 philoso.

322 1860 480 1930 phia:
539 1861 713 1916 studia
747 1862 849 1917 sibi
877 1877 1094 1930 quoque
1124 1861 1393 1930 imprimis
1430 1863 1740 1917 necessaria
1780 1878 1901 1918 esse
1924 1862 2280 1918 existimavit.

869 1955 1264 2008 ΚΕΦΑΛΑΙΟΝ
1297 1955 1396 2009 1Θ’.

532 2045 677 2099 Ὅσα
727 2045 869 2116 περί
916 2048 1253 2116 Ὠριγένους
1295 2048 1731 2116 μνημονεύεται

806 2115 946 2187 (Nic.
972 2115 1136 2172 ILE.
1163 2135 1214 2181 ι’,
1247 2115 1328 2181 ιε,
1369 2115 1480 2190 15).

405 2212 713 2284 Μάρτυρες
751 2211 805 2265 δὲ
837 2213 930 2265 καὶ
967 2211 1066 2280 τῆς
1101 2213 1228 2282 περὶ
1257 2211 1428 2265 ταῦτα
1460 2210 1623 2266 αὐτοῦ
1652 2211 1927 2284 κατορθώ-

331 2319 519 2368 σεως,
553 2303 733 2357 αὐτῶν
770 2304 1033 2374 Ἑλλήνων
1078 2305 1126 2356 οἱ
1161 2305 1280 2357 κατ’
1308 2305 1466 2357 αὑτὸν
1494 2305 1806 2375 ἠκμακότες
1838 2323 1927 2375 φι-

329 2395 596 2463 λόσοφοιο
625 2387 700 2449 ὧν
734 2398 790 2449 ἐν
823 2395 1250 2468 συγγράμμασι,
1285 2396 1483 2467 πολλὴν
1522 2399 1742 2468 μνήμην
1770 2396 1928 2470 εὖρο-

338 2506 443 2558 μεν
479 2489 574 2542 τοῦ
605 2488 794 2561 ἀνδρός
818 2506 833 2522 ο
864 2491 984 2542 τοτὲ
1017 2489 1112 2560 μὲν
1139 2488 1286 2559 αὐτῷ
1317 2489 1778 2559 προσφωνούντων
1807 2491 1931 2554 τοὺς

335 2579 558 2633 ἑαυτῶν
597 2578 806 2649 λόγους,
841 2581 962 2633 τοτὲ
992 2580 1047 2633 δὲ
1079 2580 1154 2643 ὡς
1189 2579 1492 2652 διδασκάλῳ
1522 2583 1600 2644 είς
1655 2581 1930 2653 ἐπίκρισιν

333 2674 475 2735 τοὺς
506 2672 666 2736 ἰδίους
695 2672 1072 2744 ἀναφερόντων
1096 2671 1306 2735 πόνους.
1339 2673 1402 2725 Τί
1431 2673 1510 2725 δεῖ
1537 2672 1706 2725 ταῦτα
1729 2671 1930 2741 λέγειν,

333 2765 430 2818 ὅτε
472 2767 564 2818 καὶ
595 2767 623 2818 ὁ
653 2765 770 2820 καθ’
799 2768 944 2837 ἡμᾶς
977 2767 1033 2818 ἐν
1065 2766 1278 2838 Σικελίᾳ
1323 2766 1596 2830 καταστὰς
1626 2767 1933 2840 Πορφὺριος

337 2860 486 2927 (12),
516 2861 921 2931 συγγράμματα
953 2859 1072 2914 καθ’
1102 2859 1257 2932 ἡμῶν
1287 2859 1705 2930 ἐνστησάμενος,
1740 2862 1834 2914 καὶ
1865 2860 1932 2914 δι’

337 2952 532 3006 αὐτῶν
577 2952 675 3016 τὰς
717 2953 864 3017 Θείας
902 2951 1123 3024 Γραφὰς
1163 2951 1467 3006 διαϐάλλειν
1507 2952 1932 3023 πεπειραμένος,

339 3047 460 3100 τῶν
489 3064 548 3099 τε
579 3047 658 3109 εἰς
696 3044 865 3110 αὐτὰς
899 3045 1322 3116 ἐξηγησαμένων
1365 3045 1746 3116 μνημονεύσας
1769 3088 1782 3112 ,
1827 3064 1933 3116 μη-

339 3139 437 3191 δὲν
472 3137 733 3210 μηδαμῶς
779 3137 979 3207 φαῦλον
1021 3137 1272 3210 ἔγκλημα
1303 3141 1416 3202 τοῖς
1450 3138 1711 3209 δόγμασιν
1741 3137 1933 3192 ἐπιϐα-

341 3231 463 3285 λεῖν
503 3232 750 3301 δυνηθεὶς
771 3275 784 3298 ,
819 3231 1022 3305 ἀπορία
1058 3231 1264 3300 λόγων,
1310 3232 1401 3284 ἐπὶ
1442 3232 1501 3285 τὸ
1529 3233 1783 3304 λοιδορεῖν
1813 3234 1934 3306 τρέα

2617 1948 2844 2014 CAPUT
2876 1957 3021 2013 XIX.

2104 2051 2234 2118 Quae
2254 2053 2317 2107 de
2351 2051 2575 2123 Origene
2597 2069 2629 2105 a
2651 2051 2933 2122 gentilibus
2961 2059 3370 2106 commemorata
3404 2051 3536 2106 sint.

2101 2210 2372 2276 Quantum
2421 2226 2584 2279 porro
2621 2211 2672 2265 in
2719 2211 2784 2265 iis
2815 2210 3010 2265 studiis
3047 2210 3366 2266 excelluerit
3389 2252 3406 2275 ,
3439 2220 3609 2267 testes

2029 2314 2155 2358 sunt
2192 2304 2290 2373 ipsi
2340 2303 2624 2373 gentilium
2661 2303 2967 2374 philosophi
3015 2303 3109 2373 qui
3162 2304 3279 2372 ejus
3315 2313 3480 2358 tetate
3508 2302 3607 2358 ilo-

2032 2405 2274 2450 ruerunt.
2304 2395 2545 2462 Quorum
2587 2397 2639 2449 in
2674 2396 2828 2450 libris
2854 2398 3104 2450 crebram
3133 2395 3288 2462 huius
3316 2397 3417 2451 viri
3456 2411 3611 2452 men-

2035 2491 2232 2543 tionem
2267 2489 2876 2560 lierideprehendimus,
2897 2490 3021 2543 dum
3053 2490 3134 2543 vel
3161 2491 3411 2561 proprios
3441 2490 3612 2544 libros

2031 2585 2078 2637 ei
2131 2594 2479 2652 nuncupant,
2513 2583 2593 2637 vel
2627 2584 2846 2638 eosdem
2902 2583 3295 2638 examinandos
3348 2593 3607 2655 tauquam

2033 2676 2097 2728 ad
2128 2677 2446 2747 magistrum
2481 2691 2638 2729 suum
2677 2675 2939 2745 dirigunt.
2975 2676 3081 2729 Sed
3110 2677 3238 2744 quid
3273 2675 3338 2729 de
3373 2677 3438 2730 iis
3460 2674 3618 2739 dico,

2033 2766 2247 2835 quando
2279 2775 2330 2818 et
2364 2767 2477 2836 ipse
2508 2765 2865 2837 Porphyrius,
2883 2767 2970 2834 qui
3005 2777 3187 2822 nostra
3220 2767 3608 2836 propemodum

2032 2857 2292 2910 memoria
2341 2858 2392 2911 in
2445 2858 2630 2912 Sicilia
2664 2860 2862 2927 degens
2887 2897 2902 2921 ,
2935 2870 3129 2912 contra
3175 2860 3334 2913 [idem
3368 2870 3609 2914 nostram

2034 2951 2202 3004 libros
2229 2951 2595 3020 conscripsit,
2625 2950 2674 3003 in
2710 2951 2906 3018 quibus
2929 2953 3142 3005 divinas
3175 2950 3488 3018 Scripturas
3517 2967 3612 3006 ca-

2035 3043 2284 3096 lumniari
2318 3053 2543 3097 conatus
2568 3052 2673 3110 est,
2705 3044 3040 3097 mentionem
3068 3043 3274 3098 faciens
3302 3059 3490 3098 eorum
3518 3045 3609 3112 qui

2035 3135 2156 3188 illas
2193 3134 2533 3201 interpretati
2565 3143 2715 3198 sunt,
2741 3149 2864 3187 cum
2894 3135 3144 3204 dogmata
3175 3134 3290 3203 ipsa
3323 3143 3488 3203 atque
3517 3149 3610 3190 as-

2035 3228 2305 3280 sertiones
2351 3227 2660 3280 nullatenus
2693 3236 2877 3294 posset
2904 3230 3306 3295 reprehendere
3331 3269 3346 3292 ,
3384 3243 3493 3297 prae
3524 3244 3614 3281 ra-

342 3338 513 3376 πεται
541 3323 632 3375 καὶ
665 3324 790 3386 τοὺς
823 3321 1091 3392 ἐξηγητάς
1115 3321 1438 3387 διαϐάλλειν,
1467 3316 1540 3376 ὧν
1577 3325 1810 3395 μάλιστα
1841 3324 1924 3376 τὸν

2038 3319 2242 3372 tionum
2309 3318 2487 3382 inopia
2540 3319 2604 3372 ad
2642 3319 2885 3370 convicia
2939 3334 3254 3382 conversus,
3292 3322 3614 3390 interpretes

355 3414 644 3484 Ὡριγένην
674 3415 806 3484 (15),
841 3414 898 3467 ὃν
927 3413 1062 3467 κατὰ
1095 3413 1192 3485 τὴν
1233 3415 1356 3468 νέαν
1398 3415 1606 3486 ἡλικίαν
1637 3415 1930 3485 ἐγνωκέναι

343 3510 566 3578 φήσας,
611 3507 911 3560 διαϐάλλειν
953 3508 1049 3578 μὲν
1091 3510 1366 3578 πειρᾶται.
1417 3508 1684 3560 Emito“..th
1725 3508 1781 3561 δὲ
1822 3508 1930 3578 ἄρα

345 3602 443 3652 τὸν
478 3599 645 3670 ἄνδρα
680 3598 953 3663 ἐλάνθανε,
991 3599 1058 3652 τά
1094 3600 1192 3670 μὲν
1221 3599 1590 3670 ἐπαληθεύων,
1628 3600 1682 3652 ἐν
1708 3594 1790 3663 οἷς
1820 3599 1927 3652 οὐδ’

346 3692 556 3763 ἑτέρως
589 3690 736 3761 αὐτῷ
783 3690 958 3758 λέγειν
995 3686 1062 3760 ἦν
1104 3690 1357 3750 δυνατὸν,
1393 3689 1462 3742 τὰ
1507 3689 1560 3742 δέ
1610 3691 1702 3743 καὶ
1743 3689 1931 3758 ψευδό-

352 3802 539 3855 μενος,
569 3786 626 3837 ἐν
649 3778 729 3848 οἷς
758 3783 1015 3856 λήσεσθαι
1043 3781 1256 3854 ἐνόμιζε
1281 3800 1293 3812 ·
1333 3783 1426 3836 καλ¹
1446 3783 1567 3835 τοτὲ
1597 3784 1693 3852 μὲν
1717 3783 1790 3846 ὡς
1811 3783 1852 3835 Χ
1863 3801 1935 3854 ρι-

427 3920 602 3984 (il-l0)
627 3921 842 3986 Ὅσους
863 3919 1101 3989 ευςςυὼς
1120 3919 1396 3988 ἔχοντας.
1421 3919 1494 3973 Ex
1516 3919 1790 3986 discipulis
1808 3922 1923 3974 suis

353 3992 586 4044 scilicet.
641 3991 822 4060 Itaque
866 3993 917 4044 in
969 3993 1412 4058 interpretatione
1461 4007 1576 4043 mea
1625 3995 1720 4044 has
1785 3993 1918 4045 duas

356 4078 518 4112 voces
571 4061 771 4125 addidi,
820 4063 885 4114 ad
938 4062 1234 4127 planiorem
1292 4062 1702 4125 intelligentiam
1760 4061 1918 4124 hujus

354 4130 459 4184 loci
486 4147 646 4200 quem
690 4147 794 4185 non
837 4132 1221 4184 intellexerunt
1249 4133 1584 4201 interpretes.
1617 4131 1779 4185 Solus
1806 4132 1912 4184 llu-

355 4204 498 4255 linus
529 4218 747 4256 sensum
801 4202 1012 4256 Eusebii
1061 4215 1346 4257 assecutus
1389 4213 1494 4262 est,
1537 4203 1689 4269 cujus
1744 4203 1922 4256 versio

353 4273 736 4324 ornamentarii
776 4274 950 4326 vicem
993 4273 1079 4325 hic
1119 4283 1360 4339 priestat.
1401 4271 1490 4326 Sic
1532 4275 1676 4325 enim
1713 4273 1920 4325 vertit:

359 4342 800 4409 I’ltilosoiiltorum
840 4359 1042 4411 quoque
1081 4345 1432 4408 opinatissimi
1479 4344 1688 4410 quique,
1732 4353 1838 4393 tam
1867 4344 1918 4395 in

354 4416 546 4466 nostris
570 4429 709 4474 eum,
737 4430 892 4480 quam
915 4415 968 4466 in
995 4413 1103 4466 suis
1129 4417 1437 4481 magistrum
1459 4414 1923 4480 incomparabilem

355 4484 677 4552 fatebantur.
727 4483 861 4535 Erat
901 4499 1120 4550 namque
1167 4485 1213 4536 ei
1268 4501 1379 4536 nios
1423 4484 1544 4544 iste.
1590 4493 1646 4535 ut
1697 4483 1742 4534 si
1797 4500 1926 4552 quos

355 4564 654 4607 nostrorum
714 4554 1222 4607 atlolescentttlorum
1276 4554 1576 4620 ingeniosos
1629 4554 1819 4606 videret
1877 4566 1925 4606 et

2041 3410 2186 3479 ipsos
2218 3411 2558 3463 criminatur.
2613 3409 2690 3463 Ex
2742 3411 2936 3478 quibus
2980 3411 3244 3479 prmcipue
3274 3411 3566 3482 Origeuem
3593 3451 3611 3476 ,

2039 3517 2196 3570 quem
2230 3503 2330 3557 sibi
2362 3503 2538 3557 adhuc
2584 3502 2916 3556 adolescenti
2965 3503 3239 3571 cognitum
3284 3518 3404 3557 esse
3439 3505 3611 3557 dicit.

2038 3594 2357 3647 calumniari
2391 3595 2611 3664 quidem
2649 3597 2874 3658 nititur;
2908 3611 3096 3650 revera
3128 3607 3307 3650 tamen
3335 3599 3611 3651 hominem

2042 3687 2349 3754 imprudens
2379 3678 2719 3740 commendat
2754 3703 2768 3750 ;
2813 3686 3013 3755 partim
3047 3702 3171 3742 vera
3216 3687 3443 3741 dicendo
3468 3726 3483 3751 ,
3522 3687 3612 3741 ubi
3652 3738 3661 3747 _

2047 3780 2203 3834 aliter
2229 3781 2407 3834 dicere
2438 3796 2543 3833 non
2579 3791 2791 3850 paterat
2821 3797 2834 3845 ;
2872 3780 3068 3848 partim
3100 3781 3436 3845 mentiendo,
3472 3795 3612 3848 quo-

2031 3921 2103 3972 De
2132 3921 2314 3987 script.
2360 3920 2509 3983 θεώ,
2549 3920 2764 3972 Eusebii
2814 3919 2982 3974 libros
3018 3933 3384 3973 eimmerans:
3418 3917 3616 3972 Contra
3663 3959 3670 3964 .

2033 3989 2386 4059 Porphyrium
2420 3993 2508 4053 qui
2542 3993 2720 4042 eodem
2748 3999 2977 4056 tempore
3009 3989 3265 4043 scribebat
3301 3991 3357 4042 in
3397 3988 3611 4053 Sicilia,

2025 4075 2078 4114 ut
2111 4063 2322 4127 quidam
2358 4070 2544 4126 putant
2586 4059 2707 4112 libri
2745 4060 2833 4113 50.
2863 4059 3084 4130 WEorlem
3118 4060 3304 4113 alludit
3330 4061 3380 4113 in
3422 4059 3618 4130 praefa-

2032 4134 2177 4184 tione
2209 4131 2720 4184 Commentariorum
2762 4133 2816 4182 in
2850 4129 3198 4186 Ezecltielem.
3242 4131 3326 4184 Itis
3369 4130 3554 4183 verbis
3597 4149 3612 4185 ι

2043 4199 2226 4254 Verum
2258 4202 2381 4268 quia
2407 4208 2456 4252 et
2488 4211 2542 4253 tu
2565 4201 2916 4254 indesinenter
2941 4203 3039 4254 hoc
3069 4201 3301 4270 ﬂagitas.
3337 4211 3384 4253 et
3422 4217 3618 4270 magno

2031 4272 2236 4325 vulneri
2268 4271 2487 4324 cicatrix
2516 4272 2770 4336 paulatim
2805 4273 3110 4330 obducitur,
3150 4271 3498 4339 scorpirtsque
3529 4273 3614 4324 in-

2030 4357 2109 4395 ter
2134 4341 2453 4394 Enceladum
2492 4353 2538 4394 et
2589 4339 2944 4411 Porphyrium
2990 4341 3278 4394 Trinacritc
3307 4341 3464 4394 Itumo
3497 4357 3619 4410 pro-

2034 4414 2222 4472 mitur.
2257 4421 2389 4476 etc.,
2416 4411 2504 4463 ubi
2546 4414 2744 4478 scorpii
2790 4415 3011 4466 nomine
3051 4411 3301 4465 Rufinum
3343 4411 3613 4480 designat.

2035 4485 2125 4550 qui
2160 4492 2314 4549 capta
2356 4482 2491 4533 urbe
2541 4484 2591 4534 in
2642 4483 2884 4536 Siciliam
2936 4498 2996 4535 se
3049 4492 3348 4547 receperat.
3397 4493 3453 4534 ιιι
3501 4482 3618 4551 ipso

2038 4563 2267 4608 testatur
2307 4556 2358 4604 in
2409 4553 2637 4618 epistola
2689 4554 2758 4606 ad
2816 4552 3116 4613 Ursatium.
3169 4568 3331 4619 quam
3383 4553 3618 4621 pratlixit

353 4624 563 4676 lectioni
604 4625 733 4676 satis
774 4626 997 4686 deditos,
1045 4625 1271 4676 traderet
1316 4627 1391 4678 eis
1436 4624 1590 4676 etiam
1627 4641 1688 4678 ea
1738 4625 1927 4690 quibus
1960 4629 2007 4685 D
2037 4623 2466 4691 interpretationi
2514 4622 2869 4675 llomiliarum
2911 4624 3160 4689 Origeuis
3194 4624 3248 4675 in
3298 4622 3460 4675 libros
3494 4623 3616 4676 Nu-

353 4695 652 4762 pltilosoplti
688 4695 824 4747 velut
862 4695 1046 4764 prioris
1079 4693 1347 4749 elementis
1393 4695 1650 4749 discentes
1697 4696 1927 4749 imbuere

352 4767 540 4827 solent,
583 4775 687 4818 etc.

427 4835 538 4904 (ll)
589 4836 847 4902 Θεωρίαν
907 4851 972 4887 τε
1017 4833 1118 4887 καὶ
1168 4836 1580 4901 παρασκευήν.
1632 4835 1747 4890 Hoc
1809 4835 1928 4892 loco

352 4912 516 4959 \et'llzt
547 4916 672 4957 sunt
700 4906 1028 4973 transposita
1063 4919 1214 4959 more
1245 4907 1571 4961 Eusebiano.
1597 4907 1755 4960 Amat
1779 4907 1924 4962 enim

355 4977 634 5036 Eusebius.
665 4985 720 5029 ιιι
746 4977 852 5044 jam
887 4977 1214 5038 monuimus,
1246 4977 1547 5043 hujusmodi
1581 4975 1926 5042 traiectiones

352 5063 569 5100 vocum.
596 5049 746 5112 Quod
787 5061 909 5100 cum
951 5061 1061 5100 non
1103 5047 1612 5100 animadvertissent
1661 5048 1925 5116 interpre-

354 5129 455 5178 tes,
488 5118 536 5169 in
578 5133 822 5170 errorem
869 5132 1024 5186 saepe.
1063 5117 1194 5184 lapsi
1247 5128 1392 5174 sunt.
1441 5116 1534 5171 Sic
1580 5118 1746 5181 igitur
1789 5134 1921 5172 con-

353 5189 763 5258 struendusest
790 5189 879 5242 hic
919 5189 1100 5240 locus:
1139 5187 1214 5240 Οὐ
1257 5187 1458 5258 μικρὰν
1487 5189 1669 5250 αὐτοῖς
1697 5187 1919 5242 ἔσεσθαι

352 5257 576 5341 φάσκων
619 5257 678 5324 ἐξ
734 5257 1441 5341 ἐκείνωνΑὲςτιτηδειότφάᾌ
1479 5277 1538 5312 τε
1567 5259 1692 5341 ,καὶ
1744 5277 1920 5330 παρα-

355 5327 573 5398 σκευὴν,
608 5331 687 5392 εἰς
712 5329 810 5399 τὴν
840 5328 946 5400 τῶν
968 5328 1125 5382 θείων
1160 5327 1386 5400 Γραφῶν
1416 5329 1667 5400 θεωρίαν.

424 5400 636 5470 (121⁸0
668 5401 796 5454 καθ’
821 5399 975 5468 ἡμᾶς
1006 5400 1075 5451 ὲν
1099 5399 1336 5466 Σικελίᾳ
1359 5399 1660 5466 καταστὰς
1690 5402 1916 5470 Πορφύ-

351 5487 496 5537 ριος.
549 5469 876 5540 Porphyrius
908 5472 1138 5537 primum
1188 5473 1402 5539 quidem
1451 5472 1677 5526 Athenis
1720 5469 1914 5537 Longi-

355 5557 481 5610 rium
509 5543 710 5594 audivit
735 5541 1023 5594 Platouiem
1055 5550 1216 5593 secta:
1258 5542 1659 5610 philosophum.
1705 5541 1911 5596 Deinde

353 5609 548 5664 Plotini
579 5611 718 5663 fama
741 5611 978 5671 excitus.
1005 5611 1228 5664 [lernam
1261 5609 1440 5678 venit,
1472 5609 1559 5666 ubi
1590 5628 1710 5665 cum
1746 5611 1911 5664 Ploti-

355 5697 480 5733 tmm
525 5681 785 5734 audtisset
821 5681 1100 5742 sexennio,
1149 5681 1474 5736 valetudinis
1529 5681 1914 5746 recuperanda:

353 5765 517 5821 causa
547 5751 803 5819 migravit
845 5752 898 5804 in
939 5751 1199 5814 Siciliam,
1240 5762 1402 5820 atque
1448 5753 1560 5808 illic
1601 5754 1912 5821 quindecim

355 5820 521 5878 libros
552 5822 830 5894 preposuit
867 5821 1125 5879 adversus
1151 5821 1510 5883 Christianos.
1551 5820 1914 5896 Hieronymus

2039 4710 2322 4747 nterorunt.
2360 4695 2433 4746 De
2466 4693 2655 4744 iisdem
2693 4694 2970 4762 Porphyrii
3003 4695 3152 4745 libris
3183 4692 3616 4762 Chrysostomus

2039 4765 2092 4817 itt
2119 4765 2335 4817 humilia
2364 4764 2396 4817 6
2419 4765 2472 4816 in
2515 4763 2812 4828 Epistolunt
2842 4765 2910 4815 ad
2941 4763 3244 4816 Corinthios
3272 4783 3283 4817 :
3334 4763 3536 4816 'lxavo‘t
3565 4765 3618 4817 οι

2037 4835 2158 4889 καθ’
2186 4834 2344 4906 ἠμῷν
2375 4833 2676 4906 εἰρηκότες,
2729 4834 2831 4906 τὴν
2875 4833 3208 4906 ἀρχαιότητα
3267 4835 3616 4906 μαρτυρῆσαι

2033 4910 2146 4970 τοῖς
2195 4904 2440 4974 βιϐλίοις,
2486 4904 2536 4957 οἱ
2578 4906 2706 4976 περὶ
2731 4904 2946 4976 γΚὲλσον
2987 4905 3196 4958 καὶτὸν
3238 4904 3612 4974 Βατανεώτην.

2039 4977 2139 5031 Ubi
2167 4976 2510 5030 Bataucotem
2541 4975 2696 5030 vocat
2727 4975 3112 5046 Porphyrium,
3159 4977 3306 5031 sicut
3336 4987 3392 5031 et
3423 4976 3616 5032 lliero-

2037 5065 2247 5102 llVlllllS.

2076 5063 2370 5188 y(nl"5')b"9r
2414 5119 2685 5190 μάλιστα
2741 5117 2865 5190 τὸν
2920 5118 3248 5190 Ὤριγένην.
3315 5118 3446 5172 Post
3499 5118 3616 5174 hinc

2032 5192 2196 5242 verba
2236 5189 2423 5259 scripti
2450 5193 2668 5245 codices
2699 5189 2869 5242 nostri
2905 5202 3161 5259 punctum
3205 5189 3367 5242 altius
3396 5198 3611 5255 notant,

2031 5276 2134 5314 non
2172 5258 2459 5329 virgulam.
2504 5273 2558 5314 ut
2605 5273 2688 5315 est
2739 5261 2793 5312 in
2837 5259 3075 5312 editione
3131 5258 3268 5312 Rob.
3320 5261 3610 5326 Stephani.

2025 5329 2169 5383 Leve
2201 5331 2251 5383 id
2283 5331 2500 5398 quidem
2537 5332 2712 5400 prima
2745 5331 2927 5384 fronte
2963 5329 3133 5382 videri
3178 5340 3387 5397 potest:
3419 5345 3612 5386 verum

2023 5401 2127 5454 nisi
2159 5401 2227 5454 ita
2263 5401 2687 5470 iuterpungasut
2711 5411 2792 5453 est
2826 5401 2875 5453 in
2915 5400 3131 5467 scriptis
3159 5401 3456 5465 codicibus,
3492 5417 3614 5468 qua:

2021 5480 2318 5541 sequuntur
2331 5471 2489 5524 Verba
2509 5473 2729 5526 minime
2744 5470 3112 5526 coltaércbuut.
3142 5475 3244 5525 Aut
3259 5473 3402 5526 enim
3430 5473 3613 5526 delen-

2022 5543 2122 5594 dus
2155 5542 2259 5594 erit
2293 5542 2551 5596 articulus
2588 5543 2979 5612 postpositivus
3026 5543 3114 5612 qui
3139 5545 3387 5610 sequitur
3412 5541 3490 5605 δν,
3520 5552 3612 5595 aut

2022 5626 2117 5680 pro
2143 5613 2321 5681 φήσας
2359 5611 2756 5668 emendandum
2803 5613 2908 5666 erit
2951 5611 3120 5681 φησί;
3173 5614 3217 5666 si
3262 5628 3393 5666 vero
3437 5614 3607 5665 inter-
3664 5644 3669 5650 -

2024 5686 2370 5753 puuctioneut
2405 5685 2732 5754 scriptorum
2767 5683 3014 5754 codicum
3071 5685 3225 5752 sequi
3275 5684 3454 5748 malis,
3496 5693 3608 5737 tum

2025 5751 2376 5834 plenissimus
2401 5751 2752 5822 erit-sensus,
2785 5768 2885 5810 nec
2924 5751 3030 5810 ulla
3061 5754 3447 5810 emendatione
3475 5768 3609 5824 opus

2025 5841 2096 5882 ειη
2109 5834 2120 5878 ί
2134 5861 2150 5883 ο
