4112 6428
435 235 541 293 563

1183 231 1445 287 EUSEBll
1485 231 1950 295 CESARIENSIS
1988 237 2137 294 OPP.
2177 237 2354 294 PARS
2392 232 2916 295 l.——HlSTORlCA.

3649 227 3757 283 565

441 353 541 406 ties
564 365 622 406 se
649 350 818 404 latere
849 362 1007 418 posse
1038 349 1312 416 sperabat.
1344 348 1723 420 Interdumque
1755 367 1899 417 eum,
1925 362 2007 404 ut-

2119 350 2335 404 στιανοῦ
2377 366 2726 422 κατηγορων,
2771 349 2891 400 τοτέ
2925 346 2980 399 δὲ
3026 347 3124 417 τὴν
3167 350 3292 419 περὶ
3332 346 3415 400 τὰ
3466 345 3759 414 φιλόσοφα

437 453 566 514 pote
592 439 987 500 Christianum,
1017 450 1236 494 accusat
1267 459 1279 492 :
1316 441 1583 494 interdum
1616 443 1871 496 eximiam
1897 444 2011 512 PjIIS

437 535 740 589 doctrinam
781 533 832 586 in
883 533 1274 601 philosophiris
1304 533 1607 585 admiratur
1638 543 1693 587 et
1729 536 2006 603 praedicat.

440 627 552 683 Sed
581 628 696 696 ipsa
736 624 882 679 illius
910 625 1074 678 verba
1100 667 1115 691 ,
1153 626 1196 679 si
1231 625 1425 693 placet,
1457 627 1743 680 audiamus
1772 645 1787 681 :
1821 647 1839 680 ‹
1881 629 2011 694 Qui-

435 721 603 782 dam,
650 716 860 786 inquit,
894 718 1153 785 nequitia:
1203 715 1548 772 Iudaicarum
1603 719 2009 789 Seripturariim

436 810 771 865 solutionem
819 807 1002 880 potius
1053 822 1212 876 quam
1267 810 1625 863 desertionein
1681 811 2013 882 investigare

436 903 721 972 cupientes
745 942 761 967 ,
793 904 859 956 ad
892 902 1262 969 expositiones
1305 905 1568 970 quasdam
1593 904 1844 957 conversi
1889 915 2014 957 sunt

438 995 577 1049 niale
613 997 963 1051 coluerentes.
1001 1009 1098 1047 nec
1129 993 1424 1060 Scriptnris
1451 994 1582 1058 ipsis
1628 996 1758 1048 satis
1790 1010 2010 1048 accom-

439 1090 734 1140 modatas:
777 1102 896 1154 quae
949 1102 1054 1138 non
1107 1083 1474 1138 defensionem
1525 1086 1821 1154 peregriitm
1869 1087 2014 1141 illius

437 1193 620 1243 scene,
655 1180 746 1234 sed
782 1180 962 1247 potius
999 1179 1444 1246 approbationem
1471 1191 1524 1232 et
1552 1180 1762 1232 laudem
1798 1195 1909 1232 sua:
1932 1180 2012 1245 ip~

437 1287 622 1324 eorum
685 1269 947 1323 doctrinae
997 1271 1362 1322 cominerent.
1413 1269 1699 1336 Postquam
1750 1270 1893 1322 enim
1949 1285 2012 1321 ea

434 1377 558 1430 quae
587 1379 613 1416 a
647 1363 792 1418 Mose
819 1361 1163 1430 apertissime
1193 1361 1335 1413 dicta
1362 1372 1504 1420 sunt,
1530 1360 1728 1429 ﬁguras
1752 1360 2012 1429 quasdam

435 1467 603 1520 aique
652 1453 1002 1508 adumbratas
1037 1452 1300 1518 imagines
1347 1467 1465 1505 esse
1500 1452 1663 1521 220
1697 1453 1974 1520 jactaritnt
1999 1492 2012 1514 ,

435 1563 501 1599 ac
541 1545 714 1599 veluti
761 1547 983 1599 oracula
1035 1545 1254 1598 arcanis
1302 1545 1456 1613 plena
1512 1544 1786 1613 mysteriis
1833 1544 2015 1597 divino

435 1637 671 1698 quodam
701 1637 848 1692 Cltlltl
886 1637 1156 1706 prosecuti
1192 1648 1314 1689 sunt
1347 1675 1360 1692 .
1414 1635 1719 1702 hnjiisniodi
1757 1633 2015 1687 vanitatis

435 1728 730 1797 jtrzpstigiis
763 1727 958 1782 mentis
987 1729 1102 1781 acie
1148 1727 1548 1795 quodammodo
1591 1723 1875 1785 fascinata.
1911 1742 2006 1780 ex-
2048 1721 2089 1773 Β

432 1821 732 1888 positiones
759 1837 886 1875 snas
912 1822 1169 1886 deinceps
1218 1818 1520 1888 proferunt.
1563 1837 1581 1869 ι
1619 1819 1681 1871 Et
1727 1817 2008 1886 aliquanto

435 1920 556 1980 post
590 1927 604 1962 :
645 1930 662 1961 ι
697 1910 863 1979 Hujus
895 1922 1078 1965 autem
1115 1911 1469 1964 absii'rditatis
1500 1909 1803 1978 exemplum
1833 1925 2011 1962 sunia-

436 2017 524 2056 inr
551 2022 614 2060 ex
659 2019 725 2058 eo
753 2007 868 2058 viro
911 2021 1071 2073 quem
1108 2020 1210 2070 ego
1243 2005 1529 2058 admodum
1574 2004 1894 2056 adolescens
1928 2003 2008 2056 vi-

433 2101 564 2150 dere
591 2099 809 2150 memini
840 2139 854 2160 ,
879 2099 969 2169 qui
1015 2109 1068 2151 et
1113 2107 1241 2162 tunc
1273 2097 1534 2164 temporis
1569 2096 1856 2150 maximam
1891 2095 2007 2148 lau—

435 2195 558 2242 item
590 2191 819 2258 adeptus
850 2193 1022 2243 fuerat
1042 2230 1057 2253 ,
1086 2201 1139 2244 et
1172 2205 1313 2243 nunc
1343 2205 1555 2259 quoque
1583 2189 1651 2241 ob
1682 2203 1742 2242 ea
1767 2205 1887 2258 quae
1921 2205 2010 2243 re-

421 2283 593 2352 ,liquit
629 2286 825 2353 ingenii
862 2284 943 2337 sui
996 2291 1346 2336 monumenta
1389 2296 1720 2352 magnopere
1750 2297 2005 2349 compro-

436 2375 596 2430 batur
628 2393 642 2429 :
674 2374 907 2444 Origene
925 2375 1154 2440 scilicet,
1191 2375 1344 2444 cujus
1374 2373 1544 2442 gloria
1580 2374 1719 2441 apud
1749 2374 2007 2428 doctrinm

434 2470 596 2540 hujus
632 2471 921 2540 magistros
947 2469 1146 2534 eximia
1182 2469 1432 2524 habetur.
1455 2464 1551 2521 Hic
1580 2467 1724 2521 enim
1753 2483 1874 2523 cum
1906 2483 2005 2525 au-

507 2673 617 2742 (H)
658 2671 977 2742 Θαυμιὶζων
1007 2673 1104 2728 καί
1135 2671 1495 2742 διαγράφων.
1531 2671 1654 2726 Dtia:
1687 2677 1894 2740 priores
1923 2688 2013 2726 vo-

507 2690 617 2742 tis)
658 2690 977 2742 σαυμιιςων
1007 2690 1104 2728 και
1135 2690 1367 2742 τέταγμαι
1395 2691 1495 2726 ων.
1532 2690 1654 2726 inite
1687 2690 1894 2740 priores
1923 2690 2004 2726 vo-

431 2760 524 2795 ces
557 2748 751 2796 absunt
780 2763 807 2796 a
835 2745 1022 2798 codice
1055 2745 1216 2807 Maz.,
1246 2690 1390 2796 Medi
1419 2753 1470 2796 et
1502 2742 1660 2806 Fuk,
1689 2758 1786 2797 nec
1814 2743 2004 2797 viden-

435 2825 522 2865 tnr
544 2816 828 2865 admodum
854 2814 1194 2867 necessariae.

505 2882 620 2954 (I5)
654 2883 722 2936 Τὸ
771 2883 1038 2953 κριτικὸν
1088 2881 1198 2950 τῆς
1238 2881 1467 2952 ψυχῆς.
1499 2881 1646 2954 Male
1689 2881 1914 2936 Ruﬁnus
1950 2891 2003 2935 et

431 2954 960 3020 t‘.lii'istopltorsonus
1006 2956 1170 3007 (mimi
1211 2955 1294 3007 sui
1333 2953 1597 3021 judicium
1639 2953 2002 3019 interpretati-

433 3037 540 3076 tur.
577 3023 788 3092 Langus
824 3040 1036 3092 quoque
1070 3025 1257 3078 eodem
1316 3024 1473 3077 tnodo
1517 3022 1677 3093 verba
1720 3021 1998 3093 Porphyrii

434 3091 719 3148 intellexit:
762 3091 962 3147 Verum
1006 3111 1108 3146 non
1147 3111 1208 3146 ea
1259 3107 1409 3147 meus
1449 3102 1532 3146 est
1577 3091 2008 3162 Porphyriiflti-

341 3175 349 3182 '
436 3164 628 3231 telligit
656 3166 798 3217 enim
845 3164 1180 3234 Porphyrius
1225 3166 1531 3216 auditorum
1571 3178 1663 3216 seu
1715 3163 1895 3230 potius
1929 3164 2006 3234 le-

431 3237 672 3302 gentium
722 3237 954 3296 animos,
1021 3233 1308 3299 yerliorniit
1363 3233 1767 3299 magniﬁcentia
1823 3234 1891 3302 ab
1939 3233 2007 3294 il-

435 3307 500 3358 lis
554 3306 940 3380 interpretibus
991 3305 1306 3371 perstrietos
1357 3303 1521 3357 fuisse
1553 3313 1606 3355 et
1643 3303 1799 3372 quasi
1851 3301 2010 3356 fasci-

432 3384 608 3428 natos.

502 3443 615 3516 (16)
641 3441 794 3516 Νέίος
815 3443 900 3516 ὢν
923 3444 1314 3516 ἐντετύχηκα.
1339 3440 1672 3516 __Vincentiiis
1712 3441 2011 3516 Lirinensis

432 3513 643 3584 in‘cap.
679 3515 752 3575 Ἧι
797 3514 935 3572 male
985 3518 1100 3584 inec
1149 3513 1369 3584 Eusebii
1423 3513 1583 3566 verba
1639 3513 1864 3584 accepit.
1920 3513 2010 3584 Sic

430 3583 814 3640 i-niiit'scribit
849 3587 917 3638 de
964 3583 1196 3652 Origene
1233 3602 1246 3635 :
1281 3583 1363 3634 Ait
1415 3598 1637 3650 namque
1681 3583 1876 3649 impius
1918 3583 2009 3634 ille

434 3654 793 3724 Porphyrius,
841 3655 1071 3706 excitum
1125 3670 1179 3706 se
1227 3653 1370 3720 fama
1425 3652 1592 3724 ipsius
1618 3652 2008 3724 Alexandriam

430 3722 785 3795 {erepturum
823 3726 1136 3795 perrexisse.
1176 3726 1347 3793 ibique
1386 3738 1508 3795 enni
1544 3723 1733 3795 uidisse
1764 3722 1876 3789 jam
1923 3739 2007 3795 se_—

430 3792 570 3855 nem,
592 3808 700 3848 etc.
745 3796 906 3862 Atqui
947 3792 1282 3864 Porphyrius
1314 3809 1418 3845 non
1453 3792 1585 3846 dicit
1623 3792 1908 3864 Origeuetit
1941 3793 2010 3864 ab

429 3880 490 3919 se
514 3867 686 3917 visunt
731 3879 850 3918 esse
883 3862 1225 3918 Alexandria:
1259 3865 1368 3930 jam
1407 3877 1609 3917 senem.
1651 3862 1908 3930 Equidem
1941 3863 2008 3915 li-

431 3935 647 3990 lietitins
691 3935 1020 3988 crediderim
1072 3935 1361 4004 Origenetti
1407 3950 1435 3984 a
1484 3932 1786 4004 Porpliyrto
1827 3935 2010 4004 adhuc

429 4021 598 4070 puero
648 4006 822 4058 visum
878 4021 997 4059 esse
1056 4004 1108 4056 in
1145 4008 1281 4056 urbe
1319 4003 1485 4074 Tyro,
1543 4005 1595 4055 in
1647 4002 1750 4071 qua
1815 4002 2008 4068 Orige-

431 4090 526 4129 nes
558 4076 743 4129 relicta
778 4075 1102 4128 Alexandria
1134 4075 1444 4126 diutissime
1487 4083 1862 4126 c0inmoratits
1902 4083 2003 4127 est.

427 4143 553 4199 Fuit
581 4148 726 4200 enim
770 4147 1098 4214 Porphyrius
1143 4147 1319 4214 patria
1355 4143 1577 4211 Tyrius,
1613 4143 1838 4210 ejusque
1877 4144 2008 4214 ailof

428 4216 686 4278 lesceiitia
717 4217 768 4268 in
801 4231 860 4268 ea
893 4212 1132 4282 tempora
1162 4213 1355 4264 incidit
1379 4216 1572 4278 quibus
1593 4214 1854 4280 Origenes
1879 4212 2004 4281 'l'yri

427 4288 785 4344 niorahatur..
823 4288 1016 4338 Senem
1067 4294 1244 4335 autem
1291 4282 1438 4334 illum
1474 4283 1817 4335 Alexandriae
1869 4285 2009 4335 vide-

430 4369 488 4408 ie
511 4356 802 4424 quuiitodu
843 4357 1016 4424 potuit
1057 4352 1410 4424 Porphyrius,
1465 4367 1586 4405 eum
1644 4366 1710 4404 eo
1761 4364 2006 4419 tempore

426 4417 978 4490 quo-ex-.Alexaiidria
1013 4417 1264 4477 discessit
1285 4422 1547 4491 Origenes
1578 4424 1812 4475 nondum
1844 4417 2002 4490 qitin-
2031 4417 2082 4476 D
2107 4417 2324 4487 librum,
2377 4437 2534 4492 atque
2598 4425 2692 4477 sub
2723 4417 2986 4476 'Gullieno
3024 4425 3237 4484 librum,
3299 4423 3353 4475 in

425 4497 796 4564 qmigesiinum
825 4505 999 4549 :elatis
1033 4509 1232 4564 animm
1261 4494 1526 4560 attigisset
1556 4493 1578 4545 ’ί

498 4558 612 4633 (Π)
669 4564 979 4634 Ἀκροατὴς
1008 4564 1117 4634 γὰρ
1144 4558 1323 4629 οὗτος
1367 4558 1710 4632 Ἀμμωνίου.
1736 4563 2006 4616 Amtnonii

423 4636 782 4690 Alexandrini
818 4635 1161 4689 celeberrimi
1201 4635 1342 4687 illius
1378 4637 1683 4704 philosophi
1713 4637 1779 4687 de
1806 4637 2003 4701 quoad

427 4705 627 4761 librum
662 4722 772 4760 xm
821 4709 1001 4759 Anim.
1030 4704 1329 4758 Marcellini
1365 4706 1516 4772 plura
1542 4705 1817 4768 adnotavi,
1849 4705 2002 4756 andi-

427 4789 597 4831 torem
629 4777 800 4832 fuisse
823 4778 1109 4846 Origenein
1137 4776 1541 4839 Adamantiiiiii,
1566 4776 1867 4845 Porphyrio
1895 4786 2002 4826 tam

425 4849 624 4902 diserte
659 4849 710 4902 id
739 4849 1024 4902 allirmanti
1074 4847 1403 4900 credendum
1460 4859 1563 4900 est.
1619 4847 1812 4900 Veru‘ni
1863 4847 2005 4905 inter

422 4921 697 4972 Ammonii
731 4921 1004 4970 aiiilitoies
1037 4916 1136 4970 fuit
1167 4919 1331 4968 etiam
1364 4919 1551 4970 eodem
1588 4927 1829 4985 tempore
1864 4916 2004 4968 alter

423 4989 707 5057 Origenes.
767 4988 1018 5041 lleretinii
1076 5004 1139 5040 ac
1195 4986 1388 5039 Plotini
1447 4986 2007 5057 condiscipulumde

426 5055 541 5126 quo
563 5057 898 5129 Porphyrius
942 5059 992 5110 iii
1041 5057 1156 5129 Vita
1196 5057 1424 5122 Plotini,
1455 5055 1733 5129 Longinus
1780 5056 2001 5129 illtliltl'O

425 5125 504 5182 De
533 5125 973 5198 ﬁncpl‘a'vlllapills
1013 5142 1064 5181 et
1107 5127 1384 5182 Hierocles
1415 5145 1468 5181 in
1501 5132 1642 5182 libro
1693 5128 1767 5180 De
1814 5125 2002 5182 Provi-

421 5204 624 5262 dentia,
667 5211 724 5252 et
762 5201 850 5252 alii
892 5200 1209 5266 loquuntur.
1244 5198 1506 5252 Barcinus
1554 5199 1772 5265 quidem
1815 5199 1866 5250 in
1897 5198 2002 5249 Au.-

421 5272 630 5323 milibus
665 5281 721 5326 et
752 5271 923 5323 Lucas
963 5271 1270 5323 llolstenitts
1302 5273 1384 5320 vir
1410 5269 1761 5322 doctissimus
1794 5268 1844 5320 iii
1877 5267 1912 5320 2
1945 5281 2000 5320 et

419 5341 456 5393 ὅ
489 5344 668 5407 capite
702 5342 777 5392 De
815 5343 922 5392 vitii
961 5343 1270 5407 scriptisque
1307 5338 1617 5407 Porphyrii,
1650 5339 1792 5400 hunc
1820 5339 2001 5408 Orige-

420 5429 544 5465 nem
577 5428 739 5464 unum
765 5414 1122 5478 euindeniqtte
1164 5425 1283 5463 esse
1309 5424 1432 5462 cum
1472 5417 1704 5478 Origene
1733 5409 2000 5462 Adaman-

422 5493 497 5534 tio
545 5482 916 5536 crediderunt.
983 5481 1327 5549 Veriiinego
1390 5481 1598 5532 duobus
1651 5481 1994 5547 potissimum

419 5553 754 5618 argumentis
795 5553 1078 5611 adductus,
1113 5552 1269 5619 longe
1311 5549 1380 5603 ab
1422 5550 1488 5603 iis
1540 5549 1823 5602 dissentio.
1875 5549 1995 5601 Pri-

416 5638 568 5686 initin
603 5623 819 5674 ducitur
841 5639 904 5674 ex
936 5623 1243 5673 testimonio
1278 5620 1504 5685 Longini
1549 5620 1874 5687 philosophi,
1901 5621 1993 5686 qui

414 5696 469 5758 in
507 5693 646 5756 libro
676 5691 753 5754 De
786 5702 890 5760 [me
918 5693 1264 5752 Aiiiiiioiiiuin
1290 5702 1340 5743 et
1371 5691 1658 5759 Origeneiti
1693 5691 1991 5751 Platonicus

2120 443 2419 514 μαθήματα
2448 441 2685 495 ἐπίδοσιν
2718 440 2882 494 αὑτοῦ
2923 440 3217 511 θαυμάζων
3249 442 3350 495 καὶ
3401 437 3760 508 διαγράφων

2118 536 2250 606 (14).
2290 536 2490 588 Ἀκουε
2538 535 2582 588 δ’
2611 531 2704 588 οὖν
2754 535 2789 587 ἆ
2831 551 2960 605 φησι
3009 533 3150 587 κατὰ
3193 533 3342 598 λέξιν
3370 551 3387 564 °
3455 551 3478 583 ι
3513 533 3638 602 Τῆς
3691 531 3758 603 δὴ

2120 626 2420 699 μοχθηρίας
2465 626 2574 680 τῶν
2615 625 2917 680 Ἰουδαϊκῶν
2959 625 3192 698 Γραφῶν
3233 627 3333 679 οὐκ
3390 624 3754 690 ἀπόστασιν,

2118 720 2270 773 λύσιν
2297 719 2351 772 δέ
2385 736 2526 783 τινες
2567 720 2747 789 εὑρεῖν
2785 717 3247 790 προθυμηθέντες,
3292 717 3390 770 ἐπ’
3433 717 3758 787 ἐξηγήσεις

2120 813 2419 884 ἐτράποντο
2465 810 2881 879 άσυγκλώστους
2924 811 3018 864 καὶ
3060 811 3454 882 ἀναρμόστους
3489 813 3620 873 τοῖς
3655 826 3754 879 γε-

2120 906 2476 976 γραμμένοις,
2501 906 2601 958 οὐκ
2625 903 2917 972 ἀπολογίαν
2945 903 3141 974 μᾶλλον
3163 905 3304 975 ὑπὲρ
3322 904 3452 957 τῶν
3474 902 3751 968 ὀθνείων,

2119 998 2430 1070 παραδοχὴν
2472 999 2527 1052 δὲ
2573 999 2665 1050 καὶ
2716 997 2934 1050 ἔπαινον
2980 999 3090 1060 τοῖς
3141 997 3360 1060 οἰκείοις
3416 995 3748 1067 φερούσας.

2117 1091 2420 1160 Αἰνίγματα
2457 1089 2566 1161 γὰρ
2608 1089 2676 1142 τὰ
2710 1088 2957 1160 φανερῶς
2987 1089 3135 1160 παρὰ
3166 1091 3399 1144 Μωῦσεῖ
3446 1089 3749 1160 λεγόμενα

2118 1179 2254 1235 εἶναι
2278 1181 2681 1252 κομπάσαντες,
2707 1183 2800 1236 καὶ
2822 1181 3229 1245 ἐπιθειάσαντες
3249 1181 3324 1245 ὡς
3348 1181 3750 1250 θεσπίσματα

2119 1274 2298 1346 πλήρη
2332 1273 2577 1347 κρυφίων
2607 1273 2938 1346 μυστηρίων,
2973 1272 3060 1326 διά
3083 1289 3141 1325 τε
3165 1271 3257 1326 τοῦ
3288 1271 3475 1341 τύφου
3515 1269 3584 1324 τὺ
3616 1286 3748 1342 κρο-

2116 1367 2266 1420 τικδν
2308 1367 2404 1438 τῆς
2431 1366 2608 1438 ψυχῆς
2652 1365 2762 1437 (15)
2809 1364 3366 1434 καταγοητεύσαντες,
3408 1363 3750 1431 ἐπάγουσιν

2119 1457 2426 1528 ἐξηγήσεις.
2453 1477 2470 1509 i
2515 1455 2649 1511 Εἶτα
2685 1456 2801 1528 μεθ’
2830 1457 2996 1528 ἕτερά
3017 1473 3212 1528 φησιν·
3268 1475 3288 1508 ι
3323 1456 3383 1510 Ὁ
3417 1455 3487 1510 δὲ
3521 1454 3745 1527 τρόπος

2118 1551 2214 1621 τῆς
2244 1550 2491 1614 ἀτοπίας,
2525 1549 2586 1613 ἐξ
2616 1549 2811 1620 ἀνδρὸς
2840 1541 2885 1616 ᾧ
2932 1547 3087 1617 κάγὼ
3129 1548 3323 1620 κομιδῆ
3358 1547 3499 1611 νέος
3530 1546 3620 1600 ὣν
3657 1545 3744 1599 ἔτι

2120 1641 2452 1711 ἐντετύχηκα
2486 1640 2619 1711 (16),
2657 1640 2864 1712 σφόδρα
2893 1640 3366 1711 εὐδοκιμήσαντος,
3401 1641 3515 1696 καὶ
3550 1640 3642 1693 ἔτι
3666 1639 3742 1693 δι’

2117 1727 2189 1786 ὧν
2217 1722 2575 1786 καταλέλοιπε
2600 1731 3046 1802 συγγραμμάτων
3071 1730 3497 1802 εὐδοκιμοῦντος
3524 1745 3738 1800 παρειτ

2117 1825 2304 1895 λήφθω
2344 1825 2682 1894 Ὠριγένους,
2727 1818 2787 1878 οὗ
2830 1823 2984 1887 κλέος
3018 1822 3170 1896 παρὰ
3210 1826 3322 1886 τοῖς
3358 1821 3739 1883 διδασκάλοις

2117 1917 2320 1970 τούτων
2347 1915 2457 1969 τῶν
2496 1915 2669 1984 λόγων
2719 1917 2860 1987 μέγα
2901 1915 3213 1969 διαδέδοται.
3258 1914 3581 1986 Ἀκροατὴς
3619 1912 3738 1984 γὰρ

2118 2005 2270 2072 οὗτος
2293 2009 2604 2080 Ἀμμωνίου
2635 2009 2746 2081 (l7)
2768 2009 2862 2063 τοῦ
2889 2008 3148 2088 πλείστην
3184 2010 3240 2060 ἐν
3264 2011 3375 2070 τοῖς
3405 2006 3547 2060 καθ’
3576 2007 3734 2076 ἡμᾶς

2119 2101 2330 2172 χρόνοις
2363 2100 2602 2167 ἐπίδοσιν
2653 2101 2712 2153 ἐν
2758 2099 3045 2170 φιλοσοφίᾳ
3094 2098 3387 2171 ἐσχηκότος
3439 2096 3730 2166 γεγονὼς,

2118 2195 2196 2255 εἰς
2233 2192 2328 2262 μὲν
2366 2190 2464 2262 τὴν
2494 2189 2601 2244 τῶν
2634 2190 2808 2259 λόγων
2836 2191 3149 2262 ἐμπειρίαν,
3182 2189 3378 2262 πολλὴν
3421 2189 3595 2261 παρὰ
3629 2190 3728 2244 τοῦ

2116 2283 2432 2339 διδασκάλου
2462 2283 2559 2355 τὴν
2591 2284 2856 2351 ὠφέλειαν
2881 2284 3169 2355 ἐκτήσατο,
3205 2286 3285 2347 είς
3312 2285 3368 2338 δὲ
3405 2283 3516 2356 τὴν
3545 2282 3727 2354 ὀρθὴν

2114 2375 2206 2429 τοῦ
2253 2375 2367 2447 βίου
2398 2376 2738 2448 προαίρεσιν,
2779 2376 2877 2448 τὴν
2903 2376 3150 2430 ἐναντίαν
3193 2377 3384 2448 ἐκείνῳ
3438 2375 3544 2430 τοῦ
3599 2374 3725 2446 βίου

2114 2467 2340 2539 πορείαν
2376 2467 2686 2537 ἐποιήσατο.
2737 2465 3040 2541 ’Λμμῴνιος
3089 2467 3185 2538 μέν
3236 2467 3344 2538 γὰρ
3370 2466 3722 2540 Χριστιανὸς

2121 2671 2474 2743 philosophos
2524 2683 2769 2735 recenset
2818 2672 2960 2728 inter
3007 2687 3108 2729 eos.
3153 2674 3243 2742 qui
3297 2672 3616 2743 sententias
3659 2677 3715 2743 et

2113 2739 2394 2810 opiniones
2437 2759 2567 2798 suas
2619 2747 2685 2796 ad
2742 2744 3029 2799 utilitatem
3079 2739 3416 2808 posterorum
3473 2739 3714 2810 scriptis

2114 2809 2371 2868 mandare
2404 2817 2714 2879 noluerunt,
2759 2815 2850 2868 sed
2889 2816 3022 2869 satis
3072 2814 3375 2868 habuerunt
3410 2827 3512 2866 eas
3544 2809 3710 2879 audi:

2115 2885 2320 2937 toribus
2342 2886 2455 2940 suis
2485 2886 2632 2948 viva,
2662 2877 2808 2954 quod
2840 2884 3016 2948 aiunt,
3041 2899 3172 2938 voce
3199 2886 3436 2938 tradere.
3467 2879 3633 2954 Quod
3661 2877 3708 2932 si

2110 2954 2236 3022 quid
2263 2954 2330 3007 ab
2353 2955 2533 3023 aliquo
2559 2949 2745 3008 eorum
2783 2955 3041 3024 scriptum
3065 2954 3134 3008 sit
3163 2954 3354 3024 (verba
3385 2963 3520 3024 sunt
3564 2949 3709 3024 Ιιοηι

2110 3020 2720 3098 ginilquettiadinoduin
2749 3025 2815 3078 ab
2846 3020 3076 3098 Origene
3127 3020 3264 3098 liber
3300 3022 3553 3098 UllllS‘De
3592 3020 3702 3098 die:

2113 3093 2374 3158 monibus,
2408 3095 2522 3148 haec
2549 3109 2685 3148 sane
2721 3097 2868 3162 parvi
2900 3095 3154 3146 momenti
3193 3103 3343 3155 sunt,
3373 3094 3582 3161 quippe
3610 3093 3702 3157 qui

2116 3165 2487 3231 perfunctorie
2523 3180 2621 3217 nec
2649 3166 2772 3217 data
2803 3179 2968 3230 opera
3002 3165 3067 3216 ad
3095 3163 3445 3231 scribendum
3477 3177 3541 3216 se
3574 3175 3700 3231 cou-

2119 3229 2310 3287 tulisse
2339 3234 2642 3288 videantur.
2685 3235 2816 3300 Quis
2842 3229 2963 3287 haee
2987 3233 3051 3286 de
3075 3230 3310 3300 Origene
3364 3229 3700 3300 Adamantio

2116 3305 2258 3357 dicta
2307 3318 2430 3359 esse
2499 3297 2725 3365 credat,
2782 3318 2939 3372 quem
3003 3297 3217 3356 consta't
3266 3297 3700 3372 πολυγραφώτα-

2110 3387 2201 3426 τον
2232 3373 2416 3440 fuisse,
2450 3384 2505 3427 ut
2529 3374 2729 3427 indices
2752 3373 2868 3442 ejus
2900 3371 3156 3425 libroruut
3183 3373 3251 3426 ab
3295 3371 3530 3425 Eusebio
3565 3384 3699 3442 eon-

2112 3443 2299 3512 scripti
2341 3453 2628 3497 testantur.
2673 3441 2790 3497 Sed
2829 3453 2884 3498 et
2931 3449 3048 3510 ipse
3095 3442 3434 3513 Porphyrius
3479 3443 3532 3495 in
3591 3441 3696 3513 hoc

2113 3508 2242 3566 loco
2266 3513 2356 3582 qui
2387 3515 2455 3567 ab
2481 3513 2708 3567 Eusebio
2751 3508 3062 3576 adducitur,
3091 3513 3167 3566 ait
3202 3508 3492 3581 Origenem
3533 3508 3694 3582 celet

2115 3575 2412 3651 herriiinim
2439 3585 2603 3637 fuisse
2630 3583 2698 3636 ob
2722 3583 2922 3650 scripta
2945 3575 3064 3650 qua:
3093 3575 3328 3651 posteris
3348 3575 3696 3651 reliquit,_6i’

2112 3646 2190 3707 ὧν
2232 3653 2589 3726 καταλέλοιπε
2627 3646 3073 3726 συγγραμμάτων
3093 3646 3557 3726 ⁷εὐδοκιιιοῦντος.
3590 3649 3694 3726 _Se-

2112 3725 2344 3778 cutidum
2364 3719 2752 3791 arguitieutttiii
2773 3719 2930 3777 nobis
2973 3719 3402 3776 subministravit
3449 3719 3693 3791 Porph!-

2115 3793 2226 3848 riiis
2252 3794 2302 3846 in
2353 3789 2473 3847 Vita
2511 3794 2714 3847 Plotini
2755 3792 3075 3862 philosophi,
3105 3789 3691 3862 haudiprorulah’iui-

2116 3865 2210 3929 tio,
2241 3863 2396 3931 cujus
2430 3866 2590 3917 verba
2632 3879 2695 3916 ex
2736 3861 3186 3931 interpretatione
3224 3861 3395 3915 Ficiiii
3437 3861 3690 3931 hichap-

2113 3927 2358 4004 poiiaiiii:
2396 3932 2528 3988 Cum
2559 3951 2680 3987 vero
2711 3927 3008 3986 Herennius
3040 3940 3097 4004 et
3128 3929 3400 4002 Origenes,
3425 3943 3471 4004 et
3512 3927 3687 4004 Picti:

2113 3997 2210 4056 itus
2261 4003 2387 4056 olim
2469 4005 2606 4056 inter
2676 4019 2730 4057 se
2801 3997 3247 4064 constituissentf
3292 4017 3355 4054 ne
3421 3997 3686 4052 Animonii

2111 4075 2358 4142 dogmata
2385 4075 2615 4136 ederent,
2659 4089 2776 4143 qua:
2816 4074 3000 4125 audita
3039 4075 3103 4126 ab
3139 4072 3251 4136 illo,
3297 4083 3549 4143 tauquam
3573 4071 3682 4143 im—

2110 4137 2291 4210 primis
2328 4154 2552 4213 purgata
2587 4137 2849 4210 pralcipue
2897 4143 3356 4213 coniprobaveraut
3389 4137 3412 4192 :V
3441 4137 3683 4192 Plotinus

2109 4211 2496 4281 quideni’ste'tit
2555 4214 2848 4282 promissis.
2895 4211 3193 4266 Herennius
3246 4220 3421 4264 autem
3477 4214 3681 4279 primus

2109 4297 2263 4352 pacm
2291 4281 2569 4348 dissolvit;
2609 4297 2657 4336 et
2697 4281 2946 4350 Origenes
2977 4281 3299 4352 Herennium
3343 4291 3414 4334 est
3453 4292 3677 4352 secutus.

2115 4355 2349 4423 Scripsit
2385 4370 2503 4408 vero
2549 4353 2679 4406 nihil
2723 4365 2918 4423 prii-ter
2945 4353 3220 4419 quemdam
3250 4351 3314 4404 de
3356 4351 3679 4406 dwmonibus

3455 4438 3520 4472 uo
3595 4435 3676 4472 re-

2109 4439 2324 4487 tiorunt,
2377 4439 2534 4492 atque
2598 4439 2692 4477 suo
2742 4439 2986 4476 bulltelto
3024 4439 3237 4484 uorum,
3299 4439 3353 4475 in
3418 4439 3520 4490 quo
3595 4439 3676 4472 re-

2109 4511 2223 4564 gem
2263 4496 2431 4550 solum
2475 4494 2769 4561 ἀπείποι-ειη
2797 4510 2938 4564 _esse
2975 4494 3252 4559 probabat.
3318 4492 3414 4564 llic
3472 4499 3680 4564 postre-

2111 4560 2231 4618 iinis
2263 4565 2400 4621 liber
2436 4567 2485 4618 iii
2505 4560 2726 4617 laudem
2781 4562 3008 4617 Gallieni
3070 4562 3414 4631 imperatoris
3453 4562 3521 4631 ab
3553 4560 3678 4616 Ori-

2108 4650 2243 4701 gene
2270 4637 2621 4704 conscriptus
2649 4636 2880 4701 videtur,
2909 4643 2967 4687 ut
3006 4630 3268 4704 paelicum
3293 4632 3411 4697 ejus
3445 4630 3677 4704 laetitia-

2111 4716 2215 4757 tetii
2292 4701 2631 4776 praedicaret.
2689 4704 2815 4758 Fuit
2891 4707 3054 4776 enim
3115 4702 3391 4757 Gallienus
3457 4701 3679 4776 poeticae

2110 4772 2345 4839 deditus,
2378 4785 2704 4844 exstantque
2751 4776 2958 4842 aliquot
3010 4775 3126 4842 ejus
3181 4788 3370 4844 versus
3417 4772 3677 4844 nuptiales

2114 4849 2254 4901 inter
2310 4841 2629 4916 fragmenta
2669 4841 2909 4902 Petronii
2963 4841 3188 4916 Arbitri.
3249 4843 3325 4896 Eu
3357 4841 3677 4916 _enitu_allu-

2107 4919 2233 4972 dere
2263 4911 2475 4973 videtur
2497 4918 2680 4970 titulus
2704 4916 2845 4978 libri,
2877 4916 2959 4970 ὄτι
2995 4915 3152 4985 μόνος
3189 4913 3416 4984 ποιητὴς
3469 4915 3502 4985 δ
3531 4911 3678 4985 βασιτ

2109 4986 2253 5052 λεύς.
2285 4989 2440 5055 Quod
2473 5004 2516 5040 Sl
2569 5003 2750 5039 verum
2809 4999 2895 5040 est
2939 4982 3225 5054 Oiigeneni
3293 4982 3435 5038 hunc
3484 4982 3676 5036 Plotini

2109 5059 2538 5128 condiscipulum
2597 5058 2792 5110 librum
2848 5057 2997 5128 illum
3047 5055 3334 5123 scripsisse
3380 5055 3677 5128 itiiperante

2106 5123 2377 5194 Gallieno,
2410 5127 2656 5198 proiecto
2711 5129 2780 5179 ab
2835 5127 3068 5194 Origene
3125 5126 3452 5198 Adamantio
3488 5123 3677 5198 distiu-

2108 5193 2466 5267 gueadusest
2498 5199 2836 5267 necessario.
2867 5193 3224 5254 Adamantius
3249 5197 3394 5249 enim
3419 5193 3677 5267 Origenes

2107 5265 2174 5322 ad
2211 5285 2380 5339 usque
2425 5271 2709 5336 imperium
2746 5266 2972 5325 Gallieni
3010 5269 3233 5339 minime
3261 5265 3525 5339 pervenit,
3555 5278 3674 5317 cuni

2104 5341 2258 5394 Gallo
2290 5337 2344 5394 et
2378 5339 2668 5395 Volusiano
2710 5337 3108 5406 imperantibus
3136 5337 3356 5399 ubierit,
3399 5350 3540 5390 anno
3585 5349 3677 5384 iia—

2106 5413 2228 5464 ialis
2261 5411 2526 5464 Domiiiici
2559 5409 2686 5474 252,
2731 5419 2788 5461 ut
2815 5419 2960 5466 recte
2994 5425 3024 5459 a
3063 5407 3296 5460 Barooio
3320 5408 3671 5462 observatum

2105 5493 2206 5546 est,
2250 5498 2371 5534 cum
2414 5496 2615 5535 annum
2677 5481 2854 5533 aetatis
2920 5494 3119 5532 nonum
3175 5487 3231 5530 et
3281 5476 3672 5544 sexagesimum

2106 5553 2472 5620 tt'attscgisscl.
3447 5581 3452 5586 -
