4112 6428
540 308 642 360 567

1249 298 1519 356 EUSEBII
1553 288 2032 353 CESARIENSIS
2069 292 2222 349 OPP.

2266 292 2445 348 PARS
2479 293 2522 348 Ι.
2561 323 2632 336 -
2668 290 3060 348 HISTORICA.
3791 292 3884 347 568

544 445 696 485 usum
732 428 784 484 in
810 424 1167 497 philosophia,
1199 422 1526 478 adulteravit
1557 438 1570 474 :
1601 427 1864 489 quantum
1893 416 2108 486 quidem

2236 415 2449 486 ,ογίμων
2494 413 2704 486 ἀνδρῶν
2747 413 2942 484 ὡμίλει
2998 415 3478 486 συγγράμμασιν
3509 425 3528 442 ο
3584 408 3798 482 ἐχρῆτο
3835 411 3887 467 δῖι

543 527 609 579 ad
645 537 844 586 mores,
873 519 1187 575 Christiano
1219 517 1324 570 ritu
1372 524 1428 569 et
1453 517 1715 568 adversus
1760 511 1934 580 legum
1969 523 2111 578 prte-

543 617 742 685 scripta
769 615 1001 676 vivens;
1043 618 1306 679 quantum
1335 623 1464 661 vero
1506 607 1573 659 ad
1600 603 1883 674 opiniones
1925 601 1991 654 de
2024 615 2114 655 re-

543 707 642 760 bus
672 705 800 774 ipsis
829 717 890 757 ac
909 701 973 754 de
1000 701 1107 754 Deo
1124 708 1352 768 spectat,
1373 697 1687 768 graecizans.
1709 704 1761 748 et
1789 691 2107 748 Graecorum

545 813 640 852 seu
678 793 962 866 gentilium
1010 805 1294 846 sermones
1341 787 1643 858 peregrinis
1687 801 1999 854 supponens
2036 784 2117 839 la-

543 889 711 944 bulis.
746 887 1072 942 Versabatur
1104 885 1250 939 enim
1284 881 1504 937 assidue
1547 897 1669 935 cum
1709 879 1951 934 Platone.
2002 878 2116 932 Nu-

547 981 710 1036 menii
744 993 980 1048 quoque,
1000 976 1206 1036 Cronii.
1233 974 1623 1044 Apollophanis
1655 982 1709 1028 et
1732 971 1985 1043 Longini,
2006 969 2120 1024 Μοο

547 1073 723 1130 derati
760 1074 925 1128 etiam
975 1087 1037 1124 ac
1089 1068 1447 1132 Nicomachi,
1490 1075 1544 1121 et
1579 1066 1808 1120 aliorum
1850 1065 1940 1134 qui
1977 1064 2121 1118 inter

543 1163 933 1235 Pythagoricos
983 1160 1234 1231 praecipui
1279 1159 1565 1221 habentur,
1613 1157 1817 1226 scripta
1878 1154 2119 1224 quotidie

549 1257 782 1310 habebat
809 1256 860 1308 in
899 1255 1174 1308 manibus.
1213 1251 1519 1306 Adhibebat
1557 1251 1719 1305 etiam
1754 1247 2122 1302 Chmremonis

547 1347 717 1402 Stoici
754 1357 805 1399 et
834 1347 1055 1401 Cornuti
1097 1345 1283 1398 libros.
1313 1344 1350 1395 Λ
1380 1342 1577 1411 quibus
1611 1356 1732 1395 cum
1767 1340 2120 1409 allegoricum

548 1440 600 1492 in
636 1439 968 1507 explicandis
1003 1437 1312 1492 Grrccornm
1351 1435 1623 1504 mysteriis
1648 1433 1863 1484 modum
1897 1431 2118 1484 didicis—

547 1542 629 1586 set
657 1573 672 1593 ,
702 1547 822 1584 enm
851 1530 1090 1586 Judaicis
1123 1527 1423 1598 Scripturis
1459 1526 1729 1578 adhibuit.
1775 1543 1792 1574 ι
1832 1523 1956 1577 Ii:ec
1988 1521 2122 1576 Por-

549 1625 772 1694 pltyrius
807 1623 858 1675 in
911 1622 1050 1676 libro
1101 1621 1267 1675 tertio
1305 1611 1421 1687 ejus
1457 1619 1642 1688 operis
1689 1618 1831 1688 quod
1869 1617 2124 1670 adversus

549 1715 890 1767 Christianos
943 1713 1269 1781 composuit.
1307 1712 1406 1776 Qui
1456 1711 1524 1766 de
1568 1711 1666 1764 viri
1719 1709 1934 1778 quidem
1985 1708 2124 1761 illius

551 1807 728 1858 studio
758 1816 809 1858 ct
841 1804 1120 1873 multiplici
1154 1804 1395 1858 doctrina
1421 1801 1703 1856 verissime
1729 1799 2121 1870 pronuntiavit.
2159 1777 2199 1830 Β

552 1900 656 1954 Sed
708 1901 760 1953 in
809 1915 874 1954 co
913 1897 1352 1952 manifestissime
1396 1897 1659 1951 mentitus
1699 1906 1783 1950 est
1835 1896 2127 1965 (quomodo

549 1992 692 2045 enim
713 2007 818 2043 non
851 1991 1175 2045 mentiretur
1201 1990 1292 2059 qui
1324 1989 1588 2044 adversus
1618 1986 1965 2042 Christianos
1989 1988 2128 2041 scri-

553 2083 710 2135 hchat
737 2081 798 2152 ί)
829 2081 968 2149 quod
1028 2081 1198 2149 ipsum
1232 2079 1446 2151 quidem
1477 2096 1504 2132 a
1547 2079 1837 2150 gentilibus
1865 2079 1932 2134 ad
1962 2079 2126 2133 Citri-

551 2173 758 2225 stianos
811 2171 1092 2224 transiisse
1129 2170 1306 2232 dicit;
1358 2170 1704 2223 Ammonium
1757 2184 1885 2225 vero
1935 2185 1965 2224 a
2013 2169 2127 2224 veri

550 2262 800 2315 Numinis
844 2261 990 2314 cultu
1029 2262 1094 2313 ad
1135 2261 1415 2329 gentilium
1472 2261 1634 2314 ritum
1680 2276 1740 2316 se
1795 2261 2125 2319 contulisse.

553 2352 684 2405 Nam
717 2363 768 2406 et
800 2352 1064 2422 Origenes
1097 2352 1418 2406 Christiana:
1464 2351 1587 2406 fidei
1616 2353 1920 2408 doctrinam
1953 2369 1980 2406 a
2010 2369 2127 2406 ma-

547 2443 756 2510 joriluts
796 2444 912 2496 suis
943 2457 1222 2512 acceptam
1254 2445 1493 2498 servavit
1518 2484 1533 2508 ,
1567 2454 1626 2499 ttt
1660 2445 1711 2498 in
1745 2445 2128 2514 superioribus

553 2536 709 2603 221
740 2534 1110 2595 ostendimus;
1133 2545 1186 2589 ct
1213 2537 1531 2590 Ammonius
1553 2537 1744 2591 divinae
1775 2538 2129 2606 pltiloSOphim

555 2637 820 2692 praecepta
857 2628 922 2681 ad
968 2638 1271 2681 extremum
1302 2644 1473 2697 usque
1512 2630 1800 2682 terminum
1835 2633 1958 2682 vine
1991 2631 2130 2683 inte-

554 2734 646 2779 era
682 2730 845 2786 atque
880 2719 1100 2795 immota
1146 2719 1386 2773 retinuit.
1419 2718 1713 2774 Tcstantnr
1751 2722 1801 2774 id
1829 2723 2125 2776 etiamnum

556 2811 966 2865 lucubrationes
993 2811 1097 2865 viri
1131 2811 1272 2865 illius
1312 2811 1380 2866 ob
1411 2826 1473 2866 ea
1515 2829 1632 2878 «pne
1667 2814 1886 2883 reliquit
1926 2815 2126 2886 ingenii

555 2912 904 2956 monumenta
952 2903 1337 2967 celeberrimi,
1374 2905 1603 2971 exempli
1637 2907 1808 2974 gratia
1853 2906 1988 2961 liber
2039 2907 2130 2960 ille

555 2997 641 3049 cui
674 2996 860 3051 titulus
888 3006 972 3050 est
999 3014 1012 3049 :
1043 2996 1114 3048 De
1131 3013 1387 3050 consensit
1408 2996 1570 3049 Musis
1583 3015 1644 3050 ac
1669 2999 1818 3064 Jesa,
1838 3002 2131 3066 etquienn-

554 3103 661 3157 que
694 3087 782 3140 alii
831 3088 970 3157 apud
1001 3089 1273 3141 studiosos
1320 3088 1679 3158 reperiuntur.
1729 3092 1906 3159 Atque
1938 3094 2051 3146 haec
2101 3109 2127 3146 a

555 3180 714 3232 nobis
747 3178 889 3234 dicta
919 3179 1028 3233 sint
1054 3220 1070 3244 ,
1109 3189 1218 3233 ttnn
1252 3179 1318 3232 ad
1361 3181 1786 3250 convincendum
1829 3184 2134 3239 mendacis-

556 3273 680 3325 siuti
712 3273 952 3328 hominis
983 3273 1337 3338 calumniam,
1371 3285 1480 3328 tum
1506 3274 1571 3326 ad
1600 3275 1854 3328 eximiam
1881 3272 2134 3343 Origenis

560 3366 610 3414 in
638 3365 971 3419 Gra'canicis
997 3367 1296 3434 disciplinis
1330 3367 1690 3421 eruditionem
1722 3366 2128 3420 declarandam.

560 3456 635 3508 De
678 3471 782 3522 qua
831 3457 943 3525 ipse
974 3457 1027 3510 in
1064 3457 1290 3524 cpistola
1325 3459 1561 3526 quadam
1613 3458 1874 3511 adversus
1915 3472 2008 3510 eos
2040 3459 2130 3526 qui

559 3547 784 3600 nimium
837 3547 958 3615 ejus
993 3546 1230 3600 studium
1282 3562 1405 3616 ergo
1454 3546 1766 3613 hnjusmodi
1821 3544 2134 3613 disciplinas

559 3639 1046 3707 reprehendebant,
1063 3639 1299 3708 seipsum
1338 3655 1574 3708 purgans
1607 3639 1676 3691 ita
1713 3639 1927 3692 scribit:
1955 3656 1973 3687 ‹
1999 3637 2130 3692 Cum

560 3746 689 3785 vero
718 3740 886 3784 totum
918 3745 1004 3785 me
1031 3732 1359 3786 addixissem
1409 3730 1576 3785 verbo
1604 3730 1724 3796 Dei,
1765 3745 1829 3784 ac
1859 3730 1926 3784 de
1950 3739 2134 3786 nostra

560 3873 988 3940 conscripserat,
1028 3883 1164 3929 teste
1202 3874 1502 3944 Porphyrio
1533 3875 1584 3926 in
1615 3875 1755 3928 libro
1783 3874 1856 3927 De
1885 3877 1990 3929 vita
2026 3876 2133 3944 Py-

561 3949 794 4015 thagora:
819 3955 873 3999 et
916 3945 1190 4012 Stephano
1230 3946 1280 3998 in
1314 3943 1447 3998 voce
1496 3943 1773 4014 Γάδειρα.
1807 3943 2133 4014 Corruptum

561 4025 645 4071 est
690 4017 847 4085 Inuus
881 4031 1073 4068 nomen
1121 4017 1171 4068 in
1205 4016 1621 4070 Commentariis
1655 4016 1898 4085 Syriani.
1930 4032 2135 4085 cogno-

564 4095 743 4138 mento
799 4084 1106 4147 Philoxeni,
1159 4087 1216 4138 in
1259 4100 1333 4138 xu
1376 4084 1754 4154 Metopltysices
1801 4084 2151 4150 Aristotelis,

563 4173 685 4222 pag.
712 4157 801 4214 91,
837 4156 925 4207 ubi
956 4154 1224 4208 Oderatus
1254 4167 1305 4208 et
1354 4154 1717 4209 Nicomachus
1765 4156 1907 4208 inter
1949 4173 2136 4211 recen-

563 4227 732 4294 tiores
791 4224 1183 4294 Pythagoricos
1244 4235 1623 4278 numerantur.
1671 4226 1745 4278 De
1807 4224 2136 4281 Nicomacho

560 4293 790 4350 Pbotius
821 4293 872 4345 in
910 4293 1234 4346 Bibliotheca
1264 4304 1318 4346 et
1355 4295 1570 4348 Snidas.

635 4364 745 4434 (‘25)
786 4363 898 4415 Καὶ
924 4361 1314 4430 Χαιρήμονος.
1342 4364 1713 4418 Cbmremonis
1739 4363 1904 4418 Stoici
1937 4366 2133 4420 librum

564 4433 878 4488 De'cometis
913 4433 1095 4486 laudat
1127 4434 1386 4502 Origenes
1411 4435 1462 4486 in
1498 4434 1648 4488 libris
1678 4434 1872 4488 Contra
1903 4437 2130 4490 Celsum.

564 4486 1013 4558 iiic‘Chreremon
1047 4486 1442 4573 philosophiam
1475 4486 1654 4556 docuit
1684 4486 2134 4570 Alexandrinam
2167 4486 2209 4540 D

562 4589 935 4630 successorem
984 4575 1172 4629 habuit
1217 4575 1526 4642 Dionysium
1573 4576 2028 4638 Alexatnlrinnm,
2077 4587 2136 4628 ut

561 4646 721 4699 docet
763 4646 959 4698 Suitlas
1011 4646 1062 4699 in
1123 4645 1390 4714 Dionysio.
1437 4643 1846 4697 Restituendum
1898 4655 1980 4698 est
2034 4646 2137 4699 hoc

565 4731 758 4768 nomen
789 4715 840 4767 in
866 4716 999 4767 libro
1023 4717 1253 4782 septimo
1282 4714 1409 4767 Nat.
1439 4716 1641 4778 Qua'st.
1675 4715 1922 4777 Senecio,
1958 4717 2136 4783 capite

563 4785 598 4836 5
627 4803 638 4837 :
674 4785 1056 4839 Charimamler
1084 4802 1289 4854 quoque
1325 4787 1514 4838 librum
1544 4785 1616 4837 De
1650 4785 1876 4836 rotnetis
1904 4787 2133 4848 scripsit.

564 4855 919 4913 Scribendutn
960 4866 1040 4909 est
1080 4856 1404 4908 Clta’remon.
1457 4857 1527 4907 De
1561 4856 1660 4908 hoc
1695 4853 2049 4922 Hieronymus
2084 4858 2136 4908 in

565 4926 702 4976 libro
749 4927 989 4978 secundo
1039 4927 1301 4978 Adversas
1365 4924 1707 4978 Iovinianum
1772 4925 1842 4978 ita
1897 4926 2132 4980 scribit:

564 4996 870 5046 Clta'rcmon
915 4995 1151 5048 Stoicus.
1197 4999 1273 5048 t'ir
1311 4997 1800 5064 eloquentissimus,
1843 5009 2027 5048 narrat
2072 4996 2134 5050 de

562 5066 668 5118 rita
703 5065 1039 5136 antiquorum
1076 5064 1291 5133 [Egypti
1339 5067 1694 5124 sacerdotum.
1724 5069 1863 5136 quod
1896 5067 2134 5119 omnibus

563 5135 750 5189 tuendi
786 5137 999 5202 negotiis
1026 5138 1265 5202 curisque
1291 5136 1606 5202 postpositis,
1634 5152 1837 5202 semper
1866 5137 1917 5188 in
1948 5139 2136 5204 templo

566 5207 918 5276 [uer-intacto.
952 5206 1052 5270 Qui
1092 5211 1241 5259 locus
1277 5206 1585 5273 Hieronymi
1637 5215 1782 5259 totus
1824 5208 2138 5276 desumptns

563 5287 646 5329 est
690 5291 753 5327 cx
786 5275 1068 5343 Porphyrii
1105 5278 1195 5327 lib.
1228 5293 1277 5328 tv
1319 5278 1389 5328 lle
1427 5277 1764 5330 abstinentia.
1802 5275 1991 5331 Exstat
2018 5275 2136 5344 epi-

565 5361 809 5414 gramina
844 5346 1104 5399 Martialis
1137 5348 1188 5397 in
1223 5350 1364 5400 hunc
1404 5347 1809 5400 Cltatet'emoncm
1859 5347 2134 5409 Stoicum,

564 5415 705 5488 libro
752 5416 1070 5488 undecimo,
1102 5417 1503 5488 epigrammate
1528 5416 1626 5488 578,
1654 5433 1721 5472 ex
1770 5433 1876 5486 quo
1914 5428 2138 5488 apparet

566 5486 712 5539 circa
750 5497 990 5555 tempora
1031 5486 1246 5555 Trajaui
1283 5487 1428 5540 illum
1459 5487 1676 5541 vixisse.

640 5556 750 5625 (2(3)
783 5555 1159 5624 Κουρνούτηυ
1184 5575 1247 5610 τε
1269 5557 1396 5622 ταῖς
1414 5555 1670 5623 βίϐλοις.
1695 5558 1966 5612 Cornutus
1987 5556 2137 5623 Afer,

565 5624 906 5691 Leptitanus,
939 5627 1120 5681 [totum
1149 5629 1544 5694 philosophiam
1573 5630 1758 5681 docuit
1789 5628 1998 5681 Claudii
2034 5628 2136 5682 Ne-

569 5701 715 5750 ronis
759 5699 1110 5766 temporibus.
1155 5701 1385 5768 Scripsit
1422 5695 1858 5768 ntnltaitnmide
1901 5697 2138 5768 philoso-

563 5769 710 5842 phia,
765 5778 874 5822 tum
927 5784 991 5825 ue
1041 5767 1384 5844 eloquentia,
1431 5778 1487 5822 ut
1529 5767 1695 5823 rel‘crt
1748 5767 1966 5824 Suidas.
1997 5767 2136 5826 Huic

2217 508 2308 560 καὶ
2351 507 2698 578 Χαιρήμονος
2739 506 2851 576 (‘25)
2898 506 2993 560 τοῦ
3033 505 3286 560 Στωϊκοῦ
3319 546 3337 570 ,
3393 502 3780 574 Κουρνοὺτου
3834 523 3888 557 τε

2216 603 2333 662 ταῖς
2378 599 2580 670 βίϐλοις
2625 599 2756 670 (‘26).
2810 600 2948 670 Hap'
2989 594 3063 653 ὧν
3107 601 3200 654 τὸν
3253 595 3732 672 μεταληπτικὸν
3789 595 3891 652 τῶν

2220 694 2351 763 παρ’
2375 691 2601 761 Ἕλλησι
2640 690 2954 762 μυστηρίων
2993 692 3154 761 γνοὺς
3183 691 3427 764 τρόπον
3455 730 3474 755 ,
3513 691 3650 752 ταῖς
3691 687 3889 742 Ἰουδα-

2216 786 2364 847 ῖκαῖς
2398 781 2644 853 προσῆψε
2670 783 2931 854 Γραφαῖς.
2963 801 2981 834 ι
3018 783 3203 837 Ταῦτα
3235 782 3332 854 τῷ
3367 778 3710 852 Πορφυρίῳ
3746 781 3884 838 κατὰ

2218 877 2280 930 τὸ
2320 877 2502 949 τρίτον
2555 875 2890 946 σύγγραμμα
2934 875 3040 928 τῶν
3090 877 3453 948 γραφέντων
3516 873 3689 944 αὐτῷ
3743 875 3882 929 κατὰ

2219 967 2562 1040 Χριστιανῶν
2605 967 2860 1039 εἴρηται,
2907 969 3364 1039 ἐπαληθεύσαντι
3427 967 3548 1038 μὲν
3602 965 3746 1037 περὶ⁵
3789 969 3885 1039 τῆς

2220 1061 2444 1133 τάνδρὸς
2491 1062 2777 1132 ἀσκήσεως
2818 1062 2911 1115 καὶ
2949 1062 3332 1134 πολυμαθείας
3355 1102 3373 1126 ,
3431 1059 3802 1131 ψευσαμένῳ
3828 1061 3884 1116 δὲ

2224 1155 2410 1222 σαφῶς
2445 1154 2516 1224 (τί
2546 1155 2654 1226 γὰρ
2691 1155 2789 1208 οὐκ
2835 1153 3057 1224 ἔμελλεν
3086 1158 3113 1208 ὁ
3143 1155 3288 1209 κατὰ
3332 1152 3738 1224 Χριστιανῶν
3757 1151 3796 1224 ;)
3829 1153 3884 1206 ἐν

2220 1241 2298 1308 οἷς
2329 1245 2492 1298 αὑτὸν
2529 1247 2628 1316 μέν
2666 1263 2828 1316 φησιν
2863 1247 2922 1313 ἐξ
2962 1246 3226 1318 Ἐλλήνων
3256 1244 3760 1318 μετατεθεῖσθαι,
3794 1245 3882 1299 τὸν

2221 1337 2263 1389 δ’
2304 1336 2612 1407 Ἀμμώνιον
2654 1339 2718 1390 ἐκ
2752 1337 2868 1407 βίου
2907 1337 2999 1390 τοῦ
3042 1337 3180 1392 κατὰ
3209 1338 3312 1409 τὴν
3347 1335 3752 1399 Θεοσέϐειαν,
3796 1336 3882 1389 ἐπὶ

2223 1429 2312 1481 τὸν
2358 1428 2566 1482 ἐθνικὸν
2611 1428 2811 1499 τρόπον
2842 1430 3116 1483 ἐκπεσεῖν.
3167 1430 3257 1501 Τῷ
3299 1447 3374 1483 τε
3425 1428 3559 1499 γὰρ
3608 1426 3880 1500 Ὡριγένει

2223 1521 2291 1572 τὰ
2323 1521 2420 1591 τῆς
2454 1519 2594 1573 κατὰ
2621 1520 2854 1594 Χριστὸν
2885 1520 3229 1585 διδασκαλίας
3269 1525 3340 1574 ἐκ
3384 1519 3716 1592 προγόνων
3743 1517 3880 1571 ἐσώ-

2227 1613 2368 1677 ζετο,
2407 1612 2482 1675 ὡς
2513 1613 2606 1666 καὶ
2636 1612 2704 1665 τὰ
2730 1614 2829 1684 τῆς
2859 1612 3092 1684 πρόσθεν
3133 1614 3388 1686 ἱστορίας
3419 1612 3667 1684 ἐδήλου,
3707 1610 3790 1682 τῷ
3820 1628 3875 1666 τε

2240 1704 2532 1775 Ἀμμωνίῳ
2577 1705 2646 1758 τὰ
2699 1706 2799 1776 τῆς
2833 1704 3016 1758 ἐνθέου
3061 1705 3394 1774 φιλοσοφίας
3441 1705 3738 1774 ἀκέραια,
3785 1706 3877 1758 καὶ

2234 1794 2569 1861 ἁδιάπτωτα,
2599 1797 2695 1850 καὶ
2728 1794 2918 1868 μέχρις
2946 1797 3180 1867 ἐσχάτης
3206 1796 3300 1850 τοῦ
3336 1797 3480 1867 βίου
3519 1795 3759 1866 διέμενε
3792 1812 3875 1848 τε-

2232 1885 2445 1958 λευτῆς,
2473 1886 2547 1951 ὣς
2574 1905 2674 1940 που
2710 1887 2805 1942 καὶ¹
2832 1890 2880 1942 οἱ
2909 1887 3135 1960 τάνδρὸς
3160 1889 3326 1942 είσὲτι
3354 1888 3474 1943 νῦν
3509 1887 3872 1961 μαρτυροῦσι

2235 1980 2424 2043 πόνοι,
2476 1979 2543 2032 δι’
2573 1974 2648 2032 ὧν
2701 1981 2956 2034 κατέλιπε
3005 1982 3476 2055 συγγραμμάτων
3539 1981 3712 2052 παρὰ
3762 1982 3872 2045 τοῖς

2235 2072 2502 2136 πλείστοις
2527 2072 2934 2144 εὐδοκιμοῦντος
2951 2092 2963 2104 ·
2987 2074 3175 2147 ὥσπερ
3198 2070 3288 2129 οὖν
3311 2077 3414 2130 καὶ
3433 2079 3468 2129 ὁ
3500 2079 3870 2146 ἐπιγεγραμ-

2239 2162 2399 2234 μένος
2422 2164 2560 2232 Περὶ
2596 2165 2705 2233 τῆς
2751 2163 3046 2231 Μωῦσέως
3079 2168 3174 2220 καὶ
3216 2169 3421 2236 Ἰησοῦ
3460 2167 3866 2237 συμφωνίας,

2236 2257 2328 2309 καὶ
2360 2257 2471 2308 ὅσοι
2495 2255 2640 2310 ἄλλοι
2676 2257 2826 2328 παρὰ
2850 2259 2962 2320 τοῖς
2988 2258 3297 2326 φιλοκάλοις
3319 2260 3645 2332 εὕρηνται.
3677 2258 3867 2311 Ταῦτα

2240 2349 2336 2420 μὲν
2379 2344 2471 2402 οὖν
2507 2350 2587 2412 είς
2618 2350 2958 2422 παράστασιν
2998 2351 3264 2420 ἐγκείσθω
3289 2351 3406 2423 (‘27)
3439 2393 3458 2416 ,
3515 2353 3628 2422 τῆς
3664 2367 3728 2402 τε
3771 2347 3864 2402 τοῦ

2235 2441 2568 2513 ψευδηγόρου
2629 2443 3011 2512 συκοφαντίας,
3065 2445 3157 2498 καὶ
3211 2447 3310 2516 τῆς
3356 2444 3705 2517 Ὠριγένους
3771 2443 3861 2497 καὶ

2238 2536 2366 2604 περὶ
2397 2534 2462 2588 τὰ
2503 2534 2770 2604 Ἑλλήνων
2813 2536 3110 2608 μαθήματα
3148 2538 3527 2611 πολυπειρίας
3555 2557 3570 2568 ο
3626 2539 3765 2609 περὶ
3795 2533 3860 2608 ἦς

2238 2628 2371 2696 πρὸς
2401 2644 2555 2691 τινας
2602 2627 2988 2698 μεμψαμένους
3031 2629 3179 2700 αὐτῷ
3211 2629 3296 2683 διὰ
3339 2631 3442 2701 τὴν
3478 2631 3624 2703 περὶ
3671 2633 3855 2684 ἐκεῖνα

2239 2719 2469 2790 σπουδὴν
2523 2720 2975 2790 ἀπολογούμενος,
3035 2725 3092 2775 ἐν
3148 2723 3402 2795 ἐπιστολῇ
3482 2742 3603 2776 τινι
3679 2723 3854 2776 ταῦτα

2237 2811 2470 2880 γράφει·
2526 2813 2718 2866 «Ἐπεὶ
2764 2813 2821 2865 δὲ
2854 2813 3193 2884 ἀνακειμένῳ
3247 2815 3455 2887 μοιτῴ
3509 2815 3701 2885 λόγῳ.
3752 2816 3849 2886 τῆς

2239 2904 2425 2974 φήμης
2443 2903 2829 2976 διατρεχούτης
2850 2906 3094 2978 περὶτῆς
3113 2907 3278 2974 ἕξεως
3300 2908 3491 2979 ἡμῶνν
3520 2906 3849 2979 προσῄεσαν

2237 2996 2325 3048 ὁτὲ
2368 2995 2467 3065 μὲν
2509 2996 2807 3066 αἰρετικοὶ,
2857 2998 2947 3050 ὁτὲ
2991 2998 3049 3051 δέ
3091 3002 3138 3051 oi
3187 2999 3294 3053 ἀπὸ
3348 3000 3459 3053 τῶν
3501 3000 3843 3070 Ἑλληνικῶν

2243 3086 2611 3156 μαθημάτων,
2655 3088 2748 3140 καὶ
2787 3088 3019 3158 μάλιστα
3051 3090 3157 3144 τῶν
3187 3094 3243 3145 ἐν
3279 3093 3585 3164 φιλοσοφίᾳ
3614 3132 3630 3156 ,
3667 3091 3842 3156 ἔδοξεν

2235 3178 2488 3242 ἐξετάσαι
2526 3180 2596 3232 τά
2622 3197 2680 3232 τε
2714 3180 2820 3234 τῶν
2849 3182 3139 3252 αἱρετικῶν
3166 3185 3412 3255 δόγματα
3436 3226 3451 3250 ,
3487 3185 3595 3239 καὶ
3631 3184 3707 3238 ’τὰ
3737 3183 3840 3236 τῶν

2234 3270 2536 3341 φιλοσόφων
2605 3272 2732 3342 περὶ
2791 3273 3047 3344 ἀληθείας
3105 3275 3288 3344 λέγειν
3350 3277 3836 3348 ἐπαγγελλόμενα.

2234 3361 2404 3414 Τοῦτο
2427 3363 2482 3415 δὲ
2509 3365 2908 3434 πεποιήκαμεν,
2941 3367 3313 3436 μιμησάμενοί
3336 3386 3396 3421 τε
3420 3370 3515 3422 τὸν
3546 3371 3661 3441 πρὸ
3687 3371 3717 3440 ἡ
3725 3367 3840 3440 μῶν

2234 3454 2461 3517 πολλοὺς
2495 3452 2854 3524 ὠφελήσαντα
2883 3457 3202 3521 Πάνταινον,
3237 3459 3338 3513 οὐκ
3367 3461 3564 3532 ὀλίγην
3597 3465 3658 3515 ἐν
3693 3459 3833 3513 ἐκεί-

2240 3565 2348 3611 νοις
2385 3548 2657 3618 ἐσχηκότα
2704 3549 3058 3621 παρασκευὴν
3081 3592 3094 3615 ,
3127 3551 3218 3604 καὶ
3249 3553 3339 3606 τὸν
3375 3553 3469 3608 νῦν
3499 3558 3565 3608 ἐν
3593 3553 3674 3625 τῷ
3709 3569 3835 3626 πρε-

2244 3639 2510 3710 σϐυτερίῳ
2555 3639 2913 3712 καθεζόμενον
2954 3641 3342 3714 Ἀλεξανδρέων
3379 3645 3698 3717 Ἠρακλᾶν·
3750 3645 3831 3696 ὅν-

2243 3751 2361 3787 τινα
2401 3725 2558 3804 εὗρον
2589 3735 2740 3806 παρὰ
2780 3734 2858 3805 τῷ
2889 3735 3191 3807 διδασκάλῳ
3221 3737 3330 3807 (28)
3377 3739 3485 3792 τῶν
3520 3739 3830 3809 φιλοσόφων

2243 3875 2461 3929 Persius
2507 3876 2772 3941 quintam.
2812 3885 3057 3944 satyram
3109 3885 3364 3942 tanquam
3420 3877 3689 3940 magistm
3730 3886 3825 3927 suo

2240 3948 2455 4000 dicavit.
2491 3947 2618 4014 Ejus
2663 3946 2799 4000 liber
2848 3945 2924 3998 De
2964 3945 3270 4000 Grmcorum
3315 3947 3580 4014 theologia
3629 3948 3825 4000 citatur

2239 4017 2308 4068 ab
2353 4025 2578 4070 auctore
2625 4015 3000 4085 Etymologici.
3041 4015 3102 4085 in,
3122 4030 3253 4069 voce
3291 4017 3458 4081 Ζεύς.
3500 4018 3550 4070 Is
3587 4017 3702 4085 ipse
3741 4019 3819 4066 cst

2240 4086 2378 4138 liber
2408 4088 2495 4153 qui
2531 4083 2762 4153 primum
2791 4085 2858 4138 ab
2879 4083 3024 4138 'Aldo
3058 4083 3300 4139 Manutio
3323 4085 3510 4140 Grajce
3533 4083 3618 4140 esi
3647 4087 3819 4138 editus

2243 4157 2343 4217 sub
2379 4159 2599 4209 nomine
2636 4155 2918 4220 l‘bornnti,
2946 4171 3067 4210 cum
3102 4154 3370 4209 Carnulus
3400 4157 3569 4210 scribi
3605 4156 3812 4212 debeat,

2247 4237 2304 4278 nt
2345 4228 2502 4279 docet
2535 4235 2723 4278 auctor
2754 4225 3121 4294 Elymologici.
3155 4227 3359 4294 Quippe
3398 4227 3554 4280 locus
3597 4227 3687 4279 ille
3724 4225 3810 4292 qui

2243 4297 2441 4348 citatur
2474 4296 2526 4348 itt
2563 4294 2943 4364 Etymologico.
2975 4305 3154 4350 exstat
3194 4299 3350 4354 hodie
3397 4299 3538 4365 apud
3578 4296 3814 4365 Phormi—

2246 4375 2354 4417 tttm
2387 4367 2437 4417 in
2469 4369 2644 4430 capite
2675 4363 2865 4433 primo.
2902 4365 3052 4418 llunc
3081 4366 3316 4420 lihelium
3351 4363 3476 4420 olim
3517 4363 3812 4420 manuscﬁ-

2243 4447 2389 4498 ptum
2422 4436 2652 4489 vidimus
2696 4437 2745 4488 in
2794 4435 3120 4490 bibliotheca
3166 4435 3527 4498 Memmiana,
3575 4437 3667 4490 sed
3699 4433 3808 4487 nul-

2243 4508 2346 4557 lum
2383 4515 2499 4559 erat
2549 4521 2740 4558 nomen
2792 4509 3047 4560 auctoris.
3097 4505 3170 4558 Ex
3207 4521 3272 4559 eo
3312 4519 3492 4560 autem
3533 4507 3672 4561 libro
3717 4520 3807 4572 apo

2245 4586 2427 4638 paret,
2475 4576 2772 4629 Cornutum
2803 4575 3090 4643 allegorias
3127 4585 3390 4630 sectatum
3426 4578 3612 4631 fuisse.
3643 4575 3807 4642 Quare

2246 4645 2574 4716 Porphyrius
2617 4647 2812 4716 merito
2863 4646 3011 4700 illum
3081 4659 3325 4714 recenset
3375 4649 3515 4700 inter
3570 4649 3803 4716 philoso-

2242 4717 2375 4782 phos
2418 4715 2507 4783 Qui
2552 4715 2939 4783 tropologicum
3001 4731 3219 4770 sensum
3270 4715 3613 4772 adamarunt.
3659 4716 3804 4784 Ejus-

2240 4788 2358 4838 dem
2395 4785 2515 4839 libri
2581 4787 2827 4839 meminit
2881 4784 3241 4841 Tlteodoritus
3288 4788 3342 4840 in
3394 4789 3532 4840 libro
3581 4785 3802 4842 secundo

2242 4855 2316 4930 ρο
2358 4858 2633 4930 curatione
2693 4853 3042 4930 (ἷτιῑίςιιινιιᾞΔ
3067 4857 3461 4930 affectionem:
3514 4856 3802 4930 Κορνοῦτος

2238 4925 2294 5048 Si:
2347 4928 2375 4979 ὁ
2416 4925 2734 4995 φιλόσοφος,
2791 4925 2889 4996 τὴν
2931 4925 3256 4998 Ἑλληνικὴν
3308 4924 3801 4998 θεολογίανξυντέ-

2275 5014 2410 5048 εικε.

2275 5014 2410 5049 εικε.

2310 5069 2422 5135 (Ti)
2461 5069 2567 5134 Εὶς
2605 5067 2990 5136 παράστασιν
3026 5069 3332 5139 ἐηηκείσθω.
3373 5068 3552 5124 Codex
3599 5067 3801 5139 Fttk._el

2241 5136 2526 5193 Mediqu
2557 5135 2753 5193 habent
2773 5139 2994 5201 κείσθω,
3019 5135 3074 5194 et
3104 5157 3227 5194 mox
3258 5139 3326 5193 τὰ
3353 5140 3617 5210 Ἑλλήνων
3651 5135 3803 5210 μαθήτ

2244 5210 2536 5280 ματα,ίοιιί
2588 5211 2860 5280 consentit
2906 5211 3080 5266 codex
3113 5211 3276 5274 Μυκη
3319 5212 3463 5280 quod
3497 5205 3707 5280 quidem
3741 5205 3797 5260 ad

2243 5279 2594 5347 posteriorem
2626 5279 2799 5332 locum
2832 5280 3086 5346 pertinet.

2311 5350 2422 5417 (28)
2462 5345 2660 5417 Εὗρον
2695 5345 2853 5418 παρὰ
2883 5349 2961 5416 τῷ
2995 5349 3361 5418 διδασκάλῳ.
3405 5350 3482 5404 Ex
3518 5351 3602 5405 bis
3637 5346 3800 5402 verbis

2241 5420 2496 5493 colligere
2524 5431 2628 5482 est,
2662 5420 3169 5493 Origenetncodem
3218 5423 3476 5493 magistro
3503 5435 3612 5489 quo
3646 5420 3798 5474 Hera-

2241 5489 2570 5562 clant‘usuut
2604 5504 2726 5562 esse
2773 5491 3226 5562 inpphilosophia.
3273 5489 3582 5547 Vocabatur
3632 5499 3795 5562 auten}

2241 5559 2330 5613 ille
2375 5560 2716 5636 Ammonius,
2748 5570 2805 5636 ut
2832 5554 3164 5636 Porphyrius
3216 5578 3376 5636 supra
3409 5562 3565 5636 dixit,
3609 5563 3690 5616 vir
3715 5554 3794 5636 sui

2246 5631 2504 5697 temporis
2535 5623 2977 5698 philosophorum
3002 5623 3407 5687 celeberrimus.
3438 5632 3511 5685 De
3535 5623 3646 5700 quo
3680 5623 3793 5700 nihil

2242 5705 2435 5772 attinet
2481 5702 2568 5757 hic
2610 5714 2674 5756 ea
2717 5709 2962 5770 repetere
2992 5717 3109 5772 quae
3145 5704 3325 5760 notavi
3354 5701 3419 5757 ad
3459 5698 3637 5757 Αιιίιιι.
3672 5698 3793 5760 Mar-

2208 5784 2213 5790 ‘
2242 5767 2514 5828 collinum.
