4112 6428
140 371 155 385 ,
191 323 304 378 569

1242 330 1589 390 HISTORIE
1628 334 2179 394 ECCLESIASTICEE
2220 335 2349 391 LIB.
2387 335 2478 395 Ἦ.

3400 337 3504 393 570

206 446 635 523 μαθημάτων,
680 453 778 526 ἤδη
827 452 990 508 πέντε
1022 451 1200 508 ἔτεσιν
1231 454 1380 527 αύτῷ
1425 461 1838 532 προσκαρτερή-

1951 459 2239 514 :rnditione
2292 457 2432 512 fama
2481 458 2594 529 jam
2647 457 2897 514 crebrior
2946 467 3321 528 spargeretur,
3369 472 3502 511 cou-

204 557 430 605 σαντα,
472 545 622 616 πρὶν
660 544 761 616 ἐμὲ
802 543 1068 615 ἄρξασθαι
1102 545 1318 600 ἀκούειν
1349 548 1572 601 ἐκείνων
1609 548 1717 602 τῶν
1742 548 1832 602 λό-

206 647 352 701 γων.
392 633 500 688 Διὸ
544 635 644 691 καὶ
673 635 938 708 πρότερον
963 639 1115 708 κοινῇ
1147 636 1336 708 ἐσθῆτι
1373 637 1669 711 χρώμενος,
1699 641 1834 694 ἀπο-

205 725 548 796 δυσάμενος
574 767 590 791 ,
627 728 720 783 καὶ⁸
759 727 1046 798 φιλόσοφον
1094 728 1377 783 ἀναλαϐὼν
1424 733 1630 802 σχῆμα,
1675 731 1832 804 μέχρι

208 816 311 870 τοῦ
343 817 532 891 δεῦρο
582 823 738 894 τηρεῖ
776 821 920 893 (29),
969 820 1150 892 βιϐλία
1184 839 1243 875 τε
1282 821 1546 894 Ἐλλήνων
1571 823 1714 878 κατά
1741 824 1834 877 δύ-

209 927 389 981 ναμιν
427 912 498 964 οὐ
538 913 774 970 παύεται
812 913 1128 985 φιλολογῶν.
1153 934 1171 968 ι
1211 915 1322 968 Καὶ
1351 915 1521 969 ταῦτα
1558 917 1656 988 μὲν
1689 917 1834 988 αύτῷ

211 1007 352 1077 περὶ
387 1007 504 1078 τῆς
547 1008 865 1080 Ἑλληνικῆς
905 1009 1193 1081 ἀσκήσεως
1225 1009 1643 1082 ἀπολογουμένῳ
1681 1011 1835 1082 εἴρη-

213 1114 331 1151 ται.
383 1098 567 1152 Κατὰ
612 1099 798 1153 τοῦτον
839 1100 896 1154 δὲ
933 1101 1025 1155 τὸν
1068 1100 1258 1172 χρόνον
1299 1101 1384 1154 ἐπ’
1433 1101 1836 1174 Ἀλεξανδρείας

215 1187 376 1259 αύτῷ
433 1189 551 1253 τὰς
593 1190 876 1262 διατριϐὰς
923 1192 1260 1263 ποιουμένῳ,
1318 1193 1546 1257 ἐπιστάς
1602 1211 1686 1257 τις
1729 1193 1837 1246 τῶν

215 1280 663 1350 στρατιωτικῶν
685 1321 701 1346 ,
744 1281 980 1336 ἀνεδίδου
1009 1283 1313 1354 γράμματα
1343 1283 1638 1354 Δημητρίῳ
1673 1301 1730 1336 τε
1760 1282 1836 1354 τῷ

218 1371 324 1441 τῆς
352 1374 672 1447 παροικίας
708 1374 990 1445 ἐπισκόπῳ
1013 1415 1028 1439 ,
1055 1376 1149 1428 καὶ
1179 1375 1255 1445 τῷ
1289 1376 1408 1428 τότε
1442 1376 1541 1446 τῆς
1566 1375 1836 1445 Αἰγύπτου

221 1464 499 1536 ἐπάρχῳ,
553 1465 707 1538 παρὰ
739 1465 834 1519 τοῦ
880 1465 978 1536 τῆς
1019 1467 1276 1538 Ἀραϐίας
1307 1468 1629 1538 ἡγουμένου,
1661 1467 1734 1531 ὡς
1773 1467 1838 1522 ἂν

224 1557 375 1626 μετά
428 1558 684 1628 σπουδῆς
728 1557 944 1629 ἀπάσης
976 1557 1064 1611 τὸν
1101 1558 1380 1630 Ὠριγένην
1425 1558 1688 1629 πέμψοιεν
1730 1577 1841 1612 κοι-

221 1648 565 1717 νωνήσοντα
591 1648 764 1716 λόγων
795 1647 962 1718 αύτῷ.
1007 1647 1306 1720 Τοιγαροῦν
1335 1649 1713 1721 προπεμφθεὶς
1748 1650 1839 1704 ὑπ’

224 1740 442 1804 αὐτῶν,
478 1740 798 1812 ἀφικνεῖται
826 1741 919 1794 ἐπὶ
946 1740 1043 1812 τὴν
1077 1741 1354 1813 Ἀραϐίαν.
1388 1743 1499 1796 Ούκ
1528 1744 1607 1806 εἰς
1635 1744 1841 1814 μακρὸν

1934 550 2228 606 ﬂuentibus
2259 550 2324 604 ad
2360 565 2446 604 me
2489 563 2631 604 nunc
2679 548 2948 604 barreticis
2973 588 2987 610 .
3018 564 3162 602 nunc
3191 547 3502 602 Grascarnm

1934 642 2342 712 disciplinarum
2391 641 2684 706 studiosis,
2735 651 2790 695 et
2835 641 3070 695 maxime
3119 639 3502 712 philosophis:

1934 736 2170 791 scrutari
2218 735 2597 790 haereticorum
2641 734 2935 804 dogmata,
2985 741 3039 784 et
3092 745 3428 799 quzecunque
3477 748 3505 782 a

1935 827 2277 898 philosophis
2319 826 2386 880 de
2416 826 2642 881 veritate
2669 824 2972 892 iactantur,
3009 831 3263 875 excutere
3308 822 3510 875 consti«

1939 922 2034 974 ttii.
2070 922 2246 990 Atque
2273 921 2376 974 hoc
2408 918 2656 976 fecimus.
2677 926 2790 970 tum
2826 915 3064 970 Pantaeni
3095 914 3235 968 illius
3264 913 3353 982 qui
3384 922 3511 968 ante

1938 1027 2036 1067 nos
2067 1012 2254 1067 multis
2286 1011 2489 1082 profuit
2517 1051 2532 1074 ,
2576 1009 2884 1078 exemplum
2924 1008 3095 1062 secuti
3124 1048 3135 1069 ,
3175 1007 3264 1071 qui
3294 1006 3508 1073 quidem

1939 1106 2250 1178 bujnsmodi
2301 1105 2616 1176 cognitione
2660 1118 2767 1156 non
2823 1099 3166 1155 mediocriter
3217 1098 3512 1151 instructus

1937 1199 2041 1254 fuit
2071 1217 2085 1252 :
2122 1207 2233 1251 tum
2270 1195 2511 1250 "eraelm
2537 1194 2626 1261 qui
2665 1208 2810 1247 nunc
2843 1194 2986 1246 inter
3013 1191 3357 1261 presbyteros
3391 1188 3514 1242 Ale-

1938 1286 2218 1342 xandrina:
2251 1284 2404 1339 sedet
2453 1282 2707 1337 Ecclesia:
2745 1301 2756 1335 :
2795 1297 2954 1351 quem
3004 1297 3104 1345 ego
3154 1284 3292 1350 apud
3341 1279 3512 1343 inagi-

1940 1388 2109 1434 strum
2139 1376 2496 1448 philosophia:
2529 1375 2702 1444 reperi
2730 1415 2744 1434 .
2779 1375 3024 1443 quintum
3073 1373 3187 1441 jam
3232 1389 3432 1427 annum
3463 1373 3516 1428 ei

1941 1487 2162 1542 operam
2213 1471 2428 1524 dantem
2457 1507 2472 1532 ,
2515 1470 2834 1536 priusquam
2885 1482 2982 1534 ego
3016 1468 3279 1536 ejusmodi
3317 1468 3519 1522 doctri-

1943 1579 2068 1618 mm
2103 1560 2410 1616 auscultare
2439 1559 2748 1627 cmpissem.
2787 1559 2964 1626 Atque
3012 1559 3214 1612 ideirco
3240 1574 3360 1613 cum
3401 1561 3519 1613 vul-

1943 1653 2057 1723 gari
2099 1660 2247 1706 veste
2289 1660 2444 1704 antea
2479 1664 2619 1704 nsus-
2635 1649 2854 1714 fuisset,
2888 1664 2950 1702 ea
2982 1649 3246 1714 deposita,
3276 1649 3514 1718 philoso-

1944 1746 2164 1815 pliicum
2202 1744 2378 1798 induit
2407 1742 2674 1808 habitum,
2710 1758 2868 1812 quem
2903 1742 3204 1796 etiamnum
3251 1743 3516 1806 retinens,

224 1831 286 1885 δὲ
316 1831 393 1885 τά
430 1833 547 1903 τῆς
576 1832 812 1903 ἀφίξεως
845 1834 923 1896 είς
949 1831 1123 1904 πέρας
1149 1831 1371 1902 ἀγαγὼν
1390 1873 1405 1898 ,
1440 1828 1596 1895 αὖθις
1627 1832 1719 1884 ἐπὶ
1745 1832 1844 1904 τὴν

1951 1837 2253 1892 Graecorum
2302 1835 2468 1890 libros
2497 1834 2738 1888 studiose
2776 1832 3027 1888 evolvere
3073 1849 3177 1886 non
3220 1835 3453 1888 desistit.
3493 1853 3512 1886 ι

240 1921 675 1995 Ἀλεξάνδρειαν
707 1921 952 1994 ἐπανῄει.
993 1923 1198 1994 Χρόνου
1242 1922 1297 1976 δὲ
1346 1921 1546 1994 μεταξῦ
1590 1922 1832 1990 διαγενο-

231 2010 438 2082 μένου,
477 2013 550 2066 ού
594 2012 827 2084 σμικροῦ
857 2012 996 2067 κατά
1035 2012 1131 2084 τὴν
1170 2012 1324 2066 πόλιν
1355 2013 1835 2086 ἀναῤῥιπισθέντος

232 2103 520 2174 πολέμου,
548 2103 857 2172 ὑπεξελθὼν
891 2105 989 2176 τῆς
1024 2103 1428 2178 Ἀλεξανδρείας
1455 2110 1550 2161 καὶ
1581 2108 1714 2179 μηδὲ
1737 2109 1837 2174 τὰς

231 2197 357 2248 κατ’
385 2195 677 2266 Αἴγυπτον
713 2196 994 2268 διατριϐὰς
1023 2197 1283 2267 ἀσφαλεῖς
1311 2198 1488 2270 ἐαυτῷ
1513 2199 1833 2272 ἡγούμενος,

234 2288 413 2343 ἐλθὼν
452 2289 556 2342 ἐπὶ
583 2289 966 2360 Παλαιστίνης,
1003 2290 1059 2341 ἐν
1096 2289 1401 2362 Καισαρείᾳ
1432 2290 1530 2354 τὰς
1559 2291 1839 2363 διατριϐὰς

237 2384 498 2435 ἐποιεῖτο
518 2399 532 2413 ·
581 2381 711 2435 ἔνθα
739 2381 833 2434 καὶ
865 2380 1238 2450 διαλέγεσθαι,
1264 2381 1362 2445 τάς
1395 2399 1454 2436 τε
1488 2382 1638 2448 Θείας
1671 2385 1842 2457 ἑρμη-

241 2474 421 2528 νεύειν
448 2473 680 2546 Γραφάς
709 2474 800 2528 ἐπὶ
823 2475 917 2528 τοῦ
953 2474 1134 2528 κοινοῦ
1162 2476 1262 2547 τῆς
1296 2475 1618 2548 Ἐκκλησίας
1653 2477 1761 2548 (50)
1791 2479 1839 2530 οἱ

241 2566 372 2636 τῇδε
407 2566 736 2631 ἐπίσκοποι,
784 2567 960 2620 καίτοι
993 2570 1094 2639 τῆς
1121 2567 1214 2620 τοῦ
1245 2569 1636 2640 πρεσϐυτερίου
1666 2588 1844 2642 χειρο-

245 2658 433 2722 τονίας
460 2659 679 2712 οὐδέπω
700 2661 1034 2730 τετυχηκότα
1060 2660 1221 2713 αὐτὸν
1251 2659 1453 2729 ἠξίουν.
1494 2663 1557 2713 Ὂ
1590 2662 1682 2714 καὶ
1713 2661 1845 2715 αὐτὸ

248 2749 453 2818 γένοιτ’
482 2749 545 2804 ἂν
566 2749 806 2822 ἔκδηλον,
833 2751 924 2821 ἀφ’
945 2744 1018 2804 ὧν
1040 2752 1168 2823 περὶ
1189 2751 1378 2806 τούτου
1399 2754 1693 2826 Δημητρίῳ
1711 2755 1847 2826 γρά-

251 2857 453 2910 φοντες
482 2883 496 2906 ,
540 2841 885 2913 Ἀλέξανδρος
919 2844 948 2895 ὁ
983 2842 1368 2914 Ἱεροσολύμων
1414 2845 1709 2911 ἐπίσκοπος
1752 2847 1846 2900 καὶ

253 2933 588 2998 Θεόκτιστος
627 2935 655 2988 ὁ
687 2935 1057 3007 Καισαρείας,
1106 2928 1210 2988 ὧδέ
1259 2954 1376 3000 πως
1421 2937 1843 3007 ἀπολογοῦνται·

260 3043 280 3076 ι
307 3025 632 3098 Προσὲθηκε
666 3025 721 3079 δὲ
755 3027 864 3096 (3i)
893 3029 1005 3090 τοῖς
1039 3027 1378 3097 γράμμασιν,
1410 3027 1489 3080 ὅτι
1518 3029 1674 3082 τοῦτο
1700 3029 1849 3082 ούδέ-

259 3135 393 3170 ποτε
425 3117 670 3190 ἠκούσθη
694 3158 708 3182 ,
753 3118 871 3171 οὐδὲ
918 3117 1013 3172 νῦν
1056 3118 1388 3189 γεγένηται,
1428 3120 1526 3184 τὸ,
1567 3121 1848 3192 παρόντων

260 3210 581 3262 ἐπισκόπων
608 3207 828 3271 λαῖκοὺς
857 3209 1065 3279 ὁμιλεῖν
1085 3249 1098 3272 ,
1134 3209 1232 3262 ούκ
1260 3203 1353 3263 οἷδ’
1381 3211 1526 3274 ὅπως
1562 3211 1672 3282 (5‘2)
1719 3231 1852 3287 προ-

263 3301 456 3370 τρανῶς
486 3301 584 3353 ούκ
619 3299 789 3371 ἁληθῆ
821 3300 1013 3369 λέγων.
1050 3303 1221 3354 Ὅπου
1268 3302 1396 3370 γοῦν
1433 3305 1774 3376 εὑρίσκονται
1805 3309 1852 3361 οἱ

264 3395 562 3466 ἐπιτήδειοι
600 3396 733 3467 πρὸς
761 3395 820 3448 τὸ
849 3395 1078 3464 ὠφελεῖν
1106 3397 1231 3461 τοὺς
1267 3398 1526 3468 ἀδελφοὺς
1556 3403 1648 3455 καὶ
1679 3420 1856 3475 παροι-

266 3488 562 3542 καλοῦνται
593 3488 670 3559 τῷ
701 3487 813 3560 λαῴ
846 3489 1194 3561 προσομιλεῖν
1213 3532 1226 3554 ,
1270 3492 1374 3545 ὑπὸ
1400 3493 1508 3546 τῶν
1535 3495 1704 3564 ἁγίων
1734 3500 1855 3550 ὲπι-

271 3583 492 3636 σκύπων
513 3599 527 3611 ’
567 3579 753 3652 ὥσπερ
799 3583 856 3634 ὲν
895 3582 1192 3651 Λαρὰνδοις
1223 3582 1454 3650 Εύελπις
1488 3587 1590 3639 ύπδ
1618 3587 1848 3652 Νέωνος,

271 3675 363 3728 καὶ
395 3678 454 3728 ὲν
483 3675 686 3744 Ἰκονίῳ
714 3673 976 3738 Παυλῖνος
1012 3673 1118 3726 ὑπὸ
1146 3675 1352 3729 Κέλσου
1379 3719 1392 3742 ,
1439 3678 1531 3731 καὶ
1567 3681 1624 3732 ὲν
1656 3680 1852 3734 Συννά-

272 3768 379 3833 δοις
411 3770 522 3839 (55)
549 3768 820 3839 Θεόδωρος
851 3766 956 3819 ὑπὸ
993 3767 1235 3822 Ἀττικοῦ
1260 3767 1366 3823 τῶν
1397 3771 1681 3842 μακαρίων
1706 3771 1855 3825 ἀδελ-

276 3858 415 3927 φῶν.
453 3858 614 3921 Εἰκὸς
651 3858 708 3911 δὲ
747 3855 840 3911 καὶ
873 3857 932 3908 ὲν
964 3856 1144 3920 ἄλλοις
1171 3857 1357 3920 τόποις
1391 3858 1546 3910 τοῦτο
1588 3857 1852 3926 γίνεσθαι,

275 3953 425 4023 ἡμᾶς
451 3951 506 4004 δὲ
534 3951 608 4022 μὴ
642 3950 859 4005 εἰδέναι.
890 3967 910 4002 ι
955 3948 1154 4002 Τοῦτον
1190 3950 1284 4002 καὶ
1327 3949 1405 4002 ἔτι
1435 3947 1550 4012 νέος
1581 3947 1656 4001 ὢν
1697 3948 1725 4000 ὁ
1765 3948 1857 4019 δη-

349 4182 464 4249 (29)
502 4181 688 4250 Μέχρι
731 4181 836 4235 τοῦ
886 4180 1061 4248 δεῦρο
1106 4179 1288 4249 τηρεῖ.
1327 4179 1399 4233 Ex
1445 4179 1532 4235 his
1591 4191 1846 4249 apparet,

286 4255 490 4307 nullum
525 4260 686 4308 etiam
727 4264 834 4306 tum
871 4253 1198 4319 peculiarem
1247 4253 1410 4306 fuisse
1456 4251 1709 4306 vestitum
1738 4252 1850 4305 cle-

286 4325 544 4383 ricorum,
575 4324 1006 4390 quandoquidem
1050 4321 1306 4375 Ileraelas
1334 4323 1712 4374 Alexandrina:
1748 4323 1850 4375 lic-

285 4395 466 4448 clesia:
495 4393 814 4462 presbyter,
842 4403 892 4443 et
937 4391 1025 4462 qui
1063 4405 1243 4454 postea
1297 4391 1538 4456 ejusdem
1576 4392 1673 4444 loci
1725 4393 1846 4458 epi-

1939 1927 2064 1982 llaec
2107 1931 2173 1979 ab
2203 1926 2436 1996 Origene
2463 1925 2604 1980 dicta
2647 1935 2794 1988 sunt,
2840 1933 2896 1976 ut
2932 1924 3165 1978 studium
3221 1924 3348 1978 illud
3376 1925 3519 1994 quod

1936 2018 2142 2074 Grmcis
2173 2015 2471 2085 disciplinis
2502 2014 2864 2084 impenderat,
2888 2025 3193 2068 excusaret.
3221 2013 3332 2068 Sub
3361 2016 3503 2071 idem

1939 2119 2148 2179 tempus
2177 2123 2301 2163 cum
2347 2106 2692 2162 Alexandria:
2723 2115 3045 2168 moraretur,
3083 2107 3234 2163 miles
3281 2108 3502 2176 quidam

1938 2203 2231 2258 adveniens
2254 2242 2269 2265 ,
2303 2200 2579 2256 Demetrio
2648 2199 2906 2254 Ecclesia:
2934 2200 3187 2269 episcOpo
3212 2241 3226 2264 ,
3257 2211 3308 2256 et
3338 2202 3504 2270 pra-fe

1939 2306 2030 2353 cto
2060 2296 2276 2368 Egypti
2312 2295 2524 2350 litteras
2567 2309 2596 2348 a
2638 2293 2774 2348 duce
2819 2293 3036 2348 Arabia:
3080 2294 3287 2356 detulit,
3330 2294 3528 2363 quibus

1943 2389 2204 2458 poscebat
2233 2396 2290 2442 ut
2333 2385 2623 2441 confestim
2655 2385 2722 2439 ad
2773 2400 2832 2438 se
2881 2385 3170 2453 Origenem
3203 2385 3480 2438 mitterent
3507 2425 3523 2448 ,

1944 2480 2035 2550 qui
2083 2479 2388 2533 doctrinam
2443 2492 2597 2532 suam
2653 2476 2754 2542 ipsi
2811 2475 3267 2530 communicaret.
3330 2474 3527 2531 Missus

1945 2574 2108 2643 igitur
2136 2575 2205 2626 ab
2258 2573 2361 2626 illis
2402 2571 2680 2640 Origenes,
2737 2572 2788 2623 in
2823 2572 3079 2624 Arabiam
3118 2570 3377 2640 perrexit.
3414 2568 3527 2626 Nec
3613 2641 3616 2643 _

1945 2666 2116 2720 multo
2149 2673 2295 2733 post,
2337 2664 2578 2732 perfecto
2622 2661 2772 2730 cujus
2807 2679 2963 2715 causa
3004 2673 3226 2716 venerat
3269 2662 3522 2733 negotio,

1944 2757 2324 2812 Alexandriam
2367 2772 2648 2826 regressus
2683 2756 3095 2824 est.Aiiquanto
3125 2764 3246 2822 post
3279 2764 3526 2824 tempore

1947 2864 2068 2903 eum
2116 2848 2463 2902 Alexandria:
2523 2848 2905 2915 gravissimum
2972 2846 3169 2900 bellum
3231 2846 3524 2898 excitatum

1950 2940 2158 3005 fuisset,
2188 2940 2326 2993 clam
2365 2941 2488 2993 inde
2518 2940 2909 3008 aufiigiens,ac
2942 2953 3006 2991 ne
3035 2935 3338 3007 inAZgypto
3365 2935 3527 3005 222

1949 3032 2166 3100 quidem
2193 3032 2521 3086 Commorari
2557 3043 2728 3084 tutum
2765 3041 2940 3090 ratus.
2973 3029 3311 3082 Palaestinam
3348 3030 3525 3096 petiit,

1951 3133 2004 3178 et
2033 3124 2294 3180 Caesarea:
2328 3125 2662 3179 domicilium
2713 3123 2857 3177 fiin.
2911 3123 3012 3178 Ubi
3065 3122 3228 3175 etiam
3284 3122 3349 3174 ab
3383 3121 3528 3176 illius

1952 3218 2185 3287 regionis
2231 3218 2498 3287 episcopis
2543 3227 2764 3286 rogatus
2809 3226 2933 3279 est,
2988 3225 3045 3269 ιιι
3098 3215 3310 3284 publice
3347 3216 3397 3268 in
3431 3213 3532 3269 Ec-

1953 3309 2119 3365 clesia
2171 3312 2512 3375 dissereret,
2550 3321 2598 3364 et
2649 3311 2860 3364 divinas
2907 3309 3256 3378 Scripturas.
3313 3307 3528 3366 tametsi

1952 3401 2193 3458 nondum
2240 3405 2527 3473 presbyter
2573 3407 2875 3468 ordinatus,
2913 3412 3228 3471 eXponeret.
3269 3404 3444 3470 Atque
3477 3403 3533 3458 id

1954 3493 2300 3548 manifestum
2351 3494 2510 3546 fneiit
2546 3495 2628 3545 vel
2657 3509 2722 3547 ex
2763 3495 2827 3545 iis
2858 3509 2976 3560 quae
3006 3493 3314 3546 Alexander
3342 3492 3534 3548 Hiero-

1957 3584 2292 3653 Solymarum
2341 3593 2394 3636 et
2447 3585 2797 3636 Tlieoetistus
2846 3584 3198 3636 (hesariensis
3247 3585 3534 3652 episroptts

1960 3678 2023 3728 ad
2061 3676 2389 3728 Demetrium
2444 3691 2540 3744 pro
2578 3676 2736 3739 huius
2775 3675 2898 3727 farti
2940 3675 3251 3729 defensione
3284 3677 3536 3728 scribunt

1961 3766 2014 3819 in
2048 3769 2186 3820 hunc
2237 3768 2450 3819 modum
2487 3786 2499 3820 :
2537 3768 2689 3833 Quod
2727 3785 2854 3819 vero
2892 3767 2945 3820 in
3000 3769 3194 3819 litteris
3231 3767 3336 3818 tuis
3387 3766 3537 3835 adje-

1960 3857 2083 3910 eisti
2117 3897 2130 3920 ,
2184 3873 2458 3926 nunquam
2513 3869 2670 3912 antea
2723 3859 2896 3909 visum
2951 3872 3051 3909 nec
3107 3858 3284 3910 adhuc
3332 3856 3534 3908 factum

1966 3949 2154 4015 fuisse,
2188 3962 2245 4004 ut
2274 3951 2636 4019 praesentibus
2671 3948 2939 4018 episcopis
2969 3949 3090 4002 laici
3136 3950 3536 4004 concinnarcn-

2029 4178 2138 4249 (52)
2181 4181 2303 4234 Οὐκ
2333 4176 2441 4234 οἶδ’
2465 4180 2643 4246 ὅπως.
2683 4179 2811 4233 ll:ec
2852 4177 3074 4246 epistola
3108 4176 3172 4230 ad
3205 4178 3536 4231 Demetrium

1957 4253 2156 4318 scripta
2182 4264 2264 4304 est
2295 4252 2364 4302 ab
2393 4251 2703 4305 Alexandro
2733 4249 3232 4319 Hierosolymorum
3257 4249 3534 4316 episeopo,

1957 4321 2073 4371 viro
2105 4322 2490 4389 disertissimo.
2523 4323 2665 4376 unde
2714 4321 2974 4389 singulari
3027 4333 3251 4372 numero
3299 4319 3539 4386 loquitur

1958 4391 2056 4470 ούκ
2101 4386 2665 4471 οἷδαηψιοιιινίεδιοη
2699 4386 2911 4471 tantum
2957 4406 3077 4471 suo:
3120 4389 3214 4442 sed
3259 4399 3312 4443 et
3358 4389 3539 4442 (Stesa-

287 4459 509 4532 scopns'
539 4459 674 4525 fuit,
731 4461 1163 4531 pliilosephicum
1231 4463 1447 4531 pallium
1505 4478 1718 4531 semper
1769 4478 1854 4515 re-
1885 4459 1929 4514 D
1959 4462 2156 4532 riensis
2183 4462 2420 4529 episcopi
2453 4459 2668 4532 nomine
2696 4462 2908 4514 litteras
2938 4461 3161 4532 scribat.

292 4545 471 4588 tinuit.

359 4605 478 4672 (50)
529 4602 652 4656 Ἐπί
714 4600 821 4656 τοῦ
881 4601 1086 4657 κοινοῦ
1136 4601 1246 4670 τῆς
1300 4603 1672 4670 Ἐκκλησίας.
1724 4601 1859 4658 Hinc

290 4678 558 4746 Colligitur
590 4674 1036 4746 Origenempqui
1070 4675 1378 4728 catecbetes
1415 4674 1590 4746 fuerat
1621 4674 1857 4746 Alexan-

291 4744 439 4807 drize,
479 4748 529 4798 in
571 4747 782 4814 privato
811 4745 1098 4808 auditorio,
1133 4761 1240 4814 non
1287 4753 1466 4797 autem
1530 4745 1581 4797 in
1630 4744 1860 4798 ecclesia

292 4821 710 4872 catechumenos
748 4815 1072 4868 instituisse.
1126 4813 1310 4882 Neque
1357 4814 1498 4867 enim
1553 4814 1860 4868 Alexandro

292 4899 346 4941 et
402 4883 1035 4954 Thcoetisto'episcopis
1089 4885 1138 4939 id
1201 4885 1464 4955 objiceret
1520 4882 1858 4949 Demetrius,

293 4960 432 5026 quod
473 4959 758 5025 Origenem
811 4960 878 5026 in,
931 4957 1159 5026 ecclesia
1209 4953 1405 5026 docere
1447 4953 1770 5026 jussissent,
1817 4957 1858 5008 si

294 5024 627 5082 Alexandria:
661 5027 799 5079 idem
835 5025 903 5076 ab
936 5025 1168 5095 Origene
1209 5024 1405 5079 factum
1443 5026 1656 5078 fuisset.
1684 5024 1862 5090 Quare

295 5099 499 5155 fallitur
539 5097 789 5158 Rufinus,
819 5095 910 5164 qui
955 5097 1007 5150 iu
1049 5111 1169 5165 cap.
1197 5097 1231 5150 '5
1262 5096 1420 5163 hujus
1453 5095 1574 5165 libri
1615 5098 1684 5148 ita
1729 5097 1865 5150 seri-

297 5168 370 5223 bit
411 5187 424 5222 :
468 5167 660 5221 Viden:
709 5165 1003 5220 Demetrius
1077 5164 1344 5236 episcopus
1405 5164 1544 5236 quod
1588 5166 1656 5218 nd
1695 5166 1864 5230 ipsum

296 5242 589 5308 praecipue
625 5238 876 5289 doctrina:
942 5235 1117 5305 gratia
1169 5246 1218 5292 et
1275 5235 1665 5308 prcedicationis
1731 5239 1864 5290 rerbi

298 5306 428 5372 Dei,
482 5306 845 5361 multitudines
915 5310 1159 5375 plurima:
1216 5307 1583 5370 conuolarent,
1637 5308 1866 5360 cateclii-

299 5383 456 5434 tondi
495 5382 572 5446 ei,
614 5381 666 5432 id
711 5385 822 5440 est,
867 5377 1087 5433 docendi
1135 5378 1494 5448 magisterium
1533 5377 1588 5431 in
1635 5377 1866 5432 Ecclesia

299 5453 502 5505 tribuit.

373 5522 487 5592 (5t)
526 5520 869 5590 Προσέθηκε
923 5519 1010 5574 δέ.
1055 5517 1481 5587 Alloquebantur
1538 5517 1869 5592 Demetrium

299 5589 582 5646 in'tertia’
617 5589 881 5661 persona,
935 5594 1096 5660 idque
1145 5592 1367 5646 honoris
1423 5605 1606 5648 causa.
1655 5589 1869 5661 Subau-

305 5664 560 5716 diendum
590 5659 672 5716 est
699 5665 862 5733 igitur
891 5664 924 5734 ἡ
955 5659 1026 5732 ali
1049 5661 1291 5730 ἀγιότης,
1322 5661 1576 5714 sanctitas
1603 5671 1714 5714 tua.
1741 5659 1870 5725 Qua:

308 5747 469 5786 voces
506 5733 619 5787 sine
651 5735 812 5787 dubio
857 5733 1260 5802 prtrcesseraut,
1303 5741 1360 5784 nt
1405 5740 1677 5788 constaret
1716 5745 1872 5800 aper-

311 5804 440 5868 tius,
466 5804 509 5858 si
542 5811 706 5858 totam
737 5801 1018 5875 epistolam
1048 5801 1388 5857 haberemus.

2030 4531 2142 4599 (δῖ)
2195 4533 2290 4583 Ἐν
2319 4527 2666 4598 Σὺννάδοις.
2705 4532 2812 4592 AL,
2856 4529 3129 4589 Συνάδοις.
3175 4527 3540 4599 scribendum

1959 4614 2039 4655 est
2064 4603 2365 4666 Συννάὂοις.
2393 4603 2548 4656 Certe
2581 4603 2806 4654 llutinus
2836 4604 2993 4652 vertit
3025 4600 3165 4656 apud
3200 4598 3532 4666 Synnadnm.

1961 4671 2100 4727 Urbs
2131 4685 2214 4726 est
2247 4673 2491 4742 Phrygia:
2523 4672 2824 4729 notissima,
2855 4672 2931 4721 sic
2963 4670 3101 4742 dicta
3132 4668 3242 4742 ἀπὸ
3286 4668 3538 4742 τοῦ-συντ

1959 4742 2128 4805 ναίεν,
2172 4743 2222 4794 iil
2285 4739 2370 4795 est
2401 4739 2700 4803 συνοικεῖν,
2752 4754 2816 4792 eo
2866 4739 3007 4804 quod
3045 4741 3195 4792 inulti
3243 4753 3307 4791 ex
3361 4739 3540 4794 Mace-

1961 4813 2119 4866 donia
2149 4813 2275 4867 illnc
2301 4813 2365 4863 ad
2393 4813 2732 4864 incoleuilutu
2767 4810 3148 4862 coullnxerint.
3184 4808 3332 4862 Unde
3361 4825 3538 4876 prmo

1962 4884 2178 4951 quidem
2229 4883 2366 4951 dicta
2415 4893 2497 4934 est
2549 4880 2810 4941 Συνναία,
2862 4891 3046 4948 postea
3100 4894 3262 4951 vei-o_
3281 4889 3538 4951 corrupto

1963 4948 2226 5008 voeabulo
2261 4950 2495 5004 Σύνναδα
2520 4969 2547 5004 a
2600 4953 2845 5004 finitimis
2871 4959 3055 5002 vocata
3089 4960 3191 5001 est.
3232 4948 3539 5015 Stephanus

1965 5024 2014 5075 in
2055 5023 2145 5075 lib.
2190 5023 2263 5076 De
2307 5025 2516 5074 urbibus
2542 5039 2560 5075 :
2597 5021 2670 5074 Τὸ
2701 5022 2798 5091 μὲν
2842 5020 3054 5090 πρῶτον
3094 5019 3297 5091 Συναία
3343 5021 3539 5091 (scribe

1965 5092 2228 5158 Συνναία)
2297 5092 2406 5145 ἀπὸ
2473 5093 2572 5162 τῆς
2635 5090 2954 5160 συναγωγῆς
3021 5090 3116 5143 καὶ
3179 5090 3540 5162 συνοικήσεως

1964 5160 2694 5235 προσαγορευθῆναιοξμετά
2739 5163 2796 5235 δὲ
2841 5160 3541 5235 ταῦταλπαρεφθαρμένως

1966 5229 2070 5288 ὑπὸ
2115 5229 2224 5288 τῶν
2248 5229 2660 5306 Ῠπλήσιοχώρων
2712 5233 2947 5306 Σύνναδα
3003 5230 3285 5301 κληθῆναι.
3327 5229 3422 5306 Eat‘
3457 5229 3540 5306 bis

1968 5315 2194 5375 apparet
2221 5298 2604 5360 Σύνναδαῖιιιὶιι
2637 5305 2845 5372 duplice
2873 5321 2911 5357 γ
2935 5298 3104 5375 scribi
3136 5298 3540 5375 ilebere.“Qii0il

1949 5369 2182 5445 quidem
2231 5377 2557 5445 conﬁrmant
2597 5369 2760 5428 etiam
2807 5374 3010 5428 nummi
3067 5383 3324 5445 veteres.__
3353 5369 3540 5422 Exstat

1967 5441 2110 5514 apud
2151 5444 2414 5501 Joannem
2451 5443 2763 5501 Tristannm
2798 5460 3047 5514 nummus
3081 5441 3378 5514 Caraeailil:
3414 5453 3538 5514 c_u_iu

1969 5507 2493 5586 li'acrinscriptione
2551 5513 2995 5576 CYNNAAEQN,
3059 5510 3377 5586 AQDIEQN,
3442 5507 3540 5561 ΙΩιι

1968 5585 2134 5658 NON.
2163 5581 2324 5654 Qua!
2349 5589 2566 5658 quidem
2623 5586 2905 5658 inscriptio
2957 5585 3119 5658 docet
3160 5581 3542 5658 §yiiiiailetises

1971 5657 2136 5711 fuisse
2174 5649 2475 5720 'Doriorias.
2509 5658 2561 5712 id
2597 5667 2700 5713 est.
2738 5649 3024 5707 Dorienses
3069 5649 3288 5706 lenibus
3336 5649 3542 5720 permi-

1973 5738 2106 5782 stos.
2153 5726 2325 5783 Erant
2370 5719 2512 5785 enim
2557 5726 2768 5796 migine
2821 5724 3161 5796 Alacedones.
3207 5737 3270 5777 ac
3318 5719 3548 5791 proinde.

1984 5798 2293 5867 Dorienses,
2321 5814 2508 5856 verum
2538 5799 2589 5854 in
2623 5793 2799 5852 medio
2822 5793 2980 5851 lonia:
3008 5793 3122 5851 siti.
