4112 6428
736 346 804 399 79
1408 342 1674 399 EUSEBH
1710 340 2179 399 CAESARIENSIS
2214 341 2366 397 OPP.
2406 342 2586 399 PARS
2623 344 2670 399 l.
2709 377 2777 386 —-
2817 344 3197 403 HISTORICA
3855 364 3937 423 δει)

701 467 989 515 venerunt.
1043 456 1099 512 In
1146 456 1229 511 his
1272 457 1434 510 tomis
1482 457 1808 511 mentionem
1843 457 1975 512 facit
2014 457 2274 512 librorum

700 566 839 619 quos
882 549 1176 619 scripserat
1208 547 1286 603 De
1332 551 1710 604 resurrectione
1742 560 1907 605 :sunt
1945 560 2122 605 autem
2162 549 2277 619 eius

701 643 1009 714 argumenti
1038 642 1160 697 libri
1192 642 1315 697 duo.
1348 642 1540 696 Libros
1577 643 1704 697 item
1738 643 1817 697 De
1842 641 2151 711 principiis,
2180 658 2276 696 an-

701 745 916 805 tequam
974 734 1039 787 ab
1069 732 1203 786 urbe
1231 732 1561 787 Alexandria
1609 732 1901 802 migraret,
1953 730 2272 802 composuit.

702 824 808 881 Sed
835 835 889 880 et
912 825 1079 880 libros
1107 823 1196 892 qui
1222 822 1592 892 Στρωματεῖς
1621 822 2020 888 inscribuntur,
2051 836 2277 877 numero

699 919 927 979 decem,
978 916 1030 969 in
1079 915 1268 968 eadem
1326 915 1546 968 civitate
1590 914 1880 968 Alexandri
1928 913 2276 983 imperatoris

2376 457 2445 510 τὰ
2477 459 2614 530 Περὶ
2640 457 2830 530 ἀρχῶν
2863 459 2970 529 πρὸ
2996 459 3100 530 τῆς
3130 460 3227 513 ἀπ’
3276 461 3693 537 Ἀλεξανδρείας
3740 487 3938 541 parum.

2386 549 2625 613 στάσεως
2656 551 2879 621 γράφει,
2916 552 3011 605 καὶ
3064 552 3204 615 τοὺς“
3232 553 3754 630 ἐπιγεγραμμένους
3791 569 3939 635 Στρω-

2378 640 2582 709 ματεῐς
2617 640 2753 711 (51),
2776 642 2937 707 ὄντας
2970 643 3062 697 τὸν
3095 643 3333 715 ἀριθμὸν
3360 639 3525 709 δέκα,
3562 650 3657 702 ἐπὶ
3679 653 3773 724 τῆς
3802 658 3939 731 αὐτῆς

2381 731 2589 796 πόλεως
2626 734 2766 787 κατὰ
2798 734 2898 804 τὴν
2946 733 3299 807 Ἀλεξάνδρου
3336 738 3630 794 συντάττει
3684 742 3938 813 βασιλείαν,

2379 823 2456 886 ὡς
2489 824 2583 877 καὶ
2614 824 2774 878 τοῦτο
2805 824 3098 898 ὀλόγραφοι
3131 826 3388 899 δηλοῦσιν
3418 831 3592 885 αὐτοῦ
3620 835 3725 906 πρὸ
3742 838 3841 894 τῶν
3873 846 3940 897 τό.

2383 934 2498 987 μων
2530 916 2961 988 ἐπισημειώσεις
2984 920 3117 991 (52).

700 1007 1037 1080 temporibus
1078 1007 1440 1075 conscripsit,
1492 1008 1631 1060 sicut
1682 1006 1990 1061 notationes
2022 1020 2183 1061 manu
2221 1007 2391 1077 ipsius
2421 1009 2738 1079 perscripta:
2768 1025 2833 1065 ac
2860 1010 3012 1066 libris
3042 1013 3177 1081 ipsis
3206 1011 3454 1083 praefixa
3493 1027 3781 1077 testantur.

1161 1160 1171 1172 _
1277 1098 1505 1153 CAPUT
1540 1098 1706 1152 xxv.

807 1190 1046 1257 Qualiter
1073 1189 1234 1243 libros
1264 1190 1535 1259 utriusque
1554 1180 1885 1243 (Testameuti
1917 1200 2161 1245 recenset.

770 1351 1033 1409 Caeterum
1068 1351 1119 1404 in
1156 1350 1493 1421 expositione
1533 1347 1691 1416 primi
1737 1346 1957 1416 psalmi,
2011 1347 2268 1401 librorum

698 1444 911 1500 Veteris
955 1442 1292 1497 Testamenti
1342 1441 1575 1495 indicem
1626 1440 1879 1505 exhibet,
1915 1439 1986 1493 ita
2028 1440 2272 1494 scribens

696 1536 763 1591 ad
806 1534 1061 1591 verbum:
1116 1555 1134 1582 ι
1168 1534 1456 1588 Sciendum
1500 1541 1585 1587 est
1611 1575 1625 1596 ,
1676 1530 1892 1586 Veteris
1932 1531 2268 1587 Testamenti

694 1625 864 1682 iihros
894 1628 1028 1681 duos
1057 1643 1176 1682 esse
1210 1643 1272 1681 ac
1302 1626 1491 1695 viginti
1516 1666 1530 1688 ,
1566 1626 1706 1679 sicut
1736 1625 1804 1678 ab
1834 1623 2077 1679 Hebraeis
2109 1624 2271 1678 tradi-

696 1730 818 1773 tur:
851 1721 939 1789 qui
976 1734 1234 1773 numerus
1262 1719 1421 1771 etiam
1456 1717 1760 1773 litterarum
1797 1716 1937 1785 apud
1965 1730 2060 1772 eos
2096 1716 2268 1771 habe-

696 1820 804 1867 tur.
841 1829 860 1862 ›
917 1809 983 1863 Et
1013 1810 1172 1878 paulo
1218 1819 1336 1878 post
1370 1810 1583 1864 subdit:
1642 1827 1660 1860 ι
1690 1808 1829 1863 Sunt
1860 1818 2041 1865 autem
2071 1808 2265 1879 viginti

2897 1102 3301 1159 ΚΕΦΑΛΔΙΟΝ
3341 1108 3476 1163 ΚΕ’.

2414 1192 2602 1259 Ὅπως
2634 1193 2751 1248 τῶν
2779 1194 3451 1341 ἐνιῖβθήκὲνΕΓραῆιέἷ
3482 1200 3908 1273 ἐμνημόνευσεν

2944 1281 3011 1320 Ic.
3109 1306 3122 1321 .
3210 1308 3224 1321 .
3258 1283 3310 1331 v,
3437 1309 3452 1323 .

2944 1281 3011 1320 Ic.
3048 1281 3122 1321 Π.
3159 1281 3224 1321 ιι.
3258 1283 3310 1331 ν,
3337 1281 3452 1331 16).

2446 1355 2550 1409 Τὸν
2595 1355 2843 1427 μέντοιγε
2876 1358 3093 1428 πρῶτον
3127 1358 3500 1433 ἐξηγούμενος
3532 1364 3777 1437 ψαλμὸν,
3808 1364 3935 1425 ἔκθε-

2379 1480 2463 1516 σιν
2496 1464 2793 1535 πεποίηται
2832 1464 2927 1518 τοῦ
2978 1466 3086 1519 τῶν
3122 1467 3282 1538 ἱερῶν
3315 1470 3559 1542 Γραφῶν
3602 1477 3701 1547 τῆς
3730 1477 3937 1545 Dulcia;

2375 1567 2647 1640 Διαθήκης
2680 1570 3004 1640 καταλόγου,
3038 1564 3143 1625 ὧδέ
3176 1591 3296 1638 πως
3341 1576 3580 1647 γράφων
3624 1565 3762 1635 itura
3789 1582 3934 1649 λέξινο

2381 1692 2399 1724 ι
2449 1674 2564 1728 Οὐκ
2595 1674 2893 1747 ἀγνοητέον
2940 1677 3053 1748 (55)
3093 1677 3139 1729 δ’
3169 1673 3312 1732 εἶναι
3352 1681 3455 1745 τὰς
3490 1682 3831 1756 ὲνδιαθήκους
3869 1688 3934 1759 βέ-

2375 1781 2553 1846 ϐλους,
2602 1782 2680 1847 ὡς
2735 1782 2980 1855 Ἑϐραῖοι
3032 1784 3447 1855 παραδιδόασιν,
3496 1788 3593 1842 δύο
3643 1792 3735 1844 καὶ
3772 1793 3931 1847 εἴκοσι·

694 1901 801 1955 duo
843 1898 963 1955 libri
1010 1900 1160 1967 juxta
1189 1895 1447 1955 Hebrtros
1499 1901 1587 1954 hi:
1646 1901 1857 1970 primus
1900 1901 1990 1970 qui
2034 1916 2064 1955 a
2114 1901 2263 1956 nobis

2379 1887 2503 1949 δσος
2531 1888 2559 1939 ὁ
2602 1885 2841 1958 ἀριθμὸς
2872 1885 2981 1940 τῶν
3033 1889 3164 1959 παρ’
3194 1888 3380 1953 αὐτοῖς
3428 1893 3713 1963 στοιχείων
3739 1895 3883 1951 ἐστίν.
3914 1920 3928 1950 ι

694 1986 921 2049 Genesis
966 1992 1198 2057 dicitur,
1252 1992 1320 2045 ab
1354 1989 1593 2046 Hebraiis
1622 2002 1803 2047 autem
1837 2005 1902 2046 ex
1934 1992 2104 2061 ipsius
2140 1992 2264 2046 libri

694 2078 851 2137 initio
882 2077 1160 2152 desumpta
1190 2079 1550 2151 appellatione
1584 2093 1811 2137 vocatur
1834 2084 2047 2138 Bresith
2074 2124 2090 2151 ,
2126 2084 2270 2152 quod

693 2174 837 2229 idem
885 2184 967 2228 est
997 2190 1059 2228 ac
1088 2171 1141 2227 in
1167 2172 1442 2244 principio.
1484 2174 1709 2231 Exodus
1749 2176 1974 2239 deinde,
2027 2174 2270 2230 Hebraeis

699 2266 1044 2329 Vellesmoth,
1061 2268 1111 2321 id
1129 2270 1334 2323 estlnrc
1345 2277 1463 2322 sunt
1485 2267 1960 2334 nomina.Tertius,
1976 2266 2268 2329 Leviticus,

692 2357 934 2413 Hehrmis
952 2358 1175 2423 Vaicra,
1216 2360 1266 2413 id
1313 2368 1396 2413 est
1425 2369 1471 2414 et
1501 2362 1723 2414 vocarit.
1750 2359 2004 2425 Quartus,
2030 2356 2272 2422 Numeri,

693 2450 938 2506 Hebraeis
986 2452 1542 2522 Ilammisphecodim.
1603 2453 1876 2519 Quintus,
1930 2450 2271 2504 Deuterono-

693 2544 893 2603 mium,
934 2544 1175 2599 Hebraeis
1208 2544 1678 2599 Ellehabdabarim
1704 2584 1719 2607 ,
1756 2544 1807 2596 id
1836 2551 1954 2606 est,
1986 2545 2096 2595 lucc
2146 2549 2269 2593 sunt

692 2635 866 2688 uerba.
909 2637 1139 2701 Sextus,
1173 2636 1325 2692 Jesus
1357 2637 1498 2692 illius
1530 2635 1706 2697 Nave,
1745 2635 2009 2689 Hebraice
2038 2632 2272 2686 Jeliosue

691 2724 785 2777 ben
806 2714 1491 2795 Nun.Septimus,.ludices
1516 2738 1571 2783 et
1590 2726 1770 2791 Ruth,
1802 2727 1965 2780 unico
1990 2724 2268 2787 volumine

690 2843 769 2897 De
803 2845 1139 2908 scriptoribus
1158 2842 1553 2910 ecclesiasticis,
1578 2846 1937 2916 Hieronymus
1972 2843 2250 2906 Rufinum,

688 2930 919 2984 quocum
942 2916 1247 2969 simultates
1270 2928 1606 2984 exercuerat,
1640 2919 1707 2970 de
1731 2915 1993 2969 industria
2024 2925 2249 2984 praeter-

689 2985 858 3037 misit.
888 2982 1153 3038 Cmterum
1199 2985 1463 3042 Eusebius
1512 2989 1563 3041 in
1595 2982 1719 3041 hoc
1752 2987 1927 3054 capite
1971 2982 2253 3037 duodecim

690 3063 901 3107 tantum
943 3057 1192 3126 agnoscit
1235 3056 1402 3126 libros
1443 3056 1851 3126 Expositionum
1893 3057 1945 3107 in
1988 3054 2254 3126 Genesim,

2375 1984 2510 2044 Εἶτα
2540 1990 2679 2062 μετά
2706 2007 2830 2046 τινα
2860 1986 3110 2065 ἐπιφέρει
3146 1988 3354 2063 λέγων’
3393 2010 3413 2046 ι
3455 1996 3582 2050 Εἰσὶ
3609 1997 3665 2051 δὲ
3705 2000 3758 2054 at
3790 2001 3934 2056 εἴκοσι

2375 2080 2467 2134 δύο
2509 2081 2620 2153 (54)
2665 2080 2835 2151 βίϐλοι
2885 2083 3008 2137 καθ’
3050 2077 3336 2157 Ἑϐραίους
3370 2087 3526 2141 αἵδε·
3573 2090 3607 2160 ἡ
3658 2096 3783 2163 παρ’
3825 2096 3931 2165 ἡμῖν

2375 2173 2592 2237 Γένεσις
2622 2174 3102 2249 ἐπιγεγραμμένη,
3147 2178 3299 2251 παρὰ
3323 2178 3381 2233 δὲ
3426 2180 3704 2252 Ἑϐραίοις
3733 2184 3828 2238 ἀπὺ
3852 2189 3931 2257 τῆς

2375 2264 2552 2336 ἀρχῆς
2573 2264 2670 2335 τῆς
2698 2264 2902 2335 βίϐλου,
2936 2266 3165 2339 Βρησὶο,
3182 2271 3319 2341 ὅπερ
3344 2272 3498 2326 ἐστὶν
3526 2275 3587 2327 ἐν
3612 2274 3778 2346 ἁρχῇ’
3805 2278 3930 2343 1:50-

2375 2356 2483 2419 δος,
2550 2355 2904 2427 Οὐαλεσμὼθ,
2963 2358 3101 2427 ὅπερ
3159 2362 3276 2414 ἐστὶ
3336 2363 3515 2418 ταῦτα
3572 2366 3641 2420 τὰ
3691 2367 3923 2438 ὀνόματα·

2375 2445 2679 2508 Λευῖτικὸν,
2705 2444 2936 2518 Οὑῖκρὰ,
2972 2448 3067 2501 καὶ
3097 2450 3355 2505 ἐκάλεσεν
3374 2470 3386 2482 ·
3420 2450 3692 2526 Ἀριθμοὶ,
3733 2456 3927 2529 Ἀμμεσ-

2387 2536 2664 2607 φεκωδείμ
2712 2537 2859 2608 (55)·
2911 2540 3364 2612 Δευτερονόμιον,
3402 2545 3568 2599 Ἔλλε
3619 2548 3923 2619 Ἀδδεϐαρὶμ,

2372 2624 2517 2683 οὗτοι
2547 2631 2593 2681 οἱ
2625 2630 2772 2697 λόγοι
2791 2646 2804 2659 ⁸
2849 2631 3056 2702 Ἰησοῦς
3096 2633 3208 2694 υἱὸς
3236 2637 3413 2708 Ναυῆο
3455 2639 3674 2693 Ἰωσοῧε
3699 2638 3919 2708 βὲνΝοῦν.

2373 2722 2594 2794 Κριταὶ,
2651 2722 2832 2787 Ῥοῦθ,
2883 2727 3012 2797 παρ’
3052 2727 3234 2791 αὐτοῖς
3267 2731 3324 2781 ὲν
3375 2730 3459 2782 ἐν),
3514 2730 3766 2803 Σωφετίμ
3811 2731 3919 2803 (56)'

2365 2852 2476 2895 stat
2499 2841 2551 2895 in
2572 2856 2694 2910 cap.
2719 2843 2752 2895 5
2780 2841 3110 2897 Philocaliaz.
3131 2845 3236 2900 Sed
3269 2844 3572 2901 Philocalia
3594 2863 3657 2902 ex
3683 2848 3776 2903 hoc
3794 2848 3922 2903 vicis-

2361 2912 2462 2985 sim
2494 2911 2613 2985 Ioco
2639 2913 2977 2985 emendanda
2999 2925 3102 2968 est.
3133 2914 3266 2969 Nam
3287 2917 3378 2971 ubi
3404 2917 3602 2985 legitur
3630 2918 3837 2978 εἴκοσιν,
3855 2914 3921 2982 οἷς

2359 2984 2390 3065 ξ
2403 2984 2518 3065 ἴσος
2537 2980 2789 3065 ἀριθμός,
2813 2992 2954 3065 etc.._
2973 2984 3321 3065 scribendum
3340 2997 3424 3065 est
3441 2980 3682 3065 εἴκοσιν,
3695 2990 3807 3051 ὅσος
3825 2980 3920 3065 ἀριὲ

2365 3052 2501 3123 θμὺς
2520 3052 2627 3125 τῶν
2652 3053 2781 3125 παρ’
2799 3052 2983 3117 αὐτοῖς
2999 3056 3278 3125 στοιχείων
3305 3056 3475 3122 ἐστίν,
3504 3060 3643 3111 sicut
3670 3059 3717 3111 in
3748 3052 3920 3112 nostris

688 3139 811 3213 non"
826 3125 1111 3213 tredecim,
1144 3136 1197 3178 ut
1218 3123 1590 3213 Hieronymus
1616 3128 1668 3180 in
1699 3127 1815 3208 loco
1846 3140 2007 3213 supra
2032 3124 2220 3213 citjal‘o.
2290 3152 2335 3213 Ο
2366 3123 2645 3213 (ιιιάίςίξιιξ
2676 3123 2924 3213 habetur,
2951 3132 3018 3213 ‘et
3046 3123 3184 3192 apud
3230 3126 3453 3208 Sintiam
3494 3129 3548 3180 in
3580 3142 3707 3213 voce
3734 3127 3917 3197 Ὡριγέ-

758 3193 871 3266 (5|)
907 3196 1292 3268 Etpwyateic.
1317 3193 1674 3268 Hieronymus
1702 3198 1753 3249 in
1788 3195 2015 3264 epistola
2051 3194 2116 3247 ad
2152 3193 2263 3247 Ma-

687 3278 854 3387 gnum
878 3276 1152 3317 oratorem
1182 3267 1507 3328 Hotnanutn,
1540 3269 1694 3321 docet
1715 3268 1857 3333 quod
1889 3272 2265 3332 argumentum

713 3335 851 3387 uel'il
880 3334 1071 3387 horum
1106 3336 1367 3387 librorum
1395 3336 1664 3387 Oriaenis.
1700 3336 2037 3387 Clementem.
2070 3333 2264 3387 innuit.

713 3335 851 3387 uerit
880 3334 1071 3387 horum
1106 3336 1367 3389 Iibromm
1395 3336 1664 3402 Origenis.
1700 3336 2037 3399 Clementem,
2070 3333 2264 3400 inquit,

686 3404 925 3457 imitatus
963 3402 1235 3471 Origenes,
1262 3406 1435 3459 decem
1482 3401 1690 3472 scripsit
1738 3404 2081 3465 Stromateus,
2120 3401 2268 3456 Chri-

685 3477 982 3527 stianorum
1022 3484 1068 3525 et
1097 3476 1529 3543 philosophorum
1578 3478 1713 3528 inter
1747 3491 1801 3527 se
1829 3476 2109 3543 sententias
2133 3489 2268 3525 com-

686 3560 880 3615 parans
903 3558 949 3597 et
982 3546 1157 3615 omnia
1172 3542 1373 3615 inostrw
1398 3547 1663 3615 religionis
1688 3545 2020 3615 dogmatarde
2044 3542 2266 3615 Plato_ne

685 3620 737 3666 et
770 3614 1069 3687 Aristotele,
1131 3614 1368 3687 Numero
1427 3613 1761 3687 Co‘rnutoque
1814 3613 2263 3687 confirmans.‘Ex

687 3695 840 3755 sexto
886 3684 1049 3752 hujus
1095 3688 1275 3752 operis
1318 3686 1456 3739 libro
1496 3683 1853 3755 fragmentum
1888 3684 2090 3752 profert
2124 3683 2261 3755 idem

687 3752 1046 3823 llieronynms
1068 3755 1119 3806 in
1145 3755 1399 3824 Apologia
1423 3752 1669 3808 adversus
1700 3753 1967 3821 Ruﬁnum,
2005 3768 2110 3805 non
2148 3752 2265 3805 lon-

686 3838 753 3895 ge
816 3826 883 3876 ab
933 3825 1107 3877 initio.
1150 3826 1289 3878 Idem
1348 3828 1399 3878 in
1455 3825 1679 3895 epistola
1730 3830 1795 3876 ad
1847 3824 2259 3895 Augustinum;

687 3894 935 3964 §cripsit,
983 3895 1181 3961 inquit,
1233 3891 1503 3964 Origenes
1545 3899 1597 3947 in
1652 3893 1943 3961 Epistolam
1986 3891 2149 3964 Pauli
2193 3894 2261 3943 at!

685 3960 907 4016 Galatas
967 3960 1193 4032 quinque
1245 3960 1454 4033 proprie
1510 3960 1775 4018 volumina
1833 3982 1851 4016 :
1903 3972 1949 4014 et
2001 3963 2261 4015 decimum

688 4033 1017 4087 Stromatum
1064 4050 1280 4086 suorum
1316 4036 1530 4095 librum,
1566 4034 1872 4086 commatico
1901 4048 2057 4100 super
2080 4032 2263 4100 expia»

686 4105 951 4155 nationem
979 4104 1094 4172 ejus
1119 4120 1355 4157 sermone
1376 4104 1670 4169 complevit.

759 4173 871 4239 (δεῖ)
913 4170 1331 4241 Ὀλόῃοαεροι...
1365 4170 1839 4239 ἐπισημειώσεις.
1898 4171 2038 4236 Quid
2081 4181 2264 4241 essent

682 4240 977 4313 ὀλόγραφοι
999 4239 1145 4294 ὲτέισ.
1169 4239 1284 4295 non
1320 4244 1701 4296 intellexerunt
1725 4244 2063 4309 interpretes.
2088 4239 2262 4296 .luris-

685 4312 916 4366 consulti
949 4312 1246 4383 ὁλογραφον
1271 4322 1470 4366 vocant
1499 4320 1873 4364 testamentum
1922 4312 2063 4383 quod
2097 4321 2262 4364 testa-

686 4384 821 4436 toris
862 4398 1036 4452 manu
1069 4382 1427 4452 perscriptum
1461 4392 1563 4443 est,
1620 4397 1722 4452 non
1764 4395 1943 4434 autem
1980 4382 2091 4435 sola
2130 4383 2264 4433 sub-

685 4454 983 4521 scriptione
1018 4451 1309 4505 ﬁrmatum.
1341 4452 1537 4504 Eodem
1569 4451 1726 4504 modo
1756 4452 2014 4505 Eusebius
2036 4451 2256 4520 ὁλογρα-

685 4538 819 4591 φους
865 4521 1287 4595 ἐπισημειώσεις
1324 4531 1497 4595 vocat,
1549 4522 2253 4595 notationesmanuipsuns

684 4590 937 4661 Origenis
965 4590 1212 4663 prie-lixas
1238 4601 1327 4645 aut
1353 4590 1673 4659 subjunctas
1697 4592 1918 4663 singulis
1944 4593 2121 4644 tomis.
2154 4591 2256 4644 So—

684 4664 868 4717 lebant
893 4666 1034 4719 enim
1077 4674 1326 4718 auctores
1360 4664 1441 4716 vel
1475 4664 1646 4725 initio,
1674 4662 1755 4715 vel
1783 4679 1833 4714 ιιι
1862 4662 1967 4715 ﬁne
1994 4663 2254 4715 libroruin

685 4749 935 4797 suorum,
959 4735 1202 4804 qntrdam
1230 4751 1324 4789 sua
1357 4749 1514 4786 manu
1546 4736 1823 4804 adnotare.
1867 4732 2016 4785 Talis
2042 4742 2125 4785 est
2160 4749 2257 4803 ση-

688 4804 913 4872 μείωσις
946 4805 1127 4858 lretnei
1153 4819 1312 4873 quam
1340 4804 1391 4856 in
1428 4808 1530 4857 line
1560 4803 1818 4856 librorum
1844 4818 2062 4855 suorum
2095 4818 2260 4855 ascri-

684 4886 886 4943 pserat,
920 4885 1056 4927 teste
1098 4874 1350 4939 Eusebio,
1384 4873 1478 4927 lib.
1507 4890 1559 4936 ν,
1606 4888 1726 4941 cap.
1749 4875 1838 4927 29.
1874 4874 2125 4941 Ejusdem
2166 4888 2259 4942 ge-

686 4947 835 4997 neris
867 4958 950 4999 est
979 4946 1254 4998 aduotatio
1298 4946 1388 4997 illa
1426 4960 1548 5013 quae
1571 4944 1766 5012 legitur
1804 4945 1854 4996 in
1880 4948 1983 4997 line
2014 4955 2259 5010 procate-

685 5015 866 5067 cliesis
926 5014 1136 5086 Cyrilli,
1190 5030 1310 5084 qme
1366 5012 1489 5068 meo
1547 5016 1762 5086 quidem
1800 5012 2027 5086 judicio,
2070 5014 2260 5086 melius

685 5082 1055 5138 ascribereiur
1088 5082 1221 5137 ante
1258 5086 1445 5152 prima:
1484 5085 1786 5138 catechesis
1820 5085 2053 5137 initium.
2109 5082 2260 5133 ’0M~

683 5169 886 5225 γραφοι
939 5156 1103 5224 igitur
1162 5157 1261 5209 hoc
1301 5157 1419 5209 loco
1468 5155 1608 5207 idem
1661 5164 1786 5207 sunt
1838 5155 1978 5225 quod
2021 5152 2259 5224 ἰδιόγρα-

683 5223 797 5292 φοι.
841 5224 932 5278 Sic
966 5226 1105 5293 apud
1136 5225 1399 5278 Hilarium
1450 5225 1504 5278 in
1546 5225 1846 5293 fragmento
1898 5223 1976 5276 De
2011 5223 2258 5292 synonts:

686 5294 1000 5363 Exemplum
1017 5299 1247 5362 epistola:
1264 5313 1365 5365 qua
1384 5297 1728 5347 Athanasium
1746 5310 1889 5346 reum
1907 5311 2008 5346 non
2029 5309 2139 5345 esse
2157 5297 2263 5345 olu-

683 5368 884 5433 graplta
920 5381 1079 5417 manu
1108 5365 1297 5420 Valens
1320 5365 1547 5432 scripsit,
1573 5374 1619 5416 et
1656 5366 1899 5417 Arsacias
1930 5366 2260 5427 subscripsit.

682 5434 857 5490 Juiius
873 5449 1005 5503 papa
1027 5438 1077 5487 iu
1097 5438 1321 5503 epistola
1344 5438 1411 5487 ad
1432 5436 1694 5504 synodum
1712 5435 2101 5487 Antiochenam
2121 5448 2134 5484 :
2152 5436 2261 5486 Καὶ

686 5505 990 5579 κατηγόρου
1035 5508 1229 5579 ἰσχύρα
1264 5505 1594 5579 προεχόμισε
1636 5507 1799 5579 χεῖρα
1834 5504 2133 5575 ὁλόγραᾳον
2164 5506 2261 5579 ae-

686 5575 957 5641 θεντικήν,
989 5575 1362 5642 οιοῖίίυιιὶιιιιε
1396 5575 1757 5643 Hieronymus
1789 5578 1840 5629 in
1864 5579 2083 5643 Apolog.
2111 5591 2143 5627 ιι
2166 5576 2262 5626 ad-

686 5662 861 5699 uersus
889 5647 1141 5715 Ruﬁnum
1176 5664 1195 5702 :
1234 5648 1365 5711 Qua:
1396 5645 1613 5713 epistola
1646 5644 1932 5716 olograplm
1966 5656 2168 5698 tenetur
2195 5648 2258 5696 ab

685 5720 749 5768 iis
773 5719 840 5768 ad
866 5733 997 5785 quos
1017 5721 1218 5787 perlata
1247 5728 1342 5771 est.

756 5787 867 5857 (53)
897 5789 1016 5841 Οὐκ
1050 5789 1399 5858 ἀγνοητέον.
1432 5788 1608 5843 Locus
1634 5787 1884 5857 Origenis
1918 5786 2126 5856 integer
2159 5801 2256 5837 ev-

2365 3210 2498 3260 νης.
2535 3191 2812 3247 Solemnis
2839 3203 2922 3246 est
2951 3193 3042 3246 hic
3071 3191 3227 3248 error
3256 3197 3499 3250 omnium
3532 3191 3854 3256 editionum,
3873 3208 3919 3248 ut

2366 3263 2571 3336 εἴκοσιν
2599 3263 2870 3336 scribant.
2915 3265 3131 3332 quoties
3160 3268 3384 3319 verbum
3423 3283 3662 3336 sequens
3693 3269 3859 3330 incipit
3891 3284 3913 3317 ιι

2367 3333 2562 3387 vocali.
2598 3331 2653 3407 In
2679 3333 2912 3407 optimis
2935 3331 3123 3407 tamen
3172 3331 3577 3403 exemplaribus
3624 3353 3823 3407 semper
3854 3336 3917 3388 εἴ.

2366 3419 2486 3456 nos:
2529 3404 2811 3464 scribitur,
2842 3404 3348 3473 etiamsisequatur
3378 3408 3609 3461 vocalis.

2439 3473 2553 3543 (54)
2595 3474 2806 3545 Εἴκοσι
2855 3472 2986 3545 δύο.
3026 3472 3347 3545 Victorinus
3395 3477 3448 3529 in
3497 3475 3855 3545 Apoealypsim
3898 3491 3910 3524 :

2367 3542 2499 3598 Sunt
2531 3552 2731 3603 autem,
2758 3542 2949 3610 inquit,
2988 3544 3169 3611 viginti
3201 3557 3426 3613 quatuor
3457 3542 3584 3598 libri
3619 3542 3805 3599 Veteris
3827 3545 3907 3597 Tc-

2366 3614 2632 3683 stamenti.
2676 3614 2852 3683 viginti
2895 3614 3027 3683 duos
3074 3616 3127 3665 in
3167 3614 3447 3683 Excerptis
3497 3616 3766 3669 Tlieodotii
3794 3618 3912 3667 inre-

2367 3684 2497 3736 nies.
2555 3682 2684 3746 Quae
2726 3682 2847 3753 sint
2904 3682 3163 3748 Excerpta
3200 3685 3306 3753 (illa
3346 3682 3641 3751 Theodoti,
3698 3685 3911 3753 superius

2365 3754 2655 3824 adnotavi,
2711 3752 2845 3824 libri
2912 3754 3118 3806 scilicet
3184 3752 3586 3824 llypotyposeon
3654 3752 3910 3808 Clementis

2363 3822 2746 3894 Alexandrini.
2788 3821 2960 3894 Porro
3002 3824 3143 3891 quod
3174 3821 3265 3877 alii
3304 3821 3492 3893 viginti
3530 3834 3754 3894 quatuor
3780 3826 3909 3875 \‘ete-

2368 3893 2442 3946 ris
2475 3892 2806 3946 Testameuti
2836 3892 3023 3957 libros,
3077 3894 3168 3945 alii
3216 3892 3605 3948 duos’tantu'tn
3659 3905 3711 3948 et
3749 3894 3905 3962 viginti

2365 3965 2747 4032 numerabant,
2806 3962 2856 4014 id
2901 3977 2964 4015 ex
3013 3977 3075 4015 ea
3117 3978 3277 4016 causa
3308 3965 3608 4032 profectum
3641 3974 3737 4022 est,
3787 3962 3905 4029 quod

2365 4031 2561 4084 librum
2613 4031 2756 4085 Ruth
2807 4040 2862 4084 et
2914 4032 3107 4084 librum
3160 4031 3636 4088 Lamentationum
3692 4032 3906 4089 Jereiuize

2365 4104 2580 4169 quidam
2611 4116 2856 4155 seorsum
2874 4103 2946 4173 _i_n
2994 4101 3399 4173 Scripturarum
3451 4106 3697 4173 catalogo
3744 4117 3904 4173 mune-

2364 4174 2582 4242 rabant,
2611 4182 2667 4223 ut
2691 4173 2848 4224 docet
2874 4170 3234 4242 Hieronymus
3259 4174 3309 4226 in
3333 4170 3666 4240 Prmfatione
3685 4175 3749 4225 ad
3773 4172 3907 4222 libros

2362 4240 2581 4308 Regum,
2617 4242 2705 4294 ubi
2750 4242 2869 4294 sine
2902 4240 3293 4296 dubio'alludit
3332 4246 3399 4297 ad
3436 4242 3699 4297 Victorini
3735 4244 3903 4299 locum,

2363 4325 2483 4364 Cttllt
2506 4313 2582 4364 ait
2612 4326 2625 4361 :
2657 4311 2972 4379 Quanquam
3011 4315 3247 4365 nonnulli
3294 4311 3432 4365 Ruth
3477 4324 3521 4366 et
3568 4313 3753 4366 Kinotlt
3792 4311 3905 4361 inter

2362 4381 2722 4449 liagiographa
2763 4383 3081 4450 scriptitent,
3120 4385 3289 4437 ethos
3349 4385 3512 4437 libros
3562 4387 3615 4435 in
3640 4399 3731 4436 suo
3754 4388 3903 4449 putent

2364 4467 2576 4503 numero
2632 4453 2991 4517 supputandos
3024 4470 3042 4509 :
3075 4469 3136 4505 ac
3172 4470 3265 4522 per
3300 4453 3395 4506 hoc
3439 4470 3550 4507 esse
3594 4456 3767 4519 prisca:
3800 4450 3903 4522 leg“

2359 4522 2542 4589 viginti
2570 4531 2814 4590 quatuor,
2843 4539 2973 4591 quos
3007 4526 3101 4575 sub
3130 4521 3345 4576 numero
3373 4538 3462 4576 χιιι
3486 4527 3746 4576 seniorum
3778 4521 3898 4586 Apo-

2358 4592 2586 4659 calypsis
2616 4591 2847 4645 Joannis
2887 4594 3113 4646 inducit.
3147 4594 3377 4660 Quidam
3410 4610 3538 4646 vero
3572 4608 3670 4647 non
3702 4592 3826 4643 Hutlt
3857 4595 3903 4639 et

2358 4660 2832 4715 Lainentationum
2859 4664 3047 4727 libros,
3077 4669 3168 4718 sed
3196 4663 3419 4717 Tobiam
3444 4663 3691 4717 etludith
3715 4660 3901 4723 reliquis

2361 4734 2645 4795 addentes,
2673 4732 2863 4801 viginti
2898 4743 3134 4801 quatuor
3164 4734 3331 4787 libros
3368 4732 3577 4787 Veteris
3605 4732 3897 4786 Testameutt

2362 4803 2742 4860 numerabant.
2778 4812 2834 4854 ut
2860 4805 3019 4873 docet
3049 4804 3383 4873 Epiphanius
3410 4806 3460 4856 in
3479 4806 3615 4858 libro
3636 4817 3652 4857 l
3676 4801 3899 4851 Αάυενδυς

2361 4873 2601 4943 ltwreses,
2628 4882 2683 4925 et
2718 4874 2767 4925 in
2793 4873 2934 4926 libro
2961 4872 3038 4943 De
3083 4872 3430 4943 ponderibus.

2433 4942 2544 5015 (55)
2581 4942 3117 5015 Ἀμμεσφεκωδεψ.
3191 4943 3580 5015 Ἀμμισπαρὶμ
3644 4945 3674 5014 ἡ
3734 4953 3899 4993 πῖκον-

2361 5011 2458 5082 δίμ
2490 5013 2620 5084 legit
2658 5011 3174 5084 ttob._Stephanus,
3216 5011 3400 5069 nescio
3428 5011 3564 5084 quos
3601 5011 3796 5084 codices
3825 5024 3897 5059 sc-

2363 5080 2543 5155 entus.
2569 5083 2704 5155 Nam
2731 5085 2784 5136 in
2813 5080 2984 5153 Regio
3013 5085 3315 5155 exemplari
3348 5080 3569 5154 perinde
3607 5086 3737 5155 acin
3758 5080 3894 5155 Aleti.

2363 5152 2503 5206 Med.
2537 5152 2744 5206 etFuk.
2779 5149 3209 5225 legit'urtantutn
3239 5149 3737 5225 Ἀμξιεσφεκωδείμ.
3766 5149 3899 5203 Chri—

2362 5227 2756 5290 stophorsouus
2780 5240 2907 5278 vero
2935 5226 3143 5277 addidit
3176 5224 3497 5279 Vaieuabber
3517 5242 3581 5280 ex
3605 5228 3893 5287 llieroiuytmt

2363 5295 2416 5347 in
2445 5292 2765 5365 prtel'ationc
2791 5296 3170 5365 supracitata.
3729 5361 3753 5365 ,ν
3828 5357 3836 5365 ,

2434 5364 2547 5434 (56)
2583 5361 2872 5433 Σωφετίμζ
2936 5364 3183 5432 Quatuor
3226 5366 3395 5420 nostri
3449 5367 3676 5424 codices,
3729 5361 3892 5434 Itegius

2363 5431 2574 5488 scilicet
2622 5431 2691 5488 ae
2728 5431 2893 5499 Μυκη
2932 5431 3052 5489 cum
3087 5436 3226 5490 Med.
3259 5452 3321 5487 ac
3350 5435 3505 5496 Fuk..
3533 5438 3722 5490 habent
3749 5431 3889 5491 Σοφί-

2361 5504 2507 5573 τείμ.
2577 5503 2742 5557 Paulo
2785 5518 2905 5573 post
2936 5520 3033 5577 pro
3059 5506 3236 5576 Σέφερ
3264 5506 3477 5577 Θιλλίμ,
3532 5510 3685 5577 iidem
3712 5503 3894 5577 codices

2363 5568 2622 5647 scriptum
2678 5568 2878 5628 habent
2921 5568 3380 5647 Ἐφαρῢῴελλείμ.
3419 5568 3551 5630 item
3590 5568 3767 5629 Μελώθ
3801 5579 3893 5647 .lff"

2362 5640 2602 5706 Μισλώθ,
2631 5655 2682 5716 et
2702 5647 2888 5699 Κωέλο
2914 5640 3009 5715 pro
3033 5640 3271 5700 Κωὲλεθ.
3306 5640 3544 5714 Denique
3571 5640 3889 5716 Σαρῦαναίὲλι

2366 5733 2470 5770 ιιοιι
2502 5715 2745 5789 Σαρϐανε
2774 5718 2833 5768 ἒλ
2855 5728 2911 5771 ιιι
2936 5719 3244 5787 Stephanus
3272 5725 3511 5772 excindit.
