4112 6428
186 396 285 452 5⁸1

1221 372 1568 433 HISTORIA?)
1607 368 2164 427 ECCLESIASTICIE
2204 369 2334 424 LIB.
2380 368 2469 424 VI.

3366 376 3473 432 588

180 513 503 571 Βασιλειῶν
518 508 733 582 πρώτη,
765 506 1011 577 δευτέρα,
1051 504 1177 575 παρ’
1209 502 1391 562 αὐτοῖς
1426 498 1481 550 ἒν
1514 494 1777 567 Σαμουὴλ,

1893 494 2034 560 apud
2047 490 2301 547 Hebraeos
2313 490 2862 561 comprehensi,quod
2875 493 3468 567 appellantSophetlm.

182 613 213 663 ὁ
232 607 542 675 θεόκλητος
562 621 575 634 '
596 599 895 656 Βασιλειῶν
921 597 1101 669 τρίτη,
1122 594 1378 665 τετάρτη,
1407 595 1463 646 ὲν
1494 591 1573 644 ἐνὶ
1602 589 1787 659 Οόαμ-

187 703 361 774 μέλεχ
395 696 590 759 Δαῦὶδ,
618 698 756 766 ὅπερ
796 693 913 745 ἐστὶ
947 689 1192 761 βασιλεία
1220 686 1404 740 Δαδίδ.
1447 683 1788 755 Παραλειπο-

187 794 374 865 μένων
421 787 643 860 πρώτη,
678 784 930 856 δευτέρα,
960 784 1017 834 ἐν
1040 782 1119 834 ἐνὶ
1146 778 1313 850 Διϐρὴ
1361 775 1610 865 Ἀἴαμὶμ,
1649 775 1785 844 ὅπερ

183 863 305 936 ἐστὶ
332 879 501 948 λόγοι
539 876 793 947 ἡμερῶν“’·
836 871 1071 941 Ἔσδρας
1124 868 1337 938 πρῶτος
1381 866 1475 918 καὶ
1510 863 1782 934 δεύτερος,

182 979 243 1028 ἐν
272 974 357 1025 ἐνὶ
421 971 614 1042 Ἐζρᾶ,
644 970 672 1021 ὃ
703 970 819 1020 ἐστι
854 964 1065 1036 βοηθός.
1097 961 1285 1023 Βίϐλος
1314 957 1580 1028 Ψαλμῶν,
1610 955 1784 1026 Σέφερ

180 1065 411 1135 Θιλλίμ.
480 1059 827 1131 Σολομῶντος
878 1054 1195 1126 Παροιμίαι,
1258 1048 1501 1105 Μισλὼθ.
1565 1048 1786 1118 Ἐκκλη-

186 1158 450 1228 σιαστὴς,
486 1151 730 1209 Κωέλεθ.
756 1146 943 1222 ’ᾼσμα
968 1147 1245 1219 ᾀσμάτων,
1274 1144 1292 1216 (
1311 1145 1371 1196 οὐ
1405 1142 1513 1216 γὰρ
1546 1144 1620 1207 ὡς
1653 1143 1785 1195 ὑπο-

182 1246 542 1321 λαμϐάνηυσί
572 1261 717 1307 τινες
760 1242 1012 1313 ’ᾼσματα
1041 1238 1301 1311 ᾀσμάτων
1332 1235 1494 1309 [57]),
1531 1235 1629 1307 Σὶρ
1658 1234 1787 1286 Ἀσ-

188 1342 371 1415 σιρέμ’
412 1339 658 1401 Ἦσαῖας
692 1334 826 1407 (58),
873 1332 1092 1386 ’1εσαῖἀ.
1132 1330 1403 1403 Ἱερεμίας
1433 1330 1529 1383 σὺν
1555 1328 1782 1399 Θρήνοις

186 1436 283 1489 καὶ
309 1436 380 1505 τῇ
407 1430 695 1500 ἐπιστολῇ,
718 1428 775 1480 ὲν
809 1426 888 1479 ἐνὶ
922 1424 1115 1496 Ἰρμξα’
1148 1421 1366 1493 Δανιὴλ,
1394 1420 1611 1490 Δανιὴλ·
1632 1418 1784 1482 Ἰεζε-

184 1528 338 1597 κιὴλ,
376 1522 644 1593 Ίεεζκήλο
686 1517 826 1584 Ἰὼϐ,
863 1516 1003 1571 Ἰώ6·
1045 1514 1265 1586 Ἐσθὴρ,
1301 1512 1519 1584 Ἐσθήρ.
1553 1508 1699 1575 Ἔξω
1724 1509 1780 1562 δὲ

182 1621 398 1675 τούτων
419 1617 545 1671 ἐστ’).
566 1615 633 1669 τὰ
654 1610 1046 1674 Μακκαϐαῖκὰ,
1072 1610 1214 1679 ἅπερ
1230 1606 1627 1677 ἐπιγέγραπται
1643 1604 1782 1675 Σαρ-

180 1713 288 1786 6ὴθ
321 1711 583 1785 Σαρόανὲ
616 1707 737 1763 Ἔλ.
787 1726 805 1759 ι
845 1704 1029 1759 Ταῦτα
1065 1703 1163 1774 μὲν
1191 1697 1283 1754 οὖν
1312 1701 1369 1754 ἐν
1398 1699 1475 1770 τῷ
1520 1713 1781 1768 προειρη-

188 1808 339 1879 μένῳ
378 1805 569 1876 τίθησι
626 1801 1038 1873 συγγράμματι.
1089 1797 1177 1849 Ἐν
1208 1795 1266 1848 δὲ
1303 1792 1379 1865 τῷ
1418 1790 1617 1863 πρώτῳ
1666 1790 1777 1842 τῶν

1891 585 2144 649 Octavus,
2162 583 2474 654 Regnorum
2500 582 2640 638 liber
2668 583 2876 652 primus
2893 585 3123 657 226m
3156 590 3428 645 secundus
3453 608 3470 644 :

1888 678 1979 745 qui
1994 676 2136 742 apud
2154 688 2248 729 eos
2262 672 2480 727 unicum
2498 672 2749 729 volumen
2766 676 3259 747 constituuntquod
3272 679 3473 735 dicitur

1889 766 2131 832 Samuel,
2151 766 2251 820 hoc
2261 774 2345 821 est
2370 774 2584 819 uocatus
2598 782 2630 819 a
2648 764 2779 820 Deo.
2800 765 2983 821 Nonus
3003 768 3315 839 Regnorum
3332 771 3471 827 liber

1889 861 2085 915 tertius
2102 867 2425 929 etquartus,
2458 872 2596 927 quos
2628 858 2727 926 ipsi
2746 859 2913 913 etiam
2948 861 2999 914 in
3017 877 3181 915 unum
3213 862 3466 919 volumen

1888 952 2162 1022 redigunt.
2184 947 2604 1005 etVammelech
2636 947 3107 1020 Davidindigitant
3129 993 3145 1018 ,
3170 953 3275 1008 hoc
3302 963 3388 1009 est
3416 966 3469 1009 et

1886 1059 1980 1096 rea:
2011 1041 2201 1096 Darid.
2222 1040 2494 1103 Decimus,
2516 1038 2967 1108 Paralipomenon
3006 1044 3143 1099 liber
3173 1046 3379 1114 primus
3411 1056 3470 1101 et

1885 1134 2452 1205 secundus,unoapud
2483 1134 2602 1191 illos
2627 1135 2867 1191 contenti
2884 1136 3340 1207 volumine,quod
3373 1155 3471 1193 vc.-

1885 1239 2007 1284 cant
2021 1230 2182 1284 Dibre
2198 1227 2605 1296 Haiamim,ltoc
2616 1240 2697 1285 est
2713 1231 2865 1285 verba
2878 1231 3467 1295 dierum.Undecimus.

1885 1320 2084 1376 Esdras
2096 1321 2302 1391 primus
2315 1330 2369 1377 et
2382 1324 2675 1392 secundus,
2690 1325 2782 1396 qui
2798 1325 2938 1395 apud
2956 1340 3049 1381 eos
3064 1326 3283 1381 unicum
3297 1326 3467 1383 conli-

1884 1414 2033 1469 ciunt
2047 1414 2245 1469 librum
2263 1430 2424 1484 quem
2442 1426 2636 1471 vocant
2650 1418 2804 1482 Esra,
2822 1419 2876 1473 id
2893 1427 2995 1484 est,
3015 1419 3470 1488 adjutor.Duode-

1882 1506 2203 1562 cimusliber
2213 1506 2575 1573 Psalmorum,
2590 1507 2834 1566 Hebraeis
2850 1509 3059 1580 Sepher
3072 1510 3348 1567 Tehillim.
3372 1512 3466 1569 De-

1883 1602 2059 1656 cimus
2085 1601 2279 1657 tertius
2292 1602 2585 1658 Proverbia
2606 1603 2939 1670 Salomonis,
2968 1605 3209 1663 llebrmis
3224 1606 3464 1663 Misloth.

1884 1693 2138 1749 Decimus
2154 1706 2403 1766 quartus,
2418 1696 2800 1765 Ecclesiastes,
2817 1696 3059 1755 Hebrzeis
3075 1698 3357 1756 Coheletlt.
3378 1701 3472 1759 De-

1884 1786 2059 1842 cimus
2073 1787 2315 1857 quintus,
2341 1786 2625 1845 Canticum
2642 1792 3004 1857 canticorum,
3022 1791 3267 1849 Hebraeis
3282 1791 3465 1847 Sirha-

183 1862 268 1966 £1;
300 1862 365 1953 τὸ
392 1862 543 1954 κατὰ
579 1862 860 1952 Ματδαῖον
888 1862 1246 1961 Ἑὺαγγέλιον,
1278 1862 1369 1941 τὸν
1401 1862 1777 1957 ἐκαλησιαστι-

1882 1878 2056 1933 sirim.
2073 1878 2333 1936 Decimus
2352 1890 2560 1948 sextus,
2580 1883 2792 1952 Esaias,
2814 1863 3275 1940 Hehrzeis'lesaia.
3300 1885 3463 1941 Deci-

182 1994 283 2048 κὺν
316 1992 611 2063 φυλάττων
644 1989 868 2051 κανόνα,
912 1985 1047 2058 μόνα
1088 1982 1330 2053 τέσσαρα
1373 1979 1571 2032 εἰδέναι
1603 1979 1781 2048 Εὐαγ-

176 2085 349 2157 γέλια
386 2082 747 2156 μαρτῦρεται,
768 2072 871 2133 ὧδὲ
900 2094 1017 2140 πως
1042 2073 1268 2145 γράφων
1286 2088 1299 2101 ’
1336 2089 1355 2122 ι
1398 2069 1486 2133 Ὠς
1514 2069 1573 2122 ὲν
1602 2086 1782 2139 παρα-

178 2178 335 2233 δόσει
371 2176 561 2249 μαθὼν
586 2174 705 2247 ’(59)
738 2172 867 2246 περὶ
896 2170 1005 2224 τῶν
1035 2166 1312 2238 τεσσάρων
1350 2162 1714 2233 Εὐαγγελίων,
1742 2162 1779 2217 ἂ

182 2269 283 2325 καὶ
316 2270 461 2341 μόνα
488 2264 856 2338 ἀναντίρρητά
897 2264 1041 2315 ἐστιν
1080 2259 1137 2312 ὲν
1169 2260 1235 2329 τῇ
1271 2256 1376 2309 ὑπὸ
1419 2254 1509 2309 τὸν
1551 2254 1779 2326 οὐρανὸν

196 2359 510 2431 Ἐκκλησῐα
548 2357 641 2412 τοῦ
670 2356 805 2410 Osci:
827 2374 840 2387 ·
883 2343 965 2409 ότι
1001 2352 1215 2423 πρῶτον
1248 2349 1347 2421 μὲν
1377 2347 1687 2419 γέγραπται
1718 2346 1779 2400 τὸ

182 2455 331 2509 κατὰ
365 2452 468 2506 *τόν
503 2467 636 2503 ποτε
681 2445 940 2516 τελώνην,
981 2443 1207 2512 ὕστερον
1251 2440 1307 2493 δὲ
1337 2436 1630 2493 ἀπόστολον
1674 2439 1779 2509 Ἰη-

186 2548 285 2601 σοῦ
330 2542 576 2617 Χριστοῦ
616 2538 917 2599 Ματθαῖον,
966 2531 1297 2588 ἐκδεδωκότα
1338 2531 1468 2584 αὐτὸ
1510 2532 1623 2592 τοῖς
1672 2528 1779 2582 ἀπὸ

200 2636 545 2710 Ἰουδαϊσμοῦ
577 2632 920 2695 πιστεῦσασι,
955 2628 1276 2700 γράμμασιν
1314 2625 1619 2696 Ἑϐραϊκοῖς
1652 2641 1781 2676 συν-

182 2732 561 2803 τεταγμένον⁸
610 2727 860 2796 δεύτερον
885 2722 948 2775 δὲ
978 2720 1038 2774 τὸ
1075 2718 1214 2773 κατὰ
1241 2719 1468 2790 Μάρκον
1490 2758 1504 2780 ,
1547 2718 1623 2780 ὡς
1670 2716 1777 2768 Πέο

182 2840 316 2894 τρος
372 2819 694 2891 ὑφηγήσατο
745 2811 914 2882 αὐτῷ.
969 2811 1289 2882 ποιήσαντα.
1338 2810 1402 2861 Ὃ
1441 2807 1534 2861 καὶ
1566 2807 1681 2861 υἱὸν
1720 2809 1777 2860 ἐν

185 2920 255 2987 τῇ
276 2914 543 2983 καθολικῇ
573 2908 828 2978 ἐπιστολῇ
849 2907 936 2959 διὰ
960 2905 1162 2959 τούτων
1186 2901 1503 2974 ὡμολόγησε
1526 2901 1772 2971 φάσκων·

194 3023 213 3054 ι
264 2999 601 3065 Ἀσπάζεται
639 2998 785 3069 ὑμᾶς
814 2997 856 3066 ἠ
884 2996 940 3048 ὲν
971 2993 1246 3047 Βαϐυλῶνι
1278 2992 1628 3063 συνεκλεκτὴ,
1682 2991 1778 3045 κα)⁴

184 3092 422 3164 Μάρκος
452 3090 481 3143 ό
514 3088 631 3151 υἱός
672 3104 795 3157 μου.
843 3104 861 3137 ι
900 3086 1006 3138 Καὶ
1047 3084 1228 3153 τρίτον
1267 3082 1326 3136 τὸ
1365 3082 1506 3136 κατὰ
1538 3083 1774 3145 Λουκᾶν,

182 3185 248 3239 τὺ
294 3182 406 3237 ὑπὸ
435 3179 649 3234 Παύλου
692 3175 1080 3247 ἐπαινούμενον
1124 3174 1476 3244 Εὑαγγέλιον,
1520 3177 1634 3238 τοῖς
1664 3174 1774 3227 ἀπὸ

184 3276 300 3330 τῶν
347 3272 518 3328 ἐθνῶν
568 3270 934 3341 πεποιηκόταο
970 3269 1067 3321 ἐπὶ
1109 3269 1242 3321 πᾶσι
1282 3267 1343 3321 τὸ
1391 3268 1534 3322 κατὰ
1602 3267 1776 3321 Ἰωάν-

184 3386 309 3439 νην.
350 3386 370 3419 ι
414 3365 527 3419 Καὶ
550 3365 607 3417 ὲν
630 3363 709 3434 τῷ
740 3363 974 3433 πέμπτῳ
1002 3361 1058 3414 δὲ
1083 3362 1192 3415 τῶν
1221 3362 1302 3425 εἰς
1332 3360 1393 3413 τὸ
1419 3360 1560 3414 κατὰ
1600 3359 1775 3413 Ἰωάν-

186 3476 288 3528 νην
337 3453 712 3527 Ἐξηγητικῶν
740 3451 873 3523 (60),
905 3453 934 3504 ό
967 3451 1127 3515 αὐτὸς
1165 3451 1340 3504 ταῦτα
1365 3451 1493 3523 περὶ
1517 3448 1626 3503 τῶν
1657 3452 1777 3503 ἐπι-

190 3549 399 3603 στολῶν
445 3548 554 3601 τῶν
604 3544 914 3600 ἀποστόλων
946 3543 1111 3615 φησίν
1134 3559 1149 3574 ο
1203 3562 1221 3593 ι
1293 3543 1350 3596 'O
1383 3543 1439 3597 δὲ
1486 3543 1774 3608 ἱκανωθεὶς

184 3642 439 3705 διάκονος
470 3639 720 3710 γενέσθαι
763 3639 861 3710 τῆς
901 3636 1111 3707 Καινῆς
1151 3636 1447 3707 Διαθήκης,
1490 3637 1553 3689 οὐ
1587 3636 1772 3710 γράμ-

262 3797 380 3869 (57)
419 3797 501 3851 Οὐ
537 3794 645 3869 [ἀρ
801 3793 1299 3869 ὑπολαμϐάνουσι
1322 3811 1481 3861 τινες
1504 3796 1774 3869 ’ᾼσμαζα

189 3864 500 3937 ᾀσμάτων,
542 3864 678 3937 Tuta
714 3866 1103 3937 lttcc_pe_ricope
1142 3864 1294 3919 abest
1325 3880 1353 3918 a
1385 3864 1772 3937 nostriscodi-

192 3933 350 3993 cibus
375 3937 538 4001 Man,
571 3934 707 3988 Med.
746 3945 799 3987 et
834 3933 970 3987 Fuit.
1002 3935 1240 3989 llabetur
1274 3943 1451 3989 tamen
1499 3935 1552 4005 in
1604 3935 1770 4005 Regio

192 4007 518 4075 exemplari.
550 4004 778 4075 Ruﬁnus
824 4020 1042 4072 quoque
1076 4007 1129 4058 in
1180 4005 1425 4061 versione
1464 4004 1625 4074 hujus
1666 4004 1769 4060 Icci

193 4074 367 4133 habet
387 4076 609 4130 Cantica
635 4074 983 4127 canticorum.

264 4146 381 4217 (58)
418 4146 697 4217 νἨσαΐας.
727 4144 975 4198 Omissus
997 4151 1098 4217 Aest
1146 4143 1199 4217 i_n
1236 4143 1339 4198 hoc
1367 4145 1611 4216 cataIOgo
1633 4144 1768 4199 liber

194 4212 483 4272 duodecim
529 4218 942 4284 prophetarum.
984 4212 1102 4279 Quo
1149 4213 1351 4269 factum
1399 4226 1506 4278 est,
1547 4212 1610 4270 ut
1643 4230 1764 4269 cum

195 4287 389 4353 viginti
419 4288 553 4341 duos
581 4284 746 4341 libros
774 4300 834 4340 se
858 4292 1267 4339 numeraturum
1297 4286 1605 4351 promiserit
1639 4284 1766 4339 Ori-

191 4352 395 4425 geues,
449 4366 593 4425 unus
640 4352 903 4407 duntaxat
950 4362 1004 4407 et
1061 4353 1260 4425 viginti
1286 4353 1661 4425 _reperiantur.
1717 4354 1775 4408 In

193 4424 378 4477 liutini
434 4423 687 4494 versione
742 4430 1058 4494 recensetur
1088 4424 1198 4494 hie
1239 4422 1383 4494 liber
1434 4425 1618 4478 statim
1656 4433 1773 4494 post

192 4495 483 4569 Canticum
513 4493 869 4569 canticorum.
906 4492 1017 4569 Nec
1050 4493 1209 4569 aliter
1222 4493 1561 4569 bitat-iusin
1599 4492 1775 4569 prolo-
1797 4511 1847 4569 ι)

198 4581 268 4632 go
301 4564 678 4615 Enarrationt's
716 4567 771 4616 in
815 4566 1081 4628 Psalmos,
1112 4574 1167 4615 et
1194 4564 1423 4633 Cyrilltts
1455 4565 1769 4633 Hierosoly-

202 4631 461 4686 ntitanus.
501 4633 769 4687 (laterum
800 4647 969 4687 sacra:
993 4631 1287 4699 Scriptura:
1310 4632 1429 4685 libri
1470 4631 1628 4701 longe
1661 4631 1769 4685 alio

197 4701 394 4757 ordine
416 4702 503 4757 hic
534 4712 887 4757 recensentur
916 4718 1078 4771 quam
1105 4704 1172 4756 ab
1197 4702 1500 4771 Epiphanio
1546 4713 1599 4754 et
1639 4701 1769 4755 Hie-

203 4787 429 4843 ronymo
454 4782 510 4825 et
538 4772 988 4843 Melitene,icujus
1011 4772 1184 4827 locum
1212 4786 1373 4841 supra
1400 4771 1582 4843 retulit
1606 4772 1771 4843 Euse-

203 4841 324 4895 bius
347 4842 400 4895 in
435 4843 544 4897 ﬁne
575 4843 667 4898 lib.
701 4857 773 4895 tv.
814 4842 1047 4897 Hilarius
1086 4856 1216 4895 vero
1271 4843 1321 4895 iu
1365 4841 1590 4909 prologo
1616 4841 1770 4895 Com-

200 4913 580 4965 memoriarum
620 4914 676 4966 in
711 4911 948 4965 Psalmos
978 4928 1097 4967 cum
1136 4912 1367 4979 Origene
1397 4926 1771 4978 prorsttscon-

202 4984 389 5053 sentit.
427 4982 535 5037 Nec
571 4981 625 5037 id
656 4983 879 5046 mirum,
912 4997 1032 5053 cum
1067 4992 1212 5037 totus
1249 4982 1363 5053 fere
1394 4982 1646 5053 prologus
1681 4982 1771 5035 ille
1817 5050 1819 5053 ι

203 5052 393 5106 Hilarii
422 5053 715 5107 translatus
752 5054 825 5105 sit
862 5068 929 5106 ex
965 5051 1365 5105 Commentariis
1406 5051 1459 5103 in
1502 5050 1767 5118 Psalmos,

202 5132 264 5175 ttt
286 5133 514 5192 testatur
542 5122 919 5192 Hieronymus.

273 5190 388 5259 (59)
429 5193 519 5258 Ὡς
544 5193 615 5246 ἐν
644 5190 970 5261 παραδόσει
993 5190 1217 5261 μαθών.
1262 5192 1438 5249 Verba
1485 5191 1600 5248 haec
1645 5201 1772 5247 sunt

201 5262 477 5335 Origenis,
504 5274 563 5335 ut
588 5274 833 5335 apparet.
850 5264 1027 5332 Atque
1054 5266 1134 5335 ita,
1151 5263 1372 5335 Ruﬁnus
1391 5263 1697 5335 ethangus,
1717 5275 1773 5317 et.

203 5332 477 5386 Musculus
503 5333 839 5401 interpretati
871 5345 1021 5388 sunt.
1048 5333 1207 5387 Solus
1238 5332 1770 5402 Christophorsonus

204 5404 318 5457 haec
354 5402 569 5457 Eusebii
610 5405 773 5457 verba
803 5417 922 5457 esse
951 5405 1187 5465 censuit,
1215 5406 1301 5459 cui
1338 5418 1442 5457 non
1478 5404 1768 5459 assentior.

206 5472 464 5544 Quamvis
518 5474 571 5544 in
611 5474 796 5527 codice
835 5473 991 5544 Mal.
1018 5483 1070 5527 et
1102 5474 1244 5528 Med.
1282 5485 1403 5543 post
1436 5488 1618 5529 vocent
1663 5491 1768 5544 μα-

212 5540 314 5596 ὶιὼν
345 5543 586 5610 apposita
633 5547 705 5596 sit
757 5544 933 5597 tinalis
964 5540 1348 5599 distinctian
1393 5544 1561 5612 Regio
1590 5540 1767 5597 auietn

200 5614 499 5680 exemplari
531 5620 671 5682 totus
719 5615 808 5667 hic
853 5614 1004 5668 locus
1054 5614 1260 5682 absque
1295 5615 1398 5666 ulla
1424 5615 1771 5669 distinctione

204 5677 706 5755 ytinlit—tuatttf.“tit5é
735 5701 850 5746 πως
870 5685 1094 5754 γράφων
1138 5677 1213 5746 ὦς
1249 5684 1306 5735 ὲν
1341 5684 1631 5755 παραδόσει
1669 5700 1771 5753 μα-

200 5750 311 5803 Θὼν
360 5753 487 5823 περὶ
531 5752 639 5805 τῶν
672 5750 1350 5824 τεσσάρώνᾘύαγγελίων.
1400 5750 1465 5807 Et
1503 5764 1625 5822 post
1656 5750 1771 5806 ulti—

200 5838 349 5875 wam
389 5826 527 5877 hanc
558 5838 743 5878 vocent
776 5825 1019 5894 apposita
1050 5837 1131 5880 est
1157 5826 1329 5879 inedia
1362 5824 1641 5880 distinctio
1674 5838 1769 5879 seu

1884 1989 2005 2029 mus
2018 1973 2308 2043 septimus,
2321 1973 2589 2031 .Ieremias
2606 1992 2729 2032 cum
2745 1975 3252 2034 Lamentationibus
3267 1987 3322 2033 et
3336 1976 3467 2047 Epi-

1883 2065 2045 2131 stola,
2075 2066 2129 2119 in
2156 2080 2323 2119 unum
2350 2076 2669 2134 compactos
2690 2067 2968 2134 volumen,
2986 2070 3127 2140 quod
3151 2070 3252 2140 ipsi
3272 2077 3466 2125 vocant

1878 2160 2067 2213 Irmia.
2086 2158 2335 2213 Decimus
2348 2168 2597 2225 octavus,
2612 2160 3064 2228 Daniel,Hebr:eis
3078 2163 3291 2219 Daniel.
3308 2163 3467 2218 Deci-

1878 2266 2003 2307 mus
2022 2266 2223 2316 nonus,
2238 2250 2515 2314 Ezechiel,
2529 2254 2669 2319 apud
2685 2252 2940 2310 Hebraeos
2962 2254 3231 2312 leezcltel.
3256 2255 3467 2312 Vicesi-

1879 2360 2023 2409 mus,
2038 2344 2166 2414 Job,
2181 2349 2369 2404 eodem
2385 2348 2525 2417 apud
2542 2346 2797 2403 Hebraeos
2809 2346 3029 2402 nomine
3047 2346 3465 2419 insignitus.Vi-

1879 2438 2115 2493 cesimus
2138 2441 2367 2509 primus,
2389 2440 2608 2503 Esther,
2638 2440 2911 2508 quomodo
2948 2439 3113 2495 etiam
3135 2439 3348 2496 Hebraei
3367 2454 3466 2495 vo-

1879 2538 2027 2584 cant.
2042 2529 2208 2584 Extra
2230 2533 2422 2585 horum
2453 2544 2679 2585 censum
2701 2528 2967 2584 suntlibri
3001 2528 3462 2598 Machabazorum,

1878 2623 1969 2691 qui
1989 2622 2358 2677 inscribuntur
2376 2620 2561 2675 Sarbet
2584 2618 2896 2674 Sarbaneel.
2920 2619 2987 2673 Et
3015 2622 3130 2675 haec
3155 2622 3375 2691 quidem
3408 2623 3462 2677 itt

1878 2714 2019 2769 libro
2046 2714 2295 2781 superius
2323 2720 2624 2768 memorato
2652 2709 2845 2765 scribit
2869 2711 3154 2782 Origenes.
3197 2711 3255 2766 In
3286 2714 3466 2781 primo

1876 2814 2055 2858 autem
2072 2804 2212 2858 libro
2228 2802 2632 2873 Expositionum
2651 2807 2706 2859 in
2728 2803 3071 2874 Evangelium
3088 2806 3354 2871 Matt/tari,
3374 2820 3466 2862 ec-

1878 2893 2186 2950 clesiastico
2222 2894 2476 2950 insistens
2505 2896 2723 2962 canoni,
2742 2907 2976 2965 quatuor
3002 2897 3465 2953 duntaxatEvan—

1876 2985 2014 3055 gelia
2033 3000 2152 3040 esse
2174 2995 2410 3041 testatur
2428 2987 2513 3041 his
2532 2988 2713 3042 verbis
2734 3004 2779 3041 :t
2793 2986 2944 3042 Sicut
2960 3004 3028 3043 ex
3047 2989 3358 3057 traditione,
3376 2992 3464 3047 in-

1877 3078 2013 3149 qttit,
2036 3080 2219 3147 accepi
2239 3080 2305 3134 de
2336 3089 2574 3148 quatuor
2606 3080 2936 3151 Evangeliis,
2955 3097 3076 3151 quae
3100 3082 3213 3137 sola
3252 3083 3305 3137 in
3334 3084 3462 3139 uni-

1876 3185 2035 3226 versa
2054 3171 2153 3226 Dei
2174 3171 2417 3227 Ecclesia
2438 3187 2558 3241 qua!
2575 3173 2676 3227 sub
2700 3173 2839 3229 cmlo
2855 3182 2957 3239 est,
2978 3175 3113 3229 citra
3138 3184 3461 3231 controver-

1880 3263 2016 3317 siam
2040 3263 2435 3318 admittuntur:
2455 3265 2690 3334 primum
2710 3264 2919 3321 scilicet
2948 3267 3299 3338 Evangelium
3325 3270 3465 3324 scri-

1878 3367 2030 3425 ptum
2048 3372 2209 3412 essea
2228 3357 2501 3424 Matthaeo,
2521 3358 2673 3427 prius
2693 3358 2908 3428 quidem
2933 3360 3247 3429 publicano,
3271 3372 3465 3429 postea

1878 3464 2010 3505 vero
2063 3449 2312 3520 apostolo
2368 3449 2495 3504 Jesu
2553 3449 2791 3516 Christi.
2856 3452 2947 3523 qui
3010 3451 3139 3508 illud
3199 3453 3467 3509 Hebraico

1880 3556 2130 3597 sermone
2173 3543 2565 3613 conscriptum,
2596 3542 2800 3599 Iudaeis
2850 3544 2916 3598 ad
2972 3543 3132 3599 ﬁdem
3183 3546 3467 3602 conversis

1879 3635 2195 3706 publicavit.
2237 3635 2548 3693 Secundum
2580 3635 2748 3692 fuisse
2772 3637 3082 3708 accepimus
3107 3639 3463 3711 Evangelium

1882 3805 2055 3867 mora,
2095 3792 2253 3864 quasi
2299 3792 2451 3849 locus
2485 3794 2736 3867 Qrigenis
2784 3794 3019 3867 incipiat
3047 3810 3077 3849 a
3106 3796 3289 3853 verbis
3341 3812 3465 3867 qua:

1880 3864 2129 3937 prox_ime
2152 3874 2473 3937 sequuntur.
2498 3863 2721 3937 verum,
2755 3863 2939 3937 tt_tjain
2971 3866 3105 3933 dixi,
3133 3868 3309 3934 magis
3342 3863 3463 3937 pla-

1880 3942 1967 3986 cet
2000 3932 2178 4005 Ruﬁni
2201 3935 2504 4005 distinctio.
2559 3934 2729 3989 Porro
2763 3935 2833 3990 de
2877 3946 3110 4003 quatuor
3152 3932 3463 4005 Evangeliis

1876 4018 1996 4071 qua:
2021 4002 2135 4058 sola
2164 4004 2233 4057 ab
2260 4003 2499 4059 Ecclesia
2532 4005 2802 4059 catholica
2837 4002 3220 4070 admittuntur,
3248 4002 3353 4061 nou
3378 4025 3463 4065 so-

1878 4074 1987 4127 lum
2038 4074 2090 4126 in
2141 4073 2255 4128 suis
2292 4075 2349 4127 in
2398 4074 2711 4128 Mattlttcum
2764 4075 3170 4129 Commentariis
3228 4086 3462 4134 testatus

1879 4142 2054 4214 fuerat
2087 4142 2371 4214 Origenes,
2406 4145 2692 4214 seductiam
2722 4145 2775 4199 itt
2814 4145 3083 4214 principio
3122 4146 3459 4203 Commenta—

1876 4213 2083 4266 riorum
2139 4215 2194 4265 in
2232 4212 2446 4268 Lucam.
2493 4213 2661 4279 Quem
2708 4212 2910 4278 locum,
2948 4212 3073 4282 quia
3129 4217 3197 4270 ab
3223 4215 3462 4273 Eusebio

1876 4283 2423 4354 prmterimissushest,
2461 4285 2548 4336 hic
2594 4298 2861 4353 apponant
2898 4302 2911 4337 :
2949 4285 3190 4339 Ecclesia
3230 4298 3461 4354 quatuor

1876 4352 2365 4426 habeth‘oangelia,
2389 4354 2610 4426 lucrest
2633 4352 2884 4421 plurima.
2910 4355 2959 4408 Ε
2983 4357 3171 4425 quibus
3193 4352 3459 4426 quoddam

1875 4416 2508 4494 inscribitur,secundum
2536 4416 2824 4494 .Egiyptios
2855 4442 2869 4479 :
2894 4416 3043 4478 aliud
3073 4416 3229 4491 juxta
3256 4426 3462 4481 duode-

1874 4492 1980 4568 cim
1998 4493 2483 4568 apostolos_..Ausus
2507 4494 2603 4568 fuit
2628 4492 2676 4568 et
2693 4492 2957 4568 Basilides
2978 4498 3204 4549 scribere
3222 4496 3460 4568 Evange-

1873 4560 2001 4614 lium
2034 4574 2080 4615 et
2108 4578 2202 4615 suo
2237 4563 2373 4615 illud
2404 4565 2613 4616 nomine
2637 4564 2874 4627 titulare,
2902 4574 3013 4620 etc.

1943 4631 2055 4699 (60)
2104 4633 2198 4685 Ἐν
2218 4631 2300 4697 τῷ
2322 4632 2568 4701 πέμπτῳ
2602 4632 2670 4687 δὲ
2710 4634 2829 4687 τῶν
2876 4637 2963 4700 εὶς
2990 4636 3057 4688 τὸ
3086 4638 3238 4691 κατὰ
3268 4636 3457 4689 Ἰωάν-

1870 4718 2011 4769 νην.
2038 4701 2215 4756 Locus
2245 4703 2497 4772 Origenis
2549 4718 2709 4771 quem
2760 4705 2848 4757 hic
2894 4707 3113 4759 adducit
3168 4708 3454 4765 Eusebius.

1871 4784 1954 4826 est
1980 4787 2010 4825 e
2029 4774 2291 4840 promittio
2321 4773 2439 4826 libri
2468 4776 2640 4839 quinti
2672 4772 3120 4840 Explanatiomtm
3149 4778 3202 4830 in
3227 4776 3455 4830 Joannis

1872 4842 2234 4912 Evangelium,
2266 4845 2418 4911 cujus
2447 4843 2691 4911 prooemii
2735 4858 2858 4912 pars
2900 4846 3138 4899 maxima
3187 4856 3367 4901 exstat
3401 4850 3452 4900 itt

1872 4915 2054 4984 ειη).ίό
2098 4913 2429 4984 Philocatiaz.
2484 4914 2616 4965 Cum
2670 4912 2953 4984 illouigitur
2983 4915 3286 4984 fragmento
3322 4915 3454 4984 jun-

1872 4983 2076 5051 gendus
2112 4994 2195 5037 est
2240 4984 2327 5037 hic
2381 4983 2532 5036 locus
2590 4983 2681 5051 qui
2739 4981 2807 5035 ab
2847 4981 3091 5039 Eusebio
3127 4981 3455 5041 nostro'ad-

1873 5052 2112 5125 ducitur.
2170 5052 2441 5125 Dormio
2475 5068 2540 5125 eo
2590 5054 2857 5125 promtnio
2890 5056 3132 5122 disputat
3168 5057 3451 5125 Origenes,

1874 5137 1940 5174 an
1991 5124 2057 5175 de
2106 5124 2269 5177 rebus
2323 5123 2520 5177 divinis
2582 5123 2734 5175 utulti
2803 5125 3074 5178 scribendi
3129 5123 3449 5181 siut'lilm'.

1871 5194 1950 5245 Ac
1973 5193 2213 5265 primum
2254 5191 2411 5246 aﬂ‘ert
2448 5192 2742 5265 locunt‘cx
2786 5192 3134 5260 Ecclesiaste,
3180 5197 3270 5265 qui
3307 5207 3453 5250 vetat

1875 5262 2273 5315 multitudinem
2332 5263 2600 5317 coniicere
2652 5262 2936 5316 librorum.
2999 5262 3210 5319 Deinde
3233 5267 3453 5320 adducit

1871 5333 2179 5400 exemplum
2240 5342 2553 5387 sanctorum
2601 5333 2867 5395 virorum,
2919 5335 3304 5402 prophetarum
3335 5336 3450 5389 sei-

1873 5403 2000 5473 licet
2042 5405 2525 5473 etdapostolorum,
2578 5403 2674 5470 qui
2707 5419 2896 5458 omnes
2942 5421 3111 5472 pauca
3156 5408 3447 5473 scripsere.

1874 5472 1979 5544 Sed
2032 5470 2291 5544 collector
2337 5472 2650 5544 Phiiocalia:
2688 5482 2879 5528 cuncta
2925 5470 3036 5528 hinc
3084 5470 3332 5544 exempla
3382 5478 3449 5527 de

1873 5540 2138 5596 industria
2184 5543 2555 5613 prmtermisit,
2607 5546 2930 5613 utipsetuet
2977 5544 3177 5597 fatetur
3220 5540 3340 5613 pag.
3380 5547 3449 5598 69

1872 5612 2127 5667 editionis
2174 5610 2629 5669 Graeco-Latitiae.
2674 5610 2907 5668 Proinde
2943 5616 3031 5668 hic
3072 5610 3325 5682 Origenis
3361 5615 3446 5667 lo-

1872 5697 1968 5735 cus
2016 5696 2178 5751 quem
2236 5683 2455 5736 adducit
2484 5683 2767 5746 Eusebius,
2824 5686 2985 5738 inseri
3024 5685 3184 5739 debet
3222 5700 3343 5753 pag.
3377 5684 3448 5737 οξ)

1874 5754 2200 5820 supradictae
2272 5753 2567 5819 ctlttiouis,
2633 5764 2759 5808 ante
2824 5755 2909 5808 illo
2980 5757 3146 5810 verba
3214 5756 3446 5825 ἰλιγγιᾷν

1876 5839 1987 5896 μοι,
2013 5833 2119 5879 etc.
