4132 6418
657 406 763 462 583

1399 395 1666 452 EUSEBII
1703 391 2176 450 CzESARIENSlS
2213 391 2240 448 ε

2342 402 2367 448 ’.
2411 389 2592 444 PARS
2627 389 2672 444 Ι.
2710 417 2783 430 —-
2819 382 3208 444 HISTOBICA.
3791 390 3878 451 ’ὁδὸ

657 519 858 586 Marci,
890 516 981 586 qui
1013 524 1172 586 prout
1201 513 1395 568 Petrus
1425 513 1526 582 ipsi
1557 520 1878 580 exposuerat
1899 551 1912 572 ,
1946 511 1996 564 in
2028 509 2235 565 litteras

2345 525 2534 579 ματος,
2575 505 2712 560 ἀλλὰ
2751 505 3079 576 πνεύματος,
3115 502 3347 567 Παῦλος,
3377 504 3410 555 ὁ
3443 500 3799 574 πεπληρωκὼς
3831 508 3882 561 τὸ

657 609 864 664 retulit.
905 611 1081 675 Atque
1111 606 1322 660 idcirco
1351 603 1549 658 Petrus
1585 604 1637 656 in
1684 602 1920 670 Epistula
1950 601 2233 657 Catholica

657 714 782 754 eum
819 699 984 753 lilium
1028 713 1182 752 suum
1214 696 1456 765 agnoscit
1483 696 1566 748 his
1593 696 1808 748 verbis:
1848 713 1867 746 ε
1902 693 2113 748 Salutat
2142 709 2237 748 vos

659 793 827 847 electa
866 793 956 845 Dei
988 790 1230 844 Ecclesia
1279 804 1400 858 qua:
1448 798 1530 841 est
1561 787 1834 860 Babylone
1860 829 1873 850 ,
1927 796 1980 841 et
2017 786 2237 842 Marcus

660 886 801 940 ﬁlius
829 901 1002 938 meus.
1051 903 1067 934 ι
1097 884 1339 937 Tertium
1372 882 1720 953 Evangelium
1760 883 1915 936 Luca:
1939 923 1953 948 ,
2002 884 2145 951 quod
2201 898 2230 936 a

659 977 830 1032 Paulo
876 978 1324 1042 commendatur,
1386 976 1437 1030 in
1490 977 1724 1044 gratiam
1771 975 2051 1043 gentilium
2097 989 2234 1028 con-

658 1071 940 1138 scriptum.
1014 1069 1353 1122 Postremum
1419 1083 1549 1121 vero
1599 1067 1948 1136 Evangelium
1991 1063 2236 1121 Joannis.

657 1163 800 1219 Idem
839 1177 999 1232 porro
1047 1163 1098 1214 in
1147 1161 1286 1214 libro
1328 1161 1517 1229 quinto
1546 1159 1950 1229 Expositionum
1979 1159 2033 1212 in
2065 1157 2242 1213 Evan-

659 1257 850 1327 gelium
885 1251 1110 1308 Joannis
1167 1254 1235 1309 de
1273 1253 1518 1324 epistolis
1562 1253 1932 1320 apostolorum
1970 1254 2044 1306 ita
2097 1253 2238 1307 scri-

659 1351 768 1402 bit:
826 1366 844 1397 ι
876 1347 922 1400 ls
976 1361 1103 1400 vero
1135 1362 1295 1416 quem
1349 1347 1489 1400 Deus
1558 1346 1807 1400 idoneum
1858 1345 2094 1400 reddidit
2144 1347 2237 1415 qui

659 1439 794 1492 Novi
829 1436 1159 1493 Testamenli
1197 1437 1443 1492 minister
1483 1446 1632 1492 esset
1666 1452 1769 1490 non
1807 1435 1986 1489 littera
2035 1447 2090 1489 et
2122 1452 2240 1491 ver-

661 1532 746 1587 bis
836 1544 1026 1592 tcnus,
1084 1532 1174 1583 St'ti
1233 1532 1425 1599 spiritu
1475 1530 1679 1599 ipsius,
1739 1527 1938 1582 Paulus
1993 1529 2236 1596 scilicet,

659 1626 749 1693 qui
834 1627 898 1674 ab
947 1623 1337 1691 Hierosolymis
1401 1631 1454 1675 et
1501 1621 1744 1674 ﬁnitimis
1794 1622 1924 1675 locis
1965 1635 2133 1690 usque
2175 1623 2240 1675 ail

661 1717 960 1787 Illyricum,
1021 1715 1368 1781 Eminet-lium
1431 1714 1764 1780 ailiinplevit,
1830 1731 1932 1766 non
1992 1713 2240 1767 omnibus

663 1808 921 1861 Ecclesis
977 1822 1110 1873 quas
1158 1807 1419 1858 docuerat
1464 1806 1693 1872 scripsit.
1759 1807 1861 1857 Sed
1909 1815 1961 1856 et
2007 1806 2069 1856 iis
2119 1804 2238 1870 qui-

658 1903 759 1955 bus
813 1902 1074 1970 St't‘ipsil,
1136 1913 1336 1968 paucas
1389 1900 1679 1949 admodum
1740 1897 1909 1948 lineas
1965 1901 2232 1948 i-Xaravit.
2274 1877 2309 1927 υ

854 1993 1050 2047 Petrus
1081 2003 1286 2056 autem,
1328 1991 1410 2044 cui
1471 2001 1724 2059 tauquam
1765 1991 2116 2042 fundamento
2147 2005 2239 2041 :u-

660 2098 959 2156 pct'strurta
993 2098 1076 2139 est
1114 2085 1350 2138 Ecclesia
1388 2083 1616 2145 Christi,
1659 2086 1920 2136 :ltin'l'StlS
1948 2098 2107 2151 quam
2140 2097 2238 2135 nec

659 2183 788 2250 ipsa:
851 2181 1147 2232 inferorum
1203 2191 1371 2247 portae
1437 2179 1800 2246 prazvalitura:
1859 2189 2006 2238 sunt,
2073 2192 2235 2228 unam

660 2274 923 2325 duntaxat
957 2272 1198 2325 omnium
1234 2288 1501 2324 consensu
1543 2280 1818 2340 receptam
1851 2269 2073 2338 reliquit
2105 2269 2234 2337 Epi-

661 2363 876 2419 stolam.
910 2367 1285 2420 Concedamus
1325 2379 1455 2416 vero
1493 2374 1546 2416 ct
1589 2364 1886 2416 secundam
1933 2361 2049 2428 ejus
2093 2375 2234 2415 esse.

661 2455 737 2509 De
773 2458 873 2511 hac
897 2457 1040 2511 enim
1084 2459 1404 2526 ambigitur.
1449 2453 1570 2508 .Iam
1600 2472 1729 2509 vero
1771 2456 1900 2524 quid
1950 2456 2236 2510 dicendum

659 2549 838 2601 estde
872 2562 936 2601 co
976 2548 1065 2616 qui
1118 2547 1168 2600 iu
1211 2547 1333 2600 sinu
1387 2547 1590 2601 Christi
1644 2546 1913 2610 recubuit,
1977 2544 2238 2600 Joanne?

661 2637 761 2703 Qui
808 2637 1027 2708 quidem
1079 2653 1248 2690 unum
1308 2637 1528 2707 reliquit
1579 2636 1959 2707 Evangelimn,
2019 2637 2236 2691 tametsi

661 2731 896 2782 fateatur
925 2738 1002 2781 tot
1033 2744 1092 2783 se
1140 2728 1307 2782 libros
1357 2729 1600 2784 scribere
1646 2731 1908 2798 potuisse,
1954 2739 2092 2798 quot
2139 2745 2238 2785 nec

660 2822 808 2874 orbis
837 2822 948 2889 ipse
975 2829 1242 2874 terrarqu
1269 2831 1452 2888 posset
1479 2822 1787 2876 continere.
1830 2820 2063 2889 Scripsit
2093 2836 2239 2891 prte-

665 2925 808 2969 terea
839 2914 1268 2976 Revelationem,
1295 2911 1478 2980 jussus
1515 2913 1696 2975 silere,
1727 2928 1825 2968 nec
1850 2923 2058 2982 septem
2101 2915 2241 2969 toni-

664 3015 845 3059 truuut
879 3019 1040 3060 voces
1075 3003 1438 3076 perscribere.
1471 3003 1710 3075 Scripsit
1751 3007 1914 3060 etiam
1947 3007 2236 3078 epistolam

661 3099 948 3152 admodum
981 3099 1225 3153 brevem.
1263 3097 1368 3153 Sed
1396 3098 1782 3163 concedamus,
1837 3099 1883 3153 si
1934 3099 2133 3169 placet,
2185 3107 2240 3153 et

663 3191 953 3246 secundum
1005 3200 1058 3245 et
1112 3191 1328 3244 tertiam
1367 3187 1436 3242 ab
1471 3188 1560 3242 illo
1590 3189 1829 3258 scriptas
1873 3203 2014 3243 esse.
2050 3187 2236 3258 Neque
2266 3225 2308 3282 ο

663 3282 807 3337 enim
841 3286 939 3337 has
965 3283 1233 3353 genuinas
1278 3281 1422 3336 illius
1463 3295 1584 3335 esse
1631 3295 1824 3335 omnes
1865 3283 2236 3335 consentiunt.

661 3375 850 3431 Ambae
882 3387 1059 3430 tamen
1094 3376 1182 3428 vix
1212 3385 1430 3430 centum
1487 3389 1678 3429 versus
1727 3374 2036 3428 continent.
2075 3374 2240 3428 Deni-

663 3481 770 3536 que
809 3465 878 3520 de
923 3465 1163 3536 Epistola
1208 3465 1274 3518 ad
1319 3463 1578 3518 Hebraeos
1635 3463 1688 3518 in
1734 3463 1970 3518 homiliis
2017 3478 2151 3532 quas
2183 3463 2237 3517 in

661 3560 912 3616 eamdem
963 3559 1245 3628 epistolam
1285 3560 1634 3630 conscripsit,
1680 3559 1755 3612 ita
1806 3557 2008 3612 sentit:
2053 3576 2072 3608 ‹
2112 3554 2240 3627 Sty-

664 3653 772 3706 ium
809 3653 1055 3722 epistola:
1096 3668 1218 3722 quae
1264 3651 1586 3706 inscribitur
1621 3651 1689 3704 ad
1727 3649 2002 3712 llehrteos,
2047 3663 2239 3704 carere

664 3744 752 3798 illa
775 3744 1044 3799 sermonis
1074 3745 1379 3798 rusticitate
1429 3759 1548 3812 qua:
1584 3743 1800 3812 propria
1850 3752 1934 3797 est
1974 3742 2236 3810 Apostoli,

661 3837 866 3906 quippe
895 3837 984 3904 qui
1013 3839 1200 3890 rudem
1228 3846 1391 3905 atque
1422 3835 1732 3905 imperitum
1781 3849 1902 3888 sese
1947 3833 2242 3888 conﬁtetur

662 3930 716 3982 in
752 3935 1028 3994 sermone,
1080 3927 1133 3981 id
1179 3937 1262 3981 est
1304 3928 1357 3981 in
1414 3926 1588 3981 forma
1640 3941 1704 3981 ac
1755 3925 1970 3980 ratione
1999 3925 2234 3981 dicendi.

665 4017 861 4075 Verum
895 4019 1126 4091 epistola
1176 4018 1263 4073 illa
1313 4030 1368 4074 et
1417 4019 1470 4072 in
1515 4019 1809 4074 verborum
1846 4019 2239 4088 compositione

733 4225 846 4296 (6|)
876 4225 1626 4296 Ἀπομνημοτςεύσαντος...
1669 4225 1769 4278 καὶ
1810 4224 2066 4293 ὡσπερεὶ
2101 4237 2248 4293 σχο-

662 4293 1204 4364 λιογραςρήσαγτος.
1240 4293 1356 4348 Jam
1375 4311 1536 4365 supra
1557 4296 1882 4356 monuimus,
1909 4297 2233 4365 ἀπομνημο-

664 4365 839 4419 νεύειν
871 4367 1008 4418 iilem
1037 4379 1157 4417 esse
1189 4380 1254 4416 ac
1279 4364 1543 4415 reminisci
1575 4374 1630 4416 et
1667 4369 1967 4417 memoriter
1995 4364 2237 4426 recitare,

663 4436 1115 4504 quemadnioilmn
1159 4433 1638 4504 SOieltlitiiSCipllii.
1688 4449 1810 4486 cum
1854 4437 2237 4503 magistrorum

2337 597 2668 667 Εὑαγγέλιον
2704 596 2814 650 ἀπὸ
2865 594 3220 668 Ἰερουσαλήμ
3267 592 3362 647 καλ⁹
3397 591 3580 663 κύκλῳ
3611 593 3764 664 μέχρι
3801 596 3883 649 τοῦ

2350 687 2664 761 Ἰλλυρικοῦ,
2687 687 2806 740 οὐδὲ
2832 686 3033 749 πάσαις
3053 684 3287 756 ἔγραψεν
3315 677 3402 746 αἷς
3425 680 3656 747 ἐδίδαξεν
3693 684 3886 758 Ἐκκλη-

2341 784 2511 846 σίαις·
2552 781 2687 835 ἀλλὰ
2729 781 2825 834 καὶ
2868 774 2956 843 αῖς
2999 779 3257 851 ἔγραψεν,
3300 776 3510 844 ὀλίγους
3539 774 3742 846 στίχους
3779 778 3888 830 ἐπέ-

2341 874 2535 928 στειλε.
2595 873 2805 944 Πέτρος
2848 871 2905 924 δὲ
2962 871 3044 940 ἐφ’
3095 863 3139 937 ᾧ
3188 869 3553 938 οἰκοδομεῖται
3593 870 3626 939 ή
3676 870 3886 940 Χριστοῦ

2352 965 2664 1037 Ἐκκλησία,
2715 960 2783 1035 ἧς
2837 963 3000 1017 πύλαι
3047 962 3172 1035 ᾅδου
3217 963 3276 1015 ού
3319 961 3733 1032 κατισχύσουσι,
3779 962 3889 1033 μίαν

2339 1059 2633 1130 ἐπιστολὴν
2680 1057 3119 1129 ὁμολογουμένην
3170 1055 3577 1109 καταλέλοιπεν.
3627 1055 3795 1107 Ἔστω
3843 1054 3891 1107 δὲ

2342 1152 2436 1206 καὶ
2467 1151 2756 1221 δευτέραν⁸
2795 1149 3193 1220 ἀμφιϐάλλεται
3225 1155 3354 1222 γαρ.
3409 1148 3474 1200 Τί
3517 1147 3598 1200 δεῖ
3647 1147 3770 1217 περὶ
3808 1146 3890 1200 τοῦ

2341 1246 2705 1308 ἀντιπεσόντος
2729 1244 2909 1313 λέγειν
2939 1243 3030 1296 ἐπὶ
3061 1242 3122 1295 τὸ
3154 1240 3349 1311 στῆθος
3366 1239 3460 1293 τοῦ
3504 1238 3693 1310 Ἰησοῦ,
3737 1240 3893 1292 Ἰωάν-

2341 1355 2454 1400 νου,
2489 1336 2548 1400 ὂς
2581 1335 2916 1404 Εὑαγγέλιον
2967 1333 3026 1387 ἓν
3059 1332 3448 1388 καταλέλοιπεν
3469 1374 3484 1396 ,
3517 1330 3782 1402 ὁμολογῶν
3817 1329 3895 1382 δύ-

2341 1426 2536 1481 νασθαι
2583 1426 2820 1480 τοσαῦτα
2854 1427 3099 1498 ποιήσειν
3132 1424 3167 1477 ἃ
3213 1423 3332 1476 οὐδὲ
3363 1425 3392 1475 ὁ
3426 1421 3630 1492 κόσμος
3671 1418 3894 1490 χωρῆσαι

2343 1519 2598 1585 ἐδύνατο;
2637 1518 2883 1590 Ἔγραψε
2916 1518 2971 1570 δὲ
3006 1518 3099 1571 καὶ
3143 1517 3244 1587 τὴν
3321 1513 3694 1582 Δποκάλυψιν,
3731 1509 3897 1564 κελευ-

2345 1614 2491 1677 σθεὶς
2525 1614 2801 1683 σιωπῆσαι
2837 1611 2929 1665 καὶ
2966 1612 3039 1682 μὴ
3072 1609 3280 1680 γράψαι
3324 1607 3423 1671 τὰς
3451 1606 3560 1660 τῶν
3594 1605 3728 1658 ἑπτὰ
3762 1603 3898 1674 βρον-

2340 1705 2448 1758 τῶν
2485 1707 2685 1774 φωνάς.
2724 1704 3097 1758 Καταλέλοιπε
3121 1703 3176 1756 δὲ
3203 1702 3297 1756 καὶ
3325 1698 3611 1771 ἐπιστολὴν
3643 1699 3774 1752 πάνυ
3805 1696 3898 1748 ὀλί-

2345 1815 2456 1866 γων
2485 1799 2701 1867 στῖχων,
2733 1799 2911 1850 Ἔστω
2941 1797 2996 1849 δὲ
3027 1797 3121 1850 καὶ
3145 1795 3401 1867 δευτέραν
3433 1794 3526 1846 καὶ
3558 1792 3771 1864 τρίτην’
3795 1790 3899 1843 ἐπεὶ

2340 1891 2399 1944 οὐ
2439 1892 2638 1954 πάντες
2673 1893 2802 1960 φασὶ
2852 1891 3111 1962 γνησίους
3159 1887 3294 1944 εἶναι
3345 1887 3581 1950 ταύτας·
3637 1885 3770 1954 πλὴν
3813 1883 3900 1935 ούκ

2341 1985 2448 2039 εἰσὶ
2485 1985 2681 2054 στίχων
2714 1983 3021 2054 ἀμφότεραι
3067 1982 3280 2036 ἑκατόν.
3328 2001 3346 2032 ›
3389 1982 3510 2034 Ἔτι
3546 1979 3682 2049 πρὸς
3712 1975 3901 2038 τούτοις

2342 2078 2470 2152 περὶ
2510 2079 2608 2148 τῆς
2642 2077 2780 2148 πρδς
2834 2074 3115 2146 Ἐϐραίους
3148 2073 3434 2144 ἐπιστολῆς
3464 2074 3521 2126 ἐν
3552 2075 3669 2136 ταῖς
3702 2072 3778 2134 είς
3817 2068 3901 2121 αύ-

2339 2172 2438 2243 τὴν
2486 2169 2752 2240 Ὀμιλίαις
2797 2168 2970 2222 ταῦτα
3012 2166 3404 2238 διαλαμϐάνει·
3450 2185 3468 2216 ι
3513 2167 3635 2219 ’Ὁτι
3688 2164 3716 2216 ὁ
3745 2178 3900 2234 χαρα-

2341 2261 2479 2332 κτήρ
2512 2261 2612 2331 τῆς
2642 2259 2842 2325 λέξεως
2879 2259 2975 2328 τῆς
3011 2259 3146 2330 πρσς
3191 2257 3471 2330 Ἐϐραίους
3507 2253 3902 2328 ἐπιγεγραμμέ-

2340 2371 2437 2424 νης
2472 2351 2785 2422 ἐπιστολῆς,
2823 2351 2922 2404 ούκ
2955 2351 3069 2421 ἔχει
3101 2351 3163 2404 τὸ
3218 2353 3274 2403 ὲν
3327 2351 3472 2420 λόγῳ
3521 2349 3781 2403 ἰδιωτικὸν
3820 2346 3902 2400 τοῦ

2354 2443 2696 2506 ’Λποστόλου,
2738 2442 3171 2513 ὁμολογήσαντος
3203 2443 3390 2495 ἑαυτὸν
3423 2441 3636 2515 ἰδιώτην
3679 2439 3808 2495 εἶναι
3836 2437 3904 2510 τῷ

2340 2537 2502 2607 λόγῳ,
2539 2537 2785 2590 τουτέστι
2827 2540 2892 2608 τῇ
2938 2538 3176 2608 φράσει·
3223 2538 3358 2591 ἀλλά
3394 2539 3542 2591 ἐστιν
3583 2541 3618 2608 ἡ
3670 2533 3905 2604 ἐπιστολὴ

2346 2627 2586 2680 συνθέσει
2619 2627 2720 2698 τῆς
2766 2625 2961 2692 λέξεως
3007 2627 3458 2701 Ἐλληνικωτέρα,
3495 2631 3606 2692 πᾶς
3636 2631 3664 2683 ὁ
3696 2627 3903 2681 ἐπιστά-

2345 2737 2502 2792 μενος
2548 2721 2754 2793 κρίνειν
2810 2720 3061 2791 φράσεων
3118 2721 3416 2793 διαφορὰς,
3452 2723 3784 2793 ὁμολογήσαι
3826 2719 3902 2774 ἄν.

2340 2811 2507 2865 Πάλιν
2533 2830 2593 2865 τε
2618 2809 2683 2866 αὖ
2716 2813 2796 2866 ὅτι
2823 2811 2891 2865 τὰ
2924 2815 3167 2885 νοήματα
3197 2815 3294 2884 τῆς
3328 2814 3620 2887 ἐπιστολῆς
3650 2809 3908 2885 θαυμάσιᾶ

2341 2907 2478 2971 ἐστι,
2514 2905 2607 2959 καὶ
2640 2906 2700 2958 ού
2735 2904 2961 2979 δεύτερα
2994 2906 3102 2960 τῶν
3135 2907 3506 2961 ὰποστολικῶν
3553 2906 3908 2980 ὁμολογουμέ-

2339 3016 2444 3052 νων
2479 2997 2842 3070 γραμμάτων,
2879 2999 2974 3052 καὶ
3008 2997 3167 3052 τοῦτο
3212 2999 3278 3053 ἂν
3310 3002 3587 3072 συμφήσει
3621 2995 3758 3054 εἶναι
3789 2999 3907 3068 ἀλη-

2341 3090 2450 3156 θὲς,
2485 3092 2592 3154 πᾶς
2622 3092 2650 3144 ὁ
2680 3090 2965 3162 προσέχων
2993 3093 3057 3162 τῇ
3083 3089 3387 3160 ἀναγνώσει
3415 3092 3482 3164 τῇ
3511 3093 3856 3163 ἀποστολικῇ.
3887 3108 3904 3142 ι

2341 3191 2561 3254 Τούτοις
2591 3190 2705 3262 μεθ’
2746 3189 2908 3262 ἕτερα
2935 3190 3184 3261 ἐπιφέρει
3211 3189 3384 3259 λέγων
3409 3207 3422 3220 ·
3459 3209 3478 3242 ι
3536 3189 3680 3259 Ἐγὼ
3711 3189 3765 3242 δὲ
3797 3189 3912 3241 ἀπο-

2347 3281 2668 3354 φαινόμενος
2701 3283 2904 3353 είποιμ⁹
2933 3280 2999 3335 ἂν
3032 3282 3114 3334 δτι
3146 3280 3215 3336 τὰ
3250 3283 3347 3353 μὲν
3371 3283 3623 3355 νοήματα
3644 3281 3735 3336 τοῦ
3768 3281 3912 3334 Ἀπο-

2347 3375 2531 3428 στόλου
2564 3375 2732 3439 ἐστὶν,
2763 3377 2797 3446 ἡ
2826 3375 2881 3428 δὲ
2914 3375 3114 3446 φράσις
3135 3376 3227 3428 καὶ
3255 3377 3288 3446 ἡ
3319 3375 3571 3440 σύνθεσις
3598 3378 3907 3446 ἀπομνημο-

2348 3466 2636 3530 νεύσαντός
2663 3483 2808 3530 τινος
2840 3466 2908 3520 τὰ
2936 3466 3287 3531 ἁποστολικὰ,
3319 3469 3414 3522 καὶ
3443 3469 3689 3541 ὡσπερεὶ
3723 3466 3911 3538 σχολιο·

2347 3559 2734 3630 γραφήσαντος
2768 3558 2875 3630 (61)
2906 3559 2976 3614 τὰ
3019 3559 3282 3631 εἰρημένα
3314 3561 3420 3614 ὑπὸ
3453 3561 3552 3615 τοῦ
3587 3559 3908 3615 διδασκάλου.

2342 3651 2409 3705 Εἴ
2438 3669 2520 3715 τις
2551 3648 2644 3705 οὖν
2692 3651 2988 3724 Ἐκκλησία
3019 3652 3131 3723 ἔχει
3164 3653 3368 3725 ταύτην
3400 3653 3500 3726 τὴν
3537 3655 3821 3726 ἐπιστολὴν
3845 3651 3911 3716 ὡς

2343 3742 2577 3808 Παύλου,
2627 3744 2762 3817 αὕτη
2799 3744 3154 3815 εύδοκιμείτω
3189 3746 3284 3799 καὶ
3317 3746 3410 3799 ἐπὶ
3441 3748 3622 3821 τούτῳ
3669 3748 3799 3820 (6‘2).
3844 3744 3908 3798 Οὐ

2343 3839 2450 3910 γὰρ
2487 3840 2608 3911 είκῆ
2639 3841 2688 3892 οί
2723 3840 2938 3910 ἀρχαῖοι
2967 3840 3158 3911 ἄνδρες
3189 3840 3264 3904 ὡς
3296 3840 3512 3894 Παύλου
3544 3841 3716 3913 αὐτὴν
3746 3855 3911 3911 παρα-

2343 3928 2625 3982 δεδώκασι.
2672 3929 2768 3992 Τίς
2800 3928 2857 3981 δὲ
2901 3931 2928 3982 ὁ
2973 3930 3189 4000 γράψας
3219 3931 3317 4002 τήν
3369 3933 3684 4005 ἐπιστολήν,
3718 3931 3777 3986 τὺ
3825 3931 3913 4001 μὲν

2345 4019 2542 4092 ἀληθὲς
2572 4019 2705 4084 Θεὸς
2736 4016 2895 4076 οἶδεν.
2939 4020 3003 4074 Ἦ
3031 4021 3087 4074 δὲ
3121 4024 3200 4086 είς
3231 4023 3378 4094 ἡμᾶς
3406 4023 3668 4094 φθάσασα
3699 4021 3912 4096 ἱστορία,

2344 4222 2538 4276 Plotini
2569 4223 2802 4288 auditor,
2836 4225 3057 4293 scripsit
3103 4225 3432 4280 scholiorum
3472 4226 3650 4284 libros
3684 4237 3910 4290 centum.

2347 4295 2400 4347 in
2435 4295 2645 4368 quibus
2693 4309 2754 4348 ea
2801 4311 2979 4368 quina
3007 4295 3215 4350 l‘lotiuo
3259 4299 3310 4351 in
3350 4298 3612 4354 familiari
3655 4300 3912 4368 colloquio

2348 4363 2593 4417 Strictius
2613 4375 2798 4439 _erant
2833 4367 3207 4439 trailita,__ipse
3223 4369 3460 4439 puberius
3501 4363 3829 4439 exponebat,
3860 4378 3912 4421 ut

2345 4443 2578 4487 testatur
2613 4434 2941 4504 Porphyrius
2975 4436 3025 4488 in
3066 4435 3182 4488 Vita
3209 4435 3427 4492 Plotini.
3461 4434 3645 4504 Quare
3676 4443 3739 4494 de
3767 4443 3912 4492 Aine-

664 4503 867 4595 Δίςῑηιξι
923 4505 1184 4595 recitauit.
1233 4503 1654 4595 Σχολιογραφεῖν
1687 4518 1821 4595 vero
1865 4515 1950 4557 est
1987 4505 2240 4558 brevibus

2348 4504 2419 4585 lio
2447 4504 2553 4558 dici
2579 4515 2776 4595 potem,
2797 4503 2929 4586 eum
2963 4505 3446 4595 ἀπομνημονεῦσαι
3481 4503 3914 4595 καις-χολιογρα·

665 4577 888 4629 schoiiis
923 4574 1234 4636 illustrare;
1293 4578 1436 4643 quod
1484 4580 1541 4626 lit
1596 4588 1718 4627 cum
1773 4576 2033 4628 obscuras
2081 4589 2242 4628 voces

667 4647 789 4700 aliis
820 4645 1045 4700 vocibus
1069 4647 1242 4714 magis
1267 4644 1480 4697 usitatis
1511 4645 1868 4712 explicamus.
1916 4644 2241 4711 luterpretes

666 4731 732 4769 ae
764 4717 1030 4785 praecipue
1055 4715 1608 4785 Christophorsonmn
1641 4715 1774 4766 nihil
1810 4715 1900 4769 hic
1924 4715 2145 4779 vidisse,
2173 4728 2239 4767 ex

665 4783 853 4839 eorum
913 4783 1159 4839 versione.
1219 4795 1463 4854 apparet.
1521 4783 1657 4837 Nam
1719 4784 1949 4853 primmn
1997 4785 2244 4854 ἀπομνη-

668 4856 1028 4928 μονεύσαντος
1065 4857 1598 4928 Christoiihorsouus
1644 4857 1824 4928 vertit.
1873 4857 1928 4907 in
1983 4871 2244 4928 commen-

667 4925 832 4979 tarios
897 4930 1149 4995 redigere.
1215 4925 1425 4980 Putavit
1483 4926 1692 4980 scilicet
1746 4925 2244 4995 ἀπομνημονεύμα-

667 5013 738 5050 τα
795 4998 934 5050 idem
994 5013 1114 5050 esse
1172 5014 1235 5050 ac
1289 4998 1709 5060 commentarios,
1775 5012 1932 5064 quem
2000 5011 2241 5049 errorem

665 5069 776 5137 jam
823 5077 978 5120 antea
1039 5067 1292 5120 rei'utavi.
1346 5065 1544 5121 Vocem
1607 5076 1786 5118 autem
1849 5065 2244 5137 σχολιογραφή-

675 5153 868 5199 σαντος
925 5140 1332 5204 interpretatur,
1396 5137 1596 5190 dictata
1651 5152 1717 5190 ea:
1766 5146 2098 5205 pra'ceptoris
2154 5153 2243 5188 ore

670 5213 915 5268 scribere,
953 5222 1062 5275 quo
1104 5208 1233 5261 nihil
1265 5207 1368 5260 dici
1408 5209 1581 5274 potuit
1617 5207 1926 5260 absurdius.
1963 5208 2054 5259 Ait
2096 5208 2239 5259 enini

669 5277 934 5345 Origenes
1008 5280 1302 5330 sententias
1350 5278 1603 5344 Epismltn
1669 5278 1735 5329 ad
1801 5276 2054 5329 llehrteos
2122 5291 2243 5331 esse

672 5349 844 5416 ipsius
884 5347 1163 5414 Apostoli;
1222 5349 1380 5398 verba
1438 5357 1616 5400 autem
1677 5357 1731 5400 et
1795 5347 2238 5414 compositionem

677 5419 838 5472 totius
863 5418 1153 5480 orationis,
1183 5432 1302 5470 esse
1323 5418 1545 5470 alterius
1582 5416 1904 5485 cuiuspiam,
1946 5418 2036 5483 qui
2077 5417 2239 5471 verba

672 5488 915 5555 Apostoli
963 5493 1238 5554 memoria:
1293 5488 1651 5551 mandaverit,
1715 5501 1888 5555 eaque
1939 5489 2241 5553 elegantius

675 5570 929 5625 tanquam
966 5557 1640 5628 scholiastespexposnerit.
1673 5556 1825 5624 Quod
1851 5559 1895 5628 si
1928 5557 2243 5628 σχολιογρα-

673 5630 794 5695 iper
819 5631 957 5683 idem
988 5638 1134 5681 esset
1163 5642 1226 5680 ac
1253 5626 1452 5681 dictata
1491 5642 1554 5680 ex
1586 5627 1932 5697 praeceptoris
1961 5626 2061 5681 ore
2102 5629 2240 5681 scri-

672 5697 824 5762 bere,
857 5700 971 5767 ipsa
999 5700 1162 5752 verba
1207 5697 1320 5767 jam
1354 5706 1537 5750 essent
1576 5699 1837 5766 Apostoli,
1887 5700 2032 5767 quod
2063 5707 2241 5751 tamen

675 5781 836 5839 negat
881 5766 1164 5839 Origenes.
1225 5766 1329 5822 Sed
1381 5767 1636 5839 nimirum
1697 5766 1963 5839 ignoravit
2000 5766 2242 5839 Christo-

675 5837 1135 5909 phorsonus'quid
1157 5847 1341 5896 essent
1362 5837 1585 5894 scholia.
1607 5837 1851 5894 Amelius
1865 5838 2238 5907 philosophus,

2362 4575 2513 4645 νῆσαι
2555 4579 2624 4627 τὰ
2653 4574 2946 4628 Πλωτίνου.
2991 4574 3201 4630 Ευὲιυιιϊ
3237 4594 3396 4632 sensu
3423 4574 3704 4650 Longinus
3749 4574 3908 4634 in'lih.

2344 4593 2418 4698 Ze
2443 4646 2544 4698 fine
2574 4647 2820 4698 adversus
2859 4644 3148 4698 Plotinum.
3195 4650 3258 4698 ile
3296 4650 3474 4698 Annio
3507 4663 3564 4698 et
3601 4652 3775 4698 Medio
3804 4651 3908 4698 lilii-

2393 4644 2546 4718 eﬁne
2574 4647 2820 4718 adversus
2858 4644 3148 4718 Plotinum,
3195 4650 3258 4699 ile
3296 4650 3474 4705 Annio
3507 4644 3565 4705 ei
3599 4652 3775 4705 Medio
3804 4651 3912 4718 phi-

2342 4715 2831 4793 losoiihis_|oqi_i_ens
2856 4717 2925 4793 ita
2951 4718 3081 4793 d_ici_t
3120 4735 3132 4770 :
3168 4719 3229 4793 Οί
3265 4718 3522 4793 δὲίμικρὰ
3559 4722 3756 4793 κομιδῆ
3787 4715 3912 4790 πρά·

2340 4801 2536 4863 γ-ματα.
2551 4788 2648 4856 τῆς
2669 4784 2776 4863 τῶν
2801 4785 3037 4863 παλαιῶν
3058 4788 3295 4863 ἱστορίας
3317 4784 3909 4863 ἀπομνημονεύσαντες,

2341 4859 2419 4934 εἰς
2461 4856 2825 4934 τούςωαὺτορς
2862 4857 3058 4934 τόπους
3090 4856 3314 4924 ἐκείνοις
3341 4856 3708 4934 ἐπεχείρησαν
3751 4879 3911 4914 συντι-

2308 4986 2310 4988 τ
2343 4924 2489 4979 Θέναι
2526 4925 2722 4995 βιϐλία.
2760 4927 2814 4980 Id
2838 4940 2946 5002 est,
2979 4929 3072 5002 alii
3103 4947 3220 4984 vero
3255 4924 3720 5002 exigua'qu'w'dam
3753 4946 3911 4985 excer-

2340 5008 2430 5063 pta
2489 5013 2553 5050 ea!
2588 5010 2832 5068 releuant
2891 4997 3036 5051 libris
3087 4997 3579 5068 commemorantes,
3637 5005 3701 5057 de
3741 5002 3910 5056 iisdem

2340 5068 2529 5129 quibus
2558 5066 2636 5118 illi
2664 5069 2986 5134 argumentis
3032 5087 3094 5123 ac
3129 5071 3256 5124 locis
3289 5072 3515 5127 scribere
3551 5066 3905 5128 instituerunt.

2342 5136 2625 5210 Videquge
2647 5152 2819 5210 supra
2854 5143 3108 5210 annotavi
3142 5145 3206 5192 ail
3240 5143 3509 5210 caput”,
3545 5144 3641 5198 lih.
3685 5159 3757 5198 tv.

2411 5208 2522 5277 (6'2)
2551 5206 2942 5276 Εὐδοκιμείτω
2979 5209 3075 5263 ἐπὶ
3107 5206 3319 5279 τούτῳ.
3365 5206 3609 5268 Pessime
3653 5215 3767 5269 hinc
3804 5210 3910 5267 Ori-

2342 5279 2493 5352 genis
2517 5279 2675 5352 verba
2703 5291 2976 5352 Verterunt
2998 5279 3272 5337 Masculus
3295 5293 3348 5336 et
3364 5284 3906 5352 Christopborsouus.

2342 5349 2494 5422 Quod
2552 5348 2680 5422 ideo
2720 5350 3043 5402 mouendum
3095 5354 3246 5416 duxi,
3305 5369 3409 5408 non
3460 5369 3569 5422 quo
3588 5348 3672 5409 'de
3709 5355 3906 5409 illorum

2343 5416 2501 5496 laude
2557 5417 2846 5486 quidquam
2889 5422 3212 5496 detraham,
3245 5428 3337 5477 sed
3379 5435 3436 5477 ut
3468 5416 3778 5488 ostendam,
3815 5435 3906 5496 non

2341 5490 2459 5541 siue
2520 5503 2681 5541 causa
2748 5502 2939 5541 novam
2998 5490 3216 5548 Eusebii
3280 5497 3585 5549 versionem
3661 5512 3691 5548 a
3761 5493 3908 5550 nobis

2344 5554 2879 5638 susceptai'tifuisse.
2914 5558 3022 5638 l‘iee
3053 5572 3230 5638 tamen
3257 5579 3445 5638 omnes
3452 5565 3694 5638 illorum
3737 5565 3911 5638 lapsus

2342 5637 2529 5682 notare
2562 5630 2804 5693 institui;
2842 5630 2935 5684 sed
2975 5632 3147 5687 sicubi
3192 5635 3346 5689 locus
3387 5633 3626 5690 diﬂicilis
3660 5648 3715 5692 et
3748 5630 3908 5689 aiubi-

2343 5713 2478 5823 gggs
2506 5707 2773 5764 occurret,
2829 5708 2938 5753 tum
2972 5702 3185 5760 illorum
3225 5707 3531 5770 versionem
3572 5722 3683 5763 non
3716 5702 3910 5780 pigebit

2451 5782 2626 5823 ucere.

2451 5782 2626 5824 ucere.
