4112 6428
1325 245 1675 332 lllSTQBHS
1716 245 2271 306 ECCLESlASTlCIE
2315 247 2446 302 LIB.
2490 247 2581 303 Vl.

3472 259 3575 312 556

284 365 406 418 ὑπό
440 382 603 419 τινων
656 364 754 436 μὲν
795 363 1083 432 λεγόντων,
1117 362 1196 414 ὅτι
1245 363 1492 434 Κλήμης.
1525 364 1553 415 6
1604 362 1881 434 γενόμενος

2003 364 2263 432 majorem
2299 363 2522 433 praefert
2567 351 2747 420 ’ϐταιοί
2795 367 3067 424 sermonis
3118 369 3470 440 elegantiam,
3520 383 3579 427 nt

282 456 602 520 ἐπίσκοπος
650 454 936 526 Ῥωμαίων
963 453 1169 526 ἔγραψε
1207 453 1302 524 τὴν
1329 453 1638 524 ἐπιστολὴν,
1675 453 1780 507 ὑπό
1808 471 1891 506 τι·

284 564 408 599 νων
434 548 514 612 δὲ,
551 548 630 600 ὅτι
657 547 870 609 Λουκᾶς
896 548 924 600 6
955 545 1171 618 γράψας
1203 543 1264 598 τὸ
1297 545 1631 614 Εὐαγγέλιον
1665 545 1760 600 καὶ
1791 544 1892 609 τὰς

283 637 557 710 Πράξεις.
594 659 613 691 ι
665 637 826 692 Ἀλλὰ
851 637 1024 693 ταῦτα
1057 637 1158 709 μὲν
1189 630 1292 690 ὧδε
1325 636 1516 706 ἐχέτω.

2000 455 2260 510 fatebitur
2283 456 2538 524 quisquis
2567 456 2635 510 de
2674 456 2797 527 styli
2845 459 3154 514 dilleretitia
3207 463 3383 531 perite
3427 463 3578 532 judi-

1997 560 2125 600 care
2158 555 2359 617 potest.
2413 546 2479 600 Et
2505 554 2771 616 praeterea
2804 551 3110 604 sententias
3129 553 3377 608 continet
3405 554 3580 609 adrni-

2001 637 2224 701 rabiles,
2275 651 2378 693 nec
2427 638 2652 710 scriptis
2678 641 2996 709 apostolicis
3024 641 3295 699 ullatenus
3346 645 3577 700 inferio-

287 748 409 788 res.
475 735 655 804 Atque
699 734 752 788 id
817 733 1160 788 verissimum
1209 746 1331 787 esse
1394 731 1776 797 assentientur,
1827 730 2138 802 quicunque
2189 733 2563 804 apostolorum
2623 735 2822 805 scripta
2888 745 3096 793 attente
3166 742 3516 812 per-legerint.
3553 761 3572 792 ι

285 821 500 880 Paucis
553 825 747 881 deinde
815 824 1160 895 interpositis
1210 823 1327 880 haec
1382 822 1665 894 subjungit
1705 843 1716 878 :
1755 842 1772 875 ι
1815 823 1928 892 Ego
1967 839 2118 890 vero,
2154 825 2351 894 inquit,
2396 825 2470 882 ita
2534 841 2776 882 censeo:
2824 833 3122 888 sententias
3173 835 3390 904 quidem
3433 836 3580 905 ipsas

285 920 543 989 Apostoli
610 935 752 984 esse,
819 920 1113 976 dictionem
1149 931 1333 976 autem
1370 932 1430 977 et
1474 923 1924 994 compositionem
1963 922 2257 978 verborum
2301 937 2422 978 esse
2481 924 2708 979 alterius
2759 924 3062 995 cujusdam,
3115 929 3209 1000 qui
3269 931 3410 986 dicta
3436 933 3579 1002 Apo-

283 1013 422 1067 stoli
448 1027 905 1078 commemorare,
933 1021 986 1069 et
1011 1015 1166 1084 quasi
1232 1016 1290 1069 in
1354 1017 1780 1072 commentarios
1809 1016 2056 1087 redigere
2077 1015 2313 1070 voluerit
2345 1030 2411 1070 ea
2429 1031 2562 1092 .qute
2620 1032 2649 1070 a
2710 1019 2972 1089 magistro
3007 1021 3311 1076 audiverat.
3343 1021 3580 1077 Proinde

289 1105 340 1158 si
364 1119 489 1178 quae.
556 1103 796 1159 Ecclesia
833 1106 977 1160 hanc
1013 1106 1299 1176 epistolam
1365 1121 1464 1176 pro
1517 1105 1740 1161 Paulina
1787 1107 1974 1173 habet,
2013 1121 2078 1162 co
2106 1108 2321 1163 nomine
2371 1108 2640 1164 laudetur.
2686 1109 2876 1182 Neque
2918 1113 3061 1168 enim
3099 1122 3301 1169 temere
3344 1113 3579 1184 majores

287 1211 420 1250 eam
484 1195 636 1250 Pauli
670 1211 791 1252 esse
853 1196 1218 1252 tradiderunt.
1256 1199 1395 1266 Quis
1464 1209 1644 1253 autem
1697 1213 1885 1255 revera
1943 1197 2089 1252 illam
2129 1199 2438 1267 scripserit,
2490 1200 2591 1255 soli
2642 1202 2750 1257 Deo
2801 1212 2988 1258 notum
3035 1219 3159 1260 esse
3217 1205 3431 1274 Opinor.
3471 1205 3578 1259 Sed

289 1289 597 1358 scriptores
658 1303 890 1356 quorum
931 1301 1282 1346 monumenta
1339 1292 1406 1346 ad
1455 1307 1556 1346 nos
1621 1307 1788 1362 usque
1828 1301 2215 1362 pervenerunt,
2258 1293 2454 1363 partim
2496 1295 2761 1350 Clementi
2825 1296 3083 1352 Romana:
3122 1298 3273 1354 urbis
3322 1298 3580 1368 episcopo

285 1395 416 1436 eam
447 1382 748 1448 ascribunt,
774 1382 971 1453 partim
1029 1383 1190 1440 Luca:
1253 1387 1345 1455 qui
1406 1387 1756 1459 Evangelium
1820 1396 1876 1443 et
1934 1387 2105 1442 Actus
2138 1387 2505 1458 apostolorum
2539 1389 2734 1445 litteris
2777 1391 3032 1459 prodidit.
3065 1410 3085 1444 ι
3141 1392 3338 1448 Verum
3383 1394 3450 1448 de
3496 1393 3580 1448 bis

289 1475 586 1532 hactenus.

793 1568 1190 1622 ΚΕΦΑΛΑΙΟΝ
1231 1570 1379 1637 κεῖν.

298 1660 409 1727 Ὠς
447 1657 747 1728 Ἡρακλεῖς
777 1658 890 1727 τὴν
938 1660 1371 1729 Ἀλεξανδρέων
1395 1659 1743 1728 ἐπισκοπὴν
1774 1659 1889 1713 διε-

705 1729 919 1795 δέξατο
944 1730 1084 1800 (Νἰε.
1121 1731 1192 1784 Η.
1222 1729 1287 1784 Ε.
1313 1747 1366 1795 v,
1397 1731 1504 1802 18).

375 1823 532 1885 Ἔτος
564 1822 608 1875 δ’
659 1817 726 1892 ἦν
758 1820 918 1876 τοῦτο
968 1823 1194 1876 δέκατον
1241 1822 1352 1895 (65)
1404 1824 1502 1895 τῆς
1551 1823 1888 1895 δηλουμένης

290 1912 618 1982 ἡγεμονίας,
653 1910 773 1965 καθ’
797 1911 826 1964 ὃ
853 1912 954 1984 τὴν
980 1913 1077 1965 ἀπ’
1119 1911 1525 1985 Ἀλεξανδρείας
1553 1915 1890 1984 μετανάστα-

294 2019 388 2054 σιν
433 2003 526 2054 ὲπὶ
573 2003 669 2073 τὴν
716 2003 1056 2074 Καισάρειαν
1089 2005 1118 2056 6
1165 2003 1450 2076 Ὠριγένης
1499 2005 1884 2076 ποιησάμενος,

305 2093 558 2165 Ἦρακλᾷ
577 2095 637 2147 τὸ
658 2094 757 2164 τῆς
780 2096 1136 2166 κατηχήσεως
1159 2092 1268 2146 τῶν
1299 2093 1485 2148 αὐτόοι
1518 2093 1888 2148 διδασκαλεῖον

292 2185 618 2239 καταλείπει
664 2185 794 2256 (64).
830 2186 942 2238 Οὐκ
990 2186 1071 2248 εἰς
1118 2184 1331 2256 μακρὸν
1363 2183 1418 2237 δὲ
1453 2187 1546 2238 καὶ
1578 2187 1888 2256 Δημήτριος

247 2295 256 2301 ·
289 2280 323 2331 6
357 2278 461 2348 τῆς
507 2277 902 2350 Ἀλεξανδρέων
954 2277 1283 2350 Ἐκκλησεας
1314 2277 1612 2342 ἐπίσκοπος
1638 2278 1884 2350 τελευτᾷ,

292 2370 385 2438 ἐφ’
413 2369 553 2433 ὅλοις
575 2370 719 2422 ἔτεσι
744 2368 894 2440 τρισὶ
924 2369 1018 2424 καὶ
1042 2369 1452 2439 τεσσαράκοντα
1483 2373 1550 2441 τῇ
1579 2369 1889 2441 λειτουργίᾳ

289 2459 626 2530 διαρκέσας·
676 2459 979 2530 διαδέχεται
1029 2459 1073 2512 δ’
1127 2460 1290 2512 αὐτὸν
1337 2461 1366 2512 6
1423 2459 1720 2531 Ἠρακλᾶς.
1774 2460 1889 2513 Διέ-

298 2569 478 2623 πρεπε
499 2551 555 2605 δὲ
588 2551 646 2604 ὲν
668 2551 842 2621 τούτῳ
871 2550 1222 2622 Φιρμιλιανὸς
1247 2551 1586 2622 Καισαρείας
1606 2552 1703 2622 τῆς
1730 2554 1887 2606 Καπ-

293 2641 554 2696 παδοκῶν
585 2641 904 2704 ἐπίσκοπος.

812 2733 1209 2787 ΚΕΦΑΛΛΙΟΝ
1241 2735 1370 2788 KZ'.

547 2825 744 2890 Ὅπως
771 2823 960 2878 αὑτὸν
989 2822 1187 2892 ἐώρων
1211 2829 1266 2879 οἱ
1296 2825 1640 2880 ἐπίσκοποι.

2451 1569 2616 1640 223
2664 1566 2895 1622 carm
2929 1568 3119 1623 xxvr.

2139 1661 2416 1726 Quomodo
2452 1651 2714 1743 Mei-ocios
2747 1661 3172 1717 Alexandrinum
3202 1664 3433 1732 suscepit

2592 1743 2970 1799 εριεεοραιιιηι.

2061 1822 2317 1878 Decimus
2351 1821 2439 1877 hic
2465 1831 2588 1876 erat
2629 1837 2808 1877 annus
2843 1824 2956 1890 jam
3029 1824 3159 1880 dicti
3225 1825 3576 1895 impcratovis

1990 1913 2314 1978 Alexandri,
2345 1929 2466 1968 cum
2497 1911 2766 1985 Origenes
2809 1915 2879 1970 ab
2924 1919 3058 1972 urbe
3088 1917 3417 1972 Alexandria
3459 1919 3579 1974 Cte-

1991 2021 2201 2060 saream
2242 2007 2595 2076 migraturus,
2648 2006 2893 2062 scholam
2951 2010 3018 2064 ad
3078 2009 3264 2064 ﬁdeles
3306 2009 3426 2078 ejus
3473 2010 3574 2066 loci

1993 2099 2350 2154 instituendos
2395 2098 2636 2154 lleraclaa
2686 2100 3002 2169 dereliquit.
3060 2101 3169 2155 Nec
3226 2101 3397 2156 multo
3453 2111 3575 2171 post

1991 2189 2301 2244 Demetrius
2329 2187 2828 2244 Alexandrinorum
2863 2191 3154 2260 episcopus
3197 2189 3314 2246 fato
3352 2189 3573 2246 functus

1989 2288 2092 2346 est,
2127 2296 2250 2334 cum
2281 2296 2380 2351 per
2414 2290 2526 2336 tres
2563 2289 2618 2336 et
2647 2282 3010 2352 quadraginta
3061 2295 3238 2338 annos
3262 2280 3573 2338 Ecclesiarn

1989 2371 2445 2427 aduiiuistrassel.
2495 2371 2549 2427 ln
2609 2372 2768 2442 hujus
2851 2373 3033 2429 locum
3091 2373 3361 2430 suc-cessit
3402 2371 3576 2428 llera-

1989 2464 2120 2520 clas.
2157 2464 2418 2521 Florebat
2453 2473 2584 2520 tunc
2631 2465 2895 2536 temporis
2922 2465 3279 2521 Firmiliauus
3301 2464 3570 2520 Cmsareae

1997 2557 2138 2627 apud
2180 2557 2537 2628 Cappadocas
2571 2558 2881 2630 episcopus.

2546 2738 2777 2795 CAPUT
2805 2738 3020 2800 XXVII.

2169 2828 2413 2894 Qualiter
2435 2831 2667 2900 episcopi
2699 2829 2976 2900 Originem
3007 2830 3383 2897 suspiciebant.

372 2916 655 2988 Τοσαύτην
703 2916 940 2984 εἰσάγων
985 2917 1113 2989 περὶ
1154 2917 1246 2970 τὸν
1301 2917 1585 2989 Ὠριγένην
1630 2917 1881 2989 σπουδὴν,

2066 2915 2167 2984 Qui
2203 2929 2312 2972 tam
2347 2934 2614 2989 prepenso
2642 2935 2769 2990 erga
2801 2919 3093 2990 Origencm
3131 2921 3317 2974 animo
3346 2921 3469 2987 l'uit,
3507 2933 3568 2976 nt

295 3014 376 3077 ὡς
409 3013 531 3066 τοτὲ
576 3013 675 3082 μὲν
696 3011 870 3084 ἀὐτὸν
902 3011 1046 3083 ἀμφὶ
1085 3011 1154 3065 τὰ
1185 3013 1306 3064 κατ’
1341 3011 1504 3065 αὑτὸν
1539 3011 1779 3082 κλίματα
1809 3013 1890 3076 εις

299 3105 400 3175 τὴν
444 3103 552 3156 τῶν
588 3101 922 3174 Ἐκκλησιῶν
951 3101 1216 3172 ὠφέλειαν
1260 3101 1628 3166 ἐκκαλεῖσθαι,
1680 3101 1802 3156 τοτὲ
1833 3101 1889 3156 δὲ

297 3198 376 3261 ὡς
425 3197 589 3250 αὐτὸν
633 3195 726 3248 ἐπὶ
763 3195 860 3265 τὴν
915 3194 1171 3248 Ἰουδαίαν
1216 3192 1550 3257 στέλλεσθαι,
1601 3193 1693 3247 καί
1734 3210 1887 3256 τινας

295 3287 453 3358 αὑτῷ
479 3287 868 3359 συνδιατρίϐειν
894 3287 1142 3359 χρόνους,
1176 3287 1274 3359 τῆς
1304 3287 1383 3353 εἰς
1409 3285 1478 3340 τὰ
1517 3283 1637 3339 θεῖα
1667 3284 1888 3356 βελτιώ-

297 3397 441 3444 σεως
481 3381 663 3434 ἕνεκα.
704 3380 781 3434 Οὐ
815 3379 924 3451 μὴν
975 3378 1110 3433 ἀλλὰ
1156 3379 1252 3434 καὶ
1297 3380 1326 3432 6
1357 3379 1456 3449 τῆς
1499 3377 1887 3450 Ἰεροσολύμων

297 3469 582 3542 προεστὼς
623 3469 994 3541 Ἀλέξανδρος,
1023 3469 1348 3534 Θεόκτιστός
1371 3487 1428 3523 τε
1451 3471 1479 3522 6
1503 3468 1646 3522 κατὰ
1677 3469 1887 3522 Καισά-

295 3583 475 3639 ρειαν,
513 3565 605 3617 τὸν
632 3562 805 3617 πάντα
838 3560 1029 3632 χρόνον
1059 3560 1191 3632 (65),
1221 3561 1297 3623 ὡς
1327 3560 1456 3623 ἔπος
1488 3561 1684 3625 εἰπεῖν,
1715 3575 1884 3628 προσ-

373 3797 483 3869 (6'5)
515 3799 580 3850 ’Ἑ
586 3817 685 3865 τος
712 3798 764 3852 δ’
782 3797 860 3867 ἦν
880 3797 1055 3853 τοῦτο
1078 3796 1360 3869 δέκατονε
1380 3795 1438 3850 ln
1466 3795 1628 3869 codd.
1653 3795 1802 3869 Med.
1819 3813 1879 3852 ac

299 3866 438 3922 Μπ.
455 3866 622 3930 ,Fuk.
649 3881 696 3924 et
721 3866 917 3933 Savi|.,
940 3879 993 3924 et
1015 3870 1154 3936 apud
1179 3867 1542 3937 Nicephorum
1567 3866 1764 3936 legitur
1786 3868 1880 3922 δω-

297 3938 546 3992 δέκατον.
585 3942 640 3992 1ιι
679 3938 938 3992 Clironico
981 3935 1195 4008 Eusebii
1233 3935 1345 3992 haec
1377 3935 1632 4008 Origenis
1678 3938 1880 4008 migra-

299 4010 380 4062 tio
413 4010 482 4064 ab
512 4011 644 4063 urbe
672 4009 1033 4063 Alexandrina
1057 4009 1123 4061 ad
1146 4006 1558 4067 Caesariensem.
1586 4007 1637 4060 in
1657 4006 1880 4077 quibus-

300 4079 425 4133 dam
457 4078 734 4133 codicibus
762 4079 996 4132 refertur
1019 4093 1161 4131 anno
1188 4093 1260 4131 xit
1287 4077 1608 4140 Alexandri,
1638 4088 1697 4130 ut
1725 4080 1878 4134 testis

299 4158 387 4202 est
415 4148 708 4203 Pontaeus.
735 4149 840 4203 Sed
873 4149 1011 4202 mira
1042 4159 1123 4201 est
1151 4147 1367 4201 Eusebii
1395 4155 1423 4201 a
1459 4148 1637 4215 seipso
1669 4147 1876 4202 dissen-

302 4220 406 4278 sio.
433 4221 523 4290 qui
550 4219 890 4290 iutilironico
922 4232 1041 4272 eam
1081 4219 1458 4290 migrationem
1481 4227 1874 4290 commemorat

302 4287 466 4344 anno'
493 4289 575 4342 vel
613 4287 833 4342 biennio
859 4297 979 4356 post
1021 4296 1247 4342 mortem
1279 4287 1557 4341 Demetrii.
1604 4287 1702 4344 Hic
1747 4302 1875 4342 vero

299 4359 591 4429 Or‘igencm
623 4358 943 4429 Alexandria
981 4358 1248 4429 migrasse
1290 4359 1479 4413 scribit
1515 4361 1674 4429 paulo
1702 4366 1874 4429 iante-

303 4416 463 4497 quain
499 4416 801 4483 Demetrius
832 4416 1089 4497 ultimum
1107 4428 1248 4482 diem
1283 4416 1530 4482 obiisset.
1557 4426 1711 4494 Quod
1747 4428 1872 4496 qui-
1905 4416 1949 4470 Ῑ)

300 4496 424 4552 dem
444 4500 625 4554 verius
649 4508 796 4567 puto.
829 4496 964 4567 Nam
988 4506 1110 4565 post
1133 4497 1389 4551 Demetrii
1418 4498 1720 4561 interitum,
1738 4497 1873 4552 nihil

295 4569 408 4637 jam
436 4583 616 4625 causae
638 4565 755 4623 erat
780 4581 876 4637 cur
897 4565 1162 4635 Origenes
1187 4567 1517 4621 Alexandria
1548 4567 1873 4634 discederet,

298 4636 424 4693 cum
490 4639 790 4707 praesertim
828 4636 1130 4707 .Demetrio
1185 4637 1554 4707 successisset
1591 4637 1874 4707 illeraclas.

299 4724 441 4762 "IIIIS
466 4705 531 4763 ex
565 4708 840 4776 discipulis
865 4706 1140 4776 Origenis.
1165 4709 1392 4762 Accedit
1419 4706 1560 4774 quod
1590 4706 1677 4760 hic
1708 4707 1876 4761 refert

300 4779 586 4842 Eusebius,
622 4776 910 4847 Origenem
947 4792 1014 4831 ex
1045 4779 1181 4832 urbe
1225 4776 1552 4847 Alexandria
1584 4777 1874 4847 disceden-

301 4857 437 4911 tem,
462 4863 660 4902 munus
685 4845 840 4902 suum
872 4855 925 4901 et
948 4847 1320 4902 catechizaurli
1369 4846 1604 4900 oﬂlcium
1633 4845 1876 4901 lleracla:

302 4920 608 4973 tradidisse.
642 4919 720 4973 Ex
764 4919 871 4987 quo
909 4927 1154 4986 apparet,
1203 4917 1496 4986 llrigeuem
1555 4915 1716 4984 paulo
1748 4927 1875 4987 ante

300 4990 566 5056 prolatam
597 5005 626 5042 a
659 4985 1232 5044 Demetrioadversus
1281 4985 1457 5055 ipsum
1501 4985 1876 5056 excoumtnni-

299 5053 538 5112 catiouis
570 5060 916 5121 sententiam,
946 5057 1274 5112 Alexandria
1305 5053 1649 5110 discessisse.
1691 5053 1874 5125 Neque

298 5132 446 5182 enim
492 5141 616 5198 post
653 5130 808 5198 illam
847 5129 1174 5198 sententiam
1228 5127 1596 5194 magisterium
1627 5141 1795 5198 suum
1820 5126 1872 5179 in

297 5194 663 5253 Alexandrina
688 5197 930 5254 Ecclesia
966 5194 1228 5266 Origenes
1261 5199 1497 5252 retinere
1527 5198 1723 5266 potuit.
1764 5195 1870 5265 lle-

299 5280 386 5323 cte
419 5271 584 5340 igitur
616 5268 901 5340 Baronius
926 5266 1140 5340 Eusebii
1183 5266 1483 5340 Chronico»
1512 5267 1797 5340 ci_uenda_t,_
1821 5273 1873 5320 et

297 5336 552 5412 Origéuis
583 5342 802 5410 quidem
832 5337 1210 5412 migratiOuem
1244 5340 1311 5391 ab
1336 5337 1468 5392 urbe
1505 5336 1871 5412 Alexandrina

297 5408 510 5466 conl‘ert
539 5411 591 5469 in
605 5408 816 5464 annum
844 5423 874 5461 ιι
905 5409 1218 5473 Alexandri,
1248 5417 1475 5462 mortem
1506 5423 1635 5461 vero
1677 5408 1871 5460 Dente-

300 5483 394 5535 trii
423 5482 474 5534 in
499 5497 701 5534 animm
738 5488 1075 5548 seQIientcm.
1132 5479 1238 5531 Sed
1271 5478 1324 5548 in
1355 5493 1420 5532 eo
1464 5477 1684 5540 labitur,
1724 5477 1870 5544 quod

296 5553 620 5606 sententiam
639 5547 1222 5605 escomtuuuicationis
1238 5563 1266 5601 a
1287 5547 1559 5602 Demetrio
1576 5548 1736 5600 latam
1752 5561 1873 5601 esse

295 5624 431 5675 dicit
453 5635 594 5690 anno
619 5631 913 5690 antequam
937 5619 1266 5690 Alexandria
1294 5617 1870 5690 niigrarctOi-igenes,

295 5693 441 5761 quod
495 5687 871 5746 refutavimus.
922 5689 1055 5744 Cum
1097 5689 1240 5743 enim
1291 5687 1662 5760 magisterium
1692 5687 1870 5742 suum

617 5785 890 5848 ΡΑτιιοι..
939 5784 1054 5845 Gn.
1101 5784 1244 5845 ΧΧ.

1992 3009 2152 3063 modo
2207 3007 2358 3061 illum
2409 3011 2461 3062 in
2511 3025 2666 3064 suam
2714 3012 3056 3080 provinciam
3097 3011 3167 3065 ad
3202 3011 3571 3068 Eeclesiarum

1991 3099 2282 3154 utilitatem
2323 3109 2612 3164 evoca:s‘.,
2649 3102 2808 3155 modo
2840 3101 2906 3155 ad
2957 3102 3134 3171 ipsum
3189 3104 3479 3159 visendum
3512 3103 3565 3157 in

1988 3190 2232 3247 Judream
2285 3207 2458 3262 usque
2520 3191 2982 3262 proﬁcisceretur,
3023 3199 3079 3248 et
3120 3205 3225 3247 una
3271 3207 3396 3248 cum
3451 3192 3572 3264 ipso

1990 3286 2307 3355 aliquandiu
2344 3296 2613 3353 maneret,
2641 3295 2698 3340 ut
2733 3285 2996 3355 majorem
3030 3303 3212 3342 rerum
3257 3289 3569 3346 divinarum

1993 3379 2246 3434 notitiam
2281 3379 2612 3448 perciperet.
2663 3377 2770 3433 Sed
2813 3389 2868 3434 et
2909 3378 3221 3434 Alexander
3263 3379 3574 3450 llierosoly.

1991 3486 2229 3534 morum,
2258 3481 2314 3526 et
2352 3471 2706 3527 Theoctistus
2743 3473 3005 3528 Caesareae
3052 3474 3195 3542 apud
3226 3472 3570 3530 Palaestinam

1989 3563 2304 3634 cpiscopus,
2362 3565 2538 3634 ipsum
2597 3573 2864 3632 perpetuo
2939 3572 3198 3632 tanquam
3251 3567 3570 3636 magistrum

1985 3797 2252 3868 Origenes
2309 3809 2524 3868 semper
2574 3795 2920 3868 Alexandria:
2980 3795 3286 3868 retinuerit,
3342 3807 3574 3868 apparet

1988 3865 2169 3938 ipsum
2207 3875 2333 3938 ante
2387 3866 2974 3938 darnnaﬁtionemillinc
3019 3867 3360 3938 discessisse.
3399 3865 3572 3923 Porro

1985 3936 2108 3992 cum
2138 3937 2401 4006 Origenes
2425 3951 2483 3990 se
2505 3952 2532 3987 a
2571 3937 2843 3989 Demetrio
2871 3938 2922 3990 in
2951 3937 3159 4006 synodo
3185 3936 3565 4006 episcoporum

1985 4005 2298 4062 damnatum
2339 4021 2462 4059 esse
2491 4009 2863 4073 comperisset,
2903 4005 3188 4074 epistolam
3234 4005 3456 4074 scripsit
3498 4010 3568 4060 ad

1983 4079 2191 4131 amicos
2208 4091 2335 4130 suos
2357 4077 2447 4144 qui
2467 4085 2626 4130 erant
2645 4078 3010 4137 Aleitaiidrim.
3035 4091 3137 4143 qua
3163 4075 3214 4128 iu
3235 4074 3565 4130 Demetrium

1981 4160 2035 4200 et
2065 4147 2302 4214 reliquos
2318 4150 2603 4215 episcopos
2631 4146 3013 4215 invehebatur.
3037 4146 3166 4214 Ejus
3197 4153 3410 4215 partem
3431 4147 3569 4200 citat

1984 4214 2432 4286 llieronymusin
2466 4215 2555 4270 lib.
2586 4231 2623 4270 lt
2650 4219 2912 4270 Adversus
2937 4214 3210 4284 Ruﬁnum.
3251 4214 3421 4269 Porro
3449 4215 3562 4284 jam

1983 4287 2152 4342 semel
2189 4287 2451 4354 Origenes
2490 4286 2796 4340 Caesaream
2853 4302 2912 4340 se
2952 4294 3255 4354 receperat,
3303 4286 3562 4340 Antonini

1981 4357 2279 4412 Caracallte
2323 4357 2661 4424 temporibus
2705 4370 2721 4408 :
2756 4357 2851 4410 sed
2887 4374 2915 4409 ιι
2949 4354 3225 4410 Demetrio
3263 4355 3565 4412 honoriﬁce

1980 4437 2265 4482 revocatus
2293 4427 2440 4480 brevi
2463 4426 2847 4480 Alexandriam
2874 4426 3132 4488 redierat,
3158 4436 3216 4478 ut
3234 4438 3397 4488 supra
3421 4441 3559 4480 reia-

1983 4508 2093 4552 tum
2125 4505 2226 4552 cst.
2269 4495 2460 4550 Postea
2495 4511 2623 4549 vero
2649 4512 2772 4550 cum
2806 4495 2858 4547 iu
2890 4495 3155 4550 Achaiam
3186 4495 3562 4563 proliciscero~

1981 4578 2091 4631 tur,
2155 4581 2254 4634 per
2297 4566 2599 4620 Caesaream
2667 4564 2970 4619 Palaestina:
3010 4564 3302 4629 transiens,
3359 4563 3558 4621 ibidem

1978 4638 2374 4708 presbyter_est
2402 4636 2705 4708 ordinatus.

2048 4701 2162 4778 (δι)
2188 4704 2623 4778 Διδασκαλεῖορη
2648 4703 3037 4778 καταλείπει.
3087 4701 3259 4778 Antea
3299 4701 3562 4778 lleraclas

1951 4773 2193 4847 adjutor
2255 4779 2522 4830 duntaxat
2565 4773 2818 4847 Origenis
2877 4776 3061 4828 fuerat
3105 4775 3159 4828 in
3189 4774 3462 4847 docendo,
3501 4785 3559 4828 ct

1977 4843 2130 4914 quasi
2183 4846 2485 4915 proscolus,
2520 4855 2606 4915 ut_
2629 4845 2860 4915 refertur
2900 4858 3068 4915 supra
3114 4858 3236 4912 cap.
3263 4843 3377 4915 _l5.
3431 4843 3562 4915 Post

1976 4911 2280 4971 discessum
2324 4926 2504 4969 autem
2573 4912 2856 4982 Origenis,
2898 4911 3208 4968 catechetes
3255 4913 3378 4968 fuit.
3433 4911 3560 4968 llaec

1979 4987 2242 5040 Baronius
2284 5001 2406 5040 cum
2452 4985 2676 5039 minime
2725 4984 3092 5048 distinxisset,
3133 4983 3426 5041 Eusebium
3468 4996 3560 5038 ntc

1979 5058 2088 5110 falli
2125 5055 2354 5110 nutavit.

2048 5073 2547 5195 ὧδ’)υῗὸᾚιοπὰντα
2600 5124 2842 5194 χρόνον.
2881 5121 3062 5179 Codex
3091 5121 3382 5195 Μεόὶςςειιδ
3398 5120 3560 5195 addit

1975 5189 2212 5260 ὡς’ἔπος
2250 5196 2446 5249 εἰπεῖν.
2501 5189 2653 5262 Quod
2693 5198 3021 5249 conﬁrmare
3061 5195 3275 5262 videtur
3306 5189 3554 5262 llulitius.

1977 5257 2176 5321 Eadem
2196 5257 2371 5319 verba
2424 5257 2598 5334 νιξρὲιί
2635 5265 2802 5319 etiam
2851 5267 2906 5319 in
2936 5263 3096 5319 codd.
3125 5257 3458 5327 Maz.,Fuk.
3501 5272 3558 5314 ct

1977 5337 2104 5390 δαν.
2167 5339 2434 5390 Caeterum
2511 5336 2566 5389 in
2633 5334 2811 5401 hujus-
2866 5335 2969 5389 loci
3037 5335 3389 5388 distinctione
3459 5345 3555 5383 va-

1975 5410 2121 5460 riant
2184 5406 2651 5488 nostri'codices.
2683 5406 2854 5488 .Nam
2904 5405 3104 5488 [legitis
3161 5402 3382 5488 culidem
3446 5415 3555 5484 uno

1977 5487 2164 5532 tenore
2221 5474 2417 5532 scribit
2459 5476 2902 5547 προσανέχοντες
2941 5469 3091 5545 αὗτῷ
3155 5469 3242 5526 οἷα
3301 5469 3555 5525 διδασκά-

1975 5547 2162 5632 λαλεῖ
2189 5547 2270 5601 sic
2295 5546 2653 5632 Niceti-horas.
2697 5546 2910 5616 lteliqui
2947 5547 3164 5603 codices
3200 5552 3320 5614 post
3365 5557 3554 5595 vocem

1976 5617 2124 5690 αὑτῴ
2161 5633 2369 5675 moram
2395 5617 2683 5674 adhibent.

3167 5773 3248 5844 19'
