4132 6418
647 355 752 411 ὄὸῖ

1393 351 1662 407 EUSEBII
1700 349 2178 409 CAESARIENSIS
2215 350 2367 408 OPP.
2407 349 2585 407 PARS
2619 351 2660 406 I.
2702 383 2767 394 —
2806 350 3193 409 HISTORICA.

3792 357 3881 411 588

644 473 1033 538 auscultantes,
1056 471 1156 527 soli
1188 472 1694 542 interpretationem
1719 488 1889 529 sacrae
1905 472 2186 542 Scriptura

2292 524 2300 538 _
2332 472 2620 543 ανέχοντες
2673 473 2825 544 αὑτῷ
2846 515 2860 537 ,
2908 468 2995 528 οἷα
3030 474 3336 544 διδασκάλῳ
3371 474 3514 546 μόνῳ
3553 475 3623 529 τὰ
3654 474 3749 546 τῆς
3783 476 3883 530 τῶν

644 583 709 622 ac
745 567 1008 636 reliquum
1040 580 1201 621 omne
1240 566 1633 621 ecclesiasticae
1671 567 1937 622 doctrina:
1982 566 2217 622 ollicium

644 658 1029 727 permiserunt.

1179 746 1407 805 CAPUT
1438 747 1689 820 gxxvut.

961 841 1035 896 De
1069 842 1429 910 persecutione
1452 840 1546 893 sub
1578 840 1894 898 Maximino.

713 938 929 992 Interea
975 951 1121 991 caeso
1167 933 1479 989 Alexandro
1518 934 1874 1003 imperatore,
1912 938 2002 1007 qui
2038 940 2218 994 trede-

640 1029 745 1082 cim
776 1028 932 1081 anuis
967 1020 1307 1096 regnaverat,
1341 1026 1392 1080 in
1419 1025 1535 1094 ejus
1565 1024 1745 1080 locum
1774 1030 2021 1084 succedit
2046 1030 2217 1085 Maxi-

642 1121 841 1174 minus.
868 1118 990 1186 Qui,
1015 1120 1161 1190 gravi
1180 1122 1304 1176 odio
1320 1137 1617 1177 succensus
1646 1122 1908 1176 adversus
1942 1120 2211 1179 familiam

638 1213 932 1267 Alexandri
977 1212 1029 1266 in
1067 1228 1177 1282 qua
1212 1214 1461 1284 plerique
1503 1222 1662 1270 erant
1717 1214 2038 1284 Christiani,
2085 1234 2213 1288 per-

636 1305 916 1359 secutione
938 1305 1178 1360 excitata
1210 1306 1358 1362 solos
1399 1308 1763 1365 Ecclesiarum
1796 1312 2086 1374 antistites.
2129 1321 2214 1366 ut-

636 1400 760 1461 pate
804 1395 1132 1466 etiangelica:
1181 1397 1585 1465 prtedicationis
1647 1410 1919 1462 auctores,
1975 1403 2211 1457 interfici

630 1487 816 1555 jussit.
845 1486 962 1553 Quo
1006 1497 1248 1558 tempore
1286 1490 1550 1559 Origenes
1596 1490 1793 1544 librum
1831 1491 1907 1547 De
1950 1496 2211 1564 martyrio

632 1576 958 1645 composuit,
1010 1591 1168 1644 quem
1216 1577 1509 1632 Ambrosio
1565 1586 1619 1631 et
1672 1577 1985 1633 Protocteto
2031 1579 2213 1636 Caesa-

633 1668 833 1723 riensis
900 1667 1158 1724 Ecclesiae
1216 1669 1533 1740 presbytero
1589 1670 1883 1736 dedicavit,
1944 1687 2010 1726 eo
2063 1672 2209 1741 quod

632 1767 861 1828 uterque
881 1759 932 1813 in
963 1775 1024 1815 ea
1052 1760 1432 1827 persecutione
1468 1774 1574 1814 non
1604 1761 1882 1816 mediocre
1912 1760 2206 1817 discrimen

2325 564 2483 619 θείων
2517 565 2748 638 Γραφῶν
2790 566 3085 639 ἑρμηνείας
3118 567 3212 620 καὶ
3256 566 3323 619 τὰ
3364 563 3526 620 λοιπὰ
3564 568 3658 621 τοῦ
3692 567 3878 639 ἐκκλη-

2329 658 2606 712 σιαστικοῦ
2640 656 2798 725 λόγου
2834 658 2941 729 (66)
2971 660 3228 730 πράττειν
3263 658 3618 731 συνεχώρουν.

2778 756 2781 759 ’
2816 749 3213 803 ΚΕΦΑᾹΑΙΟΝ
3268 750 3405 804 KH'.

2317 839 2456 908 Περὶ
2472 840 2574 894 τοῦ
2592 842 2743 894 κατὰ
2757 840 3088 910 Μαξιμῖνον
3108 840 3360 911 διωγμοῦ
3380 840 3517 911 (Nic.
3538 840 3586 894 11
3593 879 3610 895 .
3632 840 3693 894 Ε.
3710 858 3762 905 ν,
3776 840 3880 912 20).

2387 930 2489 983 Τόν
2533 948 2597 999 γε
2634 932 2739 1003 μὴν
2796 930 3082 1002 Ῥωμαίων
3121 932 3495 1004 αὐτοκράτορα
3550 932 3882 1004 Ἀλέξανδρον

2317 1019 2492 1091 τρισὶν
2536 1020 2713 1074 ἔτεσιν
2753 1021 2844 1073 ἐπὶ
2873 1021 3006 1073 δέκα
3042 1021 3142 1093 τὴν
3174 1023 3345 1093 ἀρχὴν
3381 1021 3727 1086 διανύσαντα,
3769 1026 3881 1077 Μα-

2319 1109 2524 1181 ξιμῖνος
2549 1114 2765 1183 Καῖσαρ
2784 1111 3102 1182 διαδέχεται·
3131 1112 3189 1177 ὃς
3214 1113 3276 1185 δὴ
3302 1112 3441 1166 κατὰ
3468 1114 3623 1167 κότον
3637 1114 3730 1167 τὸν
3755 1113 3881 1186 πρὸς

2314 1202 2404 1255 τὸν
2439 1202 2786 1277 Ἀλεξάνδρου
2807 1202 2955 1257 οἷκον
2976 1204 3038 1257 ἐκ
3060 1204 3314 1258 πλειόνων
3331 1205 3535 1258 πιστῶν
3554 1206 3876 1269 συνεστῶτα,

2315 1292 2554 1364 διωγμὸν
2588 1293 2824 1363 ἐγείρας,
2843 1294 2968 1357 τοὺς
2998 1293 3106 1346 τῶν
3134 1293 3469 1363 Ἐκκλησιῶν
3490 1295 3759 1366 ἄρχοντας
3792 1294 3881 1365 μό-

2314 1401 2456 1447 νους,
2486 1383 2561 1447 ὡς
2593 1383 2797 1447 αἰτίους
2821 1384 2921 1453 τῆς
2950 1382 3089 1437 κατά
3111 1383 3170 1436 τὸ
3189 1384 3517 1452 Εὑαγγὲλιον
3542 1385 3883 1449 διδασκαλίας

2312 1475 2650 1546 ἀναιρεῖσθαι
2705 1476 3049 1547 προστάττει.
3111 1475 3244 1528 Τότε
3297 1476 3391 1528 καὶ
3456 1476 3737 1548 Ὠριγένης
3794 1477 3881 1530 τὸν

2312 1568 2450 1635 Περὶ
2473 1570 2802 1637 μαρτυρίου
2856 1571 3153 1636 συντάττει,
3199 1571 3505 1643 Ἀμόροσίῳ
3533 1571 3628 1625 καὶ
3671 1572 3882 1642 Πρωτο-

2311 1659 2495 1729 κτήτῳ
2550 1659 2904 1732 πρεσϐυτέρῳ
2953 1662 3052 1731 τῆς
3106 1661 3162 1714 ἐν
3214 1662 3520 1734 Καισαρείᾳ
3569 1662 3878 1732 παροικίας,

2310 1749 2528 1813 ἀναθεὶς
2560 1750 2621 1805 τὸ
2654 1750 3026 1825 σύγγραμμαο
3057 1754 3224 1826 ὁτιδὴ
3248 1755 3414 1825 ἄμφω
3444 1756 3765 1826 περίστασις
3787 1755 3881 1826 οὐχ

632 1852 895 1907 subierat.
932 1849 1087 1907 Unde
1117 1860 1170 1903 et
1201 1853 1495 1907 maximam
1524 1850 1748 1921 gloriam
1785 1852 1855 1906 ob
1902 1853 2186 1909 confessio

2306 1842 2339 1911 ή
2365 1838 2599 1911 τυχοῦσα
2632 1841 2690 1895 ἐν
2718 1842 2794 1913 τῷ
2834 1842 3057 1913 διωγμῷ
3090 1843 3420 1915 κατειλήφει.
3466 1846 3553 1898 Ἐν
3648 1846 3743 1900 καὶ
3772 1847 3881 1900 δια-

631 1958 750 1997 nem
784 1943 1019 1997 nominis
1056 1940 1259 1998 Christi
1300 1942 1460 1996 ambo
1521 1941 1768 1996 retulisse
1826 1944 2198 2012 perhibentur,

626 2048 749 2086 cum
792 2030 1117 2086 Maximinus
1145 2048 1250 2085 uon
1280 2029 1398 2099 plus
1421 2047 1581 2100 quam
1614 2032 1779 2101 229
1822 2033 2039 2087 triennii
2074 2049 2201 2102 spa-

624 2124 756 2176 tium
790 2121 1160 2191 perdurasset.
1192 2120 1361 2189 llujus
1418 2137 1581 2191 porro
1629 2124 2028 2191 persecutionis
2064 2135 2199 2179 tem-

624 2229 724 2282 pus
755 2213 959 2267 iudicat
990 2211 1252 2282 Origenes
1301 2223 1410 2267 tum
1457 2215 1508 2267 in
1557 2213 1735 2283 primo
1766 2224 1818 2268 et
1848 2216 2105 2274 vicesimo
2136 2217 2199 2272 li-

624 2309 726 2363 bro
766 2307 1170 2377 Empositionum
1219 2310 1274 2364 in
1306 2308 1531 2363 Joannis
1580 2309 1949 2381 Evangelium,
1986 2320 2098 2365 tutn
2144 2311 2194 2365 in

622 2401 853 2456 diversis
878 2402 1144 2472 epistolis.

1175 2493 1405 2552 CAPUT
1455 2491 1653 2550 XXIX.

622 2586 695 2639 De
721 2584 982 2651 Fabiano,
1006 2586 1235 2709 quality
1265 2586 1622 2669 Romanorum
1639 2589 1912 2657 episcopus
1939 2587 2194 2642 divinitus

1223 2669 1490 2709 esmnatus
1530 2667 1626 2709 est.

1223 2667 1490 2725 esignatns
1530 2667 1626 2711 est.

689 2746 907 2801 Interim
961 2760 1082 2800 cum
1113 2746 1419 2802 Gordianus
1443 2749 1496 2800 in
1536 2746 1814 2801 Maximini
1855 2745 2026 2803 locum
2064 2762 2192 2804 suc-

616 2836 896 2901 cessisset,
928 2846 1143 2891 mortuo
1174 2835 1441 2893 Pontiano
1479 2838 1571 2905 qui
1600 2853 1693 2892 sex
1723 2838 1879 2894 annis
1905 2838 2185 2910 episcopa-

611 2939 731 2982 tum
764 2937 1038 2993 tenuerat,
1069 2928 1325 2983 Ecclesiae
1357 2928 1615 2983 Romana:
1656 2930 2183 2986 administrationem

616 3020 1135 3089 suscepitAuteros.
1175 3019 1274 3075 llic
1318 3021 1461 3074 intra
1507 3021 1668 3074 unius
1709 3021 1914 3076 mensis
1956 3022 2191 3090 spatium

614 3110 921 3164 sacerdotio
946 3109 1280 3178 perfunctus,
1317 3108 1620 3163 Fabianum
1651 3124 2031 3165 successorem
2060 3110 2192 3165 reli-

2303 1932 2509 2004 πρέψαι
2540 1933 2756 2004 κατέχει
2785 1933 2941 2003 λόγος
2975 1936 3033 1987 ἐν
3071 1935 3329 2006 ὁμολογίᾳ
3373 1937 3501 2000 τοὺς
3544 1936 3769 2009 ἄνδρας,
3819 1939 3877 1991 οὐ

2302 2026 2547 2090 πλείονος
2586 2026 2618 2098 ἢ
2666 2026 2912 2097 τριετοῦς
2957 2027 3149 2100 χρόνου
3182 2026 3291 2098 (67)
3324 2027 3401 2097 τῷ
3444 2029 3739 2101 Μαξιμίνῳ
3770 2030 3885 2083 δια-

2301 2120 2614 2191 γενομένου.
2658 2118 3033 2190 Σεσημείωται
3062 2118 3118 2172 δέ
3147 2120 3359 2172 τουτονὶ
3388 2118 3481 2172 τοῦ
3517 2120 3761 2191 διωγμοῦ
3792 2120 3881 2174 τὸν

2300 2214 2489 2285 καιρὸν
2512 2214 2569 2267 ἔν
2591 2232 2650 2267 τε
2674 2214 2750 2285 τῷ
2778 2213 3015 2285 δευτέρῳ
3039 2214 3130 2267 καὶ
3155 2213 3382 2285 εἰκοστῷ
3408 2214 3513 2266 τῶν
3536 2217 3623 2281 εἰς
3642 2214 3714 2268 τὸ
3732 2216 3881 2269 κατὰ

2312 2305 2592 2373 Ἰωάννην
2632 2304 3021 2375 ἐξηγητικιῖυθ,
3050 2304 3144 2359 καὶ
3175 2305 3233 2359 ἐν
3264 2304 3539 2377 διαφόροις
3566 2305 3879 2370 ἐπιστολαῖς

2297 2399 2325 2450 ὁ
2371 2397 2671 2469 Ὠριγένης.

2804 2488 3199 2543 ΚΕΦᾸᾹΔΙΟΝ
3240 2485 3370 2543 ΚΘ’.

2296 2579 2435 2647 Περὶ
2471 2575 2790 2637 Φασιανοῦ,
2818 2577 2898 2641 ὠς
2930 2575 3234 2647 Ῥωμαίων
3267 2575 3600 2647 ἐπίοκρπος
3622 2573 3703 2647 ἐκ.
3729 2572 3875 2626 Θεοῦ

2428 2647 2779 2714 παραδόξως
2806 2643 3122 2716 ἀνεδείχθη
3149 2645 3291 2715 (Nic.
3329 2643 3400 2699 Η.
3433 2643 3500 2698 Ε.
3535 2660 3587 2708 v,
3614 2644 3740 2713 26).

2364 2741 2404 2793 Γ
2407 2740 2652 2812 ορδιανοῦ
2683 2740 2739 2792 δὲ
2781 2739 2889 2809 (68)
2925 2737 3063 2808 μετὰ
3102 2736 3405 2807 Μαξιμῖνον
3430 2736 3528 2807 τὴν
3581 2735 3875 2805 Ῥωμαίων

2293 2830 2590 2904 ἠγεμονίαν
2632 2830 3033 2900 διαδεξαμένου,
3071 2828 3171 2898 τῆς
3215 2825 3355 2881 κατὰ
3395 2825 3613 2897 Ῥώμην
3651 2825 3877 2895 Ἐκκλη-

2295 2926 2415 2988 σίας
2454 2925 2744 2979 Ποντιανὸν
2787 2922 2962 2977 ἔτεσιν
2994 2920 3052 2990 ἓξ
3093 2918 3583 2985 ἐπισκοπεύσαντα,
3627 2917 3873 2991 διαδέχε-

2290 3032 2381 3072 ται
2426 3018 2711 3088 Ἀντέρως,
2738 3018 2831 3070 καὶ
2861 3015 3048 3070 τοῦτον
3077 3014 3341 3077 Φαὸιανὸς
3366 3015 3457 3067 ἐπί⁹
3487 3014 3631 3084 μῆνα
3658 3017 3731 3084 τῇ
3766 3014 3875 3065 λει-

2292 3109 2522 3183 τουργίᾳ
2562 3108 3034 3180 διακονησάμενον.
3090 3105 3185 3168 Ἐξ
3229 3105 3400 3177 ἀγροῦ
3441 3122 3574 3175 φασι
3620 3104 3717 3159 τὸν
3764 3105 3872 3157 Φα-

612 3199 750 3267 quit.
779 3197 933 3252 iIune
966 3198 1262 3251 Fabianum
1310 3207 1431 3267 post
1470 3198 1758 3253 Anterotis
1800 3209 2028 3255 mortem
2080 3216 2186 3257 una

2292 3198 2476 3252 διανόν
2502 3198 2637 3270 μετά
2662 3200 2760 3269 τὴν
2793 3197 3118 3269 Ἀντέρωτος
3137 3196 3389 3266 τελευτὴν
3412 3195 3505 3265 ἅμ’
3528 3193 3742 3265 ἑτέροις
3765 3193 3871 3264 (69)

611 3305 733 3343 cum
762 3290 884 3344 aliis
912 3288 1268 3343 familiaribus
1304 3289 1417 3343 suis
1448 3288 1677 3343 Romam
1702 3304 1769 3343 ex
1799 3305 1933 3360 agro
1964 3292 2189 3349 venisse

612 3380 821 3443 dicunt,
849 3387 1011 3447 atque
1043 3378 1151 3433 illic
1184 3380 1489 3448 degentem,
1518 3378 1822 3448 Opitulante
1857 3381 1949 3436 Dei
1983 3385 2182 3452 gratia,

611 3479 811 3538 praeter
872 3469 1115 3523 omnium
1182 3472 1652 3537 exspectationem
1709 3472 1777 3527 ad
1831 3474 2187 3542 pontiﬁcatus

610 3569 808 3614 sortem
850 3560 1185 3629 pervenisse.
1234 3559 1368 3614 Nam
1414 3576 1537 3615 cum
1574 3560 1772 3618 fratres
1823 3577 2018 3621 omnes
2052 3583 2183 3622 suc-

608 3651 839 3707 cessoris
870 3652 1156 3706 ordinandi
1186 3667 1349 3707 causa
1383 3652 1434 3707 in
1465 3652 1699 3707 ecclesia
1730 3661 1911 3709 essent
1948 3671 2180 3726 congre-

607 3745 742 3813 gati,
774 3760 836 3799 ac
869 3744 1110 3814 plerique
1160 3744 1271 3812 jam
1325 3745 1567 3799 illustres
1611 3744 1817 3815 aliquot
1862 3755 1919 3801 et
1970 3748 2181 3805 nobiles

607 3836 752 3889 viros
776 3834 1051 3905 eligendos
1081 3848 1202 3890 esse
1229 3834 1588 3903 conjicerent,
1640 3834 1708 3888 de
1756 3832 2006 3889 Fabiano
2054 3836 2180 3904 qui-

606 3929 725 3981 dem
759 3928 849 3997 qui
887 3936 997 3991 tum
1040 3942 1284 3997 praesens
1330 3926 1544 3991 aderat,
1600 3939 1761 3980 nemo
1804 3939 1873 3978 ne
1908 3927 2179 3994 tantisper

605 4016 819 4085 quidem
848 4016 1139 4085 cogitabat.
1169 4015 1481 4071 Columbam
1528 4024 1705 4068 tamen
1732 4024 1961 4083 repente
1990 4031 2023 4071 e
2052 4017 2182 4071 sub-

606 4109 717 4163 limi
748 4107 1021 4176 delapsam
1075 4107 1240 4175 capiti
1272 4106 1416 4160 illius
1446 4105 1718 4160 insedisse
1759 4116 2007 4170 narrant,
2034 4122 2158 4176 quae

605 4196 840 4266 Spiritus
888 4196 1063 4251 sancti
1115 4195 1205 4263 qui
1258 4194 1388 4249 olim
1442 4196 1544 4249 sub
1587 4194 1853 4250 columbae
1893 4198 2079 4265 specie
2124 4197 2178 4251 in

606 4290 945 4345 Servatorem
997 4284 1365 4348 descenderat,
1425 4284 1720 4354 imaginem
1771 4287 1976 4342 referre
2023 4288 2174 4343 vide-

605 4375 783 4431 batur.
817 4373 935 4441 Quo
970 4374 1284 4443 spectaculo
1344 4385 1629 4445 permotus
1662 4377 1890 4446 pupulus
1918 4394 1947 4433 a
1983 4380 2169 4435 divino

603 4464 811 4535 Spiritu
846 4466 1127 4533 incitatus,
1159 4481 1369 4522 summa
1404 4481 1527 4521 cum
1560 4468 1847 4523 alacritate
1878 4484 1987 4523 uno
2038 4486 2171 4525 com-

602 4572 762 4612 seusu
795 4557 955 4613 simul
982 4557 1158 4614 omnis
1186 4556 1497 4614 exclamare
1550 4559 1715 4630 coepit
1759 4560 1985 4631 dignum
2028 4575 2171 4627 esse,

2292 3288 2635 3354 συνελθόντα,
2675 3286 3057 3358 ἐπιχωριάζειν
3100 3288 3167 3356 τῇ
3225 3283 3433 3356 Ῥώμῃ,
3467 3282 3595 3336 ἔνθα
3629 3282 3874 3354 παραδο-

2289 3379 2485 3446 ξϐτατα
2514 3378 2651 3452 πρὸς
2680 3379 2778 3450 τῆς
2807 3378 2957 3441 θείας
2983 3377 3075 3430 καὶ
3104 3374 3358 3449 οὐρανίου
3398 3373 3619 3444 χάριτος
3650 3374 3749 3426 ἐπὶ
3779 3373 3872 3426 τὸν

2286 3471 2487 3543 κλῆρον
2527 3470 2979 3544 παρεληλυθέναι.
3016 3470 3136 3523 Τῶν
3180 3468 3289 3541 γὰρ
3322 3466 3565 3536 ἀδελφῶν
3609 3467 3873 3521 ἁπάντων

2284 3564 2616 3633 χειροτονίας
2637 3563 2822 3616 ἕνεκεν
2844 3562 2945 3632 τῆς
2965 3560 3060 3614 τοῦ
3093 3559 3378 3632 μέλλοντος
3405 3556 3746 3624 διαδέξεσθαι
3770 3558 3870 3630 τὴν

2286 3655 2613 3726 ἐπισκοπὴν,
2670 3655 2764 3707 ἐπὶ
2814 3655 2911 3724 τῆς
2962 3652 3258 3723 ἐκκλησίας
3314 3651 3867 3722 συγκεκροτημένων,

2286 3746 2552 3800 πλείστων
2577 3762 2636 3798 τε
2665 3745 2942 3813 ἐπιφανῶν
2975 3745 3068 3797 καὶ
3099 3743 3322 3808 ἐνδόξων
3354 3742 3561 3813 ἀνδρῶν
3592 3745 3713 3806 τοῖς
3743 3742 3870 3795 πολ-

2285 3833 2397 3897 λοῖς
2422 3837 2480 3887 ἐν
2505 3834 2729 3905 ὑπονοίᾳ
2775 3833 2885 3904 (70)
2915 3832 3288 3911 ὑπαρχόντων,
3316 3833 3344 3884 ὁ
3373 3829 3639 3893 Φαϐιανὸς
3675 3829 3869 3902 παρὼν

2283 3924 2498 3988 οὐδενὸς
2529 3924 2627 3995 μὲν
2660 3921 2962 3995 ἀνθρώπων
2990 3924 3067 3986 είς
3092 3922 3327 3976 διάνοιαν
3359 3921 3444 3991 ᾔει
3469 3937 3483 3951 ’
3515 3921 3667 3991 ὅμως
3695 3920 3743 3973 δ’
3774 3916 3870 3973 οὖν

2284 4015 2479 4088 ἁθρόον
2511 4017 2575 4068 ἐκ
2616 4014 2888 4085 μετεώρου
2918 4013 3243 4085 περιστερὰν
3276 4013 3630 4066 καταπτᾶσαν
3670 4012 3870 4065 ἐπικα-

2286 4100 2543 4172 θεσθῆναι
2584 4106 2649 4175 τῇ
2692 4102 2855 4156 αὐτοῦ
2910 4103 3117 4172 κεφαλῇ
3171 4100 3586 4173 μνημονεύουσι,
3634 4101 3868 4172 μίμημα

2283 4193 2695 4266 ἐνδεικνυμένην
2726 4194 2829 4266 τῆς
2860 4195 2952 4248 ἐπὶ
2983 4195 3073 4247 τὸν
3102 4195 3330 4267 Σωτῆρα
3361 4193 3455 4247 τοῦ
3501 4193 3660 4261 ἁγίου
3692 4193 3868 4247 Πνεῦ-

2287 4303 2454 4355 ματος
2480 4287 2537 4339 ὲν
2565 4287 2695 4340 εῖδει
2720 4289 3046 4359 περιστερᾶς
3071 4286 3319 4340 καθόδου.
3356 4287 3469 4355 Ἐφ’
3495 4278 3538 4353 ᾧ
3562 4285 3656 4337 τὸν
3687 4284 3868 4338 πάντα

2278 4376 2406 4431 λαὸν
2458 4379 2643 4449 ῶσπερ
2692 4380 2781 4449 ὑφ’
2846 4381 2963 4443 ἐνὸς
3010 4379 3317 4450 πνεύματος
3366 4378 3511 4432 θείου
3564 4379 3866 4452 κινηθέντα

2279 4470 2462 4541 ὁμόσε,
2506 4472 2781 4547 προθυμίᾳ
2814 4473 2963 4547 πάσῃ
2998 4473 3091 4525 καὶ
3122 4474 3219 4543 μιᾷ
3248 4471 3417 4543 ψυχῇ,
3445 4469 3593 4536 ἄξιον
3632 4471 3866 4540 ἐπιδοῆ··

2282 4581 2370 4617 σαι
2402 4564 2535 4635 (7i),
2572 4567 2664 4620 καὶ
2690 4545 3008 4637 ἀμελλὴτως
3040 4566 3131 4620 ἐπὶ
3157 4566 3247 4619 τὸν
3288 4564 3473 4636 θρόνον
3500 4564 3597 4635 τῆς
3630 4564 3861 4618 ἐπισκο-

670 4741 780 4815 (66)
799 4740 1355 4815 ΔἘφέκλησιαστικοῦ
1377 4744 1584 4813 λόγου.
1621 4743 1677 4799 Id
1704 4754 1787 4799 est
1813 4742 2046 4799 ofﬁcium
2077 4745 2173 4799 do-

2349 4743 2459 4815 (68)
2493 4718 2826 4811 Ιόρδιανοῦ
2852 4742 2955 4815 δέη
2973 4744 3053 4815 Ab
3078 4742 3379 4815 hisuverbis
3404 4749 3566 4813 caput
3588 4742 3660 4798 29
3719 4742 3859 4798 inci.

598 4810 769 4867 ceudi
798 4811 850 4865 in
881 4810 1153 4879 Ecclesia,
1187 4815 1253 4868 de
1279 4829 1386 4881 quo
1416 4810 1577 4883 supra
1613 4815 1889 4869 adnotavi.

669 4882 781 4955 (67)
816 4883 1212 4955 09.71.1810qu
1240 4883 1278 4951 ἢ
1308 4882 1575 4952 τριέτους
1601 4884 1845 4954 χρόνου.
1871 4883 2040 4948 Hujus
2068 4883 2170 4938 loci

595 4949 1390 5024 sensumrChristophorsonus
1446 4949 1671 5010 minime
1720 4954 2021 5017 intellexit,
2076 4956 2171 5024 qui

594 5023 943 5076 Ambrosium
971 5032 1025 5075 et
1049 5022 1415 5093 Protectetum
1445 5026 1545 5078 sub
1570 5025 1728 5077 ﬁnem
1756 5026 1966 5093 imperii
1995 5022 2169 5093 Maxi-

596 5094 727 5148 mini
764 5093 833 5147 ob
861 5106 1055 5145 nomen
1090 5091 1291 5146 Christi
1322 5103 1544 5149 vexatos
1587 5094 1755 5148 fuisse
1800 5091 2034 5148 censuit.
2059 5092 2169 5147 Ve-

595 5179 715 5217 rum
760 5163 811 5217 id
857 5177 962 5215 non
1011 5161 1141 5215 dicit
1190 5162 1477 5226 Eusebius,
1527 5165 1622 5219 sed
1671 5165 1775 5218 hoc
1809 5174 2017 5217 tantum
2065 5163 2171 5218 sibi

594 5233 730 5297 vult,
770 5240 884 5303 toto
917 5230 1434 5303 Maximiniimperii
1470 5243 1708 5303 tempore
1735 5235 2167 5300 persecutionem

594 5302 898 5365 duravisse,
925 5303 1019 5355 sed
1051 5302 1167 5355 dies
1196 5301 1339 5355 illius
1361 5301 1633 5358 breviatos
1667 5301 1856 5368 fuisse,
1888 5314 1945 5357 ut
1971 5305 2038 5359 de
2059 5305 2171 5356 Au-

596 5373 847 5428 tichristo
877 5371 1160 5440 Scriptura
1214 5371 1477 5439 loquitur.
1528 5372 1699 5427 Porro
1741 5373 2044 5441 persecutio
2077 5374 2167 5429 illa

594 5444 695 5497 sub
730 5442 1023 5496 Maximino
1050 5440 1180 5509 imp.
1211 5451 1332 5510 post
1353 5443 1659 5511 diuturnam
1688 5440 1944 5499 Ecclesia:
1976 5459 2161 5511 pacem

594 5522 815 5581 repente
862 5511 1056 5567 oborta
1104 5520 1187 5564 est
1230 5511 1298 5563 ob
1352 5510 1764 5580 frequentcs'et
1813 5510 2171 5581 gravissimos

596 5594 756 5637 terra:
787 5590 1000 5652 motus,
1031 5595 1168 5650 quos
1216 5594 1368 5652 more
1421 5596 1520 5635 suo
1568 5582 1798 5652 gentiles
1837 5582 2169 5638 Christianis

590 5639 1290 5720 lmpntabautpu'titestis
1337 5660 1423 5703 est
1466 5639 1813 5709 Firtitiliatttts
1857 5655 1911 5707 in
1942 5654 2167 5720 epistola

585 5718 1059 5846 agiiCyprianum.
1104 5718 1241 5778 Vide
1272 5718 1567 5779 Baronium
1604 5725 1670 5779 ad
1717 5738 1920 5780 annum
1961 5718 2167 5780 Christi

2276 4811 2450 4887 pitin'
2474 4814 2633 4887 c_odd_.
2667 4814 2808 4887 Μαι.
2836 4825 2887 4867 et
2921 4811 3052 4887 Ifuk.
3086 4824 3138 4887 et
3173 4812 3304 4887 δρα.
3361 4842 3391 4887 _-

2346 4883 2458 4954 (69)
2493 4884 2624 4954 'Ap’
2656 4882 2897 4954 ἑτέροις.
2933 4882 3205 4954 Legobqa.’
3254 4884 3492 4954 ἑταίροις
3511 4923 3535 4954 ,_
3553 4894 3615 4954 ut
3651 4884 3859 4952 legisse

2274 4952 2488 5009 videtur
2521 4952 2771 5007 Rufinus.
2808 4953 2925 5006 Mox
2969 4954 3056 5004 ubi
3094 4952 3329 5020 legitur,
3358 4952 3681 5006 συνελθόντα
3732 4956 3859 5007 ἐπι-

2272 5023 2582 5096 χωριάζειν,
2605 5025 2682 5096 ita
2710 5032 2883 5096 potest
2914 5022 3079 5096 accipi
3111 5024 3262 5091 quasi
3292 5025 3557 5090 scriptum
3582 5023 3650 5096 sit
3688 5022 3859 5076 ἓνεκα

2270 5092 2366 5147 τοῦ
2396 5092 2798 5163 ἐπιχωριάζειν.
2832 5094 3007 5161 Atque
3053 5093 3123 5163 ita
3167 5107 3356 5163 sensus
3397 5108 3502 5147 non
3543 5095 3649 5148 erit
3683 5096 3858 5148 abso—

2275 5163 2421 5218 lutus
2450 5160 2549 5216 ιιιὲί
2575 5160 2707 5230 post
2734 5160 2927 5217 vocent
2955 5160 3406 5232 παρεληλυθέναι.

2343 5234 2454 5303 (70)
2506 5236 2610 5286 Ἐν
2662 5234 2936 5300 ὑπονοίᾳ.
3002 5232 3303 5303 Μυεουιιιεν
3337 5246 3570 5298 cumque
3624 5243 3861 5303 Secutus

2274 5300 2843 5370 ChristOphorsouus,
2897 5305 3038 5357 hunc
3082 5302 3256 5355 locum
3296 5302 3367 5356 ita
3411 5312 3744 5355 verterunt:
3792 5300 3859 5353 Et

2273 5374 2427 5426 multi
2477 5375 2539 5425 de
2586 5373 2943 5439 compluribus
2989 5372 3282 5426 illustribus
3325 5382 3371 5428 et
3409 5372 3672 5425 nobilibus
3728 5373 3859 5425 viris

2274 5443 2525 5511 eligendis
2559 5443 2864 5510 cogitarent.

2272 5554 2277 5555 κ
2350 5513 2461 5583 (7i)
2488 5513 2696 5576 Ἀξιον
2728 5511 3065 5581 ἐπιϐοῆοναι.
3108 5511 3231 5566 Fuit
3260 5512 3403 5566 enim
3434 5513 3554 5567 haec
3583 5512 3854 5583 solemnis

2277 5581 2600 5636 acclamatio
2634 5585 2684 5635 in
2715 5584 3071 5638 electiouibus
3100 5584 3503 5650 episcoporum,
3548 5581 3710 5646 cujus
3777 5584 3856 5638 rei

2276 5654 2507 5722 plurima
2538 5654 2734 5721 passim
2764 5663 3062 5707 occurrunt
3088 5653 3358 5718 exempla,
3391 5662 3446 5706 ut
3474 5654 3612 5722 apud
3662 5651 3855 5708 Philo-

2274 5724 2533 5794 storgium
2569 5724 2621 5777 in
2658 5723 2798 5777 libro
2837 5740 2915 5787 ιχ,
2948 5740 3067 5792 cap.
3102 5724 3187 5794 10.
3219 5723 3283 5794 Et
3325 5723 3376 5775 in
3411 5721 3850 5794 Aetisdesigua-

2276 5794 2436 5850 tionis
2458 5793 2639 5850 Eradii
2668 5809 2786 5864 qua:
2812 5796 2953 5851 inter
2973 5793 3229 5865 epistolas
3250 5793 3539 5865 Augustini
3565 5792 3851 5864 leguntur,
