4132 6418
316 318 417 375 691

1299 322 1651 381 HISTORIA}
1692 326 2245 385 ΕεΟιΕΞΙΑΞΤΙΟίΕ
2286 329 2413 385 LIB.
2458 328 2546 385 Vl.

3460 328 3566 384 603

316 436 598 507 τελευτῆς,
623 436 716 489 τοῦ
752 434 989 509 πονηροῦ
1019 437 1271 510 δαίμονος
1296 441 1607 512 ἐφαμίλλως
1643 444 1721 514 τῷ
1749 446 1901 517 ἀνδρὶ

2008 447 2182 502 exitus
2211 447 2392 512 fuerit,
2419 448 2545 502 dum
2570 446 2835 516 pessimus
2863 448 3068 502 dmmon
3094 461 3281 500 omnes
3305 448 3565 501 adversus

320 529 663 599 πανστρατιᾷ
717 530 1202 601 παραταξαμένου,
1253 533 1400 603 πάσῃ
1433 551 1491 586 τε
1545 539 1757 606 μηχανῇ
1805 539 1898 590 καὶ

322 619 549 688 δυνάμει
572 618 691 670 κατ’
720 617 884 672 αὑτοῦ
913 622 1406 692 στρατηγήσαντος.
1427 624 1577 694 παρὰ
1610 625 1816 688 πάντας
1831 641 1899 677 τε

323 711 448 773 τοὺς
474 708 727 780 τηνικάδε
754 709 1155 781 πολεμηθέντας
1176 712 1539 784 διαφερόντως
1562 716 1898 786 ἐπισκήψαν-

322 816 414 864 υς
459 799 631 865 αὐτῷ,
672 796 761 853 οἷά
801 818 859 853 τε
898 801 991 854 καὶ
1027 803 1126 855 ὅσα
1157 802 1244 856 διὰ
1276 805 1369 857 τὸν
1410 805 1647 877 Χριστοῦ
1684 806 1840 875 λόγον
1872 809 1901 861 ὁ

320 893 464 963 ἀνὴρ
509 890 768 960 ὑπέμεινε
813 892 987 962 δεσμά
1031 894 1125 946 καὶ
1166 894 1433 963 βασάνους
1473 896 1574 960 τὰς
1622 898 1763 951 κατά
1804 897 1899 951 τοῦ

325 981 597 1051 σώματος,
622 982 720 1044 τάς
742 999 799 1034 τε
821 983 924 1034 ὑπὸ
950 984 1152 1055 σιδηρῷ
1173 985 1335 1056 κλοιῷ
1356 988 1447 1038 καὶ
1470 991 1657 1057 μυχοῖς
1677 989 1902 1058 εἱρκτῆς

322 1074 614 1144 τιμωρίας,
645 1075 737 1126 καὶ
772 1074 846 1137 ὡς
875 1074 967 1127 ἐπὶ
1001 1076 1283 1140 πλείσταις
1312 1079 1546 1149 ἡμέραις
1575 1080 1703 1143 τοὺς
1738 1081 1903 1144 πόδας

326 1166 429 1219 ὑπὸ
454 1165 697 1236 τέσσαρα
716 1166 809 1218 τοῦ
836 1166 1193 1237 κολαστηρίου
1221 1168 1379 1234 ξύλου
1415 1171 1751 1241 παραταθεὶς
1790 1172 1903 1223 δια-

326 1258 580 1327 στήματα
613 1256 721 1326 (95)
753 1256 1197 1327 κατασπώμενος,
1234 1262 1403 1331 πυρός
1435 1279 1493 1313 τε
1528 1261 1774 1324 ἀπειλὰς,
1810 1262 1904 1314 καὶ

325 1345 423 1398 ὅσα
457 1344 591 1397 ἀλλα
643 1345 776 1416 πρὸς
814 1345 922 1397 τῶν
965 1346 1174 1417 ἐχθρῶν
1223 1348 1581 1419 ἐπενεχθέντα
1623 1350 1904 1421 καρτερῶς

326 1438 574 1507 ἤνεγκεν,
601 1437 712 1489 οἴου
749 1454 809 1489 τε
847 1435 914 1489 τὰ
947 1440 1067 1491 κατ’
1096 1439 1258 1492 αὑτὸν
1303 1439 1458 1510 ἔτυχε
1490 1442 1697 1505 τέλους,
1732 1442 1903 1512 μηδα-

330 1527 444 1597 μῶς
478 1529 638 1581 αὐτὸν
667 1528 876 1583 ἀνελεῖν
920 1532 1083 1584 παντὶ
1128 1530 1303 1584 σθένει
1346 1532 1440 1585 τοῦ
1469 1533 1724 1586 δικαστοῦ
1756 1534 1904 1602 φιλο-

325 1621 522 1683 νείκως
552 1621 857 1683 ἐνστάντος,
901 1622 1092 1685 ὁποίας
1122 1640 1182 1675 τε
1221 1623 1357 1693 μετά
1386 1624 1557 1679 ταῦτα
1591 1625 1905 1678 καταλείπει

326 1712 529 1780 φωνάς,
572 1712 665 1766 καὶ
715 1712 885 1775 αὑτάς
931 1712 1157 1784 πλήρεις
1200 1717 1312 1778 τοῖς
1364 1716 1684 1787 ἀναλήψεως
1716 1717 1904 1787 δεομέ-

2000 538 2148 592 illum
2175 538 2361 607 copias
2390 539 2678 593 instantius
2712 547 2924 603 movet,
2950 540 3279 607 cunctisque
3298 540 3568 594 machinis

1999 645 2062 683 ac
2100 630 2307 682 viribus
2332 642 2455 682 eum
2494 628 2800 697 impugnat,
2834 627 2969 681 etin
3019 627 3163 681 hunc
3198 642 3305 695 pra:
3342 628 3565 698 reliquis

1999 720 2251 775 omnibus
2272 719 2362 787 qui
2402 726 2528 772 tunc
2561 717 2819 787 temporis
2842 716 3068 786 appetiti
3105 729 3259 777 sunt,
3299 717 3567 785 praecipue

2000 808 2200 861 irruit:
2254 822 2377 875 qua:
2426 808 2554 860 item
2602 814 2656 860 et
2716 815 2917 875 quanta
2978 814 3198 876 pmpter
3258 806 3564 860 doctrinam

2000 896 2205 953 Christi
2240 897 2323 951 vir
2362 897 2453 951 ille
2486 897 2801 966 pertulerit,
2834 896 3047 951 vincula
3100 895 3310 950 scilicet
3351 908 3405 950 et
3445 909 3570 949 cor-

2002 989 2149 1059 poris
2179 991 2479 1050 cruciatus,
2515 989 2638 1043 etin
2674 989 2863 1042 intimo
2887 990 3127 1044 carceris
3159 1003 3373 1042 recessu
3403 987 3567 1041 ferrei

2004 1085 2211 1150 torquis
2250 1096 2557 1145 aerumnas;
2611 1090 2778 1150 utque
2822 1080 3111 1135 multorum
3156 1081 3364 1134 dierum
3395 1082 3570 1149 spatio

2004 1175 2166 1242 pedes
2195 1174 2246 1227 in
2273 1188 2439 1228 nervo
2477 1174 2543 1227 ad
2571 1182 2807 1243 quatuor
2842 1186 3013 1242 usque
3048 1174 3372 1226 foraminum
3402 1174 3571 1226 inter-

2004 1265 2403 1320 mitia’distenti
2442 1266 2671 1320 fuerint:
2707 1265 2773 1319 ad
2812 1265 2924 1319 haec
2950 1265 3150 1334 ignium
3181 1264 3341 1334 235
3374 1265 3569 1327 minas,

2006 1367 2059 1410 et
2089 1370 2429 1424 quaecunque
2460 1356 2564 1409 alia
2619 1356 2686 1410 ab
2718 1355 2956 1410 inimicis
2986 1356 3131 1409 illata
3164 1355 3378 1415 fortiter
3400 1357 3569 1416 susti-

2009 1447 2122 1500 nuit
2160 1464 2174 1499 :
2218 1455 2272 1501 et
2315 1445 2618 1514 eujnsmodi
2664 1448 2882 1504 tandem
2928 1447 3119 1501 harum
3168 1462 3348 1500 rerum
3394 1447 3574 1502 exitus

2008 1533 2199 1598 fuerit,
2227 1534 2408 1603 judice
2440 1536 2584 1589 omni
2622 1536 2818 1590 virium
2860 1536 2979 1591 nisu
3020 1535 3305 1590 ambitiose
3347 1546 3574 1591 conten-

2008 1627 2166 1681 dente
2199 1641 2263 1681 ne
2284 1626 2431 1681 illum
2466 1628 2797 1682 interficeret
2830 1645 2843 1681 :
2878 1627 3113 1697 denique
3140 1641 3275 1695 quos
3298 1642 3574 1683 sermones

2009 1720 2249 1788 posthmc
2271 1734 2539 1799 quamque
2558 1719 2719 1773 utiles
2746 1719 2810 1773 iis
2831 1721 2920 1787 qui
2946 1719 3313 1773 consolatione
3331 1719 3575 1787 indigent

329 1822 436 1867 νοις
460 1804 567 1873 (96)
602 1804 885 1873 ὠφελείας,
922 1806 1168 1858 πλεῖσται
1201 1808 1323 1859 ὅσαι
1361 1809 1586 1880 τάνδρὸς
1628 1811 1904 1865 ἐπιστολαὶ

2010 1811 2311 1878 reliquerit,
2355 1810 2603 1879 plurimae
2640 1810 2757 1879 ejus
2797 1809 3041 1878 epistolae
3094 1824 3201 1865 non
3242 1810 3419 1863 minus
3452 1823 3575 1863 vere

326 1896 558 1966 τάληθὲς
584 1895 720 1967 ὁμοῦ
750 1898 844 1950 καὶ
879 1898 1106 1967 ἀκριϐὲς
1140 1898 1476 1969 περιέχουσι.

859 1989 1253 2049 ΚΕΛιΑΑΛῐΟΝ
1287 1992 1376 2043 Μ’.

326 2078 467 2146 Περὶ
486 2080 604 2132 τῶν
636 2080 930 2146 Διονυσίῳ
955 2080 1314 2149 συμϐάντων
1338 2081 1476 2151 (Nic.
1505 2082 1573 2136 II.
1611 2082 1673 2136 E.
1707 2098 1757 2149 v,
1783 2084 1906 2153 28).

397 2172 479 2225 Τά
506 2172 573 2238 γέ
601 2189 683 2225 τοι
717 2171 858 2224 κατά
902 2173 1194 2238 Διονύσιον,
1224 2177 1288 2227 ἐκ
1330 2175 1428 2245 τῆς
1470 2176 1606 2246 πρὸς
1631 2176 1908 2248 Γερμανὸν

324 2262 616 2331 ἐπιστολῆς
667 2261 834 2315 αὑτοῦ
892 2262 1309 2335 παραθήσομαι·
1368 2265 1495 2319 ἔνθα
1540 2266 1728 2322 τοῦτον
1779 2269 1908 2339 περὶ

326 2359 523 2412 ἑαυτοῦ
571 2360 746 2425 λέγων
793 2362 997 2432 ἱστορεῖ
1035 2362 1126 2414 τὸν
1174 2362 1409 2433 τρόπον·
1481 2382 1498 2413 ι
1536 2360 1677 2429 Ἐγὼ
1718 2362 1774 2414 δὲ
1816 2362 1909 2414 καὶ

325 2451 559 2506 ἐνώπιον
590 2450 686 2503 τοῦ
715 2452 849 2504 Θεοῦ
883 2452 1047 2517 λαλῶ,
1085 2452 1179 2505 καὶ
1222 2451 1384 2516 αὐτὸς
1411 2450 1551 2505 οἶδεν
1578 2454 1659 2506 ὅτι
1688 2453 1747 2505 οὐ
1778 2451 1907 2520 ψεύ-

322 2542 487 2611 δομαι
511 2559 524 2572 ⁸
555 2544 674 2596 οὐδὲ
706 2545 830 2614 μίαν
860 2546 946 2595 ἐπ’
979 2543 1216 2615 ἐμαυτοῦ
1249 2543 1575 2614 βαλλόμενος
1610 2542 1741 2614 (97),
1789 2544 1907 2596 οὐδὲ

323 2635 478 2689 ἀθεεὶ
506 2636 808 2706 πεποίημαι
835 2637 932 2707 τὴν
961 2638 1158 2707 φυγήν.
1207 2634 1366 2688 Ἀλλὰ
1392 2636 1483 2688 καὶ
1516 2636 1782 2705 πρότερον
1798 2634 1905 2704 (98)

321 2726 419 2782 τοῦ
447 2728 588 2782 κατὰ
616 2729 801 2782 Δέκιον
828 2729 1177 2800 προτεθέντος
1199 2728 1461 2798 διωγμοῦ,
1488 2726 1711 2789 Σαϐῖνος
1737 2727 1933 2796 αῦτῆςι

326 2818 478 2888 ὧρας
532 2821 959 2891 φρουμεντάριον
994 2821 1101 2889 (99)
1156 2819 1401 2890 ἔπεμψεν
1447 2821 1527 2881 είς
1576 2818 1907 2889 ἀναζήτησίν

327 2926 452 2980 μου·
469 2909 623 2978 κάγὼ
648 2911 745 2980 μὲν
768 2912 1046 2982 τεσσάρων
1074 2911 1292 2982 ἡμερῶν
1319 2910 1411 2963 ἐπὶ
1438 2910 1537 2979 τῆς
1560 2911 1737 2974 οἰκίας
1763 2909 1912 2980 ἔμει-

324 3016 414 3061 να,
447 3000 545 3068 τὴν
577 3000 758 3068 ἄφιξιν
792 2997 886 3051 τοῦ
920 2998 1355 3069 φρουμενταρίου
1383 2997 1720 3075 προσδοκῶν.
1765 2998 1824 3048 '0
1852 2996 1910 3049 δὲ.

326 3090 505 3142 πάντα
550 3088 647 3159 μὲν
697 3088 987 3161 περιῆλθεν
1032 3087 1357 3159 ἀνερευνῶν,
1410 3088 1513 3151 τάς
1560 3088 1731 3150 ὁδοὺς,
1782 3088 1909 3149 τοὺς

2007 1914 2165 1970 quam
2193 1911 2448 1955 accurate
2492 1911 2945 1955 commemorant.

2597 1990 2825 2047 CAPUT
2868 1991 2981 2047 XL.

2314 2082 2388 2135 De
2417 2084 2497 2136 his
2521 2099 2637 2151 qua:
2667 2082 2920 2152 Dionysio
2950 2082 3294 2137 acciderunt.‘

2076 2172 2205 2238 Quae
2249 2185 2428 2228 autem
2476 2174 2736 2243 Dionysio
2767 2175 3135 2244 contigerunt,
3180 2189 3245 2228 ex
3278 2173 3450 2243 ipsius
3482 2174 3575 2228 ad-

2009 2278 2197 2318 versus
2217 2263 2547 2318 Germanum
2582 2264 2807 2332 epistola
2840 2263 2929 2318 hic
2955 2265 3224 2319 ascrlbam
3253 2282 3266 2319 :
3294 2265 3348 2317 in
3376 2279 3480 2333 qua
3509 2266 3577 2318 de

2008 2355 2297 2423 semetipso
2323 2354 2491 2406 verba
2523 2351 2753 2417 faciens,
2778 2355 2846 2406 ita
2877 2363 3100 2408 narrat:
3137 2373 3155 2405 ι
3188 2355 3299 2427 Ego
3330 2370 3462 2410 vero
3487 2371 3578 2410 co-

2011 2457 2123 2495 rain
2155 2441 2264 2498 Deo
2308 2442 2521 2511 loquor,
2549 2452 2603 2495 et
2637 2443 2752 2511 ipse
2780 2443 2886 2498 scit
2937 2458 3022 2497 me
3050 2459 3390 2512 nequaquam
3427 2459 3579 2499 men-

2012 2534 2097 2587 tiri
2127 2553 2141 2589 :
2169 2548 2442 2603 nunquam
2474 2550 2589 2589 mea
2616 2546 2829 2605 sponte,
2855 2550 2953 2592 nec
2973 2537 3089 2591 sine
3119 2536 3208 2591 Dei
3238 2546 3368 2589 nutu
3396 2536 3578 2606 fugam

2012 2626 2127 2680 inii.
2170 2626 2275 2682 Sed
2305 2637 2358 2681 et
2405 2627 2573 2696 prius,
2605 2644 2728 2681 cum
2773 2630 3168 2698 persecutionis
3211 2629 3443 2683 edictum
3479 2627 3580 2681 sub

2011 2716 2173 2772 Decio
2220 2719 2554 2787 propositum
2602 2718 2829 2783 fuisset,
2874 2716 3113 2772 Sabinus
3162 2716 3579 2772 frumentarium

2010 2811 2101 2877 qui
2129 2825 2213 2864 me
2244 2810 2571 2878 requireret,
2598 2810 2788 2864 eodem
2816 2809 3077 2879 temporis
3102 2820 3378 2864 momento
3409 2810 3580 2864 misit.

2009 2903 2186 2971 Atque
2208 2917 2306 2971 ego
2336 2903 2551 2970 quidem
2575 2903 2865 2977 quatriduo
2887 2903 3033 2957 domi
3059 2903 3255 2968 mansi,
3284 2902 3580 2957 adventum

2011 3004 2332 3061 exspectans
2371 2994 2733 3048 frumentarii.
2755 2995 2847 3048 llie
2861 3010 2985 3049 vero
2999 2997 3179 3049 omnia
3197 2996 3584 3050 circumeundo

2012 3087 2494 3155 perscrutabatur:
2524 3088 2658 3150 vias,
2692 3085 2905 3152 ﬂuvios,
2945 3096 3125 3157 agros,
3156 3088 3243 3143 ubi
3281 3103 3366 3143 me
3395 3089 3584 3143 occul-

326 3183 623 3251 ποταμοὺς,
657 3182 781 3244 τοὺς
819 3181 1041 3249 ἀγροὺς,
1078 3178 1205 3233 ἔνθα
1232 3180 1567 3249 κρύπτεσθαί
1601 3179 1723 3250 μεῆ
1762 3179 1904 3249 βαδί-

2013 3177 2109 3229 tari
2147 3185 2239 3230 aut
2266 3193 2369 3247 qua
2406 3179 2761 3234 transiturum
2799 3195 2921 3235 esse
2950 3180 3351 3248 suspicabatur,
3383 3180 3583 3234 Verum

325 3271 439 3335 ζειν
468 3271 783 3340 ὑπενόησεν.
812 3270 1066 3341 Ἀορασίᾳ
1095 3268 1151 3322 δὲ
1178 3269 1373 3338 εἴχετο,
1412 3270 1485 3340 μὴ
1514 3270 1783 3340 εὑρίσκων
1808 3270 1905 3340 τὴν

325 3359 530 3414 οἰκίαν·
562 3361 624 3413 οὐ
667 3360 776 3431 γὰρ
814 3360 1097 3414 ἐπίστευεν
1138 3359 1276 3413 οἴκοι
1323 3377 1387 3429 με
1434 3360 1763 3431 διωκόμενον
1809 3360 1906 3431 μέο

399 3722 513 3787 (95)
547 3721 683 3774 Ὑπὸ
711 3720 974 3789 τέσσαρα
1000 3720 1104 3773 τοῦ
1132 3720 1535 3786 κολαστηρίου
1563 3720 1753 3784 ξύλου
1779 3718 1906 3773 δια-

330 3793 627 3863 στήματα,
676 3792 1143 3863 Malimdscrilrere
1170 3791 1263 3842 ἐπὶ
1319 3791 1581 3863 τέσσαρα,
1630 3791 1712 3843 vel
1772 3792 1907 3861 πρὸς

329 3860 591 3933 τέσσαρα.
609 3862 776 3915 Porro
803 3860 955 3924 ξύλον
983 3875 1205 3933 nervum
1236 3875 1375 3923 esse,
1399 3860 1701 3933 jam‘supra
1723 3872 1905 3933 osten-

302 3976 305 3979 λ
333 3928 533 3995 (limus,
562 3947 665 3985 non
686 3939 862 3983 autem
880 3928 1187 3998 equuleum,
1208 3938 1266 3982 ut
1291 3933 1494 3998 putavit
1518 3928 1903 3982 P.Halloixius.

334 4005 501 4057 l’orrn
530 4004 582 4053 in
618 4016 749 4054 mss.
783 3997 1067 4053 codicibus
1100 3998 1446 4063 Maz.,Med.,
1474 3997 1608 4052 Fnk.
1642 4011 1691 4049 et
1720 3999 1906 4052 Savilii

334 4074 590 4126 ειτὶιοίιιιι·
638 4069 971 4140 παραταθεὶς
1027 4068 1368 4137 διαστήματα
1429 4067 1860 4140 κατασπώμενος
1891 4107 1904 4131 ,

336 4142 504 4211 πυρός
538 4157 619 4206 τε,
652 4138 756 4194 etc.
790 4140 894 4211 Sed
926 4154 1031 4192 non
1050 4140 1246 4211 dubito
1270 4140 1399 4211 quin
1448 4155 1549 4211 vox
1590 4138 1680 4192 illa
1737 4155 1901 4211 κατα-ς

336 4207 624 4281 σπώμενος
662 4250 677 4272 ,
726 4209 971 4281 sclrolion
1014 4208 1227 4281 rsit_ad-
1274 4208 1691 4281 explicationem
1753 4207 1900 4281 verbi

336 4276 690 4349 prmeedentis
718 4278 1072 4349 παραταθείς.
1109 4276 1187 4349 Et,
1216 4277 1288 4329 ita
1314 4279 1529 4349 quidem
1560 4279 1709 4346 prius
1733 4278 1906 4331 sensi-

333 4347 471 4403 inus.
508 4348 663 4402 Nunc
698 4347 849 4409 vero.
899 4365 955 4402 re
999 4347 1260 4401 attentius
1298 4347 1633 4413 examinata,
1680 4349 1901 4402 verbum

2012 3268 2188 3335 caligo
2220 3270 2465 3337 quaedam
2494 3270 2541 3323 ei
2573 3271 2818 3324 obtutum
2843 3271 3138 3335 ademerat,
3165 3287 3230 3325 ne
3252 3271 3471 3324 domum
3498 3286 3585 3324 re-

2013 3361 2238 3428 periret.
2274 3360 2458 3431 Neque
2487 3360 2631 3416 eniin
2656 3362 2984 3432 Opinabatur
3017 3379 3103 3418 me
3119 3362 3263 3417 domi
3290 3362 3585 3417 consistere

2015 3721 2065 3774 in
2083 3719 2338 3773 Chronico
2353 3720 2564 3789 Georgii
2588 3718 2841 3790 Syncelli,
2868 3722 2955 3773 nhi
2973 3721 3083 3774 iure
3099 3721 3338 3789 Dionysii
3357 3721 3583 3788 epistola

2018 3792 2267 3860 refertur,
2316 3790 2509 3860 legitur
2550 3792 2637 3841 ἐπ’
2680 3791 2903 3860 ἐμαυτῷ
2946 3790 3291 3859 βαλλόμενος.
3328 3790 3380 3842 In
3423 3792 3581 3845 codd.

2010 3872 2189 3911 autem
2212 3859 2345 3911 Maz.
2384 3869 2438 3911 et
2464 3859 2595 3912 Med.
2620 3859 3069 3920 scripliiznim'eni
3091 3860 3176 3911 ἐπ’
3195 3860 3427 3928 ἐμαυτὸν
3453 3860 3584 3927 βαλ-

2011 3930 2256 3998 λόμενος.
2310 3928 2399 3979 Sic
2432 3927 2735 3981 llerodolus
2758 3929 2889 3981 dixit
2920 3927 3243 3998 βαλλόμενος
3261 3931 3345 3997 ἐφ’
3388 3929 3585 3982 ἑαυτοῦ

2012 3999 2282 4069 πέπρηχε.
2321 3998 2373 4050 Id
2428 4007 2528 4061 est,
2564 4000 2801 4066 seipsum
2858 4000 2910 4050 in
2956 3999 3257 4069 ‘consilium
3295 3999 3586 4063 adhibens,

2011 4085 2106 4124 Sua
2134 4066 2333 4137 sponte
2366 4078 2422 4122 et
2454 4069 2675 4136 proprio
2735 4078 2902 4121 motu.
2953 4066 3094 4122 Pene
3129 4068 3419 4121 omiseram
3463 4083 3584 4123 mo-

2007 4154 2154 4199 nere,
2195 4138 2404 4190 initium
2458 4138 2613 4201 hujus
2678 4138 2921 4202 epistola:
2976 4139 3029 4189 in
3097 4137 3283 4190 codice
3324 4137 3581 4191 Medicaeo

2008 4209 2079 4262 ita
2112 4208 2210 4277 legi
2250 4205 2421 4275 εἘγὼ
2446 4205 2503 4277 δὲ
2527 4204 2773 4277 ἐνώπιον,
2801 4215 2929 4268 etc.,
2962 4208 3102 4277 quod
3130 4208 3344 4277 quidem
3385 4208 3586 4277 rectius

2010 4278 2139 4331 mihi
2167 4274 2420 4332 \‘idetnr.
2494 4276 2768 4329 Masculus
2812 4277 2974 4330 verba
3036 4276 3121 4328 illa
3193 4276 3288 4328 καὶ
3350 4274 3587 4332 ἐνώπιον

2010 4364 2179 4416 usque
2218 4346 2282 4399 ad
2314 4346 2571 4415 οὐδεμίαν
2628 4346 2943 4412 parenthesi,
2989 4345 3240 4416 includit.
3298 4346 3408 4400 Sed
3444 4347 3580 4400 nihil

334 4420 764 4495 κατασπώμενος
829 4419 1195 4495 retinenduni_
1234 4431 1563 4495 censen‘uis,
1626 4427 1904 4495 totumque

2013 4414 2236 4495 necesse
2264 4427 2367 4481 est,
2400 4414 2601 4495 quippe
2634 4430 2752 4468 cum
2792 4425 2915 4468 ante
2948 4414 3201 4495 οὐδεμίαν
3233 4425 3482 4495 ponenda
3510 4419 3583 4469 sit

334 4489 509 4543 locum
538 4486 718 4541 abhis
744 4490 918 4541 verbis
952 4487 1045 4541 καὶ
1081 4486 1157 4549 ώς
1181 4486 1272 4537 ἐπὶ
1323 4486 1601 4550 πλείσταις
1647 4486 1901 4557 ἡμέραις,

337 4576 509 4629 usque
546 4560 612 4611 ad
635 4559 723 4610 illa
757 4559 1039 4629 καρτερῶς
1067 4559 1453 4629 ἤνεγκενηιιηυ
1509 4559 1674 4611 ductu
1726 4558 1902 4609 conti-

336 4626 748 4681 nuandam.Ait
787 4626 941 4680 enim
992 4629 1271 4689 Eusebius,
1324 4626 1611 4697 Origenem
1674 4630 1905 4695 equulco

339 4700 672 4765 impositum,
709 4708 819 4749 tum
858 4699 994 4765 ignis
1027 4698 1219 4757 minas,
1249 4707 1358 4748 tum
1396 4697 1600 4765 reliqua
1639 4706 1905 4751 tormenta

336 4768 555 4821 fortiter
588 4769 895 4834 pertuliSse.
939 4766 1104 4820 Ξύλον
1132 4767 1296 4833 igitur
1330 4766 1431 4819 hoc
1476 4766 1597 4819 loco
1623 4777 1706 4819 est
1737 4781 1907 4834 equu-

338 4838 758 4906 lens;quodvel
810 4838 1019 4905 adjecta
1055 4852 1153 4888 vox
1191 4836 1450 4889 declarat.
1498 4836 1720 4900 Quoties
1762 4837 1904 4889 enim

336 4909 399 4959 de
435 4923 602 4959 nervo
645 4922 739 4959 seu
777 4906 1370 4972 compcdibusdicitur,
1427 4906 1745 4973 simpliciter
1795 4906 1903 4958 dici

335 4978 471 5030 solet
502 4974 687 5040 ξύλονς
725 4977 819 5029 sed
849 4991 970 5028 cum
1007 4976 1292 5043 equuleum
1323 4976 1614 5043 significat,
1648 4976 1906 5045 adjicitur

336 5045 447 5099 fere
473 5046 830 5116 κολαστήριον
869 5056 954 5116 aut
990 5046 1423 5116 βασανιστήριον.

404 5117 516 5187 (96)
550 5115 677 5180 Τοῖς
699 5113 1064 5187 ἀναλήψεως
1088 5113 1411 5184 δεομένοις.
1449 5114 1503 5168 Id
1535 5125 1636 5176 cst,
1661 5116 1750 5181 qui
1774 5132 1904 5168 con--

334 5188 593 5240 solutione
620 5186 872 5253 indigent.
893 5188 985 5240 Sic
1009 5187 1150 5239 enim
1178 5188 1538 5239 construenda
1568 5196 1694 5239 sunt
1717 5187 1901 5249 verba,

334 5272 453 5324 qua:
492 5256 757 5309 Eusebius
786 5255 943 5308 solito
969 5271 1117 5309 more
1150 5257 1501 5321 transposuit.
1534 5256 1684 5321 Quod
1723 5261 1904 5308 tamen

337 5343 441 5378 non
484 5326 1192 5393 viditChristophorsonus.
1233 5325 1500 5377 Caeterum
1537 5328 1604 5378 de
1650 5324 1907 5391 AithiOpe

336 5396 600 5465 adversus
634 5394 934 5465 Origeneiu
955 5395 1357 5465 subornatotet
1385 5400 1449 5448 de
1479 5396 1744 5463 ahnegata
1782 5396 1903 5458 fide,

338 5464 469 5517 nihil
504 5465 591 5518 hic
616 5463 752 5517 dicit
782 5464 1064 5526 Eusebius,
1090 5465 1180 5518 sed
1204 5473 1257 5517 et
1280 5463 1541 5518 Baronius
1572 5475 1762 5518 cuncta
1796 5465 1909 5517 inec

340 5532 583 5588 fabulosa
613 5549 733 5587 esse
786 5536 980 5587 merito
1010 5535 1241 5588 censuit.
1290 5533 1569 5588 Nemesius
1620 5544 1798 5588 tamen
1854 5534 1904 5586 in

338 5602 476 5673 l_inro
510 5603 581 5656 De
604 5614 793 5673 natura
814 5604 1060 5670 hominis,
1092 5619 1214 5673 cap.
1243 5605 1330 5670 50,
1362 5606 1733 5659 narrationem
1760 5606 1905 5658 illam

338 5669 623 5738 Epiphanii
653 5672 959 5727 confirmat.

408 5743 518 5810 (97)
564 5742 681 5795 Ἐπ’
706 5743 963 5812 ἐμαυτοῦ
994 5743 1397 5813 βαλλόμενος.
1422 5744 1476 5800 In
1496 5744 1677 5801 codice
1700 5743 1832 5801 Fuk.
1859 5752 1909 5800 et

2010 4489 2315 4549 distinctio,
2350 4498 2407 4538 ut
2443 4488 2640 4538 habent
2671 4499 2859 4538 omnes
2890 4500 3023 4537 mss.
3048 4487 3281 4538 codices.
3322 4486 3580 4538 Scrilren-

2010 4559 2135 4609 dum
2170 4559 2334 4609 etiam
2362 4567 2445 4608 est
2474 4554 2593 4607 οὐδὲ
2643 4554 2770 4623 μίαν
2796 4570 2860 4608 ex
2902 4570 3031 4608 mss.
3080 4556 3356 4609 codicibus
3416 4553 3579 4618 illam,

2010 4626 2145 4680 Med.
2184 4636 2236 4680 et
2266 4625 2399 4679 Fuk.

2081 4696 2192 4763 (98)
2233 4695 2415 4749 Ἀλλὰ
2458 4695 2555 4748 καὶ
2612 4695 2917 4761 πρότερον.
2980 4693 3221 4763 Pessime
3258 4693 3371 4747 lucc
3420 4694 3582 4746 vertit

2008 4762 2553 4834 Cbristopliorsnmis,
2609 4765 2997 4835 quiijrpdrspov
3044 4762 3419 4835 TOG_6LUJY£LO'3
3469 4763 3581 4817 dici

2010 4833 2238 4905 putarit,
2269 4838 2413 4903 quod
2476 4847 2655 4887 tamen
2705 4833 2876 4887 Grzcci
2911 4833 3226 4905 sermonis
3266 4834 3583 4905 proprietas

2010 4902 2114 4958 non
2152 4902 2407 4958 admittit.
2436 4904 2539 4958 Sed
2569 4914 2620 4956 et
2663 4904 2944 4970 sequentia
2989 4902 3231 4970 Dionysii
3264 4904 3427 4970 verba
3486 4906 3584 4954 lin-

2004 4975 2235 5043 jusmodi
2275 4990 2493 5029 simsum
2531 4964 2756 5040 prorsus
2788 4982 3068 5040 respuunt.
3113 4964 3401 5043 Sequitur?
3435 4975 3587 5024 enim

2011 5044 2181 5113 αὐτῆς
2201 5042 2369 5115 ὥρας,
2403 5044 2452 5096 id
2494 5052 2595 5105 cst,
2643 5044 2839 5115 eodem
2890 5053 3135 5112 tempore
3185 5058 3291 5115 quo
3341 5042 3585 5115 edictum.

2010 5113 2404 5181 persecutionis
2458 5122 2575 5166 erat
2627 5114 2980 5180 propositum.
3037 5113 3283 5182 Διωγμός
3342 5114 3482 5164 enim
3547 5126 3581 5163 ιι

2012 5184 2264 5254 Dionysio
2293 5183 2380 5237 hic
2404 5184 2635 5254 sumitur
2661 5183 2959 5254 praedicto
2993 5182 3407 5254 persecutionis.

2082 5250 2191 5324 (99)
2217 5250 2715 5322 Φρουμεντάριον.
2765 5250 3142 5324 Frnlncntarii
3179 5254 3377 5305 milites
3423 5259 3583 5303 erant

2011 5322 2121 5393 qui,
2151 5322 2219 5377 ad
2259 5324 2659 5390 investigandos
2690 5338 2810 5377 reos
2843 5330 2895 5393 ct
2927 5324 2993 5376 ad
3025 5322 3356 5391 colligendos
3401 5334 3585 5393 rumo-

2013 5389 2131 5458 res,
2187 5410 2281 5463 per
2331 5389 2635 5461 provincias
2698 5392 3051 5446 mittebantur
3108 5389 3308 5459 Equos
3364 5389 3579 5463 tandem

2009 5458 2394 5517 Constantinus
2425 5463 2682 5525 abolevit,
2717 5474 2777 5516 ut
2828 5464 3017 5516 scribit
3066 5458 3317 5513 Aurelius
3374 5458 3577 5510 Victor.

2013 5533 2075 5585 lli
2130 5535 2292 5587 etiam
2340 5533 2616 5600 judicibus
2673 5548 2767 5586 seu
2823 5532 3125 5587 rectoribus
3177 5530 3581 5600 prin'im-iarunt

2014 5598 2399 5659 inserviebant.
2433 5605 2504 5656 lla
2545 5604 2931 5657 frmncntarius
2980 5602 3067 5654 ille
3104 5603 3257 5669 cujus
3320 5602 3419 5653 hoc
3467 5598 3585 5651 loro

2014 5675 2257 5726 meminit
2313 5675 2598 5743 Dionysius
2623 5713 2635 5733 ,
2662 5674 2948 5740 deputatus
2980 5678 3099 5725 erat
3152 5672 3219 5725 ad
3264 5669 3582 5738 obsequium

2015 5744 2200 5800 Sabini
2236 5748 2474 5814 praefecti
2506 5744 2835 5813 Augustalis.
