4114 6406
560 343 667 398 605

1304 341 1571 400 EUSEBII
1609 340 2085 401 CJESARIENSIS
2122 340 2272 399 OPP.
2314 339 2493 396 PARS
2528 338 2571 397 1.
2611 372 2681 386 -
2718 334 3105 398 HISTORICA.

3716 330 3830 399 σω

564 464 848 524 grassante
896 456 1162 513 adversus
1188 471 1272 511 me
1324 459 1725 528 persecutione.
1765 458 1977 530 Vixque
2020 468 2138 527 post

2247 475 2352 512 νειν
2369 457 2465 528 (1).
2489 457 2600 511 Kal
2634 457 2785 527 μόλις
2813 457 2950 527 μετά
2974 457 3072 528 τὴν
3101 454 3367 528 τετάρτην
3389 454 3607 528 ἡμέραν
3628 454 3827 511 ulni-

566 553 709 605 diem
757 559 1038 619 qttartum,
1070 565 1191 604 cum
1241 549 1381 605 Deus
1432 551 1560 605 mihi
1594 561 1652 607 ut
1684 552 1789 605 alio
1844 552 2132 622 migrarem

564 642 934 712 prmcepisset,
950 657 1017 697 ac
1042 650 1235 711 prater
1253 642 1564 711 opinionem
1588 643 1830 697 omnium
1850 643 1991 697 viam
2010 659 2136 712 ape-

564 736 790 800 ruisset,
813 749 913 804 ego
939 742 995 788 et
1026 732 1235 797 famuli,
1271 733 1533 802 mullique
1566 750 1631 788 ex
1681 734 1938 789 fratribus
1978 735 2137 790 simul

564 826 768 894 egressi
809 840 1016 880 sumus.
1052 827 1229 895 Atque
1279 825 1335 880 id
1383 825 1576 879 divina:
1606 825 1959 894 providentiae
2002 840 2138 896 opus

565 919 755 982 fuisse,
790 933 970 973 rerum
1013 927 1244 973 eventus
1290 925 1478 986 postea
1509 917 1825 973 declaravit.
1859 918 2136 986 Siquidem

566 1009 842 1065 nonnullis
875 1009 1108 1065 fortasse
1141 1011 1564 1080 haudquaquam
1609 1011 1829 1067 inutiles
1862 1012 2079 1065 fuimus.
2106 1012 2132 1064 ἰ

569 1102 773 1156 Deinde
813 1102 1001 1169 paucis
1036 1103 1394 1172 interpositis,
1428 1119 1488 1157 ea
1516 1120 1637 1173 quae
1670 1104 1767 1173 ipsi
1802 1113 1921 1174 post
1958 1104 2136 1172 fugam

566 1194 912 1264 contigerunt
931 1192 1211 1264 subjungit
1234 1194 1318 1250 his
1335 1196 1545 1250 verbis:
1576 1214 1594 1247 ι
1625 1196 1733 1266 Ego
1754 1196 1970 1264 quidem
1994 1195 2139 1249 circa

567 1285 698 1340 solis
728 1301 981 1340 occasum
1015 1301 1121 1340 una
1154 1301 1276 1341 cum
1320 1288 1614 1342 comitibus
1652 1289 1784 1342 meis
1819 1303 1847 1341 a
1879 1288 2139 1343 militibus

567 1376 1018 1445 comprehensus,
1065 1375 1375 1446 Taposirim
1424 1378 1719 1444 perductus
1758 1392 1899 1431 sum.
1954 1374 2143 1430 Timo-

569 1468 733 1523 theus
776 1483 930 1533 vero,
958 1468 1066 1524 Deo
1114 1470 1188 1523 ita
1231 1468 1577 1538 disponente,
1604 1478 1715 1522 tum
1761 1470 1978 1539 quidem
2033 1485 2139 1522 nou

569 1559 768 1620 adfuit.
804 1575 906 1614 nee
936 1561 1365 1629 comprehensus
1392 1568 1495 1614 est.
1533 1559 1638 1614 Sed
1671 1574 1792 1613 cum
1820 1571 2010 1628 postea
2044 1561 2157 1637 ad—q

567 1652 827 1715 venisset,
866 1652 1085 1705 domum
1136 1666 1360 1707 vacuam
1406 1651 1625 1720 reperit,
1662 1660 1717 1705 et
1760 1650 2022 1706 satellites
2051 1652 2140 1720 qui

566 1756 687 1795 eam
711 1742 1107 1806 custodiebant,
1133 1757 1229 1797 nos
1248 1757 1375 1797 vero
1402 1743 1453 1796 in
1479 1742 1794 1797 servitutem
1823 1743 2135 1797 abductos.»

570 1830 637 1883 Et
663 1832 945 1901 aliquanto
970 1842 1089 1902 post
1121 1851 1136 1887 :
1167 1852 1184 1883 ι
1216 1832 1476 1899 Quisnam
1514 1847 1662 1895 vero,
1698 1834 1909 1901 inquit,
1944 1833 2143 1888 divina:
2172 1813 2215 1867 Β

570 1923 712 1977 illius
740 1924 1109 1993 dispositionis
1139 1924 1273 1977 ordo
1303 1939 1367 1977 ac
1404 1923 1593 1978 modus
1618 1923 1762 1977 fuit?
1790 1923 1974 1978 Dicam
2000 1925 2142 1979 enim

567 2028 689 2081 quae
713 2027 836 2065 vera
873 2022 1019 2066 sunl.
1048 2012 1362 2082 Aufugienti
1409 2022 1465 2067 et
1502 2013 1823 2082 perturbato
1858 2012 2146 2069 Timotheo

570 2105 803 2174 agrestis
833 2104 1235 2175 236'quidam
1255 2118 1579 2167 occurrens.
1601 2119 1821 2157 causam
1844 2103 2147 2158 festinatiu-

569 2196 654 2249 nis
678 2205 1048 2265 percontatur.
1084 2196 1176 2249 Ille.
1206 2210 1317 2250 rem
1346 2205 1403 2249 ut
1430 2206 1549 2250 erat
1577 2197 1845 2265 exposuit.
1870 2195 2144 2259 Rusticus,

570 2300 628 2338 re
660 2285 841 2338 audita
898 2284 1181 2355 (pergebat
1235 2297 1364 2340 tunc
1406 2284 1550 2338 forte
1579 2285 1645 2338 ad
1688 2285 1928 2354 nuptiale
1962 2288 2148 2341 convi-

568 2376 738 2431 vium.
786 2375 978 2430 Solent
1032 2378 1175 2430 enim
1224 2377 1276 2430 in
1332 2377 1634 2443 huiusmodi
1689 2378 1952 2432 conviviis
1979 2387 2145 2431 tutam

569 2476 785 2520 noctem
817 2466 1187 2536 pervigilare),
1230 2467 1505 2537 ingressus
1539 2482 1651 2521 rem
1680 2468 2148 2523 discumbentibus

572 2569 779 2612 narrat.
810 2558 909 2625 Qui
944 2559 1231 2614 confestim
1259 2561 1412 2630 quasi
1446 2561 1603 2630 signo
1639 2562 1786 2628 dato,
1819 2576 2007 2615 omnes
2040 2576 2148 2614 uno

570 2650 772 2721 impetu
797 2659 1258 2705 consurrexerunt
1286 2669 1298 2704 :
1334 2658 1389 2704 ct
1419 2652 1635 2706 concito
1662 2666 1825 2707 cursu
1860 2656 1909 2705 in
1946 2667 2044 2705 nos
2073 2653 2145 2705 ir-

570 2752 812 2807 ruentes,
839 2742 1135 2798 clamorem
1167 2742 1481 2797 ediderunt.
1513 2742 1787 2797 Continuo
1820 2742 2147 2797 satellitibus

569 2833 661 2902 qtti
692 2848 791 2888 nos
824 2834 1202 2888 custodiebant
1239 2835 1290 2887 in
1320 2834 1502 2904 fugam
1530 2834 1724 2901 versis,
1757 2836 2147 2903 supervenien-

571 2933 677 2987 tes,
711 2938 830 2988 nos,
858 2930 915 2976 ut
943 2937 1179 2986 eramus,
1213 2924 1370 2977 nudis
1411 2923 1464 2977 in
1498 2924 1739 2991 grabatis
1775 2924 2021 2993 jacentcs
2056 2925 2149 2979 de-

570 3014 995 3084 prehenderunt.
1025 3014 1101 3068 Ac
1127 3015 1307 3083 primo
1324 3015 1538 3083 quidem
1572 3023 1813 3083 aspectu,
1872 3015 2035 3070 Deum
2064 3024 2149 3070 te-

569 3114 709 3171 stor,
738 3105 974 3159 latrones
1002 3120 1121 3159 esse
1150 3106 1468 3160 existimans
1496 3107 1586 3175 qui
1634 3108 1897 3177 spoliandi
1918 3124 1981 3163 ac
2010 3111 2145 3165 diri-

571 3198 749 3265 piendi
786 3213 951 3253 causa
985 3199 1288 3267 venissent,
1323 3217 1549 3256 manens
1572 3201 1624 3254 in
1656 3202 1855 3257 lectulo
1887 3218 2005 3259 meo
2042 3220 2145 3257 nu-

571 3291 694 3354 tius,
718 3289 834 3344 sola
862 3299 1080 3359 opertus
1111 3292 1250 3345 linea
1280 3293 1479 3357 tunica,
1509 3293 1770 3362 reliquam
1798 3304 1998 3349 vestem
2028 3310 2147 3363 qua:

566 3381 720 3449 juxta
758 3397 843 3435 me
873 3382 1049 3451 posita
1074 3393 1193 3437 erat
1222 3385 1301 3438 eis
1335 3383 1575 3452 porrexi.
1610 3384 1682 3436 At
1714 3384 1786 3437 illi
1821 3398 2147 3453 consurgere

572 3485 659 3523 me
681 3479 735 3523 et
757 3486 917 3539 quam
943 3471 1227 3526 celerrime
1257 3472 1526 3541 proﬁcisci
1548 3474 1848 3542 jusserunt.
1879 3473 2028 3529 Tune
2053 3476 2145 3529 de-

576 3576 719 3615 tnum
761 3562 1065 3632 intelligens
1111 3564 1268 3633 cujus
1300 3564 1374 3618 rei
1406 3566 1575 3632 gratia
1623 3566 1919 3629 venissent,
1948 3566 2143 3620 vocife-

574 3654 682 3708 rari
714 3654 874 3723 cmpi,
900 3670 1096 3725 rogans
1128 3665 1295 3725 atque
1325 3656 1605 3709 obtestans
1646 3664 1701 3708 ut
1737 3656 1973 3723 abirent,
2022 3671 2145 3711 nos-

572 3758 678 3809 que
705 3744 818 3799 illic
844 3745 1199 3800 dimitterent.
1248 3744 1401 3812 Quod
1427 3746 1471 3799 si
1503 3745 1569 3800 de
1600 3745 1757 3799 nobis
1788 3746 1925 3801 bene
1950 3748 2145 3801 mereri

574 3835 792 3900 vellent,
818 3837 1043 3891 orabam
1075 3846 1133 3889 ut
1153 3850 1247 3892 eos
1276 3836 1367 3904 qui
1401 3851 1487 3892 me
1517 3838 1857 3892 abducebant
1890 3836 2147 3891 satellites

575 3929 961 3996 prmvenirent,
992 3928 1201 3998 ipsique
1228 3938 1390 3998 caput
1422 3928 1550 3982 mihi
1580 3929 1880 3984 demerent.
1904 3926 2032 3982 Haec
2063 3942 2147 3981 me

576 4019 984 4085 vociferantem,
1016 4028 1075 4072 ut
1131 4030 1331 4074 norunt
1367 4020 1403 4075 ii
1455 4022 1548 4090 qui
1599 4020 1731 4075 mihi
1777 4027 2053 4075 consortes
2094 4028 2148 4074 et

577 4111 867 4181 participes
895 4126 1261 4165 a:rumnarum
1293 4114 1532 4165 omnium
1562 4112 1732 4174 fuere,
1763 4112 1987 4166 invitum
2023 4127 2144 4165 sur-

575 4217 702 4269 gere
728 4211 1043 4271 coegerunt.
1076 4204 1151 4254 Ac
1184 4217 1267 4254 me
1305 4201 1521 4269 quidem
1553 4202 1671 4270 ipse
1710 4201 1857 4255 humi
1889 4201 2142 4270 supinum

574 4293 767 4363 abjeci.
809 4291 886 4346 llli
939 4306 1068 4346 vero
1106 4290 1330 4356 pedibus
1382 4292 1744 4362 manibusque
1788 4292 2145 4361 comprehen-

2240 549 2433 613 σαντός
2485 565 2574 618 μοι
2628 548 2957 619 μεταστῆναι
3004 547 3100 601 τοῦ
3149 546 3309 610 Θεοῦ,
3354 548 3448 602 καὶ

2236 642 2672 711 ὁδοποιήσαντος,
2716 639 2826 709 ἐγώ
2859 657 2917 692 τε
2957 641 3051 693 καὶ
3082 641 3133 692 οἱ
3182 642 3370 704 παῖδες
3394 641 3467 711 (2)
3502 642 3595 694 καὶ
3638 641 3830 696 πολλοὶ⁵

2237 733 2345 785 τῶν
2384 730 2628 800 ἀδελφῶν
2676 730 2792 800 ἅμα
2840 730 3257 802 συνεξήλθομεν.
3311 732 3421 785 Kal
3461 733 3543 784 ὅτι
3583 731 3687 802 τῆς
3729 731 3827 785 τοῦ

2238 823 2372 876 Θεοῦ
2414 822 2671 894 προνοίας
2714 820 2872 893 ἔργον
2910 824 3082 875 έκεῖνο
3107 823 3318 891 γέγονε,
3360 822 3428 875 τά
3456 822 3583 894 ἑξῆς
3623 821 3829 891 ἐδήλω-

2240 932 2363 969 σεν’
2401 915 2458 967 ὲν
2504 911 2586 978 οἷς
2634 915 2774 984 τάχα
2819 914 2930 967 τισὶ
2962 915 3266 985 γεγόναμεν
3312 916 3591 986 χρήσιμοι.
3621 933 3641 967 ι
3690 907 3832 969 Εἶτά

2238 1025 2359 1061 τινα
2396 1007 2597 1078 μεταξὺ
2644 1006 2837 1071 εἰπὼν,
2880 1006 2951 1059 τὰ
2981 1006 3119 1077 μετὰ
3149 1007 3251 1077 τὴν
3288 1008 3464 1077 φυγὴν
3504 1006 3655 1076 αύτῷ
3688 1024 3833 1075 συμ-

2240 1098 2511 1169 6ε6ηκότα
2553 1097 2721 1169 δηλοῖ,
2770 1096 2943 1151 ταῦτα
2994 1097 3300 1169 ἐπιφέρων*
3345 1118 3363 1151 ι
3396 1098 3536 1167 Ἐγὼ
3569 1100 3672 1170 μὲν
3716 1100 3831 1171 γάρ

2241 1191 2369 1262 περὶ
2399 1191 2547 1261 ἡλίου
2578 1189 2788 1261 δυσμὰς
2817 1190 2931 1260 ἅμα
2971 1191 3085 1253 τοῖς
3116 1191 3212 1243 σὺν
3244 1190 3366 1261 ἐμοὶ
3396 1191 3690 1261 γενόμενος
3722 1192 3830 1245 ὑπὸ

2239 1289 2351 1347 τοῖς
2379 1282 2755 1355 στρατιώταις,
2788 1284 2864 1345 εἰς
2884 1279 3181 1353 Ταπόσιριν
3204 1281 3375 1353 ήχθην
3394 1300 3407 1311 ·
3428 1284 3455 1335 ό
3479 1282 3534 1335 δὲ
3561 1281 3830 1353 Τιμόθεος

2241 1376 2385 1429 κατά
2415 1376 2513 1447 τὴν
2545 1373 2638 1427 τοῦ
2670 1371 2805 1425 Θεοῦ
2847 1373 3103 1443 πρόνοιαν
3134 1371 3288 1443 ἔτυχε
3325 1373 3397 1443 μὴ
3447 1372 3659 1445 παρὼν,
3692 1374 3830 1445 μηδὲ

2242 1466 2628 1537 καταληφθείς.
2664 1463 2863 1518 Ἐλθὼν
2890 1465 2946 1517 δὲ
2975 1463 3221 1534 ὕστερον,
3245 1456 3372 1534 εὗρε
3398 1464 3491 1517 τὸν
3516 1461 3663 1517 οἷκον
3699 1465 3831 1537 ἔρη-

2247 1576 2366 1631 μον,
2394 1560 2486 1612 καὶ
2512 1556 2881 1629 φρουροῦντας
2905 1555 3064 1608 αὑτὸν
3092 1554 3389 1625 ὑπηρέτας,
3415 1557 3560 1626 ἡμᾶς
3582 1557 3640 1609 δὲ
3670 1556 3831 1626 ἐξην-

2242 1650 2719 1723 δραποδισμένους.
2749 1668 2766 1700 ι
2804 1648 2912 1701 Kal
2961 1647 3076 1719 μεθ’
3104 1647 3270 1719 ’ἐτερά
3300 1665 3461 1719 φησι·
3504 1668 3520 1699 ι
3548 1650 3658 1702 Kal
3684 1648 3771 1711 τίς
3801 1651 3830 1702 6

2244 1746 2341 1815 τῆς
2387 1742 2696 1813 θαυμασίας
2742 1739 3050 1811 οἰκονομίας
3096 1738 3261 1793 αὑτοῦ
3304 1740 3537 1810 τρόπος;
3588 1741 3670 1794 Τὰ
3717 1740 3830 1811 γὰρ

2244 1835 2419 1906 ἀληθῆ
2460 1834 2803 1906 λεχθήσεται.
2860 1833 3156 1905 Ἀπήντετό
3195 1849 3281 1895 τις
3326 1832 3433 1885 τῶν
3474 1833 3722 1905 χωριτῶν
3751 1834 3827 1903 (5)

2245 1926 2607 1996 ὑποφεύγοντι
2638 1926 2715 1996 τῷ
2754 1924 3002 1996 Τιμοθέῳ
3036 1924 3130 1978 κα).
3160 1925 3567 1996 τεταραγμένῳ,
3604 1926 3697 1978 καὶ
3727 1926 3830 1995 τὴν

2244 2022 2421 2075 αἰτίαν
2454 2022 2553 2092 τῆς
2590 2020 2849 2083 ἐπείξεως
2890 2016 3138 2070 ἐπύθετο.
3186 2018 3243 2070 Ὀ
3268 2017 3325 2070 δὲ
3358 2018 3585 2089 τάληθὲς
3619 2017 3827 2084 ὲξεῖπε’

2245 2115 2495 2177 κάκεῖνος
2538 2112 2774 2174 ἀκούσας
2801 2111 2985 2180 (ἀπῄει
3024 2109 3081 2162 δὲ
3131 2110 3541 2180 εύωχησόμενος
3577 2110 3828 2180 γάμους·

2244 2204 2680 2276 διαπαννυχίζειν
2708 2205 2816 2276 γὰρ
2844 2205 3027 2266 αὐτοῖς
3052 2205 3109 2255 ὲν
3138 2205 3258 2266 ταῖς
3284 2203 3559 2267 τοιαύταις
3590 2204 3833 2267 συνόδοις

2246 2296 2424 2365 ἔθος),
2473 2294 2728 2349 εἰσελθὼν
2777 2291 3079 2364 ἀπήγγειλε
3123 2292 3235 2353 τοῖς
3280 2290 3727 2361 κατακειμένοις’
3778 2290 3830 2343 οι

2244 2390 2386 2460 ὁρμῇ
2424 2389 2519 2459 μιᾷ
2548 2386 2799 2457 καθάπερ
2832 2384 2940 2439 ἀπὸ
2964 2383 3305 2453 συνθήματος
3334 2383 3408 2451 (4)
3438 2382 3637 2445 πάντες
3670 2381 3830 2447 ἐξαν-

2247 2477 2501 2548 έστησαν,
2553 2478 2648 2529 κα).
2671 2475 2858 2547 δρόμῳ
2891 2473 3177 2545 φερόμενοι
3204 2472 3430 2542 τάχιστα
3459 2468 3613 2542 ἧκον,
3645 2472 3832 2523 ἐπεισ-

2247 2565 2502 2625 πεσόντες
2530 2581 2589 2617 τε
2623 2565 2774 2634 ἡμῖν,
2811 2561 3115 2631 ἠλάλαξανο
3150 2560 3241 2614 καὶ
3272 2560 3447 2630 φυγῆς
3489 2559 3690 2621 εὑθέως
3720 2559 3831 2611 τῶν

2248 2654 2629 2725 φρουρούντων
2654 2655 2800 2724 ἡμᾶς
2823 2653 3168 2726 στρατιωτῶν
3187 2651 3505 2722 γενομένης,
3523 2650 3832 2718 ἐπέστησαν

2248 2748 2379 2817 ἡμῖν
2424 2745 2500 2809 ὡς
2546 2745 2763 2815 εἴχομεν
2800 2745 2893 2798 ἐπὶ
2933 2744 3041 2798 τῶν
3075 2742 3366 2815 ἀστρώτων
3415 2740 3727 2811 σκιμπύδων
3752 2740 3830 2810 (5)

2249 2837 2655 2906 κατακείμενοι.
2710 2835 2881 2904 Κάγὼ
2936 2836 3053 2905 μὲν,
3093 2831 3231 2888 οἶδεν
3267 2836 3295 2887 ὁ
3335 2833 3486 2896 Θεὸς,
3515 2832 3589 2894 ὡς
3627 2830 3832 2904 λῃστὰς

2248 2923 2387 2981 εἴναι
2416 2927 2679 2998 πρότερον
2713 2924 3011 2996 ἡγούμενος
3061 2924 3153 2976 ἐπὶ
3196 2923 3419 2993 σύλησιν
3452 2923 3544 2975 καὶ
3573 2920 3834 2992 ἁρπαγὴν

2248 3019 2629 3088 ἀφικομένους,
2667 3018 2842 3087 μένων
2870 3017 2963 3069 ἐπὶ
2991 3017 3090 3086 τῆς
3123 3016 3301 3084 εὑνῆς,
3334 3008 3401 3085 ἦς
3436 3014 3579 3083 ἤμην
3603 3010 3830 3081 γυμνὸς,

2249 3112 2307 3162 ὲν
2340 3110 2417 3180 τῷ
2444 3108 2572 3179 λινῷ
2627 3108 2916 3180 ὲσθήματι,
2959 3107 3056 3178 τὴν
3107 3107 3162 3159 δὲ
3192 3104 3384 3175 λοιπὴν
3414 3103 3615 3173 ἐσθῆτα
3648 3118 3829 3173 παρα-

2248 3202 2508 3272 κειμένην
2536 3201 2719 3263 αὑτοῖς
2745 3199 2971 3271 ὤρεγον.
3002 3200 3063 3251 Ol
3108 3197 3164 3251 δὲ
3200 3193 3577 3262 ἐξανίστασθαι
3620 3210 3681 3247 τε
3710 3192 3833 3244 ἐκέ-

2247 3291 2398 3344 λευον
2424 3292 2518 3343 καὶ
2546 3291 2644 3361 τὴν
2677 3290 2937 3360 ταχίστην
2985 3287 3205 3355 ἐξιέναι.
3233 3286 3343 3340 Καὶ
3370 3285 3491 3338 τότε
3532 3283 3712 3346 συνεὶς
3742 3282 3830 3351 ἐφ’

2246 3375 2290 3449 ᾧ
2323 3382 2594 3453 παρῆσαν,
2622 3382 2927 3452 ἀνέκραγον
2953 3379 3204 3449 δεόμενος
3238 3376 3416 3430 αὑτῶν
3446 3378 3541 3429 κα).
3572 3372 3830 3426 ἱκετεύων

2247 3473 2463 3526 ἀπιέναι
2508 3473 2603 3525 καὶ
2640 3474 2788 3542 ἡμᾶς
2831 3472 2947 3541 ὲᾷνο
2999 3471 3047 3522 εί
3086 3469 3143 3521 δὲ
3180 3467 3455 3538 βούλονταί
3500 3484 3552 3518 τι
3592 3462 3830 3536 χρηστὸν

2248 3565 2608 3636 ἐργάσασθαι,
2662 3566 2788 3626 τοὺς
2834 3562 3146 3630 ἀπάγοντάς
3196 3578 3261 3630 με
3313 3559 3536 3629 φθάσαι,
3584 3558 3679 3611 καὶ
3729 3557 3832 3627 τὴν

2249 3656 2489 3726 κεφαλὴν
2540 3657 2734 3717 αὑτοὺς
2789 3653 2887 3724 τὴν
2935 3653 3076 3722 ἐμὴν
3128 3653 3422 3721 ἀποτεμεῖν
3467 3649 3672 3718 ὴξίουν.
3718 3651 3832 3703 Kal

2246 3746 2468 3800 τοιαῦτα
2501 3745 2748 3816 βοῶντος,
2783 3744 2857 3807 ὡς
2888 3742 3063 3796 ῐσασιν
3092 3744 3141 3795 οἱ
3168 3741 3410 3795 κοινωνοί
3443 3758 3543 3810 μου
3571 3740 3666 3794 καὶ
3702 3740 3832 3808 μέτ-

2248 3857 2360 3908 οχοι
2386 3838 2601 3890 πάντων
2630 3838 2931 3907 γενόμενοι,
2991 3835 3286 3888 ἀνίστασαν
3325 3834 3459 3905 πρὸς
3492 3832 3627 3902 βίαν.
3658 3830 3829 3899 Κάγὼ

2253 3930 2349 3998 μὲν
2384 3928 2607 4001 παρῆκα
2632 3928 2866 3998 ὲμαυτδν
2900 3926 3087 3979 ὕπτιον
3121 3928 3199 3988 εἰς
3233 3923 3491 3992 τοῦδαφος
3510 3940 3522 3953 ο
3553 3924 3602 3973 οί
3628 3921 3684 3975 δὲ
3713 3921 3817 3974 δια-

2252 4019 2505 4081 λαϐόντες
2556 4020 2756 4089 χειρῶν
2807 4021 2901 4071 καὶ
2961 4017 3137 4070 ποδῶν
3160 4057 3174 4079 ,
3230 4016 3482 4087 σύροντες
3539 4014 3826 4085 ἐξήγαγον.

2265 4110 2691 4181 Ἐπηκολούθουν
2726 4110 2780 4163 δέ
2827 4127 2913 4179 μοι
2953 4111 3001 4162 οἱ
3045 4110 3249 4162 τούτων
3293 4108 3509 4160 πάντων
3549 4106 3830 4174 γενόμενοι

2255 4201 2549 4273 μάρτυρες,
2580 4201 2759 4263 Γάῖος.
2788 4200 3048 4264 Φαῦστος,
3095 4201 3329 4272 Πέτρος,
3354 4200 3594 4264 Παῦλος·
3641 4201 3689 4252 οἳ
3735 4200 3831 4252 καὶ

2252 4293 2611 4356 ὑπολαϐόντες
2628 4292 2703 4364 (6)
2731 4310 2818 4363 με,
2848 4293 3085 4363 φοράδην
3114 4273 3381 4363 ἐξήγαγον
3409 4292 3501 4345 τοῦ
3531 4290 3828 4362 πολιχνίου,

647 4486 1129 4562 (1)-Διωκόμξνολις
1166 4485 1392 4562 μένειγ.
1425 4486 1479 4539 1η
1518 4485 1675 4541 codd.
1705 4485 1867 4562 Mam,
1916 4486 2052 4562 Med.
2086 4500 2144 4562 et

2323 4489 2399 4562 (4)
2432 4491 2575 4546 Ἀπὸ
2598 4492 3004 4561 συνθήματος.
3032 4494 3125 4550 Sic
3158 4497 3210 4548 in
3260 4495 3418 4548 codd.
3451 4493 3657 4549 Med.et
3684 4493 3822 4548 Max.

578 4555 713 4611 Fuk.
745 4556 935 4625 legitur
970 4555 1294 4625 διωκόμενον
1326 4556 1489 4627 ἐχειν,
1530 4566 1584 4611 et
1605 4556 1765 4624 paulo
1789 4566 1914 4611 ante
1949 4559 2009 4611 οὑ
2037 4558 2146 4630 γὰρ

578 4627 919 4678 ἐπίστευσεν.
982 4648 987 4655 ·

578 4630 919 4679 ἐπίστευσεν.
982 4648 987 4655 ·

648 4696 724 4766 (2)
753 4696 861 4761 Καὶ
887 4698 939 4748 οἱ
968 4694 1195 4761 παῖδες.
1217 4694 1490 4751 Muscnlns
1515 4705 1569 4751 et
1616 4694 2148 4765 Christopborsouus

579 4776 865 4819 verterunt
895 4766 1062 4827 liberi,
1093 4767 1235 4834 quod
1270 4782 1374 4835 non
1408 4766 1595 4835 probo.

649 4836 727 4906 ('5)
765 4835 1094 4906 'Amjrrerd
1139 4852 1229 4901 τις
1254 4834 1711 4906 ίτὼκχωριτῶν.
1754 4837 1810 4892 In
1841 4838 2000 4894 codd.
2038 4838 2151 4893 Me-

578 4905 957 4980 ilic'ze_o,‘lllaz.4,
983 4905 1145 4980 Med_.,
1175 4905 1306 4980 Fuit.
1334 4916 1389 4961 et
1424 4906 1594 4980 Savil.
1630 4909 1888 4980 scribitur
1907 4910 2147 4980 ἀπήντα,

580 4976 720 5041 apud
747 4974 1035 5047 Georgium
1066 4975 1402 5047 iSyncellumA
1441 4977 1737 5046 ἀπηντᾶτο,
1788 4978 1933 5047 quod
1978 4974 2151 5047 magis

582 5047 777 5120 placet.
798 5043 934 5120 llam
969 5045 1238 5120 ἀπήντετο
1276 5043 1739 5120 ρξηι-ἰειμοειίριιιιι
1797 5043 1900 5120 est.
1964 5043 2147 5120 Χωρί-

580 5112 678 5178 τας
714 5114 1001 5187 indigenas
1059 5112 1220 5168 vertit
1270 5112 1829 5187 Christopborsouus;
1879 5112 2149 5187 interpres

582 5184 837 5255 Syucelli,
865 5183 1315 5255 incolannettler
1349 5183 1529 5255 bene:
1576 5196 1717 5255 sunt
1770 5188 1913 5241 enim
1960 5183 2145 5243 rustici

580 5254 845 5329 ltuittiues.
894 5255 986 5307 Sic
1032 5254 1083 5305 in
1125 5254 1371 5329 conciliis
1413 5254 1647 5329 Gracis,
1687 5258 1735 5309 οί
1788 5257 1929 5329 τῶνΔ
1956 5257 2148 5329 χωρῶν

582 5322 962 5394 πρεσϐύτεροι.
999 5325 1281 5392 presbyteri
1311 5341 1575 5394 pagorum
1600 5327 1869 5381 dicuntur.
1907 5322 2010 5384 Pri)
2039 5322 2148 5381 τῶν

582 5392 1277 5465 χωριτῷνίιιοεινζςοαίεοε
1305 5393 1641 5465 ΜυκηνΜοιΙ.
1693 5412 1756 5451 ac
1819 5397 1956 5453 Fuk.
2014 5403 2151 5454 serio

581 5461 729 5530 ptum
762 5461 1088 5517 habenttt‘iw
1120 5463 1390 5534 χωρικῶν.
1440 5463 1533 5534 Sic
1579 5464 1929 5521 Alexandrini
1992 5483 2149 5523 voca-

578 5535 996 5603 bantirusticos,
1021 5543 1077 5587 ut
1100 5533 1294 5602 legitur
1325 5536 1376 5587 in
1412 5533 1594 5587 libello
1636 5536 1780 5603 Soph
1795 5539 1930 5591 runii
1960 5540 2147 5593 adver-

576 5618 665 5655 sus
702 5602 1012 5674 Dioscorum
1065 5609 1157 5674 qui
1213 5603 1428 5674 oblatus
1461 5614 1541 5657 est
1602 5602 1813 5674 syuOdo
1855 5608 2148 5662 Chalcedo-

579 5673 752 5747 nensi,
810 5672 948 5747 μετά
996 5673 1271 5743 φάλαγγος
1320 5672 1910 5747 λψτρικῆςάοῳικῶν
1958 5696 2015 5731 τε
2059 5679 2150 5734 καὶ

576 5740 661 5793 ἑτέ
668 5758 778 5811 ρων
812 5740 989 5796 τινῶν.

2250 4562 2526 4627 scribitur,
2566 4571 2750 4625 recte;
2787 4578 2885 4617 nec
2930 4566 3092 4618 aliter
3132 4565 3288 4619 codd.
3340 4563 3478 4619 Fuit.
3535 4574 3590 4619 et
3652 4564 3824 4621 Savil.

2251 4630 2673 4706 Te§t_ttsjttlg.,_
2688 4632 2792 4706 ὑπδ
2822 4633 3148 4706 συνθήματι.

2322 4701 2401 4774 (5)
2444 4702 2573 4755 Ἐπὶ
2602 4701 3067 4774 τῶνλᾴστρώιίων
3113 4704 3481 4774 σκιμπόδιον.
3516 4703 3825 4773 Scimpodia

2250 4771 2587 4843 voeabautur
2610 4771 2840 4843 humiles
2875 4772 3020 4838 lecti,
3051 4771 3238 4843 quales
3273 4776 3541 4841 hodieque
3588 4775 3638 4828 in
3668 4771 3827 4827 ‘auLis

2251 4840 2517 4895 habemus
2542 4841 2763 4894 sedendi
2793 4840 3268 4901 duntaxat—causa.
3299 4840 3562 4897 Libariius
3590 4843 3641 4895 in
3699 4859 3826 4895 ora-

2249 4910 2409 4983 tione
2424 4909 2497 4962 De
2514 4911 2617 4983 v_t'ta
2642 4927 2761 4983 sua,
2785 4925 2906 4983 pag.
2937 4912 3007 4965 47
3046 4931 3058 4966 '.
3085 4914 3235 4983 Οἴκοι
3256 4930 3315 4965 τε
3345 4913 3436 4983 ἐπὶ
3471 4911 3824 4983 τῆςᾉκλίνης,

2251 4979 2342 5052 ἐπὶ
2367 4978 2423 5052 δὲ
2457 4978 2552 5032 τοῦ
2590 4980 2886 5052 σκίμποδος
2937 4984 2996 5034 ὲν
3031 4982 3108 5052 τῷ
3153 4978 3535 5052 διδασκαλείῳζ
3578 4981 3642 5052 Et
3684 4978 3827 5036 The-

2255 5050 2468 5121 niistius
2495 5050 2743 5103 oratione
2774 5050 2828 5115 9,
2871 5066 2937 5104 ex
2992 5050 3189 5121 quibus
3240 5061 3461 5121 apparet
3481 5050 3501 5114 ἡ,
3559 5051 3823 5121 ejusmodi

2254 5118 2459 5191 lectus
2501 5135 2766 5187 a'grorum
2819 5118 3156 5177 causa—fere
3222 5118 3570 5191 cotitparatos
3632 5120 3819 5191 fuisse.

2266 5187 2582 5259 Ἀστρὼτων
2629 5202 2758 5242 vero
2808 5193 3005 5245 nudum
3046 5191 3203 5255 verti,
3243 5187 3461 5245 secutus
3519 5188 3821 5244 Martialem

2252 5260 2341 5327 qui
2376 5258 2792 5332 ii_i_ApopIioretis
2823 5260 2893 5313 ita
2929 5262 2992 5315 de
3020 5261 3290 5315 lodicibus
3314 5262 3551 5332 loquitur
3581 5275 3593 5309 :

2396 5328 2557 5399 Nudo
2584 5334 2843 5399 stramina
2870 5346 2932 5382 ne
2960 5342 3072 5384 toro
3102 5341 3357 5399 paterent,

2391 5398 2605 5450 Juncta:
2637 5413 2729 5449 nos
2753 5398 2847 5451 tibi
2870 5398 3107 5452 venimus
3142 5416 3369 5454 sorores.

2323 5468 2400 5537 (6)
2434 5466 2500 5518 02‘
2522 5466 2618 5518 καὶ
2667 5468 3095 5534 ὑπολαϐόντες.
3139 5469 3261 5524 lla:c
3327 5469 3493 5523 verba
3546 5468 3824 5524 referenda

2253 5551 2374 5592 esse
2403 5537 2656 5589 existimo
2722 5540 2787 5590 ad
2827 5540 3015 5591 Caium
3056 5550 3111 5593 et
3157 5539 3414 5592 Faustum
3470 5548 3526 5593 et
3588 5539 3827 5606 reliquos

2254 5609 2622 5677 presbyteros,
2680 5607 2771 5673 qui
2834 5607 3147 5678 Dionysium
3202 5625 3263 5663 ex
3320 5610 3514 5678 oppido
3577 5608 3824 5678 Tapusiri

2253 5682 2629 5747 cxportaruut.
2666 5691 2771 5728 non
2816 5688 2993 5731 autem
3020 5680 3083 5731 ad
3124 5679 3359 5732 rusticos
3395 5678 3513 5733 illos
3556 5687 3608 5731 et
3644 5688 3823 5731 temu-

2254 5743 2430 5804 lentos
2454 5743 2736 5815 convivas,
2772 5756 2831 5804 ut
2862 5749 3046 5805 retulit
3074 5747 3627 5815 Christopborsouus.
3652 5748 3826 5817 Φορά-
