  <div class='ocr_page' id='page_1' title='image "/cluster/home/n/w/nwhite01/storage/ocr_20150623/20/hvd.32044073501181/316.png"; bbox 0 0 4114 6406; ppageno 0'>
   <div class='ocr_carea' id='block_1_1' title="bbox 307 323 473 384">
    <p class='ocr_par' dir='ltr' id='par_1_1' title="bbox 307 323 473 384">
     <span class='ocr_line' id='line_1_1' title="bbox 307 323 473 384; baseline 0.036 -6"><span class='ocrx_word' id='word_1_1' title='bbox 307 323 473 384; x_wconf 76' lang='grc' dir='ltr'><strong>6ὒ5</strong></span> 
     </span>
    </p>
   </div>
   <div class='ocr_carea' id='block_1_2' title="bbox 1385 335 2629 400">
    <p class='ocr_par' dir='ltr' id='par_1_2' title="bbox 1385 335 2629 400">
     <span class='ocr_line' id='line_1_2' title="bbox 1385 335 2629 400; baseline 0.005 -8"><span class='ocrx_word' id='word_1_2' title='bbox 1385 335 1735 394; x_wconf 68' lang='lat' dir='ltr'><strong>HlSTOltl/E</strong></span> <span class='ocrx_word' id='word_1_3' title='bbox 1775 338 2332 398; x_wconf 66' lang='lat' dir='ltr'><strong>ECCLESIASTICIE</strong></span> <span class='ocrx_word' id='word_1_4' title='bbox 2372 340 2500 400; x_wconf 87' lang='lat' dir='ltr'><strong>LIB.</strong></span> <span class='ocrx_word' id='word_1_5' title='bbox 2541 341 2629 398; x_wconf 68' lang='lat' dir='ltr'><strong>Vl.</strong></span> 
     </span>
    </p>
   </div>
   <div class='ocr_carea' id='block_1_3' title="bbox 3552 333 3660 391">
    <p class='ocr_par' dir='ltr' id='par_1_3' title="bbox 3552 333 3660 391">
     <span class='ocr_line' id='line_1_3' title="bbox 3552 333 3660 391; baseline 0 0"><span class='ocrx_word' id='word_1_6' title='bbox 3552 333 3660 391; x_wconf 75' lang='lat'><strong>606</strong></span> 
     </span>
    </p>
   </div>
   <div class='ocr_carea' id='block_1_4' title="bbox 313 443 1976 528">
    <p class='ocr_par' dir='ltr' id='par_1_4' title="bbox 313 443 1976 528">
     <span class='ocr_line' id='line_1_4' title="bbox 313 443 1976 528; baseline 0.008 -30"><span class='ocrx_word' id='word_1_7' title='bbox 313 443 463 500; x_wconf 69' lang='grc' dir='ltr'>καὶ</span> <span class='ocrx_word' id='word_1_8' title='bbox 518 447 643 523; x_wconf 73' lang='grc' dir='ltr'>δνῳ</span> <span class='ocrx_word' id='word_1_9' title='bbox 687 451 881 523; x_wconf 78' lang='grc' dir='ltr'>γυμνῷ</span> <span class='ocrx_word' id='word_1_10' title='bbox 928 451 1343 517; x_wconf 83' lang='grc' dir='ltr'>ἐπιϐιϐάσαντες</span> <span class='ocrx_word' id='word_1_11' title='bbox 1392 456 1697 528; x_wconf 77' lang='grc' dir='ltr'><strong>ἀπήγαγον.</strong></span> <span class='ocrx_word' id='word_1_12' title='bbox 1728 477 1746 510; x_wconf 73' lang='grc' dir='ltr'><strong>ι</strong></span> <span class='ocrx_word' id='word_1_13' title='bbox 1804 458 1976 512; x_wconf 73' lang='grc' dir='ltr'>Ταῦτα</span> 
     </span>
    </p>
   </div>
   <div class='ocr_carea' id='block_1_5' title="bbox 2082 443 3652 528">
    <p class='ocr_par' dir='ltr' id='par_1_5' title="bbox 2090 445 3652 527">
     <span class='ocr_line' id='line_1_5' title="bbox 2090 445 3652 527; baseline -0.004 -14"><span class='ocrx_word' id='word_1_14' title='bbox 2090 461 2281 515; x_wconf 79' lang='lat' dir='ltr'><strong>dentes</strong></span> <span class='ocrx_word' id='word_1_15' title='bbox 2306 475 2390 515; x_wconf 91' lang='lat' dir='ltr'><strong>me</strong></span> <span class='ocrx_word' id='word_1_16' title='bbox 2416 460 2637 514; x_wconf 82' lang='lat' dir='ltr'><strong>trahere</strong></span> <span class='ocrx_word' id='word_1_17' title='bbox 2669 460 2828 527; x_wconf 83' lang='lat' dir='ltr'><strong>atque</strong></span> <span class='ocrx_word' id='word_1_18' title='bbox 2853 445 3085 511; x_wconf 66' lang='lat' dir='ltr'><strong>edoceri:</strong></span> <span class='ocrx_word' id='word_1_19' title='bbox 3111 462 3412 525; x_wconf 76' lang='lat' dir='ltr'><strong>cmperunt.</strong></span> <span class='ocrx_word' id='word_1_20' title='bbox 3447 452 3652 523; x_wconf 67' lang='lat' dir='ltr'><strong>Seque</strong></span> 
     </span>
    </p>
   </div>
   <div class='ocr_carea' id='block_1_6' title="bbox 313 539 1486 618">
    <p class='ocr_par' dir='ltr' id='par_1_6' title="bbox 313 539 1486 618">
     <span class='ocr_line' id='line_1_6' title="bbox 313 539 1486 618; baseline 0.013 -31"><span class='ocrx_word' id='word_1_21' title='bbox 313 539 514 609; x_wconf 75' lang='grc' dir='ltr'>περὶ</span> <span class='ocrx_word' id='word_1_22' title='bbox 553 543 747 597; x_wconf 74' lang='grc' dir='ltr'>ἑαυτοῦ</span> <span class='ocrx_word' id='word_1_23' title='bbox 781 546 810 598; x_wconf 87' lang='grc' dir='ltr'><strong>ό</strong></span> <span class='ocrx_word' id='word_1_24' title='bbox 839 544 1109 608; x_wconf 86' lang='grc' dir='ltr'>Διονύσιος</span> <span class='ocrx_word' id='word_1_25' title='bbox 1133 545 1486 618; x_wconf 82' lang='grc' dir='ltr'>διεξέρχεται.</span> 
     </span>
    </p>
   </div>
   <div class='ocr_carea' id='block_1_7' title="bbox 2084 544 3654 615">
    <p class='ocr_par' dir='ltr' id='par_1_7' title="bbox 2084 544 3654 615">
     <span class='ocr_line' id='line_1_7' title="bbox 2084 544 3654 615; baseline -0.004 -11"><span class='ocrx_word' id='word_1_26' title='bbox 2084 551 2281 604; x_wconf 90' lang='lat' dir='ltr'><strong>bantur</strong></span> <span class='ocrx_word' id='word_1_27' title='bbox 2307 565 2391 604; x_wconf 89' lang='lat' dir='ltr'><strong>me</strong></span> <span class='ocrx_word' id='word_1_28' title='bbox 2420 550 2584 605; x_wconf 86' lang='lat' dir='ltr'><strong>Caius</strong></span> <span class='ocrx_word' id='word_1_29' title='bbox 2619 559 2673 604; x_wconf 91' lang='lat' dir='ltr'><strong>et</strong></span> <span class='ocrx_word' id='word_1_30' title='bbox 2703 548 2958 612; x_wconf 72' lang='lat' dir='ltr'><strong>Faustus,</strong></span> <span class='ocrx_word' id='word_1_31' title='bbox 2986 547 3176 602; x_wconf 87' lang='lat' dir='ltr'><strong>Petrus</strong></span> <span class='ocrx_word' id='word_1_32' title='bbox 3208 562 3270 600; x_wconf 91' lang='lat' dir='ltr'><strong>ac</strong></span> <span class='ocrx_word' id='word_1_33' title='bbox 3311 546 3531 612; x_wconf 78' lang='lat' dir='ltr'><strong>Paulus,</strong></span> <span class='ocrx_word' id='word_1_34' title='bbox 3560 544 3654 615; x_wconf 87' lang='lat' dir='ltr'><strong>qui</strong></span> 
     </span>
    </p>
   </div>
   <div class='ocr_carea' id='block_1_8' title="bbox 319 630 3655 715">
    <p class='ocr_par' dir='ltr' id='par_1_8' title="bbox 319 630 3655 715">
     <span class='ocr_line' id='line_1_8' title="bbox 319 630 3655 715; baseline 0.003 -32"><span class='ocrx_word' id='word_1_35' title='bbox 319 630 596 690; x_wconf 80' lang='lat' dir='ltr'><strong>horum</strong></span> <span class='ocrx_word' id='word_1_36' title='bbox 645 639 884 692; x_wconf 91' lang='lat' dir='ltr'><strong>omnium</strong></span> <span class='ocrx_word' id='word_1_37' title='bbox 919 648 1086 696; x_wconf 91' lang='lat' dir='ltr'><strong>testes</strong></span> <span class='ocrx_word' id='word_1_38' title='bbox 1117 639 1288 696; x_wconf 89' lang='lat' dir='ltr'><strong>fuere.</strong></span> <span class='ocrx_word' id='word_1_39' title='bbox 1343 636 1442 708; x_wconf 84' lang='lat' dir='ltr'><strong>Qui</strong></span> <span class='ocrx_word' id='word_1_40' title='bbox 1490 657 1574 698; x_wconf 88' lang='lat' dir='ltr'><strong>me</strong></span> <span class='ocrx_word' id='word_1_41' title='bbox 1624 643 2004 712; x_wconf 82' lang='lat' dir='ltr'><strong>suscipientes,</strong></span> <span class='ocrx_word' id='word_1_42' title='bbox 2061 658 2127 698; x_wconf 73' lang='lat' dir='ltr'><strong>ex</strong></span> <span class='ocrx_word' id='word_1_43' title='bbox 2185 643 2438 714; x_wconf 87' lang='lat' dir='ltr'><strong>oppidulo</strong></span> <span class='ocrx_word' id='word_1_44' title='bbox 2466 651 2846 715; x_wconf 76' lang='lat' dir='ltr'><strong>exportarunt,</strong></span> <span class='ocrx_word' id='word_1_45' title='bbox 2873 658 2934 697; x_wconf 88' lang='lat' dir='ltr'><strong>ae</strong></span> <span class='ocrx_word' id='word_1_46' title='bbox 2959 642 3150 697; x_wconf 88' lang='lat' dir='ltr'><strong>deinde</strong></span> <span class='ocrx_word' id='word_1_47' title='bbox 3173 641 3315 695; x_wconf 89' lang='lat' dir='ltr'><strong>nudo</strong></span> <span class='ocrx_word' id='word_1_48' title='bbox 3345 641 3655 706; x_wconf 78' lang='lat' dir='ltr'><strong>impositum</strong></span> 
     </span>
    </p>
   </div>
   <div class='ocr_carea' id='block_1_9' title="bbox 319 729 2386 808">
    <p class='ocr_par' dir='ltr' id='par_1_9' title="bbox 319 729 2386 808">
     <span class='ocr_line' id='line_1_9' title="bbox 319 729 2386 808; baseline 0.008 -31"><span class='ocrx_word' id='word_1_49' title='bbox 319 729 551 787; x_wconf 78' lang='lat' dir='ltr'><strong>asino</strong></span> <span class='ocrx_word' id='word_1_50' title='bbox 580 734 941 789; x_wconf 79' lang='lat' dir='ltr'><strong>abduxerunt.</strong></span> <span class='ocrx_word' id='word_1_51' title='bbox 975 753 993 786; x_wconf 71' lang='grc' dir='ltr'><strong>ι</strong></span> <span class='ocrx_word' id='word_1_52' title='bbox 1029 733 1096 788; x_wconf 86' lang='grc' dir='ltr'>Ει</span> <span class='ocrx_word' id='word_1_53' title='bbox 1140 735 1254 790; x_wconf 54' lang='lat' dir='ltr'><strong>haec</strong></span> <span class='ocrx_word' id='word_1_54' title='bbox 1285 736 1502 804; x_wconf 81' lang='lat' dir='ltr'><strong>quidem</strong></span> <span class='ocrx_word' id='word_1_55' title='bbox 1541 736 1609 792; x_wconf 86' lang='lat' dir='ltr'><strong>de</strong></span> <span class='ocrx_word' id='word_1_56' title='bbox 1650 736 1837 806; x_wconf 88' lang='lat' dir='ltr'><strong>seipso</strong></span> <span class='ocrx_word' id='word_1_57' title='bbox 1861 737 2148 808; x_wconf 78' lang='lat' dir='ltr'><strong>Dionysius</strong></span> <span class='ocrx_word' id='word_1_58' title='bbox 2181 747 2386 793; x_wconf 89' lang='lat' dir='ltr'><strong>narrat.</strong></span> 
     </span>
    </p>
   </div>
   <div class='ocr_carea' id='block_1_10' title="bbox 916 825 1480 880">
    <p class='ocr_par' dir='ltr' id='par_1_10' title="bbox 916 825 1480 880">
     <span class='ocr_line' id='line_1_10' title="bbox 916 825 1480 880; baseline -0.002 -1"><span class='ocrx_word' id='word_1_59' title='bbox 916 825 1308 880; x_wconf 81' lang='grc' dir='ltr'><strong>ΚΕΦΑΛΑΙΟΝ</strong></span> <span class='ocrx_word' id='word_1_60' title='bbox 1345 827 1480 880; x_wconf 83' lang='lat' dir='ltr'><strong>MA&#39;.</strong></span> 
     </span>
    </p>
   </div>
   <div class='ocr_carea' id='block_1_11' title="bbox 327 913 1978 988">
    <p class='ocr_par' dir='ltr' id='par_1_11' title="bbox 327 913 1978 988">
     <span class='ocr_line' id='line_1_11' title="bbox 327 913 1978 988; baseline 0.004 -24"><span class='ocrx_word' id='word_1_61' title='bbox 327 913 538 981; x_wconf 78' lang='grc' dir='ltr'>Περὶ</span> <span class='ocrx_word' id='word_1_62' title='bbox 600 915 718 969; x_wconf 84' lang='grc' dir='ltr'>τῶν</span> <span class='ocrx_word' id='word_1_63' title='bbox 769 916 861 988; x_wconf 68' lang='grc' dir='ltr'>ἐπ’</span> <span class='ocrx_word' id='word_1_64' title='bbox 936 917 1128 988; x_wconf 50' lang='lat' dir='ltr'><strong>difﬁc</strong></span> <span class='ocrx_word' id='word_1_65' title='bbox 1180 917 1626 988; x_wconf 60' lang='grc' dir='ltr'>Ἀλεξανδρείας</span> <span class='ocrx_word' id='word_1_66' title='bbox 1675 936 1978 988; x_wconf 70' lang='grc' dir='ltr'>μαρτιφη-</span> 
     </span>
    </p>
   </div>
   <div class='ocr_carea' id='block_1_12' title="bbox 365 985 1658 1059">
    <p class='ocr_par' dir='ltr' id='par_1_12' title="bbox 365 985 1658 1059">
     <span class='ocr_line' id='line_1_12' title="bbox 365 985 1658 1059; baseline 0.004 -21"><span class='ocrx_word' id='word_1_67' title='bbox 365 1007 368 1009; x_wconf 94' lang='grc'>·</span> <span class='ocrx_word' id='word_1_68' title='bbox 718 985 960 1040; x_wconf 78' lang='grc' dir='ltr'><em>σάντων</em></span> <span class='ocrx_word' id='word_1_69' title='bbox 987 987 1128 1054; x_wconf 78' lang='lat' dir='ltr'><strong>(Nic.</strong></span> <span class='ocrx_word' id='word_1_70' title='bbox 1167 987 1242 1041; x_wconf 79' lang='lat' dir='ltr'><strong>II.</strong></span> <span class='ocrx_word' id='word_1_71' title='bbox 1270 988 1337 1041; x_wconf 82' lang='lat' dir='ltr'><strong>E.</strong></span> <span class='ocrx_word' id='word_1_72' title='bbox 1365 1004 1419 1043; x_wconf 80' lang='grc' dir='ltr'><strong>γ.</strong></span> <span class='ocrx_word' id='word_1_73' title='bbox 1449 989 1658 1059; x_wconf 71' lang='grc'><strong>29-51).</strong></span> 
     </span>
    </p>
   </div>
   <div class='ocr_carea' id='block_1_13' title="bbox 457 1075 1980 1150">
    <p class='ocr_par' dir='ltr' id='par_1_13' title="bbox 457 1075 1980 1150">
     <span class='ocr_line' id='line_1_13' title="bbox 457 1075 1980 1150; baseline 0.004 -21"><span class='ocrx_word' id='word_1_74' title='bbox 457 1075 538 1129; x_wconf 81' lang='grc'><strong>’0</strong></span> <span class='ocrx_word' id='word_1_75' title='bbox 567 1077 612 1130; x_wconf 79' lang='grc' dir='ltr'>δ’</span> <span class='ocrx_word' id='word_1_76' title='bbox 640 1077 802 1141; x_wconf 75' lang='grc' dir='ltr'>αὐτὸς</span> <span class='ocrx_word' id='word_1_77' title='bbox 832 1079 889 1130; x_wconf 87' lang='grc' dir='ltr'><strong>ἐν</strong></span> <span class='ocrx_word' id='word_1_78' title='bbox 915 1078 1170 1149; x_wconf 78' lang='grc' dir='ltr'><strong>ἐπιστολῇ</strong></span> <span class='ocrx_word' id='word_1_79' title='bbox 1200 1081 1266 1149; x_wconf 83' lang='grc' dir='ltr'>τῇ</span> <span class='ocrx_word' id='word_1_80' title='bbox 1295 1079 1432 1150; x_wconf 79' lang='grc' dir='ltr'>πρὸς</span> <span class='ocrx_word' id='word_1_81' title='bbox 1459 1080 1657 1134; x_wconf 83' lang='grc' dir='ltr'>Φάϐιον</span> <span class='ocrx_word' id='word_1_82' title='bbox 1687 1080 1980 1134; x_wconf 85' lang='grc' dir='ltr'>ἐπίσκοπον</span> 
     </span>
    </p>
   </div>
   <div class='ocr_carea' id='block_1_14' title="bbox 355 1165 1978 1245">
    <p class='ocr_par' dir='ltr' id='par_1_14' title="bbox 355 1165 1978 1245">
     <span class='ocr_line' id='line_1_14' title="bbox 355 1165 1978 1245; baseline 0.006 -27"><span class='ocrx_word' id='word_1_83' title='bbox 355 1165 760 1240; x_wconf 72' lang='grc' dir='ltr'>’Δντιοχέων,</span> <span class='ocrx_word' id='word_1_84' title='bbox 810 1169 920 1223; x_wconf 88' lang='grc' dir='ltr'><strong>τῶν</strong></span> <span class='ocrx_word' id='word_1_85' title='bbox 971 1169 1112 1224; x_wconf 76' lang='grc' dir='ltr'>κατὰ</span> <span class='ocrx_word' id='word_1_86' title='bbox 1167 1171 1353 1224; x_wconf 82' lang='grc' dir='ltr'><strong>Δέκιον</strong></span> <span class='ocrx_word' id='word_1_87' title='bbox 1409 1174 1874 1245; x_wconf 80' lang='grc' dir='ltr'><strong>μαρτυρησάντων</strong></span> <span class='ocrx_word' id='word_1_88' title='bbox 1920 1176 1978 1226; x_wconf 92' lang='grc' dir='ltr'><strong>ἐν</strong></span> 
     </span>
    </p>
   </div>
   <div class='ocr_carea' id='block_1_15' title="bbox 361 1258 1979 1338">
    <p class='ocr_par' dir='ltr' id='par_1_15' title="bbox 361 1258 1979 1338">
     <span class='ocr_line' id='line_1_15' title="bbox 361 1258 1979 1338; baseline 0.004 -27"><span class='ocrx_word' id='word_1_89' title='bbox 361 1258 790 1332; x_wconf 67' lang='grc' dir='ltr'>Ἀλεξανδρείᾳ</span> <span class='ocrx_word' id='word_1_90' title='bbox 809 1263 935 1324; x_wconf 79' lang='grc' dir='ltr'>τοὺς</span> <span class='ocrx_word' id='word_1_91' title='bbox 956 1261 1175 1329; x_wconf 80' lang='grc' dir='ltr'>ἀγῶνας</span> <span class='ocrx_word' id='word_1_92' title='bbox 1198 1261 1387 1316; x_wconf 81' lang='grc' dir='ltr'>τοῦτον</span> <span class='ocrx_word' id='word_1_93' title='bbox 1422 1266 1624 1336; x_wconf 82' lang='grc' dir='ltr'>ἱστορεῖ</span> <span class='ocrx_word' id='word_1_94' title='bbox 1645 1265 1736 1318; x_wconf 83' lang='grc' dir='ltr'><strong>τὸν</strong></span> <span class='ocrx_word' id='word_1_95' title='bbox 1763 1265 1979 1338; x_wconf 84' lang='grc' dir='ltr'>τρόπον·</span> 
     </span>
    </p>
   </div>
   <div class='ocr_carea' id='block_1_16' title="bbox 2660 828 3064 886">
    <p class='ocr_par' dir='ltr' id='par_1_16' title="bbox 2660 828 3064 886">
     <span class='ocr_line' id='line_1_16' title="bbox 2660 828 3064 886; baseline -0.002 -1"><span class='ocrx_word' id='word_1_96' title='bbox 2660 828 2889 886; x_wconf 73' lang='lat' dir='ltr'><strong>CAPUT</strong></span> <span class='ocrx_word' id='word_1_97' title='bbox 2930 829 3064 884; x_wconf 68' lang='lat' dir='ltr'><strong>XLI.</strong></span> 
     </span>
    </p>
   </div>
   <div class='ocr_carea' id='block_1_17' title="bbox 2196 920 3614 992">
    <p class='ocr_par' dir='ltr' id='par_1_17' title="bbox 2196 920 3614 992">
     <span class='ocr_line' id='line_1_17' title="bbox 2196 920 3614 992; baseline -0.002 -16"><span class='ocrx_word' id='word_1_98' title='bbox 2196 922 2272 977; x_wconf 87' lang='lat' dir='ltr'><strong>De</strong></span> <span class='ocrx_word' id='word_1_99' title='bbox 2299 923 2364 977; x_wconf 78' lang='lat' dir='ltr'><strong>iis</strong></span> <span class='ocrx_word' id='word_1_100' title='bbox 2392 923 2480 992; x_wconf 78' lang='lat' dir='ltr'><strong>qui</strong></span> <span class='ocrx_word' id='word_1_101' title='bbox 2514 922 2853 978; x_wconf 72' lang='lat' dir='ltr'><strong>Alexandria:</strong></span> <span class='ocrx_word' id='word_1_102' title='bbox 2882 921 3198 991; x_wconf 79' lang='lat' dir='ltr'><strong>martyrium</strong></span> <span class='ocrx_word' id='word_1_103' title='bbox 3227 920 3514 975; x_wconf 77' lang='lat' dir='ltr'><strong>subierunt.</strong></span> <span class='ocrx_word' id='word_1_104' title='bbox 3607 927 3614 932; x_wconf 79' lang='grc'><strong>“</strong></span> 
     </span>
    </p>
   </div>
   <div class='ocr_carea' id='block_1_18' title="bbox 2145 1076 3642 1150">
    <p class='ocr_par' dir='ltr' id='par_1_18' title="bbox 2145 1076 3642 1150">
     <span class='ocr_line' id='line_1_18' title="bbox 2145 1076 3642 1150; baseline -0.003 -15"><span class='ocrx_word' id='word_1_105' title='bbox 2145 1081 2201 1135; x_wconf 89' lang='lat' dir='ltr'><strong>In</strong></span> <span class='ocrx_word' id='word_1_106' title='bbox 2232 1079 2459 1150; x_wconf 89' lang='lat' dir='ltr'><strong>epistola</strong></span> <span class='ocrx_word' id='word_1_107' title='bbox 2487 1093 2617 1133; x_wconf 88' lang='lat' dir='ltr'><strong>vero</strong></span> <span class='ocrx_word' id='word_1_108' title='bbox 2638 1080 2704 1133; x_wconf 89' lang='lat' dir='ltr'><strong>ad</strong></span> <span class='ocrx_word' id='word_1_109' title='bbox 2738 1079 2962 1134; x_wconf 80' lang='lat' dir='ltr'><strong>Fabium</strong></span> <span class='ocrx_word' id='word_1_110' title='bbox 2984 1079 3294 1148; x_wconf 83' lang='lat' dir='ltr'><strong>episcopum</strong></span> <span class='ocrx_word' id='word_1_111' title='bbox 3320 1076 3642 1137; x_wconf 65' lang='lat' dir='ltr'><strong>Antiochiae.</strong></span> 
     </span>
    </p>
   </div>
   <div class='ocr_carea' id='block_1_19' title="bbox 2080 1168 3658 1242">
    <p class='ocr_par' dir='ltr' id='par_1_19' title="bbox 2080 1168 3658 1242">
     <span class='ocr_line' id='line_1_19' title="bbox 2080 1168 3658 1242; baseline -0.004 -16"><span class='ocrx_word' id='word_1_112' title='bbox 2080 1187 2267 1228; x_wconf 90' lang='lat' dir='ltr'><strong>eorum</strong></span> <span class='ocrx_word' id='word_1_113' title='bbox 2302 1174 2391 1242; x_wconf 89' lang='lat' dir='ltr'><strong>qui</strong></span> <span class='ocrx_word' id='word_1_114' title='bbox 2424 1173 2725 1240; x_wconf 86' lang='lat' dir='ltr'><strong>imperante</strong></span> <span class='ocrx_word' id='word_1_115' title='bbox 2755 1171 2919 1225; x_wconf 84' lang='lat' dir='ltr'><strong>Decio</strong></span> <span class='ocrx_word' id='word_1_116' title='bbox 2949 1169 3272 1240; x_wconf 80' lang='lat' dir='ltr'><strong>martyrium</strong></span> <span class='ocrx_word' id='word_1_117' title='bbox 3307 1168 3658 1224; x_wconf 68' lang='lat' dir='ltr'><strong>Alexandria:</strong></span> 
     </span>
    </p>
   </div>
   <div class='ocr_carea' id='block_1_20' title="bbox 2081 1258 3661 1329">
    <p class='ocr_par' dir='ltr' id='par_1_20' title="bbox 2081 1258 3661 1329">
     <span class='ocr_line' id='line_1_20' title="bbox 2081 1258 3661 1329; baseline -0.003 -11"><span class='ocrx_word' id='word_1_118' title='bbox 2081 1263 2388 1328; x_wconf 88' lang='lat' dir='ltr'><strong>subierunt,</strong></span> <span class='ocrx_word' id='word_1_119' title='bbox 2441 1264 2742 1317; x_wconf 88' lang='lat' dir='ltr'><strong>certamina</strong></span> <span class='ocrx_word' id='word_1_120' title='bbox 2789 1262 2953 1317; x_wconf 80' lang='lat' dir='ltr'><strong>refert</strong></span> <span class='ocrx_word' id='word_1_121' title='bbox 3001 1263 3105 1316; x_wconf 92' lang='lat' dir='ltr'><strong>hoc</strong></span> <span class='ocrx_word' id='word_1_122' title='bbox 3155 1259 3350 1314; x_wconf 87' lang='lat' dir='ltr'><strong>modo:</strong></span> <span class='ocrx_word' id='word_1_123' title='bbox 3381 1278 3400 1312; x_wconf 79' lang='grc' dir='ltr'><strong>ι</strong></span> <span class='ocrx_word' id='word_1_124' title='bbox 3445 1258 3661 1329; x_wconf 81' lang='lat' dir='ltr'><strong>Nequa-</strong></span> 
     </span>
    </p>
   </div>
   <div class='ocr_carea' id='block_1_21' title="bbox 354 1351 1976 1427">
    <p class='ocr_par' dir='ltr' id='par_1_21' title="bbox 354 1351 1976 1427">
     <span class='ocr_line' id='line_1_21' title="bbox 354 1351 1976 1427; baseline 0.007 -27"><span class='ocrx_word' id='word_1_125' title='bbox 354 1369 383 1399; x_wconf 68' lang='grc' dir='ltr'><strong>ε</strong></span> <span class='ocrx_word' id='word_1_126' title='bbox 411 1351 562 1404; x_wconf 79' lang='grc' dir='ltr'>Οὐκ</span> <span class='ocrx_word' id='word_1_127' title='bbox 611 1352 721 1404; x_wconf 75' lang='grc' dir='ltr'>ἀπὸ</span> <span class='ocrx_word' id='word_1_128' title='bbox 763 1353 856 1405; x_wconf 81' lang='grc' dir='ltr'><strong>τοῦ</strong></span> <span class='ocrx_word' id='word_1_129' title='bbox 900 1351 1179 1422; x_wconf 77' lang='grc' dir='ltr'><strong>βασιλικοῦ</strong></span> <span class='ocrx_word' id='word_1_130' title='bbox 1223 1356 1643 1427; x_wconf 88' lang='grc' dir='ltr'>προστάγματος</span> <span class='ocrx_word' id='word_1_131' title='bbox 1679 1360 1707 1410; x_wconf 88' lang='grc' dir='ltr'><strong>ὁ</strong></span> <span class='ocrx_word' id='word_1_132' title='bbox 1748 1357 1976 1427; x_wconf 76' lang='grc' dir='ltr'><strong>διωγμὸς</strong></span> 
     </span>
    </p>
   </div>
   <div class='ocr_carea' id='block_1_22' title="bbox 2082 1351 3654 1427">
    <p class='ocr_par' dir='ltr' id='par_1_22' title="bbox 2082 1353 3654 1425">
     <span class='ocr_line' id='line_1_22' title="bbox 2082 1353 3654 1425; baseline -0.001 -20"><span class='ocrx_word' id='word_1_133' title='bbox 2082 1370 2241 1425; x_wconf 90' lang='lat' dir='ltr'><strong>quam</strong></span> <span class='ocrx_word' id='word_1_134' title='bbox 2273 1370 2338 1408; x_wconf 82' lang='lat' dir='ltr'><strong>ex</strong></span> <span class='ocrx_word' id='word_1_135' title='bbox 2373 1354 2719 1422; x_wconf 82' lang='lat' dir='ltr'><strong>imperatoris</strong></span> <span class='ocrx_word' id='word_1_136' title='bbox 2751 1354 2932 1408; x_wconf 88' lang='lat' dir='ltr'><strong>edicto</strong></span> <span class='ocrx_word' id='word_1_137' title='bbox 2983 1353 3290 1422; x_wconf 80' lang='lat' dir='ltr'><strong>persecutio</strong></span> <span class='ocrx_word' id='word_1_138' title='bbox 3327 1359 3502 1420; x_wconf 71' lang='lat' dir='ltr'><strong>empta</strong></span> <span class='ocrx_word' id='word_1_139' title='bbox 3550 1359 3654 1412; x_wconf 87' lang='lat' dir='ltr'><strong>est.</strong></span> 
     </span>
    </p>
   </div>
   <div class='ocr_carea' id='block_1_23' title="bbox 348 1441 1976 1518">
    <p class='ocr_par' dir='ltr' id='par_1_23' title="bbox 348 1441 1976 1518">
     <span class='ocr_line' id='line_1_23' title="bbox 348 1441 1976 1518; baseline 0.006 -27"><span class='ocrx_word' id='word_1_140' title='bbox 348 1441 532 1512; x_wconf 72' lang='grc' dir='ltr'>παρ’</span> <span class='ocrx_word' id='word_1_141' title='bbox 581 1443 711 1512; x_wconf 82' lang='grc' dir='ltr'>ἡμῖν</span> <span class='ocrx_word' id='word_1_142' title='bbox 765 1442 966 1514; x_wconf 71' lang='grc' dir='ltr'>ἤρξατο</span> <span class='ocrx_word' id='word_1_143' title='bbox 995 1445 1100 1517; x_wconf 83' lang='lat'><strong>(7),</strong></span> <span class='ocrx_word' id='word_1_144' title='bbox 1139 1445 1275 1499; x_wconf 84' lang='grc' dir='ltr'>ἀλλὰ</span> <span class='ocrx_word' id='word_1_145' title='bbox 1313 1447 1422 1518; x_wconf 83' lang='grc' dir='ltr'><strong>γὰρ</strong></span> <span class='ocrx_word' id='word_1_146' title='bbox 1460 1447 1534 1517; x_wconf 88' lang='grc'><strong>(8)</strong></span> <span class='ocrx_word' id='word_1_147' title='bbox 1578 1449 1697 1502; x_wconf 83' lang='grc' dir='ltr'>ὅλον</span> <span class='ocrx_word' id='word_1_148' title='bbox 1742 1449 1976 1502; x_wconf 79' lang='grc' dir='ltr'>ἐνιαυτὸν</span> 
     </span>
    </p>
   </div>
   <div class='ocr_carea' id='block_1_24' title="bbox 2082 1441 3659 1518">
    <p class='ocr_par' dir='ltr' id='par_1_24' title="bbox 2082 1441 3659 1516">
     <span class='ocr_line' id='line_1_24' title="bbox 2082 1441 3659 1516; baseline -0.005 -15"><span class='ocrx_word' id='word_1_149' title='bbox 2082 1448 2280 1516; x_wconf 89' lang='lat' dir='ltr'><strong>quippe</strong></span> <span class='ocrx_word' id='word_1_150' title='bbox 2308 1461 2430 1516; x_wconf 70' lang='lat' dir='ltr'><strong>qua:</strong></span> <span class='ocrx_word' id='word_1_151' title='bbox 2473 1446 2688 1515; x_wconf 79' lang='lat' dir='ltr'><strong>integro</strong></span> <span class='ocrx_word' id='word_1_152' title='bbox 2717 1460 2860 1500; x_wconf 87' lang='lat' dir='ltr'><strong>anno</strong></span> <span class='ocrx_word' id='word_1_153' title='bbox 2906 1451 3297 1499; x_wconf 84' lang='lat' dir='ltr'><strong>anteverterat.</strong></span> <span class='ocrx_word' id='word_1_154' title='bbox 3332 1441 3542 1496; x_wconf 89' lang='lat' dir='ltr'><strong>Etenim</strong></span> <span class='ocrx_word' id='word_1_155' title='bbox 3574 1442 3659 1494; x_wconf 87' lang='lat' dir='ltr'><strong>iu-</strong></span> 
     </span>
    </p>
   </div>
   <div class='ocr_carea' id='block_1_25' title="bbox 351 1532 1976 1613">
    <p class='ocr_par' dir='ltr' id='par_1_25' title="bbox 351 1532 1976 1613">
     <span class='ocr_line' id='line_1_25' title="bbox 351 1532 1976 1613; baseline 0.006 -31"><span class='ocrx_word' id='word_1_156' title='bbox 351 1532 696 1603; x_wconf 71' lang='grc' dir='ltr'>προῦλαϐε,</span> <span class='ocrx_word' id='word_1_157' title='bbox 733 1536 827 1588; x_wconf 73' lang='grc' dir='ltr'>καὶ</span> <span class='ocrx_word' id='word_1_158' title='bbox 859 1535 1074 1604; x_wconf 78' lang='grc' dir='ltr'>φθάσας</span> <span class='ocrx_word' id='word_1_159' title='bbox 1097 1539 1126 1590; x_wconf 86' lang='grc' dir='ltr'>ὁ</span> <span class='ocrx_word' id='word_1_160' title='bbox 1160 1537 1348 1591; x_wconf 87' lang='grc' dir='ltr'>κακῶν</span> <span class='ocrx_word' id='word_1_161' title='bbox 1371 1541 1436 1609; x_wconf 84' lang='grc' dir='ltr'>τῇ</span> <span class='ocrx_word' id='word_1_162' title='bbox 1470 1539 1622 1593; x_wconf 82' lang='grc' dir='ltr'>πόλει</span> <span class='ocrx_word' id='word_1_163' title='bbox 1653 1541 1826 1613; x_wconf 77' lang='grc' dir='ltr'>ταύτῃ</span> <span class='ocrx_word' id='word_1_164' title='bbox 1851 1542 1976 1610; x_wconf 86' lang='grc' dir='ltr'>μάν-</span> 
     </span>
    </p>
   </div>
   <div class='ocr_carea' id='block_1_26' title="bbox 2082 1532 3656 1613">
    <p class='ocr_par' dir='ltr' id='par_1_26' title="bbox 2085 1533 3656 1608">
     <span class='ocr_line' id='line_1_26' title="bbox 2085 1533 3656 1608; baseline -0.007 -14"><span class='ocrx_word' id='word_1_165' title='bbox 2085 1540 2292 1596; x_wconf 83' lang='lat' dir='ltr'><strong>faustus</strong></span> <span class='ocrx_word' id='word_1_166' title='bbox 2337 1538 2555 1608; x_wconf 86' lang='lat' dir='ltr'><strong>quidam</strong></span> <span class='ocrx_word' id='word_1_167' title='bbox 2605 1547 2755 1594; x_wconf 85' lang='lat' dir='ltr'><strong>vates</strong></span> <span class='ocrx_word' id='word_1_168' title='bbox 2811 1551 2876 1593; x_wconf 87' lang='lat' dir='ltr'><strong>ac</strong></span> <span class='ocrx_word' id='word_1_169' title='bbox 2913 1545 3094 1608; x_wconf 86' lang='lat' dir='ltr'><strong>poeta,</strong></span> <span class='ocrx_word' id='word_1_170' title='bbox 3121 1535 3373 1605; x_wconf 87' lang='lat' dir='ltr'><strong>quisquis</strong></span> <span class='ocrx_word' id='word_1_171' title='bbox 3409 1533 3500 1588; x_wconf 90' lang='lat' dir='ltr'><strong>ille</strong></span> <span class='ocrx_word' id='word_1_172' title='bbox 3533 1533 3656 1597; x_wconf 88' lang='lat' dir='ltr'><strong>fuit,</strong></span> 
     </span>
    </p>
   </div>
   <div class='ocr_carea' id='block_1_27' title="bbox 351 1626 1980 1704">
    <p class='ocr_par' dir='ltr' id='par_1_27' title="bbox 351 1626 1980 1704">
     <span class='ocr_line' id='line_1_27' title="bbox 351 1626 1980 1704; baseline 0.005 -28"><span class='ocrx_word' id='word_1_173' title='bbox 351 1639 478 1688; x_wconf 77' lang='grc' dir='ltr'><strong>τις</strong></span> <span class='ocrx_word' id='word_1_174' title='bbox 510 1627 605 1679; x_wconf 71' lang='grc' dir='ltr'>καὶ</span> <span class='ocrx_word' id='word_1_175' title='bbox 642 1626 874 1698; x_wconf 81' lang='grc' dir='ltr'>ποιητὴς</span> <span class='ocrx_word' id='word_1_176' title='bbox 919 1627 1017 1698; x_wconf 88' lang='lat'><strong>(9),</strong></span> <span class='ocrx_word' id='word_1_177' title='bbox 1063 1629 1211 1693; x_wconf 83' lang='grc' dir='ltr'>ὅστις</span> <span class='ocrx_word' id='word_1_178' title='bbox 1251 1631 1456 1693; x_wconf 84' lang='grc' dir='ltr'>ἐκεῖνος</span> <span class='ocrx_word' id='word_1_179' title='bbox 1498 1626 1588 1701; x_wconf 80' lang='grc' dir='ltr'>ἦν,</span> <span class='ocrx_word' id='word_1_180' title='bbox 1631 1631 1849 1704; x_wconf 79' lang='grc' dir='ltr'>ἐκίνησε</span> <span class='ocrx_word' id='word_1_181' title='bbox 1887 1633 1980 1686; x_wconf 70' lang='grc' dir='ltr'><strong>καὶ</strong></span> 
     </span>
    </p>
   </div>
   <div class='ocr_carea' id='block_1_28' title="bbox 358 1719 1979 1795">
    <p class='ocr_par' dir='ltr' id='par_1_28' title="bbox 358 1719 1979 1795">
     <span class='ocr_line' id='line_1_28' title="bbox 358 1719 1979 1795; baseline 0.003 -24"><span class='ocrx_word' id='word_1_182' title='bbox 358 1719 741 1791; x_wconf 77' lang='grc' dir='ltr'>παρώρμησε</span> <span class='ocrx_word' id='word_1_183' title='bbox 770 1719 891 1772; x_wconf 87' lang='grc' dir='ltr'>καθ’</span> <span class='ocrx_word' id='word_1_184' title='bbox 918 1719 1076 1790; x_wconf 77' lang='grc' dir='ltr'>ἡμῶν</span> <span class='ocrx_word' id='word_1_185' title='bbox 1102 1721 1169 1773; x_wconf 80' lang='grc' dir='ltr'><strong>τά</strong></span> <span class='ocrx_word' id='word_1_186' title='bbox 1197 1720 1374 1793; x_wconf 83' lang='grc' dir='ltr'>πλήθη</span> <span class='ocrx_word' id='word_1_187' title='bbox 1401 1721 1511 1776; x_wconf 86' lang='grc' dir='ltr'><strong>τῶν</strong></span> <span class='ocrx_word' id='word_1_188' title='bbox 1539 1722 1728 1785; x_wconf 89' lang='grc' dir='ltr'>ἐθνῶν,</span> <span class='ocrx_word' id='word_1_189' title='bbox 1773 1725 1853 1787; x_wconf 85' lang='grc' dir='ltr'><strong>είς</strong></span> <span class='ocrx_word' id='word_1_190' title='bbox 1880 1723 1979 1795; x_wconf 82' lang='grc' dir='ltr'>τὴν</span> 
     </span>
    </p>
   </div>
   <div class='ocr_carea' id='block_1_29' title="bbox 360 1813 1980 1887">
    <p class='ocr_par' dir='ltr' id='par_1_29' title="bbox 360 1813 1980 1887">
     <span class='ocr_line' id='line_1_29' title="bbox 360 1813 1980 1887; baseline 0.002 -23"><span class='ocrx_word' id='word_1_191' title='bbox 360 1813 694 1885; x_wconf 70' lang='grc' dir='ltr'>ἐπιχώριον</span> <span class='ocrx_word' id='word_1_192' title='bbox 719 1813 914 1876; x_wconf 76' lang='grc' dir='ltr'>αὐτοὺς</span> <span class='ocrx_word' id='word_1_193' title='bbox 944 1813 1365 1883; x_wconf 77' lang='grc' dir='ltr'>δεισιδαιμονίαν</span> <span class='ocrx_word' id='word_1_194' title='bbox 1407 1815 1794 1887; x_wconf 69' lang='grc' dir='ltr'>ἀναρριπίσας.</span> <span class='ocrx_word' id='word_1_195' title='bbox 1830 1817 1890 1868; x_wconf 86' lang='grc' dir='ltr'><strong>Οἱ</strong></span> <span class='ocrx_word' id='word_1_196' title='bbox 1922 1815 1980 1868; x_wconf 81' lang='grc' dir='ltr'>δὲ</span> 
     </span>
    </p>
   </div>
   <div class='ocr_carea' id='block_1_30' title="bbox 367 1902 1981 1973">
    <p class='ocr_par' dir='ltr' id='par_1_30' title="bbox 367 1902 1981 1973">
     <span class='ocr_line' id='line_1_30' title="bbox 367 1902 1981 1973; baseline 0 -19"><span class='ocrx_word' id='word_1_197' title='bbox 367 1903 769 1973; x_wconf 77' lang='grc' dir='ltr'>ἐρεθισθέντες</span> <span class='ocrx_word' id='word_1_198' title='bbox 799 1903 890 1956; x_wconf 79' lang='grc' dir='ltr'><strong>ὑπ’</strong></span> <span class='ocrx_word' id='word_1_199' title='bbox 915 1902 1101 1965; x_wconf 75' lang='grc' dir='ltr'>αὑτοῦ,</span> <span class='ocrx_word' id='word_1_200' title='bbox 1145 1902 1239 1956; x_wconf 75' lang='grc' dir='ltr'><strong>καὶ</strong></span> <span class='ocrx_word' id='word_1_201' title='bbox 1273 1902 1453 1973; x_wconf 88' lang='grc' dir='ltr'>πάσης</span> <span class='ocrx_word' id='word_1_202' title='bbox 1483 1903 1727 1969; x_wconf 72' lang='grc' dir='ltr'>ἐξουσίας</span> <span class='ocrx_word' id='word_1_203' title='bbox 1751 1904 1829 1966; x_wconf 80' lang='grc' dir='ltr'>εἰς</span> <span class='ocrx_word' id='word_1_204' title='bbox 1859 1903 1981 1954; x_wconf 84' lang='grc' dir='ltr'>ἀνο-</span> 
     </span>
    </p>
   </div>
   <div class='ocr_carea' id='block_1_31' title="bbox 346 1992 1979 2066">
    <p class='ocr_par' dir='ltr' id='par_1_31' title="bbox 346 1992 1979 2066">
     <span class='ocr_line' id='line_1_31' title="bbox 346 1992 1979 2066; baseline 0 -20"><span class='ocrx_word' id='word_1_205' title='bbox 346 2063 350 2065; x_wconf 94' lang='lat'>_</span> <span class='ocrx_word' id='word_1_206' title='bbox 372 1995 682 2064; x_wconf 84' lang='grc' dir='ltr'>σιουργίαν</span> <span class='ocrx_word' id='word_1_207' title='bbox 707 1993 1015 2064; x_wconf 87' lang='grc' dir='ltr'>λαϐόμενοι,</span> <span class='ocrx_word' id='word_1_208' title='bbox 1041 1992 1208 2063; x_wconf 85' lang='grc' dir='ltr'>μόνην</span> <span class='ocrx_word' id='word_1_209' title='bbox 1235 1992 1517 2046; x_wconf 84' lang='grc' dir='ltr'>εὐσέϐειαν</span> <span class='ocrx_word' id='word_1_210' title='bbox 1541 1992 1661 2065; x_wconf 83' lang='grc' dir='ltr'>[τὴν</span> <span class='ocrx_word' id='word_1_211' title='bbox 1685 1993 1979 2066; x_wconf 80' lang='grc' dir='ltr'>θρησκείαν</span> 
     </span>
    </p>
   </div>
   <div class='ocr_carea' id='block_1_32' title="bbox 369 2080 1980 2155">
    <p class='ocr_par' dir='ltr' id='par_1_32' title="bbox 369 2080 1980 2155">
     <span class='ocr_line' id='line_1_32' title="bbox 369 2080 1980 2155; baseline 0.001 -20"><span class='ocrx_word' id='word_1_212' title='bbox 369 2080 510 2137; x_wconf 79' lang='grc' dir='ltr'><strong>τῶν</strong></span> <span class='ocrx_word' id='word_1_213' title='bbox 544 2084 812 2155; x_wconf 85' lang='grc' dir='ltr'>δαιμόνων</span> <span class='ocrx_word' id='word_1_214' title='bbox 834 2082 985 2155; x_wconf 72' lang='grc'><strong>(10)]</strong></span> <span class='ocrx_word' id='word_1_215' title='bbox 1016 2083 1222 2153; x_wconf 88' lang='grc' dir='ltr'>ταύτην</span> <span class='ocrx_word' id='word_1_216' title='bbox 1255 2083 1542 2148; x_wconf 75' lang='grc' dir='ltr'>ὑπέλαϐον,</span> <span class='ocrx_word' id='word_1_217' title='bbox 1575 2085 1634 2138; x_wconf 80' lang='grc' dir='ltr'><strong>τὸ</strong></span> <span class='ocrx_word' id='word_1_218' title='bbox 1679 2084 1799 2139; x_wconf 84' lang='grc' dir='ltr'>καθ’</span> <span class='ocrx_word' id='word_1_219' title='bbox 1823 2084 1980 2154; x_wconf 83' lang='grc' dir='ltr'>ἡμῶν</span> 
     </span>
    </p>
   </div>
   <div class='ocr_carea' id='block_1_33' title="bbox 371 2169 1979 2246">
    <p class='ocr_par' dir='ltr' id='par_1_33' title="bbox 371 2169 1979 2246">
     <span class='ocr_line' id='line_1_33' title="bbox 371 2169 1979 2246; baseline 0.001 -20"><span class='ocrx_word' id='word_1_220' title='bbox 371 2176 586 2244; x_wconf 77' lang='grc' dir='ltr'>φονᾷν.</span> <span class='ocrx_word' id='word_1_221' title='bbox 629 2173 852 2246; x_wconf 85' lang='grc' dir='ltr'>Πρῶτον</span> <span class='ocrx_word' id='word_1_222' title='bbox 890 2174 986 2243; x_wconf 80' lang='grc' dir='ltr'><strong>μὲν</strong></span> <span class='ocrx_word' id='word_1_223' title='bbox 1025 2169 1118 2226; x_wconf 76' lang='grc' dir='ltr'><strong>οὖν</strong></span> <span class='ocrx_word' id='word_1_224' title='bbox 1156 2173 1470 2244; x_wconf 85' lang='grc' dir='ltr'>πρεσϐύτην</span> <span class='ocrx_word' id='word_1_225' title='bbox 1503 2175 1724 2245; x_wconf 78' lang='grc' dir='ltr'>Μετρᾶν</span> <span class='ocrx_word' id='word_1_226' title='bbox 1755 2175 1979 2245; x_wconf 83' lang='grc' dir='ltr'>ὀνόματι</span> 
     </span>
    </p>
   </div>
   <div class='ocr_carea' id='block_1_34' title="bbox 379 2263 1977 2338">
    <p class='ocr_par' dir='ltr' id='par_1_34' title="bbox 379 2263 1977 2338">
     <span class='ocr_line' id='line_1_34' title="bbox 379 2263 1977 2338; baseline -0.001 -18"><span class='ocrx_word' id='word_1_227' title='bbox 379 2265 864 2335; x_wconf 77' lang='grc' dir='ltr'>συναρπάσαντες,</span> <span class='ocrx_word' id='word_1_228' title='bbox 887 2265 980 2319; x_wconf 83' lang='grc' dir='ltr'><strong>καί</strong></span> <span class='ocrx_word' id='word_1_229' title='bbox 1001 2263 1355 2329; x_wconf 79' lang='grc' dir='ltr'>κελεύσαντες</span> <span class='ocrx_word' id='word_1_230' title='bbox 1380 2265 1513 2320; x_wconf 77' lang='grc' dir='ltr'>ἄθεα</span> <span class='ocrx_word' id='word_1_231' title='bbox 1535 2266 1712 2334; x_wconf 84' lang='grc' dir='ltr'>λέγειν</span> <span class='ocrx_word' id='word_1_232' title='bbox 1738 2267 1977 2338; x_wconf 76' lang='grc' dir='ltr'>ῥήματα,</span> 
     </span>
    </p>
   </div>
   <div class='ocr_carea' id='block_1_35' title="bbox 383 2355 1982 2428">
    <p class='ocr_par' dir='ltr' id='par_1_35' title="bbox 383 2355 1982 2428">
     <span class='ocr_line' id='line_1_35' title="bbox 383 2355 1982 2428; baseline 0.001 -20"><span class='ocrx_word' id='word_1_233' title='bbox 383 2355 477 2426; x_wconf 80' lang='grc' dir='ltr'><strong>μὴ</strong></span> <span class='ocrx_word' id='word_1_234' title='bbox 502 2355 843 2426; x_wconf 84' lang='grc' dir='ltr'>πειθόμενον,</span> <span class='ocrx_word' id='word_1_235' title='bbox 880 2357 1058 2423; x_wconf 81' lang='grc' dir='ltr'>ξύλοις</span> <span class='ocrx_word' id='word_1_236' title='bbox 1094 2374 1154 2409; x_wconf 89' lang='grc' dir='ltr'><strong>τε</strong></span> <span class='ocrx_word' id='word_1_237' title='bbox 1180 2357 1435 2420; x_wconf 86' lang='grc' dir='ltr'>παίοντες</span> <span class='ocrx_word' id='word_1_238' title='bbox 1461 2357 1521 2410; x_wconf 82' lang='grc' dir='ltr'><strong>τὸ</strong></span> <span class='ocrx_word' id='word_1_239' title='bbox 1553 2357 1732 2428; x_wconf 84' lang='grc' dir='ltr'>σῶμα,</span> <span class='ocrx_word' id='word_1_240' title='bbox 1765 2357 1858 2410; x_wconf 73' lang='grc' dir='ltr'><strong>καὶ</strong></span> <span class='ocrx_word' id='word_1_241' title='bbox 1884 2373 1982 2409; x_wconf 87' lang='grc' dir='ltr'>κα-</span> 
     </span>
    </p>
   </div>
   <div class='ocr_carea' id='block_1_36' title="bbox 376 2447 1979 2520">
    <p class='ocr_par' dir='ltr' id='par_1_36' title="bbox 376 2447 1979 2520">
     <span class='ocr_line' id='line_1_36' title="bbox 376 2447 1979 2520; baseline 0.001 -21"><span class='ocrx_word' id='word_1_242' title='bbox 376 2447 594 2517; x_wconf 79' lang='grc' dir='ltr'>λάμοις</span> <span class='ocrx_word' id='word_1_243' title='bbox 617 2449 760 2512; x_wconf 84' lang='grc' dir='ltr'>ὀξέσι</span> <span class='ocrx_word' id='word_1_244' title='bbox 789 2450 851 2501; x_wconf 74' lang='grc' dir='ltr'>τὸ</span> <span class='ocrx_word' id='word_1_245' title='bbox 877 2449 1170 2520; x_wconf 85' lang='grc' dir='ltr'>πρόσωπον</span> <span class='ocrx_word' id='word_1_246' title='bbox 1205 2449 1300 2502; x_wconf 78' lang='grc' dir='ltr'><strong>καὶ</strong></span> <span class='ocrx_word' id='word_1_247' title='bbox 1345 2450 1472 2511; x_wconf 75' lang='grc' dir='ltr'>τοὺς</span> <span class='ocrx_word' id='word_1_248' title='bbox 1503 2447 1814 2518; x_wconf 79' lang='grc' dir='ltr'>ὀφθαλμοὺς</span> <span class='ocrx_word' id='word_1_249' title='bbox 1855 2465 1979 2502; x_wconf 88' lang='grc' dir='ltr'>κεν-</span> 
     </span>
    </p>
   </div>
   <div class='ocr_carea' id='block_1_37' title="bbox 379 2539 1980 2612">
    <p class='ocr_par' dir='ltr' id='par_1_37' title="bbox 379 2539 1980 2612">
     <span class='ocr_line' id='line_1_37' title="bbox 379 2539 1980 2612; baseline -0.001 -18"><span class='ocrx_word' id='word_1_250' title='bbox 379 2541 636 2605; x_wconf 79' lang='grc' dir='ltr'>τοῦντες,</span> <span class='ocrx_word' id='word_1_251' title='bbox 671 2541 967 2609; x_wconf 83' lang='grc' dir='ltr'>ἀγαγόντες</span> <span class='ocrx_word' id='word_1_252' title='bbox 1008 2543 1088 2604; x_wconf 80' lang='grc' dir='ltr'><strong>είς</strong></span> <span class='ocrx_word' id='word_1_253' title='bbox 1133 2541 1196 2594; x_wconf 82' lang='grc' dir='ltr'><strong>τὸ</strong></span> <span class='ocrx_word' id='word_1_254' title='bbox 1239 2540 1582 2612; x_wconf 81' lang='grc' dir='ltr'>προάστειον,</span> <span class='ocrx_word' id='word_1_255' title='bbox 1636 2539 1980 2594; x_wconf 86' lang='grc' dir='ltr'>κατελιθοϐό-</span> 
     </span>
    </p>
   </div>
   <div class='ocr_carea' id='block_1_38' title="bbox 380 2632 1981 2705">
    <p class='ocr_par' dir='ltr' id='par_1_38' title="bbox 380 2632 1981 2705">
     <span class='ocr_line' id='line_1_38' title="bbox 380 2632 1981 2705; baseline 0 -19"><span class='ocrx_word' id='word_1_256' title='bbox 380 2633 588 2704; x_wconf 80' lang='grc' dir='ltr'>λησαν.</span> <span class='ocrx_word' id='word_1_257' title='bbox 624 2635 854 2688; x_wconf 85' lang='grc' dir='ltr'>Ἔπειτα</span> <span class='ocrx_word' id='word_1_258' title='bbox 880 2634 1076 2705; x_wconf 82' lang='grc' dir='ltr'>πιστὴν</span> <span class='ocrx_word' id='word_1_259' title='bbox 1100 2636 1336 2702; x_wconf 86' lang='grc' dir='ltr'>γυναῖκα</span> <span class='ocrx_word' id='word_1_260' title='bbox 1375 2633 1606 2686; x_wconf 78' lang='grc' dir='ltr'>Κοΐνταν</span> <span class='ocrx_word' id='word_1_261' title='bbox 1642 2632 1981 2705; x_wconf 77' lang='grc' dir='ltr'>καλουμένην</span> 
     </span>
    </p>
   </div>
   <div class='ocr_carea' id='block_1_39' title="bbox 384 2721 1980 2794">
    <p class='ocr_par' dir='ltr' id='par_1_39' title="bbox 384 2721 1980 2794">
     <span class='ocr_line' id='line_1_39' title="bbox 384 2721 1980 2794; baseline 0.001 -19"><span class='ocrx_word' id='word_1_262' title='bbox 384 2723 491 2776; x_wconf 71' lang='grc' dir='ltr'>ἐπὶ</span> <span class='ocrx_word' id='word_1_263' title='bbox 532 2723 596 2777; x_wconf 79' lang='grc' dir='ltr'>τὸ</span> <span class='ocrx_word' id='word_1_264' title='bbox 637 2723 900 2777; x_wconf 84' lang='grc' dir='ltr'>εἰδωλεῖον</span> <span class='ocrx_word' id='word_1_265' title='bbox 945 2724 1341 2792; x_wconf 76' lang='grc' dir='ltr'>ἀπαγαγόντες,</span> <span class='ocrx_word' id='word_1_266' title='bbox 1383 2721 1689 2793; x_wconf 75' lang='grc' dir='ltr'>ἠνάγκαζον</span> <span class='ocrx_word' id='word_1_267' title='bbox 1737 2741 1980 2794; x_wconf 89' lang='grc' dir='ltr'>προσκυ-</span> 
     </span>
    </p>
   </div>
   <div class='ocr_carea' id='block_1_40' title="bbox 384 2814 1980 2888">
    <p class='ocr_par' dir='ltr' id='par_1_40' title="bbox 384 2814 1980 2888">
     <span class='ocr_line' id='line_1_40' title="bbox 384 2814 1980 2888; baseline -0.001 -19"><span class='ocrx_word' id='word_1_268' title='bbox 384 2817 542 2870; x_wconf 81' lang='grc' dir='ltr'>νεῖν·</span> <span class='ocrx_word' id='word_1_269' title='bbox 578 2816 1064 2888; x_wconf 81' lang='grc' dir='ltr'>ἀποστρεφομένην</span> <span class='ocrx_word' id='word_1_270' title='bbox 1103 2814 1160 2868; x_wconf 84' lang='grc' dir='ltr'>δὲ</span> <span class='ocrx_word' id='word_1_271' title='bbox 1215 2816 1309 2870; x_wconf 71' lang='grc' dir='ltr'><strong>καὶ</strong></span> <span class='ocrx_word' id='word_1_272' title='bbox 1349 2815 1766 2887; x_wconf 86' lang='grc' dir='ltr'>βδελυττομένην</span> <span class='ocrx_word' id='word_1_273' title='bbox 1819 2816 1980 2886; x_wconf 85' lang='grc' dir='ltr'>ἐκδή-</span> 
     </span>
    </p>
   </div>
   <div class='ocr_carea' id='block_1_41' title="bbox 387 2904 1979 2975">
    <p class='ocr_par' dir='ltr' id='par_1_41' title="bbox 387 2904 1979 2975">
     <span class='ocr_line' id='line_1_41' title="bbox 387 2904 1979 2975; baseline -0.001 -16"><span class='ocrx_word' id='word_1_274' title='bbox 387 2923 590 2969; x_wconf 79' lang='grc' dir='ltr'>σαντες</span> <span class='ocrx_word' id='word_1_275' title='bbox 614 2905 722 2958; x_wconf 89' lang='grc' dir='ltr'><strong>τῶν</strong></span> <span class='ocrx_word' id='word_1_276' title='bbox 760 2905 958 2970; x_wconf 85' lang='grc' dir='ltr'>ποδῶν,</span> <span class='ocrx_word' id='word_1_277' title='bbox 996 2905 1082 2960; x_wconf 75' lang='grc' dir='ltr'><strong>διὰ</strong></span> <span class='ocrx_word' id='word_1_278' title='bbox 1115 2904 1296 2975; x_wconf 85' lang='grc' dir='ltr'>πάσης</span> <span class='ocrx_word' id='word_1_279' title='bbox 1339 2904 1439 2975; x_wconf 86' lang='grc' dir='ltr'>τῆς</span> <span class='ocrx_word' id='word_1_280' title='bbox 1467 2904 1674 2967; x_wconf 83' lang='grc' dir='ltr'>πόλεως</span> <span class='ocrx_word' id='word_1_281' title='bbox 1715 2905 1856 2960; x_wconf 78' lang='grc' dir='ltr'>κατὰ</span> <span class='ocrx_word' id='word_1_282' title='bbox 1886 2905 1979 2959; x_wconf 81' lang='grc' dir='ltr'>τοῦ</span> 
     </span>
    </p>
   </div>
   <div class='ocr_carea' id='block_1_42' title="bbox 394 2997 1980 3070">
    <p class='ocr_par' dir='ltr' id='par_1_42' title="bbox 394 2997 1980 3070">
     <span class='ocr_line' id='line_1_42' title="bbox 394 2997 1980 3070; baseline -0.001 -19"><span class='ocrx_word' id='word_1_283' title='bbox 394 2998 626 3069; x_wconf 81' lang='grc' dir='ltr'>τραχέος</span> <span class='ocrx_word' id='word_1_284' title='bbox 676 2997 1037 3069; x_wconf 80' lang='grc' dir='ltr'>λιθοστρώτου</span> <span class='ocrx_word' id='word_1_285' title='bbox 1091 2997 1368 3070; x_wconf 81' lang='grc' dir='ltr'>σύροντες,</span> <span class='ocrx_word' id='word_1_286' title='bbox 1423 2998 1980 3069; x_wconf 76' lang='grc' dir='ltr'>προσαρῤασσομένην</span> 
     </span>
    </p>
   </div>
   <div class='ocr_carea' id='block_1_43' title="bbox 2067 1625 3660 1700">
    <p class='ocr_par' dir='ltr' id='par_1_43' title="bbox 2067 1625 3660 1700">
     <span class='ocr_line' id='line_1_43' title="bbox 2067 1625 3660 1700; baseline -0.006 -16"><span class='ocrx_word' id='word_1_287' title='bbox 2067 1639 2456 1686; x_wconf 90' lang='lat' dir='ltr'><strong>.commoverat</strong></span> <span class='ocrx_word' id='word_1_288' title='bbox 2487 1629 2596 1700; x_wconf 85' lang='lat' dir='ltr'><strong>jam</strong></span> <span class='ocrx_word' id='word_1_289' title='bbox 2636 1640 2796 1685; x_wconf 85' lang='lat' dir='ltr'><strong>antea</strong></span> <span class='ocrx_word' id='word_1_290' title='bbox 2835 1639 2998 1698; x_wconf 91' lang='lat' dir='ltr'><strong>atque</strong></span> <span class='ocrx_word' id='word_1_291' title='bbox 3048 1627 3370 1681; x_wconf 88' lang='lat' dir='ltr'><strong>incitaverat</strong></span> <span class='ocrx_word' id='word_1_292' title='bbox 3397 1625 3660 1678; x_wconf 88' lang='lat' dir='ltr'><strong>adversus</strong></span> 
     </span>
    </p>
   </div>
   <div class='ocr_carea' id='block_1_44' title="bbox 2086 1715 3665 1793">
    <p class='ocr_par' dir='ltr' id='par_1_44' title="bbox 2086 1715 3665 1793">
     <span class='ocr_line' id='line_1_44' title="bbox 2086 1715 3665 1793; baseline -0.007 -16"><span class='ocrx_word' id='word_1_293' title='bbox 2086 1739 2187 1779; x_wconf 88' lang='lat' dir='ltr'><strong>nos</strong></span> <span class='ocrx_word' id='word_1_294' title='bbox 2219 1723 2499 1793; x_wconf 86' lang='lat' dir='ltr'><strong>gentilium</strong></span> <span class='ocrx_word' id='word_1_295' title='bbox 2531 1721 2738 1786; x_wconf 85' lang='lat' dir='ltr'><strong>turbas,</strong></span> <span class='ocrx_word' id='word_1_296' title='bbox 2774 1721 2840 1774; x_wconf 89' lang='lat' dir='ltr'><strong>ad</strong></span> <span class='ocrx_word' id='word_1_297' title='bbox 2877 1721 3118 1774; x_wconf 88' lang='lat' dir='ltr'><strong>innatam</strong></span> <span class='ocrx_word' id='word_1_298' title='bbox 3144 1716 3288 1787; x_wconf 81' lang='lat' dir='ltr'><strong>genti</strong></span> <span class='ocrx_word' id='word_1_299' title='bbox 3315 1715 3665 1783; x_wconf 86' lang='lat' dir='ltr'><strong>superstitio--</strong></span> 
     </span>
    </p>
   </div>
   <div class='ocr_carea' id='block_1_45' title="bbox 2085 1805 3661 1875">
    <p class='ocr_par' dir='ltr' id='par_1_45' title="bbox 2085 1805 3661 1875">
     <span class='ocr_line' id='line_1_45' title="bbox 2085 1805 3661 1875; baseline -0.006 -7"><span class='ocrx_word' id='word_1_300' title='bbox 2085 1829 2206 1868; x_wconf 89' lang='lat' dir='ltr'><strong>nem</strong></span> <span class='ocrx_word' id='word_1_301' title='bbox 2232 1815 2444 1868; x_wconf 90' lang='lat' dir='ltr'><strong>animos</strong></span> <span class='ocrx_word' id='word_1_302' title='bbox 2467 1829 2658 1869; x_wconf 90' lang='lat' dir='ltr'><strong>eorum</strong></span> <span class='ocrx_word' id='word_1_303' title='bbox 2683 1813 2998 1867; x_wconf 89' lang='lat' dir='ltr'><strong>incendens.</strong></span> <span class='ocrx_word' id='word_1_304' title='bbox 3019 1812 3101 1865; x_wconf 78' lang='lat' dir='ltr'><strong>Ab</strong></span> <span class='ocrx_word' id='word_1_305' title='bbox 3125 1811 3226 1865; x_wconf 91' lang='lat' dir='ltr'><strong>hoc</strong></span> <span class='ocrx_word' id='word_1_306' title='bbox 3257 1808 3419 1875; x_wconf 70' lang='lat' dir='ltr'><strong>igitur</strong></span> <span class='ocrx_word' id='word_1_307' title='bbox 3445 1805 3661 1860; x_wconf 86' lang='lat' dir='ltr'><strong>homine</strong></span> 
     </span>
    </p>
   </div>
   <div class='ocr_carea' id='block_1_46' title="bbox 2083 1897 3657 1974">
    <p class='ocr_par' dir='ltr' id='par_1_46' title="bbox 2083 1897 3657 1974">
     <span class='ocr_line' id='line_1_46' title="bbox 2083 1897 3657 1974; baseline -0.008 -13"><span class='ocrx_word' id='word_1_308' title='bbox 2083 1906 2714 1974; x_wconf 88' lang='lat' dir='ltr'><strong>stimulati,omnemque</strong></span> <span class='ocrx_word' id='word_1_309' title='bbox 2743 1905 2810 1958; x_wconf 87' lang='lat' dir='ltr'><strong>ad</strong></span> <span class='ocrx_word' id='word_1_310' title='bbox 2843 1902 3112 1972; x_wconf 85' lang='lat' dir='ltr'><strong>patranda</strong></span> <span class='ocrx_word' id='word_1_311' title='bbox 3138 1899 3346 1956; x_wconf 87' lang='lat' dir='ltr'><strong>scelera</strong></span> <span class='ocrx_word' id='word_1_312' title='bbox 3380 1897 3657 1952; x_wconf 87' lang='lat' dir='ltr'><strong>licentiam</strong></span> 
     </span>
    </p>
   </div>
   <div class='ocr_carea' id='block_1_47' title="bbox 2083 1988 3659 2068">
    <p class='ocr_par' dir='ltr' id='par_1_47' title="bbox 2083 1988 3659 2068">
     <span class='ocr_line' id='line_1_47' title="bbox 2083 1988 3659 2068; baseline -0.009 -14"><span class='ocrx_word' id='word_1_313' title='bbox 2083 1999 2247 2063; x_wconf 87' lang='lat' dir='ltr'><strong>nacti,</strong></span> <span class='ocrx_word' id='word_1_314' title='bbox 2272 1998 2440 2068; x_wconf 73' lang='lat'><strong>237&#39;</strong></span> <span class='ocrx_word' id='word_1_315' title='bbox 2465 1998 2605 2052; x_wconf 90' lang='lat' dir='ltr'><strong>hanc</strong></span> <span class='ocrx_word' id='word_1_316' title='bbox 2629 1996 2797 2051; x_wconf 83' lang='lat' dir='ltr'><strong>solam</strong></span> <span class='ocrx_word' id='word_1_317' title='bbox 2833 1995 3096 2064; x_wconf 83' lang='lat' dir='ltr'><strong>pietatem</strong></span> <span class='ocrx_word' id='word_1_318' title='bbox 3122 1988 3659 2059; x_wconf 70' lang='lat' dir='ltr'><strong>cultumque-damo-</strong></span> 
     </span>
    </p>
   </div>
   <div class='ocr_carea' id='block_1_48' title="bbox 2083 2081 3660 2156">
    <p class='ocr_par' dir='ltr' id='par_1_48' title="bbox 2083 2081 3660 2156">
     <span class='ocr_line' id='line_1_48' title="bbox 2083 2081 3660 2156; baseline -0.01 -9"><span class='ocrx_word' id='word_1_319' title='bbox 2083 2104 2486 2156; x_wconf 86' lang='lat' dir='ltr'><strong>num_snorurn</strong></span> <span class='ocrx_word' id='word_1_320' title='bbox 2536 2088 2939 2149; x_wconf 79' lang='lat' dir='ltr'><strong>existimabant,</strong></span> <span class='ocrx_word' id='word_1_321' title='bbox 3002 2084 3047 2138; x_wconf 89' lang='lat' dir='ltr'><strong>si</strong></span> <span class='ocrx_word' id='word_1_322' title='bbox 3099 2083 3340 2138; x_wconf 56' lang='lat' dir='ltr'><strong>caedibus</strong></span> <span class='ocrx_word' id='word_1_323' title='bbox 3400 2081 3660 2133; x_wconf 85' lang='lat' dir='ltr'><strong>adversus</strong></span> 
     </span>
    </p>
   </div>
   <div class='ocr_carea' id='block_1_49' title="bbox 2083 2172 3659 2244">
    <p class='ocr_par' dir='ltr' id='par_1_49' title="bbox 2083 2172 3659 2244">
     <span class='ocr_line' id='line_1_49' title="bbox 2083 2172 3659 2244; baseline -0.01 -7"><span class='ocrx_word' id='word_1_324' title='bbox 2083 2193 2303 2237; x_wconf 89' lang='lat' dir='ltr'><strong>nostros</strong></span> <span class='ocrx_word' id='word_1_325' title='bbox 2329 2181 2606 2237; x_wconf 68' lang='lat' dir='ltr'><strong>saevirent.</strong></span> <span class='ocrx_word' id='word_1_326' title='bbox 2642 2177 2882 2232; x_wconf 89' lang='lat' dir='ltr'><strong>Primum</strong></span> <span class='ocrx_word' id='word_1_327' title='bbox 2915 2177 3097 2244; x_wconf 87' lang='lat' dir='ltr'><strong>itaque</strong></span> <span class='ocrx_word' id='word_1_328' title='bbox 3127 2188 3314 2228; x_wconf 89' lang='lat' dir='ltr'><strong>senem</strong></span> <span class='ocrx_word' id='word_1_329' title='bbox 3346 2172 3659 2241; x_wconf 87' lang='lat' dir='ltr'><strong>quemdam,</strong></span> 
     </span>
    </p>
   </div>
   <div class='ocr_carea' id='block_1_50' title="bbox 2083 2260 3663 2338">
    <p class='ocr_par' dir='ltr' id='par_1_50' title="bbox 2083 2260 3663 2338">
     <span class='ocr_line' id='line_1_50' title="bbox 2083 2260 3663 2338; baseline -0.009 -9"><span class='ocrx_word' id='word_1_330' title='bbox 2083 2275 2306 2330; x_wconf 88' lang='lat' dir='ltr'><strong>Metram</strong></span> <span class='ocrx_word' id='word_1_331' title='bbox 2361 2273 2604 2338; x_wconf 91' lang='lat' dir='ltr'><strong>nomine,</strong></span> <span class='ocrx_word' id='word_1_332' title='bbox 2652 2279 2960 2338; x_wconf 89' lang='lat' dir='ltr'><strong>correptum</strong></span> <span class='ocrx_word' id='word_1_333' title='bbox 3011 2266 3176 2335; x_wconf 88' lang='lat' dir='ltr'><strong>impia</strong></span> <span class='ocrx_word' id='word_1_334' title='bbox 3227 2264 3400 2319; x_wconf 81' lang='lat' dir='ltr'><strong>verba</strong></span> <span class='ocrx_word' id='word_1_335' title='bbox 3419 2260 3663 2332; x_wconf 81' lang='lat' dir='ltr'><strong>proferre</strong></span> 
     </span>
    </p>
   </div>
   <div class='ocr_carea' id='block_1_51' title="bbox 2076 2353 3660 2435">
    <p class='ocr_par' dir='ltr' id='par_1_51' title="bbox 2076 2353 3660 2435">
     <span class='ocr_line' id='line_1_51' title="bbox 2076 2353 3660 2435; baseline -0.01 -15"><span class='ocrx_word' id='word_1_336' title='bbox 2076 2366 2290 2435; x_wconf 89' lang='lat' dir='ltr'><strong>jubent.</strong></span> <span class='ocrx_word' id='word_1_337' title='bbox 2319 2362 2471 2430; x_wconf 87' lang='lat' dir='ltr'><strong>Quod</strong></span> <span class='ocrx_word' id='word_1_338' title='bbox 2507 2376 2630 2416; x_wconf 91' lang='lat' dir='ltr'><strong>cum</strong></span> <span class='ocrx_word' id='word_1_339' title='bbox 2679 2361 2768 2415; x_wconf 92' lang='lat' dir='ltr'><strong>ille</strong></span> <span class='ocrx_word' id='word_1_340' title='bbox 2801 2360 3085 2423; x_wconf 88' lang='lat' dir='ltr'><strong>abnueret,</strong></span> <span class='ocrx_word' id='word_1_341' title='bbox 3123 2355 3356 2411; x_wconf 90' lang='lat' dir='ltr'><strong>fustibus</strong></span> <span class='ocrx_word' id='word_1_342' title='bbox 3385 2353 3660 2408; x_wconf 89' lang='lat' dir='ltr'><strong>hominem</strong></span> 
     </span>
    </p>
   </div>
   <div class='ocr_carea' id='block_1_52' title="bbox 2086 2444 3662 2520">
    <p class='ocr_par' dir='ltr' id='par_1_52' title="bbox 2086 2444 3662 2520">
     <span class='ocr_line' id='line_1_52' title="bbox 2086 2444 3662 2520; baseline -0.008 -12"><span class='ocrx_word' id='word_1_343' title='bbox 2086 2458 2452 2520; x_wconf 83' lang='lat' dir='ltr'><strong>verberantes,</strong></span> <span class='ocrx_word' id='word_1_344' title='bbox 2479 2463 2533 2508; x_wconf 81' lang='lat' dir='ltr'><strong>et</strong></span> <span class='ocrx_word' id='word_1_345' title='bbox 2557 2453 2729 2508; x_wconf 88' lang='lat' dir='ltr'><strong>acutis</strong></span> <span class='ocrx_word' id='word_1_346' title='bbox 2755 2450 3116 2506; x_wconf 88' lang='lat' dir='ltr'><strong>arundinibus</strong></span> <span class='ocrx_word' id='word_1_347' title='bbox 3149 2447 3358 2502; x_wconf 87' lang='lat' dir='ltr'><strong>vultum</strong></span> <span class='ocrx_word' id='word_1_348' title='bbox 3387 2444 3504 2514; x_wconf 85' lang='lat' dir='ltr'><strong>ejus</strong></span> <span class='ocrx_word' id='word_1_349' title='bbox 3529 2457 3662 2498; x_wconf 84' lang='lat' dir='ltr'><strong>ocu-</strong></span> 
     </span>
    </p>
   </div>
   <div class='ocr_carea' id='block_1_53' title="bbox 2084 2535 3652 2618">
    <p class='ocr_par' dir='ltr' id='par_1_53' title="bbox 2084 2535 3652 2618">
     <span class='ocr_line' id='line_1_53' title="bbox 2084 2535 3652 2618; baseline -0.009 -14"><span class='ocrx_word' id='word_1_350' title='bbox 2084 2550 2266 2618; x_wconf 90' lang='lat' dir='ltr'><strong>losque</strong></span> <span class='ocrx_word' id='word_1_351' title='bbox 2289 2556 2608 2618; x_wconf 80' lang='lat' dir='ltr'><strong>pungentes,</strong></span> <span class='ocrx_word' id='word_1_352' title='bbox 2637 2544 2930 2600; x_wconf 89' lang='lat' dir='ltr'><strong>deductum</strong></span> <span class='ocrx_word' id='word_1_353' title='bbox 2958 2543 3010 2596; x_wconf 91' lang='lat' dir='ltr'><strong>in</strong></span> <span class='ocrx_word' id='word_1_354' title='bbox 3035 2540 3352 2596; x_wconf 87' lang='lat' dir='ltr'><strong>suburbium</strong></span> <span class='ocrx_word' id='word_1_355' title='bbox 3380 2535 3652 2604; x_wconf 86' lang='lat' dir='ltr'><strong>lapidibus</strong></span> 
     </span>
    </p>
   </div>
   <div class='ocr_carea' id='block_1_54' title="bbox 2045 2628 3660 2702">
    <p class='ocr_par' dir='ltr' id='par_1_54' title="bbox 2045 2628 3660 2702">
     <span class='ocr_line' id='line_1_54' title="bbox 2045 2628 3660 2702; baseline -0.011 -6"><span class='ocrx_word' id='word_1_356' title='bbox 2045 2631 2053 2640; x_wconf 76' lang='grc'><strong>’</strong></span> <span class='ocrx_word' id='word_1_357' title='bbox 2083 2641 2403 2695; x_wconf 87' lang='lat' dir='ltr'><strong>obruerunt.</strong></span> <span class='ocrx_word' id='word_1_358' title='bbox 2449 2638 2578 2693; x_wconf 86' lang='lat' dir='ltr'><strong>Post</strong></span> <span class='ocrx_word' id='word_1_359' title='bbox 2618 2637 2733 2692; x_wconf 66' lang='lat' dir='ltr'><strong>haec</strong></span> <span class='ocrx_word' id='word_1_360' title='bbox 2767 2633 2978 2689; x_wconf 83' lang='lat' dir='ltr'><strong>fidelem</strong></span> <span class='ocrx_word' id='word_1_361' title='bbox 3014 2631 3305 2702; x_wconf 80' lang='lat' dir='ltr'><strong>quamdam</strong></span> <span class='ocrx_word' id='word_1_362' title='bbox 3353 2628 3660 2690; x_wconf 90' lang='lat' dir='ltr'><strong>mulierem,</strong></span> 
     </span>
    </p>
   </div>
   <div class='ocr_carea' id='block_1_55' title="bbox 2082 2719 3660 2800">
    <p class='ocr_par' dir='ltr' id='par_1_55' title="bbox 2082 2719 3660 2800">
     <span class='ocr_line' id='line_1_55' title="bbox 2082 2719 3660 2800; baseline -0.01 -14"><span class='ocrx_word' id='word_1_363' title='bbox 2082 2733 2334 2800; x_wconf 86' lang='lat' dir='ltr'><strong>Quintam</strong></span> <span class='ocrx_word' id='word_1_364' title='bbox 2394 2731 2635 2794; x_wconf 86' lang='lat' dir='ltr'><strong>nomine,</strong></span> <span class='ocrx_word' id='word_1_365' title='bbox 2697 2727 2764 2782; x_wconf 91' lang='lat' dir='ltr'><strong>ad</strong></span> <span class='ocrx_word' id='word_1_366' title='bbox 2793 2726 2942 2797; x_wconf 47' lang='lat' dir='ltr'><strong>,idoli</strong></span> <span class='ocrx_word' id='word_1_367' title='bbox 2996 2723 3254 2794; x_wconf 90' lang='lat' dir='ltr'><strong>templum</strong></span> <span class='ocrx_word' id='word_1_368' title='bbox 3315 2719 3660 2790; x_wconf 81' lang='lat' dir='ltr'><strong>perductam,</strong></span> 
     </span>
    </p>
   </div>
   <div class='ocr_carea' id='block_1_56' title="bbox 2082 2814 3664 2892">
    <p class='ocr_par' dir='ltr' id='par_1_56' title="bbox 2082 2814 3664 2892">
     <span class='ocr_line' id='line_1_56' title="bbox 2082 2814 3664 2892; baseline -0.009 -12"><span class='ocrx_word' id='word_1_369' title='bbox 2082 2826 2316 2880; x_wconf 89' lang='lat' dir='ltr'><strong>adorare</strong></span> <span class='ocrx_word' id='word_1_370' title='bbox 2341 2822 2472 2878; x_wconf 91' lang='lat' dir='ltr'><strong>illud</strong></span> <span class='ocrx_word' id='word_1_371' title='bbox 2501 2829 2820 2892; x_wconf 84' lang='lat' dir='ltr'><strong>coegerunt.</strong></span> <span class='ocrx_word' id='word_1_372' title='bbox 2851 2817 3004 2884; x_wconf 80' lang='lat' dir='ltr'><strong>Quod</strong></span> <span class='ocrx_word' id='word_1_373' title='bbox 3034 2831 3156 2870; x_wconf 88' lang='lat' dir='ltr'><strong>cum</strong></span> <span class='ocrx_word' id='word_1_374' title='bbox 3191 2814 3281 2869; x_wconf 88' lang='lat' dir='ltr'><strong>illa</strong></span> <span class='ocrx_word' id='word_1_375' title='bbox 3314 2821 3664 2868; x_wconf 86' lang='lat' dir='ltr'><strong>aversarctur</strong></span> 
     </span>
    </p>
   </div>
   <div class='ocr_carea' id='block_1_57' title="bbox 2082 2910 3662 2990">
    <p class='ocr_par' dir='ltr' id='par_1_57' title="bbox 2082 2910 3662 2990">
     <span class='ocr_line' id='line_1_57' title="bbox 2082 2910 3662 2990; baseline -0.008 -16"><span class='ocrx_word' id='word_1_376' title='bbox 2082 2930 2245 2990; x_wconf 88' lang='lat' dir='ltr'><strong>atque</strong></span> <span class='ocrx_word' id='word_1_377' title='bbox 2284 2926 2684 2980; x_wconf 81' lang='lat' dir='ltr'><strong>exsecraretur,</strong></span> <span class='ocrx_word' id='word_1_378' title='bbox 2746 2913 3059 2970; x_wconf 86' lang='lat' dir='ltr'><strong>constrictis</strong></span> <span class='ocrx_word' id='word_1_379' title='bbox 3117 2910 3347 2980; x_wconf 87' lang='lat' dir='ltr'><strong>pedibus</strong></span> <span class='ocrx_word' id='word_1_380' title='bbox 3394 2925 3512 2964; x_wconf 89' lang='lat' dir='ltr'><strong>eam</strong></span> <span class='ocrx_word' id='word_1_381' title='bbox 3566 2923 3662 2979; x_wconf 85' lang='lat' dir='ltr'><strong>per</strong></span> 
     </span>
    </p>
   </div>
   <div class='ocr_carea' id='block_1_58' title="bbox 2083 3003 3664 3075">
    <p class='ocr_par' dir='ltr' id='par_1_58' title="bbox 2083 3003 3664 3075">
     <span class='ocr_line' id='line_1_58' title="bbox 2083 3003 3664 3075; baseline -0.006 -11"><span class='ocrx_word' id='word_1_382' title='bbox 2083 3010 2250 3065; x_wconf 89' lang='lat' dir='ltr'><strong>totius</strong></span> <span class='ocrx_word' id='word_1_383' title='bbox 2305 3009 2543 3065; x_wconf 86' lang='lat' dir='ltr'><strong>civitatis</strong></span> <span class='ocrx_word' id='word_1_384' title='bbox 2596 3007 2748 3062; x_wconf 83' lang='lat' dir='ltr'><strong>vicos</strong></span> <span class='ocrx_word' id='word_1_385' title='bbox 2778 3019 2973 3075; x_wconf 88' lang='lat' dir='ltr'><strong>aspero</strong></span> <span class='ocrx_word' id='word_1_386' title='bbox 3021 3003 3177 3058; x_wconf 83' lang='lat' dir='ltr'><strong>silice</strong></span> <span class='ocrx_word' id='word_1_387' title='bbox 3220 3011 3524 3057; x_wconf 87' lang='lat' dir='ltr'><strong>constratos</strong></span> <span class='ocrx_word' id='word_1_388' title='bbox 3574 3018 3664 3056; x_wconf 88' lang='lat' dir='ltr'><strong>ra-</strong></span> 
     </span>
    </p>
   </div>
   <div class='ocr_carea' id='block_1_59' title="bbox 395 3088 1976 3173">
    <p class='ocr_par' dir='ltr' id='par_1_59' title="bbox 395 3088 1976 3160">
     <span class='ocr_line' id='line_1_59' title="bbox 395 3088 1976 3160; baseline 0 -17"><span class='ocrx_word' id='word_1_389' title='bbox 395 3094 512 3154; x_wconf 86' lang='grc' dir='ltr'>τοῖς</span> <span class='ocrx_word' id='word_1_390' title='bbox 546 3091 815 3160; x_wconf 86' lang='grc' dir='ltr'>μυλιαίοις</span> <span class='ocrx_word' id='word_1_391' title='bbox 843 3090 1011 3154; x_wconf 87' lang='grc' dir='ltr'>λίθοις</span> <span class='ocrx_word' id='word_1_392' title='bbox 1043 3090 1160 3160; x_wconf 78' lang='grc' dir='ltr'><strong>ἅμα</strong></span> <span class='ocrx_word' id='word_1_393' title='bbox 1197 3089 1295 3143; x_wconf 68' lang='grc' dir='ltr'>καὶ</span> <span class='ocrx_word' id='word_1_394' title='bbox 1325 3088 1736 3160; x_wconf 81' lang='grc' dir='ltr'>μαστιγοῦντες,</span> <span class='ocrx_word' id='word_1_395' title='bbox 1768 3090 1863 3142; x_wconf 74' lang='grc' dir='ltr'><strong>ἐπὶ</strong></span> <span class='ocrx_word' id='word_1_396' title='bbox 1888 3089 1976 3143; x_wconf 70' lang='grc' dir='ltr'><strong>τὸν</strong></span> 
     </span>
    </p>
   </div>
   <div class='ocr_carea' id='block_1_60' title="bbox 2082 3088 3662 3173">
    <p class='ocr_par' dir='ltr' id='par_1_60' title="bbox 2082 3093 3662 3173">
     <span class='ocr_line' id='line_1_60' title="bbox 2082 3093 3662 3173; baseline -0.005 -16"><span class='ocrx_word' id='word_1_397' title='bbox 2082 3103 2313 3173; x_wconf 90' lang='lat' dir='ltr'><strong>pientes,</strong></span> <span class='ocrx_word' id='word_1_398' title='bbox 2363 3100 2512 3156; x_wconf 83' lang='lat' dir='ltr'><strong>saxis</strong></span> <span class='ocrx_word' id='word_1_399' title='bbox 2571 3098 2768 3154; x_wconf 83' lang='lat' dir='ltr'><strong>illisam</strong></span> <span class='ocrx_word' id='word_1_400' title='bbox 2816 3096 3150 3157; x_wconf 89' lang='lat' dir='ltr'><strong>molaribus,</strong></span> <span class='ocrx_word' id='word_1_401' title='bbox 3203 3093 3388 3164; x_wconf 83' lang='lat' dir='ltr'><strong>ﬂagris</strong></span> <span class='ocrx_word' id='word_1_402' title='bbox 3438 3095 3662 3162; x_wconf 86' lang='lat' dir='ltr'><strong>insuper</strong></span> 
     </span>
    </p>
   </div>
   <div class='ocr_carea' id='block_1_61' title="bbox 395 3177 1976 3253">
    <p class='ocr_par' dir='ltr' id='par_1_61' title="bbox 395 3177 1976 3253">
     <span class='ocr_line' id='line_1_61' title="bbox 395 3177 1976 3253; baseline 0.001 -19"><span class='ocrx_word' id='word_1_403' title='bbox 395 3183 559 3234; x_wconf 76' lang='grc' dir='ltr'>αὐτὸν</span> <span class='ocrx_word' id='word_1_404' title='bbox 593 3182 890 3250; x_wconf 81' lang='grc' dir='ltr'>ἀγαγόντες</span> <span class='ocrx_word' id='word_1_405' title='bbox 923 3182 1254 3236; x_wconf 79' lang='grc' dir='ltr'>κατέλευσαν</span> <span class='ocrx_word' id='word_1_406' title='bbox 1278 3181 1465 3235; x_wconf 88' lang='grc' dir='ltr'>τόπον.</span> <span class='ocrx_word' id='word_1_407' title='bbox 1492 3177 1608 3235; x_wconf 77' lang='grc' dir='ltr'><strong>Εἶθ’</strong></span> <span class='ocrx_word' id='word_1_408' title='bbox 1639 3182 1976 3253; x_wconf 76' lang='grc' dir='ltr'>ὁμοθυμαδὸν</span> 
     </span>
    </p>
   </div>
   <div class='ocr_carea' id='block_1_62' title="bbox 395 3273 1978 3344">
    <p class='ocr_par' dir='ltr' id='par_1_62' title="bbox 395 3273 1978 3344">
     <span class='ocr_line' id='line_1_62' title="bbox 395 3273 1978 3344; baseline 0.001 -19"><span class='ocrx_word' id='word_1_409' title='bbox 395 3274 638 3336; x_wconf 79' lang='grc' dir='ltr'>ἅπαντες</span> <span class='ocrx_word' id='word_1_410' title='bbox 666 3273 930 3344; x_wconf 87' lang='grc' dir='ltr'>ὥρμησαν</span> <span class='ocrx_word' id='word_1_411' title='bbox 963 3275 1056 3327; x_wconf 77' lang='grc' dir='ltr'><strong>ἐπὶ</strong></span> <span class='ocrx_word' id='word_1_412' title='bbox 1089 3273 1185 3338; x_wconf 79' lang='grc' dir='ltr'>τὰς</span> <span class='ocrx_word' id='word_1_413' title='bbox 1207 3274 1315 3327; x_wconf 90' lang='grc' dir='ltr'><strong>τῶν</strong></span> <span class='ocrx_word' id='word_1_414' title='bbox 1349 3273 1614 3328; x_wconf 85' lang='grc' dir='ltr'>θεοσεϐῶν</span> <span class='ocrx_word' id='word_1_415' title='bbox 1652 3273 1847 3337; x_wconf 77' lang='grc' dir='ltr'>οἰκίας,</span> <span class='ocrx_word' id='word_1_416' title='bbox 1884 3275 1978 3328; x_wconf 74' lang='grc' dir='ltr'><strong>καὶ</strong></span> 
     </span>
    </p>
   </div>
   <div class='ocr_carea' id='block_1_63' title="bbox 396 3363 1977 3437">
    <p class='ocr_par' dir='ltr' id='par_1_63' title="bbox 396 3363 1977 3437">
     <span class='ocr_line' id='line_1_63' title="bbox 396 3363 1977 3437; baseline 0.001 -19"><span class='ocrx_word' id='word_1_417' title='bbox 396 3365 492 3430; x_wconf 80' lang='grc' dir='ltr'><strong>οὒς</strong></span> <span class='ocrx_word' id='word_1_418' title='bbox 542 3363 836 3437; x_wconf 77' lang='grc' dir='ltr'>ἐγνώριζον</span> <span class='ocrx_word' id='word_1_419' title='bbox 881 3367 1100 3420; x_wconf 73' lang='grc' dir='ltr'>ἕκαστοι</span> <span class='ocrx_word' id='word_1_420' title='bbox 1151 3367 1517 3435; x_wconf 87' lang='grc' dir='ltr'>γειτνιῶντας,</span> <span class='ocrx_word' id='word_1_421' title='bbox 1565 3366 1977 3430; x_wconf 85' lang='grc' dir='ltr'>ἐπισπεύδοντες</span> 
     </span>
    </p>
   </div>
   <div class='ocr_carea' id='block_1_64' title="bbox 396 3455 1976 3530">
    <p class='ocr_par' dir='ltr' id='par_1_64' title="bbox 396 3455 1976 3530">
     <span class='ocr_line' id='line_1_64' title="bbox 396 3455 1976 3530; baseline -0.001 -18"><span class='ocrx_word' id='word_1_422' title='bbox 396 3455 554 3530; x_wconf 74' lang='grc' dir='ltr'>ἦγον,</span> <span class='ocrx_word' id='word_1_423' title='bbox 589 3457 795 3511; x_wconf 87' lang='grc' dir='ltr'>ἐσύλων</span> <span class='ocrx_word' id='word_1_424' title='bbox 827 3475 886 3511; x_wconf 89' lang='grc' dir='ltr'><strong>τε</strong></span> <span class='ocrx_word' id='word_1_425' title='bbox 922 3458 1016 3512; x_wconf 76' lang='grc' dir='ltr'><strong>καὶ</strong></span> <span class='ocrx_word' id='word_1_426' title='bbox 1058 3456 1385 3529; x_wconf 79' lang='grc' dir='ltr'>διήρπαζον,</span> <span class='ocrx_word' id='word_1_427' title='bbox 1422 3457 1492 3510; x_wconf 82' lang='grc' dir='ltr'>τὰ</span> <span class='ocrx_word' id='word_1_428' title='bbox 1537 3459 1634 3528; x_wconf 82' lang='grc' dir='ltr'>μὲν</span> <span class='ocrx_word' id='word_1_429' title='bbox 1679 3455 1976 3528; x_wconf 81' lang='grc' dir='ltr'>τιμιώτερα</span> 
     </span>
    </p>
   </div>
   <div class='ocr_carea' id='block_1_65' title="bbox 396 3548 1976 3622">
    <p class='ocr_par' dir='ltr' id='par_1_65' title="bbox 396 3548 1976 3622">
     <span class='ocr_line' id='line_1_65' title="bbox 396 3548 1976 3622; baseline -0.001 -20"><span class='ocrx_word' id='word_1_430' title='bbox 396 3549 508 3602; x_wconf 85' lang='grc' dir='ltr'><strong>τῶν</strong></span> <span class='ocrx_word' id='word_1_431' title='bbox 536 3548 834 3620; x_wconf 82' lang='grc' dir='ltr'>κειμηλίων</span> <span class='ocrx_word' id='word_1_432' title='bbox 880 3549 1274 3620; x_wconf 76' lang='grc' dir='ltr'>νοσφιζόμενοι,</span> <span class='ocrx_word' id='word_1_433' title='bbox 1309 3548 1378 3602; x_wconf 77' lang='grc' dir='ltr'>τὰ</span> <span class='ocrx_word' id='word_1_434' title='bbox 1409 3549 1466 3601; x_wconf 85' lang='grc' dir='ltr'>δὲ</span> <span class='ocrx_word' id='word_1_435' title='bbox 1505 3549 1856 3622; x_wconf 76' lang='grc' dir='ltr'>εὐτελέστερα</span> <span class='ocrx_word' id='word_1_436' title='bbox 1886 3550 1976 3603; x_wconf 77' lang='grc' dir='ltr'><strong>καὶ</strong></span> 
     </span>
    </p>
   </div>
   <div class='ocr_carea' id='block_1_66' title="bbox 396 3626 1977 3711">
    <p class='ocr_par' dir='ltr' id='par_1_66' title="bbox 396 3626 1977 3711">
     <span class='ocr_line' id='line_1_66' title="bbox 396 3626 1977 3711; baseline 0.001 -18"><span class='ocrx_word' id='word_1_437' title='bbox 396 3641 499 3693; x_wconf 84' lang='grc' dir='ltr'><strong>ὅσα</strong></span> <span class='ocrx_word' id='word_1_438' title='bbox 532 3640 596 3692; x_wconf 85' lang='grc' dir='ltr'><strong>ἐκ</strong></span> <span class='ocrx_word' id='word_1_439' title='bbox 631 3640 801 3704; x_wconf 82' lang='grc' dir='ltr'>ξύλων</span> <span class='ocrx_word' id='word_1_440' title='bbox 849 3639 1162 3711; x_wconf 86' lang='grc' dir='ltr'>ἐπεποίητο,</span> <span class='ocrx_word' id='word_1_441' title='bbox 1206 3626 1654 3711; x_wconf 73' lang='grc' dir='ltr'>διαρριπτοῦντες</span> <span class='ocrx_word' id='word_1_442' title='bbox 1685 3641 1778 3693; x_wconf 73' lang='grc' dir='ltr'><strong>καὶ</strong></span> <span class='ocrx_word' id='word_1_443' title='bbox 1811 3658 1977 3694; x_wconf 86' lang='grc' dir='ltr'>κατα-</span> 
     </span>
    </p>
   </div>
   <div class='ocr_carea' id='block_1_67' title="bbox 397 3731 1978 3804">
    <p class='ocr_par' dir='ltr' id='par_1_67' title="bbox 397 3731 1978 3804">
     <span class='ocr_line' id='line_1_67' title="bbox 397 3731 1978 3804; baseline 0.002 -20"><span class='ocrx_word' id='word_1_444' title='bbox 397 3733 650 3796; x_wconf 83' lang='grc' dir='ltr'>καίοντες</span> <span class='ocrx_word' id='word_1_445' title='bbox 681 3734 738 3785; x_wconf 89' lang='grc' dir='ltr'><strong>ἐν</strong></span> <span class='ocrx_word' id='word_1_446' title='bbox 764 3733 884 3795; x_wconf 82' lang='grc' dir='ltr'>ταῖς</span> <span class='ocrx_word' id='word_1_447' title='bbox 911 3732 1068 3795; x_wconf 86' lang='grc' dir='ltr'>ὁδοῖς,</span> <span class='ocrx_word' id='word_1_448' title='bbox 1106 3731 1410 3794; x_wconf 82' lang='grc' dir='ltr'>ἑαλωκυίας</span> <span class='ocrx_word' id='word_1_449' title='bbox 1443 3733 1546 3785; x_wconf 77' lang='grc' dir='ltr'>ὑπὸ</span> <span class='ocrx_word' id='word_1_450' title='bbox 1580 3733 1853 3804; x_wconf 82' lang='grc' dir='ltr'>πολεμίων</span> <span class='ocrx_word' id='word_1_451' title='bbox 1882 3735 1978 3787; x_wconf 81' lang='grc' dir='ltr'>πό-</span> 
     </span>
    </p>
   </div>
   <div class='ocr_carea' id='block_1_68' title="bbox 397 3821 1977 3897">
    <p class='ocr_par' dir='ltr' id='par_1_68' title="bbox 397 3821 1977 3897">
     <span class='ocr_line' id='line_1_68' title="bbox 397 3821 1977 3897; baseline 0.001 -20"><span class='ocrx_word' id='word_1_452' title='bbox 397 3825 536 3888; x_wconf 73' lang='grc' dir='ltr'>λεως</span> <span class='ocrx_word' id='word_1_453' title='bbox 571 3825 828 3894; x_wconf 84' lang='grc' dir='ltr'>παρεῖχον</span> <span class='ocrx_word' id='word_1_454' title='bbox 858 3823 1004 3880; x_wconf 82' lang='grc' dir='ltr'>θέαν.</span> <span class='ocrx_word' id='word_1_455' title='bbox 1047 3821 1346 3887; x_wconf 84' lang='grc' dir='ltr'>Ἑξέκλινον</span> <span class='ocrx_word' id='word_1_456' title='bbox 1383 3821 1439 3874; x_wconf 80' lang='grc' dir='ltr'>δὲ</span> <span class='ocrx_word' id='word_1_457' title='bbox 1469 3824 1562 3874; x_wconf 80' lang='grc' dir='ltr'><strong>καὶ</strong></span> <span class='ocrx_word' id='word_1_458' title='bbox 1597 3824 1977 3897; x_wconf 80' lang='grc' dir='ltr'>ὑπανεχώρουν</span> 
     </span>
    </p>
   </div>
   <div class='ocr_carea' id='block_1_69' title="bbox 398 3913 1978 3986">
    <p class='ocr_par' dir='ltr' id='par_1_69' title="bbox 398 3913 1978 3986">
     <span class='ocr_line' id='line_1_69' title="bbox 398 3913 1978 3986; baseline 0 -18"><span class='ocrx_word' id='word_1_459' title='bbox 398 3917 450 3968; x_wconf 81' lang='grc' dir='ltr'>οἱ</span> <span class='ocrx_word' id='word_1_460' title='bbox 478 3915 714 3983; x_wconf 72' lang='grc' dir='ltr'>ἀδελφοὶ,</span> <span class='ocrx_word' id='word_1_461' title='bbox 737 3915 830 3967; x_wconf 71' lang='grc' dir='ltr'><strong>καὶ</strong></span> <span class='ocrx_word' id='word_1_462' title='bbox 852 3913 947 3985; x_wconf 78' lang='grc' dir='ltr'><strong>τὴν</strong></span> <span class='ocrx_word' id='word_1_463' title='bbox 978 3913 1232 3984; x_wconf 82' lang='grc' dir='ltr'>ἁρπαγὴν</span> <span class='ocrx_word' id='word_1_464' title='bbox 1257 3913 1364 3965; x_wconf 91' lang='grc' dir='ltr'><strong>τῶν</strong></span> <span class='ocrx_word' id='word_1_465' title='bbox 1390 3913 1761 3986; x_wconf 83' lang='grc' dir='ltr'>ὑπαρχόντων,</span> <span class='ocrx_word' id='word_1_466' title='bbox 1778 3917 1978 3986; x_wconf 83' lang='grc' dir='ltr'>ὁμοίως</span> 
     </span>
    </p>
   </div>
   <div class='ocr_carea' id='block_1_70' title="bbox 400 4000 1978 4081">
    <p class='ocr_par' dir='ltr' id='par_1_70' title="bbox 400 4000 1978 4081">
     <span class='ocr_line' id='line_1_70' title="bbox 400 4000 1978 4081; baseline 0.004 -24"><span class='ocrx_word' id='word_1_467' title='bbox 400 4005 632 4068; x_wconf 80' lang='grc' dir='ltr'>ἐκείνοις</span> <span class='ocrx_word' id='word_1_468' title='bbox 677 4000 760 4067; x_wconf 75' lang='grc' dir='ltr'>οἷς</span> <span class='ocrx_word' id='word_1_469' title='bbox 798 4005 891 4058; x_wconf 82' lang='grc' dir='ltr'><strong>καὶ</strong></span> <span class='ocrx_word' id='word_1_470' title='bbox 936 4005 1148 4069; x_wconf 81' lang='grc' dir='ltr'>Παῦλος</span> <span class='ocrx_word' id='word_1_471' title='bbox 1195 4007 1566 4080; x_wconf 78' lang='grc' dir='ltr'>ἐμαρτύρησε,</span> <span class='ocrx_word' id='word_1_472' title='bbox 1617 4009 1752 4078; x_wconf 79' lang='grc' dir='ltr'>μετὰ</span> <span class='ocrx_word' id='word_1_473' title='bbox 1803 4012 1978 4081; x_wconf 77' lang='grc' dir='ltr'>χαρᾶς</span> 
     </span>
    </p>
   </div>
   <div class='ocr_carea' id='block_1_71' title="bbox 403 4093 1974 4173">
    <p class='ocr_par' dir='ltr' id='par_1_71' title="bbox 403 4093 1974 4173">
     <span class='ocr_line' id='line_1_71' title="bbox 403 4093 1974 4173; baseline 0.005 -25"><span class='ocrx_word' id='word_1_474' title='bbox 403 4097 810 4168; x_wconf 83' lang='grc' dir='ltr'>προσεδέξαντο.</span> <span class='ocrx_word' id='word_1_475' title='bbox 855 4099 963 4150; x_wconf 71' lang='grc' dir='ltr'>Καὶ</span> <span class='ocrx_word' id='word_1_476' title='bbox 1001 4098 1101 4151; x_wconf 87' lang='grc' dir='ltr'><strong>ούκ</strong></span> <span class='ocrx_word' id='word_1_477' title='bbox 1140 4093 1237 4150; x_wconf 84' lang='grc' dir='ltr'>οἷδ’</span> <span class='ocrx_word' id='word_1_478' title='bbox 1270 4097 1324 4151; x_wconf 70' lang='grc' dir='ltr'>εἴ</span> <span class='ocrx_word' id='word_1_479' title='bbox 1359 4117 1464 4164; x_wconf 88' lang='grc' dir='ltr'>τις,</span> <span class='ocrx_word' id='word_1_480' title='bbox 1503 4099 1641 4172; x_wconf 81' lang='grc' dir='ltr'>πλὴν</span> <span class='ocrx_word' id='word_1_481' title='bbox 1686 4103 1733 4154; x_wconf 83' lang='grc' dir='ltr'><strong>εί</strong></span> <span class='ocrx_word' id='word_1_482' title='bbox 1767 4104 1839 4173; x_wconf 84' lang='grc' dir='ltr'>μή</span> <span class='ocrx_word' id='word_1_483' title='bbox 1875 4122 1974 4158; x_wconf 87' lang='grc' dir='ltr'><strong>που</strong></span> 
     </span>
    </p>
   </div>
   <div class='ocr_carea' id='block_1_72' title="bbox 399 4185 1977 4269">
    <p class='ocr_par' dir='ltr' id='par_1_72' title="bbox 399 4185 1977 4269">
     <span class='ocr_line' id='line_1_72' title="bbox 399 4185 1977 4269; baseline 0.005 -27"><span class='ocrx_word' id='word_1_484' title='bbox 399 4207 484 4254; x_wconf 90' lang='grc' dir='ltr'><strong>τις</strong></span> <span class='ocrx_word' id='word_1_485' title='bbox 517 4185 597 4254; x_wconf 77' lang='grc' dir='ltr'>εἷς</span> <span class='ocrx_word' id='word_1_486' title='bbox 633 4189 907 4261; x_wconf 82' lang='grc' dir='ltr'>ἐμπεσὼν,</span> <span class='ocrx_word' id='word_1_487' title='bbox 946 4191 1104 4262; x_wconf 88' lang='grc' dir='ltr'>μέχρι</span> <span class='ocrx_word' id='word_1_488' title='bbox 1145 4208 1208 4258; x_wconf 91' lang='grc' dir='ltr'><strong>γε</strong></span> <span class='ocrx_word' id='word_1_489' title='bbox 1237 4191 1426 4246; x_wconf 86' lang='grc' dir='ltr'>τούτου</span> <span class='ocrx_word' id='word_1_490' title='bbox 1460 4193 1550 4246; x_wconf 84' lang='grc' dir='ltr'><strong>τὸν</strong></span> <span class='ocrx_word' id='word_1_491' title='bbox 1581 4194 1781 4267; x_wconf 85' lang='grc' dir='ltr'>Κύριον</span> <span class='ocrx_word' id='word_1_492' title='bbox 1809 4199 1977 4269; x_wconf 76' lang='grc' dir='ltr'>ἠρνή-</span> 
     </span>
    </p>
   </div>
   <div class='ocr_carea' id='block_1_73' title="bbox 405 4280 1976 4359">
    <p class='ocr_par' dir='ltr' id='par_1_73' title="bbox 405 4280 1976 4359">
     <span class='ocr_line' id='line_1_73' title="bbox 405 4280 1976 4359; baseline 0.004 -25"><span class='ocrx_word' id='word_1_493' title='bbox 405 4298 552 4334; x_wconf 88' lang='grc' dir='ltr'>σατο.</span> <span class='ocrx_word' id='word_1_494' title='bbox 599 4281 760 4359; x_wconf 73' lang='grc' dir='ltr'>Ἀλλά</span> <span class='ocrx_word' id='word_1_495' title='bbox 790 4283 883 4334; x_wconf 66' lang='grc' dir='ltr'>καὶ</span> <span class='ocrx_word' id='word_1_496' title='bbox 911 4280 1008 4352; x_wconf 82' lang='grc' dir='ltr'>τὴν</span> <span class='ocrx_word' id='word_1_497' title='bbox 1049 4282 1503 4354; x_wconf 85' lang='grc' dir='ltr'>θαυμασιωτάτην</span> <span class='ocrx_word' id='word_1_498' title='bbox 1561 4284 1682 4337; x_wconf 89' lang='grc' dir='ltr'>τότε</span> <span class='ocrx_word' id='word_1_499' title='bbox 1713 4287 1976 4356; x_wconf 78' lang='grc' dir='ltr'>παρθένον</span> 
     </span>
    </p>
   </div>
   <div class='ocr_carea' id='block_1_74' title="bbox 405 4369 1976 4441">
    <p class='ocr_par' dir='ltr' id='par_1_74' title="bbox 405 4369 1976 4441">
     <span class='ocr_line' id='line_1_74' title="bbox 405 4369 1976 4441; baseline 0.002 -18"><span class='ocrx_word' id='word_1_500' title='bbox 405 4369 698 4441; x_wconf 86' lang='grc' dir='ltr'>πρεσϐύτιν</span> <span class='ocrx_word' id='word_1_501' title='bbox 745 4369 1102 4423; x_wconf 84' lang='grc' dir='ltr'>Ἀπολλωνίαν</span> <span class='ocrx_word' id='word_1_502' title='bbox 1131 4369 1494 4434; x_wconf 79' lang='grc' dir='ltr'>διαλαϐόντες,</span> <span class='ocrx_word' id='word_1_503' title='bbox 1525 4371 1651 4434; x_wconf 75' lang='grc' dir='ltr'>τοὺς</span> <span class='ocrx_word' id='word_1_504' title='bbox 1690 4371 1787 4441; x_wconf 84' lang='grc' dir='ltr'><strong>μὲν</strong></span> <span class='ocrx_word' id='word_1_505' title='bbox 1834 4373 1976 4426; x_wconf 73' lang='grc' dir='ltr'>ὀδόν-</span> 
     </span>
    </p>
   </div>
   <div class='ocr_carea' id='block_1_75' title="bbox 2085 3186 3662 3256">
    <p class='ocr_par' dir='ltr' id='par_1_75' title="bbox 2085 3186 3662 3256">
     <span class='ocr_line' id='line_1_75' title="bbox 2085 3186 3662 3256; baseline -0.005 -7"><span class='ocrx_word' id='word_1_506' title='bbox 2085 3196 2452 3256; x_wconf 83' lang='lat' dir='ltr'><strong>verberantes,</strong></span> <span class='ocrx_word' id='word_1_507' title='bbox 2483 3191 2550 3245; x_wconf 91' lang='lat' dir='ltr'><strong>ad</strong></span> <span class='ocrx_word' id='word_1_508' title='bbox 2587 3190 2907 3246; x_wconf 91' lang='lat' dir='ltr'><strong>suburbium</strong></span> <span class='ocrx_word' id='word_1_509' title='bbox 2936 3188 3124 3242; x_wconf 88' lang='lat' dir='ltr'><strong>itidem</strong></span> <span class='ocrx_word' id='word_1_510' title='bbox 3156 3187 3453 3252; x_wconf 89' lang='lat' dir='ltr'><strong>abducunt,</strong></span> <span class='ocrx_word' id='word_1_511' title='bbox 3478 3186 3662 3254; x_wconf 82' lang='lat' dir='ltr'><strong>ibique</strong></span> 
     </span>
    </p>
   </div>
   <div class='ocr_carea' id='block_1_76' title="bbox 2085 3277 3658 3354">
    <p class='ocr_par' dir='ltr' id='par_1_76' title="bbox 2085 3277 3658 3354">
     <span class='ocr_line' id='line_1_76' title="bbox 2085 3277 3658 3354; baseline -0.006 -15"><span class='ocrx_word' id='word_1_512' title='bbox 2085 3285 2356 3354; x_wconf 87' lang='lat' dir='ltr'><strong>lapidibus</strong></span> <span class='ocrx_word' id='word_1_513' title='bbox 2391 3282 2749 3338; x_wconf 84' lang='lat' dir='ltr'><strong>interficiunt.</strong></span> <span class='ocrx_word' id='word_1_514' title='bbox 2773 3281 2976 3337; x_wconf 90' lang='lat' dir='ltr'><strong>Omnes</strong></span> <span class='ocrx_word' id='word_1_515' title='bbox 3007 3279 3210 3334; x_wconf 86' lang='lat' dir='ltr'><strong>deinde</strong></span> <span class='ocrx_word' id='word_1_516' title='bbox 3233 3292 3342 3331; x_wconf 93' lang='lat' dir='ltr'><strong>uno</strong></span> <span class='ocrx_word' id='word_1_517' title='bbox 3369 3277 3574 3346; x_wconf 87' lang='lat' dir='ltr'><strong>impetu</strong></span> <span class='ocrx_word' id='word_1_518' title='bbox 3606 3277 3658 3330; x_wconf 91' lang='lat' dir='ltr'><strong>in</strong></span> 
     </span>
    </p>
   </div>
   <div class='ocr_carea' id='block_1_77' title="bbox 2085 3373 3660 3438">
    <p class='ocr_par' dir='ltr' id='par_1_77' title="bbox 2085 3373 3660 3438">
     <span class='ocr_line' id='line_1_77' title="bbox 2085 3373 3660 3438; baseline -0.004 -8"><span class='ocrx_word' id='word_1_519' title='bbox 2085 3377 2271 3431; x_wconf 90' lang='lat' dir='ltr'><strong>domos</strong></span> <span class='ocrx_word' id='word_1_520' title='bbox 2321 3375 2754 3430; x_wconf 85' lang='lat' dir='ltr'><strong>Christianorum</strong></span> <span class='ocrx_word' id='word_1_521' title='bbox 2801 3373 3013 3427; x_wconf 89' lang='lat' dir='ltr'><strong>irruere</strong></span> <span class='ocrx_word' id='word_1_522' title='bbox 3065 3381 3392 3438; x_wconf 72' lang='lat' dir='ltr'><strong>creperum:</strong></span> <span class='ocrx_word' id='word_1_523' title='bbox 3424 3376 3475 3424; x_wconf 91' lang='lat' dir='ltr'><strong>et</strong></span> <span class='ocrx_word' id='word_1_524' title='bbox 3520 3383 3660 3437; x_wconf 85' lang='lat' dir='ltr'><strong>quos</strong></span> 
     </span>
    </p>
   </div>
   <div class='ocr_carea' id='block_1_78' title="bbox 2085 3461 3661 3539">
    <p class='ocr_par' dir='ltr' id='par_1_78' title="bbox 2085 3461 3661 3539">
     <span class='ocr_line' id='line_1_78' title="bbox 2085 3461 3661 3539; baseline -0.007 -17"><span class='ocrx_word' id='word_1_525' title='bbox 2085 3469 2314 3539; x_wconf 86' lang='lat' dir='ltr'><strong>quisque</strong></span> <span class='ocrx_word' id='word_1_526' title='bbox 2345 3466 2448 3521; x_wconf 83' lang='lat' dir='ltr'><strong>sibi</strong></span> <span class='ocrx_word' id='word_1_527' title='bbox 2486 3465 2694 3520; x_wconf 88' lang='lat' dir='ltr'><strong>vicinos</strong></span> <span class='ocrx_word' id='word_1_528' title='bbox 2717 3469 2968 3524; x_wconf 77' lang='lat' dir='ltr'><strong>noverat,</strong></span> <span class='ocrx_word' id='word_1_529' title='bbox 2995 3476 3088 3517; x_wconf 90' lang='lat' dir='ltr'><strong>eos</strong></span> <span class='ocrx_word' id='word_1_530' title='bbox 3120 3461 3267 3516; x_wconf 90' lang='lat' dir='ltr'><strong>illico</strong></span> <span class='ocrx_word' id='word_1_531' title='bbox 3307 3467 3661 3530; x_wconf 88' lang='lat' dir='ltr'><strong>properantes</strong></span> 
     </span>
    </p>
   </div>
   <div class='ocr_carea' id='block_1_79' title="bbox 2083 3551 3661 3628">
    <p class='ocr_par' dir='ltr' id='par_1_79' title="bbox 2083 3551 3661 3628">
     <span class='ocr_line' id='line_1_79' title="bbox 2083 3551 3661 3628; baseline -0.008 -13"><span class='ocrx_word' id='word_1_532' title='bbox 2083 3561 2336 3628; x_wconf 84' lang='lat' dir='ltr'><strong>agebant,</strong></span> <span class='ocrx_word' id='word_1_533' title='bbox 2367 3557 2676 3628; x_wconf 78' lang='lat' dir='ltr'><strong>Spoliabant</strong></span> <span class='ocrx_word' id='word_1_534' title='bbox 2707 3570 2772 3609; x_wconf 91' lang='lat' dir='ltr'><strong>ac</strong></span> <span class='ocrx_word' id='word_1_535' title='bbox 2805 3552 3150 3622; x_wconf 87' lang='lat' dir='ltr'><strong>diripiebant,</strong></span> <span class='ocrx_word' id='word_1_536' title='bbox 3192 3566 3254 3606; x_wconf 90' lang='lat' dir='ltr'><strong>ea</strong></span> <span class='ocrx_word' id='word_1_537' title='bbox 3285 3551 3499 3620; x_wconf 88' lang='lat' dir='ltr'><strong>quidem</strong></span> <span class='ocrx_word' id='word_1_538' title='bbox 3541 3564 3661 3618; x_wconf 71' lang='lat' dir='ltr'><strong>quae</strong></span> 
     </span>
    </p>
   </div>
   <div class='ocr_carea' id='block_1_80' title="bbox 2085 3646 3659 3718">
    <p class='ocr_par' dir='ltr' id='par_1_80' title="bbox 2085 3646 3659 3718">
     <span class='ocr_line' id='line_1_80' title="bbox 2085 3646 3659 3718; baseline -0.006 -13"><span class='ocrx_word' id='word_1_539' title='bbox 2085 3650 2322 3705; x_wconf 80' lang='lat' dir='ltr'><strong>maxime</strong></span> <span class='ocrx_word' id='word_1_540' title='bbox 2349 3648 2587 3718; x_wconf 87' lang='lat' dir='ltr'><strong>pretiosa</strong></span> <span class='ocrx_word' id='word_1_541' title='bbox 2608 3657 2789 3702; x_wconf 88' lang='lat' dir='ltr'><strong>essent</strong></span> <span class='ocrx_word' id='word_1_542' title='bbox 2811 3646 2862 3700; x_wconf 92' lang='lat' dir='ltr'><strong>in</strong></span> <span class='ocrx_word' id='word_1_543' title='bbox 2901 3646 3078 3700; x_wconf 88' lang='lat' dir='ltr'><strong>sinum</strong></span> <span class='ocrx_word' id='word_1_544' title='bbox 3102 3658 3259 3700; x_wconf 90' lang='lat' dir='ltr'><strong>suum</strong></span> <span class='ocrx_word' id='word_1_545' title='bbox 3282 3650 3659 3710; x_wconf 80' lang='lat' dir='ltr'><strong>congerentes,</strong></span> 
     </span>
    </p>
   </div>
   <div class='ocr_carea' id='block_1_81' title="bbox 2085 3733 3663 3806">
    <p class='ocr_par' dir='ltr' id='par_1_81' title="bbox 2085 3733 3663 3806">
     <span class='ocr_line' id='line_1_81' title="bbox 2085 3733 3663 3806; baseline -0.006 -12"><span class='ocrx_word' id='word_1_546' title='bbox 2085 3741 2274 3796; x_wconf 86' lang='lat' dir='ltr'><strong>viliora</strong></span> <span class='ocrx_word' id='word_1_547' title='bbox 2305 3748 2483 3794; x_wconf 90' lang='lat' dir='ltr'><strong>autem</strong></span> <span class='ocrx_word' id='word_1_548' title='bbox 2519 3747 2572 3794; x_wconf 87' lang='lat' dir='ltr'><strong>et</strong></span> <span class='ocrx_word' id='word_1_549' title='bbox 2615 3737 2790 3806; x_wconf 82' lang='lat' dir='ltr'><strong>lignea</strong></span> <span class='ocrx_word' id='word_1_550' title='bbox 2819 3748 3048 3804; x_wconf 64' lang='lat' dir='ltr'><strong>qumque</strong></span> <span class='ocrx_word' id='word_1_551' title='bbox 3074 3733 3442 3800; x_wconf 84' lang='lat' dir='ltr'><strong>disjieiebant,</strong></span> <span class='ocrx_word' id='word_1_552' title='bbox 3473 3746 3540 3786; x_wconf 88' lang='lat' dir='ltr'><strong>ac</strong></span> <span class='ocrx_word' id='word_1_553' title='bbox 3567 3745 3663 3800; x_wconf 89' lang='lat' dir='ltr'><strong>per</strong></span> 
     </span>
    </p>
   </div>
   <div class='ocr_carea' id='block_1_82' title="bbox 2086 3824 3663 3894">
    <p class='ocr_par' dir='ltr' id='par_1_82' title="bbox 2086 3824 3663 3894">
     <span class='ocr_line' id='line_1_82' title="bbox 2086 3824 3663 3894; baseline -0.004 -11"><span class='ocrx_word' id='word_1_554' title='bbox 2086 3832 2201 3885; x_wconf 85' lang='lat' dir='ltr'><strong>vias</strong></span> <span class='ocrx_word' id='word_1_555' title='bbox 2237 3829 2659 3885; x_wconf 89' lang='lat' dir='ltr'><strong>concremabant</strong></span> <span class='ocrx_word' id='word_1_556' title='bbox 2683 3867 2699 3892; x_wconf 95' lang='lat'><strong>,</strong></span> <span class='ocrx_word' id='word_1_557' title='bbox 2742 3836 2912 3894; x_wconf 76' lang='lat' dir='ltr'><strong>captae</strong></span> <span class='ocrx_word' id='word_1_558' title='bbox 2962 3827 3031 3880; x_wconf 89' lang='lat' dir='ltr'><strong>ab</strong></span> <span class='ocrx_word' id='word_1_559' title='bbox 3076 3825 3321 3879; x_wconf 86' lang='lat' dir='ltr'><strong>hostibus</strong></span> <span class='ocrx_word' id='word_1_560' title='bbox 3355 3824 3504 3877; x_wconf 88' lang='lat' dir='ltr'><strong>urbis</strong></span> <span class='ocrx_word' id='word_1_561' title='bbox 3539 3837 3663 3892; x_wconf 57' lang='lat' dir='ltr'><strong>spec</strong></span> 
     </span>
    </p>
   </div>
   <div class='ocr_carea' id='block_1_83' title="bbox 2086 3914 3663 3988">
    <p class='ocr_par' dir='ltr' id='par_1_83' title="bbox 2086 3914 3663 3988">
     <span class='ocr_line' id='line_1_83' title="bbox 2086 3914 3663 3988; baseline -0.006 -13"><span class='ocrx_word' id='word_1_562' title='bbox 2086 3921 2222 3975; x_wconf 84' lang='lat' dir='ltr'><strong>ciem</strong></span> <span class='ocrx_word' id='word_1_563' title='bbox 2251 3928 2416 3988; x_wconf 91' lang='lat' dir='ltr'><strong>atque</strong></span> <span class='ocrx_word' id='word_1_564' title='bbox 2447 3917 2740 3986; x_wconf 78' lang='lat' dir='ltr'><strong>imaginem</strong></span> <span class='ocrx_word' id='word_1_565' title='bbox 2773 3917 3120 3970; x_wconf 83' lang='lat' dir='ltr'><strong>exhibentes.</strong></span> <span class='ocrx_word' id='word_1_566' title='bbox 3153 3914 3377 3970; x_wconf 88' lang='lat' dir='ltr'><strong>Fratres</strong></span> <span class='ocrx_word' id='word_1_567' title='bbox 3410 3929 3537 3967; x_wconf 89' lang='lat' dir='ltr'><strong>vero</strong></span> <span class='ocrx_word' id='word_1_568' title='bbox 3571 3915 3663 3966; x_wconf 82' lang='lat' dir='ltr'><strong>de—</strong></span> 
     </span>
    </p>
   </div>
   <div class='ocr_carea' id='block_1_84' title="bbox 2086 4005 3658 4075">
    <p class='ocr_par' dir='ltr' id='par_1_84' title="bbox 2086 4005 3658 4075">
     <span class='ocr_line' id='line_1_84' title="bbox 2086 4005 3658 4075; baseline -0.006 -10"><span class='ocrx_word' id='word_1_569' title='bbox 2086 4011 2363 4065; x_wconf 87' lang='lat' dir='ltr'><strong>clinabant</strong></span> <span class='ocrx_word' id='word_1_570' title='bbox 2406 4017 2462 4064; x_wconf 91' lang='lat' dir='ltr'><strong>et</strong></span> <span class='ocrx_word' id='word_1_571' title='bbox 2494 4008 2872 4063; x_wconf 89' lang='lat' dir='ltr'><strong>subducebant</strong></span> <span class='ocrx_word' id='word_1_572' title='bbox 2913 4021 2973 4060; x_wconf 91' lang='lat' dir='ltr'><strong>se</strong></span> <span class='ocrx_word' id='word_1_573' title='bbox 2997 4005 3136 4075; x_wconf 44' lang='lat' dir='ltr'><strong>,fuga</strong></span> <span class='ocrx_word' id='word_1_574' title='bbox 3157 4045 3171 4070; x_wconf 92' lang='lat'><strong>,</strong></span> <span class='ocrx_word' id='word_1_575' title='bbox 3203 4019 3268 4059; x_wconf 91' lang='lat' dir='ltr'><strong>ac</strong></span> <span class='ocrx_word' id='word_1_576' title='bbox 3299 4005 3658 4074; x_wconf 89' lang='lat' dir='ltr'><strong>direptionem</strong></span> 
     </span>
    </p>
   </div>
   <div class='ocr_carea' id='block_1_85' title="bbox 2085 4096 3658 4170">
    <p class='ocr_par' dir='ltr' id='par_1_85' title="bbox 2085 4096 3658 4170">
     <span class='ocr_line' id='line_1_85' title="bbox 2085 4096 3658 4170; baseline -0.005 -12"><span class='ocrx_word' id='word_1_577' title='bbox 2085 4104 2356 4158; x_wconf 86' lang='lat' dir='ltr'><strong>bonorum</strong></span> <span class='ocrx_word' id='word_1_578' title='bbox 2386 4115 2608 4157; x_wconf 89' lang='lat' dir='ltr'><strong>suorum</strong></span> <span class='ocrx_word' id='word_1_579' title='bbox 2652 4099 2876 4170; x_wconf 88' lang='lat' dir='ltr'><strong>perinde</strong></span> <span class='ocrx_word' id='word_1_580' title='bbox 2910 4113 2974 4153; x_wconf 87' lang='lat' dir='ltr'><strong>ac</strong></span> <span class='ocrx_word' id='word_1_581' title='bbox 3008 4098 3084 4151; x_wconf 93' lang='lat' dir='ltr'><strong>illi</strong></span> <span class='ocrx_word' id='word_1_582' title='bbox 3119 4099 3187 4153; x_wconf 90' lang='lat' dir='ltr'><strong>de</strong></span> <span class='ocrx_word' id='word_1_583' title='bbox 3222 4099 3422 4168; x_wconf 85' lang='lat' dir='ltr'><strong>quibus</strong></span> <span class='ocrx_word' id='word_1_584' title='bbox 3455 4096 3658 4151; x_wconf 87' lang='lat' dir='ltr'><strong>Paulus</strong></span> 
     </span>
    </p>
   </div>
   <div class='ocr_carea' id='block_1_86' title="bbox 2089 4188 3656 4260">
    <p class='ocr_par' dir='ltr' id='par_1_86' title="bbox 2089 4188 3656 4260">
     <span class='ocr_line' id='line_1_86' title="bbox 2089 4188 3656 4260; baseline -0.004 -12"><span class='ocrx_word' id='word_1_585' title='bbox 2089 4194 2407 4250; x_wconf 84' lang='lat' dir='ltr'><strong>testificatus</strong></span> <span class='ocrx_word' id='word_1_586' title='bbox 2435 4200 2539 4256; x_wconf 91' lang='lat' dir='ltr'><strong>est,</strong></span> <span class='ocrx_word' id='word_1_587' title='bbox 2563 4206 2685 4246; x_wconf 91' lang='lat' dir='ltr'><strong>cum</strong></span> <span class='ocrx_word' id='word_1_588' title='bbox 2722 4190 2918 4259; x_wconf 76' lang='lat' dir='ltr'><strong>gaudio</strong></span> <span class='ocrx_word' id='word_1_589' title='bbox 2945 4199 3294 4260; x_wconf 76' lang='lat' dir='ltr'><strong>exceperunt.</strong></span> <span class='ocrx_word' id='word_1_590' title='bbox 3328 4188 3441 4244; x_wconf 84' lang='lat' dir='ltr'><strong>Nec</strong></span> <span class='ocrx_word' id='word_1_591' title='bbox 3468 4203 3656 4244; x_wconf 87' lang='lat' dir='ltr'><strong>eorum</strong></span> 
     </span>
    </p>
   </div>
   <div class='ocr_carea' id='block_1_87' title="bbox 2085 4281 3662 4356">
    <p class='ocr_par' dir='ltr' id='par_1_87' title="bbox 2085 4281 3662 4356">
     <span class='ocr_line' id='line_1_87' title="bbox 2085 4281 3662 4356; baseline -0.003 -17"><span class='ocrx_word' id='word_1_592' title='bbox 2085 4286 2397 4356; x_wconf 87' lang='lat' dir='ltr'><strong>quisquam,</strong></span> <span class='ocrx_word' id='word_1_593' title='bbox 2430 4284 2574 4352; x_wconf 93' lang='lat' dir='ltr'><strong>quod</strong></span> <span class='ocrx_word' id='word_1_594' title='bbox 2603 4284 2858 4353; x_wconf 89' lang='lat' dir='ltr'><strong>equidem</strong></span> <span class='ocrx_word' id='word_1_595' title='bbox 2880 4283 3072 4348; x_wconf 88' lang='lat' dir='ltr'><strong>sciam,</strong></span> <span class='ocrx_word' id='word_1_596' title='bbox 3106 4282 3212 4336; x_wconf 90' lang='lat' dir='ltr'><strong>nisi</strong></span> <span class='ocrx_word' id='word_1_597' title='bbox 3257 4281 3486 4336; x_wconf 79' lang='lat' dir='ltr'><strong>fortasse</strong></span> <span class='ocrx_word' id='word_1_598' title='bbox 3520 4296 3662 4335; x_wconf 90' lang='lat' dir='ltr'><strong>unus</strong></span> 
     </span>
    </p>
   </div>
   <div class='ocr_carea' id='block_1_88' title="bbox 2084 4370 3658 4446">
    <p class='ocr_par' dir='ltr' id='par_1_88' title="bbox 2084 4370 3658 4446">
     <span class='ocr_line' id='line_1_88' title="bbox 2084 4370 3658 4446; baseline -0.004 -15"><span class='ocrx_word' id='word_1_599' title='bbox 2084 4377 2282 4446; x_wconf 89' lang='lat' dir='ltr'><strong>aliquis</strong></span> <span class='ocrx_word' id='word_1_600' title='bbox 2307 4376 2359 4430; x_wconf 93' lang='lat' dir='ltr'><strong>in</strong></span> <span class='ocrx_word' id='word_1_601' title='bbox 2389 4374 2601 4429; x_wconf 91' lang='lat' dir='ltr'><strong>illorum</strong></span> <span class='ocrx_word' id='word_1_602' title='bbox 2637 4388 2826 4428; x_wconf 90' lang='lat' dir='ltr'><strong>manus</strong></span> <span class='ocrx_word' id='word_1_603' title='bbox 2850 4372 3116 4437; x_wconf 86' lang='lat' dir='ltr'><strong>incidens,</strong></span> <span class='ocrx_word' id='word_1_604' title='bbox 3152 4373 3413 4427; x_wconf 87' lang='lat' dir='ltr'><strong>hactenus</strong></span> <span class='ocrx_word' id='word_1_605' title='bbox 3437 4370 3658 4441; x_wconf 91' lang='lat' dir='ltr'><strong>quidem</strong></span> 
     </span>
    </p>
   </div>
   <div class='ocr_carea' id='block_1_89' title="bbox 401 4460 1976 4541">
    <p class='ocr_par' dir='ltr' id='par_1_89' title="bbox 401 4460 1976 4534">
     <span class='ocr_line' id='line_1_89' title="bbox 401 4460 1976 4534; baseline 0.005 -21"><span class='ocrx_word' id='word_1_606' title='bbox 401 4477 501 4524; x_wconf 81' lang='grc' dir='ltr'><strong>τας</strong></span> <span class='ocrx_word' id='word_1_607' title='bbox 549 4461 814 4527; x_wconf 77' lang='grc' dir='ltr'>ἅπαντας,</span> <span class='ocrx_word' id='word_1_608' title='bbox 867 4461 1156 4524; x_wconf 89' lang='grc' dir='ltr'>κόπτοντες</span> <span class='ocrx_word' id='word_1_609' title='bbox 1203 4460 1301 4524; x_wconf 79' lang='grc' dir='ltr'><strong>τὰς</strong></span> <span class='ocrx_word' id='word_1_610' title='bbox 1349 4461 1624 4529; x_wconf 87' lang='grc' dir='ltr'>σιαγόνας,</span> <span class='ocrx_word' id='word_1_611' title='bbox 1676 4462 1976 4534; x_wconf 79' lang='grc' dir='ltr'>ἐξήλασαν·</span> 
     </span>
    </p>
   </div>
   <div class='ocr_carea' id='block_1_90' title="bbox 2082 4460 3661 4541">
    <p class='ocr_par' dir='ltr' id='par_1_90' title="bbox 2083 4464 3661 4541">
     <span class='ocr_line' id='line_1_90' title="bbox 2083 4464 3661 4541; baseline -0.004 -17"><span class='ocrx_word' id='word_1_612' title='bbox 2083 4469 2255 4525; x_wconf 89' lang='lat' dir='ltr'><strong>Deum</strong></span> <span class='ocrx_word' id='word_1_613' title='bbox 2301 4468 2541 4541; x_wconf 78' lang='lat' dir='ltr'><strong>negavit.</strong></span> <span class='ocrx_word' id='word_1_614' title='bbox 2572 4466 2678 4523; x_wconf 88' lang='lat' dir='ltr'><strong>Sed</strong></span> <span class='ocrx_word' id='word_1_615' title='bbox 2708 4475 2762 4523; x_wconf 89' lang='lat' dir='ltr'><strong>et</strong></span> <span class='ocrx_word' id='word_1_616' title='bbox 2804 4465 3179 4521; x_wconf 87' lang='lat' dir='ltr'><strong>admirandam</strong></span> <span class='ocrx_word' id='word_1_617' title='bbox 3213 4464 3360 4518; x_wconf 90' lang='lat' dir='ltr'><strong>illam</strong></span> <span class='ocrx_word' id='word_1_618' title='bbox 3390 4473 3661 4533; x_wconf 66' lang='lat' dir='ltr'><strong>provectae</strong></span> 
     </span>
    </p>
   </div>
   <div class='ocr_carea' id='block_1_91' title="bbox 403 4647 1967 4720">
    <p class='ocr_par' dir='ltr' id='par_1_91' title="bbox 403 4647 1967 4720">
     <span class='ocr_line' id='line_1_91' title="bbox 403 4647 1967 4720; baseline 0.003 -17"><span class='ocrx_word' id='word_1_619' title='bbox 403 4649 500 4720; x_wconf 84' lang='grc' dir='ltr'><strong>δην</strong></span> <span class='ocrx_word' id='word_1_620' title='bbox 534 4663 686 4720; x_wconf 80' lang='lat' dir='ltr'><strong>vero,</strong></span> <span class='ocrx_word' id='word_1_621' title='bbox 721 4648 772 4702; x_wconf 89' lang='lat' dir='ltr'><strong>id</strong></span> <span class='ocrx_word' id='word_1_622' title='bbox 804 4657 888 4702; x_wconf 88' lang='lat' dir='ltr'><strong>est</strong></span> <span class='ocrx_word' id='word_1_623' title='bbox 938 4649 994 4703; x_wconf 86' lang='lat' dir='ltr'><strong>in</strong></span> <span class='ocrx_word' id='word_1_624' title='bbox 1026 4647 1180 4720; x_wconf 72' lang='lat' dir='ltr'><strong>sella.</strong></span> <span class='ocrx_word' id='word_1_625' title='bbox 1214 4648 1402 4720; x_wconf 3' lang='lat' dir='ltr'><strong>(Porro</strong></span> <span class='ocrx_word' id='word_1_626' title='bbox 1453 4648 1597 4720; x_wconf 9' lang='lat' dir='ltr'><strong>quid,</strong></span> <span class='ocrx_word' id='word_1_627' title='bbox 1641 4648 1840 4703; x_wconf 90' lang='lat' dir='ltr'><strong>factum</strong></span> <span class='ocrx_word' id='word_1_628' title='bbox 1897 4652 1967 4707; x_wconf 86' lang='lat' dir='ltr'><strong>sit</strong></span> 
     </span>
    </p>
   </div>
   <div class='ocr_carea' id='block_1_92' title="bbox 404 4719 1966 4788">
    <p class='ocr_par' dir='ltr' id='par_1_92' title="bbox 404 4719 1966 4788">
     <span class='ocr_line' id='line_1_92' title="bbox 404 4719 1966 4788; baseline -0.001 -13"><span class='ocrx_word' id='word_1_629' title='bbox 404 4719 690 4788; x_wconf 76' lang='lat' dir='ltr'><strong>Dionysio,</strong></span> <span class='ocrx_word' id='word_1_630' title='bbox 717 4729 1004 4786; x_wconf 88' lang='lat' dir='ltr'><strong>postquam</strong></span> <span class='ocrx_word' id='word_1_631' title='bbox 1039 4719 1224 4772; x_wconf 90' lang='lat' dir='ltr'><strong>rustici</strong></span> <span class='ocrx_word' id='word_1_632' title='bbox 1287 4719 1383 4784; x_wconf 88' lang='lat' dir='ltr'><strong>illi,</strong></span> <span class='ocrx_word' id='word_1_633' title='bbox 1441 4719 1634 4788; x_wconf 80' lang='lat' dir='ltr'><strong>fugatis</strong></span> <span class='ocrx_word' id='word_1_634' title='bbox 1684 4719 1966 4786; x_wconf 87' lang='lat' dir='ltr'><strong>militibus,</strong></span> 
     </span>
    </p>
   </div>
   <div class='ocr_carea' id='block_1_93' title="bbox 405 4787 1966 4858">
    <p class='ocr_par' dir='ltr' id='par_1_93' title="bbox 405 4787 1966 4858">
     <span class='ocr_line' id='line_1_93' title="bbox 405 4787 1966 4858; baseline 0.001 -15"><span class='ocrx_word' id='word_1_635' title='bbox 405 4805 528 4843; x_wconf 88' lang='lat' dir='ltr'><strong>eum</strong></span> <span class='ocrx_word' id='word_1_636' title='bbox 555 4787 806 4856; x_wconf 86' lang='lat' dir='ltr'><strong>Taposiri</strong></span> <span class='ocrx_word' id='word_1_637' title='bbox 840 4789 1104 4843; x_wconf 81' lang='lat' dir='ltr'><strong>excedere</strong></span> <span class='ocrx_word' id='word_1_638' title='bbox 1132 4787 1532 4858; x_wconf 86' lang='lat' dir='ltr'><strong>compulerunt,</strong></span> <span class='ocrx_word' id='word_1_639' title='bbox 1586 4790 1702 4855; x_wconf 87' lang='lat' dir='ltr'><strong>ipse</strong></span> <span class='ocrx_word' id='word_1_640' title='bbox 1750 4792 1966 4858; x_wconf 84' lang='lat' dir='ltr'><strong>quidem</strong></span> 
     </span>
    </p>
   </div>
   <div class='ocr_carea' id='block_1_94' title="bbox 406 4859 1970 4926">
    <p class='ocr_par' dir='ltr' id='par_1_94' title="bbox 406 4859 1970 4926">
     <span class='ocr_line' id='line_1_94' title="bbox 406 4859 1970 4926; baseline 0.002 -14"><span class='ocrx_word' id='word_1_641' title='bbox 406 4859 495 4912; x_wconf 90' lang='lat' dir='ltr'><strong>hic</strong></span> <span class='ocrx_word' id='word_1_642' title='bbox 527 4875 632 4912; x_wconf 92' lang='lat' dir='ltr'><strong>non</strong></span> <span class='ocrx_word' id='word_1_643' title='bbox 672 4859 823 4912; x_wconf 87' lang='lat' dir='ltr'><strong>dicit.</strong></span> <span class='ocrx_word' id='word_1_644' title='bbox 861 4859 966 4911; x_wconf 86' lang='lat' dir='ltr'><strong>Sed</strong></span> <span class='ocrx_word' id='word_1_645' title='bbox 999 4860 1048 4911; x_wconf 89' lang='lat' dir='ltr'><strong>in</strong></span> <span class='ocrx_word' id='word_1_646' title='bbox 1076 4859 1305 4926; x_wconf 79' lang='lat' dir='ltr'><strong>epistula</strong></span> <span class='ocrx_word' id='word_1_647' title='bbox 1339 4861 1404 4913; x_wconf 93' lang='lat' dir='ltr'><strong>ad</strong></span> <span class='ocrx_word' id='word_1_648' title='bbox 1451 4859 1743 4913; x_wconf 89' lang='lat' dir='ltr'><strong>Domitium</strong></span> <span class='ocrx_word' id='word_1_649' title='bbox 1779 4871 1831 4914; x_wconf 91' lang='lat' dir='ltr'><strong>et</strong></span> <span class='ocrx_word' id='word_1_650' title='bbox 1883 4861 1970 4915; x_wconf 61' lang='lat' dir='ltr'><strong>Dio</strong></span> 
     </span>
    </p>
   </div>
   <div class='ocr_carea' id='block_1_95' title="bbox 403 4927 1972 5000">
    <p class='ocr_par' dir='ltr' id='par_1_95' title="bbox 403 4927 1972 5000">
     <span class='ocr_line' id='line_1_95' title="bbox 403 4927 1972 5000; baseline 0.003 -18"><span class='ocrx_word' id='word_1_651' title='bbox 403 4929 649 5000; x_wconf 80' lang='lat' dir='ltr'><strong>dymum,</strong></span> <span class='ocrx_word' id='word_1_652' title='bbox 674 4927 1057 5000; x_wconf 63' lang='lat' dir='ltr'><strong>quzerefertnr</strong></span> <span class='ocrx_word' id='word_1_653' title='bbox 1085 4930 1136 4982; x_wconf 92' lang='lat' dir='ltr'><strong>in</strong></span> <span class='ocrx_word' id='word_1_654' title='bbox 1172 4929 1310 5000; x_wconf 88' lang='lat' dir='ltr'><strong>libro</strong></span> <span class='ocrx_word' id='word_1_655' title='bbox 1358 4945 1452 5000; x_wconf 76' lang='lat' dir='ltr'><strong>vti,</strong></span> <span class='ocrx_word' id='word_1_656' title='bbox 1489 4945 1610 4998; x_wconf 86' lang='lat' dir='ltr'><strong>cap.</strong></span> <span class='ocrx_word' id='word_1_657' title='bbox 1646 4929 1732 4993; x_wconf 80' lang='lat' dir='ltr'><strong>ll,</strong></span> <span class='ocrx_word' id='word_1_658' title='bbox 1781 4931 1858 4984; x_wconf 87' lang='lat' dir='ltr'><strong>ait</strong></span> <span class='ocrx_word' id='word_1_659' title='bbox 1914 4948 1972 4986; x_wconf 86' lang='lat' dir='ltr'><strong>se</strong></span> 
     </span>
    </p>
   </div>
   <div class='ocr_carea' id='block_1_96' title="bbox 403 4998 1974 5068">
    <p class='ocr_par' dir='ltr' id='par_1_96' title="bbox 403 4998 1974 5068">
     <span class='ocr_line' id='line_1_96' title="bbox 403 4998 1974 5068; baseline 0.006 -20"><span class='ocrx_word' id='word_1_660' title='bbox 403 4998 509 5068; x_wconf 79' lang='lat' dir='ltr'><strong>nua</strong></span> <span class='ocrx_word' id='word_1_661' title='bbox 536 5015 656 5051; x_wconf 89' lang='lat' dir='ltr'><strong>cum</strong></span> <span class='ocrx_word' id='word_1_662' title='bbox 692 4999 820 5068; x_wconf 78' lang='lat' dir='ltr'><strong>Cain</strong></span> <span class='ocrx_word' id='word_1_663' title='bbox 856 5007 911 5052; x_wconf 88' lang='lat' dir='ltr'><strong>et</strong></span> <span class='ocrx_word' id='word_1_664' title='bbox 952 4998 1110 5051; x_wconf 87' lang='lat' dir='ltr'><strong>Petro</strong></span> <span class='ocrx_word' id='word_1_665' title='bbox 1143 4999 1300 5068; x_wconf 7' lang='lat' dir='ltr'><strong>(solis,</strong></span> <span class='ocrx_word' id='word_1_666' title='bbox 1337 4998 1638 5064; x_wconf 88' lang='lat' dir='ltr'><strong>sejunctum</strong></span> <span class='ocrx_word' id='word_1_667' title='bbox 1674 5015 1702 5052; x_wconf 89' lang='lat' dir='ltr'><strong>a</strong></span> <span class='ocrx_word' id='word_1_668' title='bbox 1752 5000 1974 5068; x_wconf 82' lang='lat' dir='ltr'><strong>reliquis</strong></span> 
     </span>
    </p>
   </div>
   <div class='ocr_carea' id='block_1_97' title="bbox 406 5067 1977 5138">
    <p class='ocr_par' dir='ltr' id='par_1_97' title="bbox 406 5067 1977 5138">
     <span class='ocr_line' id='line_1_97' title="bbox 406 5067 1977 5138; baseline 0.004 -18"><span class='ocrx_word' id='word_1_669' title='bbox 406 5067 698 5130; x_wconf 83' lang='lat' dir='ltr'><strong>fratribus,</strong></span> <span class='ocrx_word' id='word_1_670' title='bbox 731 5067 789 5138; x_wconf 88' lang='lat' dir='ltr'><strong>in</strong></span> <span class='ocrx_word' id='word_1_671' title='bbox 846 5070 1079 5138; x_wconf 72' lang='lat' dir='ltr'><strong>quatiam</strong></span> <span class='ocrx_word' id='word_1_672' title='bbox 1137 5067 1322 5138; x_wconf 75' lang='lat' dir='ltr'><strong>Libya:</strong></span> <span class='ocrx_word' id='word_1_673' title='bbox 1377 5070 1496 5124; x_wconf 88' lang='lat' dir='ltr'><strong>loco</strong></span> <span class='ocrx_word' id='word_1_674' title='bbox 1549 5070 1766 5124; x_wconf 87' lang='lat' dir='ltr'><strong>deserto</strong></span> <span class='ocrx_word' id='word_1_675' title='bbox 1816 5067 1977 5138; x_wconf 89' lang='lat' dir='ltr'><strong>atque</strong></span> 
     </span>
    </p>
   </div>
   <div class='ocr_carea' id='block_1_98' title="bbox 407 5137 1976 5196">
    <p class='ocr_par' dir='ltr' id='par_1_98' title="bbox 407 5137 1976 5196">
     <span class='ocr_line' id='line_1_98' title="bbox 407 5137 1976 5196; baseline 0.004 -6"><span class='ocrx_word' id='word_1_676' title='bbox 407 5138 561 5190; x_wconf 85' lang='lat' dir='ltr'><strong>arido</strong></span> <span class='ocrx_word' id='word_1_677' title='bbox 589 5137 903 5191; x_wconf 88' lang='lat' dir='ltr'><strong>conclusum</strong></span> <span class='ocrx_word' id='word_1_678' title='bbox 966 5137 1151 5193; x_wconf 88' lang='lat' dir='ltr'><strong>fuisse.</strong></span> <span class='ocrx_word' id='word_1_679' title='bbox 1195 5137 1501 5193; x_wconf 84' lang='lat' dir='ltr'><strong>Permansit</strong></span> <span class='ocrx_word' id='word_1_680' title='bbox 1545 5149 1725 5192; x_wconf 89' lang='lat' dir='ltr'><strong>autem</strong></span> <span class='ocrx_word' id='word_1_681' title='bbox 1765 5140 1816 5193; x_wconf 92' lang='lat' dir='ltr'><strong>in</strong></span> <span class='ocrx_word' id='word_1_682' title='bbox 1873 5137 1976 5196; x_wconf 88' lang='lat' dir='ltr'><strong>hoc</strong></span> 
     </span>
    </p>
   </div>
   <div class='ocr_carea' id='block_1_99' title="bbox 407 5207 1975 5279">
    <p class='ocr_par' dir='ltr' id='par_1_99' title="bbox 407 5207 1975 5279">
     <span class='ocr_line' id='line_1_99' title="bbox 407 5207 1975 5279; baseline 0.003 -18"><span class='ocrx_word' id='word_1_683' title='bbox 407 5207 599 5279; x_wconf 71' lang='lat' dir='ltr'><strong>exsilio</strong></span> <span class='ocrx_word' id='word_1_684' title='bbox 639 5207 926 5279; x_wconf 82' lang='lat' dir='ltr'><strong>Dionysius</strong></span> <span class='ocrx_word' id='word_1_685' title='bbox 951 5210 1205 5274; x_wconf 83' lang='lat' dir='ltr'><strong>usquead</strong></span> <span class='ocrx_word' id='word_1_686' title='bbox 1239 5209 1444 5263; x_wconf 91' lang='lat' dir='ltr'><strong>obitum</strong></span> <span class='ocrx_word' id='word_1_687' title='bbox 1481 5209 1625 5264; x_wconf 89' lang='lat' dir='ltr'><strong>Decii</strong></span> <span class='ocrx_word' id='word_1_688' title='bbox 1657 5210 1789 5279; x_wconf 86' lang='lat' dir='ltr'><strong>imp.</strong></span> <span class='ocrx_word' id='word_1_689' title='bbox 1824 5221 1876 5265; x_wconf 89' lang='lat' dir='ltr'><strong>et</strong></span> <span class='ocrx_word' id='word_1_690' title='bbox 1910 5229 1975 5266; x_wconf 78' lang='lat' dir='ltr'><strong>ex</strong></span> 
     </span>
    </p>
   </div>
   <div class='ocr_carea' id='block_1_100' title="bbox 405 5277 1978 5358">
    <p class='ocr_par' dir='ltr' id='par_1_100' title="bbox 405 5277 1978 5358">
     <span class='ocr_line' id='line_1_100' title="bbox 405 5277 1978 5358; baseline 0.004 -29"><span class='ocrx_word' id='word_1_691' title='bbox 405 5294 471 5330; x_wconf 88' lang='lat' dir='ltr'><strong>co</strong></span> <span class='ocrx_word' id='word_1_692' title='bbox 503 5278 621 5332; x_wconf 90' lang='lat' dir='ltr'><strong>loco</strong></span> <span class='ocrx_word' id='word_1_693' title='bbox 674 5277 887 5358; x_wconf 64' lang='lat' dir='ltr'><strong>litteras</strong></span> <span class='ocrx_word' id='word_1_694' title='bbox 946 5279 1167 5348; x_wconf 82' lang='lat' dir='ltr'><strong>scripsit</strong></span> <span class='ocrx_word' id='word_1_695' title='bbox 1221 5281 1287 5332; x_wconf 89' lang='lat' dir='ltr'><strong>ad</strong></span> <span class='ocrx_word' id='word_1_696' title='bbox 1353 5280 1648 5334; x_wconf 90' lang='lat' dir='ltr'><strong>Domitium</strong></span> <span class='ocrx_word' id='word_1_697' title='bbox 1695 5277 1760 5334; x_wconf 83' lang='lat' dir='ltr'><strong>ac</strong></span> <span class='ocrx_word' id='word_1_698' title='bbox 1816 5283 1978 5354; x_wconf 83' lang='lat' dir='ltr'><strong>Didy-</strong></span> 
     </span>
    </p>
   </div>
   <div class='ocr_carea' id='block_1_101' title="bbox 408 5364 576 5401">
    <p class='ocr_par' dir='ltr' id='par_1_101' title="bbox 408 5364 576 5401">
     <span class='ocr_line' id='line_1_101' title="bbox 408 5364 576 5401; baseline 0.006 -1"><span class='ocrx_word' id='word_1_699' title='bbox 408 5364 576 5401; x_wconf 75' lang='lat' dir='ltr'><strong>Illlilll.</strong></span> 
     </span>
    </p>
   </div>
   <div class='ocr_carea' id='block_1_102' title="bbox 478 5417 1976 5489">
    <p class='ocr_par' dir='ltr' id='par_1_102' title="bbox 478 5417 1976 5489">
     <span class='ocr_line' id='line_1_102' title="bbox 478 5417 1976 5489; baseline 0.005 -20"><span class='ocrx_word' id='word_1_700' title='bbox 478 5417 552 5488; x_wconf 84' lang='lat'><strong>(7)</strong></span> <span class='ocrx_word' id='word_1_701' title='bbox 575 5418 831 5489; x_wconf 60' lang='grc' dir='ltr'>Διωγμὸς</span> <span class='ocrx_word' id='word_1_702' title='bbox 859 5419 1010 5489; x_wconf 62' lang='grc' dir='ltr'>παρ’</span> <span class='ocrx_word' id='word_1_703' title='bbox 1046 5418 1189 5489; x_wconf 69' lang='grc' dir='ltr'><strong>ἡμῖν</strong></span> <span class='ocrx_word' id='word_1_704' title='bbox 1230 5418 1471 5488; x_wconf 70' lang='grc' dir='ltr'>ἤρξατο.</span> <span class='ocrx_word' id='word_1_705' title='bbox 1518 5419 1590 5475; x_wconf 88' lang='lat' dir='ltr'><strong>Ita</strong></span> <span class='ocrx_word' id='word_1_706' title='bbox 1623 5420 1836 5476; x_wconf 81' lang='lat' dir='ltr'><strong>codices</strong></span> <span class='ocrx_word' id='word_1_707' title='bbox 1866 5421 1976 5478; x_wconf 80' lang='lat' dir='ltr'><strong>Me-</strong></span> 
     </span>
    </p>
   </div>
   <div class='ocr_carea' id='block_1_103' title="bbox 408 5487 1977 5561">
    <p class='ocr_par' dir='ltr' id='par_1_103' title="bbox 408 5487 1977 5561">
     <span class='ocr_line' id='line_1_103' title="bbox 408 5487 1977 5561; baseline 0.005 -23"><span class='ocrx_word' id='word_1_708' title='bbox 408 5487 540 5547; x_wconf 78' lang='lat' dir='ltr'><strong>dic.,</strong></span> <span class='ocrx_word' id='word_1_709' title='bbox 573 5487 731 5561; x_wconf 80' lang='lat' dir='ltr'><strong>Maz.,</strong></span> <span class='ocrx_word' id='word_1_710' title='bbox 776 5487 1202 5561; x_wconf 51' lang='lat' dir='ltr'><strong>maereant.</strong></span> <span class='ocrx_word' id='word_1_711' title='bbox 1255 5487 1309 5544; x_wconf 84' lang='lat' dir='ltr'><strong>et</strong></span> <span class='ocrx_word' id='word_1_712' title='bbox 1353 5490 1620 5560; x_wconf 79' lang='lat' dir='ltr'><strong>Georgius</strong></span> <span class='ocrx_word' id='word_1_713' title='bbox 1671 5492 1977 5561; x_wconf 76' lang='lat' dir='ltr'><strong>Syntellus,</strong></span> 
     </span>
    </p>
   </div>
   <div class='ocr_carea' id='block_1_104' title="bbox 407 5559 1977 5628">
    <p class='ocr_par' dir='ltr' id='par_1_104' title="bbox 407 5559 1977 5628">
     <span class='ocr_line' id='line_1_104' title="bbox 407 5559 1977 5628; baseline 0.007 -21"><span class='ocrx_word' id='word_1_714' title='bbox 407 5559 678 5624; x_wconf 83' lang='lat' dir='ltr'><strong>quomodo</strong></span> <span class='ocrx_word' id='word_1_715' title='bbox 709 5561 872 5611; x_wconf 83' lang='lat' dir='ltr'><strong>etiam</strong></span> <span class='ocrx_word' id='word_1_716' title='bbox 914 5559 1043 5628; x_wconf 79' lang='lat' dir='ltr'><strong>legit</strong></span> <span class='ocrx_word' id='word_1_717' title='bbox 1073 5561 1319 5620; x_wconf 80' lang='lat' dir='ltr'><strong>Rufinus,</strong></span> <span class='ocrx_word' id='word_1_718' title='bbox 1351 5573 1409 5613; x_wconf 82' lang='grc' dir='ltr'><strong>ιιι</strong></span> <span class='ocrx_word' id='word_1_719' title='bbox 1455 5559 1522 5615; x_wconf 57' lang='lat' dir='ltr'><strong>ei</strong></span> <span class='ocrx_word' id='word_1_720' title='bbox 1552 5559 1799 5615; x_wconf 74' lang='lat' dir='ltr'><strong>versidne</strong></span> <span class='ocrx_word' id='word_1_721' title='bbox 1836 5564 1977 5618; x_wconf 87' lang='lat' dir='ltr'><strong>illius</strong></span> 
     </span>
    </p>
   </div>
   <div class='ocr_carea' id='block_1_105' title="bbox 407 5629 1978 5705">
    <p class='ocr_par' dir='ltr' id='par_1_105' title="bbox 407 5629 1978 5705">
     <span class='ocr_line' id='line_1_105' title="bbox 407 5629 1978 5705; baseline 0.006 -28"><span class='ocrx_word' id='word_1_722' title='bbox 407 5638 665 5705; x_wconf 49' lang='lat' dir='ltr'><strong>apparet;</strong></span> <span class='ocrx_word' id='word_1_723' title='bbox 698 5631 866 5705; x_wconf 73' lang='lat' dir='ltr'><strong>sedet</strong></span> <span class='ocrx_word' id='word_1_724' title='bbox 905 5630 956 5682; x_wconf 91' lang='lat' dir='ltr'><strong>in</strong></span> <span class='ocrx_word' id='word_1_725' title='bbox 981 5630 1138 5705; x_wconf 71' lang='lat' dir='ltr'><strong>codd.</strong></span> <span class='ocrx_word' id='word_1_726' title='bbox 1169 5629 1595 5705; x_wconf 57' lang='lat' dir='ltr'><strong>MedicmoJlaz.</strong></span> <span class='ocrx_word' id='word_1_727' title='bbox 1619 5643 1668 5697; x_wconf 79' lang='lat' dir='ltr'><strong>et</strong></span> <span class='ocrx_word' id='word_1_728' title='bbox 1690 5632 1820 5705; x_wconf 62' lang='lat' dir='ltr'><strong>Fuit.</strong></span> <span class='ocrx_word' id='word_1_729' title='bbox 1843 5634 1978 5705; x_wconf 63' lang='grc' dir='ltr'>πρζλς</span> 
     </span>
    </p>
   </div>
   <div class='ocr_carea' id='block_1_106' title="bbox 407 5697 1976 5775">
    <p class='ocr_par' dir='ltr' id='par_1_106' title="bbox 407 5697 1976 5775">
     <span class='ocr_line' id='line_1_106' title="bbox 407 5697 1976 5775; baseline 0.008 -29"><span class='ocrx_word' id='word_1_730' title='bbox 407 5697 676 5775; x_wconf 33' lang='grc' dir='ltr'><strong>σπίοι-ϐιανόν</strong></span> <span class='ocrx_word' id='word_1_731' title='bbox 705 5698 1219 5775; x_wconf 67' lang='lat' dir='ltr'><strong>legitttr,ticc_al_iter</strong></span> <span class='ocrx_word' id='word_1_732' title='bbox 1251 5699 1474 5775; x_wconf 71' lang='lat' dir='ltr'><strong>Rufinus</strong></span> <span class='ocrx_word' id='word_1_733' title='bbox 1507 5703 1646 5775; x_wconf 83' lang='lat' dir='ltr'><strong>hunc</strong></span> <span class='ocrx_word' id='word_1_734' title='bbox 1678 5697 1976 5759; x_wconf 65' lang='lat' dir='ltr'><strong>Antiochia:</strong></span> 
     </span>
    </p>
   </div>
   <div class='ocr_carea' id='block_1_107' title="bbox 410 5769 1652 5842">
    <p class='ocr_par' dir='ltr' id='par_1_107' title="bbox 410 5769 1652 5842">
     <span class='ocr_line' id='line_1_107' title="bbox 410 5769 1652 5842; baseline 0.008 -24"><span class='ocrx_word' id='word_1_735' title='bbox 410 5769 721 5838; x_wconf 77' lang='lat' dir='ltr'><strong>episcopum</strong></span> <span class='ocrx_word' id='word_1_736' title='bbox 749 5769 1002 5841; x_wconf 82' lang='lat' dir='ltr'><strong>appellat.</strong></span> <span class='ocrx_word' id='word_1_737' title='bbox 1035 5770 1176 5826; x_wconf 86' lang='lat' dir='ltr'><strong>Edili</strong></span> <span class='ocrx_word' id='word_1_738' title='bbox 1205 5786 1314 5828; x_wconf 87' lang='lat' dir='ltr'><strong>om.</strong></span> <span class='ocrx_word' id='word_1_739' title='bbox 1348 5773 1476 5842; x_wconf 81' lang='grc' dir='ltr'>παρ’</span> <span class='ocrx_word' id='word_1_740' title='bbox 1504 5773 1652 5842; x_wconf 76' lang='grc' dir='ltr'>ἡμῖν.</span> 
     </span>
    </p>
   </div>
   <div class='ocr_carea' id='block_1_108' title="bbox 2146 4647 3657 4726">
    <p class='ocr_par' dir='ltr' id='par_1_108' title="bbox 2146 4647 3657 4726">
     <span class='ocr_line' id='line_1_108' title="bbox 2146 4647 3657 4726; baseline -0.009 -15"><span class='ocrx_word' id='word_1_741' title='bbox 2146 4654 2244 4726; x_wconf 68' lang='grc' dir='ltr'><strong>(8)Δ</strong></span> <span class='ocrx_word' id='word_1_742' title='bbox 2276 4649 2631 4726; x_wconf 41' lang='lat' dir='ltr'><strong>maeres.</strong></span> <span class='ocrx_word' id='word_1_743' title='bbox 2672 4647 2942 4726; x_wconf 73' lang='lat' dir='ltr'><strong>Particula</strong></span> <span class='ocrx_word' id='word_1_744' title='bbox 2989 4648 3098 4720; x_wconf 90' lang='grc' dir='ltr'><strong>γάρ</strong></span> <span class='ocrx_word' id='word_1_745' title='bbox 3121 4647 3250 4726; x_wconf 78' lang='lat' dir='ltr'><strong>loco</strong></span> <span class='ocrx_word' id='word_1_746' title='bbox 3298 4661 3396 4726; x_wconf 76' lang='lat' dir='ltr'><strong>suo</strong></span> <span class='ocrx_word' id='word_1_747' title='bbox 3428 4647 3657 4726; x_wconf 58' lang='lat' dir='ltr'><strong>derupta</strong></span> 
     </span>
    </p>
   </div>
   <div class='ocr_carea' id='block_1_109' title="bbox 2072 4713 3657 4790">
    <p class='ocr_par' dir='ltr' id='par_1_109' title="bbox 2072 4713 3657 4790">
     <span class='ocr_line' id='line_1_109' title="bbox 2072 4713 3657 4790; baseline -0.008 -10"><span class='ocrx_word' id='word_1_748' title='bbox 2072 4713 2178 4790; x_wconf 51' lang='lat' dir='ltr'><strong>est‘,</strong></span> <span class='ocrx_word' id='word_1_749' title='bbox 2204 4713 2460 4778; x_wconf 58' lang='lat' dir='ltr'><strong>&#39;inferius</strong></span> <span class='ocrx_word' id='word_1_750' title='bbox 2501 4713 2812 4776; x_wconf 78' lang='lat' dir='ltr'><strong>collocanda</strong></span> <span class='ocrx_word' id='word_1_751' title='bbox 2851 4719 2954 4773; x_wconf 89' lang='lat' dir='ltr'><strong>hoc</strong></span> <span class='ocrx_word' id='word_1_752' title='bbox 3004 4713 3170 4774; x_wconf 81' lang='lat' dir='ltr'><strong>modo</strong></span> <span class='ocrx_word' id='word_1_753' title='bbox 3207 4717 3337 4770; x_wconf 71' lang='grc' dir='ltr'>ικαὶ</span> <span class='ocrx_word' id='word_1_754' title='bbox 3379 4715 3492 4786; x_wconf 84' lang='grc' dir='ltr'>γὰρ</span> <span class='ocrx_word' id='word_1_755' title='bbox 3522 4713 3657 4783; x_wconf 79' lang='grc' dir='ltr'>φθά-</span> 
     </span>
    </p>
   </div>
   <div class='ocr_carea' id='block_1_110' title="bbox 2078 4813 2197 4858">
    <p class='ocr_par' dir='ltr' id='par_1_110' title="bbox 2078 4813 2197 4858">
     <span class='ocr_line' id='line_1_110' title="bbox 2078 4813 2197 4858; baseline -0.017 -8"><span class='ocrx_word' id='word_1_756' title='bbox 2078 4813 2197 4858; x_wconf 88' lang='grc' dir='ltr'>σας.</span> 
     </span>
    </p>
   </div>
   <div class='ocr_carea' id='block_1_111' title="bbox 2149 4855 3652 4932">
    <p class='ocr_par' dir='ltr' id='par_1_111' title="bbox 2149 4855 3652 4932">
     <span class='ocr_line' id='line_1_111' title="bbox 2149 4855 3652 4932; baseline -0.006 -15"><span class='ocrx_word' id='word_1_757' title='bbox 2149 4855 2225 4932; x_wconf 78' lang='lat'><strong>(9)</strong></span> <span class='ocrx_word' id='word_1_758' title='bbox 2254 4862 2480 4928; x_wconf 80' lang='grc' dir='ltr'>Μάντις</span> <span class='ocrx_word' id='word_1_759' title='bbox 2507 4859 2603 4915; x_wconf 72' lang='grc' dir='ltr'>καὶ</span> <span class='ocrx_word' id='word_1_760' title='bbox 2630 4859 2900 4928; x_wconf 81' lang='grc' dir='ltr'>ποιητής.</span> <span class='ocrx_word' id='word_1_761' title='bbox 2951 4859 3169 4932; x_wconf 71' lang='lat' dir='ltr'><strong>Paetum</strong></span> <span class='ocrx_word' id='word_1_762' title='bbox 3196 4857 3332 4910; x_wconf 85' lang='lat' dir='ltr'><strong>verti</strong></span> <span class='ocrx_word' id='word_1_763' title='bbox 3358 4897 3373 4922; x_wconf 96' lang='lat'><strong>,</strong></span> <span class='ocrx_word' id='word_1_764' title='bbox 3420 4855 3652 4932; x_wconf 75' lang='lat' dir='ltr'><strong>prirnum</strong></span> 
     </span>
    </p>
   </div>
   <div class='ocr_carea' id='block_1_112' title="bbox 2079 4925 3654 5005">
    <p class='ocr_par' dir='ltr' id='par_1_112' title="bbox 2079 4925 3654 5005">
     <span class='ocr_line' id='line_1_112' title="bbox 2079 4925 3654 5005; baseline -0.007 -16"><span class='ocrx_word' id='word_1_765' title='bbox 2079 4925 2218 5005; x_wconf 83' lang='lat' dir='ltr'><strong>quia</strong></span> <span class='ocrx_word' id='word_1_766' title='bbox 2245 4942 2418 5003; x_wconf 62' lang='lat' dir='ltr'><strong>poeta:</strong></span> <span class='ocrx_word' id='word_1_767' title='bbox 2441 4925 2565 5005; x_wconf 61' lang='lat' dir='ltr'><strong>eum</strong></span> <span class='ocrx_word' id='word_1_768' title='bbox 2586 4925 2802 5005; x_wconf 82' lang='lat' dir='ltr'><strong>vatibus</strong></span> <span class='ocrx_word' id='word_1_769' title='bbox 2825 4925 2919 4984; x_wconf 87' lang='lat' dir='ltr'><strong>seu</strong></span> <span class='ocrx_word' id='word_1_770' title='bbox 2946 4929 3144 5005; x_wconf 82' lang='lat' dir='ltr'><strong>divinis</strong></span> <span class='ocrx_word' id='word_1_771' title='bbox 3175 4943 3424 5005; x_wconf 76' lang='lat' dir='ltr'><strong>magnam</strong></span> <span class='ocrx_word' id='word_1_772' title='bbox 3454 4925 3654 5005; x_wconf 73' lang='lat' dir='ltr'><strong>habent</strong></span> 
     </span>
    </p>
   </div>
   <div class='ocr_carea' id='block_1_113' title="bbox 2079 4995 3654 5062">
    <p class='ocr_par' dir='ltr' id='par_1_113' title="bbox 2079 4995 3654 5062">
     <span class='ocr_line' id='line_1_113' title="bbox 2079 4995 3654 5062; baseline -0.009 0"><span class='ocrx_word' id='word_1_773' title='bbox 2079 4995 2418 5062; x_wconf 68' lang='lat' dir='ltr'><strong>societatem.</strong></span> <span class='ocrx_word' id='word_1_774' title='bbox 2453 5002 2621 5056; x_wconf 78' lang='lat' dir='ltr'><strong>Vates</strong></span> <span class='ocrx_word' id='word_1_775' title='bbox 2650 5002 2796 5054; x_wconf 90' lang='lat' dir='ltr'><strong>cnim</strong></span> <span class='ocrx_word' id='word_1_776' title='bbox 2833 5001 3051 5054; x_wconf 91' lang='lat' dir='ltr'><strong>oracula</strong></span> <span class='ocrx_word' id='word_1_777' title='bbox 3102 5014 3196 5052; x_wconf 90' lang='lat' dir='ltr'><strong>sua</strong></span> <span class='ocrx_word' id='word_1_778' title='bbox 3244 4995 3494 5051; x_wconf 77' lang='lat' dir='ltr'><strong>versibus</strong></span> <span class='ocrx_word' id='word_1_779' title='bbox 3525 4995 3654 5048; x_wconf 82' lang='lat' dir='ltr'><strong>ede-</strong></span> 
     </span>
    </p>
   </div>
   <div class='ocr_carea' id='block_1_114' title="bbox 2083 5064 3652 5142">
    <p class='ocr_par' dir='ltr' id='par_1_114' title="bbox 2083 5064 3652 5142">
     <span class='ocr_line' id='line_1_114' title="bbox 2083 5064 3652 5142; baseline -0.008 -11"><span class='ocrx_word' id='word_1_780' title='bbox 2083 5079 2236 5131; x_wconf 88' lang='lat' dir='ltr'><strong>bant.</strong></span> <span class='ocrx_word' id='word_1_781' title='bbox 2274 5071 2476 5126; x_wconf 90' lang='lat' dir='ltr'><strong>Deinde</strong></span> <span class='ocrx_word' id='word_1_782' title='bbox 2510 5072 2634 5141; x_wconf 90' lang='lat' dir='ltr'><strong>quia</strong></span> <span class='ocrx_word' id='word_1_783' title='bbox 2686 5071 2923 5142; x_wconf 64' lang='lat' dir='ltr'><strong>Egyptii</strong></span> <span class='ocrx_word' id='word_1_784' title='bbox 2957 5071 3163 5142; x_wconf 69' lang='lat' dir='ltr'><strong>poetica</strong></span> <span class='ocrx_word' id='word_1_785' title='bbox 3206 5064 3652 5142; x_wconf 42' lang='lat' dir='ltr'><strong>imprimisllele-</strong></span> 
     </span>
    </p>
   </div>
   <div class='ocr_carea' id='block_1_115' title="bbox 2086 5135 3655 5208">
    <p class='ocr_par' dir='ltr' id='par_1_115' title="bbox 2086 5135 3655 5208">
     <span class='ocr_line' id='line_1_115' title="bbox 2086 5135 3655 5208; baseline -0.009 -7"><span class='ocrx_word' id='word_1_786' title='bbox 2086 5147 2408 5206; x_wconf 87' lang='lat' dir='ltr'><strong>ctahantur,</strong></span> <span class='ocrx_word' id='word_1_787' title='bbox 2453 5135 2594 5208; x_wconf 82' lang='lat' dir='ltr'><strong>quod</strong></span> <span class='ocrx_word' id='word_1_788' title='bbox 2647 5135 3073 5194; x_wconf 68' lang='lat' dir='ltr'><strong>etiani&#39;notavit</strong></span> <span class='ocrx_word' id='word_1_789' title='bbox 3127 5135 3422 5206; x_wconf 75' lang='lat' dir='ltr'><strong>Eunapius.</strong></span> <span class='ocrx_word' id='word_1_790' title='bbox 3485 5135 3655 5190; x_wconf 89' lang='lat' dir='ltr'><strong>Porro</strong></span> 
     </span>
    </p>
   </div>
   <div class='ocr_carea' id='block_1_116' title="bbox 2088 5209 3656 5282">
    <p class='ocr_par' dir='ltr' id='par_1_116' title="bbox 2088 5209 3656 5282">
     <span class='ocr_line' id='line_1_116' title="bbox 2088 5209 3656 5282; baseline -0.009 -12"><span class='ocrx_word' id='word_1_791' title='bbox 2088 5215 2217 5270; x_wconf 91' lang='lat' dir='ltr'><strong>nulli</strong></span> <span class='ocrx_word' id='word_1_792' title='bbox 2252 5214 2421 5282; x_wconf 80' lang='lat' dir='ltr'><strong>magis</strong></span> <span class='ocrx_word' id='word_1_793' title='bbox 2451 5209 2643 5265; x_wconf 84' lang='lat' dir='ltr'><strong>infensi</strong></span> <span class='ocrx_word' id='word_1_794' title='bbox 2678 5220 2833 5266; x_wconf 85' lang='lat' dir='ltr'><strong>erant</strong></span> <span class='ocrx_word' id='word_1_795' title='bbox 2854 5211 3199 5274; x_wconf 83' lang='lat' dir='ltr'><strong>Christianis,</strong></span> <span class='ocrx_word' id='word_1_796' title='bbox 3238 5222 3396 5282; x_wconf 80' lang='lat' dir='ltr'><strong>quam</strong></span> <span class='ocrx_word' id='word_1_797' title='bbox 3418 5214 3571 5282; x_wconf 64' lang='lat' dir='ltr'><strong>vates</strong></span> <span class='ocrx_word' id='word_1_798' title='bbox 3601 5213 3656 5256; x_wconf 89' lang='lat' dir='ltr'><strong>et</strong></span> 
     </span>
    </p>
   </div>
   <div class='ocr_carea' id='block_1_117' title="bbox 2087 5275 3652 5351">
    <p class='ocr_par' dir='ltr' id='par_1_117' title="bbox 2087 5275 3652 5351">
     <span class='ocr_line' id='line_1_117' title="bbox 2087 5275 3652 5351; baseline -0.01 -9"><span class='ocrx_word' id='word_1_799' title='bbox 2087 5284 2302 5348; x_wconf 86' lang='lat' dir='ltr'><strong>harioli,</strong></span> <span class='ocrx_word' id='word_1_800' title='bbox 2336 5275 2389 5337; x_wconf 68' lang='lat' dir='ltr'><strong>Et</strong></span> <span class='ocrx_word' id='word_1_801' title='bbox 2426 5282 2686 5351; x_wconf 86' lang='lat' dir='ltr'><strong>ejusmodi</strong></span> <span class='ocrx_word' id='word_1_802' title='bbox 2721 5282 3000 5336; x_wconf 90' lang='lat' dir='ltr'><strong>hominum</strong></span> <span class='ocrx_word' id='word_1_803' title='bbox 3029 5295 3218 5349; x_wconf 75' lang='lat' dir='ltr'><strong>genus.</strong></span> <span class='ocrx_word' id='word_1_804' title='bbox 3250 5275 3341 5346; x_wconf 91' lang='lat' dir='ltr'><strong>qui</strong></span> <span class='ocrx_word' id='word_1_805' title='bbox 3367 5275 3432 5328; x_wconf 90' lang='lat' dir='ltr'><strong>ad</strong></span> <span class='ocrx_word' id='word_1_806' title='bbox 3465 5287 3652 5344; x_wconf 86' lang='lat' dir='ltr'><strong>perse-</strong></span> 
     </span>
    </p>
   </div>
   <div class='ocr_carea' id='block_1_118' title="bbox 2090 5351 3653 5423">
    <p class='ocr_par' dir='ltr' id='par_1_118' title="bbox 2090 5351 3653 5423">
     <span class='ocr_line' id='line_1_118' title="bbox 2090 5351 3653 5423; baseline -0.008 -15"><span class='ocrx_word' id='word_1_807' title='bbox 2090 5355 2331 5423; x_wconf 89' lang='lat' dir='ltr'><strong>quendos</strong></span> <span class='ocrx_word' id='word_1_808' title='bbox 2357 5352 2692 5408; x_wconf 82' lang='lat' dir='ltr'><strong>Christianos</strong></span> <span class='ocrx_word' id='word_1_809' title='bbox 2735 5351 2986 5420; x_wconf 87' lang='lat' dir='ltr'><strong>populum</strong></span> <span class='ocrx_word' id='word_1_810' title='bbox 3029 5352 3400 5411; x_wconf 86' lang='lat' dir='ltr'><strong>concitabant,</strong></span> <span class='ocrx_word' id='word_1_811' title='bbox 3431 5358 3653 5412; x_wconf 62' lang='lat' dir='ltr'><strong>compov</strong></span> 
     </span>
    </p>
   </div>
   <div class='ocr_carea' id='block_1_119' title="bbox 2085 5423 2868 5481">
    <p class='ocr_par' dir='ltr' id='par_1_119' title="bbox 2085 5423 2868 5481">
     <span class='ocr_line' id='line_1_119' title="bbox 2085 5423 2868 5481; baseline -0.004 0"><span class='ocrx_word' id='word_1_812' title='bbox 2085 5426 2205 5481; x_wconf 84' lang='lat' dir='ltr'><strong>sitis</strong></span> <span class='ocrx_word' id='word_1_813' title='bbox 2232 5425 2285 5477; x_wconf 90' lang='lat' dir='ltr'><strong>in</strong></span> <span class='ocrx_word' id='word_1_814' title='bbox 2317 5438 2433 5476; x_wconf 87' lang='lat' dir='ltr'><strong>eam</strong></span> <span class='ocrx_word' id='word_1_815' title='bbox 2471 5437 2582 5475; x_wconf 88' lang='lat' dir='ltr'><strong>rem</strong></span> <span class='ocrx_word' id='word_1_816' title='bbox 2614 5423 2868 5478; x_wconf 84' lang='lat' dir='ltr'><strong>oraculis.</strong></span> 
     </span>
    </p>
   </div>
   <div class='ocr_carea' id='block_1_120' title="bbox 2159 5484 3649 5563">
    <p class='ocr_par' dir='ltr' id='par_1_120' title="bbox 2159 5484 3649 5563">
     <span class='ocr_line' id='line_1_120' title="bbox 2159 5484 3649 5563; baseline -0.008 -14"><span class='ocrx_word' id='word_1_817' title='bbox 2159 5496 2269 5563; x_wconf 75' lang='lat'><strong>(-10)</strong></span> <span class='ocrx_word' id='word_1_818' title='bbox 2324 5492 2440 5560; x_wconf 66' lang='lat' dir='ltr'><strong>Thr</strong></span> <span class='ocrx_word' id='word_1_819' title='bbox 2497 5495 2823 5560; x_wconf 77' lang='grc' dir='ltr'>θρησκείαν</span> <span class='ocrx_word' id='word_1_820' title='bbox 2873 5490 2992 5545; x_wconf 83' lang='grc' dir='ltr'>τῶν</span> <span class='ocrx_word' id='word_1_821' title='bbox 3042 5490 3360 5559; x_wconf 76' lang='grc' dir='ltr'>δαιμόνων.</span> <span class='ocrx_word' id='word_1_822' title='bbox 3415 5484 3649 5539; x_wconf 81' lang='lat' dir='ltr'><strong>Deleuda</strong></span> 
     </span>
    </p>
   </div>
   <div class='ocr_carea' id='block_1_121' title="bbox 2089 5563 3648 5631">
    <p class='ocr_par' dir='ltr' id='par_1_121' title="bbox 2089 5563 3648 5631">
     <span class='ocr_line' id='line_1_121' title="bbox 2089 5563 3648 5631; baseline -0.009 -12"><span class='ocrx_word' id='word_1_823' title='bbox 2089 5567 2219 5619; x_wconf 88' lang='lat' dir='ltr'><strong>mihi</strong></span> <span class='ocrx_word' id='word_1_824' title='bbox 2255 5565 2504 5616; x_wconf 85' lang='lat' dir='ltr'><strong>videntur</strong></span> <span class='ocrx_word' id='word_1_825' title='bbox 2539 5564 2649 5618; x_wconf 74' lang='lat' dir='ltr'><strong>lucc</strong></span> <span class='ocrx_word' id='word_1_826' title='bbox 2682 5564 2872 5627; x_wconf 85' lang='lat' dir='ltr'><strong>verba,</strong></span> <span class='ocrx_word' id='word_1_827' title='bbox 2901 5563 3094 5631; x_wconf 82' lang='lat' dir='ltr'><strong>quippe</strong></span> <span class='ocrx_word' id='word_1_828' title='bbox 3119 5573 3237 5630; x_wconf 78' lang='lat' dir='ltr'><strong>qua:</strong></span> <span class='ocrx_word' id='word_1_829' title='bbox 3277 5571 3495 5631; x_wconf 85' lang='lat' dir='ltr'><strong>sensum</strong></span> <span class='ocrx_word' id='word_1_830' title='bbox 3533 5565 3648 5631; x_wconf 68' lang='lat' dir='ltr'><strong>tur-</strong></span> 
     </span>
    </p>
   </div>
   <div class='ocr_carea' id='block_1_122' title="bbox 2083 5624 3648 5700">
    <p class='ocr_par' dir='ltr' id='par_1_122' title="bbox 2083 5624 3648 5700">
     <span class='ocr_line' id='line_1_122' title="bbox 2083 5624 3648 5700; baseline -0.008 -10"><span class='ocrx_word' id='word_1_831' title='bbox 2083 5639 2235 5698; x_wconf 86' lang='lat' dir='ltr'><strong>baut,</strong></span> <span class='ocrx_word' id='word_1_832' title='bbox 2261 5643 2313 5686; x_wconf 89' lang='lat' dir='ltr'><strong>et</strong></span> <span class='ocrx_word' id='word_1_833' title='bbox 2351 5634 2416 5686; x_wconf 89' lang='lat' dir='ltr'><strong>ab</strong></span> <span class='ocrx_word' id='word_1_834' title='bbox 2456 5634 2634 5700; x_wconf 81' lang='lat' dir='ltr'><strong>inepto</strong></span> <span class='ocrx_word' id='word_1_835' title='bbox 2659 5624 2946 5688; x_wconf 41' lang='lat' dir='ltr'><strong>scholia&#39;ste</strong></span> <span class='ocrx_word' id='word_1_836' title='bbox 2974 5624 3207 5698; x_wconf 71' lang='lat' dir='ltr'><strong>ascripta</strong></span> <span class='ocrx_word' id='word_1_837' title='bbox 3233 5635 3358 5684; x_wconf 87' lang='lat' dir='ltr'><strong>sunt</strong></span> <span class='ocrx_word' id='word_1_838' title='bbox 3383 5627 3447 5682; x_wconf 87' lang='lat' dir='ltr'><strong>ad</strong></span> <span class='ocrx_word' id='word_1_839' title='bbox 3478 5624 3648 5696; x_wconf 69' lang='lat' dir='ltr'><strong>expli-</strong></span> 
     </span>
    </p>
   </div>
   <div class='ocr_carea' id='block_1_123' title="bbox 2081 5705 2916 5772">
    <p class='ocr_par' dir='ltr' id='par_1_123' title="bbox 2081 5705 2916 5772">
     <span class='ocr_line' id='line_1_123' title="bbox 2081 5705 2916 5772; baseline -0.007 -10"><span class='ocrx_word' id='word_1_840' title='bbox 2081 5707 2346 5762; x_wconf 76' lang='lat' dir='ltr'><strong>cationem</strong></span> <span class='ocrx_word' id='word_1_841' title='bbox 2374 5705 2514 5759; x_wconf 79' lang='lat' dir='ltr'><strong>vocis</strong></span> <span class='ocrx_word' id='word_1_842' title='bbox 2547 5705 2916 5772; x_wconf 66' lang='lat' dir='ltr'><strong>praecedentis.</strong></span> 
     </span>
    </p>
   </div>
  </div>
