  <div class='ocr_page' id='page_1' title='image "/cluster/home/n/w/nwhite01/storage/ocr_20150623/20/hvd.32044073501181/318.png"; bbox 0 0 4114 6406; ppageno 0'>
   <div class='ocr_carea' id='block_1_1' title="bbox 241 286 399 347">
    <p class='ocr_par' dir='ltr' id='par_1_1' title="bbox 241 286 399 347">
     <span class='ocr_line' id='line_1_1' title="bbox 241 286 399 347; baseline 0.013 -2"><span class='ocrx_word' id='word_1_1' title='bbox 241 286 399 347; x_wconf 76' lang='lat'><strong>609</strong></span> 
     </span>
    </p>
   </div>
   <div class='ocr_carea' id='block_1_2' title="bbox 1323 295 2576 355">
    <p class='ocr_par' dir='ltr' id='par_1_2' title="bbox 1323 295 2576 355">
     <span class='ocr_line' id='line_1_2' title="bbox 1323 295 2576 355; baseline 0.005 -6"><span class='ocrx_word' id='word_1_2' title='bbox 1323 295 1668 351; x_wconf 60' lang='lat' dir='ltr'><strong>HISTORIA}</strong></span> <span class='ocrx_word' id='word_1_3' title='bbox 1709 295 2263 353; x_wconf 62' lang='lat' dir='ltr'><strong>ECCLESIASTICE</strong></span> <span class='ocrx_word' id='word_1_4' title='bbox 2305 298 2438 354; x_wconf 85' lang='lat' dir='ltr'><strong>LIB.</strong></span> <span class='ocrx_word' id='word_1_5' title='bbox 2484 296 2576 355; x_wconf 73' lang='lat' dir='ltr'><strong>VI.</strong></span> 
     </span>
    </p>
   </div>
   <div class='ocr_carea' id='block_1_3' title="bbox 3498 302 3603 358">
    <p class='ocr_par' dir='ltr' id='par_1_3' title="bbox 3498 302 3603 358">
     <span class='ocr_line' id='line_1_3' title="bbox 3498 302 3603 358; baseline 0 -1"><span class='ocrx_word' id='word_1_6' title='bbox 3498 302 3603 358; x_wconf 72' lang='grc'><strong>610</strong></span> 
     </span>
    </p>
   </div>
   <div class='ocr_carea' id='block_1_4' title="bbox 243 409 1900 485">
    <p class='ocr_par' dir='ltr' id='par_1_4' title="bbox 243 409 1900 485">
     <span class='ocr_line' id='line_1_4' title="bbox 243 409 1900 485; baseline 0.007 -28"><span class='ocrx_word' id='word_1_7' title='bbox 243 422 377 461; x_wconf 72' lang='grc' dir='ltr'><strong>ναι</strong></span> <span class='ocrx_word' id='word_1_8' title='bbox 422 413 551 466; x_wconf 64' lang='grc' dir='ltr'><strong>καὶ</strong></span> <span class='ocrx_word' id='word_1_9' title='bbox 584 412 720 483; x_wconf 78' lang='grc' dir='ltr'>πρὸς</span> <span class='ocrx_word' id='word_1_10' title='bbox 749 410 812 465; x_wconf 80' lang='grc' dir='ltr'><strong>τὸ</strong></span> <span class='ocrx_word' id='word_1_11' title='bbox 856 409 1009 465; x_wconf 83' lang='grc' dir='ltr'>θῦναι</span> <span class='ocrx_word' id='word_1_12' title='bbox 1030 427 1043 441; x_wconf 75' lang='grc' dir='ltr'><strong>ο</strong></span> <span class='ocrx_word' id='word_1_13' title='bbox 1076 413 1125 464; x_wconf 88' lang='grc' dir='ltr'><strong>οἱ</strong></span> <span class='ocrx_word' id='word_1_14' title='bbox 1152 409 1208 464; x_wconf 86' lang='grc' dir='ltr'><strong>δέ</strong></span> <span class='ocrx_word' id='word_1_15' title='bbox 1238 429 1382 476; x_wconf 87' lang='grc' dir='ltr'>τινες</span> <span class='ocrx_word' id='word_1_16' title='bbox 1414 414 1756 485; x_wconf 78' lang='grc' dir='ltr'>ἑτοιμότερον</span> <span class='ocrx_word' id='word_1_17' title='bbox 1806 416 1900 477; x_wconf 73' lang='grc' dir='ltr'>τοῖς</span> 
     </span>
    </p>
   </div>
   <div class='ocr_carea' id='block_1_5' title="bbox 2004 409 3594 485">
    <p class='ocr_par' dir='ltr' id='par_1_5' title="bbox 2019 411 3594 483">
     <span class='ocr_line' id='line_1_5' title="bbox 2019 411 3594 483; baseline 0.001 -14"><span class='ocrx_word' id='word_1_18' title='bbox 2019 413 2229 469; x_wconf 85' lang='lat' dir='ltr'><strong>criticia</strong></span> <span class='ocrx_word' id='word_1_19' title='bbox 2255 418 2589 471; x_wconf 86' lang='lat' dir='ltr'><strong>accedebant</strong></span> <span class='ocrx_word' id='word_1_20' title='bbox 2614 430 2626 467; x_wconf 92' lang='lat'>:</span> <span class='ocrx_word' id='word_1_21' title='bbox 2656 411 2896 468; x_wconf 88' lang='lat' dir='ltr'><strong>nonnulli</strong></span> <span class='ocrx_word' id='word_1_22' title='bbox 2932 412 3149 483; x_wconf 84' lang='lat' dir='ltr'><strong>quidem</strong></span> <span class='ocrx_word' id='word_1_23' title='bbox 3183 411 3363 481; x_wconf 86' lang='lat' dir='ltr'><strong>pallidi</strong></span> <span class='ocrx_word' id='word_1_24' title='bbox 3392 429 3456 469; x_wconf 90' lang='lat' dir='ltr'><strong>ac</strong></span> <span class='ocrx_word' id='word_1_25' title='bbox 3480 425 3594 470; x_wconf 88' lang='lat' dir='ltr'><strong>tre-</strong></span> 
     </span>
    </p>
   </div>
   <div class='ocr_carea' id='block_1_6' title="bbox 249 495 1914 577">
    <p class='ocr_par' dir='ltr' id='par_1_6' title="bbox 249 495 1914 577">
     <span class='ocr_line' id='line_1_6' title="bbox 249 495 1914 577; baseline 0.003 -23"><span class='ocrx_word' id='word_1_26' title='bbox 249 495 539 570; x_wconf 75' lang='grc' dir='ltr'>βωμοῖς</span> <span class='ocrx_word' id='word_1_27' title='bbox 582 502 962 576; x_wconf 79' lang='grc' dir='ltr'><strong>προσέτρεχον,</strong></span> <span class='ocrx_word' id='word_1_28' title='bbox 1019 504 1419 575; x_wconf 80' lang='grc' dir='ltr'>ίσχυριζόμενοι</span> <span class='ocrx_word' id='word_1_29' title='bbox 1451 504 1559 576; x_wconf 73' lang='grc'><strong>(16)</strong></span> <span class='ocrx_word' id='word_1_30' title='bbox 1598 508 1664 576; x_wconf 81' lang='grc' dir='ltr'>τῇ</span> <span class='ocrx_word' id='word_1_31' title='bbox 1712 506 1914 577; x_wconf 82' lang='grc' dir='ltr'>θρασύ-</span> 
     </span>
    </p>
   </div>
   <div class='ocr_carea' id='block_1_7' title="bbox 245 595 1912 671">
    <p class='ocr_par' dir='ltr' id='par_1_7' title="bbox 245 595 1912 671">
     <span class='ocr_line' id='line_1_7' title="bbox 245 595 1912 671; baseline 0.006 -29"><span class='ocrx_word' id='word_1_32' title='bbox 245 605 428 661; x_wconf 76' lang='grc' dir='ltr'>τητι</span> <span class='ocrx_word' id='word_1_33' title='bbox 494 595 559 649; x_wconf 85' lang='grc' dir='ltr'><strong>τὸ</strong></span> <span class='ocrx_word' id='word_1_34' title='bbox 611 595 743 666; x_wconf 84' lang='grc' dir='ltr'>μηδὲ</span> <span class='ocrx_word' id='word_1_35' title='bbox 784 596 1048 666; x_wconf 86' lang='grc' dir='ltr'>πρότερον</span> <span class='ocrx_word' id='word_1_36' title='bbox 1093 596 1407 666; x_wconf 72' lang='grc' dir='ltr'><strong>Χριστιανοὶ</strong></span> <span class='ocrx_word' id='word_1_37' title='bbox 1439 598 1739 665; x_wconf 88' lang='grc' dir='ltr'>γεγονέναι.</span> <span class='ocrx_word' id='word_1_38' title='bbox 1776 599 1912 671; x_wconf 67' lang='grc' dir='ltr'>Περὶ</span> 
     </span>
    </p>
   </div>
   <div class='ocr_carea' id='block_1_8' title="bbox 247 674 1911 760">
    <p class='ocr_par' dir='ltr' id='par_1_8' title="bbox 247 674 1911 760">
     <span class='ocr_line' id='line_1_8' title="bbox 247 674 1911 760; baseline 0.004 -23"><span class='ocrx_word' id='word_1_39' title='bbox 247 674 359 737; x_wconf 75' lang='grc' dir='ltr'>ὧν</span> <span class='ocrx_word' id='word_1_40' title='bbox 404 688 457 759; x_wconf 77' lang='grc' dir='ltr'><strong>ἡ</strong></span> <span class='ocrx_word' id='word_1_41' title='bbox 501 688 597 742; x_wconf 80' lang='grc' dir='ltr'>τοῦ</span> <span class='ocrx_word' id='word_1_42' title='bbox 637 688 841 758; x_wconf 79' lang='grc' dir='ltr'>Κυρίου</span> <span class='ocrx_word' id='word_1_43' title='bbox 870 686 1173 760; x_wconf 66' lang='grc' dir='ltr'>πρόρρησις</span> <span class='ocrx_word' id='word_1_44' title='bbox 1201 686 1563 760; x_wconf 81' lang='grc' dir='ltr'><strong>ἀληθεστάτη,</strong></span> <span class='ocrx_word' id='word_1_45' title='bbox 1599 690 1679 742; x_wconf 81' lang='grc' dir='ltr'><strong>ὅτι</strong></span> <span class='ocrx_word' id='word_1_46' title='bbox 1716 689 1911 743; x_wconf 84' lang='grc' dir='ltr'>δυσκό-</span> 
     </span>
    </p>
   </div>
   <div class='ocr_carea' id='block_1_9' title="bbox 249 771 1914 851">
    <p class='ocr_par' dir='ltr' id='par_1_9' title="bbox 249 771 1914 851">
     <span class='ocr_line' id='line_1_9' title="bbox 249 771 1914 851; baseline 0.003 -22"><span class='ocrx_word' id='word_1_47' title='bbox 249 771 411 841; x_wconf 78' lang='grc' dir='ltr'>λως</span> <span class='ocrx_word' id='word_1_48' title='bbox 457 778 822 849; x_wconf 68' lang='grc' dir='ltr'><strong>σωθήσονται.</strong></span> <span class='ocrx_word' id='word_1_49' title='bbox 854 778 973 831; x_wconf 90' lang='grc' dir='ltr'><strong>Τῶν</strong></span> <span class='ocrx_word' id='word_1_50' title='bbox 1001 779 1057 832; x_wconf 79' lang='grc' dir='ltr'><strong>δὲ</strong></span> <span class='ocrx_word' id='word_1_51' title='bbox 1098 780 1303 832; x_wconf 83' lang='grc' dir='ltr'>λοιπῶν</span> <span class='ocrx_word' id='word_1_52' title='bbox 1336 780 1386 833; x_wconf 75' lang='grc' dir='ltr'>οἱ</span> <span class='ocrx_word' id='word_1_53' title='bbox 1421 780 1518 851; x_wconf 76' lang='grc' dir='ltr'><strong>μὲν</strong></span> <span class='ocrx_word' id='word_1_54' title='bbox 1548 781 1763 834; x_wconf 76' lang='grc' dir='ltr'>εἵποντο</span> <span class='ocrx_word' id='word_1_55' title='bbox 1792 781 1914 834; x_wconf 83' lang='grc' dir='ltr'>τού-</span> 
     </span>
    </p>
   </div>
   <div class='ocr_carea' id='block_1_10' title="bbox 255 870 1911 944">
    <p class='ocr_par' dir='ltr' id='par_1_10' title="bbox 255 870 1911 944">
     <span class='ocr_line' id='line_1_10' title="bbox 255 870 1911 944; baseline 0.006 -26"><span class='ocrx_word' id='word_1_56' title='bbox 255 883 421 931; x_wconf 77' lang='grc' dir='ltr'>τοις</span> <span class='ocrx_word' id='word_1_57' title='bbox 471 871 779 942; x_wconf 82' lang='grc' dir='ltr'>ἑκατέροις,</span> <span class='ocrx_word' id='word_1_58' title='bbox 813 872 863 923; x_wconf 78' lang='grc' dir='ltr'><strong>οἱ</strong></span> <span class='ocrx_word' id='word_1_59' title='bbox 909 870 965 923; x_wconf 84' lang='grc' dir='ltr'>δὲ</span> <span class='ocrx_word' id='word_1_60' title='bbox 998 871 1246 940; x_wconf 78' lang='grc' dir='ltr'>ἔφευγον,</span> <span class='ocrx_word' id='word_1_61' title='bbox 1290 875 1338 926; x_wconf 86' lang='grc' dir='ltr'><strong>οἱ</strong></span> <span class='ocrx_word' id='word_1_62' title='bbox 1372 873 1428 926; x_wconf 79' lang='grc' dir='ltr'>δὲ</span> <span class='ocrx_word' id='word_1_63' title='bbox 1457 873 1757 944; x_wconf 76' lang='grc' dir='ltr'>ἡλίσκοντο.</span> <span class='ocrx_word' id='word_1_64' title='bbox 1800 875 1911 928; x_wconf 76' lang='grc' dir='ltr'>Καὶ</span> 
     </span>
    </p>
   </div>
   <div class='ocr_carea' id='block_1_11' title="bbox 255 957 1911 1036">
    <p class='ocr_par' dir='ltr' id='par_1_11' title="bbox 255 957 1911 1036">
     <span class='ocr_line' id='line_1_11' title="bbox 255 957 1911 1036; baseline 0.007 -29"><span class='ocrx_word' id='word_1_65' title='bbox 255 957 533 1012; x_wconf 71' lang='grc' dir='ltr'>’τούτων</span> <span class='ocrx_word' id='word_1_66' title='bbox 569 962 615 1012; x_wconf 82' lang='lat' dir='ltr'><strong>0i</strong></span> <span class='ocrx_word' id='word_1_67' title='bbox 649 960 747 1031; x_wconf 81' lang='grc' dir='ltr'><strong>μὲν</strong></span> <span class='ocrx_word' id='word_1_68' title='bbox 781 960 909 1031; x_wconf 85' lang='grc' dir='ltr'>ἀχρι</span> <span class='ocrx_word' id='word_1_69' title='bbox 943 960 1157 1032; x_wconf 82' lang='grc' dir='ltr'>δεσμῶν</span> <span class='ocrx_word' id='word_1_70' title='bbox 1202 962 1297 1015; x_wconf 75' lang='grc' dir='ltr'><strong>καὶ</strong></span> <span class='ocrx_word' id='word_1_71' title='bbox 1332 962 1579 1034; x_wconf 81' lang='grc' dir='ltr'><strong>φυλακῆς</strong></span> <span class='ocrx_word' id='word_1_72' title='bbox 1625 965 1911 1036; x_wconf 86' lang='grc' dir='ltr'>χωρήσαν-</span> 
     </span>
    </p>
   </div>
   <div class='ocr_carea' id='block_1_12' title="bbox 257 1053 1907 1128">
    <p class='ocr_par' dir='ltr' id='par_1_12' title="bbox 257 1053 1907 1128">
     <span class='ocr_line' id='line_1_12' title="bbox 257 1053 1907 1128; baseline 0.007 -29"><span class='ocrx_word' id='word_1_73' title='bbox 257 1065 434 1114; x_wconf 74' lang='grc' dir='ltr'>τεςο</span> <span class='ocrx_word' id='word_1_74' title='bbox 484 1053 579 1106; x_wconf 87' lang='grc' dir='ltr'><strong>καί</strong></span> <span class='ocrx_word' id='word_1_75' title='bbox 606 1070 749 1116; x_wconf 89' lang='grc' dir='ltr'>τινες</span> <span class='ocrx_word' id='word_1_76' title='bbox 790 1053 883 1107; x_wconf 73' lang='grc' dir='ltr'>καὶ</span> <span class='ocrx_word' id='word_1_77' title='bbox 917 1053 1168 1118; x_wconf 86' lang='grc' dir='ltr'>πλείονας</span> <span class='ocrx_word' id='word_1_78' title='bbox 1213 1053 1428 1127; x_wconf 76' lang='grc' dir='ltr'>ἡμέρας</span> <span class='ocrx_word' id='word_1_79' title='bbox 1474 1055 1907 1128; x_wconf 82' lang='grc' dir='ltr'>καθειρχθέντες,</span> 
     </span>
    </p>
   </div>
   <div class='ocr_carea' id='block_1_13' title="bbox 264 1136 1908 1219">
    <p class='ocr_par' dir='ltr' id='par_1_13' title="bbox 264 1136 1908 1219">
     <span class='ocr_line' id='line_1_13' title="bbox 264 1136 1908 1219; baseline 0.005 -24"><span class='ocrx_word' id='word_1_80' title='bbox 264 1136 435 1197; x_wconf 70' lang='grc' dir='ltr'>εἶτα</span> <span class='ocrx_word' id='word_1_81' title='bbox 470 1145 570 1198; x_wconf 79' lang='grc' dir='ltr'>καὶ</span> <span class='ocrx_word' id='word_1_82' title='bbox 597 1146 725 1217; x_wconf 73' lang='grc' dir='ltr'>πρὶν</span> <span class='ocrx_word' id='word_1_83' title='bbox 755 1145 837 1209; x_wconf 87' lang='grc' dir='ltr'><strong>είς</strong></span> <span class='ocrx_word' id='word_1_84' title='bbox 863 1144 1210 1218; x_wconf 83' lang='grc' dir='ltr'>δικαστήριον</span> <span class='ocrx_word' id='word_1_85' title='bbox 1239 1147 1523 1213; x_wconf 81' lang='grc' dir='ltr'>εἰσελθεῖν,</span> <span class='ocrx_word' id='word_1_86' title='bbox 1541 1148 1908 1219; x_wconf 78' lang='grc' dir='ltr'><strong>ἐξωμόσαντο,</strong></span> 
     </span>
    </p>
   </div>
   <div class='ocr_carea' id='block_1_14' title="bbox 266 1234 1910 1313">
    <p class='ocr_par' dir='ltr' id='par_1_14' title="bbox 266 1234 1910 1313">
     <span class='ocr_line' id='line_1_14' title="bbox 266 1234 1910 1313; baseline 0.004 -26"><span class='ocrx_word' id='word_1_87' title='bbox 266 1234 335 1287; x_wconf 73' lang='grc' dir='ltr'>οἱ</span> <span class='ocrx_word' id='word_1_88' title='bbox 378 1236 460 1289; x_wconf 83' lang='grc' dir='ltr'><strong>δὲ</strong></span> <span class='ocrx_word' id='word_1_89' title='bbox 494 1238 592 1291; x_wconf 71' lang='grc' dir='ltr'><strong>καὶ</strong></span> <span class='ocrx_word' id='word_1_90' title='bbox 624 1238 874 1308; x_wconf 78' lang='grc' dir='ltr'><strong>βασάνοις</strong></span> <span class='ocrx_word' id='word_1_91' title='bbox 897 1239 988 1292; x_wconf 76' lang='grc' dir='ltr'>ἐπὶ</span> <span class='ocrx_word' id='word_1_92' title='bbox 1014 1240 1181 1293; x_wconf 77' lang='grc' dir='ltr'>ποσὸν</span> <span class='ocrx_word' id='word_1_93' title='bbox 1214 1240 1738 1312; x_wconf 84' lang='grc' dir='ltr'>ὲγκαρτερήσαντες,</span> <span class='ocrx_word' id='word_1_94' title='bbox 1774 1243 1910 1313; x_wconf 80' lang='grc' dir='ltr'>πρὸς</span> 
     </span>
    </p>
   </div>
   <div class='ocr_carea' id='block_1_15' title="bbox 268 1327 1910 1403">
    <p class='ocr_par' dir='ltr' id='par_1_15' title="bbox 268 1327 1910 1403">
     <span class='ocr_line' id='line_1_15' title="bbox 268 1327 1910 1403; baseline 0.005 -25"><span class='ocrx_word' id='word_1_95' title='bbox 268 1327 355 1379; x_wconf 73' lang='grc' dir='ltr'>τὸ</span> <span class='ocrx_word' id='word_1_96' title='bbox 391 1329 543 1401; x_wconf 78' lang='grc' dir='ltr'>ἑξῆς</span> <span class='ocrx_word' id='word_1_97' title='bbox 570 1332 820 1386; x_wconf 81' lang='grc' dir='ltr'>ἀπεῖπον.</span> <span class='ocrx_word' id='word_1_98' title='bbox 855 1331 918 1383; x_wconf 80' lang='grc' dir='ltr'>Οἱ</span> <span class='ocrx_word' id='word_1_99' title='bbox 949 1330 1005 1384; x_wconf 83' lang='grc' dir='ltr'>δὲ</span> <span class='ocrx_word' id='word_1_100' title='bbox 1044 1332 1263 1403; x_wconf 73' lang='grc' dir='ltr'>στερροὶ</span> <span class='ocrx_word' id='word_1_101' title='bbox 1303 1333 1398 1386; x_wconf 72' lang='grc' dir='ltr'>καὶ</span> <span class='ocrx_word' id='word_1_102' title='bbox 1439 1333 1698 1403; x_wconf 83' lang='grc' dir='ltr'>μακάριοι</span> <span class='ocrx_word' id='word_1_103' title='bbox 1728 1334 1910 1388; x_wconf 83' lang='grc' dir='ltr'>στύλοι</span> 
     </span>
    </p>
   </div>
   <div class='ocr_carea' id='block_1_16' title="bbox 270 1418 1913 1500">
    <p class='ocr_par' dir='ltr' id='par_1_16' title="bbox 270 1418 1913 1500">
     <span class='ocr_line' id='line_1_16' title="bbox 270 1418 1913 1500; baseline 0.007 -28"><span class='ocrx_word' id='word_1_104' title='bbox 270 1418 400 1472; x_wconf 69' lang='grc' dir='ltr'>τοῦ</span> <span class='ocrx_word' id='word_1_105' title='bbox 439 1423 678 1495; x_wconf 79' lang='grc' dir='ltr'>Κυρίου,</span> <span class='ocrx_word' id='word_1_106' title='bbox 701 1422 1134 1495; x_wconf 83' lang='grc' dir='ltr'>κραταιωθέντες</span> <span class='ocrx_word' id='word_1_107' title='bbox 1166 1425 1259 1477; x_wconf 80' lang='grc' dir='ltr'>ὑπ’</span> <span class='ocrx_word' id='word_1_108' title='bbox 1284 1425 1473 1491; x_wconf 80' lang='grc' dir='ltr'>αὐτοῦ,</span> <span class='ocrx_word' id='word_1_109' title='bbox 1509 1429 1602 1481; x_wconf 77' lang='grc' dir='ltr'><strong>καὶ</strong></span> <span class='ocrx_word' id='word_1_110' title='bbox 1634 1428 1733 1500; x_wconf 85' lang='grc' dir='ltr'>τῆς</span> <span class='ocrx_word' id='word_1_111' title='bbox 1764 1430 1913 1500; x_wconf 87' lang='grc' dir='ltr'>ίσχυ-</span> 
     </span>
    </p>
   </div>
   <div class='ocr_carea' id='block_1_17' title="bbox 276 1514 1911 1594">
    <p class='ocr_par' dir='ltr' id='par_1_17' title="bbox 276 1514 1911 1594">
     <span class='ocr_line' id='line_1_17' title="bbox 276 1514 1911 1594; baseline 0.008 -29"><span class='ocrx_word' id='word_1_112' title='bbox 276 1514 416 1583; x_wconf 74' lang='grc' dir='ltr'>ρᾶς</span> <span class='ocrx_word' id='word_1_113' title='bbox 458 1515 521 1567; x_wconf 77' lang='grc' dir='ltr'>ὲν</span> <span class='ocrx_word' id='word_1_114' title='bbox 548 1516 759 1579; x_wconf 76' lang='grc' dir='ltr'><strong>ἑαυτοῖς</strong></span> <span class='ocrx_word' id='word_1_115' title='bbox 794 1516 1028 1581; x_wconf 88' lang='grc' dir='ltr'>πίστεως</span> <span class='ocrx_word' id='word_1_116' title='bbox 1070 1518 1224 1583; x_wconf 80' lang='grc' dir='ltr'>ἀξίαν</span> <span class='ocrx_word' id='word_1_117' title='bbox 1268 1520 1363 1575; x_wconf 75' lang='grc' dir='ltr'>καὶ</span> <span class='ocrx_word' id='word_1_118' title='bbox 1393 1522 1652 1591; x_wconf 81' lang='grc' dir='ltr'>ἀνάλογον</span> <span class='ocrx_word' id='word_1_119' title='bbox 1682 1522 1911 1594; x_wconf 83' lang='grc' dir='ltr'>δύναμιν</span> 
     </span>
    </p>
   </div>
   <div class='ocr_carea' id='block_1_18' title="bbox 272 1608 1908 1684">
    <p class='ocr_par' dir='ltr' id='par_1_18' title="bbox 272 1608 1908 1684">
     <span class='ocr_line' id='line_1_18' title="bbox 272 1608 1908 1684; baseline 0.009 -26"><span class='ocrx_word' id='word_1_120' title='bbox 272 1608 409 1661; x_wconf 64' lang='grc' dir='ltr'>καὶ</span> <span class='ocrx_word' id='word_1_121' title='bbox 449 1609 748 1681; x_wconf 71' lang='grc' dir='ltr'>καρτερίαν</span> <span class='ocrx_word' id='word_1_122' title='bbox 779 1609 1053 1675; x_wconf 69' lang='grc' dir='ltr'>λαϐόντες,</span> <span class='ocrx_word' id='word_1_123' title='bbox 1088 1611 1389 1683; x_wconf 74' lang='grc' dir='ltr'>θαυμαστοὶ</span> <span class='ocrx_word' id='word_1_124' title='bbox 1434 1616 1720 1684; x_wconf 87' lang='grc' dir='ltr'>γεγόνασιν</span> <span class='ocrx_word' id='word_1_125' title='bbox 1743 1611 1908 1672; x_wconf 76' lang='grc' dir='ltr'>αὑτοῦ</span> 
     </span>
    </p>
   </div>
   <div class='ocr_carea' id='block_1_19' title="bbox 276 1697 1905 1777">
    <p class='ocr_par' dir='ltr' id='par_1_19' title="bbox 276 1697 1905 1777">
     <span class='ocr_line' id='line_1_19' title="bbox 276 1697 1905 1777; baseline 0.006 -25"><span class='ocrx_word' id='word_1_126' title='bbox 276 1699 417 1769; x_wconf 74' lang='grc' dir='ltr'>τῆς</span> <span class='ocrx_word' id='word_1_127' title='bbox 486 1700 761 1771; x_wconf 80' lang='grc' dir='ltr'>βασιλείας</span> <span class='ocrx_word' id='word_1_128' title='bbox 810 1702 1106 1775; x_wconf 83' lang='grc' dir='ltr'>μάρτυρες.</span> <span class='ocrx_word' id='word_1_129' title='bbox 1157 1697 1257 1757; x_wconf 77' lang='grc' dir='ltr'><strong>’Ὧν</strong></span> <span class='ocrx_word' id='word_1_130' title='bbox 1314 1706 1530 1777; x_wconf 89' lang='grc' dir='ltr'>πρῶτος</span> <span class='ocrx_word' id='word_1_131' title='bbox 1600 1708 1905 1774; x_wconf 77' lang='grc' dir='ltr'>Ἰουλιανὸς,</span> 
     </span>
    </p>
   </div>
   <div class='ocr_carea' id='block_1_20' title="bbox 277 1792 1910 1872">
    <p class='ocr_par' dir='ltr' id='par_1_20' title="bbox 277 1792 1910 1872">
     <span class='ocr_line' id='line_1_20' title="bbox 277 1792 1910 1872; baseline 0.007 -27"><span class='ocrx_word' id='word_1_132' title='bbox 277 1792 615 1867; x_wconf 75' lang='grc' dir='ltr'>ἄνθρωπος</span> <span class='ocrx_word' id='word_1_133' title='bbox 645 1795 934 1868; x_wconf 79' lang='grc' dir='ltr'>ποδαγρὸς,</span> <span class='ocrx_word' id='word_1_134' title='bbox 963 1795 1037 1867; x_wconf 82' lang='grc' dir='ltr'>μὴ</span> <span class='ocrx_word' id='word_1_135' title='bbox 1070 1797 1278 1868; x_wconf 84' lang='grc' dir='ltr'>στῆναι,</span> <span class='ocrx_word' id='word_1_136' title='bbox 1317 1797 1391 1870; x_wconf 82' lang='grc' dir='ltr'>μὴ</span> <span class='ocrx_word' id='word_1_137' title='bbox 1425 1798 1643 1869; x_wconf 86' lang='grc' dir='ltr'>βαδίσαι</span> <span class='ocrx_word' id='word_1_138' title='bbox 1674 1800 1910 1872; x_wconf 83' lang='grc' dir='ltr'>δυνάμε-</span> 
     </span>
    </p>
   </div>
   <div class='ocr_carea' id='block_1_21' title="bbox 280 1888 1906 1967">
    <p class='ocr_par' dir='ltr' id='par_1_21' title="bbox 280 1888 1906 1967">
     <span class='ocr_line' id='line_1_21' title="bbox 280 1888 1906 1967; baseline 0.004 -24"><span class='ocrx_word' id='word_1_139' title='bbox 280 1901 431 1950; x_wconf 59' lang='grc' dir='ltr'><strong>ως,</strong></span> <span class='ocrx_word' id='word_1_140' title='bbox 474 1888 570 1941; x_wconf 78' lang='grc' dir='ltr'><strong>σὺν</strong></span> <span class='ocrx_word' id='word_1_141' title='bbox 602 1889 806 1959; x_wconf 78' lang='grc' dir='ltr'>ἑτέροις</span> <span class='ocrx_word' id='word_1_142' title='bbox 839 1888 933 1942; x_wconf 77' lang='grc' dir='ltr'>δύο</span> <span class='ocrx_word' id='word_1_143' title='bbox 957 1892 1067 1953; x_wconf 79' lang='grc' dir='ltr'>τοῖς</span> <span class='ocrx_word' id='word_1_144' title='bbox 1095 1890 1353 1961; x_wconf 83' lang='grc' dir='ltr'>φέρουσιν</span> <span class='ocrx_word' id='word_1_145' title='bbox 1388 1890 1569 1956; x_wconf 81' lang='grc' dir='ltr'>αὐτὸν,</span> <span class='ocrx_word' id='word_1_146' title='bbox 1602 1895 1906 1967; x_wconf 87' lang='grc' dir='ltr'>προσήχθη.</span> 
     </span>
    </p>
   </div>
   <div class='ocr_carea' id='block_1_22' title="bbox 283 1972 1911 2060">
    <p class='ocr_par' dir='ltr' id='par_1_22' title="bbox 283 1972 1911 2060">
     <span class='ocr_line' id='line_1_22' title="bbox 283 1972 1911 2060; baseline 0.004 -24"><span class='ocrx_word' id='word_1_147' title='bbox 283 1972 423 2035; x_wconf 63' lang='grc' dir='ltr'>Ὠν</span> <span class='ocrx_word' id='word_1_148' title='bbox 459 1986 489 2037; x_wconf 82' lang='grc' dir='ltr'>ὀ</span> <span class='ocrx_word' id='word_1_149' title='bbox 524 1984 625 2054; x_wconf 79' lang='grc' dir='ltr'>μὲν</span> <span class='ocrx_word' id='word_1_150' title='bbox 660 1984 865 2056; x_wconf 79' lang='grc' dir='ltr'>ἔτερος,</span> <span class='ocrx_word' id='word_1_151' title='bbox 898 1985 1060 2049; x_wconf 77' lang='grc' dir='ltr'>εὐθὺς</span> <span class='ocrx_word' id='word_1_152' title='bbox 1087 1986 1363 2058; x_wconf 74' lang='grc' dir='ltr'>ἠρνήσατο</span> <span class='ocrx_word' id='word_1_153' title='bbox 1387 2004 1400 2017; x_wconf 86' lang='grc'><strong>·</strong></span> <span class='ocrx_word' id='word_1_154' title='bbox 1426 1989 1455 2041; x_wconf 86' lang='grc' dir='ltr'>ὁ</span> <span class='ocrx_word' id='word_1_155' title='bbox 1482 1987 1526 2041; x_wconf 86' lang='grc' dir='ltr'>δ’</span> <span class='ocrx_word' id='word_1_156' title='bbox 1560 1988 1747 2060; x_wconf 77' lang='grc' dir='ltr'>ἔτερος</span> <span class='ocrx_word' id='word_1_157' title='bbox 1765 1989 1911 2060; x_wconf 88' lang='grc' dir='ltr'><strong>Κρο-</strong></span> 
     </span>
    </p>
   </div>
   <div class='ocr_carea' id='block_1_23' title="bbox 288 2074 1907 2152">
    <p class='ocr_par' dir='ltr' id='par_1_23' title="bbox 288 2074 1907 2152">
     <span class='ocr_line' id='line_1_23' title="bbox 288 2074 1907 2152; baseline 0.004 -25"><span class='ocrx_word' id='word_1_158' title='bbox 288 2074 454 2129; x_wconf 75' lang='grc' dir='ltr'>νίων</span> <span class='ocrx_word' id='word_1_159' title='bbox 500 2074 751 2146; x_wconf 73' lang='grc' dir='ltr'><strong>¹ὀνόματι,</strong></span> <span class='ocrx_word' id='word_1_160' title='bbox 788 2076 1017 2148; x_wconf 75' lang='grc' dir='ltr'>ἐπίκλην</span> <span class='ocrx_word' id='word_1_161' title='bbox 1044 2077 1099 2131; x_wconf 79' lang='grc' dir='ltr'>δὲ</span> <span class='ocrx_word' id='word_1_162' title='bbox 1124 2077 1346 2145; x_wconf 79' lang='grc' dir='ltr'>Εὔνους,</span> <span class='ocrx_word' id='word_1_163' title='bbox 1382 2079 1477 2133; x_wconf 72' lang='grc' dir='ltr'><strong>καὶ</strong></span> <span class='ocrx_word' id='word_1_164' title='bbox 1512 2080 1678 2144; x_wconf 76' lang='grc' dir='ltr'>αὐτὸς</span> <span class='ocrx_word' id='word_1_165' title='bbox 1709 2082 1739 2133; x_wconf 86' lang='grc' dir='ltr'><strong>ὁ</strong></span> <span class='ocrx_word' id='word_1_166' title='bbox 1769 2098 1907 2152; x_wconf 87' lang='grc' dir='ltr'>πρε-</span> 
     </span>
    </p>
   </div>
   <div class='ocr_carea' id='block_1_24' title="bbox 294 2165 1907 2243">
    <p class='ocr_par' dir='ltr' id='par_1_24' title="bbox 294 2165 1907 2243">
     <span class='ocr_line' id='line_1_24' title="bbox 294 2165 1907 2243; baseline 0.004 -25"><span class='ocrx_word' id='word_1_167' title='bbox 294 2165 532 2238; x_wconf 73' lang='grc' dir='ltr'>σϐύτης</span> <span class='ocrx_word' id='word_1_168' title='bbox 589 2166 894 2232; x_wconf 68' lang='grc' dir='ltr'>Ἰουλιανὸς,</span> <span class='ocrx_word' id='word_1_169' title='bbox 944 2167 1376 2240; x_wconf 84' lang='grc' dir='ltr'>ὁμολογήσαντες</span> <span class='ocrx_word' id='word_1_170' title='bbox 1426 2170 1517 2224; x_wconf 81' lang='grc' dir='ltr'><strong>τὸν</strong></span> <span class='ocrx_word' id='word_1_171' title='bbox 1543 2170 1768 2243; x_wconf 74' lang='grc' dir='ltr'>Κύριον,</span> <span class='ocrx_word' id='word_1_172' title='bbox 1819 2172 1907 2225; x_wconf 88' lang='grc' dir='ltr'><strong>διά</strong></span> 
     </span>
    </p>
   </div>
   <div class='ocr_carea' id='block_1_25' title="bbox 294 2254 1907 2333">
    <p class='ocr_par' dir='ltr' id='par_1_25' title="bbox 294 2254 1907 2333">
     <span class='ocr_line' id='line_1_25' title="bbox 294 2254 1907 2333; baseline 0.004 -26"><span class='ocrx_word' id='word_1_173' title='bbox 294 2256 506 2327; x_wconf 74' lang='grc' dir='ltr'>πᾶσης</span> <span class='ocrx_word' id='word_1_174' title='bbox 540 2254 643 2325; x_wconf 83' lang='grc' dir='ltr'><strong>τῆς</strong></span> <span class='ocrx_word' id='word_1_175' title='bbox 681 2255 886 2318; x_wconf 82' lang='grc' dir='ltr'>πόλεως</span> <span class='ocrx_word' id='word_1_176' title='bbox 936 2255 1198 2327; x_wconf 84' lang='grc' dir='ltr'>μεγίστης</span> <span class='ocrx_word' id='word_1_177' title='bbox 1227 2257 1415 2329; x_wconf 75' lang='grc' dir='ltr'>οὔσης,</span> <span class='ocrx_word' id='word_1_178' title='bbox 1446 2258 1522 2323; x_wconf 87' lang='grc' dir='ltr'><strong>ὡς</strong></span> <span class='ocrx_word' id='word_1_179' title='bbox 1556 2260 1689 2325; x_wconf 75' lang='grc' dir='ltr'>ἴστε,</span> <span class='ocrx_word' id='word_1_180' title='bbox 1723 2263 1907 2333; x_wconf 85' lang='grc' dir='ltr'>καμή-</span> 
     </span>
    </p>
   </div>
   <div class='ocr_carea' id='block_1_26' title="bbox 290 2345 1908 2422">
    <p class='ocr_par' dir='ltr' id='par_1_26' title="bbox 290 2345 1908 2422">
     <span class='ocr_line' id='line_1_26' title="bbox 290 2345 1908 2422; baseline 0.004 -21"><span class='ocrx_word' id='word_1_181' title='bbox 290 2345 434 2411; x_wconf 78' lang='grc' dir='ltr'>λοις</span> <span class='ocrx_word' id='word_1_182' title='bbox 470 2346 824 2418; x_wconf 78' lang='grc' dir='ltr'>ἐποχούμενοι</span> <span class='ocrx_word' id='word_1_183' title='bbox 855 2347 950 2399; x_wconf 62' lang='lat' dir='ltr'><strong>nt</strong></span> <span class='ocrx_word' id='word_1_184' title='bbox 979 2346 1242 2419; x_wconf 80' lang='grc' dir='ltr'>μετέωροι</span> <span class='ocrx_word' id='word_1_185' title='bbox 1280 2349 1722 2422; x_wconf 83' lang='grc' dir='ltr'>μαστιγούμενοι,</span> <span class='ocrx_word' id='word_1_186' title='bbox 1755 2352 1908 2419; x_wconf 71' lang='grc' dir='ltr'>τέλος</span> 
     </span>
    </p>
   </div>
   <div class='ocr_carea' id='block_1_27' title="bbox 298 2437 1908 2515">
    <p class='ocr_par' dir='ltr' id='par_1_27' title="bbox 298 2437 1908 2515">
     <span class='ocr_line' id='line_1_27' title="bbox 298 2437 1908 2515; baseline 0.004 -23"><span class='ocrx_word' id='word_1_187' title='bbox 298 2440 575 2510; x_wconf 83' lang='grc' dir='ltr'>ἀσϐέστῳ</span> <span class='ocrx_word' id='word_1_188' title='bbox 615 2440 749 2510; x_wconf 73' lang='grc' dir='ltr'>πυρὶ</span> <span class='ocrx_word' id='word_1_189' title='bbox 780 2437 915 2511; x_wconf 82' lang='grc'><strong>(17),</strong></span> <span class='ocrx_word' id='word_1_190' title='bbox 947 2440 1380 2510; x_wconf 81' lang='grc' dir='ltr'>περικεχυμένου</span> <span class='ocrx_word' id='word_1_191' title='bbox 1411 2441 1507 2496; x_wconf 79' lang='grc' dir='ltr'><strong>τοῦ</strong></span> <span class='ocrx_word' id='word_1_192' title='bbox 1549 2443 1723 2515; x_wconf 88' lang='grc' dir='ltr'>δήμου</span> <span class='ocrx_word' id='word_1_193' title='bbox 1773 2462 1908 2499; x_wconf 89' lang='grc' dir='ltr'>παν-</span> 
     </span>
    </p>
   </div>
   <div class='ocr_carea' id='block_1_28' title="bbox 299 2528 1907 2607">
    <p class='ocr_par' dir='ltr' id='par_1_28' title="bbox 299 2528 1907 2607">
     <span class='ocr_line' id='line_1_28' title="bbox 299 2528 1907 2607; baseline 0.004 -25"><span class='ocrx_word' id='word_1_194' title='bbox 299 2530 435 2595; x_wconf 67' lang='grc' dir='ltr'>τὸς,</span> <span class='ocrx_word' id='word_1_195' title='bbox 462 2531 828 2601; x_wconf 86' lang='grc' dir='ltr'>κατεκάησαν.</span> <span class='ocrx_word' id='word_1_196' title='bbox 864 2528 1206 2603; x_wconf 83' lang='grc' dir='ltr'>Στρατιὼτης</span> <span class='ocrx_word' id='word_1_197' title='bbox 1238 2551 1298 2587; x_wconf 92' lang='grc' dir='ltr'><strong>τε</strong></span> <span class='ocrx_word' id='word_1_198' title='bbox 1327 2534 1510 2598; x_wconf 82' lang='grc' dir='ltr'>αὐτοῖς</span> <span class='ocrx_word' id='word_1_199' title='bbox 1538 2535 1907 2607; x_wconf 81' lang='grc' dir='ltr'>ἀπαγομένοις</span> 
     </span>
    </p>
   </div>
   <div class='ocr_carea' id='block_1_29' title="bbox 266 2620 1906 2698">
    <p class='ocr_par' dir='ltr' id='par_1_29' title="bbox 266 2620 1906 2698">
     <span class='ocr_line' id='line_1_29' title="bbox 266 2620 1906 2698; baseline 0.005 -25"><span class='ocrx_word' id='word_1_200' title='bbox 266 2626 283 2637; x_wconf 85' lang='lat'><strong><em>&#39;</em></strong></span> <span class='ocrx_word' id='word_1_201' title='bbox 302 2622 626 2692; x_wconf 75' lang='grc' dir='ltr'>παραστὰς,</span> <span class='ocrx_word' id='word_1_202' title='bbox 650 2622 744 2674; x_wconf 75' lang='grc' dir='ltr'><strong>καὶ</strong></span> <span class='ocrx_word' id='word_1_203' title='bbox 768 2623 879 2685; x_wconf 81' lang='grc' dir='ltr'>τοῖς</span> <span class='ocrx_word' id='word_1_204' title='bbox 905 2620 1285 2694; x_wconf 77' lang='grc' dir='ltr'>ὲφυϐρίζουσιν</span> <span class='ocrx_word' id='word_1_205' title='bbox 1311 2626 1676 2691; x_wconf 78' lang='grc' dir='ltr'>ἐναντιωθεὶς,</span> <span class='ocrx_word' id='word_1_206' title='bbox 1712 2626 1906 2698; x_wconf 79' lang='grc' dir='ltr'>ἐκϐοη-</span> 
     </span>
    </p>
   </div>
   <div class='ocr_carea' id='block_1_30' title="bbox 305 2712 1906 2790">
    <p class='ocr_par' dir='ltr' id='par_1_30' title="bbox 305 2712 1906 2790">
     <span class='ocr_line' id='line_1_30' title="bbox 305 2712 1906 2790; baseline 0.006 -26"><span class='ocrx_word' id='word_1_207' title='bbox 305 2712 533 2765; x_wconf 75' lang='grc' dir='ltr'>σάντων</span> <span class='ocrx_word' id='word_1_208' title='bbox 563 2714 802 2779; x_wconf 78' lang='grc' dir='ltr'>ἐκείνων,</span> <span class='ocrx_word' id='word_1_209' title='bbox 832 2717 1164 2788; x_wconf 73' lang='grc' dir='ltr'>προσαχθεὶς</span> <span class='ocrx_word' id='word_1_210' title='bbox 1197 2719 1226 2771; x_wconf 86' lang='grc' dir='ltr'>ὁ</span> <span class='ocrx_word' id='word_1_211' title='bbox 1261 2717 1640 2789; x_wconf 84' lang='grc' dir='ltr'>ἀνδρειότατος</span> <span class='ocrx_word' id='word_1_212' title='bbox 1665 2719 1906 2790; x_wconf 78' lang='grc' dir='ltr'>ὁπλομά-</span> 
     </span>
    </p>
   </div>
   <div class='ocr_carea' id='block_1_31' title="bbox 306 2801 1905 2880">
    <p class='ocr_par' dir='ltr' id='par_1_31' title="bbox 306 2801 1905 2880">
     <span class='ocr_line' id='line_1_31' title="bbox 306 2801 1905 2880; baseline -0.006 -13"><span class='ocrx_word' id='word_1_213' title='bbox 306 2820 416 2873; x_wconf 79' lang='grc' dir='ltr'><strong>χος</strong></span> <span class='ocrx_word' id='word_1_214' title='bbox 464 2801 557 2856; x_wconf 60' lang='grc' dir='ltr'>τοῦ</span> <span class='ocrx_word' id='word_1_215' title='bbox 607 2804 739 2858; x_wconf 77' lang='grc' dir='ltr'><strong>Θεοῦ</strong></span> <span class='ocrx_word' id='word_1_216' title='bbox 789 2806 993 2877; x_wconf 82' lang='grc' dir='ltr'>Βησᾶς,</span> <span class='ocrx_word' id='word_1_217' title='bbox 1042 2806 1145 2861; x_wconf 81' lang='grc' dir='ltr'><strong>κᾶν</strong></span> <span class='ocrx_word' id='word_1_218' title='bbox 1186 2807 1264 2879; x_wconf 83' lang='grc' dir='ltr'>τῷ</span> <span class='ocrx_word' id='word_1_219' title='bbox 1296 2808 1515 2878; x_wconf 86' lang='grc' dir='ltr'>μεγάλῳ</span> <span class='ocrx_word' id='word_1_220' title='bbox 1561 2808 1784 2879; x_wconf 86' lang='grc' dir='ltr'>πολέμῳ</span> <span class='ocrx_word' id='word_1_221' title='bbox 1827 2808 1905 2880; x_wconf 81' lang='grc' dir='ltr'>τῷ</span> 
     </span>
    </p>
   </div>
   <div class='ocr_carea' id='block_1_32' title="bbox 307 2891 1907 2966">
    <p class='ocr_par' dir='ltr' id='par_1_32' title="bbox 307 2891 1907 2966">
     <span class='ocr_line' id='line_1_32' title="bbox 307 2891 1907 2966; baseline 0.003 -23"><span class='ocrx_word' id='word_1_222' title='bbox 307 2891 451 2963; x_wconf 70' lang='grc' dir='ltr'>περὶ</span> <span class='ocrx_word' id='word_1_223' title='bbox 485 2893 584 2964; x_wconf 81' lang='grc' dir='ltr'>τῆς</span> <span class='ocrx_word' id='word_1_224' title='bbox 611 2892 889 2958; x_wconf 80' lang='grc' dir='ltr'>εὐσεϐείας</span> <span class='ocrx_word' id='word_1_225' title='bbox 914 2895 1262 2966; x_wconf 79' lang='grc' dir='ltr'>ἀριστεύσας,</span> <span class='ocrx_word' id='word_1_226' title='bbox 1288 2894 1580 2966; x_wconf 85' lang='grc' dir='ltr'>ἀπετμήθη</span> <span class='ocrx_word' id='word_1_227' title='bbox 1613 2894 1711 2966; x_wconf 82' lang='grc' dir='ltr'><strong>τὴν</strong></span> <span class='ocrx_word' id='word_1_228' title='bbox 1736 2911 1907 2964; x_wconf 86' lang='grc' dir='ltr'>κεφα-</span> 
     </span>
    </p>
   </div>
   <div class='ocr_carea' id='block_1_33' title="bbox 305 2980 1907 3058">
    <p class='ocr_par' dir='ltr' id='par_1_33' title="bbox 305 2980 1907 3058">
     <span class='ocr_line' id='line_1_33' title="bbox 305 2980 1907 3058; baseline 0.002 -24"><span class='ocrx_word' id='word_1_229' title='bbox 305 2980 418 3055; x_wconf 76' lang='grc' dir='ltr'><strong>λήν</strong></span> <span class='ocrx_word' id='word_1_230' title='bbox 436 3000 449 3012; x_wconf 90' lang='grc'><strong>·</strong></span> <span class='ocrx_word' id='word_1_231' title='bbox 488 2984 581 3038; x_wconf 88' lang='grc' dir='ltr'><strong>καί</strong></span> <span class='ocrx_word' id='word_1_232' title='bbox 608 3003 689 3049; x_wconf 84' lang='grc' dir='ltr'><strong>τις</strong></span> <span class='ocrx_word' id='word_1_233' title='bbox 711 2986 905 3057; x_wconf 36' lang='grc' dir='ltr'>ξὲτερος</span> <span class='ocrx_word' id='word_1_234' title='bbox 931 2987 990 3041; x_wconf 78' lang='grc' dir='ltr'><strong>τὸ</strong></span> <span class='ocrx_word' id='word_1_235' title='bbox 1020 2989 1117 3058; x_wconf 81' lang='grc' dir='ltr'><strong>μὲν</strong></span> <span class='ocrx_word' id='word_1_236' title='bbox 1143 2988 1297 3055; x_wconf 85' lang='grc' dir='ltr'>γένος</span> <span class='ocrx_word' id='word_1_237' title='bbox 1312 2985 1500 3051; x_wconf 89' lang='grc' dir='ltr'>Λίϐυς,</span> <span class='ocrx_word' id='word_1_238' title='bbox 1532 2986 1633 3057; x_wconf 78' lang='grc' dir='ltr'>τὴν</span> <span class='ocrx_word' id='word_1_239' title='bbox 1657 2985 1714 3038; x_wconf 81' lang='grc' dir='ltr'><strong>δὲ</strong></span> <span class='ocrx_word' id='word_1_240' title='bbox 1737 3002 1907 3056; x_wconf 87' lang='grc' dir='ltr'>προσ-</span> 
     </span>
    </p>
   </div>
   <div class='ocr_carea' id='block_1_34' title="bbox 308 3072 1972 3161">
    <p class='ocr_par' dir='ltr' id='par_1_34' title="bbox 308 3072 1972 3161">
     <span class='ocr_line' id='line_1_34' title="bbox 308 3072 1972 3161; baseline 0.003 -36"><span class='ocrx_word' id='word_1_241' title='bbox 308 3072 549 3144; x_wconf 80' lang='grc' dir='ltr'>ηγορίαν</span> <span class='ocrx_word' id='word_1_242' title='bbox 584 3074 699 3145; x_wconf 74' lang='grc' dir='ltr'><strong>ἅμα</strong></span> <span class='ocrx_word' id='word_1_243' title='bbox 726 3076 818 3128; x_wconf 75' lang='grc' dir='ltr'>καὶ</span> <span class='ocrx_word' id='word_1_244' title='bbox 853 3077 952 3147; x_wconf 82' lang='grc' dir='ltr'>τὴν</span> <span class='ocrx_word' id='word_1_245' title='bbox 984 3077 1233 3146; x_wconf 80' lang='grc' dir='ltr'>εὐλογίαν</span> <span class='ocrx_word' id='word_1_246' title='bbox 1275 3074 1483 3146; x_wconf 73' lang='grc' dir='ltr'>ἀληθὴς</span> <span class='ocrx_word' id='word_1_247' title='bbox 1528 3075 1730 3146; x_wconf 88' lang='grc' dir='ltr'>Μάκαρ</span> <span class='ocrx_word' id='word_1_248' title='bbox 1763 3074 1897 3147; x_wconf 75' lang='grc'><strong>(18),</strong></span> <span class='ocrx_word' id='word_1_249' title='bbox 1927 3100 1972 3161; x_wconf 79' lang='lat' dir='ltr'>c</span> 
     </span>
    </p>
   </div>
   <div class='ocr_carea' id='block_1_35' title="bbox 310 3164 1902 3239">
    <p class='ocr_par' dir='ltr' id='par_1_35' title="bbox 310 3164 1902 3239">
     <span class='ocr_line' id='line_1_35' title="bbox 310 3164 1902 3239; baseline 0.004 -24"><span class='ocrx_word' id='word_1_250' title='bbox 310 3166 635 3238; x_wconf 80' lang='grc' dir='ltr'>προτροπῆς</span> <span class='ocrx_word' id='word_1_251' title='bbox 662 3164 807 3237; x_wconf 72' lang='grc' dir='ltr'>αὐτῷ</span> <span class='ocrx_word' id='word_1_252' title='bbox 839 3167 1036 3238; x_wconf 80' lang='grc' dir='ltr'>πολλῆς</span> <span class='ocrx_word' id='word_1_253' title='bbox 1082 3167 1187 3221; x_wconf 81' lang='grc' dir='ltr'>ὑπὸ</span> <span class='ocrx_word' id='word_1_254' title='bbox 1218 3167 1311 3221; x_wconf 72' lang='grc' dir='ltr'><strong>τοῦ</strong></span> <span class='ocrx_word' id='word_1_255' title='bbox 1346 3165 1605 3221; x_wconf 80' lang='grc' dir='ltr'>δικαστοῦ</span> <span class='ocrx_word' id='word_1_256' title='bbox 1633 3167 1772 3239; x_wconf 81' lang='grc' dir='ltr'>πρὸς</span> <span class='ocrx_word' id='word_1_257' title='bbox 1801 3167 1902 3239; x_wconf 82' lang='grc' dir='ltr'><strong>ἄρ-</strong></span> 
     </span>
    </p>
   </div>
   <div class='ocr_carea' id='block_1_36' title="bbox 310 3256 1897 3329">
    <p class='ocr_par' dir='ltr' id='par_1_36' title="bbox 310 3256 1897 3329">
     <span class='ocr_line' id='line_1_36' title="bbox 310 3256 1897 3329; baseline 0.002 -20"><span class='ocrx_word' id='word_1_258' title='bbox 310 3272 474 3327; x_wconf 85' lang='grc' dir='ltr'>νησιν</span> <span class='ocrx_word' id='word_1_259' title='bbox 500 3256 816 3329; x_wconf 75' lang='grc' dir='ltr'>γενομένης,</span> <span class='ocrx_word' id='word_1_260' title='bbox 844 3258 941 3328; x_wconf 78' lang='grc' dir='ltr'><strong>οὐχ</strong></span> <span class='ocrx_word' id='word_1_261' title='bbox 973 3258 1257 3329; x_wconf 69' lang='grc' dir='ltr'>ὑπαχθεὶς,</span> <span class='ocrx_word' id='word_1_262' title='bbox 1288 3258 1396 3325; x_wconf 82' lang='grc' dir='ltr'>ζῶν</span> <span class='ocrx_word' id='word_1_263' title='bbox 1431 3259 1897 3329; x_wconf 82' lang='grc' dir='ltr'>καταπέφλεκται.</span> 
     </span>
    </p>
   </div>
   <div class='ocr_carea' id='block_1_37' title="bbox 306 3345 1899 3420">
    <p class='ocr_par' dir='ltr' id='par_1_37' title="bbox 306 3345 1899 3420">
     <span class='ocr_line' id='line_1_37' title="bbox 306 3345 1899 3420; baseline 0.003 -23"><span class='ocrx_word' id='word_1_264' title='bbox 306 3345 633 3416; x_wconf 82' lang='grc' dir='ltr'>-Ἑπίμαχός</span> <span class='ocrx_word' id='word_1_265' title='bbox 673 3364 735 3399; x_wconf 89' lang='grc' dir='ltr'><strong>τε</strong></span> <span class='ocrx_word' id='word_1_266' title='bbox 790 3349 905 3418; x_wconf 87' lang='grc' dir='ltr'>μετ’</span> <span class='ocrx_word' id='word_1_267' title='bbox 950 3347 1148 3411; x_wconf 79' lang='grc' dir='ltr'>αὐτοὺς</span> <span class='ocrx_word' id='word_1_268' title='bbox 1190 3348 1285 3401; x_wconf 72' lang='grc' dir='ltr'>καὶ</span> <span class='ocrx_word' id='word_1_269' title='bbox 1338 3347 1706 3420; x_wconf 77' lang='grc' dir='ltr'>Ἀλέξανδρος,</span> <span class='ocrx_word' id='word_1_270' title='bbox 1761 3347 1899 3418; x_wconf 85' lang='grc' dir='ltr'><strong>μετά</strong></span> 
     </span>
    </p>
   </div>
   <div class='ocr_carea' id='block_1_38' title="bbox 312 3434 1897 3510">
    <p class='ocr_par' dir='ltr' id='par_1_38' title="bbox 312 3434 1897 3510">
     <span class='ocr_line' id='line_1_38' title="bbox 312 3434 1897 3510; baseline 0.003 -23"><span class='ocrx_word' id='word_1_271' title='bbox 312 3435 485 3488; x_wconf 79' lang='grc' dir='ltr'>πολὺν</span> <span class='ocrx_word' id='word_1_272' title='bbox 510 3434 618 3505; x_wconf 81' lang='lat' dir='ltr'><strong>(l9)</strong></span> <span class='ocrx_word' id='word_1_273' title='bbox 664 3435 724 3490; x_wconf 81' lang='grc' dir='ltr'>ὃν</span> <span class='ocrx_word' id='word_1_274' title='bbox 758 3436 978 3507; x_wconf 81' lang='grc' dir='ltr'>ἔμειναν</span> <span class='ocrx_word' id='word_1_275' title='bbox 1010 3438 1286 3508; x_wconf 83' lang='grc' dir='ltr'>δεσμῶται</span> <span class='ocrx_word' id='word_1_276' title='bbox 1319 3437 1532 3510; x_wconf 88' lang='grc' dir='ltr'>χρόνον,</span> <span class='ocrx_word' id='word_1_277' title='bbox 1564 3438 1762 3510; x_wconf 77' lang='grc' dir='ltr'>μυρίας</span> <span class='ocrx_word' id='word_1_278' title='bbox 1787 3437 1897 3491; x_wconf 61' lang='grc' dir='ltr'>διες</span> 
     </span>
    </p>
   </div>
   <div class='ocr_carea' id='block_1_39' title="bbox 311 3526 1898 3601">
    <p class='ocr_par' dir='ltr' id='par_1_39' title="bbox 311 3526 1898 3601">
     <span class='ocr_line' id='line_1_39' title="bbox 311 3526 1898 3601; baseline 0.003 -22"><span class='ocrx_word' id='word_1_279' title='bbox 311 3526 601 3595; x_wconf 82' lang='grc' dir='ltr'>νεγκόντες</span> <span class='ocrx_word' id='word_1_280' title='bbox 650 3527 982 3598; x_wconf 80' lang='grc' dir='ltr'>ἀλγηδόνας,</span> <span class='ocrx_word' id='word_1_281' title='bbox 1039 3528 1336 3601; x_wconf 82' lang='grc' dir='ltr'>ξυστῆρας,</span> <span class='ocrx_word' id='word_1_282' title='bbox 1396 3529 1699 3600; x_wconf 84' lang='grc' dir='ltr'>μάστιγας,</span> <span class='ocrx_word' id='word_1_283' title='bbox 1762 3530 1898 3601; x_wconf 77' lang='grc' dir='ltr'>πυρὶ</span> 
     </span>
    </p>
   </div>
   <div class='ocr_carea' id='block_1_40' title="bbox 313 3615 1899 3691">
    <p class='ocr_par' dir='ltr' id='par_1_40' title="bbox 313 3615 1899 3691">
     <span class='ocr_line' id='line_1_40' title="bbox 313 3615 1899 3691; baseline 0.003 -21"><span class='ocrx_word' id='word_1_284' title='bbox 313 3618 566 3690; x_wconf 81' lang='grc' dir='ltr'>ἀσϐέστῳ</span> <span class='ocrx_word' id='word_1_285' title='bbox 610 3620 704 3672; x_wconf 77' lang='grc' dir='ltr'>καὶ</span> <span class='ocrx_word' id='word_1_286' title='bbox 731 3615 875 3674; x_wconf 73' lang='grc' dir='ltr'>οὗτοι</span> <span class='ocrx_word' id='word_1_287' title='bbox 923 3620 1267 3691; x_wconf 76' lang='grc' dir='ltr'>διεχύθησαν.</span> <span class='ocrx_word' id='word_1_288' title='bbox 1300 3621 1412 3675; x_wconf 74' lang='grc' dir='ltr'><strong>Καὶ</strong></span> <span class='ocrx_word' id='word_1_289' title='bbox 1453 3622 1550 3675; x_wconf 76' lang='grc' dir='ltr'><strong>σὺν</strong></span> <span class='ocrx_word' id='word_1_290' title='bbox 1584 3622 1770 3687; x_wconf 74' lang='grc' dir='ltr'>αὐτοῖς</span> <span class='ocrx_word' id='word_1_291' title='bbox 1800 3640 1899 3691; x_wconf 91' lang='grc' dir='ltr'>γυ-</span> 
     </span>
    </p>
   </div>
   <div class='ocr_carea' id='block_1_41' title="bbox 312 3710 1895 3787">
    <p class='ocr_par' dir='ltr' id='par_1_41' title="bbox 312 3710 1895 3787">
     <span class='ocr_line' id='line_1_41' title="bbox 312 3710 1895 3787; baseline 0.001 -22"><span class='ocrx_word' id='word_1_292' title='bbox 312 3712 503 3773; x_wconf 80' lang='grc' dir='ltr'>ναῖκες</span> <span class='ocrx_word' id='word_1_293' title='bbox 551 3710 849 3783; x_wconf 85' lang='grc' dir='ltr'>τέσσαρες·</span> <span class='ocrx_word' id='word_1_294' title='bbox 916 3712 1295 3783; x_wconf 80' lang='grc' dir='ltr'>Ἀμμωνάριὸν</span> <span class='ocrx_word' id='word_1_295' title='bbox 1343 3731 1404 3766; x_wconf 85' lang='grc' dir='ltr'><strong>τε</strong></span> <span class='ocrx_word' id='word_1_296' title='bbox 1442 3714 1573 3782; x_wconf 85' lang='grc' dir='ltr'>ἁγία</span> <span class='ocrx_word' id='word_1_297' title='bbox 1606 3713 1895 3787; x_wconf 79' lang='grc' dir='ltr'>παρθένος,</span> 
     </span>
    </p>
   </div>
   <div class='ocr_carea' id='block_1_42' title="bbox 315 3801 1895 3874">
    <p class='ocr_par' dir='ltr' id='par_1_42' title="bbox 315 3801 1895 3874">
     <span class='ocr_line' id='line_1_42' title="bbox 315 3801 1895 3874; baseline 0.002 -20"><span class='ocrx_word' id='word_1_298' title='bbox 315 3802 459 3855; x_wconf 69' lang='grc' dir='ltr'>πάνυ</span> <span class='ocrx_word' id='word_1_299' title='bbox 504 3801 820 3870; x_wconf 83' lang='grc' dir='ltr'>φιλονείκως</span> <span class='ocrx_word' id='word_1_300' title='bbox 866 3802 1033 3874; x_wconf 81' lang='grc' dir='ltr'>αὐτὴν</span> <span class='ocrx_word' id='word_1_301' title='bbox 1088 3803 1432 3857; x_wconf 79' lang='grc' dir='ltr'>ὲπιπλεῖστον</span> <span class='ocrx_word' id='word_1_302' title='bbox 1482 3803 1575 3857; x_wconf 75' lang='grc' dir='ltr'><strong>τοῦ</strong></span> <span class='ocrx_word' id='word_1_303' title='bbox 1636 3804 1895 3858; x_wconf 81' lang='grc' dir='ltr'>δικαστοῦ</span> 
     </span>
    </p>
   </div>
   <div class='ocr_carea' id='block_1_43' title="bbox 314 3888 1897 3967">
    <p class='ocr_par' dir='ltr' id='par_1_43' title="bbox 314 3888 1897 3967">
     <span class='ocr_line' id='line_1_43' title="bbox 314 3888 1897 3967; baseline 0 -19"><span class='ocrx_word' id='word_1_304' title='bbox 314 3893 726 3964; x_wconf 76' lang='grc' dir='ltr'>βασανίσαντος,</span> <span class='ocrx_word' id='word_1_305' title='bbox 765 3894 861 3948; x_wconf 59' lang='lat' dir='ltr'><strong>an</strong></span> <span class='ocrx_word' id='word_1_306' title='bbox 908 3896 1444 3967; x_wconf 76' lang='grc' dir='ltr'>προαποφηναμένην</span> <span class='ocrx_word' id='word_1_307' title='bbox 1491 3895 1566 3959; x_wconf 82' lang='grc' dir='ltr'><strong>ὡς</strong></span> <span class='ocrx_word' id='word_1_308' title='bbox 1620 3895 1784 3967; x_wconf 82' lang='grc' dir='ltr'>μηδὲν</span> <span class='ocrx_word' id='word_1_309' title='bbox 1821 3888 1897 3949; x_wconf 81' lang='grc' dir='ltr'>ὧν</span> 
     </span>
    </p>
   </div>
   <div class='ocr_carea' id='block_1_44' title="bbox 1941 1760 1982 1814">
    <p class='ocr_par' dir='ltr' id='par_1_44' title="bbox 1941 1760 1982 1814">
     <span class='ocr_line' id='line_1_44' title="bbox 1941 1760 1982 1814; baseline 0 0"><span class='ocrx_word' id='word_1_310' title='bbox 1941 1760 1982 1814; x_wconf 85' lang='grc' dir='ltr'><strong><em>Β</em></strong></span> 
     </span>
    </p>
   </div>
   <div class='ocr_carea' id='block_1_45' title="bbox 2016 502 3597 574">
    <p class='ocr_par' dir='ltr' id='par_1_45' title="bbox 2016 502 3597 574">
     <span class='ocr_line' id='line_1_45' title="bbox 2016 502 3597 574; baseline 0 -17"><span class='ocrx_word' id='word_1_311' title='bbox 2016 504 2297 570; x_wconf 88' lang='lat' dir='ltr'><strong>mebundi,</strong></span> <span class='ocrx_word' id='word_1_312' title='bbox 2343 504 2498 574; x_wconf 90' lang='lat' dir='ltr'><strong>quasi</strong></span> <span class='ocrx_word' id='word_1_313' title='bbox 2537 518 2642 558; x_wconf 91' lang='lat' dir='ltr'><strong>non</strong></span> <span class='ocrx_word' id='word_1_314' title='bbox 2687 502 3072 570; x_wconf 77' lang='lat' dir='ltr'><strong>sacriﬁcaturi,</strong></span> <span class='ocrx_word' id='word_1_315' title='bbox 3117 503 3212 556; x_wconf 89' lang='lat' dir='ltr'><strong>sed</strong></span> <span class='ocrx_word' id='word_1_316' title='bbox 3264 504 3364 572; x_wconf 83' lang='lat' dir='ltr'><strong>ipsi</strong></span> <span class='ocrx_word' id='word_1_317' title='bbox 3415 505 3597 572; x_wconf 80' lang='lat' dir='ltr'><strong>potius</strong></span> 
     </span>
    </p>
   </div>
   <div class='ocr_carea' id='block_1_46' title="bbox 1998 582 3599 651">
    <p class='ocr_par' dir='ltr' id='par_1_46' title="bbox 1998 582 3599 651">
     <span class='ocr_line' id='line_1_46' title="bbox 1998 582 3599 651; baseline 0.001 -2"><span class='ocrx_word' id='word_1_318' title='bbox 1998 595 2359 651; x_wconf 70' lang='lat' dir='ltr'><strong>victimarum</strong></span> <span class='ocrx_word' id='word_1_319' title='bbox 2390 582 2512 651; x_wconf 78' lang='lat' dir='ltr'><strong>loco</strong></span> <span class='ocrx_word' id='word_1_320' title='bbox 2540 594 2698 650; x_wconf 91' lang='lat' dir='ltr'><strong>idolis</strong></span> <span class='ocrx_word' id='word_1_321' title='bbox 2727 594 3041 649; x_wconf 79' lang='lat' dir='ltr'><strong>immolandi</strong></span> <span class='ocrx_word' id='word_1_322' title='bbox 3075 604 3276 649; x_wconf 90' lang='lat' dir='ltr'><strong>essent.</strong></span> <span class='ocrx_word' id='word_1_323' title='bbox 3305 596 3452 650; x_wconf 85' lang='lat' dir='ltr'><strong>Adeo</strong></span> <span class='ocrx_word' id='word_1_324' title='bbox 3480 606 3536 650; x_wconf 91' lang='lat' dir='ltr'><strong>ut</strong></span> <span class='ocrx_word' id='word_1_325' title='bbox 3566 612 3599 651; x_wconf 69' lang='grc' dir='ltr'><strong><em>ι</em></strong></span> 
     </span>
    </p>
   </div>
   <div class='ocr_carea' id='block_1_47' title="bbox 2015 686 3599 759">
    <p class='ocr_par' dir='ltr' id='par_1_47' title="bbox 2015 686 3599 759">
     <span class='ocr_line' id='line_1_47' title="bbox 2015 686 3599 759; baseline 0.002 -18"><span class='ocrx_word' id='word_1_326' title='bbox 2015 687 2412 743; x_wconf 90' lang='lat' dir='ltr'><strong>circumstante</strong></span> <span class='ocrx_word' id='word_1_327' title='bbox 2440 686 2785 742; x_wconf 83' lang='lat' dir='ltr'><strong>multitudine</strong></span> <span class='ocrx_word' id='word_1_328' title='bbox 2824 687 3209 743; x_wconf 89' lang='lat' dir='ltr'><strong>deriderentur</strong></span> <span class='ocrx_word' id='word_1_329' title='bbox 3237 705 3250 742; x_wconf 91' lang='lat'><strong>:</strong></span> <span class='ocrx_word' id='word_1_330' title='bbox 3281 688 3477 759; x_wconf 83' lang='lat' dir='ltr'><strong>quippe</strong></span> <span class='ocrx_word' id='word_1_331' title='bbox 3507 690 3599 758; x_wconf 89' lang='lat' dir='ltr'><strong>qui</strong></span> 
     </span>
    </p>
   </div>
   <div class='ocr_carea' id='block_1_48' title="bbox 2015 779 3594 849">
    <p class='ocr_par' dir='ltr' id='par_1_48' title="bbox 2015 779 3594 849">
     <span class='ocr_line' id='line_1_48' title="bbox 2015 779 3594 849; baseline 0.003 -18"><span class='ocrx_word' id='word_1_332' title='bbox 2015 779 2192 848; x_wconf 87' lang='lat' dir='ltr'><strong>palam</strong></span> <span class='ocrx_word' id='word_1_333' title='bbox 2225 781 2480 835; x_wconf 92' lang='lat' dir='ltr'><strong>omnibus</strong></span> <span class='ocrx_word' id='word_1_334' title='bbox 2501 780 2876 845; x_wconf 83' lang='lat' dir='ltr'><strong>ostenderent,</strong></span> <span class='ocrx_word' id='word_1_335' title='bbox 2901 795 2960 835; x_wconf 88' lang='lat' dir='ltr'><strong>se</strong></span> <span class='ocrx_word' id='word_1_336' title='bbox 2987 790 3096 834; x_wconf 93' lang='lat' dir='ltr'><strong>tum</strong></span> <span class='ocrx_word' id='word_1_337' title='bbox 3125 781 3191 835; x_wconf 92' lang='lat' dir='ltr'><strong>ad</strong></span> <span class='ocrx_word' id='word_1_338' title='bbox 3224 783 3594 849; x_wconf 91' lang='lat' dir='ltr'><strong>moriendum,</strong></span> 
     </span>
    </p>
   </div>
   <div class='ocr_carea' id='block_1_49' title="bbox 2019 871 3601 942">
    <p class='ocr_par' dir='ltr' id='par_1_49' title="bbox 2019 871 3601 942">
     <span class='ocr_line' id='line_1_49' title="bbox 2019 871 3601 942; baseline 0.004 -17"><span class='ocrx_word' id='word_1_339' title='bbox 2019 880 2127 926; x_wconf 90' lang='lat' dir='ltr'><strong>tum</strong></span> <span class='ocrx_word' id='word_1_340' title='bbox 2152 872 2216 926; x_wconf 89' lang='lat' dir='ltr'><strong>ad</strong></span> <span class='ocrx_word' id='word_1_341' title='bbox 2250 871 2669 927; x_wconf 79' lang='lat' dir='ltr'><strong>sacriﬁcandum</strong></span> <span class='ocrx_word' id='word_1_342' title='bbox 2711 874 2910 942; x_wconf 86' lang='lat' dir='ltr'><strong>pusillo</strong></span> <span class='ocrx_word' id='word_1_343' title='bbox 2938 874 3121 927; x_wconf 88' lang='lat' dir='ltr'><strong>animo</strong></span> <span class='ocrx_word' id='word_1_344' title='bbox 3153 888 3294 928; x_wconf 87' lang='lat' dir='ltr'><strong>esse.</strong></span> <span class='ocrx_word' id='word_1_345' title='bbox 3326 874 3430 928; x_wconf 87' lang='lat' dir='ltr'><strong>Alii</strong></span> <span class='ocrx_word' id='word_1_346' title='bbox 3470 889 3601 931; x_wconf 89' lang='lat' dir='ltr'><strong>vero</strong></span> 
     </span>
    </p>
   </div>
   <div class='ocr_carea' id='block_1_50' title="bbox 2016 962 3604 1032">
    <p class='ocr_par' dir='ltr' id='par_1_50' title="bbox 2016 962 3604 1032">
     <span class='ocr_line' id='line_1_50' title="bbox 2016 962 3604 1032; baseline 0.001 -17"><span class='ocrx_word' id='word_1_347' title='bbox 2016 962 2317 1032; x_wconf 83' lang='lat' dir='ltr'><strong>promptius</strong></span> <span class='ocrx_word' id='word_1_348' title='bbox 2340 962 2407 1016; x_wconf 90' lang='lat' dir='ltr'><strong>ad</strong></span> <span class='ocrx_word' id='word_1_349' title='bbox 2438 978 2562 1019; x_wconf 88' lang='lat' dir='ltr'><strong>aras</strong></span> <span class='ocrx_word' id='word_1_350' title='bbox 2588 962 3246 1027; x_wconf 88' lang='lat' dir='ltr'><strong>accurrehant,audacter</strong></span> <span class='ocrx_word' id='word_1_351' title='bbox 3269 963 3604 1023; x_wconf 77' lang='lat' dir='ltr'><strong>atlirmantes</strong></span> 
     </span>
    </p>
   </div>
   <div class='ocr_carea' id='block_1_51' title="bbox 2015 1050 3602 1122">
    <p class='ocr_par' dir='ltr' id='par_1_51' title="bbox 2015 1050 3602 1122">
     <span class='ocr_line' id='line_1_51' title="bbox 2015 1050 3602 1122; baseline 0 -16"><span class='ocrx_word' id='word_1_352' title='bbox 2015 1067 2290 1122; x_wconf 90' lang='lat' dir='ltr'><strong>nunquam</strong></span> <span class='ocrx_word' id='word_1_353' title='bbox 2328 1067 2387 1107; x_wconf 89' lang='lat' dir='ltr'><strong>se</strong></span> <span class='ocrx_word' id='word_1_354' title='bbox 2440 1061 2604 1106; x_wconf 84' lang='lat' dir='ltr'><strong>antea</strong></span> <span class='ocrx_word' id='word_1_355' title='bbox 2656 1051 2996 1106; x_wconf 87' lang='lat' dir='ltr'><strong>Christianos</strong></span> <span class='ocrx_word' id='word_1_356' title='bbox 3040 1050 3228 1106; x_wconf 78' lang='lat' dir='ltr'><strong>fuisse.</strong></span> <span class='ocrx_word' id='word_1_357' title='bbox 3274 1050 3349 1105; x_wconf 92' lang='lat' dir='ltr'><strong>De</strong></span> <span class='ocrx_word' id='word_1_358' title='bbox 3403 1051 3602 1121; x_wconf 84' lang='lat' dir='ltr'><strong>quibus</strong></span> 
     </span>
    </p>
   </div>
   <div class='ocr_carea' id='block_1_52' title="bbox 2014 1141 3600 1213">
    <p class='ocr_par' dir='ltr' id='par_1_52' title="bbox 2014 1141 3600 1213">
     <span class='ocr_line' id='line_1_52' title="bbox 2014 1141 3600 1213; baseline -0.001 -16"><span class='ocrx_word' id='word_1_359' title='bbox 2014 1144 2298 1199; x_wconf 83' lang='lat' dir='ltr'><strong>verissime</strong></span> <span class='ocrx_word' id='word_1_360' title='bbox 2323 1143 2571 1213; x_wconf 72' lang='lat' dir='ltr'><strong>prmdixit</strong></span> <span class='ocrx_word' id='word_1_361' title='bbox 2599 1141 2728 1196; x_wconf 86' lang='lat' dir='ltr'><strong>olim</strong></span> <span class='ocrx_word' id='word_1_362' title='bbox 2754 1142 3041 1204; x_wconf 90' lang='lat' dir='ltr'><strong>Dominus,</strong></span> <span class='ocrx_word' id='word_1_363' title='bbox 3063 1141 3324 1208; x_wconf 83' lang='lat' dir='ltr'><strong>ejusmodi</strong></span> <span class='ocrx_word' id='word_1_364' title='bbox 3349 1143 3600 1197; x_wconf 84' lang='lat' dir='ltr'><strong>homines</strong></span> 
     </span>
    </p>
   </div>
   <div class='ocr_carea' id='block_1_53' title="bbox 2011 1234 3703 1308">
    <p class='ocr_par' dir='ltr' id='par_1_53' title="bbox 2011 1234 3703 1308">
     <span class='ocr_line' id='line_1_53' title="bbox 2011 1234 3703 1308; baseline -0.001 -20"><span class='ocrx_word' id='word_1_365' title='bbox 2011 1249 2156 1305; x_wconf 70' lang='lat' dir='ltr'><strong>aegre</strong></span> <span class='ocrx_word' id='word_1_366' title='bbox 2206 1235 2435 1290; x_wconf 85' lang='lat' dir='ltr'><strong>salutem</strong></span> <span class='ocrx_word' id='word_1_367' title='bbox 2472 1244 2886 1290; x_wconf 82' lang='lat' dir='ltr'><strong>consecuturos.</strong></span> <span class='ocrx_word' id='word_1_368' title='bbox 2936 1234 3127 1290; x_wconf 64' lang='lat' dir='ltr'><strong>Crateri</strong></span> <span class='ocrx_word' id='word_1_369' title='bbox 3176 1244 3353 1287; x_wconf 87' lang='lat' dir='ltr'><strong>autem</strong></span> <span class='ocrx_word' id='word_1_370' title='bbox 3403 1234 3598 1301; x_wconf 81' lang='lat' dir='ltr'><strong>partim</strong></span> <span class='ocrx_word' id='word_1_371' title='bbox 3699 1303 3703 1308; x_wconf 24' lang='lat'><em>.</em></span> 
     </span>
    </p>
   </div>
   <div class='ocr_carea' id='block_1_54' title="bbox 2014 1325 3596 1395">
    <p class='ocr_par' dir='ltr' id='par_1_54' title="bbox 2014 1325 3596 1395">
     <span class='ocr_line' id='line_1_54' title="bbox 2014 1325 3596 1395; baseline -0.002 -14"><span class='ocrx_word' id='word_1_372' title='bbox 2014 1326 2310 1381; x_wconf 89' lang='lat' dir='ltr'><strong>alterutros</strong></span> <span class='ocrx_word' id='word_1_373' title='bbox 2342 1341 2531 1382; x_wconf 90' lang='lat' dir='ltr'><strong>eorum</strong></span> <span class='ocrx_word' id='word_1_374' title='bbox 2563 1340 2701 1394; x_wconf 90' lang='lat' dir='ltr'><strong>quos</strong></span> <span class='ocrx_word' id='word_1_375' title='bbox 2729 1326 2966 1382; x_wconf 78' lang='lat' dir='ltr'><strong>diximus</strong></span> <span class='ocrx_word' id='word_1_376' title='bbox 2989 1326 3377 1395; x_wconf 84' lang='lat' dir='ltr'><strong>sequebantur,</strong></span> <span class='ocrx_word' id='word_1_377' title='bbox 3399 1325 3596 1395; x_wconf 86' lang='lat' dir='ltr'><strong>partim</strong></span> 
     </span>
    </p>
   </div>
   <div class='ocr_carea' id='block_1_55' title="bbox 2012 1420 3597 1490">
    <p class='ocr_par' dir='ltr' id='par_1_55' title="bbox 2012 1420 3597 1490">
     <span class='ocr_line' id='line_1_55' title="bbox 2012 1420 3597 1490; baseline 0 -15"><span class='ocrx_word' id='word_1_378' title='bbox 2012 1434 2074 1475; x_wconf 88' lang='lat' dir='ltr'><strong>se</strong></span> <span class='ocrx_word' id='word_1_379' title='bbox 2101 1420 2155 1474; x_wconf 89' lang='lat' dir='ltr'><strong>iu</strong></span> <span class='ocrx_word' id='word_1_380' title='bbox 2185 1420 2370 1490; x_wconf 83' lang='lat' dir='ltr'><strong>fugam</strong></span> <span class='ocrx_word' id='word_1_381' title='bbox 2399 1420 2615 1483; x_wconf 87' lang='lat' dir='ltr'><strong>dabant,</strong></span> <span class='ocrx_word' id='word_1_382' title='bbox 2640 1420 2840 1487; x_wconf 86' lang='lat' dir='ltr'><strong>partim</strong></span> <span class='ocrx_word' id='word_1_383' title='bbox 2860 1422 3493 1490; x_wconf 90' lang='lat' dir='ltr'><strong>comprehendebantur.</strong></span> <span class='ocrx_word' id='word_1_384' title='bbox 3519 1420 3597 1475; x_wconf 81' lang='lat' dir='ltr'><strong>Et:</strong></span> 
     </span>
    </p>
   </div>
   <div class='ocr_carea' id='block_1_56' title="bbox 2013 1512 3595 1582">
    <p class='ocr_par' dir='ltr' id='par_1_56' title="bbox 2013 1512 3595 1582">
     <span class='ocr_line' id='line_1_56' title="bbox 2013 1512 3595 1582; baseline 0.001 -17"><span class='ocrx_word' id='word_1_385' title='bbox 2013 1513 2212 1581; x_wconf 89' lang='lat' dir='ltr'><strong>quibus</strong></span> <span class='ocrx_word' id='word_1_386' title='bbox 2246 1512 2486 1566; x_wconf 88' lang='lat' dir='ltr'><strong>nonnulli</strong></span> <span class='ocrx_word' id='word_1_387' title='bbox 2510 1526 2633 1567; x_wconf 91' lang='lat' dir='ltr'><strong>cum</strong></span> <span class='ocrx_word' id='word_1_388' title='bbox 2658 1527 2832 1582; x_wconf 86' lang='lat' dir='ltr'><strong>usque</strong></span> <span class='ocrx_word' id='word_1_389' title='bbox 2863 1515 2929 1567; x_wconf 87' lang='lat' dir='ltr'><strong>ad</strong></span> <span class='ocrx_word' id='word_1_390' title='bbox 2958 1513 3170 1567; x_wconf 82' lang='lat' dir='ltr'><strong>vincula</strong></span> <span class='ocrx_word' id='word_1_391' title='bbox 3205 1523 3258 1568; x_wconf 89' lang='lat' dir='ltr'><strong>et</strong></span> <span class='ocrx_word' id='word_1_392' title='bbox 3286 1513 3595 1568; x_wconf 80' lang='lat' dir='ltr'><strong>custodiam</strong></span> 
     </span>
    </p>
   </div>
   <div class='ocr_carea' id='block_1_57' title="bbox 2014 1604 3593 1675">
    <p class='ocr_par' dir='ltr' id='par_1_57' title="bbox 2014 1604 3593 1675">
     <span class='ocr_line' id='line_1_57' title="bbox 2014 1604 3593 1675; baseline -0.001 -16"><span class='ocrx_word' id='word_1_393' title='bbox 2014 1604 2283 1675; x_wconf 82' lang='lat' dir='ltr'><strong>progressi</strong></span> <span class='ocrx_word' id='word_1_394' title='bbox 2342 1612 2552 1670; x_wconf 88' lang='lat' dir='ltr'><strong>essent,</strong></span> <span class='ocrx_word' id='word_1_395' title='bbox 2585 1604 2807 1673; x_wconf 90' lang='lat' dir='ltr'><strong>quidam</strong></span> <span class='ocrx_word' id='word_1_396' title='bbox 2840 1606 3002 1658; x_wconf 88' lang='lat' dir='ltr'><strong>etiam</strong></span> <span class='ocrx_word' id='word_1_397' title='bbox 3055 1605 3332 1674; x_wconf 86' lang='lat' dir='ltr'><strong>plusculos</strong></span> <span class='ocrx_word' id='word_1_398' title='bbox 3367 1606 3483 1660; x_wconf 89' lang='lat' dir='ltr'><strong>dies</strong></span> <span class='ocrx_word' id='word_1_399' title='bbox 3539 1604 3593 1659; x_wconf 93' lang='lat' dir='ltr'><strong>in</strong></span> 
     </span>
    </p>
   </div>
   <div class='ocr_carea' id='block_1_58' title="bbox 2013 1695 3595 1767">
    <p class='ocr_par' dir='ltr' id='par_1_58' title="bbox 2013 1695 3595 1767">
     <span class='ocr_line' id='line_1_58' title="bbox 2013 1695 3595 1767; baseline -0.001 -15"><span class='ocrx_word' id='word_1_400' title='bbox 2013 1710 2237 1752; x_wconf 89' lang='lat' dir='ltr'><strong>carcere</strong></span> <span class='ocrx_word' id='word_1_401' title='bbox 2282 1696 2693 1765; x_wconf 88' lang='lat' dir='ltr'><strong>perstitissent,</strong></span> <span class='ocrx_word' id='word_1_402' title='bbox 2731 1696 2884 1767; x_wconf 70' lang='lat' dir='ltr'><strong>prius</strong></span> <span class='ocrx_word' id='word_1_403' title='bbox 2932 1706 3109 1751; x_wconf 91' lang='lat' dir='ltr'><strong>tamen</strong></span> <span class='ocrx_word' id='word_1_404' title='bbox 3146 1711 3309 1765; x_wconf 89' lang='lat' dir='ltr'><strong>quam</strong></span> <span class='ocrx_word' id='word_1_405' title='bbox 3358 1695 3415 1750; x_wconf 89' lang='lat' dir='ltr'><strong>in</strong></span> <span class='ocrx_word' id='word_1_406' title='bbox 3446 1696 3595 1763; x_wconf 88' lang='lat' dir='ltr'><strong>judi-</strong></span> 
     </span>
    </p>
   </div>
   <div class='ocr_carea' id='block_1_59' title="bbox 2011 1787 3594 1856">
    <p class='ocr_par' dir='ltr' id='par_1_59' title="bbox 2011 1787 3594 1856">
     <span class='ocr_line' id='line_1_59' title="bbox 2011 1787 3594 1856; baseline -0.001 -12"><span class='ocrx_word' id='word_1_407' title='bbox 2011 1789 2151 1845; x_wconf 87' lang='lat' dir='ltr'><strong>cium</strong></span> <span class='ocrx_word' id='word_1_408' title='bbox 2177 1788 2592 1855; x_wconf 84' lang='lat' dir='ltr'><strong>inducerentur,</strong></span> <span class='ocrx_word' id='word_1_409' title='bbox 2629 1787 2788 1843; x_wconf 85' lang='lat' dir='ltr'><strong>tidem</strong></span> <span class='ocrx_word' id='word_1_410' title='bbox 2824 1789 3133 1856; x_wconf 86' lang='lat' dir='ltr'><strong>eiurarunt.</strong></span> <span class='ocrx_word' id='word_1_411' title='bbox 3184 1787 3436 1842; x_wconf 82' lang='lat' dir='ltr'><strong>Nonnulli</strong></span> <span class='ocrx_word' id='word_1_412' title='bbox 3466 1802 3594 1843; x_wconf 82' lang='lat' dir='ltr'><strong>vero</strong></span> 
     </span>
    </p>
   </div>
   <div class='ocr_carea' id='block_1_60' title="bbox 2010 1880 3591 1950">
    <p class='ocr_par' dir='ltr' id='par_1_60' title="bbox 2010 1880 3591 1950">
     <span class='ocr_line' id='line_1_60' title="bbox 2010 1880 3591 1950; baseline 0 -15"><span class='ocrx_word' id='word_1_413' title='bbox 2010 1895 2132 1935; x_wconf 92' lang='lat' dir='ltr'><strong>cum</strong></span> <span class='ocrx_word' id='word_1_414' title='bbox 2175 1880 2493 1950; x_wconf 89' lang='lat' dir='ltr'><strong>aliquandiu</strong></span> <span class='ocrx_word' id='word_1_415' title='bbox 2523 1890 2792 1936; x_wconf 89' lang='lat' dir='ltr'><strong>tormenta</strong></span> <span class='ocrx_word' id='word_1_416' title='bbox 2827 1881 3041 1937; x_wconf 78' lang='lat' dir='ltr'><strong>fortiter</strong></span> <span class='ocrx_word' id='word_1_417' title='bbox 3074 1881 3484 1943; x_wconf 87' lang='lat' dir='ltr'><strong>sustinuissent,</strong></span> <span class='ocrx_word' id='word_1_418' title='bbox 3523 1883 3591 1935; x_wconf 91' lang='lat' dir='ltr'><strong>ad</strong></span> 
     </span>
    </p>
   </div>
   <div class='ocr_carea' id='block_1_61' title="bbox 2011 1961 3592 2043">
    <p class='ocr_par' dir='ltr' id='par_1_61' title="bbox 2011 1961 3592 2043">
     <span class='ocr_line' id='line_1_61' title="bbox 2011 1961 3592 2043; baseline -0.001 -15"><span class='ocrx_word' id='word_1_419' title='bbox 2011 1973 2216 2043; x_wconf 89' lang='lat' dir='ltr'><strong>reliqua</strong></span> <span class='ocrx_word' id='word_1_420' title='bbox 2240 1988 2363 2043; x_wconf 65' lang='lat' dir='ltr'><strong>qua:</strong></span> <span class='ocrx_word' id='word_1_421' title='bbox 2385 1973 2803 2029; x_wconf 87' lang='lat' dir='ltr'><strong>intentabantur</strong></span> <span class='ocrx_word' id='word_1_422' title='bbox 2829 1961 3093 2043; x_wconf 86' lang='lat' dir='ltr'><strong>supplicia</strong></span> <span class='ocrx_word' id='word_1_423' title='bbox 3115 1976 3328 2028; x_wconf 89' lang='lat' dir='ltr'><strong>animos</strong></span> <span class='ocrx_word' id='word_1_424' title='bbox 3357 1975 3592 2041; x_wconf 77' lang='lat' dir='ltr'><strong>despon-</strong></span> 
     </span>
    </p>
   </div>
   <div class='ocr_carea' id='block_1_62' title="bbox 2010 2065 3593 2121">
    <p class='ocr_par' dir='ltr' id='par_1_62' title="bbox 2010 2065 3593 2121">
     <span class='ocr_line' id='line_1_62' title="bbox 2010 2065 3593 2121; baseline 0 -2"><span class='ocrx_word' id='word_1_425' title='bbox 2010 2065 2229 2119; x_wconf 90' lang='lat' dir='ltr'><strong>derunt.</strong></span> <span class='ocrx_word' id='word_1_426' title='bbox 2258 2065 2459 2120; x_wconf 85' lang='lat' dir='ltr'><strong>Verum</strong></span> <span class='ocrx_word' id='word_1_427' title='bbox 2487 2066 2629 2120; x_wconf 88' lang='lat' dir='ltr'><strong>beati</strong></span> <span class='ocrx_word' id='word_1_428' title='bbox 2664 2066 2736 2119; x_wconf 90' lang='lat' dir='ltr'><strong>illi</strong></span> <span class='ocrx_word' id='word_1_429' title='bbox 2762 2081 2825 2119; x_wconf 91' lang='lat' dir='ltr'><strong>ac</strong></span> <span class='ocrx_word' id='word_1_430' title='bbox 2851 2067 3075 2121; x_wconf 88' lang='lat' dir='ltr'><strong>stabiles</strong></span> <span class='ocrx_word' id='word_1_431' title='bbox 3101 2066 3368 2120; x_wconf 63' lang='lat' dir='ltr'><strong>columnae</strong></span> <span class='ocrx_word' id='word_1_432' title='bbox 3405 2066 3593 2119; x_wconf 89' lang='lat' dir='ltr'><strong>Domi-</strong></span> 
     </span>
    </p>
   </div>
   <div class='ocr_carea' id='block_1_63' title="bbox 2008 2157 3595 2229">
    <p class='ocr_par' dir='ltr' id='par_1_63' title="bbox 2008 2157 3595 2229">
     <span class='ocr_line' id='line_1_63' title="bbox 2008 2157 3595 2229; baseline -0.001 -16"><span class='ocrx_word' id='word_1_433' title='bbox 2008 2157 2084 2223; x_wconf 90' lang='lat' dir='ltr'><strong>ni,</strong></span> <span class='ocrx_word' id='word_1_434' title='bbox 2110 2158 2178 2212; x_wconf 92' lang='lat' dir='ltr'><strong>ab</strong></span> <span class='ocrx_word' id='word_1_435' title='bbox 2202 2158 2317 2228; x_wconf 89' lang='lat' dir='ltr'><strong>ipso</strong></span> <span class='ocrx_word' id='word_1_436' title='bbox 2341 2157 2675 2221; x_wconf 80' lang='lat' dir='ltr'><strong>conﬁrmati,</strong></span> <span class='ocrx_word' id='word_1_437' title='bbox 2708 2168 2760 2212; x_wconf 91' lang='lat' dir='ltr'><strong>et</strong></span> <span class='ocrx_word' id='word_1_438' title='bbox 2790 2159 2911 2212; x_wconf 81' lang='lat' dir='ltr'><strong>ﬁdei</strong></span> <span class='ocrx_word' id='word_1_439' title='bbox 2940 2174 3050 2213; x_wconf 59' lang='lat' dir='ltr'><strong>sure</strong></span> <span class='ocrx_word' id='word_1_440' title='bbox 3076 2159 3256 2213; x_wconf 89' lang='lat' dir='ltr'><strong>robori</strong></span> <span class='ocrx_word' id='word_1_441' title='bbox 3288 2173 3595 2229; x_wconf 86' lang='lat' dir='ltr'><strong>congruen-</strong></span> 
     </span>
    </p>
   </div>
   <div class='ocr_carea' id='block_1_64' title="bbox 2011 2249 3593 2320">
    <p class='ocr_par' dir='ltr' id='par_1_64' title="bbox 2011 2249 3593 2320">
     <span class='ocr_line' id='line_1_64' title="bbox 2011 2249 3593 2320; baseline -0.001 -16"><span class='ocrx_word' id='word_1_442' title='bbox 2011 2258 2095 2305; x_wconf 90' lang='lat' dir='ltr'><strong>tes</strong></span> <span class='ocrx_word' id='word_1_443' title='bbox 2141 2256 2196 2304; x_wconf 89' lang='lat' dir='ltr'><strong>et</strong></span> <span class='ocrx_word' id='word_1_444' title='bbox 2226 2263 2292 2304; x_wconf 80' lang='lat' dir='ltr'><strong>ex</strong></span> <span class='ocrx_word' id='word_1_445' title='bbox 2329 2263 2485 2320; x_wconf 83' lang='lat' dir='ltr'><strong>aequo</strong></span> <span class='ocrx_word' id='word_1_446' title='bbox 2529 2250 2944 2317; x_wconf 87' lang='lat' dir='ltr'><strong>respondentem</strong></span> <span class='ocrx_word' id='word_1_447' title='bbox 2980 2249 3089 2303; x_wconf 93' lang='lat' dir='ltr'><strong>vim</strong></span> <span class='ocrx_word' id='word_1_448' title='bbox 3140 2260 3303 2318; x_wconf 88' lang='lat' dir='ltr'><strong>atque</strong></span> <span class='ocrx_word' id='word_1_449' title='bbox 3342 2261 3593 2304; x_wconf 73' lang='lat' dir='ltr'><strong>consuan-</strong></span> 
     </span>
    </p>
   </div>
   <div class='ocr_carea' id='block_1_65' title="bbox 2012 2340 3590 2410">
    <p class='ocr_par' dir='ltr' id='par_1_65' title="bbox 2012 2340 3590 2410">
     <span class='ocr_line' id='line_1_65' title="bbox 2012 2340 3590 2410; baseline 0.001 -16"><span class='ocrx_word' id='word_1_450' title='bbox 2012 2340 2138 2394; x_wconf 90' lang='lat' dir='ltr'><strong>tiam</strong></span> <span class='ocrx_word' id='word_1_451' title='bbox 2195 2341 2363 2404; x_wconf 88' lang='lat' dir='ltr'><strong>nacti,</strong></span> <span class='ocrx_word' id='word_1_452' title='bbox 2418 2340 2774 2395; x_wconf 86' lang='lat' dir='ltr'><strong>admirabiles</strong></span> <span class='ocrx_word' id='word_1_453' title='bbox 2820 2341 2966 2410; x_wconf 86' lang='lat' dir='ltr'><strong>regni</strong></span> <span class='ocrx_word' id='word_1_454' title='bbox 3006 2340 3147 2394; x_wconf 89' lang='lat' dir='ltr'><strong>illius</strong></span> <span class='ocrx_word' id='word_1_455' title='bbox 3199 2350 3365 2395; x_wconf 87' lang='lat' dir='ltr'><strong>testes</strong></span> <span class='ocrx_word' id='word_1_456' title='bbox 3411 2340 3590 2396; x_wconf 69' lang='lat' dir='ltr'><strong>effecti</strong></span> 
     </span>
    </p>
   </div>
   <div class='ocr_carea' id='block_1_66' title="bbox 2009 2432 3590 2504">
    <p class='ocr_par' dir='ltr' id='par_1_66' title="bbox 2009 2432 3590 2504">
     <span class='ocr_line' id='line_1_66' title="bbox 2009 2432 3590 2504; baseline 0.002 -18"><span class='ocrx_word' id='word_1_457' title='bbox 2009 2443 2156 2486; x_wconf 89' lang='lat' dir='ltr'><strong>sunt.</strong></span> <span class='ocrx_word' id='word_1_458' title='bbox 2182 2432 2427 2500; x_wconf 87' lang='lat' dir='ltr'><strong>Quorum</strong></span> <span class='ocrx_word' id='word_1_459' title='bbox 2458 2432 2732 2500; x_wconf 88' lang='lat' dir='ltr'><strong>Julianus,</strong></span> <span class='ocrx_word' id='word_1_460' title='bbox 2758 2435 2843 2487; x_wconf 90' lang='lat' dir='ltr'><strong>vir</strong></span> <span class='ocrx_word' id='word_1_461' title='bbox 2870 2434 3126 2504; x_wconf 66' lang='lat' dir='ltr'><strong>podagrae</strong></span> <span class='ocrx_word' id='word_1_462' title='bbox 3150 2435 3429 2490; x_wconf 85' lang='lat' dir='ltr'><strong>doloribus</strong></span> <span class='ocrx_word' id='word_1_463' title='bbox 3455 2449 3590 2490; x_wconf 84' lang='lat' dir='ltr'><strong>con-</strong></span> 
     </span>
    </p>
   </div>
   <div class='ocr_carea' id='block_1_67' title="bbox 2010 2524 3591 2595">
    <p class='ocr_par' dir='ltr' id='par_1_67' title="bbox 2010 2524 3591 2595">
     <span class='ocr_line' id='line_1_67' title="bbox 2010 2524 3591 2595; baseline 0.001 -17"><span class='ocrx_word' id='word_1_464' title='bbox 2010 2524 2253 2589; x_wconf 88' lang='lat' dir='ltr'><strong>strictus,</strong></span> <span class='ocrx_word' id='word_1_465' title='bbox 2302 2525 2395 2594; x_wconf 91' lang='lat' dir='ltr'><strong>qui</strong></span> <span class='ocrx_word' id='word_1_466' title='bbox 2440 2540 2541 2580; x_wconf 91' lang='lat' dir='ltr'><strong>nec</strong></span> <span class='ocrx_word' id='word_1_467' title='bbox 2573 2537 2720 2582; x_wconf 89' lang='lat' dir='ltr'><strong>stare</strong></span> <span class='ocrx_word' id='word_1_468' title='bbox 2770 2534 2983 2595; x_wconf 84' lang='lat' dir='ltr'><strong>poterat</strong></span> <span class='ocrx_word' id='word_1_469' title='bbox 3016 2540 3130 2582; x_wconf 89' lang='lat' dir='ltr'><strong>.nec</strong></span> <span class='ocrx_word' id='word_1_470' title='bbox 3175 2526 3449 2590; x_wconf 89' lang='lat' dir='ltr'><strong>incedere,</strong></span> <span class='ocrx_word' id='word_1_471' title='bbox 3482 2540 3591 2580; x_wconf 87' lang='lat' dir='ltr'><strong>una</strong></span> 
     </span>
    </p>
   </div>
   <div class='ocr_carea' id='block_1_68' title="bbox 2007 2617 3587 2689">
    <p class='ocr_par' dir='ltr' id='par_1_68' title="bbox 2007 2617 3587 2689">
     <span class='ocr_line' id='line_1_68' title="bbox 2007 2617 3587 2689; baseline 0.003 -19"><span class='ocrx_word' id='word_1_472' title='bbox 2007 2631 2131 2671; x_wconf 90' lang='lat' dir='ltr'><strong>cum</strong></span> <span class='ocrx_word' id='word_1_473' title='bbox 2155 2618 2366 2672; x_wconf 92' lang='lat' dir='ltr'><strong>duobus</strong></span> <span class='ocrx_word' id='word_1_474' title='bbox 2388 2617 2509 2672; x_wconf 89' lang='lat' dir='ltr'><strong>aliis</strong></span> <span class='ocrx_word' id='word_1_475' title='bbox 2539 2619 2633 2687; x_wconf 88' lang='lat' dir='ltr'><strong>qui</strong></span> <span class='ocrx_word' id='word_1_476' title='bbox 2660 2620 2839 2687; x_wconf 89' lang='lat' dir='ltr'><strong>ipsum</strong></span> <span class='ocrx_word' id='word_1_477' title='bbox 2864 2619 3177 2689; x_wconf 85' lang='lat' dir='ltr'><strong>portabant,</strong></span> <span class='ocrx_word' id='word_1_478' title='bbox 3196 2618 3461 2673; x_wconf 86' lang='lat' dir='ltr'><strong>adductus</strong></span> <span class='ocrx_word' id='word_1_479' title='bbox 3484 2627 3587 2674; x_wconf 90' lang='lat' dir='ltr'><strong>est.</strong></span> 
     </span>
    </p>
   </div>
   <div class='ocr_carea' id='block_1_69' title="bbox 2007 2706 3590 2780">
    <p class='ocr_par' dir='ltr' id='par_1_69' title="bbox 2007 2706 3590 2780">
     <span class='ocr_line' id='line_1_69' title="bbox 2007 2706 3590 2780; baseline 0.003 -19"><span class='ocrx_word' id='word_1_480' title='bbox 2007 2706 2208 2764; x_wconf 75' lang='lat' dir='ltr'><strong>[lorum</strong></span> <span class='ocrx_word' id='word_1_481' title='bbox 2242 2708 2381 2763; x_wconf 88' lang='lat' dir='ltr'><strong>alter</strong></span> <span class='ocrx_word' id='word_1_482' title='bbox 2411 2710 2594 2765; x_wconf 86' lang='lat' dir='ltr'><strong>statim</strong></span> <span class='ocrx_word' id='word_1_483' title='bbox 2626 2711 2865 2780; x_wconf 79' lang='lat' dir='ltr'><strong>negavit.</strong></span> <span class='ocrx_word' id='word_1_484' title='bbox 2895 2710 3049 2765; x_wconf 87' lang='lat' dir='ltr'><strong>Alter</strong></span> <span class='ocrx_word' id='word_1_485' title='bbox 3084 2710 3301 2764; x_wconf 89' lang='lat' dir='ltr'><strong>nomine</strong></span> <span class='ocrx_word' id='word_1_486' title='bbox 3327 2710 3590 2777; x_wconf 66' lang='lat' dir='ltr'><strong>tirouiou,</strong></span> 
     </span>
    </p>
   </div>
   <div class='ocr_carea' id='block_1_70' title="bbox 2006 2801 3597 2873">
    <p class='ocr_par' dir='ltr' id='par_1_70' title="bbox 2006 2801 3597 2873">
     <span class='ocr_line' id='line_1_70' title="bbox 2006 2801 3597 2873; baseline 0.003 -18"><span class='ocrx_word' id='word_1_487' title='bbox 2006 2801 2097 2871; x_wconf 89' lang='lat' dir='ltr'><strong>qui</strong></span> <span class='ocrx_word' id='word_1_488' title='bbox 2121 2801 2304 2858; x_wconf 86' lang='lat' dir='ltr'><strong>Eunus</strong></span> <span class='ocrx_word' id='word_1_489' title='bbox 2322 2803 2828 2873; x_wconf 85' lang='lat' dir='ltr'><strong>cognominabatur,</strong></span> <span class='ocrx_word' id='word_1_490' title='bbox 2856 2818 2956 2858; x_wconf 92' lang='lat' dir='ltr'><strong>nec</strong></span> <span class='ocrx_word' id='word_1_491' title='bbox 2978 2819 3082 2857; x_wconf 91' lang='lat' dir='ltr'><strong>non</strong></span> <span class='ocrx_word' id='word_1_492' title='bbox 3107 2813 3161 2857; x_wconf 92' lang='lat' dir='ltr'><strong>ct</strong></span> <span class='ocrx_word' id='word_1_493' title='bbox 3179 2818 3345 2858; x_wconf 83' lang='lat' dir='ltr'><strong>senex</strong></span> <span class='ocrx_word' id='word_1_494' title='bbox 3372 2805 3485 2873; x_wconf 91' lang='lat' dir='ltr'><strong>ipse</strong></span> <span class='ocrx_word' id='word_1_495' title='bbox 3501 2802 3597 2859; x_wconf 82' lang='lat' dir='ltr'><strong>Ju-</strong></span> 
     </span>
    </p>
   </div>
   <div class='ocr_carea' id='block_1_71' title="bbox 2007 2891 3588 2964">
    <p class='ocr_par' dir='ltr' id='par_1_71' title="bbox 2007 2891 3588 2964">
     <span class='ocr_line' id='line_1_71' title="bbox 2007 2891 3588 2964; baseline 0.003 -19"><span class='ocrx_word' id='word_1_496' title='bbox 2007 2891 2209 2958; x_wconf 86' lang='lat' dir='ltr'><strong>lianus,</strong></span> <span class='ocrx_word' id='word_1_497' title='bbox 2230 2906 2352 2947; x_wconf 90' lang='lat' dir='ltr'><strong>cum</strong></span> <span class='ocrx_word' id='word_1_498' title='bbox 2375 2892 2650 2948; x_wconf 88' lang='lat' dir='ltr'><strong>Christum</strong></span> <span class='ocrx_word' id='word_1_499' title='bbox 2674 2894 2905 2949; x_wconf 72' lang='lat' dir='ltr'><strong>confessi</strong></span> <span class='ocrx_word' id='word_1_500' title='bbox 2932 2903 3136 2960; x_wconf 84' lang='lat' dir='ltr'><strong>essent,</strong></span> <span class='ocrx_word' id='word_1_501' title='bbox 3157 2909 3254 2964; x_wconf 88' lang='lat' dir='ltr'><strong>per</strong></span> <span class='ocrx_word' id='word_1_502' title='bbox 3275 2895 3588 2951; x_wconf 81' lang='lat' dir='ltr'><strong>universam</strong></span> 
     </span>
    </p>
   </div>
   <div class='ocr_carea' id='block_1_72' title="bbox 2006 2983 3587 3055">
    <p class='ocr_par' dir='ltr' id='par_1_72' title="bbox 2006 2983 3587 3055">
     <span class='ocr_line' id='line_1_72' title="bbox 2006 2983 3587 3055; baseline 0.001 -18"><span class='ocrx_word' id='word_1_503' title='bbox 2006 2983 2172 3055; x_wconf 73' lang='lat'><strong>239</strong></span> <span class='ocrx_word' id='word_1_504' title='bbox 2210 2984 2416 3045; x_wconf 88' lang='lat' dir='ltr'><strong>urbem.</strong></span> <span class='ocrx_word' id='word_1_505' title='bbox 2444 2998 2569 3053; x_wconf 71' lang='lat' dir='ltr'><strong>quae</strong></span> <span class='ocrx_word' id='word_1_506' title='bbox 2602 2983 2843 3052; x_wconf 91' lang='lat' dir='ltr'><strong>quidem,</strong></span> <span class='ocrx_word' id='word_1_507' title='bbox 2876 2992 2937 3038; x_wconf 89' lang='lat' dir='ltr'><strong>ut</strong></span> <span class='ocrx_word' id='word_1_508' title='bbox 2963 2984 3154 3049; x_wconf 90' lang='lat' dir='ltr'><strong>nostis,</strong></span> <span class='ocrx_word' id='word_1_509' title='bbox 3185 2987 3423 3039; x_wconf 79' lang='lat' dir='ltr'><strong>maxima</strong></span> <span class='ocrx_word' id='word_1_510' title='bbox 3476 2996 3587 3053; x_wconf 89' lang='lat' dir='ltr'><strong>est,</strong></span> 
     </span>
    </p>
   </div>
   <div class='ocr_carea' id='block_1_73' title="bbox 2006 3074 3589 3145">
    <p class='ocr_par' dir='ltr' id='par_1_73' title="bbox 2006 3074 3589 3145">
     <span class='ocr_line' id='line_1_73' title="bbox 2006 3074 3589 3145; baseline 0 -15"><span class='ocrx_word' id='word_1_511' title='bbox 2006 3075 2231 3131; x_wconf 86' lang='lat' dir='ltr'><strong>camelis</strong></span> <span class='ocrx_word' id='word_1_512' title='bbox 2254 3075 2572 3142; x_wconf 89' lang='lat' dir='ltr'><strong>insidentes,</strong></span> <span class='ocrx_word' id='word_1_513' title='bbox 2611 3075 2796 3145; x_wconf 82' lang='lat' dir='ltr'><strong>ﬂagris</strong></span> <span class='ocrx_word' id='word_1_514' title='bbox 2835 3074 3098 3130; x_wconf 86' lang='lat' dir='ltr'><strong>sublimes</strong></span> <span class='ocrx_word' id='word_1_515' title='bbox 3130 3076 3430 3144; x_wconf 74' lang='lat' dir='ltr'><strong>verberati,</strong></span> <span class='ocrx_word' id='word_1_516' title='bbox 3465 3086 3589 3131; x_wconf 89' lang='lat' dir='ltr'><strong>tan-</strong></span> 
     </span>
    </p>
   </div>
   <div class='ocr_carea' id='block_1_74' title="bbox 2004 3166 3586 3237">
    <p class='ocr_par' dir='ltr' id='par_1_74' title="bbox 2004 3166 3586 3237">
     <span class='ocr_line' id='line_1_74' title="bbox 2004 3166 3586 3237; baseline 0.001 -15"><span class='ocrx_word' id='word_1_517' title='bbox 2004 3167 2126 3222; x_wconf 89' lang='lat' dir='ltr'><strong>dem</strong></span> <span class='ocrx_word' id='word_1_518' title='bbox 2164 3166 2549 3221; x_wconf 85' lang='lat' dir='ltr'><strong>ardentissimo</strong></span> <span class='ocrx_word' id='word_1_519' title='bbox 2604 3166 2751 3235; x_wconf 88' lang='lat' dir='ltr'><strong>igne,</strong></span> <span class='ocrx_word' id='word_1_520' title='bbox 2794 3166 3127 3220; x_wconf 78' lang='lat' dir='ltr'><strong>circumfusa</strong></span> <span class='ocrx_word' id='word_1_521' title='bbox 3184 3168 3351 3221; x_wconf 86' lang='lat' dir='ltr'><strong>totius</strong></span> <span class='ocrx_word' id='word_1_522' title='bbox 3402 3168 3586 3237; x_wconf 86' lang='lat' dir='ltr'><strong>p0puli</strong></span> 
     </span>
    </p>
   </div>
   <div class='ocr_carea' id='block_1_75' title="bbox 2005 3257 3588 3328">
    <p class='ocr_par' dir='ltr' id='par_1_75' title="bbox 2005 3257 3588 3328">
     <span class='ocr_line' id='line_1_75' title="bbox 2005 3257 3588 3328; baseline 0.003 -18"><span class='ocrx_word' id='word_1_523' title='bbox 2005 3257 2387 3325; x_wconf 89' lang='lat' dir='ltr'><strong>multitudine,</strong></span> <span class='ocrx_word' id='word_1_524' title='bbox 2433 3257 2740 3327; x_wconf 81' lang='lat' dir='ltr'><strong>consumpti</strong></span> <span class='ocrx_word' id='word_1_525' title='bbox 2786 3265 2933 3311; x_wconf 86' lang='lat' dir='ltr'><strong>sunt.</strong></span> <span class='ocrx_word' id='word_1_526' title='bbox 2977 3257 3132 3312; x_wconf 79' lang='lat' dir='ltr'><strong>Miles</strong></span> <span class='ocrx_word' id='word_1_527' title='bbox 3170 3273 3301 3313; x_wconf 77' lang='lat' dir='ltr'><strong>vero</strong></span> <span class='ocrx_word' id='word_1_528' title='bbox 3331 3259 3422 3328; x_wconf 92' lang='lat' dir='ltr'><strong>qui</strong></span> <span class='ocrx_word' id='word_1_529' title='bbox 3455 3259 3588 3327; x_wconf 83' lang='lat' dir='ltr'><strong>ipsis</strong></span> 
     </span>
    </p>
   </div>
   <div class='ocr_carea' id='block_1_76' title="bbox 2002 3347 3584 3418">
    <p class='ocr_par' dir='ltr' id='par_1_76' title="bbox 2002 3347 3584 3418">
     <span class='ocr_line' id='line_1_76' title="bbox 2002 3347 3584 3418; baseline 0.001 -16"><span class='ocrx_word' id='word_1_530' title='bbox 2002 3347 2129 3403; x_wconf 89' lang='lat' dir='ltr'><strong>dum</strong></span> <span class='ocrx_word' id='word_1_531' title='bbox 2154 3350 2221 3403; x_wconf 82' lang='lat' dir='ltr'><strong>ad</strong></span> <span class='ocrx_word' id='word_1_532' title='bbox 2282 3348 2603 3418; x_wconf 75' lang='lat' dir='ltr'><strong>supplicium</strong></span> <span class='ocrx_word' id='word_1_533' title='bbox 2641 3350 2974 3403; x_wconf 79' lang='lat' dir='ltr'><strong>ducerentur</strong></span> <span class='ocrx_word' id='word_1_534' title='bbox 3022 3350 3258 3413; x_wconf 84' lang='lat' dir='ltr'><strong>astabat,</strong></span> <span class='ocrx_word' id='word_1_535' title='bbox 3314 3359 3584 3405; x_wconf 83' lang='lat' dir='ltr'><strong>etcontu-</strong></span> 
     </span>
    </p>
   </div>
   <div class='ocr_carea' id='block_1_77' title="bbox 2002 3432 3585 3510">
    <p class='ocr_par' dir='ltr' id='par_1_77' title="bbox 2002 3432 3585 3510">
     <span class='ocr_line' id='line_1_77' title="bbox 2002 3432 3585 3510; baseline -0.001 -14"><span class='ocrx_word' id='word_1_536' title='bbox 2002 3440 2218 3496; x_wconf 86' lang='lat' dir='ltr'><strong>meliam</strong></span> <span class='ocrx_word' id='word_1_537' title='bbox 2253 3432 2551 3496; x_wconf 82' lang='lat' dir='ltr'><strong>inferentes</strong></span> <span class='ocrx_word' id='word_1_538' title='bbox 2598 3439 2937 3510; x_wconf 89' lang='lat' dir='ltr'><strong>propulerat,</strong></span> <span class='ocrx_word' id='word_1_539' title='bbox 2968 3440 3134 3496; x_wconf 84' lang='lat' dir='ltr'><strong>Besas</strong></span> <span class='ocrx_word' id='word_1_540' title='bbox 3173 3441 3413 3506; x_wconf 90' lang='lat' dir='ltr'><strong>nomine,</strong></span> <span class='ocrx_word' id='word_1_541' title='bbox 3456 3457 3585 3498; x_wconf 91' lang='lat' dir='ltr'><strong>con-</strong></span> 
     </span>
    </p>
   </div>
   <div class='ocr_carea' id='block_1_78' title="bbox 2002 3533 3582 3603">
    <p class='ocr_par' dir='ltr' id='par_1_78' title="bbox 2002 3533 3582 3603">
     <span class='ocr_line' id='line_1_78' title="bbox 2002 3533 3582 3603; baseline 0.002 -15"><span class='ocrx_word' id='word_1_542' title='bbox 2002 3533 2271 3588; x_wconf 87' lang='lat' dir='ltr'><strong>clamante</strong></span> <span class='ocrx_word' id='word_1_543' title='bbox 2301 3534 2565 3588; x_wconf 87' lang='lat' dir='ltr'><strong>adversus</strong></span> <span class='ocrx_word' id='word_1_544' title='bbox 2597 3548 2717 3587; x_wconf 89' lang='lat' dir='ltr'><strong>eum</strong></span> <span class='ocrx_word' id='word_1_545' title='bbox 2744 3533 2940 3603; x_wconf 90' lang='lat' dir='ltr'><strong>populo</strong></span> <span class='ocrx_word' id='word_1_546' title='bbox 2972 3533 3023 3587; x_wconf 93' lang='lat' dir='ltr'><strong>in</strong></span> <span class='ocrx_word' id='word_1_547' title='bbox 3058 3535 3147 3601; x_wconf 84' lang='lat' dir='ltr'><strong>jus</strong></span> <span class='ocrx_word' id='word_1_548' title='bbox 3178 3534 3443 3590; x_wconf 90' lang='lat' dir='ltr'><strong>adductus</strong></span> <span class='ocrx_word' id='word_1_549' title='bbox 3476 3545 3582 3591; x_wconf 87' lang='lat' dir='ltr'><strong>est.</strong></span> 
     </span>
    </p>
   </div>
   <div class='ocr_carea' id='block_1_79' title="bbox 2006 3625 3587 3699">
    <p class='ocr_par' dir='ltr' id='par_1_79' title="bbox 2006 3625 3587 3699">
     <span class='ocr_line' id='line_1_79' title="bbox 2006 3625 3587 3699; baseline -0.002 -17"><span class='ocrx_word' id='word_1_550' title='bbox 2006 3625 2108 3682; x_wconf 89' lang='lat' dir='ltr'><strong>Ubi</strong></span> <span class='ocrx_word' id='word_1_551' title='bbox 2160 3625 2491 3681; x_wconf 82' lang='lat' dir='ltr'><strong>fortissimus</strong></span> <span class='ocrx_word' id='word_1_552' title='bbox 2522 3627 2613 3681; x_wconf 92' lang='lat' dir='ltr'><strong>Dei</strong></span> <span class='ocrx_word' id='word_1_553' title='bbox 2666 3637 2951 3699; x_wconf 79' lang='lat' dir='ltr'><strong>pugnator,</strong></span> <span class='ocrx_word' id='word_1_554' title='bbox 2986 3641 3108 3681; x_wconf 91' lang='lat' dir='ltr'><strong>cum</strong></span> <span class='ocrx_word' id='word_1_555' title='bbox 3167 3627 3220 3681; x_wconf 91' lang='lat' dir='ltr'><strong>in</strong></span> <span class='ocrx_word' id='word_1_556' title='bbox 3257 3643 3454 3698; x_wconf 82' lang='lat' dir='ltr'><strong>magno</strong></span> <span class='ocrx_word' id='word_1_557' title='bbox 3491 3628 3587 3683; x_wconf 86' lang='lat' dir='ltr'><strong>illo</strong></span> 
     </span>
    </p>
   </div>
   <div class='ocr_carea' id='block_1_80' title="bbox 2002 3717 3582 3787">
    <p class='ocr_par' dir='ltr' id='par_1_80' title="bbox 2002 3717 3582 3787">
     <span class='ocr_line' id='line_1_80' title="bbox 2002 3717 3582 3787; baseline 0.001 -16"><span class='ocrx_word' id='word_1_558' title='bbox 2002 3732 2101 3787; x_wconf 92' lang='lat' dir='ltr'><strong>pro</strong></span> <span class='ocrx_word' id='word_1_559' title='bbox 2128 3717 2328 3786; x_wconf 88' lang='lat' dir='ltr'><strong>pietate</strong></span> <span class='ocrx_word' id='word_1_560' title='bbox 2360 3718 2665 3773; x_wconf 89' lang='lat' dir='ltr'><strong>certamine</strong></span> <span class='ocrx_word' id='word_1_561' title='bbox 2727 3729 2952 3773; x_wconf 90' lang='lat' dir='ltr'><strong>strenue</strong></span> <span class='ocrx_word' id='word_1_562' title='bbox 2999 3733 3059 3772; x_wconf 89' lang='lat' dir='ltr'><strong>se</strong></span> <span class='ocrx_word' id='word_1_563' title='bbox 3092 3719 3369 3787; x_wconf 86' lang='lat' dir='ltr'><strong>gessisset,</strong></span> <span class='ocrx_word' id='word_1_564' title='bbox 3401 3721 3582 3774; x_wconf 77' lang='lat' dir='ltr'><strong>securi</strong></span> 
     </span>
    </p>
   </div>
   <div class='ocr_carea' id='block_1_81' title="bbox 2002 3807 3586 3880">
    <p class='ocr_par' dir='ltr' id='par_1_81' title="bbox 2002 3807 3586 3880">
     <span class='ocr_line' id='line_1_81' title="bbox 2002 3807 3586 3880; baseline 0.003 -20"><span class='ocrx_word' id='word_1_565' title='bbox 2002 3820 2290 3876; x_wconf 88' lang='lat' dir='ltr'><strong>percussus</strong></span> <span class='ocrx_word' id='word_1_566' title='bbox 2335 3816 2438 3864; x_wconf 87' lang='lat' dir='ltr'><strong>est.</strong></span> <span class='ocrx_word' id='word_1_567' title='bbox 2488 3808 2644 3862; x_wconf 87' lang='lat' dir='ltr'><strong>Alius</strong></span> <span class='ocrx_word' id='word_1_568' title='bbox 2698 3808 2824 3863; x_wconf 87' lang='lat' dir='ltr'><strong>item</strong></span> <span class='ocrx_word' id='word_1_569' title='bbox 2890 3807 3152 3864; x_wconf 88' lang='lat' dir='ltr'><strong>oriundus</strong></span> <span class='ocrx_word' id='word_1_570' title='bbox 3199 3823 3263 3862; x_wconf 79' lang='lat' dir='ltr'><strong>ex</strong></span> <span class='ocrx_word' id='word_1_571' title='bbox 3301 3808 3490 3880; x_wconf 77' lang='lat' dir='ltr'><strong>Libya,</strong></span> <span class='ocrx_word' id='word_1_572' title='bbox 3529 3818 3586 3864; x_wconf 85' lang='lat' dir='ltr'><strong>et</strong></span> 
     </span>
    </p>
   </div>
   <div class='ocr_carea' id='block_1_82' title="bbox 2000 3895 3581 3961">
    <p class='ocr_par' dir='ltr' id='par_1_82' title="bbox 2000 3895 3581 3961">
     <span class='ocr_line' id='line_1_82' title="bbox 2000 3895 3581 3961; baseline 0.003 -12"><span class='ocrx_word' id='word_1_573' title='bbox 2000 3895 2265 3950; x_wconf 88' lang='lat' dir='ltr'><strong>vocabulo</strong></span> <span class='ocrx_word' id='word_1_574' title='bbox 2289 3904 2343 3950; x_wconf 91' lang='lat' dir='ltr'><strong>et</strong></span> <span class='ocrx_word' id='word_1_575' title='bbox 2369 3896 2549 3951; x_wconf 82' lang='lat' dir='ltr'><strong>divina</strong></span> <span class='ocrx_word' id='word_1_576' title='bbox 2579 3896 2962 3951; x_wconf 89' lang='lat' dir='ltr'><strong>benedictione</strong></span> <span class='ocrx_word' id='word_1_577' title='bbox 3008 3909 3134 3952; x_wconf 81' lang='lat' dir='ltr'><strong>vere</strong></span> <span class='ocrx_word' id='word_1_578' title='bbox 3163 3897 3369 3961; x_wconf 85' lang='lat' dir='ltr'><strong>Macar,</strong></span> <span class='ocrx_word' id='word_1_579' title='bbox 3406 3913 3526 3953; x_wconf 87' lang='lat' dir='ltr'><strong>cum</strong></span> <span class='ocrx_word' id='word_1_580' title='bbox 3550 3914 3581 3953; x_wconf 88' lang='lat' dir='ltr'><strong>a</strong></span> 
     </span>
    </p>
   </div>
   <div class='ocr_carea' id='block_1_83' title="bbox 1992 3977 3585 4056">
    <p class='ocr_par' dir='ltr' id='par_1_83' title="bbox 1992 3977 3585 4056">
     <span class='ocr_line' id='line_1_83' title="bbox 1992 3977 3585 4056; baseline 0.004 -14"><span class='ocrx_word' id='word_1_581' title='bbox 1992 3977 2175 4056; x_wconf 83' lang='lat' dir='ltr'><strong>judice</strong></span> <span class='ocrx_word' id='word_1_582' title='bbox 2202 3987 2457 4043; x_wconf 91' lang='lat' dir='ltr'><strong>omnibus</strong></span> <span class='ocrx_word' id='word_1_583' title='bbox 2510 3988 2687 4043; x_wconf 87' lang='lat' dir='ltr'><strong>modis</strong></span> <span class='ocrx_word' id='word_1_584' title='bbox 2713 3987 3036 4043; x_wconf 83' lang='lat' dir='ltr'><strong>sollicitatus</strong></span> <span class='ocrx_word' id='word_1_585' title='bbox 3067 3997 3126 4043; x_wconf 92' lang='lat' dir='ltr'><strong>ut</strong></span> <span class='ocrx_word' id='word_1_586' title='bbox 3179 3987 3455 4044; x_wconf 79' lang='lat' dir='ltr'><strong>Christum</strong></span> <span class='ocrx_word' id='word_1_587' title='bbox 3487 4006 3585 4049; x_wconf 84' lang='lat' dir='ltr'><strong>ne-</strong></span> 
     </span>
    </p>
   </div>
   <div class='ocr_carea' id='block_1_84' title="bbox 1999 4080 3580 4153">
    <p class='ocr_par' dir='ltr' id='par_1_84' title="bbox 1999 4080 3580 4153">
     <span class='ocr_line' id='line_1_84' title="bbox 1999 4080 3580 4153; baseline 0.001 -17"><span class='ocrx_word' id='word_1_588' title='bbox 1999 4090 2171 4153; x_wconf 87' lang='lat' dir='ltr'><strong>garet,</strong></span> <span class='ocrx_word' id='word_1_589' title='bbox 2204 4080 2347 4135; x_wconf 82' lang='lat' dir='ltr'><strong>ﬂecti</strong></span> <span class='ocrx_word' id='word_1_590' title='bbox 2376 4094 2651 4148; x_wconf 85' lang='lat' dir='ltr'><strong>nunquam</strong></span> <span class='ocrx_word' id='word_1_591' title='bbox 2693 4081 2981 4150; x_wconf 86' lang='lat' dir='ltr'><strong>potuisset,</strong></span> <span class='ocrx_word' id='word_1_592' title='bbox 3029 4080 3184 4135; x_wconf 85' lang='lat' dir='ltr'><strong>vivus</strong></span> <span class='ocrx_word' id='word_1_593' title='bbox 3215 4080 3580 4138; x_wconf 88' lang='lat' dir='ltr'><strong>comburitur.</strong></span> 
     </span>
    </p>
   </div>
   <div class='ocr_carea' id='block_1_85' title="bbox 311 3984 1898 4059">
    <p class='ocr_par' dir='ltr' id='par_1_85' title="bbox 311 3984 1898 4059">
     <span class='ocr_line' id='line_1_85' title="bbox 311 3984 1898 4059; baseline 0.002 -21"><span class='ocrx_word' id='word_1_594' title='bbox 311 3987 519 4048; x_wconf 82' lang='grc' dir='ltr'>ἐκεῖνος</span> <span class='ocrx_word' id='word_1_595' title='bbox 548 3986 778 4049; x_wconf 82' lang='grc' dir='ltr'>κελεύοι,</span> <span class='ocrx_word' id='word_1_596' title='bbox 805 3984 1111 4054; x_wconf 79' lang='grc' dir='ltr'>φθέγξαιτο,</span> <span class='ocrx_word' id='word_1_597' title='bbox 1148 3986 1496 4057; x_wconf 77' lang='grc' dir='ltr'>ἀληθεύσασα</span> <span class='ocrx_word' id='word_1_598' title='bbox 1530 3988 1628 4059; x_wconf 76' lang='grc' dir='ltr'><strong>τὴν</strong></span> <span class='ocrx_word' id='word_1_599' title='bbox 1662 3988 1898 4057; x_wconf 75' lang='grc' dir='ltr'>ἐπαγγε-</span> 
     </span>
    </p>
   </div>
   <div class='ocr_carea' id='block_1_86' title="bbox 310 4077 1892 4152">
    <p class='ocr_par' dir='ltr' id='par_1_86' title="bbox 310 4077 1892 4152">
     <span class='ocr_line' id='line_1_86' title="bbox 310 4077 1892 4152; baseline 0.001 -21"><span class='ocrx_word' id='word_1_600' title='bbox 310 4078 454 4141; x_wconf 85' lang='grc' dir='ltr'>λίαν,</span> <span class='ocrx_word' id='word_1_601' title='bbox 514 4077 774 4148; x_wconf 74' lang='grc' dir='ltr'>ἀπήχθηο</span> <span class='ocrx_word' id='word_1_602' title='bbox 822 4078 879 4131; x_wconf 82' lang='grc' dir='ltr'>αἱ</span> <span class='ocrx_word' id='word_1_603' title='bbox 928 4078 984 4130; x_wconf 84' lang='grc' dir='ltr'>δὲ</span> <span class='ocrx_word' id='word_1_604' title='bbox 1029 4077 1233 4143; x_wconf 73' lang='grc' dir='ltr'>λοιπαὶ,</span> <span class='ocrx_word' id='word_1_605' title='bbox 1280 4081 1312 4150; x_wconf 85' lang='grc' dir='ltr'><strong>ή</strong></span> <span class='ocrx_word' id='word_1_606' title='bbox 1372 4079 1892 4152; x_wconf 83' lang='grc' dir='ltr'>σεμνοπρεπεστάτη</span> 
     </span>
    </p>
   </div>
   <div class='ocr_carea' id='block_1_87' title="bbox 310 4168 1900 4245">
    <p class='ocr_par' dir='ltr' id='par_1_87' title="bbox 310 4168 1895 4245">
     <span class='ocr_line' id='line_1_87' title="bbox 310 4168 1895 4245; baseline 0.003 -24"><span class='ocrx_word' id='word_1_607' title='bbox 310 4168 611 4240; x_wconf 67' lang='grc' dir='ltr'>πρεσϐῦτις</span> <span class='ocrx_word' id='word_1_608' title='bbox 638 4169 972 4242; x_wconf 85' lang='grc' dir='ltr'>Μερκουρία,</span> <span class='ocrx_word' id='word_1_609' title='bbox 1000 4172 1146 4243; x_wconf 77' lang='grc' dir='ltr'>καὶὴ</span> <span class='ocrx_word' id='word_1_610' title='bbox 1172 4171 1441 4235; x_wconf 84' lang='grc' dir='ltr'>πολύπαις</span> <span class='ocrx_word' id='word_1_611' title='bbox 1472 4172 1591 4243; x_wconf 84' lang='grc' dir='ltr'>μὲν,</span> <span class='ocrx_word' id='word_1_612' title='bbox 1623 4173 1720 4243; x_wconf 82' lang='grc' dir='ltr'>οὐχ</span> <span class='ocrx_word' id='word_1_613' title='bbox 1754 4173 1895 4245; x_wconf 82' lang='grc' dir='ltr'>ὑπὲρ</span> 
     </span>
    </p>
   </div>
   <div class='ocr_carea' id='block_1_88' title="bbox 2004 4168 3581 4245">
    <p class='ocr_par' dir='ltr' id='par_1_88' title="bbox 2004 4171 3581 4242">
     <span class='ocr_line' id='line_1_88' title="bbox 2004 4171 3581 4242; baseline 0.001 -15"><span class='ocrx_word' id='word_1_614' title='bbox 2004 4172 2127 4227; x_wconf 86' lang='lat' dir='ltr'><strong>Post</strong></span> <span class='ocrx_word' id='word_1_615' title='bbox 2155 4173 2252 4227; x_wconf 92' lang='lat' dir='ltr'><strong>hos</strong></span> <span class='ocrx_word' id='word_1_616' title='bbox 2278 4171 2603 4242; x_wconf 83' lang='lat' dir='ltr'><strong>Epimachus</strong></span> <span class='ocrx_word' id='word_1_617' title='bbox 2628 4171 3031 4238; x_wconf 83' lang='lat' dir='ltr'><strong>etAlcxandcr,</strong></span> <span class='ocrx_word' id='word_1_618' title='bbox 3061 4189 3183 4228; x_wconf 93' lang='lat' dir='ltr'><strong>cum</strong></span> <span class='ocrx_word' id='word_1_619' title='bbox 3219 4183 3338 4242; x_wconf 91' lang='lat' dir='ltr'><strong>post</strong></span> <span class='ocrx_word' id='word_1_620' title='bbox 3365 4174 3581 4230; x_wconf 87' lang='lat' dir='ltr'><strong>diutur-</strong></span> 
     </span>
    </p>
   </div>
   <div class='ocr_carea' id='block_1_89' title="bbox 308 4257 1900 4333">
    <p class='ocr_par' dir='ltr' id='par_1_89' title="bbox 308 4257 1892 4333">
     <span class='ocr_line' id='line_1_89' title="bbox 308 4257 1892 4333; baseline 0.005 -23"><span class='ocrx_word' id='word_1_621' title='bbox 308 4258 403 4311; x_wconf 79' lang='grc' dir='ltr'><strong>τὸν</strong></span> <span class='ocrx_word' id='word_1_622' title='bbox 442 4257 645 4328; x_wconf 80' lang='grc' dir='ltr'>Κύριον</span> <span class='ocrx_word' id='word_1_623' title='bbox 675 4259 732 4313; x_wconf 80' lang='grc' dir='ltr'><strong>δὲ</strong></span> <span class='ocrx_word' id='word_1_624' title='bbox 776 4262 1110 4333; x_wconf 88' lang='grc' dir='ltr'>ἀγαπήσασα</span> <span class='ocrx_word' id='word_1_625' title='bbox 1155 4263 1357 4333; x_wconf 76' lang='grc' dir='ltr'>ἑαυτῆς</span> <span class='ocrx_word' id='word_1_626' title='bbox 1395 4262 1466 4316; x_wconf 89' lang='grc' dir='ltr'><strong>τά</strong></span> <span class='ocrx_word' id='word_1_627' title='bbox 1498 4262 1662 4316; x_wconf 86' lang='grc' dir='ltr'>τέκνα</span> <span class='ocrx_word' id='word_1_628' title='bbox 1704 4266 1892 4318; x_wconf 81' lang='grc' dir='ltr'>Διονυ-</span> 
     </span>
    </p>
   </div>
   <div class='ocr_carea' id='block_1_90' title="bbox 2004 4257 3579 4333">
    <p class='ocr_par' dir='ltr' id='par_1_90' title="bbox 2004 4262 3579 4333">
     <span class='ocr_line' id='line_1_90' title="bbox 2004 4262 3579 4333; baseline 0.002 -15"><span class='ocrx_word' id='word_1_629' title='bbox 2004 4280 2128 4318; x_wconf 91' lang='lat' dir='ltr'><strong>num</strong></span> <span class='ocrx_word' id='word_1_630' title='bbox 2187 4263 2424 4319; x_wconf 90' lang='lat' dir='ltr'><strong>carceris</strong></span> <span class='ocrx_word' id='word_1_631' title='bbox 2483 4262 2767 4318; x_wconf 87' lang='lat' dir='ltr'><strong>horrorem</strong></span> <span class='ocrx_word' id='word_1_632' title='bbox 2819 4266 2870 4317; x_wconf 93' lang='lat' dir='ltr'><strong>in</strong></span> <span class='ocrx_word' id='word_1_633' title='bbox 2920 4279 3029 4333; x_wconf 85' lang='lat' dir='ltr'><strong>quo</strong></span> <span class='ocrx_word' id='word_1_634' title='bbox 3059 4264 3222 4319; x_wconf 80' lang='lat' dir='ltr'><strong>vincti</strong></span> <span class='ocrx_word' id='word_1_635' title='bbox 3258 4279 3579 4332; x_wconf 87' lang='lat' dir='ltr'><strong>permanse-</strong></span> 
     </span>
    </p>
   </div>
   <div class='ocr_carea' id='block_1_91' title="bbox 311 4350 1900 4428">
    <p class='ocr_par' dir='ltr' id='par_1_91' title="bbox 311 4350 1891 4427">
     <span class='ocr_line' id='line_1_91' title="bbox 311 4350 1891 4427; baseline 0.005 -26"><span class='ocrx_word' id='word_1_636' title='bbox 311 4350 404 4402; x_wconf 81' lang='grc' dir='ltr'><strong>σία</strong></span> <span class='ocrx_word' id='word_1_637' title='bbox 429 4350 565 4421; x_wconf 72' lang='lat'><strong>(20),</strong></span> <span class='ocrx_word' id='word_1_638' title='bbox 590 4352 683 4405; x_wconf 75' lang='grc' dir='ltr'><strong>καὶ</strong></span> <span class='ocrx_word' id='word_1_639' title='bbox 725 4353 1103 4427; x_wconf 85' lang='grc' dir='ltr'>Ἀμμωνάριον</span> <span class='ocrx_word' id='word_1_640' title='bbox 1132 4354 1315 4426; x_wconf 79' lang='grc' dir='ltr'>ἑτέρα,</span> <span class='ocrx_word' id='word_1_641' title='bbox 1341 4355 1783 4419; x_wconf 62' lang='grc' dir='ltr'>καταιδεσθέντπ</span> <span class='ocrx_word' id='word_1_642' title='bbox 1810 4358 1891 4419; x_wconf 85' lang='grc' dir='ltr'><strong>είς</strong></span> 
     </span>
    </p>
   </div>
   <div class='ocr_carea' id='block_1_92' title="bbox 2004 4350 3579 4428">
    <p class='ocr_par' dir='ltr' id='par_1_92' title="bbox 2004 4352 3579 4428">
     <span class='ocr_line' id='line_1_92' title="bbox 2004 4352 3579 4428; baseline 0.003 -19"><span class='ocrx_word' id='word_1_643' title='bbox 2004 4364 2144 4420; x_wconf 89' lang='lat' dir='ltr'><strong>rant,</strong></span> <span class='ocrx_word' id='word_1_644' title='bbox 2197 4352 2405 4409; x_wconf 80' lang='lat' dir='ltr'><strong>ferreos</strong></span> <span class='ocrx_word' id='word_1_645' title='bbox 2456 4369 2686 4424; x_wconf 90' lang='lat' dir='ltr'><strong>ungues,</strong></span> <span class='ocrx_word' id='word_1_646' title='bbox 2720 4353 2884 4424; x_wconf 84' lang='lat' dir='ltr'><strong>llagra</strong></span> <span class='ocrx_word' id='word_1_647' title='bbox 2929 4369 2992 4409; x_wconf 88' lang='lat' dir='ltr'><strong>ac</strong></span> <span class='ocrx_word' id='word_1_648' title='bbox 3028 4354 3174 4411; x_wconf 92' lang='lat' dir='ltr'><strong>mille</strong></span> <span class='ocrx_word' id='word_1_649' title='bbox 3207 4356 3452 4413; x_wconf 89' lang='lat' dir='ltr'><strong>dolorum</strong></span> <span class='ocrx_word' id='word_1_650' title='bbox 3481 4373 3579 4428; x_wconf 86' lang='lat' dir='ltr'><strong>ge-</strong></span> 
     </span>
    </p>
   </div>
   <div class='ocr_carea' id='block_1_93' title="bbox 310 4443 1900 4518">
    <p class='ocr_par' dir='ltr' id='par_1_93' title="bbox 310 4443 1890 4518">
     <span class='ocr_line' id='line_1_93' title="bbox 310 4443 1890 4518; baseline 0.003 -23"><span class='ocrx_word' id='word_1_651' title='bbox 310 4443 571 4515; x_wconf 76' lang='grc' dir='ltr'>ἀνήνυτον</span> <span class='ocrx_word' id='word_1_652' title='bbox 604 4443 683 4497; x_wconf 81' lang='grc' dir='ltr'>ἔτι</span> <span class='ocrx_word' id='word_1_653' title='bbox 711 4444 1020 4515; x_wconf 82' lang='grc' dir='ltr'>βασανίζειν</span> <span class='ocrx_word' id='word_1_654' title='bbox 1048 4447 1141 4500; x_wconf 72' lang='grc' dir='ltr'><strong>καὶ</strong></span> <span class='ocrx_word' id='word_1_655' title='bbox 1174 4446 1280 4500; x_wconf 80' lang='grc' dir='ltr'><strong>ὑπὸ</strong></span> <span class='ocrx_word' id='word_1_656' title='bbox 1305 4447 1578 4516; x_wconf 87' lang='grc' dir='ltr'>γυναικῶν</span> <span class='ocrx_word' id='word_1_657' title='bbox 1603 4448 1890 4518; x_wconf 76' lang='grc' dir='ltr'>ἡττᾶσθαι,</span> 
     </span>
    </p>
   </div>
   <div class='ocr_carea' id='block_1_94' title="bbox 2004 4443 3581 4518">
    <p class='ocr_par' dir='ltr' id='par_1_94' title="bbox 2004 4446 3581 4518">
     <span class='ocr_line' id='line_1_94' title="bbox 2004 4446 3581 4518; baseline 0.004 -19"><span class='ocrx_word' id='word_1_658' title='bbox 2004 4461 2131 4501; x_wconf 88' lang='lat' dir='ltr'><strong>nera</strong></span> <span class='ocrx_word' id='word_1_659' title='bbox 2182 4446 2552 4518; x_wconf 89' lang='lat' dir='ltr'><strong>pertulissent,</strong></span> <span class='ocrx_word' id='word_1_660' title='bbox 2589 4446 2724 4501; x_wconf 76' lang='lat' dir='ltr'><strong>viva:</strong></span> <span class='ocrx_word' id='word_1_661' title='bbox 2762 4446 2928 4502; x_wconf 88' lang='lat' dir='ltr'><strong>calcis</strong></span> <span class='ocrx_word' id='word_1_662' title='bbox 2989 4447 3241 4504; x_wconf 89' lang='lat' dir='ltr'><strong>incendio</strong></span> <span class='ocrx_word' id='word_1_663' title='bbox 3278 4450 3441 4504; x_wconf 89' lang='lat' dir='ltr'><strong>etiam</strong></span> <span class='ocrx_word' id='word_1_664' title='bbox 3475 4451 3581 4518; x_wconf 86' lang='lat' dir='ltr'><strong>ipsi</strong></span> 
     </span>
    </p>
   </div>
   <div class='ocr_carea' id='block_1_95' title="bbox 308 4533 1886 4611">
    <p class='ocr_par' dir='ltr' id='par_1_95' title="bbox 308 4533 1886 4611">
     <span class='ocr_line' id='line_1_95' title="bbox 308 4533 1886 4611; baseline 0.003 -24"><span class='ocrx_word' id='word_1_665' title='bbox 308 4533 402 4587; x_wconf 74' lang='grc' dir='ltr'><strong>τοῦ</strong></span> <span class='ocrx_word' id='word_1_666' title='bbox 430 4535 715 4607; x_wconf 74' lang='grc' dir='ltr'>ἡγεμόνος,</span> <span class='ocrx_word' id='word_1_667' title='bbox 753 4538 954 4610; x_wconf 81' lang='grc' dir='ltr'>σιδήρῳ</span> <span class='ocrx_word' id='word_1_668' title='bbox 981 4537 1217 4601; x_wconf 78' lang='grc' dir='ltr'>τεθνᾶσι,</span> <span class='ocrx_word' id='word_1_669' title='bbox 1250 4538 1445 4611; x_wconf 78' lang='grc' dir='ltr'>μηκέτι</span> <span class='ocrx_word' id='word_1_670' title='bbox 1484 4538 1729 4609; x_wconf 82' lang='grc' dir='ltr'>βασάνων</span> <span class='ocrx_word' id='word_1_671' title='bbox 1765 4542 1886 4592; x_wconf 82' lang='grc' dir='ltr'>πεῖ-</span> 
     </span>
    </p>
   </div>
   <div class='ocr_carea' id='block_1_96' title="bbox 378 4734 1885 4815">
    <p class='ocr_par' dir='ltr' id='par_1_96' title="bbox 378 4734 1885 4815">
     <span class='ocr_line' id='line_1_96' title="bbox 378 4734 1885 4815; baseline 0.005 -24"><span class='ocrx_word' id='word_1_672' title='bbox 378 4734 491 4807; x_wconf 71' lang='lat'><strong>(16)</strong></span> <span class='ocrx_word' id='word_1_673' title='bbox 530 4736 999 4808; x_wconf 77' lang='grc' dir='ltr'>Ἰσχυριζόμενοι.</span> <span class='ocrx_word' id='word_1_674' title='bbox 1032 4737 1270 4807; x_wconf 75' lang='lat' dir='ltr'><strong>Positum</strong></span> <span class='ocrx_word' id='word_1_675' title='bbox 1300 4748 1383 4794; x_wconf 86' lang='lat' dir='ltr'><strong>est</strong></span> <span class='ocrx_word' id='word_1_676' title='bbox 1420 4755 1517 4811; x_wconf 92' lang='lat' dir='ltr'><strong>pro</strong></span> <span class='ocrx_word' id='word_1_677' title='bbox 1545 4741 1885 4815; x_wconf 79' lang='grc' dir='ltr'>διισχυριζό-</span> 
     </span>
    </p>
   </div>
   <div class='ocr_carea' id='block_1_97' title="bbox 310 4824 483 4877">
    <p class='ocr_par' dir='ltr' id='par_1_97' title="bbox 310 4824 483 4877">
     <span class='ocr_line' id='line_1_97' title="bbox 310 4824 483 4877; baseline -0.006 -16"><span class='ocrx_word' id='word_1_678' title='bbox 310 4824 483 4877; x_wconf 81' lang='grc' dir='ltr'>μενοι.</span> 
     </span>
    </p>
   </div>
   <div class='ocr_carea' id='block_1_98' title="bbox 380 4876 1887 4950">
    <p class='ocr_par' dir='ltr' id='par_1_98' title="bbox 380 4876 1887 4950">
     <span class='ocr_line' id='line_1_98' title="bbox 380 4876 1887 4950; baseline 0.007 -22"><span class='ocrx_word' id='word_1_679' title='bbox 380 4878 493 4950; x_wconf 72' lang='lat' dir='ltr'><strong>(l7)</strong></span> <span class='ocrx_word' id='word_1_680' title='bbox 537 4876 828 4946; x_wconf 77' lang='grc' dir='ltr'>Ἀσϐέστῳ</span> <span class='ocrx_word' id='word_1_681' title='bbox 853 4882 1017 4950; x_wconf 81' lang='grc' dir='ltr'>πυρί.</span> <span class='ocrx_word' id='word_1_682' title='bbox 1054 4885 1237 4940; x_wconf 81' lang='lat' dir='ltr'><strong>Potest</strong></span> <span class='ocrx_word' id='word_1_683' title='bbox 1266 4884 1430 4940; x_wconf 84' lang='lat' dir='ltr'><strong>etiam</strong></span> <span class='ocrx_word' id='word_1_684' title='bbox 1456 4885 1592 4939; x_wconf 82' lang='lat' dir='ltr'><strong>verti</strong></span> <span class='ocrx_word' id='word_1_685' title='bbox 1624 4884 1752 4939; x_wconf 65' lang='lat' dir='ltr'><strong>vivae</strong></span> <span class='ocrx_word' id='word_1_686' title='bbox 1775 4885 1887 4939; x_wconf 82' lang='lat' dir='ltr'><strong>cnt-</strong></span> 
     </span>
    </p>
   </div>
   <div class='ocr_carea' id='block_1_99' title="bbox 306 4948 1884 5022">
    <p class='ocr_par' dir='ltr' id='par_1_99' title="bbox 306 4948 1884 5022">
     <span class='ocr_line' id='line_1_99' title="bbox 306 4948 1884 5022; baseline 0.008 -24"><span class='ocrx_word' id='word_1_687' title='bbox 306 4950 380 5022; x_wconf 68' lang='lat' dir='ltr'><strong>eis</strong></span> <span class='ocrx_word' id='word_1_688' title='bbox 403 4948 666 5022; x_wconf 57' lang='lat' dir='ltr'><strong>incendio.</strong></span> <span class='ocrx_word' id='word_1_689' title='bbox 703 4952 802 5022; x_wconf 56' lang='grc' dir='ltr'>,δίο</span> <span class='ocrx_word' id='word_1_690' title='bbox 841 4948 981 5005; x_wconf 72' lang='lat' dir='ltr'><strong>intra</strong></span> <span class='ocrx_word' id='word_1_691' title='bbox 1014 4955 1081 5009; x_wconf 86' lang='lat' dir='ltr'><strong>de</strong></span> <span class='ocrx_word' id='word_1_692' title='bbox 1130 4955 1429 5022; x_wconf 81' lang='lat' dir='ltr'><strong>Epimacho</strong></span> <span class='ocrx_word' id='word_1_693' title='bbox 1472 4965 1523 5008; x_wconf 87' lang='lat' dir='ltr'><strong>et</strong></span> <span class='ocrx_word' id='word_1_694' title='bbox 1571 4954 1884 5011; x_wconf 79' lang='lat' dir='ltr'><strong>Alexandro</strong></span> 
     </span>
    </p>
   </div>
   <div class='ocr_carea' id='block_1_100' title="bbox 305 5017 1882 5097">
    <p class='ocr_par' dir='ltr' id='par_1_100' title="bbox 305 5017 1882 5097">
     <span class='ocr_line' id='line_1_100' title="bbox 305 5017 1882 5097; baseline 0.006 -30"><span class='ocrx_word' id='word_1_695' title='bbox 305 5018 462 5097; x_wconf 41' lang='lat' dir='ltr'><strong>digit,</strong></span> <span class='ocrx_word' id='word_1_696' title='bbox 485 5017 617 5097; x_wconf 55' lang='lat' dir='ltr'><strong>map}.</strong></span> <span class='ocrx_word' id='word_1_697' title='bbox 640 5017 892 5097; x_wconf 50' lang='grc' dir='ltr'>ἀσϐέστιιέ</span> <span class='ocrx_word' id='word_1_698' title='bbox 907 5017 1251 5097; x_wconf 79' lang='grc' dir='ltr'>διεχύθησαν.</span> <span class='ocrx_word' id='word_1_699' title='bbox 1282 5024 1517 5097; x_wconf 49' lang='lat' dir='ltr'><strong>Proqtro</strong></span> <span class='ocrx_word' id='word_1_700' title='bbox 1544 5024 1882 5097; x_wconf 77' lang='lat' dir='ltr'><strong>Nicephorus</strong></span> 
     </span>
    </p>
   </div>
   <div class='ocr_carea' id='block_1_101' title="bbox 307 5085 1878 5158">
    <p class='ocr_par' dir='ltr' id='par_1_101' title="bbox 307 5085 1878 5158">
     <span class='ocr_line' id='line_1_101' title="bbox 307 5085 1878 5158; baseline 0.008 -19"><span class='ocrx_word' id='word_1_701' title='bbox 307 5085 471 5139; x_wconf 81' lang='lat' dir='ltr'><strong>habet</strong></span> <span class='ocrx_word' id='word_1_702' title='bbox 494 5086 713 5158; x_wconf 75' lang='grc' dir='ltr'>τιτάνῳ.</span> <span class='ocrx_word' id='word_1_703' title='bbox 748 5091 804 5144; x_wconf 87' lang='lat' dir='ltr'><strong>In</strong></span> <span class='ocrx_word' id='word_1_704' title='bbox 839 5085 1043 5147; x_wconf 45' lang='lat' dir='ltr'><strong>.l&#39;lemc‘o</strong></span> <span class='ocrx_word' id='word_1_705' title='bbox 1073 5085 1138 5148; x_wconf 73' lang='lat' dir='ltr'><strong>ad</strong></span> <span class='ocrx_word' id='word_1_706' title='bbox 1170 5098 1311 5149; x_wconf 84' lang='lat' dir='ltr'><strong>diem</strong></span> <span class='ocrx_word' id='word_1_707' title='bbox 1348 5085 1735 5157; x_wconf 40' lang='lat' dir='ltr'><strong>50&#39;0rtohri‘s,</strong></span> <span class='ocrx_word' id='word_1_708' title='bbox 1787 5098 1878 5151; x_wconf 83' lang='lat' dir='ltr'><strong>ubi</strong></span> 
     </span>
    </p>
   </div>
   <div class='ocr_carea' id='block_1_102' title="bbox 306 5158 1880 5233">
    <p class='ocr_par' dir='ltr' id='par_1_102' title="bbox 306 5158 1880 5233">
     <span class='ocr_line' id='line_1_102' title="bbox 306 5158 1880 5233; baseline 0.008 -26"><span class='ocrx_word' id='word_1_709' title='bbox 306 5158 599 5233; x_wconf 68' lang='lat' dir='ltr'><strong>meritiqiit</strong></span> <span class='ocrx_word' id='word_1_710' title='bbox 654 5159 843 5233; x_wconf 83' lang='lat' dir='ltr'><strong>horum</strong></span> <span class='ocrx_word' id='word_1_711' title='bbox 892 5173 1190 5233; x_wconf 77' lang='lat' dir='ltr'><strong>martyrum</strong></span> <span class='ocrx_word' id='word_1_712' title='bbox 1222 5165 1445 5225; x_wconf 86' lang='lat' dir='ltr'><strong>Juliaui,</strong></span> <span class='ocrx_word' id='word_1_713' title='bbox 1492 5165 1780 5219; x_wconf 85' lang='lat' dir='ltr'><strong>Cronionis</strong></span> <span class='ocrx_word' id='word_1_714' title='bbox 1826 5176 1880 5221; x_wconf 89' lang='lat' dir='ltr'><strong>et</strong></span> 
     </span>
    </p>
   </div>
   <div class='ocr_carea' id='block_1_103' title="bbox 305 5224 1879 5346">
    <p class='ocr_par' dir='ltr' id='par_1_103' title="bbox 305 5224 1879 5346">
     <span class='ocr_line' id='line_1_103' title="bbox 305 5224 1879 5346; baseline 0.008 -69"><span class='ocrx_word' id='word_1_715' title='bbox 305 5224 550 5346; x_wconf 42' lang='grc' dir='ltr'><strong>ἔξωροι-ἥ,</strong></span> <span class='ocrx_word' id='word_1_716' title='bbox 586 5226 782 5297; x_wconf 80' lang='lat' dir='ltr'><strong>legitur</strong></span> <span class='ocrx_word' id='word_1_717' title='bbox 809 5224 1074 5286; x_wconf 64' lang='grc' dir='ltr'>ἀσϐέστου</span> <span class='ocrx_word' id='word_1_718' title='bbox 1109 5233 1323 5299; x_wconf 75' lang='grc' dir='ltr'>ζέοντος</span> <span class='ocrx_word' id='word_1_719' title='bbox 1362 5224 1480 5287; x_wconf 79' lang='grc' dir='ltr'>κατ’</span> <span class='ocrx_word' id='word_1_720' title='bbox 1507 5235 1686 5288; x_wconf 79' lang='grc' dir='ltr'>αὐτῶν</span> <span class='ocrx_word' id='word_1_721' title='bbox 1715 5238 1879 5307; x_wconf 75' lang='grc' dir='ltr'>ἐκχυ-</span> 
     </span>
     <span class='ocr_line' id='line_1_104' title="bbox 340 5314 510 5346; baseline 0 0"><span class='ocrx_word' id='word_1_722' title='bbox 340 5314 510 5346; x_wconf 73' lang='grc' dir='ltr'><strong>-ντο;.</strong></span> 
     </span>
    </p>
   </div>
   <div class='ocr_carea' id='block_1_104' title="bbox 340 5314 510 5360">
    <p class='ocr_par' dir='ltr' id='par_1_104' title="bbox 340 5314 510 5360">
     <span class='ocr_line' id='line_1_105' title="bbox 340 5314 510 5360; baseline 0.012 -13"><span class='ocrx_word' id='word_1_723' title='bbox 340 5314 510 5360; x_wconf 85' lang='grc' dir='ltr'>εντος.</span> 
     </span>
    </p>
   </div>
   <div class='ocr_carea' id='block_1_105' title="bbox 356 5366 1876 5445">
    <p class='ocr_par' dir='ltr' id='par_1_105' title="bbox 356 5366 1876 5445">
     <span class='ocr_line' id='line_1_106' title="bbox 356 5366 1876 5445; baseline 0.006 -24"><span class='ocrx_word' id='word_1_724' title='bbox 356 5366 488 5445; x_wconf 25' lang='grc'><strong>,(18)</strong></span> <span class='ocrx_word' id='word_1_725' title='bbox 515 5368 627 5445; x_wconf 29' lang='grc' dir='ltr'><strong>’Καὶ</strong></span> <span class='ocrx_word' id='word_1_726' title='bbox 666 5368 781 5445; x_wconf 76' lang='grc' dir='ltr'><strong>τὴν</strong></span> <span class='ocrx_word' id='word_1_727' title='bbox 815 5373 1100 5443; x_wconf 74' lang='grc' dir='ltr'>εὐλογίαν</span> <span class='ocrx_word' id='word_1_728' title='bbox 1146 5375 1382 5445; x_wconf 63' lang='grc' dir='ltr'>ἀληθὴς</span> <span class='ocrx_word' id='word_1_729' title='bbox 1418 5375 1648 5444; x_wconf 74' lang='grc' dir='ltr'>Μάκαρ.</span> <span class='ocrx_word' id='word_1_730' title='bbox 1673 5376 1876 5435; x_wconf 78' lang='lat' dir='ltr'><strong>Alludit</strong></span> 
     </span>
    </p>
   </div>
   <div class='ocr_carea' id='block_1_106' title="bbox 306 5435 1873 5517">
    <p class='ocr_par' dir='ltr' id='par_1_106' title="bbox 306 5435 1873 5517">
     <span class='ocr_line' id='line_1_107' title="bbox 306 5435 1873 5517; baseline 0.006 -29"><span class='ocrx_word' id='word_1_731' title='bbox 306 5435 595 5517; x_wconf 80' lang='lat' dir='ltr'><strong>Dionysius</strong></span> <span class='ocrx_word' id='word_1_732' title='bbox 624 5444 690 5495; x_wconf 86' lang='lat' dir='ltr'><strong>ad</strong></span> <span class='ocrx_word' id='word_1_733' title='bbox 726 5435 889 5499; x_wconf 70' lang='lat' dir='ltr'><strong>verba</strong></span> <span class='ocrx_word' id='word_1_734' title='bbox 924 5435 1009 5498; x_wconf 81' lang='lat' dir='ltr'><strong>illa</strong></span> <span class='ocrx_word' id='word_1_735' title='bbox 1036 5435 1683 5517; x_wconf 47' lang='lat' dir='ltr'><strong>Christi‘in&quot;Evangelio,</strong></span> <span class='ocrx_word' id='word_1_736' title='bbox 1719 5445 1873 5500; x_wconf 83' lang='lat' dir='ltr'><strong>Beati</strong></span> 
     </span>
    </p>
   </div>
   <div class='ocr_carea' id='block_1_107' title="bbox 302 5516 1866 5585">
    <p class='ocr_par' dir='ltr' id='par_1_107' title="bbox 302 5516 1866 5585">
     <span class='ocr_line' id='line_1_108' title="bbox 302 5516 1866 5585; baseline 0.01 -28"><span class='ocrx_word' id='word_1_737' title='bbox 302 5517 447 5572; x_wconf 70' lang='lat' dir='ltr'><strong>estis,</strong></span> <span class='ocrx_word' id='word_1_738' title='bbox 477 5524 591 5560; x_wconf 83' lang='lat' dir='ltr'><strong>cum</strong></span> <span class='ocrx_word' id='word_1_739' title='bbox 622 5517 879 5585; x_wconf 65' lang='lat' dir='ltr'><strong>persecuti</strong></span> <span class='ocrx_word' id='word_1_740' title='bbox 906 5532 992 5569; x_wconf 83' lang='lat' dir='ltr'><strong>vos</strong></span> <span class='ocrx_word' id='word_1_741' title='bbox 1022 5516 1219 5584; x_wconf 77' lang='lat' dir='ltr'><strong>fuerint</strong></span> <span class='ocrx_word' id='word_1_742' title='bbox 1261 5517 1518 5580; x_wconf 75' lang='lat' dir='ltr'><strong>hornines,</strong></span> <span class='ocrx_word' id='word_1_743' title='bbox 1549 5526 1682 5582; x_wconf 86' lang='lat' dir='ltr'><strong>etc.,</strong></span> <span class='ocrx_word' id='word_1_744' title='bbox 1721 5520 1866 5585; x_wconf 77' lang='lat' dir='ltr'><strong>Quod</strong></span> 
     </span>
    </p>
   </div>
   <div class='ocr_carea' id='block_1_108' title="bbox 304 5581 1866 5657">
    <p class='ocr_par' dir='ltr' id='par_1_108' title="bbox 304 5581 1866 5657">
     <span class='ocr_line' id='line_1_109' title="bbox 304 5581 1866 5657; baseline 0.012 -32"><span class='ocrx_word' id='word_1_745' title='bbox 304 5585 615 5657; x_wconf 59' lang='lat' dir='ltr'><strong>tamenmon</strong></span> <span class='ocrx_word' id='word_1_746' title='bbox 646 5581 775 5637; x_wconf 85' lang='lat' dir='ltr'><strong>vidit</strong></span> <span class='ocrx_word' id='word_1_747' title='bbox 799 5581 1342 5657; x_wconf 73' lang='lat' dir='ltr'><strong>Christophorsonus.</strong></span> <span class='ocrx_word' id='word_1_748' title='bbox 1375 5586 1475 5653; x_wconf 85' lang='lat' dir='ltr'><strong>Qui</strong></span> <span class='ocrx_word' id='word_1_749' title='bbox 1513 5581 1675 5657; x_wconf 86' lang='lat' dir='ltr'><strong>etiam</strong></span> <span class='ocrx_word' id='word_1_750' title='bbox 1707 5581 1758 5657; x_wconf 71' lang='lat' dir='ltr'><strong>in</strong></span> <span class='ocrx_word' id='word_1_751' title='bbox 1800 5602 1866 5642; x_wconf 85' lang='lat' dir='ltr'><strong>eo</strong></span> 
     </span>
    </p>
   </div>
   <div class='ocr_carea' id='block_1_109' title="bbox 304 5645 1863 5727">
    <p class='ocr_par' dir='ltr' id='par_1_109' title="bbox 304 5645 1863 5727">
     <span class='ocr_line' id='line_1_110' title="bbox 304 5645 1863 5727; baseline 0.008 -31"><span class='ocrx_word' id='word_1_752' title='bbox 304 5645 807 5727; x_wconf 72' lang='lat' dir='ltr'><strong>hallucinatus_esl,</strong></span> <span class='ocrx_word' id='word_1_753' title='bbox 834 5656 977 5722; x_wconf 90' lang='lat' dir='ltr'><strong>quod</strong></span> <span class='ocrx_word' id='word_1_754' title='bbox 1010 5645 1304 5709; x_wconf 64' lang='lat' dir='ltr'><strong>Siacarium</strong></span> <span class='ocrx_word' id='word_1_755' title='bbox 1333 5645 1474 5727; x_wconf 65' lang='lat' dir='ltr'><strong>hunc</strong></span> <span class='ocrx_word' id='word_1_756' title='bbox 1508 5656 1647 5727; x_wconf 63' lang='lat' dir='ltr'><strong>facit</strong></span> <span class='ocrx_word' id='word_1_757' title='bbox 1670 5655 1863 5727; x_wconf 82' lang='lat' dir='ltr'><strong>Afrum</strong></span> 
     </span>
    </p>
   </div>
   <div class='ocr_carea' id='block_1_110' title="bbox 302 5713 1865 5797">
    <p class='ocr_par' dir='ltr' id='par_1_110' title="bbox 302 5713 1865 5797">
     <span class='ocr_line' id='line_1_111' title="bbox 302 5713 1865 5797; baseline 0.009 -31"><span class='ocrx_word' id='word_1_758' title='bbox 302 5724 402 5781; x_wconf 87' lang='lat' dir='ltr'><strong>pro</strong></span> <span class='ocrx_word' id='word_1_759' title='bbox 424 5713 637 5787; x_wconf 81' lang='lat' dir='ltr'><strong>Libyco.</strong></span> <span class='ocrx_word' id='word_1_760' title='bbox 665 5713 952 5792; x_wconf 72' lang='lat' dir='ltr'><strong>Eleganter</strong></span> <span class='ocrx_word' id='word_1_761' title='bbox 978 5737 1158 5782; x_wconf 88' lang='lat' dir='ltr'><strong>autem</strong></span> <span class='ocrx_word' id='word_1_762' title='bbox 1194 5727 1417 5781; x_wconf 78' lang='lat' dir='ltr'><strong>Ruliuus</strong></span> <span class='ocrx_word' id='word_1_763' title='bbox 1447 5726 1588 5783; x_wconf 81' lang='lat' dir='ltr'><strong>hunc</strong></span> <span class='ocrx_word' id='word_1_764' title='bbox 1622 5724 1865 5797; x_wconf 79' lang='lat' dir='ltr'><strong>Dionysii</strong></span> 
     </span>
    </p>
   </div>
   <div class='ocr_carea' id='block_1_111' title="bbox 1999 4538 3579 4612">
    <p class='ocr_par' dir='ltr' id='par_1_111' title="bbox 1999 4538 3579 4612">
     <span class='ocr_line' id='line_1_112' title="bbox 1999 4538 3579 4612; baseline 0.001 -17"><span class='ocrx_word' id='word_1_765' title='bbox 1999 4538 2366 4610; x_wconf 87' lang='lat' dir='ltr'><strong>colliquel&#39;acti</strong></span> <span class='ocrx_word' id='word_1_766' title='bbox 2419 4541 2721 4608; x_wconf 87' lang='lat' dir='ltr'><strong>perierunt.</strong></span> <span class='ocrx_word' id='word_1_767' title='bbox 2752 4539 3013 4595; x_wconf 86' lang='lat' dir='ltr'><strong>Eumdem</strong></span> <span class='ocrx_word' id='word_1_768' title='bbox 3048 4555 3168 4596; x_wconf 91' lang='lat' dir='ltr'><strong>cum</strong></span> <span class='ocrx_word' id='word_1_769' title='bbox 3210 4542 3343 4612; x_wconf 89' lang='lat' dir='ltr'><strong>ipsis</strong></span> <span class='ocrx_word' id='word_1_770' title='bbox 3370 4542 3579 4598; x_wconf 80' lang='lat' dir='ltr'><strong>exitum</strong></span> 
     </span>
    </p>
   </div>
   <div class='ocr_carea' id='block_1_112' title="bbox 1998 4746 3577 4817">
    <p class='ocr_par' dir='ltr' id='par_1_112' title="bbox 1998 4746 3577 4817">
     <span class='ocr_line' id='line_1_113' title="bbox 1998 4746 3577 4817; baseline 0.002 -16"><span class='ocrx_word' id='word_1_771' title='bbox 1998 4750 2176 4804; x_wconf 90' lang='lat' dir='ltr'><strong>locum</strong></span> <span class='ocrx_word' id='word_1_772' title='bbox 2203 4749 2273 4803; x_wconf 85' lang='lat' dir='ltr'><strong>ita</strong></span> <span class='ocrx_word' id='word_1_773' title='bbox 2303 4750 2472 4803; x_wconf 76' lang='lat' dir='ltr'><strong>vertit</strong></span> <span class='ocrx_word' id='word_1_774' title='bbox 2504 4765 2519 4800; x_wconf 86' lang='lat'><strong>:</strong></span> <span class='ocrx_word' id='word_1_775' title='bbox 2548 4747 2698 4802; x_wconf 78' lang='lat' dir='ltr'><strong>Alius</strong></span> <span class='ocrx_word' id='word_1_776' title='bbox 2729 4747 2946 4817; x_wconf 82' lang='lat' dir='ltr'><strong>quidam</strong></span> <span class='ocrx_word' id='word_1_777' title='bbox 2977 4746 3055 4801; x_wconf 75' lang='lat' dir='ltr'><strong>vir</strong></span> <span class='ocrx_word' id='word_1_778' title='bbox 3075 4748 3303 4803; x_wconf 76' lang='lat' dir='ltr'><strong>nominis</strong></span> <span class='ocrx_word' id='word_1_779' title='bbox 3327 4751 3412 4802; x_wconf 73' lang='lat' dir='ltr'><strong>sui</strong></span> <span class='ocrx_word' id='word_1_780' title='bbox 3450 4749 3577 4804; x_wconf 82' lang='grc' dir='ltr'><strong>Μα-</strong></span> 
     </span>
    </p>
   </div>
   <div class='ocr_carea' id='block_1_113' title="bbox 1993 4818 3576 4889">
    <p class='ocr_par' dir='ltr' id='par_1_113' title="bbox 1993 4818 3576 4889">
     <span class='ocr_line' id='line_1_114' title="bbox 1993 4818 3576 4889; baseline 0.001 -16"><span class='ocrx_word' id='word_1_781' title='bbox 1993 4822 2193 4881; x_wconf 78' lang='lat' dir='ltr'><strong>carius,</strong></span> <span class='ocrx_word' id='word_1_782' title='bbox 2234 4831 2385 4887; x_wconf 79' lang='lat' dir='ltr'><strong>gente</strong></span> <span class='ocrx_word' id='word_1_783' title='bbox 2417 4818 2662 4889; x_wconf 78' lang='lat' dir='ltr'><strong>Libycus.</strong></span> <span class='ocrx_word' id='word_1_784' title='bbox 2719 4818 2809 4871; x_wconf 85' lang='lat' dir='ltr'><strong>Sic</strong></span> <span class='ocrx_word' id='word_1_785' title='bbox 2845 4818 2990 4889; x_wconf 79' lang='lat' dir='ltr'><strong>enim</strong></span> <span class='ocrx_word' id='word_1_786' title='bbox 3036 4818 3213 4889; x_wconf 74' lang='lat' dir='ltr'><strong>Latini</strong></span> <span class='ocrx_word' id='word_1_787' title='bbox 3259 4819 3576 4889; x_wconf 87' lang='lat' dir='ltr'><strong>loquuntur,</strong></span> 
     </span>
    </p>
   </div>
   <div class='ocr_carea' id='block_1_114' title="bbox 1991 4888 3574 5013">
    <p class='ocr_par' dir='ltr' id='par_1_114' title="bbox 1991 4888 3574 5013">
     <span class='ocr_line' id='line_1_115' title="bbox 1993 4888 3574 4960; baseline 0.002 -20"><span class='ocrx_word' id='word_1_788' title='bbox 1993 4901 2049 4943; x_wconf 86' lang='lat' dir='ltr'><strong>ut</strong></span> <span class='ocrx_word' id='word_1_789' title='bbox 2080 4890 2384 4944; x_wconf 87' lang='lat' dir='ltr'><strong>Trebellius</strong></span> <span class='ocrx_word' id='word_1_790' title='bbox 2420 4889 2591 4944; x_wconf 84' lang='lat' dir='ltr'><strong>Pollio</strong></span> <span class='ocrx_word' id='word_1_791' title='bbox 2639 4888 2692 4942; x_wconf 90' lang='lat' dir='ltr'><strong>in</strong></span> <span class='ocrx_word' id='word_1_792' title='bbox 2738 4888 2989 4953; x_wconf 78' lang='lat' dir='ltr'><strong>Aureoto,</strong></span> <span class='ocrx_word' id='word_1_793' title='bbox 3026 4898 3082 4943; x_wconf 89' lang='lat' dir='ltr'><strong>et</strong></span> <span class='ocrx_word' id='word_1_794' title='bbox 3128 4888 3477 4960; x_wconf 87' lang='lat' dir='ltr'><strong>Lampridius</strong></span> <span class='ocrx_word' id='word_1_795' title='bbox 3521 4891 3574 4945; x_wconf 87' lang='lat' dir='ltr'><strong>iu</strong></span> 
     </span>
     <span class='ocr_line' id='line_1_116' title="bbox 1991 4958 2297 5013; baseline -0.003 0"><span class='ocrx_word' id='word_1_796' title='bbox 1991 4958 2297 5013; x_wconf 79' lang='lat' dir='ltr'><strong>Commodo.</strong></span> 
     </span>
    </p>
   </div>
   <div class='ocr_carea' id='block_1_115' title="bbox 2036 4976 2297 5013">
    <p class='ocr_par' dir='ltr' id='par_1_115' title="bbox 2036 4976 2297 5013">
     <span class='ocr_line' id='line_1_117' title="bbox 2036 4976 2297 5013; baseline -0.004 0"><span class='ocrx_word' id='word_1_797' title='bbox 2036 4976 2297 5013; x_wconf 81' lang='lat' dir='ltr'><strong>ommoao.</strong></span> 
     </span>
    </p>
   </div>
   <div class='ocr_carea' id='block_1_116' title="bbox 2063 5026 3571 5098">
    <p class='ocr_par' dir='ltr' id='par_1_116' title="bbox 2063 5026 3571 5098">
     <span class='ocr_line' id='line_1_118' title="bbox 2063 5026 3571 5098; baseline 0.001 -17"><span class='ocrx_word' id='word_1_798' title='bbox 2063 5029 2175 5098; x_wconf 85' lang='lat' dir='ltr'><strong>(I9)</strong></span> <span class='ocrx_word' id='word_1_799' title='bbox 2206 5028 2368 5083; x_wconf 84' lang='grc' dir='ltr'>Μετὰ</span> <span class='ocrx_word' id='word_1_800' title='bbox 2406 5028 2626 5083; x_wconf 77' lang='grc' dir='ltr'><strong>πολύν.</strong></span> <span class='ocrx_word' id='word_1_801' title='bbox 2656 5026 2747 5082; x_wconf 88' lang='lat' dir='ltr'><strong>Sic</strong></span> <span class='ocrx_word' id='word_1_802' title='bbox 2775 5028 2826 5082; x_wconf 92' lang='lat' dir='ltr'><strong>in</strong></span> <span class='ocrx_word' id='word_1_803' title='bbox 2861 5028 3021 5084; x_wconf 83' lang='lat' dir='ltr'><strong>codd.</strong></span> <span class='ocrx_word' id='word_1_804' title='bbox 3063 5027 3320 5083; x_wconf 71' lang='lat' dir='ltr'><strong>Medicam</strong></span> <span class='ocrx_word' id='word_1_805' title='bbox 3340 5043 3404 5083; x_wconf 88' lang='lat' dir='ltr'><strong>ac</strong></span> <span class='ocrx_word' id='word_1_806' title='bbox 3431 5028 3571 5083; x_wconf 80' lang='lat' dir='ltr'><strong>Maz.</strong></span> 
     </span>
    </p>
   </div>
   <div class='ocr_carea' id='block_1_117' title="bbox 1985 5098 3577 5170">
    <p class='ocr_par' dir='ltr' id='par_1_117' title="bbox 1985 5098 3577 5170">
     <span class='ocr_line' id='line_1_119' title="bbox 1985 5098 3577 5170; baseline -0.003 -15"><span class='ocrx_word' id='word_1_807' title='bbox 1985 5099 2123 5155; x_wconf 82' lang='lat' dir='ltr'><strong>Fuk.</strong></span> <span class='ocrx_word' id='word_1_808' title='bbox 2155 5111 2209 5153; x_wconf 89' lang='lat' dir='ltr'><strong>et</strong></span> <span class='ocrx_word' id='word_1_809' title='bbox 2247 5100 2415 5170; x_wconf 81' lang='lat' dir='ltr'><strong>Savil.</strong></span> <span class='ocrx_word' id='word_1_810' title='bbox 2464 5109 2518 5152; x_wconf 90' lang='lat' dir='ltr'><strong>et</strong></span> <span class='ocrx_word' id='word_1_811' title='bbox 2564 5099 2705 5167; x_wconf 86' lang='lat' dir='ltr'><strong>apud</strong></span> <span class='ocrx_word' id='word_1_812' title='bbox 2735 5098 3027 5168; x_wconf 74' lang='lat' dir='ltr'><strong>Georgium</strong></span> <span class='ocrx_word' id='word_1_813' title='bbox 3077 5099 3387 5170; x_wconf 84' lang='lat' dir='ltr'><strong>Syncellum</strong></span> <span class='ocrx_word' id='word_1_814' title='bbox 3440 5099 3577 5168; x_wconf 76' lang='lat' dir='ltr'><strong>legi-</strong></span> 
     </span>
    </p>
   </div>
   <div class='ocr_carea' id='block_1_118' title="bbox 1989 5169 3575 5239">
    <p class='ocr_par' dir='ltr' id='par_1_118' title="bbox 1989 5169 3575 5239">
     <span class='ocr_line' id='line_1_120' title="bbox 1989 5169 3575 5239; baseline 0 -17"><span class='ocrx_word' id='word_1_815' title='bbox 1989 5180 2111 5235; x_wconf 88' lang='lat' dir='ltr'><strong>tur;</strong></span> <span class='ocrx_word' id='word_1_816' title='bbox 2160 5185 2281 5239; x_wconf 80' lang='lat' dir='ltr'><strong>quzc</strong></span> <span class='ocrx_word' id='word_1_817' title='bbox 2325 5169 2491 5223; x_wconf 75' lang='lat' dir='ltr'><strong>let-tio</strong></span> <span class='ocrx_word' id='word_1_818' title='bbox 2560 5171 2732 5234; x_wconf 71' lang='lat' dir='ltr'><strong>magis</strong></span> <span class='ocrx_word' id='word_1_819' title='bbox 2780 5170 2952 5237; x_wconf 88' lang='lat' dir='ltr'><strong>placet</strong></span> <span class='ocrx_word' id='word_1_820' title='bbox 2996 5169 3155 5239; x_wconf 89' lang='lat' dir='ltr'><strong>quam</strong></span> <span class='ocrx_word' id='word_1_821' title='bbox 3198 5169 3396 5234; x_wconf 74' lang='lat' dir='ltr'><strong>vulgati</strong></span> <span class='ocrx_word' id='word_1_822' title='bbox 3452 5170 3575 5239; x_wconf 79' lang='grc' dir='ltr'>μετ’</span> 
     </span>
    </p>
   </div>
   <div class='ocr_carea' id='block_1_119' title="bbox 1983 5240 3573 5303">
    <p class='ocr_par' dir='ltr' id='par_1_119' title="bbox 1983 5240 3573 5303">
     <span class='ocr_line' id='line_1_121' title="bbox 1983 5240 3573 5303; baseline 0 -12"><span class='ocrx_word' id='word_1_823' title='bbox 1983 5240 2066 5303; x_wconf 74' lang='grc' dir='ltr'>οὐ,</span> <span class='ocrx_word' id='word_1_824' title='bbox 2120 5250 2175 5293; x_wconf 89' lang='lat' dir='ltr'><strong>et</strong></span> <span class='ocrx_word' id='word_1_825' title='bbox 2226 5240 2403 5293; x_wconf 74' lang='lat' dir='ltr'><strong>Rufini</strong></span> <span class='ocrx_word' id='word_1_826' title='bbox 2462 5243 2790 5293; x_wconf 85' lang='lat' dir='ltr'><strong>auctoritate</strong></span> <span class='ocrx_word' id='word_1_827' title='bbox 2845 5242 3219 5293; x_wconf 75' lang='lat' dir='ltr'><strong>conﬁrmatur.</strong></span> <span class='ocrx_word' id='word_1_828' title='bbox 3277 5240 3331 5292; x_wconf 87' lang='lat' dir='ltr'><strong>In</strong></span> <span class='ocrx_word' id='word_1_829' title='bbox 3383 5242 3573 5292; x_wconf 86' lang='lat' dir='ltr'><strong>codice</strong></span> 
     </span>
    </p>
   </div>
   <div class='ocr_carea' id='block_1_120' title="bbox 1986 5308 3570 5380">
    <p class='ocr_par' dir='ltr' id='par_1_120' title="bbox 1986 5308 3570 5380">
     <span class='ocr_line' id='line_1_122' title="bbox 1986 5308 3570 5380; baseline -0.001 -18"><span class='ocrx_word' id='word_1_830' title='bbox 1986 5308 2155 5378; x_wconf 75' lang='lat' dir='ltr'><strong>Regio</strong></span> <span class='ocrx_word' id='word_1_831' title='bbox 2179 5310 2376 5380; x_wconf 83' lang='lat' dir='ltr'><strong>legitur</strong></span> <span class='ocrx_word' id='word_1_832' title='bbox 2400 5309 2564 5364; x_wconf 83' lang='lat' dir='ltr'><strong>etiam</strong></span> <span class='ocrx_word' id='word_1_833' title='bbox 2596 5308 2654 5364; x_wconf 82' lang='grc' dir='ltr'>ὃν</span> <span class='ocrx_word' id='word_1_834' title='bbox 2682 5310 2989 5379; x_wconf 76' lang='grc' dir='ltr'>ἐνέμειναν,</span> <span class='ocrx_word' id='word_1_835' title='bbox 3016 5320 3122 5364; x_wconf 90' lang='lat' dir='ltr'><strong>etc.</strong></span> <span class='ocrx_word' id='word_1_836' title='bbox 3152 5313 3285 5375; x_wconf 68' lang='lat' dir='ltr'><strong>Quae</strong></span> <span class='ocrx_word' id='word_1_837' title='bbox 3330 5309 3491 5380; x_wconf 83' lang='lat' dir='ltr'><strong>lectio</strong></span> <span class='ocrx_word' id='word_1_838' title='bbox 3522 5310 3570 5361; x_wconf 87' lang='lat' dir='ltr'><strong>si</strong></span> 
     </span>
    </p>
   </div>
   <div class='ocr_carea' id='block_1_121' title="bbox 1980 5379 3661 5501">
    <p class='ocr_par' dir='ltr' id='par_1_121' title="bbox 1980 5379 3661 5501">
     <span class='ocr_line' id='line_1_123' title="bbox 1980 5379 3661 5501; baseline 0.003 -73"><span class='ocrx_word' id='word_1_839' title='bbox 1980 5389 2243 5501; x_wconf 73' lang='lat' dir='ltr'><strong>veraeslt,</strong></span> <span class='ocrx_word' id='word_1_840' title='bbox 2298 5381 2524 5435; x_wconf 83' lang='lat' dir='ltr'><strong>omnino</strong></span> <span class='ocrx_word' id='word_1_841' title='bbox 2568 5384 2761 5437; x_wconf 88' lang='lat' dir='ltr'><strong>abesse</strong></span> <span class='ocrx_word' id='word_1_842' title='bbox 2806 5390 3026 5452; x_wconf 88' lang='lat' dir='ltr'><strong>oportet</strong></span> <span class='ocrx_word' id='word_1_843' title='bbox 3065 5381 3372 5451; x_wconf 76' lang='lat' dir='ltr'><strong>negativam</strong></span> <span class='ocrx_word' id='word_1_844' title='bbox 3419 5379 3567 5433; x_wconf 85' lang='lat' dir='ltr'><strong>illam</strong></span> <span class='ocrx_word' id='word_1_845' title='bbox 3658 5392 3661 5393; x_wconf 71' lang='lat'><strong><em>&#39;</em></strong></span> 
     </span>
     <span class='ocr_line' id='line_1_124' title="bbox 1982 5458 2323 5501; baseline 0 0"><span class='ocrx_word' id='word_1_846' title='bbox 1982 5458 2187 5501; x_wconf 83' lang='lat' dir='ltr'><strong>Darttcu</strong></span> <span class='ocrx_word' id='word_1_847' title='bbox 2215 5465 2323 5501; x_wconf 87' lang='lat' dir='ltr'><strong>am.</strong></span> 
     </span>
    </p>
   </div>
   <div class='ocr_carea' id='block_1_122' title="bbox 1980 5451 2323 5519">
    <p class='ocr_par' dir='ltr' id='par_1_122' title="bbox 1980 5451 2323 5519">
     <span class='ocr_line' id='line_1_125' title="bbox 1980 5451 2323 5519; baseline 0.006 -18"><span class='ocrx_word' id='word_1_848' title='bbox 1980 5451 2323 5519; x_wconf 87' lang='lat' dir='ltr'><strong>particulam.</strong></span> 
     </span>
    </p>
   </div>
   <div class='ocr_carea' id='block_1_123' title="bbox 2053 5519 3569 5590">
    <p class='ocr_par' dir='ltr' id='par_1_123' title="bbox 2053 5519 3569 5590">
     <span class='ocr_line' id='line_1_126' title="bbox 2053 5519 3569 5590; baseline 0.001 -18"><span class='ocrx_word' id='word_1_849' title='bbox 2053 5519 2165 5590; x_wconf 70' lang='lat'><strong>(20)</strong></span> <span class='ocrx_word' id='word_1_850' title='bbox 2193 5520 2501 5575; x_wconf 75' lang='grc' dir='ltr'>Διονυσία.</span> <span class='ocrx_word' id='word_1_851' title='bbox 2526 5519 2658 5574; x_wconf 81' lang='lat' dir='ltr'><strong>Post</strong></span> <span class='ocrx_word' id='word_1_852' title='bbox 2688 5521 2803 5576; x_wconf 74' lang='lat' dir='ltr'><strong>lucc</strong></span> <span class='ocrx_word' id='word_1_853' title='bbox 2833 5522 2999 5576; x_wconf 86' lang='lat' dir='ltr'><strong>verba</strong></span> <span class='ocrx_word' id='word_1_854' title='bbox 3038 5520 3222 5575; x_wconf 90' lang='lat' dir='ltr'><strong>addidi</strong></span> <span class='ocrx_word' id='word_1_855' title='bbox 3262 5535 3325 5573; x_wconf 75' lang='lat' dir='ltr'><strong>ex</strong></span> <span class='ocrx_word' id='word_1_856' title='bbox 3364 5519 3569 5574; x_wconf 82' lang='lat' dir='ltr'><strong>Rutino</strong></span> 
     </span>
    </p>
   </div>
   <div class='ocr_carea' id='block_1_124' title="bbox 1974 5589 3567 5663">
    <p class='ocr_par' dir='ltr' id='par_1_124' title="bbox 1974 5589 3567 5663">
     <span class='ocr_line' id='line_1_127' title="bbox 1974 5589 3567 5663; baseline 0.003 -23"><span class='ocrx_word' id='word_1_857' title='bbox 1974 5589 2467 5663; x_wconf 72' lang='grc' dir='ltr'>καὶᾺμμωνάριον</span> <span class='ocrx_word' id='word_1_858' title='bbox 2500 5590 2682 5663; x_wconf 81' lang='grc' dir='ltr'>ἑτέρα.</span> <span class='ocrx_word' id='word_1_859' title='bbox 2711 5593 2954 5658; x_wconf 84' lang='lat' dir='ltr'><strong>Quatuor</strong></span> <span class='ocrx_word' id='word_1_860' title='bbox 2980 5592 3124 5649; x_wconf 90' lang='lat' dir='ltr'><strong>enim</strong></span> <span class='ocrx_word' id='word_1_861' title='bbox 3155 5590 3412 5647; x_wconf 80' lang='lat' dir='ltr'><strong>mulieres</strong></span> <span class='ocrx_word' id='word_1_862' title='bbox 3442 5590 3567 5645; x_wconf 82' lang='lat' dir='ltr'><strong>illas</strong></span> 
     </span>
    </p>
   </div>
   <div class='ocr_carea' id='block_1_125' title="bbox 1974 5658 2843 5733">
    <p class='ocr_par' dir='ltr' id='par_1_125' title="bbox 1974 5658 2843 5733">
     <span class='ocr_line' id='line_1_128' title="bbox 1974 5658 2843 5733; baseline 0.007 -21"><span class='ocrx_word' id='word_1_863' title='bbox 1974 5658 2159 5716; x_wconf 81' lang='lat' dir='ltr'><strong>tuisse</strong></span> <span class='ocrx_word' id='word_1_864' title='bbox 2177 5658 2337 5732; x_wconf 85' lang='lat' dir='ltr'><strong>supra</strong></span> <span class='ocrx_word' id='word_1_865' title='bbox 2356 5658 2506 5718; x_wconf 78' lang='lat' dir='ltr'><strong>dixit</strong></span> <span class='ocrx_word' id='word_1_866' title='bbox 2536 5658 2843 5733; x_wconf 76' lang='lat' dir='ltr'><strong>Dionysius.</strong></span> 
     </span>
    </p>
   </div>
  </div>
