4132 6418
641 342 733 396 6H

1378 336 1646 392 EUSEBII
1687 333 2167 391 CASSARIENSIS
2207 333 2357 390 OPP.
2400 333 2578 393 PARS
2616 334 2653 389 Ι.
2692 365 2757 376 --
2798 330 3185 389 HISTORICA.

3792 337 3895 392 612

635 455 847 510 sortltze
871 460 997 507 sunt
1032 462 1260 521 quatuor
1310 452 1584 506 mulieres.
1648 453 2055 506 Ammonarium
2088 452 2198 517 qui

2316 470 2415 522 ραν
2443 452 2721 505 λαϐοῦσαι.
2774 452 2885 514 Τάς
2935 452 3043 523 γάρ
3090 454 3229 523 ὑπὲρ
3277 453 3485 517 πασῶν,
3542 456 3570 507 ὁ
3616 451 3895 527 πρόμαχος

637 548 755 600 dem
804 545 956 614 virgo
1013 544 1382 606 sanctissima,
1440 560 1563 596 cum
1610 560 1639 596 a
1695 544 1877 614 judice
1907 544 2213 598 diutissime

638 648 779 690 torta
807 635 1020 700 fuisset,
1049 636 1255 704 ingenti
1290 650 1412 688 cum
1437 634 1736 704 pertinacia
1765 644 2050 703 propterea
2070 634 2212 703 quod

637 729 812 798 palam
840 728 1191 799 praedixerat,
1222 726 1355 780 nihil
1378 741 1567 780 eorum
1629 740 1750 795 quae
1780 726 1947 795 inde;
1970 725 2213 792 jusserat

634 821 971 890 prolaturam
1013 834 1072 873 se
1110 833 1253 881 esse,
1312 818 1756 886 pollicitationem
1805 832 1955 871 suam
1983 832 2211 872 exsecu-

637 914 767 968 tioni
817 912 1103 975 mandans,
1168 909 1234 963 ad
1271 909 1599 977 supplicium
1648 910 1876 963 abducta
1912 918 2015 963 est.
2051 908 2210 962 Resi-

635 1010 756 1061 dure
786 1021 937 1071 vero,
993 1004 1260 1059 Mercuria
1311 1003 1517 1058 scilicet
1578 1017 1714 1056 anus
1754 1002 2019 1072 imprimis
2044 1015 2210 1056 vene-

635 1101 825 1163 randa,
868 1108 923 1151 et
957 1097 1233 1168 Dionysia,
1272 1097 1628 1167 plurimorum
1663 1095 1879 1164 quidem
1914 1095 2208 1149 liberorum

635 1203 829 1256 mater,
862 1190 954 1245 sed
981 1205 1100 1259 quae
1123 1190 1347 1259 pignora
1377 1203 1472 1241 sua
1509 1187 1701 1239 minori
1730 1201 1893 1255 quam
1919 1186 2209 1240 Dominum

635 1282 903 1338 charitate
941 1279 1222 1347 complexa
1274 1285 1359 1332 est
1392 1296 1406 1331 :
1445 1285 1499 1331 et
1540 1275 1645 1329 alia
1699 1289 1889 1329 rursus
1917 1274 2210 1329 Ammona-

635 1378 771 1428 rium
801 1391 814 1426 :
839 1388 961 1427 cum
993 1370 1307 1441 prmfcctum
1348 1368 1460 1437 jam
1488 1369 1713 1437 pu‘lcret
1736 1383 1830 1422 eas
1866 1367 2095 1422 ulterius
2120 1368 2205 1420 iu-

631 1480 845 1520 cassum
904 1472 1184 1531 torquere,
1236 1472 1292 1514 et
1348 1475 1377 1511 a
1434 1458 1649 1512 feminis
1701 1459 1967 1526 superari,
2027 1458 2209 1528 gladio

632 1572 785 1611 ursa:
820 1565 964 1618 sunt,
1014 1552 1175 1606 nullis
1202 1552 1351 1618 prius
1402 1550 1687 1603 tormentis
1717 1550 1969 1604 subditae.
1995 1550 2205 1603 Etenim

630 1662 815 1701 earum
848 1646 1098 1715 princeps
1124 1652 1177 1697 ct
1240 1641 1596 1709 antesignana
1639 1640 2071 1706 Ammonarium,
2109 1655 2207 1709 pro

629 1736 881 1789 omnibus
913 1743 1178 1788 tormenta
1220 1730 1539 1801 pertulerat.
1586 1728 1763 1785 Heron
1799 1732 1961 1785 etiam
1993 1742 2047 1785 et
2078 1734 2207 1785 Ater

628 1837 681 1878 et
713 1826 969 1888 Isidorus,
1011 1822 1276 1893 Egyptii,
1336 1835 1567 1888 cumque
1604 1820 1706 1875 illis
1736 1820 2026 1876 Dioscorus
2051 1836 2202 1889 puer,
2228 1795 2279 1854 Β

629 1934 799 1972 annos
822 1918 1037 1971 circiter
1058 1916 1371 1986 quindecim
1428 1902 1605 1980 natus,
1648 1914 1813 1981 judici
1856 1914 2018 1968 oblati
2059 1923 2202 1971 sunt.

629 2010 693 2062 ιίι
718 2026 837 2062 cum
866 2008 1030 2076 judex
1059 2008 1292 2077 primum
1322 2015 1450 2061 ante
1497 2006 1630 2060 alios
1647 2005 2035 2061 adolescentem
2060 2003 2208 2059 Dios.

629 2113 839 2163 corum,
880 2094 1073 2166 partim
1132 2096 1476 2151 sermonibus
1508 2103 1565 2149 ut
1609 2094 1898 2149 ﬂexibilem
1929 2096 2199 2165 decipere,

628 2192 825 2259 partim
869 2187 1159 2243 tormentis
1222 2196 1282 2242 ut
1334 2187 1551 2241 mollem
1606 2203 1669 2242 ac
1706 2197 1952 2242 tenerum
2007 2204 2202 2259 cogere

625 2280 967 2343 tentavissel,
1002 2278 1090 2333 ille
1142 2294 1240 2333 nec
1273 2279 1721 2347 persuasionibus
1752 2279 1916 2333 cessit
1962 2292 2060 2334 nec
2094 2290 2204 2333 tur-

625 2371 842 2426 mentis.
898 2371 1109 2438 Reliqui
1142 2370 1520 2424 crudelissime
1573 2371 1865 2433 verberati,
1910 2386 2035 2425 cum
2070 2385 2199 2424 cru-

621 2464 795 2518 ciatus
835 2463 1051 2517 fortiter
1094 2463 1502 2526 sustinuissent,
1570 2462 1677 2531 igni
1734 2456 1897 2515 etiam
1949 2460 2047 2528 ipsi
2076 2469 2202 2514 sunt

622 2556 831 2609 traditi.
898 2555 1213 2609 Dioscorum
1264 2569 1392 2607 vero
1426 2555 1515 2622 qui
1547 2554 1599 2606 iu
1639 2554 1877 2609 omnium
1906 2562 2197 2622 conspectu

620 2649 974 2711 inclaruerat,
1009 2656 1063 2701 et
1086 2646 1177 2714 qui
1212 2645 1279 2700 ad
1302 2646 1483 2700 omnia
1538 2646 1876 2715 interrogata
1906 2642 2199 2713 sapientis-

619 2744 756 2798 sime
813 2741 1187 2809 responderat,
1231 2740 1535 2793 admiratus
1580 2737 1743 2806 judex
1803 2737 2031 2803 ditnisit,
2077 2752 2199 2805 spa-

620 2841 755 2889 tium
782 2850 841 2889 se
868 2834 941 2887 illi
968 2833 1031 2887 ad
1064 2830 1438 2901 pmnitentiam
1492 2829 1792 2884 concedere
1821 2827 2095 2883 aﬂirmans
2130 2828 2198 2882 ob

617 2930 794 2981 relatis
854 2924 1251 2979 inﬁrmitatem.
1290 2921 1356 2974 Et
1409 2935 1551 2974 nunc
1607 2918 1890 2974 nobiscum
1927 2928 2197 2986 ,versatur

623 3019 839 3073 divinus
889 3016 1202 3080 Dioscorus,
1246 3015 1299 3068 in
1360 3012 1533 3079 majus
1578 3027 1639 3065 ac
1669 3010 1975 3065 diuturnius
2033 3009 2197 3081 240

616 3124 895 3167 certamen
955 3117 1286 3164 reservatus.
1343 3104 1449 3160 Sed
1494 3114 1547 3159 et
1596 3103 1889 3159 Nemesion
1948 3103 2190 3173 quidam,

614 3205 779 3259 etiam
812 3204 926 3273 ipse
968 3200 1276 3272 Egyptius,
1325 3202 1560 3271 primum
1596 3197 1809 3267 quidem
1863 3194 1998 3251 falso
2033 3210 2196 3250 accu-

614 3303 768 3348 satus
803 3293 984 3347 fuerat
1015 3302 1289 3361 tamquam
1346 3292 1528 3346 socius
1584 3298 1638 3343 et
1670 3286 2077 3343 contubernalis
2118 3286 2195 3339 la-

617 3396 856 3441 tronum.
908 3383 1106 3438 Postea
1145 3398 1273 3438 vero
1301 3398 1425 3438 cum
1454 3382 1596 3451 apud
1646 3380 2020 3435 centurionem
2056 3379 2195 3433 hanc

615 3478 941 3532 calumniam
966 3491 994 3529 a
1024 3492 1083 3532 se
1116 3476 1309 3545 utique
1329 3474 1721 3529 alienissimam
1756 3471 2073 3541 depulisset,
2100 3470 2194 3524 de-

616 3572 757 3625 latus
786 3569 932 3638 quod
967 3568 1315 3624 Christianus
1341 3573 1508 3629 esset,
1545 3564 1612 3617 ad
1636 3563 1949 3633 praafectum
1981 3563 2196 3616 vinctus

613 3660 922 3715 adducitur.
982 3659 1051 3711 At
1104 3656 1193 3711 ille
1246 3656 1624 3726 iniquissimus
1681 3652 2187 3722 judex,postquam

612 3768 736 3807 cum
761 3751 922 3821 duplo
947 3750 1290 3821 gravioribus
1316 3764 1480 3817 quam
1538 3747 1779 3815 reliquos
1810 3744 2048 3799 latrones
2075 3752 2187 3797 tor-

614 3847 815 3901 mentis
846 3860 910 3899 ac
941 3843 1268 3899 verberibus
1294 3841 1587 3907 aﬂ'ecisset,
1627 3840 1769 3894 inter
1811 3836 2049 3891 latrones
2074 3833 2192 3903 jus-

612 3938 688 3991 sit
742 3936 981 3993 inccndi.
1042 3934 1108 3989 Et
1169 3935 1247 4009 sic
1310 3933 1396 3987 vir
1443 3932 1787 3988 beatissimus
1838 3926 2191 3984 similitudine

2327 542 2705 613 Ἀμμωνάριον
2746 542 3055 596 άνεδέδεκτο
3111 543 3397 613 βασάνους.
3449 544 3637 616 Ἥρων
3694 545 3750 598 δὲ
3804 546 3898 600 καὶ

2327 633 2489 705 Ἀτὴρ
2513 634 2625 704 (21)
2666 636 2758 689 καὶ
2804 635 3072 706 Ἰσίδωρος
3106 634 3418 703 Αἰγύπτιοι,
3455 637 3545 689 καὶ
3574 638 3671 689 σὺν
3713 638 3898 704 αὐτοῖς

2315 726 2599 798 παιδάριον
2641 727 2716 792 ὡς
2759 728 3283 798 πεντεκαιδεκαέτης
3318 730 3346 781 ὁ
3380 730 3690 803 Διόσκορος,
3729 751 3897 806 παρε-

2312 817 2542 888 δόθησαν
2562 835 2575 847 ·
2613 820 2708 871 καὶ
2734 818 2950 889 πρῶτον
2979 819 3039 871 τὸ
3071 819 3354 890 μειράκιον
3380 821 3557 889 λόγοις
3594 841 3652 876 τε
3682 826 3895 895 ἀπατᾷν

2313 911 2387 973 ὼς
2436 910 2852 981 εὐπαράγωγον,
2900 911 2994 963 καὶ
3042 909 3292 980 βασάνοις
3338 916 3777 983 καταναγκάζειν
3820 918 3895 984 ὡς

2312 1001 2586 1055 εὐένδοτον
2612 1001 2976 1072 πειρωμένου,
3004 1000 3127 1054 οὔτε
3151 988 3378 1075 ἐπείσθη
3400 1004 3523 1058 οὔτε
3546 1002 3685 1070 εἶξεν
3706 1009 3895 1062 ὁΔιόσ-

2311 1110 2491 1163 κορος.
2530 1094 2668 1157 Τοὺς
2693 1093 2748 1145 δὲ
2766 1093 2987 1157 λοιποὺς
3010 1096 3324 1167 ἀγριώτατα
3344 1097 3676 1168 καταξήνας,
3694 1101 3895 1173 ἐγκαρ-

2309 1189 2666 1259 τερήσαντας,
2713 1189 2846 1259 πυρὶ
2893 1189 2986 1242 καὶ
3035 1188 3257 1253 τούτους
3291 1190 3662 1261 παραδέδωκε,
3706 1193 3797 1247 τὸν
3835 1196 3891 1249 δὲ

2310 1282 2599 1352 Διόσκορον
2639 1280 3154 1352 ὲλλαμπρυνάμενόν
3191 1300 3249 1336 τε
3288 1283 3544 1355 δημοσίᾳ,
3579 1286 3672 1337 καὶ
3718 1288 3892 1356 σοφώ-

2310 1387 2445 1422 τατα
2475 1370 2610 1441 πρὸς
2644 1368 2742 1432 τὰς
2770 1370 2907 1434 ἰδίας
2952 1372 3171 1435 πεύσεις
3211 1373 3648 1444 ἀποκρινάμενον
3682 1375 3891 1446 Θαυμά-

2310 1479 2443 1526 σας,
2476 1462 2745 1533 παρῆκεν,
2776 1462 3066 1534 ὑπέρθεσιν
3097 1466 3272 1535 φήσας
3311 1467 3390 1529 εἰς
3422 1467 3705 1535 μετάνοιαν
3744 1468 3892 1539 αὐτῷ

2307 1553 2393 1606 διὰ
2417 1554 2515 1625 τὴν
2542 1554 2758 1624 ἡλικίαν
2799 1556 3138 1626 ἐπιμετρεῖν.
3178 1557 3287 1611 Καὶ
3310 1555 3405 1610 νῦν
3435 1559 3463 1611 ὁ
3489 1557 3893 1630 θεοπρεπέστα-

2306 1664 2398 1709 τος
2440 1648 2536 1698 σὺν
2580 1647 2711 1716 ἡμῖν
2757 1647 2872 1699 ἐστι
2920 1648 3241 1719 Διόσκορος,
3281 1649 3360 1712 εἰς
3414 1650 3752 1722 μακρότερον
3800 1652 3892 1705 τὸν

2308 1738 2493 1807 ἀγῶνα
2523 1740 2615 1792 καὶ
2642 1740 3022 1811 διαρκέστερον
3053 1740 3240 1810 μείνας
3268 1740 3359 1795 τὸν
3388 1737 3569 1796 ἆθλον.
3604 1743 3891 1813 Νεμεσίων

2312 1836 2368 1889 δέ
2404 1853 2488 1898 τις
2525 1836 2774 1899 κάκεῖνος
2813 1835 3129 1905 Αἰγύπτιος,
3180 1836 3589 1909 ὲσυκοφαντήθη
3644 1838 3766 1908 μὲν,
3815 1839 3889 1903 ὡς

2311 1922 2375 1994 δὴ
2422 1922 2667 1987 σύνοικος
2713 1922 2946 1997 λῃστῶν,
2976 1924 3381 1996 ἀποδυσάμενος
3408 1926 3465 1979 δὲ
3494 1926 3693 1999 ταύτην
3738 1928 3888 1999 παρά

2310 2012 2388 2083 τῷ
2422 2013 2799 2084 ἐκατοντάρχῳ
2827 2014 2926 2085 τὴν
2961 2012 3394 2086 ἀλλοτριωτάτην
3425 2017 3544 2068 κατ’
3572 2016 3735 2069 αὑτοῦ
3775 2017 3886 2070 δια-

2311 2105 2497 2175 ϐολὴν,
2547 2106 2955 2177 καταμηνυθεὶς
2987 2106 3062 2170 ὡς
3094 2106 3435 2178 Χριστιανὸς,
3470 2104 3571 2179 ἦκε
3606 2108 3886 2179 δεσμώτης

2310 2197 2401 2250 ἐπὶ
2430 2197 2519 2251 τὸν
2554 2197 2873 2269 ἡγούμενον.
2912 2199 2969 2253 '0
3009 2198 3066 2252 δὲ
3114 2198 3445 2262 ἀδικώτατος
3474 2199 3690 2264 διπλαῖς
3724 2200 3883 2254 αὐτὸν

2308 2288 2341 2359 ἢ
2371 2290 2497 2352 τοὺς
2523 2289 2725 2361 λῃστὰς
2751 2292 2869 2352 ταῖς
2901 2306 2960 2341 τε
2993 2289 3244 2359 βασάνοις
3275 2290 3368 2343 καὶ
3398 2294 3516 2354 ταῖς
3554 2289 3773 2361 μάστιξι
3798 2290 3886 2345 λυ-

2313 2380 2641 2451 μηνάμενος,
2664 2378 2863 2450 μεταξὺ
2883 2380 2991 2433 τῶν
3015 2379 3225 2451 λῃστῶν
3254 2383 3571 2452 κατέφλεξε,
3588 2384 3883 2455 τιμηθέντα

2306 2473 2397 2525 τὸν
2423 2471 2686 2543 μακάριον
2718 2472 2793 2543 τῷ
2818 2471 2911 2524 τοῦ
2942 2472 3179 2544 Χριστοῦ
3210 2474 3631 2544 παραδείγματι.
3670 2476 3880 2547 Ἀθρόον

2306 2564 2431 2617 δέτι
2454 2562 2738 2633 σύνταγμα
2759 2563 2893 2634 (21’)
2914 2565 3320 2634 στρατιωτικὸν,
3340 2554 3571 2635 Ἄμμων
3589 2566 3682 2619 καὶ
3699 2568 3881 2635 Ζήνων

2306 2656 2398 2708 καὶ
2430 2654 2760 2725 Πτολεμαῖος
2821 2655 2915 2709 καὶ
2957 2654 3222 2725 ’1γγένης,
3257 2656 3351 2707 καὶ
3392 2656 3491 2709 σὺν
3520 2656 3705 2719 αὐτοῖς
3749 2672 3880 2727 πρε-

2308 2740 2507 2811 σϐύτης
2537 2740 2812 2809 Θεόφιλος,
2862 2742 3207 2812 είστήκεισαν
3251 2743 3357 2813 πρὸ
3383 2743 3475 2796 τοῦ
3500 2743 3875 2815 δικαστηρίου·

2305 2831 2623 2901 κρινομένου
2652 2832 2714 2903 δή
2750 2849 2891 2896 τινος
2919 2833 2993 2896 ὡς
3022 2834 3345 2903 Χριστιανοῦ
3374 2835 3466 2889 καὶ
3498 2836 3635 2905 πρὸς
3658 2835 3881 2906 ἄρνησιν

2303 2920 2402 2991 ἥδη
2436 2920 2708 2991 ρἐοντος,
2740 2923 2988 2992 ὲπρίοντο
3018 2917 3159 2976 οὗτοι
3196 2925 3624 2995 παρεστηκότες,
3650 2926 3743 2979 καὶ
3769 2926 3881 2989 τοῖς

2301 3028 2361 3063 τε
2394 3010 2705 3083 προσώποις
2758 3013 3019 3077 ἐνένευον,
3072 3016 3166 3067 καὶ
3205 3014 3305 3078 τὰς
3356 3019 3542 3086 χεῖρας
3591 3017 3876 3080 ἀνέτεινον,

2304 3104 2398 3155 καὶ
2431 3104 2954 3174 συνεσχηματίςοντο
2984 3108 3097 3169 τοῖς
3129 3105 3395 3177 σώμασιν.
3440 3108 3805 3179 Ἐπιστροφῆς
3824 3109 3878 3161 δὲ

2301 3194 2515 3247 πάντων
2563 3194 2696 3265 πρὸς
2738 3195 2934 3258 αὐτοὺς
2985 3198 3304 3268 γενομένης,
3341 3200 3468 3269 πρίν
3507 3216 3656 3262 τινας
3701 3200 3877 3251 αὐτῶν

2300 3285 2491 3349 ἄλλους
2518 3285 2795 3350 λαϐέσθαι,
2831 3287 3133 3355 φθάσαντες
3166 3290 3258 3341 ἐπὶ
3284 3290 3344 3341 τὸ
3393 3289 3590 3362 βάθρον
3619 3289 3729 3361 (22)
3762 3291 3880 3345 ἀνέ-

2299 3378 2525 3449 δραμον,
2549 3374 2685 3432 εἶναι
2709 3380 3024 3449 Χριστιανοὶ
3048 3380 3313 3448 λέγοντες,
3344 3381 3419 3445 ὡς
3446 3382 3535 3435 τόν
3554 3400 3611 3436 τε
3634 3384 3877 3455 ἡγεμόνα

2299 3468 2391 3521 καὶ
2420 3471 2545 3533 τοὺς
2576 3470 2863 3542 συνέδρους
2889 3471 3161 3542 ὲμφόϐους
3192 3472 3466 3540 γενέσθαι,
3500 3476 3595 3527 καὶ
3620 3476 3749 3538 τοὺς
3781 3474 3876 3547 μὲν

2297 3560 2649 3630 κρινομένους
2678 3561 3161 3632 εὐθαρσεστάτους,
3193 3564 3276 3632 ἐφ’
3310 3558 3391 3627 οἷς
3422 3565 3721 3630 πείσονται,
3756 3568 3871 3636 φαί-

2295 3649 2501 3710 νεσθαι,
2537 3652 2660 3713 τοὺς
2689 3650 2746 3703 δὲ
2774 3650 3088 3715 δικάζοντας
3112 3652 3439 3724 ἀποδειλιᾷν.
3468 3655 3578 3707 Καὶ
3602 3650 3745 3709 οὗτοι
3782 3655 3879 3725 μὲν

2298 3744 2362 3795 ὲκ
2387 3742 2752 3813 δικαστηρίων
2794 3743 3206 3813 ἐνεπόμπευσαν
3234 3745 3328 3798 καὶ⁵
3360 3744 3763 3815 ὴγαλλιάσαντο
3806 3749 3871 3817 τῇ

2301 3834 2594 3903 μαρτυρίᾳ,
2649 3833 3070 3905 θριαμϐεύοντος
3103 3835 3213 3907 (23)
3260 3837 3458 3900 αὐτους
3506 3837 3733 3905 ἐνδόξως
3782 3837 3873 3892 τοῦ

2297 3923 2451 3977 Θεοῦ.
2478 3944 2495 3977 ι

610 4027 813 4085 Christi
852 4029 1154 4084 honoratus
1213 4036 1322 4082 est.
1372 4026 1542 4081 Porro
1578 4026 1866 4079 universus
1907 4019 2070 4076 simul
2122 4019 2354 4073 militum
2420 4017 2726 4086 manipulus
2786 4017 3017 4073 Ammon
3088 4018 3294 4074 scilicet
3351 4020 3517 4087 Zeno,
3554 4018 3874 4076 Ptolemazus

608 4136 665 4197 et
728 4124 1019 4194 lugenuus,
1070 4137 1306 4192 cumque
1360 4122 1465 4176 illis
1503 4134 1671 4176 senex
1729 4116 2085 4188 TheOphilus,
2125 4124 2252 4170 ante
2291 4116 2604 4185 praetorium
2652 4115 2894 4169 stabant.
2944 4116 3156 4171 Etcum
3210 4118 3429 4186 quidam
3473 4122 3543 4173 ob
3608 4118 3874 4174 Christiao

612 4230 734 4269 nam
772 4215 1089 4285 religionem
1131 4214 1184 4268 in
1214 4213 1475 4281 judicium
1524 4213 1797 4276 inductus,
1827 4209 2159 4281 jamjamque
2201 4219 2499 4277 negaturus
2570 4207 2853 4264 Christum
2923 4210 3222 4274 videretur,
3280 4210 3355 4264 illi
3390 4221 3636 4266 astantes
3698 4211 3873 4267 denti-

613 4308 714 4362 bus
784 4308 1043 4372 stridere,
1107 4305 1256 4360 vultu
1287 4306 1540 4371 innuere,
1608 4320 1804 4360 manus
1852 4304 2169 4367 extendere,
2203 4316 2267 4355 ac
2307 4300 2470 4354 totius
2520 4300 2679 4355 simul
2735 4302 2983 4371 corporis
3044 4312 3223 4357 motus
3250 4313 3546 4373 gestusque
3575 4303 3738 4360 edere
3760 4319 3871 4360 caa-

609 4410 830 4469 perunt.
883 4401 1129 4468 Cumque
1180 4398 1423 4453 omnium
1479 4399 1533 4452 in
1566 4413 1623 4452 se
1680 4397 1872 4451 oculos
1921 4396 2339 4458 convertissent,
2403 4393 2719 4464 priusquam
2782 4394 2851 4449 ab
2910 4395 3089 4464 aliquo
3122 4397 3740 4467 comprehenderentur,
3770 4398 3869 4466 ipsi

609 4492 675 4546 ad
703 4492 1018 4548 subsellium
1045 4498 1412 4556 accurrentes,
1453 4487 1794 4544 Christianos
1852 4504 1912 4545 se
1943 4489 2065 4545 esse
2092 4486 2325 4558 professi
2382 4495 2529 4543 sunt.
2563 4485 2681 4553 Quo
2702 4486 2847 4543 facto
2902 4487 3191 4557 prmfectus
3246 4497 3301 4543 et
3332 4504 3637 4545 assessores
3690 4490 3783 4560 qui
3820 4492 3869 4546 in

682 4671 795 4742 (21)
833 4670 953 4743 Kal,
980 4670 1174 4740 Ἀτήρ.
1195 4670 1348 4743 Apud
1372 4668 1995 4743 Georgilthyncellum
2026 4676 2081 4723 et
2102 4668 2189 4743 Ιξᾶί-
2219 4672 2262 4727 Ι)
2293 4677 2473 4723 vetere
2502 4667 2881 4743 Martyrologig
2908 4668 3171 4743 Romam),
3211 4669 3409 4743 natalis
3439 4669 3631 4724 horum
3664 4680 3869 4743 marty-

605 4739 901 4811 cephorum
946 4739 1141 4811 legitur
1168 4739 1408 4809 ’Adtrip.
1457 4742 1510 4795 In
1562 4739 1784 4803 Rufino,
1820 4739 2066 4792 Arsinus.
2123 4739 2178 4793 In
2294 4741 2668 4811 rumponitur
2695 4740 2884 4811 died?)
2908 4740 3179 4811 Kalendas
3202 4739 3515 4811 Ianuarias.

607 4806 791 4867 vetere
848 4806 1229 4883 Martgrologip
1285 4806 1542 4883 Remane,
1587 4811 2178 4883 quod__magna_p_art_e
2288 4880 2299 4883 Α
2359 4809 2469 4880 (22)
2517 4809 2642 4883 Ἐπί
2670 4808 2736 4861 τὸ
2759 4806 3010 4878 βάθρον.
3030 4810 3355 4883 διώεειιῒιιιι)
3379 4810 3604 4883 intelligi
3636 4811 3868 4876 videtur,

605 4883 951 4953 desumptum
981 4879 1066 4937 est
1088 4879 1403 4947 cit—Rufino,
1429 4881 1683 4935 Arsenius
1724 4879 1923 4935 dicitur
1950 4880 2016 4934 19
2048 4879 2170 4936 Kal.
2286 4880 2340 4934 in
2367 4879 2473 4953 quo
2504 4881 2725 4953 sedebat
2776 4894 2900 4934 reus
2928 4895 3052 4932 cum
3093 4896 3125 4953 _a
3180 4881 3364 4953 judice
3412 4880 3865 4953 interrogaretur,

604 4950 916 5007 Januarias.

679 5022 818 5092 (21⁸)
870 5023 1188 5091 Σύνταγμα
1212 5021 1659 5090 στρατιωτικόν.
1706 5019 1903 5092 Turmu
1956 5020 2181 5075 militum

606 5091 771 5147 vertit
794 5091 1041 5153 Rufinus,
1073 5108 1231 5159 quem
1264 5104 1482 5147 secutus
1506 5102 1591 5147 est
1627 5091 2177 5159 Christophorsonus.

606 5162 719 5231 Ego
749 5162 1082 5231 manipulum
1110 5177 1203 5215 seu
1243 5162 1645 5215 contubernium
1693 5162 1875 5215 malim
1913 5163 2179 5231 interpre-

609 5230 735 5286 tari.
761 5233 991 5299 Quidam
1036 5232 1303 5300 StISpicari
1355 5244 1593 5300 possent,
1642 5232 1743 5285 hos
1779 5231 1976 5283 milites
2012 5230 2178 5286 fuisse

603 5306 944 5371 apparitores
990 5318 1081 5356 seu
1123 5301 1380 5356 ollieiales
1436 5301 1674 5369 praefecti
1721 5300 2057 5369 Augustalis,
2110 5316 2174 5355 eo

602 5376 745 5442 quod
769 5374 987 5427 stetisse
1016 5374 1270 5427 dicuntur
1296 5379 1421 5425 ante
1455 5372 1787 5442 praztorium.
1836 5371 1948 5439 Ego
1988 5379 2166 5426 tamen

641 5445 784 5498 otius
815 5444 1133 5498 crediderim
1160 5443 1488 5513 legionarius
1524 5442 1722 5513 milites
1759 5440 1949 5503 fuisse,
1991 5456 2057 5495 ex
2102 5457 2168 5495 ea

624 5516 813 5581 egione
838 5530 957 5581 quae
998 5515 1063 5566 ad
1106 5511 1406 5568 custodiam
1438 5513 1586 5566 urbis
1628 5511 2007 5565 Alexandrina:
2054 5521 2172 5565 erat

603 5584 879 5651 deputata,
918 5591 973 5638 et
999 5599 1117 5650 quae
1149 5583 1405 5652 praefecto
1428 5584 1708 5651 Augustali
1737 5582 1980 5650 parebat.
2019 5581 2171 5636 Pras-

605 5652 777 5725 fectus
813 5654 958 5707 enim
989 5653 1302 5725 Augustalis
1353 5667 1457 5707 non
1488 5653 1659 5706 solum
1706 5652 1883 5706 civilia
1930 5654 2170 5725 negotia,

603 5724 697 5777 sed
722 5725 886 5780 etiam
924 5739 1038 5781 rem
1085 5724 1375 5781 militarem
1422 5736 1486 5778 eo
1537 5732 1783 5794 tempore
1816 5725 2065 5788 curabat.
2113 5724 2173 5779 lu

2296 4952 2457 5005 hodie
2493 4951 2740 5003 sellulam
2768 4964 3050 5003 vocamus.
3092 4950 3147 5002 In
3185 4951 3328 5001 Actis
3352 4950 3647 5016 passionis‘
3671 4950 3866 5006 Philem

2292 5022 2548 5089 martyris
2579 5022 2769 5073 ambon
2801 5019 2998 5074 dicitur
3028 5034 3121 5072 seu
3156 5022 3439 5089 pulpitum.
3493 5021 3585 5074 Sic
3612 5023 3756 5075 enim
3788 5023 3867 5075 in-

2288 5087 2493 5161 cipiunt
2516 5091 2649 5143 Arta
2677 5091 2767 5144 illa
2799 5106 2811 5141 :
2846 5090 3102 5156 Imposito
3126 5087 3247 5159 ergo
3287 5087 3475 5144 Philea
3501 5107 3662 5161 super
3686 5096 3839 5145 ambo

2287 5176 2424 5224 nem,
2452 5160 2741 5213 Culcianus
2770 5176 2963 5224 prietes
2988 5161 3145 5213 dixit.

2355 5230 2468 5301 (23)
2497 5231 2960 5299 Θριαμϐεύοντος
2984 5231 3224 5297 αὐτούς,
3252 5229 3479 5284 Rufinus
3507 5230 3670 5285 vertit
3709 5248 3721 5284 :
3760 5232 3864 5285 Deo

2279 5301 2356 5353 ita
2388 5302 2742 5372 triumphante
2764 5318 2857 5367 per
2880 5310 3088 5372 sanctos
3116 5318 3259 5356 suos.
3278 5302 3515 5369 Apparet
3547 5302 3713 5372 igitur
3740 5318 3859 5359 eum

2276 5372 2474 5442 legisse
2524 5370 2635 5442 θρι.
2687 5372 2753 5424 δι’
2786 5370 3004 5435 αὐτούς,
3053 5381 3161 5426 etc.
3207 5372 3462 5442 Rufinum
3513 5370 3685 5427 secuti
3736 5370 3860 5426 sunt

2278 5441 2570 5495 Masculus
2597 5452 2652 5495 et
2698 5442 3254 5508 (Ihristuphorsonus.
3296 5441 3597 5495 Videndum
3655 5451 3856 5505 tamen,

2277 5527 2345 5565 ne
2378 5511 3113 5583 DionysiusOptapﬁsdovro;
3138 5513 3336 5576 αὐτοὺς
3364 5509 3460 5565 τοῦ
3487 5511 3622 5564 Θεοῦ
3637 5514 3857 5575 dixerit,

2279 5596 2377 5650 pro
2425 5582 2777 5653 θριαμϐεύειν
2838 5582 3139 5648 ποιοῦντος,
3195 5586 3337 5651 quod
3398 5585 3622 5653 omnino
3671 5597 3858 5639 verum

2282 5661 2435 5721 puto.
2465 5651 2570 5709 Sic
2592 5653 2895 5724 βασιλεύειν
2926 5665 3157 5726 usurpat
3190 5654 3486 5724 Gregorius
3512 5651 3645 5707 Naz.
