4114 6406
185 271 331 331 σεδ

1284 269 1632 328 HISTORIA:
1671 269 2225 326 ECCLESIASTICE
2267 269 2394 326 LIB.
2437 271 2526 327 Vl.

3408 282 3514 338 ΒΗ

183 394 492 451 consilio
541 393 785 459 aderant,
837 399 982 446 metu
1023 389 1296 460 perterriti
1354 399 1504 446 sunt.
1536 390 1615 444 Ae
1654 389 1732 444 rei
1762 389 1978 458 quidem
2020 388 2120 456 ipsi
2169 389 2236 442 ad
2289 404 2350 444 ea
2379 405 2499 459 quae
2549 392 2884 460 perpessurri
2941 402 3098 449 erant
3122 397 3513 467 promptissimi

191 496 264 540 et
306 489 794 544 confidentissimi
846 487 1229 550 cernebantur,
1280 483 1490 552 judices
1525 492 1703 537 autem
1771 483 1872 552 ipsi
1912 484 2426 539 contremiscebant.
2487 483 2582 539 isti
2638 485 2802 554 igitur
2854 502 2918 541 ex
2978 490 3233 558 prdatorio
3293 502 3515 548 ovantes

203 589 676 646 processerunt,
721 577 1051 634 exsultantes
1106 576 1174 630 ob
1233 576 1354 629 lidei
1406 574 1833 639 confessionem,
1871 586 1995 626 curn
2019 573 2161 628 Deus
2183 588 2280 643 per
2307 574 2450 644 ipsos
2498 573 2729 644 gloriose
2762 577 3138 648 triumpharet.
3175 600 3192 632 ι

761 667 1154 724 ΚΕΦΑΛΑῘΟΝ
1209 667 1343 722 MB’.

193 761 376 829 Περὶ
405 756 504 816 ὧν
524 761 728 815 ἄλλων
747 761 780 813 ὀ
790 758 1098 824 Διονύσιος
1114 754 1490 828 ιστορεῖ(Νἰο.
1512 755 1559 809 11
1569 754 1834 826 .E.v,5l).

296 871 321 904 ε
391 854 590 907 Ἀλλοι
635 851 691 904 δὲ
723 850 959 902 πλεῖστοι
993 848 1133 902 κατὰ
1165 847 1349 912 πόλεις
1387 849 1480 901 καὶ
1511 849 1704 919 κώμας
1735 848 1839 901 ὐπὸ

191 943 342 998 τῶν
410 943 587 998 ἐθνῶν
635 940 1060 1012 διεσπάσθησανδ
1103 934 1179 993 ὧν
1208 939 1342 1010 ίένδς
1400 939 1839 1011 παραδείγματος

193 1031 442 1090 ινεκεν
479 1034 972 1106 ἐπιμνησθήσομαι.
1023 1030 1301 1102 ’ῐσχυρίων
1352 1029 1682 1101 ἐπετρόπευε
1732 1046 1838 1082 τινι

197 1124 346 1180 τῶν
384 1127 673 1198 ἀρχόντων
707 1124 800 1178 ἐπὶ
835 1121 1030 1194 μισθῷ.
1067 1120 1267 1175 Τοῦτον
1305 1123 1334 1174 ό
1366 1119 1682 1192 μισθοδότης
1712 1119 1834 1173 ἐκέ-

201 1213 369 1268 leue
409 1216 597 1278 θῦσαι,
629 1213 704 1286 μὴ
733 1212 1052 1282 πειθόμενον
1079 1208 1319 1281 ὕϐριζεν,
1349 1209 1652 1280 ἐμμένοντα
1675 1224 1839 1278 προε-

205 1306 564 1376 πηλάκιζεν
593 1321 609 1338 ο
645 1288 1032 1374 ὑφισταμένου,
1082 1301 1380 1373 βακτηρίαν
1433 1301 1696 1371 μεγίστην
1744 1299 1838 1353 λα-

207 1396 382 1456 ϐὼν,
423 1396 518 1450 διὰ
543 1395 652 1448 τῶν
697 1394 928 1465 ἐντέρων
991 1393 1086 1446 καὶ¹
1117 1390 1227 1445 τῶν
1263 1391 1583 1460 σπλάγχνων
1614 1389 1833 1454 διώσας,

207 1487 566 1542 ἀπέκτεινε.
599 1485 665 1540 Τί
694 1486 774 1539 δεῖ
804 1484 981 1553 λέγειν
1010 1482 1070 1536 τὸ
1102 1481 1303 1553 πλῆθος
1333 1481 1442 1534 τῶν
1480 1482 1539 1534 ἐν
1577 1480 1837 1552 ἐρημίαις

208 1565 332 1632 καὶ
399 1578 556 1651 δρεσι
600 1575 1000 1647 πλανηθέντων,
1059 1572 1163 1627 ὐπὸ
1205 1570 1364 1642 λιμοῦ
1406 1570 1500 1624 καὶ
1547 1569 1706 1642 δίψης
1743 1569 1837 1622 καὶ

211 1669 484 1741 κρύους,
528 1669 622 1722 καὶ
653 1667 824 1722 νόσων
869 1667 959 1719 καὶ
983 1663 1196 1738 λῃστῶν
1228 1665 1322 1718 καὶ
1352 1661 1554 1734 θηρίων
1580 1661 1835 1733 διεφθαρ-

217 1761 436 1829 μένων
457 1778 471 1826 ;
496 1753 570 1817 ὧν
599 1760 646 1812 οἱ
675 1757 1118 1830 ὐπεργενόμενοι,
1141 1757 1238 1825 τῆς
1267 1753 1489 1809 ἐκείνων
1517 1753 1654 1807 εἰσιν
1686 1752 1839 1806 ἐκλο-

215 1852 349 1922 γῆς
384 1851 484 1904 καὶ
515 1849 669 1922 νίκης
705 1849 999 1920 μάρτυρες.
1037 1847 1134 1900 Ἓν
1184 1843 1242 1898 δὲ
1283 1846 1376 1899 καὶ
1406 1845 1608 1898 τούτων
1639 1846 1718 1908 είς
1742 1844 1837 1916 δή-

215 1941 419 1995 λωσιν
459 1942 615 2013 ἔργον
650 1939 1056 2012 παραθήσομαι.
1088 1938 1385 2009 Χαιρήμων
1410 1933 1479 2008 ἦν
1508 1935 1836 2007 ὑπέργηρως

1868 689 1917 745 Α

2525 664 2753 721 CAPUT
2778 665 2935 722 XLII.

2215 755 2293 811 De
2324 756 2443 811 aliis
2473 775 2505 811 α
2532 758 2783 829 Dionysio
2800 743 3246 819 commemoratis.

2011 861 2036 897 ε
2079 843 2185 900 Sed
2207 853 2263 899 et
2287 845 2377 900 alii
2409 847 2714 916 complures
2744 864 2839 918 per
2870 853 3060 920 oppida
3088 863 3140 907 et
3158 854 3305 908 vicos
3324 870 3352 910 a
3385 872 3515 926 gen-

1941 935 2124 992 tilibus
2145 937 2400 1006 discerpti
2425 947 2552 992 sunt
2582 955 2596 992 :
2623 942 2905 1009 exquibus
2936 959 3098 998 unum
3131 948 3360 1017 exempli
3392 965 3516 1018 gra-

1941 1027 2013 1080 tia
2043 1029 2501 1083 commemorabo.
2562 1027 2842 1101 Ischyrion
2901 1037 3150 1091 mercede
3211 1039 3514 1095 conductus

1940 1127 2266 1184 procurator
2311 1127 2431 1173 erat
2484 1119 2764 1188 cujusdam
2814 1125 3191 1194 magistratum
3249 1132 3513 1197 gerentis.

1938 1203 2041 1258 Hic
2076 1204 2145 1260 ab
2169 1218 2234 1259 eo
2260 1206 2413 1275 cujus
2444 1220 2555 1260 rem
2599 1213 2951 1278 procurabat,
2988 1213 3177 1282 jussus
3223 1218 3380 1273 idolis
3411 1222 3514 1273 im-

1941 1294 2163 1359 molare,
2189 1309 2310 1349 cum
2346 1296 2567 1352 minime
2593 1301 3018 1370 obtemperaret,
3052 1305 3283 1372 primum
3313 1306 3512 1376 injuria

1937 1383 2165 1440 affectus
2199 1396 2302 1442 est.
2330 1386 2525 1443 Postea
2555 1405 2677 1444 cum
2709 1392 2760 1444 in
2791 1392 2978 1446 eadem
3006 1395 3264 1448 sententia
3296 1408 3509 1466 persta-

1939 1487 2042 1541 ret,
2070 1479 2235 1534 variis
2285 1479 2353 1534 ab
2379 1481 2568 1536 eodem
2603 1492 2831 1537 vexatus
2883 1494 2966 1538 est
2988 1489 3353 1543 contumeliis.
3384 1492 3514 1558 Quae

1937 1569 2118 1624 omnia
2172 1584 2296 1624 cum
2344 1572 2612 1640 patienter
2681 1576 3009 1640 sustineret,
3071 1578 3158 1633 ille
3210 1569 3512 1650 praegrandi

1938 1662 2070 1716 sude
2101 1672 2349 1732 correpta
2388 1664 2710 1719 transﬁxum
2749 1683 2842 1734 per
2869 1669 3042 1723 media
3094 1669 3305 1724 viscera
3341 1673 3512 1726 homi-

1939 1774 2062 1814 nem
2111 1761 2401 1818 interfecit.
2463 1762 2580 1818 Jam
2608 1765 2734 1834 quid
2763 1781 2898 1836 opus
2935 1776 3020 1821 est
3081 1784 3512 1826 commemorare

1939 1849 2338 1907 multitudinem
2365 1867 2576 1920 eorum,
2598 1857 2689 1925 qui
2749 1856 2802 1910 in
2836 1859 3113 1915 montibus
3143 1876 3207 1916 ac
3255 1877 3353 1932 per
3377 1863 3510 1917 soli-

1940 1942 2184 1998 tudinem
2209 1946 2553 2011 oberrantes,
2580 1946 2722 2002 fame
2754 1957 2808 2003 et
2834 1949 2946 2016 siti,
2973 1949 3172 2022 frigore
3197 1967 3261 2008 ac
3285 1955 3510 2022 morbis,

217 2032 346 2101 τῆς
390 2032 588 2084 Νείλου
621 2030 960 2100 καλουμένης
989 2029 1284 2091 ἐπίσκοπος
1306 2026 1532 2090 πόλεως.
1560 2021 1727 2088 Οὗτος
1759 2025 1834 2088 είς

1941 2043 1993 2088 et
2037 2033 2306 2091 latronum
2349 2047 2445 2092 aut
2483 2038 2784 2093 bestiarum
2813 2041 3032 2098 incursu
3055 2021 3302 2114 oppressi
3337 2021 3509 2101 inter;

217 2122 298 2176 τὸ
347 2123 603 2195 Ἀράϐιον
636 2123 760 2193 ὅρος
784 2120 894 2191 (24)
929 2118 1045 2190 ἅμα
1066 2121 1130 2190 τῇ
1168 2118 1380 2190 συμϐίῳ
1401 2116 1592 2170 ἐαυτοῦ
1624 2114 1829 2185 φυγὼν,

222 2215 348 2268 οὐκ
378 2212 795 2285 ἐπανελήλυθεν.
814 2211 948 2264 Οὐδὲ
972 2209 1314 2282 ἠδυνήθησαν
1342 2209 1467 2262 ἰδεῖν
1488 2207 1688 2272 οὐκέτι,
1715 2207 1834 2259 καί·

221 2323 325 2359 τοι
363 2305 537 2359 πολλὰ
555 2303 1032 2377 διερευνησάμενοι
1078 2303 1126 2356 οἱ
1168 2301 1406 2371 ἀδελφοὶ,
1451 2299 1574 2355 οὐτε
1613 2299 1830 2362 αὐτοὺς,

225 2397 377 2450 οὕτε
416 2397 486 2450 τά
535 2395 761 2467 σώματα
801 2390 957 2466 εὗρον
996 2393 1128 2465 (95).
1155 2392 1346 2446 Πολλοὶ
1377 2391 1433 2444 δὲ
1468 2392 1516 2444 oi
1552 2391 1670 2444 κατ’
1704 2390 1835 2444 αὐτὸ

228 2488 303 2540 τὸ
350 2485 641 2558 Ἀραϐικὸν
671 2485 794 2554 ὅρος
815 2481 1387 2556 ἐξανδραποδισθέντες
1409 2481 1514 2532 ὐπὸ
1545 2478 1834 2551 βαρϐάρων

231 2576 590 2650 Σαρακηνῶν
627 2575 758 2646 (26),
789 2578 837 2628 oi
876 2575 974 2646 μὲν
1013 2573 1166 2644 μόλις
1194 2573 1286 2625 ἐπὶ
1313 2569 1528 2634 πολλοῖς
1558 2571 1834 2642 χρήμασιν

235 2667 649 2740 ἐλυτρώθηντο,
705 2668 753 2720 oi
791 2665 848 2719 δέ
889 2664 1047 2736 μέχρι
1097 2662 1193 2717 νῦν
1235 2661 1463 2715 οὐδέπω.
1511 2660 1621 2713 Kal.
1661 2656 1834 2711 ταῦτα

233 2760 530 2832 διεξῆλθον
562 2760 622 2812 οὐ
658 2759 850 2830 μάτην,
881 2755 1094 2824 ἀδελφὲ,
1138 2754 1252 2809 ἀλλ’
1294 2755 1380 2807 ἴνα
1411 2753 1576 2824 εἰδῇς,
1611 2753 1709 2806 ὅσα
1739 2751 1834 2805 καὶ

236 2851 418 2921 ⁴ἡλίκα
441 2848 589 2903 δεινὰ
617 2850 747 2919 παρ’
776 2848 905 2917 ἡμῖν
943 2844 1136 2915 συνέϐη
1157 2860 1172 2875 °
1207 2839 1282 2898 ὧν
1314 2846 1362 2897 οἱ
1405 2843 1602 2914 μᾶλλον
1640 2859 1833 2896 πεπει-

243 2939 507 3011 ραμένοι,
550 2938 768 2991 πλείονα
798 2936 862 2990 ἂν
887 2936 1096 2990 εἰδεῖεν.
1129 2953 1148 2986 ι
1181 2929 1314 2987 Εἶτα
1344 2933 1553 2997 τούτοις
1585 2933 1834 3010 ἐπιφέρει

247 3032 400 3102 μετὰ
433 3031 638 3102 βραχέα
665 3029 838 3098 λέγων
858 3044 871 3059 ο
907 3047 924 3083 ι
956 3027 1118 3080 Αὐτοὶ
1133 3027 1311 3079 τοίνυν
1329 3027 1378 3078 οί
1400 3024 1533 3078 θεῖοι
1560 3027 1835 3099 μάρτυρες

244 3125 388 3196 παρ’
409 3126 561 3194 ἡμῖν,
593 3125 642 3175 ol
673 3121 768 3175 νῦν
798 3121 892 3174 τοῦ
920 3118 1156 3192 Χριστοῦ
1189 3118 1451 3192 πάρεδροι
1490 3120 1585 3173 καὶ
1611 3122 1710 3191 τῆς
1738 3119 1833 3190 βα-

248 3218 463 3280 σιλείας
490 3215 656 3271 αὐτοῦ
688 3215 950 3280 κοινωνοὶ,
982 3213 1074 3266 καὶ
1115 3213 1328 3284 μέτοχοι
1350 3213 1454 3283 τῆς
1485 3212 1716 3284 κρίσεως
1734 3213 1833 3266 αὐ-

245 3307 352 3361 τοῦ
391 3308 486 3360 καὶ
519 3303 927 3368 συνδικάζοντες
958 3303 1126 3373 αὐτῷ,
1169 3303 1277 3355 τῶν
1319 3303 1834 3374 παραπεπτωκότων

1939 2124 2090 2180 iere?
2120 2127 2194 2181 Ex
2237 2129 2440 2197 quibus
2496 2133 2550 2187 hi
2589 2135 2680 2205 qui
2733 2134 3118 2206 superfuerunt
3188 2137 3510 2202 incolumes,

1943 2224 2108 2270 testes
2129 2218 2288 2290 241
2337 2230 2465 2275 sunt
2486 2221 2769 2279 electionis
2809 2224 3025 2279 illorum
3058 2235 3222 2294 atque
3247 2228 3510 2284 victoriae.

1945 2303 2170 2361 Unicum
2201 2310 2464 2365 duntaxat
2495 2311 2711 2368 facinus
2762 2316 2829 2369 ad
2863 2317 3240 2372 declarandam
3264 2320 3338 2374 rei
3369 2321 3513 2387 veri-

1942 2407 2103 2453 tatem
2149 2400 2236 2455 hic
2262 2402 2539 2470 adjiciam.
2590 2407 2909 2462 Chaeremon
2961 2414 3326 2480 eratquidam
3352 2428 3514 2483 gran-

1943 2488 2143 2554 dmvus,
2174 2488 2283 2544 Nili
2309 2493 2459 2547 urbis
2482 2494 2786 2566 episcopus.
2822 2495 2921 2551 Hic
2986 2513 3094 2552 una
3125 2514 3248 2552 cum
3283 2501 3516 2570 conjuge

1943 2577 1998 2632 in
2058 2579 2352 2636 Arabicum
2395 2595 2634 2640 montem
2690 2585 2813 2655 fuga
2871 2586 3104 2652 delatus,
3131 2603 3235 2642 non
3280 2587 3514 2644 ulterius

1942 2683 2191 2726 reversus
2215 2681 2316 2728 est.
2387 2675 2455 2729 Et
2497 2674 2696 2732 fratres
2727 2678 2977 2748 quamvis
3036 2691 3290 2734 accurate
3328 2681 3512 2735 omnia

1941 2763 2291 2830 perscrutati,
2345 2778 2446 2820 nec
2469 2764 2617 2835 ipsos
2645 2766 2920 2837 ‘posutac,
2965 2783 3062 2822 nec
3088 2767 3321 2836 ipsorum
3353 2767 3525 2834 cadat:

1941 2865 2071 2906 vera
2115 2853 2360 2922 reperire
2411 2864 2721 2924 potuerunt.
2778 2856 2951 2911 Porro
2993 2857 3146 2911 multi
3198 2857 3251 2911 in
3280 2857 3514 2913 Arabico

1941 2930 2238 2998 illo'monte
2266 2959 2296 2997 a
2329 2945 2580 3000 barbaris
2617 2944 2907 3002 Saracenis
2965 2947 3134 3016 capti,
3178 2956 3232 3000 et
3259 2947 3310 3002 in
3337 2949 3512 3002 servi-

1943 3040 2111 3086 tutem
2139 3033 2343 3088 redacti
2405 3042 2553 3090 sunt.
2603 3034 2682 3089 Ex
2723 3035 2918 3104 quibus
2976 3037 3063 3087 alii
3097 3035 3272 3091 soluto
3308 3037 3513 3105 ingenti

1941 3121 2118 3191 pretio
2146 3124 2235 3177 vix
2261 3123 2478 3178 tandem
2508 3124 2796 3196 redempti,
2844 3125 2937 3180 alii
2978 3126 3214 3180 nondum
3246 3127 3509 3182 hactenus

1943 3213 2133 3268 redimi
2191 3223 2503 3283 potuerunt.
2553 3215 2727 3284 Atque
2773 3216 2886 3270 haec
2912 3230 3016 3270 non
3072 3215 3300 3284 frustra,
3344 3217 3514 3272 frater

1942 3303 2282 3372 charissime,
2338 3321 2366 3359 a
2398 3320 2482 3361 me
2524 3315 2949 3361 commemorata
2977 3315 3120 3370 sunt,
3146 3307 3238 3361 sed
3270 3316 3329 3360 ut
3369 3308 3514 3363 scias

251 3397 502 3468 ἀδελφῶν
521 3414 672 3460 τινας
705 3393 1038 3457 ὑπευθύνους
1056 3397 1168 3457 τοῖς
1193 3393 1298 3447 τῶν
1329 3393 1530 3448 θυσιῶν
1563 3394 1834 3466 ἐγκλήμα-

1939 3413 2059 3468 quae
2083 3409 2138 3452 et
2165 3414 2326 3470 quam
2369 3400 2556 3470 gravia
2587 3400 2744 3454 nobis
2796 3399 2942 3453 mala
3004 3401 3351 3470 contigerint.
3381 3399 3512 3466 Quae

254 3508 314 3544 σι
338 3489 683 3562 γενομένους,
708 3485 1121 3559 προσελάϐοντο.
1147 3485 1256 3538 Kal.
1274 3484 1372 3556 τὴν
1392 3487 1723 3556 ἐπιστροφὴν
1739 3488 1834 3540 καὶ

257 3583 548 3653 μετάνοιαν
578 3577 754 3634 αὐτῶν
791 3579 1006 3643 ἰδόντες,
1035 3577 1228 3648 δεκτήν
1254 3594 1315 3630 τε
1343 3577 1593 3645 γενέσθαι
1613 3577 1835 3649 δυναμέ-

253 3693 357 3746 νην
419 3673 498 3744 τῷ
555 3671 628 3743 μὴ
684 3669 986 3742 βουλομένῳ
1049 3667 1276 3722 καθόλου
1329 3668 1420 3721 τὸν
1469 3667 1699 3722 θάνατον
1738 3668 1831 3722 τοῦ

255 3765 587 3839 ἀμαρτωλοῦ
616 3764 692 3828 ὡς
721 3763 822 3835 τὴν
853 3761 1158 3832 μετάνοιαν,
1188 3759 1601 3828 δοκιμάσαντες,
1632 3761 1833 3814 εἰσεδέ-

260 3865 420 3928 ξαντο
447 3862 541 3915 καὶ
566 3860 868 3930 συνήγαγον
899 3857 993 3908 καλ⁵
1026 3853 1356 3926 συνέστησαν
1376 3852 1508 3924 (27),
1543 3854 1638 3907 καὶ
1669 3871 1836 3925 προσ-

260 3953 435 4025 ευχῶν
467 3953 649 4015 αὐτοῖς
669 3950 762 4002 καὶ
784 3947 1076 4004 ἑστιάσεων
1105 3943 1467 4016 ἐκοινώνησαν
1491 3943 1623 4016 (38).
1654 3943 1718 3997 Τί
1742 3939 1835 3998 οὖν

333 4138 446 4208 (24)
471 4140 576 4204 Εις
622 4139 686 4208 τὸ
729 4134 989 4208 ᾎράϐιον
1027 4132 1184 4201 ὅρος.
1222 4129 1377 4208 Molis
1402 4131 1614 4208 cst-ila
1650 4131 1832 4208 dictus

259 4199 698 4277 σιιῖιιςῖιιιειῖιίιιίι
742 4199 1068 4277 Herodotus,
1103 4217 1260 4277 quem
1299 4199 1621 4277 Ριριθτηωυε
1652 4212 1706 4256 ει
1740 4203 1830 4256 alii

259 4280 304 4334 Τ
315 4271 520 4332 {nicum
547 4285 766 4332 vocant.
798 4274 936 4328 Male
962 4288 1092 4341 ergo
1124 4271 1654 4341 Christophorsonus
1682 4288 1828 4326 mon-

260 4360 364 4401 tem
395 4347 606 4400 Arabia:
639 4345 825 4399 vertit.
867 4340 1040 4397 Paulo
1070 4351 1191 4410 post
1220 4340 1477 4395 Arabicus
1511 4341 1732 4408 dicitur,
1759 4344 1829 4398 ob

260 4419 602 4472 vicinitatem
624 4415 862 4470 Arabum
893 4413 965 4466 ita
999 4412 1332 4466 nominatus.

334 4487 446 4574 (2⁵)
480 4485 627 4574 (ιίῖῖε
641 4483 746 4574 ῖέιΔ
759 4476 1829 4574 εξώέξξτῑξξξδεςῖ;,υέξίξηέδοξέςεεξείρ
1864 4519 1907 4574 ι)

260 4549 448 4612 codice
496 4555 687 4626 Regio,
721 4549 1052 4624 prorsusque
1081 4552 1252 4605 otiosa
1295 4558 1382 4626 est
1430 4565 1494 4626 ac
1536 4549 1832 4626 superﬂua.

261 4626 549 4699 Syncellus
579 4619 797 4696 Quoque
828 4637 947 4699 eam
969 4619 1170 4677 vocem
1211 4635 1319 4676 non
1363 4619 1551 4686 habet,
1583 4621 1676 4674 sed
1714 4622 1829 4688 ejus

262 4693 382 4752 loco
405 4693 610 4760 αὐτῶν,
634 4693 742 4748 non
781 4693 946 4746 male.

333 4767 444 4837 (26)
467 4757 851 4837 Σαρακῃνῶν.
882 4761 982 4837 llic
1001 4761 1164 4837 locus
1185 4759 1267 4812 vel
1289 4758 1357 4812 ob
1383 4757 1434 4812 id
1452 4772 1618 4837 unum
1632 4767 1832 4812 notan-

262 4825 362 4890 dus
395 4825 501 4900 est,
537 4825 705 4902 quod'
736 4833 939 4886 mentio
996 4831 1055 4884 fit
1097 4831 1517 4902 Saracenorum.
1577 4825 1711 4880 Nam
1761 4843 1830 4882 ex

263 4901 624 4975 scriptoribus
676 4917 906 4975 qu_orum
943 4914 1119 4975 _opera
1173 4901 1262 4975 ad
1299 4913 1398 4975 nos
1443 4906 1828 4975 perveneru_nt,

264 4968 464 5036 nullus,
489 4984 546 5028 ut
569 4968 718 5043 puto',
736 4968 1006 5042 Dionysio
1024 4969 1396 5043 Alexandrino
1408 4968 1697 5043 antiquior
1733 4968 1832 5043 Sil-

267 5061 492 5100 raeenos
525 5036 844 5098 notniuavit.
875 5036 1064 5096 'Amnt.
1107 5039 1326 5107 quidem
1378 5036 1725 5107 marcellinus
1776 5037 1829 5090 in

265 5116 405 5169 libro
429 5130 517 5168 xlv
541 5113 732 5167 scribit
762 5127 821 5167 se
845 5105 1171 5165 mentionem
1206 5109 1404 5162 fecisse
1436 5105 1830 5161 Saracenorum

264 5186 318 5240 in
349 5185 563 5237 Actibus
608 5183 867 5252 principis
907 5181 1096 5252 Marci.
1146 5177 1470 5252 Spartianus
1503 5190 1750 5252 quoque__
1776 5176 1830 5228 iu

265 5255 439 5325 Nigro
475 5246 874 5325 Saracenorum
909 5246 1236 5325 mentionem
1270 5248 1438 5325 facit,_
1459 5255 1512 5325 et
1541 5247 1608 5299 ab
1629 5247 1695 5299 iis
1716 5246 1828 5298 llo-

264 5316 456 5378 tna'uos
501 5323 701 5377 milites
735 5322 908 5375 victos
938 5336 1060 5377 esse
1092 5320 1254 5383 dicit;
1295 5317 1440 5386 quod
1478 5316 1533 5370 in
1581 5325 1830 5386 tempora

263 5395 373 5448 divi
401 5394 561 5447 Marci
587 5391 824 5447 conferri
851 5400 1044 5459 potest.

337 5464 449 5532 (Ἦ)
467 5467 512 5517 Σ
519 5463 818 5534 υνήγατρν
839 5453 940 5526 καὶ
965 5458 1377 5534 συνέστησαν.
1403 5456 1604 5534 Eadem
1635 5453 1830 5534 Diony-

267 5524 521 5589 sii‘ve'rba
555 5524 728 5587 rel'ert'
750 5524 1087 5601 Nicepltorus
1121 5524 1241 5598 cap.
1269 5530 1324 5593 4,
1349 5543 1470 5596 quae
1504 5525 1722 5601 Langus
1755 5524 1826 5601 iia

266 5605 432 5658 vertit
470 5619 484 5655 ι
527 5602 818 5672 Explorata
869 5595 1125 5671 patientia
1158 5595 1311 5672 atque
1360 5595 1723 5672 catitprabata,
1775 5595 1828 5645 in

269 5673 561 5727 Ecclesium
587 5665 674 5728 eos
704 5665 1044 5731 admiserunt,
1070 5681 1115 5724 et
1148 5665 1380 5722 adhunc
1421 5665 1632 5718 modum
1687 5679 1828 5715 rece-

269 5746 368 5805 ptis
397 5743 567 5800 locum
614 5759 768 5799 suum
817 5744 1092 5798 dederunt.
1133 5739 1332 5796 Eodem
1369 5736 1529 5793 modo
1555 5733 1834 5815 “Christo-ﬂ

1939 3490 2185 3560 profecto
2234 3491 2427 3548 melius
2485 3491 2794 3561 intelligunt
2835 3493 2894 3558 ii,
2957 3491 3050 3561 qui
3103 3490 3274 3562 magis
3298 3491 3510 3559 experti

1937 3592 2084 3638 sunt.
2128 3602 2147 3635 ι
2175 3583 2240 3637 Et
2267 3585 2450 3653 paucis
2479 3583 2810 3654 interpositis
2840 3583 2954 3637 hzec.
2991 3580 3270 3652 subjungit
3299 3599 3313 3636 :
3345 3599 3364 3633 ι
3394 3581 3509 3637 ϐεε-

1939 3682 2136 3740 terum,
2168 3675 2361 3744 iuquit,
2395 3675 2449 3728 hi
2479 3674 2646 3729 divini
2693 3683 2983 3744 martyres,
3015 3672 3109 3741 qui
3145 3687 3287 3726 nunc
3322 3685 3502 3726 asses-

1943 3779 2094 3821 seres
2121 3775 2244 3822 sunt
2279 3767 2482 3821 Christi
2508 3774 2562 3819 et
2616 3766 2767 3833 regni
2828 3765 2971 3819 illius
2996 3774 3303 3827 consortes,
3329 3777 3392 3818 ac
3422 3761 3513 3831 ju-

1942 3857 2069 3911 dicii
2125 3859 2420 3928 participes
2453 3874 2558 3913 una
2594 3873 2716 3914 cum
2757 3849 2878 3927 ipso
2916 3856 3231 3927 judicaturi,
3265 3855 3390 3909 dum
3418 3855 3508 3910 hic

1944 3950 2087 4018 apud
2138 3966 2237 4006 nos
2283 3959 2487 4018 essent,
2519 3950 2784 4021 quosdam
2839 3963 2870 4004 e
2923 3946 3184 4002 fratribus
3218 3945 3420 4015 lapsos,
3457 3956 3513 4002 et

1937 4133 2245 4204 phorsonus
2276 4131 2660 4204 interpretatus
2683 4140 2786 4196 est,
2819 4128 3074 4204 recipiunt
3105 4129 3158 4204 in
3189 4126 3502 4194 Ecclesium,

1938 4198 2219 4256 conventus
2242 4218 2358 4255 cum
2396 4198 2504 4254 illis
2530 4202 2814 4267 celebrant,
2845 4202 3025 4252 ineunt
3049 4198 3366 4266 societatem,
3393 4209 3504 4254 etc.

1938 4271 2044 4327 Sed
2080 4273 2218 4326 hanc
2275 4271 2775 4340 interpretationem
2821 4269 3076 4340 equidem
3104 4268 3356 4340 probare
3400 4283 3506 4322 non

1936 4356 2175 4410 possum.
2206 4337 2486 4410 Quomodo
2520 4342 2666 4395 enim
2689 4349 2954 4410 martyges
2979 4337 3076 4410 qui
3103 4337 3157 4390 in
3186 4350 3410 4410 carcere
3437 4348 3509 4392 te-

1939 4405 2484 4473 iiebantur'astricti,
2529 4411 2711 4479 lapsos
2759 4405 3167 4479 riniEcclesiam
3222 4406 3510 4479 admittere

1936 4481 2221 4548 poterant?
2249 4480 2399 4533 Adde
2433 4483 2574 4548 quod
2588 4474 2709 4532 'non
2755 4478 2805 4532 id
2831 4474 3337 4548 juris__co_mpetebat
3365 4492 3509 4530 mar-

1939 4545 2174 4620 tyribus,
2204 4554 2298 4606 sed
2332 4549 2432 4603 soli
2453 4545 2716 4620 episcopo
2747 4548 2899 4620 cujus
2930 4545 3299 4620 olIiciuni_erat
3336 4550 3509 4620 ptent-

1938 4613 2118 4676 tentes
2159 4613 2543 4675 reconciliare.
2606 4613 2934 4686 Martyrihus
2978 4613 3502 4686 vero__intercedere

1937 4698 2144 4743 tantum
2176 4705 2275 4758 pro
2307 4689 2500 4758 lapsis,
2543 4696 2598 4742 et
2632 4682 3101 4758 cotii'tneudatitias
3131 4682 3340 4758 litteras
3369 4686 3508 4739 scri-

1934 4760 2067 4813 bere
2123 4753 2617 4825 liéebathpparet
2673 4755 2841 4824 igitur
2892 4755 2964 4806 ita
3015 4753 3332 4806 vertendum
3370 4769 3507 4825 esse

1936 4829 2078 4884 hunc
2105 4828 2277 4883 locum
2309 4838 2366 4881 ut
2412 4823 3059 4895 vertintus.iQuanquam
3106 4836 3204 4895 vox
3257 4823 3508 4895 συνέστη-

1937 4915 2036 4951 σαν
2067 4899 2225 4952 aliter
2262 4899 2425 4952 etiam
2468 4894 2728 4964 explicari
2761 4902 2980 4964 potest.
3034 4893 3251 4964 passive
3296 4893 3508 4948 scilicet

1934 4967 2220 5049 prosimul
2255 4961 2556 5049 consisi‘ere.
2580 4965 2683 5049 'Sic
2712 4962 3002 5049 Dionysius
3030 4961 3177 5045 apud
3212 4961 3506 5049 Eusebiuiu

1935 5031 1989 5091 in
2024 5037 2116 5092 lib.
2145 5052 2240 5099 vn,
2273 5051 2392 5102 Cap.
2428 5035 2482 5095 9,
2528 5035 2682 5105 μόλις
2723 5031 3213 5105 παρακαλρύμενος
3239 5033 3506 5105 συνεστά-

1933 5124 2018 5161 ναι
2044 5109 2159 5170 ταῖς
2186 5101 2514 5175 προσευχαῖς
2530 5101 2922 5175 ’ἀνέχεταιέμιέι
2961 5101 3228 5175 Eusebius
3276 5102 3328 5175 iit
3369 5101 3506 5175 libro

1933 5124 2018 5161 ναι
2044 5124 2159 5170 ταις
2186 5123 2226 5157 π
2264 5123 2514 5174 οσευχαις
2544 5123 2816 5175 ανεχεται.
2857 5123 2922 5155 ιιι
2961 5123 3228 5155 ntrsemus
3276 5123 3328 5153 ιιι
3369 5123 3502 5156 noro

1932 5191 2008 5240 vr,
2051 5123 2264 5242 cap.3F,
2315 5177 2381 5228 de
2425 5175 2678 5237 Origene,
2733 5172 2854 5226 οὐδὲ
2906 5169 3127 5224 πώποτε
3177 5170 3502 5242 προύτράπη

1932 5247 2069 5299 κατὰ
2095 5245 2192 5314 τὴν
2221 5244 2383 5315 εὐχὴν
2413 5244 2561 5314 αὐτῷ
2592 5244 2870 5315 συστῆναι.

2002 5317 2114 5386 (‘28)
2150 5308 2682 5386 ΚαὶἛτροσεὺχῶγ
2733 5308 3006 5386 aliter}...
3069 5308 3500 5386 ἐκοινώνησαν.

1933 5380 2137 5454 Duplex
2169 5396 2286 5440 erat
2307 5380 2618 5439 communio
2645 5385 2697 5437 in
2733 5381 2971 5436 Ecclesia
3018 5398 3032 5434 :
3079 5380 3188 5454 alia
3217 5382 3501 5444 orationis,

1932 5451 2036 5507 alia
2064 5466 2548 5509 sacramentorum.
2579 5455 2645 5508 Et
2669 5455 2977 5508 orationum
3001 5451 3216 5518 quidem
3237 5465 3492 5502 .counnu-

1931 5525 2023 5595 nio
2063 5525 2454 5595 pteuiteutihus
2493 5534 2613 5594 post
2639 5534 2846 5579 certum
2874 5520 3391 5595 temporisspatium
3417 5520 3496 5572 in-

1932 5585 2278 5662 dulgebatur.
2312 5585 2635 5648 Comm'unio
2665 5609 2798 5647 vero
2821 5585 3330 5662 corporisan-isti,
3364 5603 3500 5642 non-

1931 5658 2424 5719 nisi'reconciliatis
2456 5673 2575 5733 post
2597 5664 2792 5733 longas
2817 5658 3150 5733 pinuitentia;
3178 5672 3358 5733 moras
3382 5667 3501 5733 tan:

1934 5735 2056 5790 dem
2106 5726 2536 5804 itupertiebatur.
2595 5726 2755 5789 Vidés
2810 5726 3038 5788 canones
3087 5728 3175 5795 11,
3223 5726 3293 5782 12
3337 5737 3387 5786 st
3431 5728 3498 5786 15
