4114 6406
227 327 350 383 69.9

230 443 479 504 ἑαυτοὺς
501 439 600 508 τῆς
623 436 971 507 Ἐκκλησίας.
1010 453 1027 485 ι
1066 432 1174 485 Καὶ
1212 428 1303 482 ἐπὶ
1329 426 1470 481 τέλει
1494 425 1551 478 δὲ
1580 424 1679 492 τῆς
1707 424 1829 474 sm-

231 533 465 603 στολῆς,
493 529 603 583 τῶν
629 530 722 581 ἐπὶ
754 527 969 596 Ῥώμης
988 520 1456 594 ,παραγενομένων
1489 513 1823 577 ἐπισκόπων,

180 660 187 667 ~
227 629 346 697 τῆς
371 644 433 679 τε
454 625 726 680 Νοουάτοιι
754 616 1176 685 κατεγνωκὸτων
1201 610 1548 682 ἀδελτηρίας,
1592 604 1825 661 κατάλο-

182 708 189 716 ’
230 696 343 784 γον
380 716 694 785 πεποίηται,
728 709 863 781 ὁμοῦ
890 709 958 761 τά
988 725 1047 760 τε
1075 705 1338 775 ὀνόματα,
1382 702 1476 755 καὶ⁸
1500 696 1570 771 ἧς
1593 700 1621 751 ὁ
1645 697 1827 759 καοεῖς

232 808 428 862 αὐτῶν
469 807 763 876 προηγεῖτο
808 799 1121 872 παροικξας,
1166 793 1664 865 ἐπισημηνάμενος.
1706 789 1828 841 Τῶν

195 889 303 951 ’τε
352 897 429 970 μὴ
467 891 924 966 παραγενομένων
960 888 1058 959 μὲν
1102 886 1195 941 ἐπὶ
1216 886 1323 955 τῆς
1361 882 1601 953 Ῥώμης,
1640 897 1827 933 συνευ-

229 987 588 1058 ῶκησάντων
616 985 672 1037 δὲ
696 983 785 1037 διὰ
815 980 1156 1053 γραμμάτων
1179 981 1243 1047 τῇ
1275 977 1382 1030 τῶν
1418 971 1826 1045 προειρημένων

233 1079 435 1149 ψήφῳ,
488 1076 587 1139 τὰς
632 1072 1001 1146 προσηγορίας
1053 1068 1188 1139 ὁμοῦ
1234 1067 1329 1121 καὶ
1356 1066 1453 1128 τὰς
1487 1064 1667 1125 πόλεις
1706 1061 1827 1113 ὅθεν

234 1170 478 1230 ἕκαστος
519 1165 837 1238 ὁρμώμενος
874 1161 1181 1222 ἐπέστελλε,
1237 1155 1582 1229 μνημονεύει.
1642 1151 1829 1206 Ταῦτα

241 1260 347 1328 μὲν
385 1260 415 1311 ὁ
441 1257 734 1329 Κορνήλιος
763 1254 945 1325 Φαϐίῳ
973 1249 1304 1321 Ἀντιοχείας
1345 1245 1629 1315 ὲπισκόπῳ
1655 1241 1829 1312 δηλῶν

237 1350 480 1419 ἔγραφε·

1276 305 1623 364 lllSTOlilE
1659 295 2216 358 ECCLESIASTICAE
2256 294 2382 347 LIB.
2425 291 2517 348 VI.

1860 424 1907 481 Α
1935 432 2099 489 porro
2136 413 2283 470 illum
2307 413 2418 483 jam
2451 409 2710 465 nudatum
2735 417 2797 458 ac
2838 414 2972 471 pene
3004 397 3176 453 solum
3210 391 3496 489 renisus—is-

3398 274 3499 325 b3“

1933 482 2024 572 se,
2054 482 2317 561 fratribus
2347 499 2590 571 quotidie
2617 512 2740 551 eum
2774 491 3147 549 deserentibus
3167 527 3180 551 ,
3217 496 3271 541 et
3302 484 3367 537 ad
3396 482 3499 537 Ec-

1934 599 2152 657 clesiam
2205 584 2578 648 redeuntibus.
2628 585 2795 651 Quem
2825 582 2985 636 etiam
3007 578 3218 649 Moyses
3249 572 3499 629 beatissi-

1938 703 2057 745 mus
2086 694 2312 756 martyr,
2344 682 2435 751 qui
2471 693 2641 747 nuper
2669 673 2809 745 apud
2842 687 2939 726 nos
2971 668 3188 738 egregio
3224 674 3279 718 et
3323 663 3500 756 admi-

1937 781 2107 837 rando
2137 755 2400 846 martyrio
2428 770 2744 842 perfunctus
2777 773 2893 828 est;
2923 763 3049 817 dum
3086 759 3259 812 adhuc
3282 757 3335 809 in
3364 755 3505 808 vivis

1934 881 2122 935 esset,
2155 867 2436 923 audaciam
2490 864 2606 932 ejus
2640 876 2703 914 ac
2749 859 2986 912 furorem
3032 860 3373 921 perspectum
3408 849 3515 930 1ιιιηι

1932 964 2096 1028 hens,
2123 976 2152 1014 a
2184 955 2565 1014 communione
2600 966 2696 1007 sua
2736 946 3008 1018 separavit
3038 959 3139 997 una
3177 958 3296 996 cum
3341 941 3518 1018 quin:t

1936 1069 2041 1123 que
2066 1047 2417 1121 presbyteris,
2441 1044 2529 1113 qui
2562 1057 2619 1097 se
2641 1039 2850 1108 pariter
2884 1051 3005 1093 cum
3036 1034 3127 1090 illo
3158 1033 3223 1087 ab
3248 1029 3503 1123 Ecclesia:

1934 1119 2166 1212 corpore
2195 1140 2544 1206 abruperant.
2593 1152 2609 1184 ι
2658 1131 2770 1186 Sub
2804 1130 2964 1183 finem
2997 1134 3174 1179 autem
3222 1119 3463 1212 epistol—ae
3486 1158 3499 1179 ,

1936 1209 2219 1287 numerum
2248 1235 2495 1282 recenset
2534 1225 2911 1292 episcoporum
2947 1215 3037 1286 qui
3076 1215 3129 1267 in
3172 1213 3357 1265 urbem
3398 1209 3505 1262 Ro-

1936 1339 2081 1378 mam
2111 1320 2498 1375 convenientes
2524 1358 2539 1381 ,
2564 1315 2859 1369 amentiam
2886 1307 3074 1362 Novati
3112 1306 3504 1362 condemnave-

713 1448 926 1505 quoque
977 1431 1233 1492 illorum.
1270 1436 1326 1483 et
1376 1440 1538 1496 quam
1575 1423 1806 1493 quisque
1875 1416 2095 1485 regebat
2126 1410 2421 1467 Eeelesiam
2451 1407 2748 1462 ascrib‘ens.
2790 1402 2985 1455 Eorum
3031 1400 3158 1453 item
3201 1397 3291 1465 qui
3320 1394 3503 1448 Romae

237 1528 472 1598 quidem
529 1492 752 1583 minime
816 1492 1143 1589 adfuerant,
1203 1522 1543 1592 superiorum
1612 1528 1794 1571 tamen
1856 1511 2231 1581 episcoporum
2262 1504 2583 1562 sententiam
2626 1499 2824 1556 litteris
2869 1496 2987 1598 suis
3026 1492 3456 1598 approli-avera‘ul
3485 1527 3500 1552 ο

239 1584 510 1679 voeabula
540 1622 783 1676 simul-ct
817 1621 1061 1676 civitates
1090 1620 1229 1671 unde
1262 1615 1455 1683 singuli
1502 1615 1708 1667 litteras
1750 1608 2035 1670 dederant,
2074 1610 2326 1659 accurate
2368 1603 2778 1656 commemorat.
2828 1594 2894 1649 Et
2950 1593 3067 1648 litec
3110 1589 3324 1660 quidem
3369 1584 3503 1640 Cor-

238 1715 428 1770 nelius
473 1714 639 1770 Fabio
682 1711 1035 1767 Antiochensi
1080 1711 1332 1777 episcopo
1389 1723 1485 1777 per
1528 1703 1814 1776 epistolam
1859 1698 2183 1754 insinuavit.

760 1798 1155 1853 ΚΕΦΔΛΑῘΟΝ
1190 1798 1321 1850 ΜΔ’.

452 1894 589 1961 Περὶ
619 1888 1006 1961 Σαραεζζωνος
1023 1886 1253 1961 ισξορίιι
1278 1881 1611 1961 Λᾼιονυσίου

784 1959 921 2031 (Nic.
958 1956 1029 2012 II.
1066 1956 1131 2009 E.
1167 1972 1241 2021 vt,
1271 1954 1346 2027 6).

315 2053 415 2125 Τῷ
442 2054 486 2107 δ’
512 2051 659 2121 αὐτῷ
702 2050 874 2121 τούτῳ
912 2048 1095 2117 Φαϐίῳ
1134 2043 1685 2116 ὑποκατακλινομένῳ
1716 2060 1832 2106 πως

236 2150 326 2217 τῷ
349 2146 626 2215 σχίσματι,
650 2143 747 2196 καὶ
777 2141 1049 2204 Διονύσιος
1077 2142 1104 2193 ὁ
1126 2142 1244 2194 κατ’
1281 2137 1831 2209 Ἀλεξάνδρειανὲπι-

240 2236 501 2301 στείλας,
532 2235 699 2289 πολλά
737 2252 795 2287 τε
828 2232 963 2287 ἄλλα
993 2232 1119 2303 περὶ
1151 2230 1437 2303 μετανοίας
1464 2231 1520 2281 ὲν
1554 2231 1666 2291 τοῖς
1695 2227 1832 2298 πρὸς

239 2329 414 2383 αὐτὸν
445 2328 731 2399 γράμμασι
758 2324 1000 2386 διελθὼν,
1031 2322 1138 2376 τῶν
1167 2340 1226 2375 τε
1271 2320 1392 2374 κατῗ
1428 2318 1830 2389 Ἀλεξάνδρειαν

238 2420 476 2489 hunc;
491 2418 614 2470 τότε
647 2414 1105 2489 μαρτυρησάντων
1125 2414 1250 2475 τοὺς
1270 2412 1486 2480 ἀγῶνας
1508 2408 1677 2472 διιὼν,
1696 2408 1831 2479 μετὰ

238 2507 351 2577 τῆς
380 2506 543 2577 ἄλλης
588 2506 848 2576 ἱστορίας,
880 2503 1112 2576 πρᾶγμά
1138 2520 1192 2555 τι
1227 2502 1420 2573 μεστὸν
1451 2500 1723 2571 θαύματος
1755 2500 1833 2553 δι’·

240 2603 486 2670 ηγεῖται.
524 2602 588 2653 ’0
618 2600 711 2651 καὶ
740 2597 873 2655 αὐτὸ
902 2598 1198 2665 ἀναγκαῖον
1229 2596 1355 2667 τῇδε
1401 2593 1733 2667 παραδοῦναι
1762 2596 1827 2664 τῇ

241 2692 459 2761 γραφῇ,
487 2688 658 2751 οὕτως
685 2688 837 2758 ἔχον·
873 2707 889 2739 ι
934 2688 1031 2739 Ἓν
1073 2687 1129 2740 δέ
1169 2704 1249 2739 σοι
1283 2686 1441 2739 τοῦτο
1482 2685 1830 2757 παράδειγμα

244 2782 384 2851 παρ’
417 2781 545 2850 ἡμῖν
584 2778 924 2849 συμϐεϐηκὸς
956 2777 1273 2847 ἐκθήσομαι.
1326 2775 1617 2847 Σαραπίων
1652 2793 1737 2840 τις
1764 2771 1831 2845 ἦν

244 2871 381 2942 παρ’
417 2872 544 2940 ἡμῖν
576 2869 764 2931 πιστὸς
803 2869 1013 2938 γέρων,
1046 2868 1348 2938 ἀμέμπτως
1392 2867 1489 2938 μὲν
1530 2866 1621 2919 τὸν
1664 2865 1831 2919 πολὺν

244 2960 544 3022 διαῆιώσας
572 2958 780 3029 χρόνον,
822 2959 878 3011 ἐν
913 2958 969 3011 δὲ
1012 2957 1090 3029 τῷ
1120 2956 1410 3029 πειρασμῷ
1441 2955 1649 3009 πεσών.
1665 2952 1832 3020 Οὗτος

247 3053 511 3116 πολλάκις
537 3051 721 3115 ἐδεῖτο,
746 3050 841 3103 καὶ
871 3050 1046 3112 οὐδεὶς
1076 3052 1364 3121 προσεῖχεν
1394 3047 1542 3117 αὐτῷ
1571 3046 1703 3117 (57),
1736 3046 1832 3102 καὶ

244 3145 361 3216 γὰρ
390 3143 660 3197 ὲτεοὺκει·
698 3144 753 3194 ὲν
784 3142 919 3213 νόσῳ
949 3140 1003 3195 δὲ
1024 3138 1331 3209 γενόμενος,
1353 3137 1520 3210 τριῶν
1550 3137 1675 3208 ἑξῆς
1695 3139 1833 3209 ἡμεδ
1857 3168 1902 3227 α

246 3238 365 3309 ρῶν
397 3236 603 3305 ἄφωνος
630 3235 725 3287 καὶ
747 3231 1068 3302 ἀναίσθητος
1093 3229 1376 3284 διετέλεσε.
1400 3229 1581 3300 Βραχὺ
1611 3228 1668 3281 δὲ
1699 3229 1828 3282 ἀνα-

247 3326 463 3397 σφήλας
487 3328 551 3396 τῇ
580 3324 833 3395 τετάρτῃ,
867 3321 1303 3393 προσεκαλέσατο
1332 3320 1422 3372 τὸν
1450 3317 1824 3390 θυγατριδοῢνο

245 3418 367 3478 καὶ,
394 3415 567 3485 Μέχρι
591 3413 754 3477 τίνος,
776 3412 957 3482 φησιν,
988 3406 1032 3464 ὢ
1050 3411 1258 3474 τέκνον,
1283 3410 1349 3481 μὲ
1373 3408 1630 3479 κατέχετε
1651 3426 1664 3474 ;
1698 3410 1824 3463 Δέο-

252 3524 372 3577 μαι,
402 3505 690 3568 σπεύσατε,
708 3503 801 3557 καί
828 3522 893 3573 με
916 3502 1105 3555 οᾶττον
1136 3500 1580 3566 ἁπολύσατε,τῶν
1601 3502 1829 3572 πρεσϐυ-

246 3593 425 3664 τέρων
454 3592 542 3664 μοι
561 3609 683 3647 τινα
708 3592 935 3645 κάλεσον
959 3591 1091 3663 (58).
1117 3591 1227 3644 Καὶ
1254 3590 1423 3643 ταῦτα
1449 3589 1637 3656 εἰπὼν,
1665 3591 1827 3645 πάλιν

252 3713 341 3757 rat
387 3719 400 3755 :
445 3703 538 3756 sed
597 3701 941 3756 confessores
998 3701 1211 3771 nonnisi
1262 3700 1443 3771 Moyse
1489 3711 1701 3757 mortuo
1756 3704 1823 3758 ad

252 3772 539 3826 Novatiaui
569 3782 750 3837 partes
771 3773 1119 3825 transierunt.
1146 3770 1315 3824 Tanta
1342 3770 1421 3824 vis
1447 3780 1607 3837 atque
1630 3782 1822 3825 aucto-

251 3846 389 3897 ritas
424 3842 476 3894 in
504 3841 688 3910 Moyse
731 3851 869 3895 erat.
898 3841 1082 3911 idque
1131 3849 1277 3895 certe
1313 3840 1490 3893 innuit
1522 3842 1826 3911 Cyprianus

254 3916 309 3965 in
340 3911 496 3975 epist.
528 3907 619 3972 51⁷,
645 3912 727 3963 bis
760 3910 938 3964 verbis
964 3907 1365 3976 {Posteaquam
1405 3926 1493 3963 vos
1529 3907 1823 3965 de’carcere

250 3983 559 4049 prodeuntes
595 3981 960 4033 schismaticas
1008 3989 1054 4032 et
1096 3980 1369 4033 Iiwreticus
1410 3994 1559 4032 error
1600 3984 1820 4045 excepit,

254 4053 331 4105 sic
368 4067 444 4103 res
463 4063 569 4102 eral
594 4052 747 4117 quasi
774 4049 942 4119 gloria
965 4060 1129 4103 vestra
1152 4051 1203 4102 in
1235 4064 1441 4102 carcere
1464 4052 1818 4119 remansisset.

257 4120 417 4188 Atqui
454 4114 661 4172 constat
704 4114 1066 4180 confessores,
1115 4120 1326 4172 nonnisi
1363 4130 1576 4171 mortuo
1618 4114 1821 4188 Moyse,

256 4206 320 4243 ex
370 4204 589 4257 carcere
631 4188 881 4242 dimissus
926 4188 1112 4257 fuisse.
1164 4188 1274 4241 Cur
1311 4188 1454 4241 enim
1490 4188 1589 4257 ipsi
1644 4191 1823 4257 potius

255 4258 466 4311 dimissi
492 4256 728 4327 fuissent
749 4273 907 4324 quam
951 4256 1162 4327 Moyses
1182 4257 1225 4308 Τ
1246 4258 1371 4311 Post
1399 4256 1623 4311 mortem
1661 4258 1824 4327 igitur

256 4328 459 4397 Moysis
488 4326 1057 4397 Novatianumsecuti
1100 4336 1249 4397 sunt.
1281 4326 1467 4397 Quare,
1491 4343 1595 4381 non
1632 4326 1822 4397 assen-

254 4391 365 4449 tior
393 4397 646 4461 Baronio,
681 4397 773 4463 qui
805 4396 875 4449 ad
907 4410 1106 4450 annum
1145 4391 1341 4450 Christi
1371 4396 1499 4460 9.51,
1544 4412 1691 4449 num.
1730 4396 1820 4459 66.

252 4469 335 4520 ait
358 4444 900 4520 coofessor'es'adhuc
930 4466 981 4518 in
1017 4479 1245 4519 carcere
1270 4444 1499 4533 positos:
1524 4444 1824 4519 Novatiano
1856 4444 1899 4497 D

253 4537 516 4588 adversus
544 4535 849 4588 Cornelium
885 4534 1102 4589 favisse.
1132 4536 1240 4588 Sed
1277 4548 1451 4602 neque
1486 4534 1613 4587 illud
1657 4534 1827 4588 libens

255 4605 490 4657 Baronio
529 4604 913 4664 concesserim.
958 4605 1099 4670 quod
1147 4605 1286 4656 idem
1320 4604 1528 4664 scribit.
1590 4602 1827 4671 Moysem

253 4674 463 4727 scilicet
494 4675 869 4741 presbyterum
900 4671 1151 4727 Cornelio
1193 4672 1390 4725 favisse
1424 4674 1680 4726 adversus
1720 4672 1829 4725 No-

253 4745 556 4812 vatianum.
608 4742 733 4794 Mihi
775 4743 917 4795 enim
970 4743 1181 4812 videtur
1230 4742 1444 4812 Moyses
1468 4742 1650 4812 _paulo
1703 4752 1830 4796 ante

252 4811 658 4865 ordinationem
702 4812 934 4863 Cornelii
967 4825 998 4864 e
1036 4810 1170 4863 vivis
1198 4810 1423 4864 abiisse.
1456 4810 1665 4878 Quippe
1694 4812 1831 4865 Cor-

257 4883 433 4934 nelius
466 4895 608 4933 anno
636 4880 839 4935 Christi
868 4879 995 4941 251,
1026 4878 1190 4933 Decio
1217 4882 1458 4949 Angusto
1485 4895 1550 4932 ιιι
1572 4890 1626 4933 et
1669 4879 1831 4934 Decio

256 4952 471 5004 Caesare
500 4965 668 5014 coss.,
702 4964 886 5004 mense
933 4949 1101 5017 Aprili
1149 4950 1297 5017 juxta
1344 4950 1558 5002 Bareuii
1606 4961 1831 5003 senten-

258 5020 416 5084 tiam,
484 5021 660 5073 fartus
696 5030 781 5073 est
820 5020 1107 5087 episcopus
1143 5036 1157 5072 :
1196 5020 1413 5088 Moyses
1463 5033 1590 5071 vero
1646 5033 1831 5073 mense

256 5088 561 5143 Februario
594 5089 831 5157 ejusdem
889 5089 1016 5141 anui
1069 5104 1099 5141 e
1142 5090 1249 5141 vita
1303 5090 1659 5150 discesserat,
1706 5105 1827 5143 cum

253 5160 383 5212 anni
408 5161 583 5225 spatio
611 5160 661 5211 in
693 5173 911 5212 carcere
945 5159 1352 5226 permansisset,
1384 5166 1616 5227 utsupra
1641 5160 1823 5212 obser-

256 5230 402 5281 vavi.
440 5229 604 5282 Porro
646 5243 713 5283 ex
747 5229 985 5294 quinque
1031 5228 1135 5281 illis
1185 5228 1520 5297 presbyteris
1565 5229 1655 5295 qui
1706 5243 1827 5281 cum

259 5299 560 5367 Novatiauo
584 5297 653 5350 ab
684 5298 926 5350 Ecclesia
946 5310 1013 5367 se
1043 5310 1482 5367 segregaverunt,
1503 5314 1640 5351 unus
1668 5300 1831 5351 fuisse

260 5368 476 5420 videtur
505 5366 773 5421 Maximus
813 5366 1124 5435 presbyter,
1157 5368 1389 5419 Maximo
1422 5368 1495 5419 illi
1535 5367 1830 5421 confessori

259 5436 619 5512 cognominis,
653 5452 811 5505 quem
844 5436 1173 5490 Novatianus
1195 5438 1431 5512 legatum
1464 5446 1651 5506 postea
1686 5437 1833 5490 misit

261 5506 314 5558 in
343 5506 607 5559 Africam.

334 5575 449 5645 (57)
477 5574 690 5640 Οὐδεὶς
725 5573 1052 5643 προσεῖχεν
1084 5576 1265 5641 αὐτῷ.
1299 5573 1357 5628 Id
1397 5587 1504 5634 est.
1544 5591 1702 5629 nemo
1733 5591 1831 5630 nec

262 5644 330 5697 de
359 5645 508 5697 clero
538 5659 635 5698 nec
667 5650 732 5699 de
771 5647 986 5713 populo,
1036 5644 1154 5712 ejus
1198 5647 1448 5713 precibus
1494 5645 1828 5710 ﬂectebatur,

264 5726 324 5769 ut
357 5716 568 5768 veniam
605 5715 677 5768 illi
706 5717 933 5769 dandam
966 5730 1258 5785 pacemque
1296 5714 1671 5786 indulgendum
1713 5731 1830 5771 esse

2389 1783 2553 1855 246
2589 1780 2816 1837 CAPUT
2862 1780 3042 1835 XLIV.

2238 1875 2494 1930 Narratio
2521 1873 2763 1942 Dionysii
2790 1873 2854 1926 de
2890 1872 3198 1939 Seerione.

2007 2030 2190 2086 Eidem
2225 2045 2388 2100 porro
2417 2029 2586 2085 Fabio
2634 2029 2918 2099 Dionysius
2967 2027 3360 2083 Alexandrinus
3390 2028 3504 2097 epi-

1932 2140 2128 2194 scopus
2162 2124 2412 2178 scribens
2438 2163 2453 2185 ,
2489 2132 2773 2191 postquam
2804 2130 2858 2174 ct
2907 2120 3012 2173 alia
3064 2121 3228 2173 multa
3264 2135 3383 2187 qua:
3436 2122 3501 2172 ad

1931 2217 2308 2287 pmnitentiain
2340 2224 2589 2284 spectant
2633 2215 2684 2268 in
2720 2214 2835 2269 suis
2880 2214 2946 2268 ad
2985 2214 3136 2267 illum
3168 2214 3366 2267 litteris
3403 2229 3501 2267 ex-

1933 2310 2133 2380 posuit,
2165 2317 2219 2363 et
2246 2318 2548 2378 martyrum
2580 2308 2674 2376 qui
2706 2322 2895 2361 recens
2924 2304 3266 2359 Alexandria:
3296 2314 3501 2377 marty-

1934 2404 2071 2454 rium
2108 2399 2434 2464 subierant,
2486 2399 2785 2453 certamina
2819 2397 3309 2461 commemoravit,
3362 2398 3504 2450 inter

1930 2501 2128 2545 caetera
2164 2490 2374 2545 facinus
2405 2490 2678 2559 quoddam
2709 2489 2877 2543 refert
2906 2488 3269 2542 admiratione
3298 2488 3501 2557 dignis-

1932 2582 2125 2634 simum
2151 2621 2165 2647 ,
2193 2582 2337 2650 quod
2379 2581 2503 2636 huic
2536 2580 2701 2634 etiam
2754 2580 2997 2634 historiae
3028 2589 3227 2633 nostra:
3260 2580 3503 2634 inserere

1932 2673 2301 2728 necessarium
2337 2668 2489 2727 duxi.
2527 2672 2620 2727 Est
2647 2682 2825 2727 autem
2872 2671 3179 2741 hujusmodi
3214 2690 3227 2726 :
3263 2689 3281 2724 t
3326 2670 3500 2727 Unum

1935 2768 2030 2823 tibi
2065 2767 2369 2836 exemplum
2406 2781 2702 2837 proponam
2749 2766 2893 2835 quod
2923 2766 3061 2834 apud
3108 2780 3209 2819 nos
3251 2765 3499 2833 contigit.

1932 2858 2061 2913 Erat
2088 2858 2138 2912 in
2174 2858 2278 2913 hac
2313 2857 2446 2911 urbe
2481 2856 2741 2926 Serapion
2773 2857 2991 2924 quidam
3017 2871 3185 2911 senex
3212 2871 3242 2908 e
3278 2870 3511 2910 numero

1931 2948 2172 3005 fidelium
2201 2987 2217 3013 ,
2252 2950 2346 3019 qui
2382 2948 2592 3017 reliquo
2632 2948 2849 3018 quidem
2900 2956 3163 3003 anteacta:
3206 2949 3332 3002 vitae
3367 2956 3505 3001 tem.-

1930 3056 2064 3112 pore
2101 3040 2232 3095 nulli
2266 3040 2436 3111 culpae
2473 3040 2742 3097 obnoxius
2787 3039 2986 3094 fuerat.
3021 3039 3126 3094 Sed
3158 3039 3211 3093 in
3244 3053 3505 3107 perseeu-

1937 3131 2083 3185 tione
2134 3130 2351 3199 lapsus,
2405 3144 2774 3200 szepenumero
2824 3130 3035 3183 veniam
3090 3129 3370 3197 petierat,
3403 3143 3507 3181 nec

1935 3224 2225 3294 quisquam
2284 3222 2332 3277 ei
2390 3223 2750 3289 attendebat,
2815 3236 2879 3277 eo
2927 3221 3070 3290 quod
3120 3221 3502 3276 saeriticasset.

1934 3314 2078 3370 Idem
2112 3323 2296 3385 postea
2329 3314 2517 3369 morbo
2562 3323 2849 3382 correptus
2904 3311 3057 3366 vocis
3094 3327 3193 3366 usu
3236 3325 3516 3380 sensuque-

1932 3407 2077 3463 oinni
2111 3422 2303 3462 carens
2333 3406 2516 3461 triduo
2547 3405 2865 3474 permansit.
2901 3404 3117 3471 Quarto
3145 3405 3360 3457 demmn
3418 3404 3507 3458 die

1934 3498 2208 3568 paululum
2238 3506 2534 3565 recreatus,
2572 3504 2825 3567 nepotem
2860 3513 2924 3551 ex
2959 3497 3065 3551 filia
3101 3498 3168 3551 ad
3203 3512 3262 3551 se
3294 3507 3452 3551 vocat
3486 3515 3500 3553 :

1935 3590 2004 3645 Et
2052 3605 2336 3661 quousque
2368 3590 2580 3645 tandem
2614 3629 2630 3654 ,
2676 3589 2892 3658 inquit,
2922 3603 3008 3643 me
3053 3588 3306 3643 detinetis
3332 3627 3347 3654 ,
3386 3583 3500 3642 liii?

1933 3713 2199 3759 censeret.
2228 3703 2359 3758 Nam
2382 3714 2433 3759 et
2460 3704 2644 3772 populi
2665 3702 2980 3772 suffragium
3005 3705 3070 3757 ad
3103 3704 3152 3757 id
3177 3715 3294 3757 erat
3319 3717 3507 3757 ncces-

1934 3776 2168 3838 sarium,
2200 3784 2256 3827 ut
2284 3775 2475 3842 aliquis
2530 3775 2715 3841 lapsus
2758 3784 2849 3826 aut
2884 3775 2952 3827 ob
3009 3773 3149 3827 aliud
3182 3774 3387 3826 crimen
3436 3774 3505 3825 ab

1931 3842 2187 3898 Ecclesiae
2210 3844 2599 3897 eounnuuione
2621 3853 2927 3911 separatus,
2958 3843 3009 3896 in
3044 3842 3339 3896 Eeclcsiam
3367 3843 3507 3896 reci-

1932 3924 2170 3982 peretur.
2198 3915 2373 3982 Atque
2404 3912 2674 3967 interdum
2709 3912 2993 3981 episc0pus
3032 3914 3144 3981 ipse
3170 3913 3375 3980 plebem
3414 3927 3497 3982 ro:

1930 3979 2113 4052 gabat,
2141 3991 2199 4035 ιιι
2248 3979 2676 4050 ρὲιειιιὶνριιεοιη
2709 3994 2766 4052 et"
2794 3979 3227 4036 communionem
3280 3979 3503 4052 conecti!

1931 4050 2229 4121 pateretur.
2261 4053 2715 4121 quemadmodum
2740 4051 2899 4106 docet
2923 4052 3225 4121 Cyprianus
3259 4052 3308 4105 in
3339 4050 3479 4119 epist

1932 4119 2001 4175 55
2034 4122 2123 4175 ad
2153 4119 2482 4173 Cornelium.
2543 4119 2752 4188 Saepius
2798 4119 2981 4173 autem
3008 4119 3174 4189 plebs
3218 4124 3329 4189 ipsa
3362 4136 3489 4186 τιιιιιι

1929 4192 2243 4257 episcopum
2289 4190 2680 4251 intercedebat,
2710 4200 2768 4242 ut
2799 4191 3127 4259 pteniteutes
3155 4191 3222 4243 ad
3257 4206 3473 4245 COIIIIIIII

1932 4261 2149 4313 nionem
2180 4259 2618 4313 admitterentur.
2679 4259 2843 4326 Cujus
2889 4260 2965 4312 rei
2999 4260 3209 4328 insigne
3242 4261 3503 4314 habemus

1929 4329 2233 4394 exemplum
2276 4328 2328 4381 iu
2375 4328 2603 4397 epistola
2637 4329 2872 4383 Cornelii
2906 4344 3054 4398 papa:
3096 4330 3162 4383 ad
3199 4330 3513 4384 Fabianum.

1930 4398 2369 4466 ιιλιιιὶυςιιοιιιιῐιι.Δ
2408 4400 2474 4451 de
2527 4399 2787 4466 episcopo
2847 4400 2937 4453 illo
2999 4400 3088 4465 qui
3142 4398 3501 4454 Novatiauniu

1929 4468 2276 4548 ordinaverat
2307 4461 2538 4548 εςῼλκαὶ
2563 4461 3185 4548 αὐτῷ’ὲκοινωνῄσαμεν·
3206 4469 3285 4537 ὡς
3308 4467 3509 4548 λᾳῖίκιξι)

1932 4535 2271 4610 ⁴περὶαύτοῦ
2296 4535 2598 4610 Δδεηθέντος
2635 4535 2851 4610 παντὸς
2904 4535 2997 4591 τοῦ
3048 4535 3315 4610 παρόντος
3338 4535 3507 4603 λαοῦ.

1931 4606 2257 4674 Cyprianus,
2295 4606 2347 4659 in
2371 4608 2596 4673 epistola
2631 4608 2888 4671 ἔνθερμα
2905 4624 2986 4660 res
3028 4606 3501 4671 nos'satismovit,

1933 4691 2188 4728 recessum
2218 4692 2329 4729 esse
2363 4692 2395 4727 a
2429 4677 2622 4730 decreti
2672 4681 2835 4729 nostri
2881 4682 3220 4740 auctoritate,
3264 4692 3319 4732 ut
3378 4690 3501 4733 ante

1931 4745 2222 4811 legitimum
2267 4754 2315 4797 et
2356 4746 2565 4812 plenum
2595 4758 2800 4815 tempus
2824 4746 3209 4813 satisfactianis
3237 4786 3281 4812 ,ρ
3298 4759 3345 4802 et
3389 4750 3513 4806 sine

1930 4818 2096 4879 petitu
2126 4824 2171 4866 et
2201 4816 2522 4889 conscientia
2563 4816 2748 4882 plebis,
2778 4816 2924 4889 nulla
2962 4816 3267 4889 infirnu'tate
3291 4829 3504 4889 urgente

1932 4898 1993 4934 ac
2018 4886 2318 4937 necessitate
2354 4894 2587 4952 cogente,
2610 4901 2716 4953 pax
2750 4886 2797 4937 ei
2854 4888 3247 4941 concederetur.
3299 4886 3505 4943 Gorne-

1934 4953 2055 5015 lius,
2082 4953 2141 5029 in
2167 4953 2393 5029 ep_isto_la
2426 4954 2491 5006 ad
2520 4954 2879 5024 Cyprianum:
2901 4954 3128 5009 Crateros
3159 4971 3275 5008 cum
3304 4962 3514 5029 ingenti.

1930 5022 2111 5099 populi
2130 5023 2390 5099 su/[ragio
2417 5022 2727 5099 recepimus.

2005 5091 2115 5164 (5_8)
2151 5091 2275 5164 Τῶν
2305 5091 2727 5164 πρεσϐυτέρων.
2745 5094 2850 5163 μοι
2878 5111 3010 5147 τινα
3028 5093 3314 5149 κάλεσον.
3346 5096 3505 5164 Qua:-

1935 5173 2015 5240 ret
2049 5160 2184 5241 forte
2201 5162 2396 5241 aliquis
2415 5178 2512 5215 cur
2533 5160 2759 5232 Serapio
2782 5160 2889 5216 non
2922 5166 3093 5233 ipsum
3114 5166 3290 5234 potius
3313 5160 3499 5241 accer-

1934 5232 2121 5301 siverit
2152 5232 2461 5300 episcopum
2486 5270 2501 5294 ,
2544 5248 2573 5285 a
2603 5248 2710 5300 quo
2742 5232 2949 5301 pacem
2972 5244 3024 5288 et
3061 5232 3499 5293 cdmmunionem

1934 5300 2229 5372 acciperet,
2264 5303 2464 5372 quippe
2517 5300 2839 5372 episcopalis
2874 5302 3032 5358 olﬁeii
3080 5314 3198 5357 erat
3230 5306 3493 5372 paeniten-

1936 5371 2067 5443 timn
2116 5371 2504 5443 reconciliatio.
2570 5371 2766 5443 Fatear
2813 5373 3031 5441 quidem
3067 5373 3122 5427 id
3172 5371 3389 5443 proprie
3433 5378 3495 5430 ad

1935 5440 2223 5507 episcopos
2253 5440 2598 5507 pertinuisse.
2632 5440 3116 5512 Verum’episcOpi,
3148 5440 3503 5511 e’uin'nbique

1936 5519 2231 5580 praesentes
2249 5523 2378 5580 esse
2410 5525 2516 5580 non
2545 5511 2900 5578 possent,.ne
2934 5511 3071 5566 forte
3114 5512 3238 5580 quis
3267 5513 3317 5564 in
3352 5514 3498 5567 inﬁr-

1934 5578 2123 5650 mitate
2144 5578 2351 5650 positus
2382 5579 2584 5648 absque
2606 5595 2738 5650 pace
2759 5592 2814 5635 et
2832 5578 3323 5635 communicatione
3344 5585 3488 5637 dece-

1934 5647 2467 5720 tleret,.presbyteri_s
2497 5647 2756 5705 mandare
2774 5660 3187 5720 consueverant,
3221 5661 3279 5704 ut
3312 5668 3502 5720 paceni.

1935 5717 2092 5787 a‘gt'is
2150 5718 2550 5789 postulantibus
2598 5719 2808 5776 darent.
2880 5719 3013 5776 Nam
3064 5718 3180 5775 sine
3228 5717 3499 5780 consensu
