4114 6406
633 364 736 417 οπο

1264 451 1490 507 CAPUT
1535 452 1572 505 Ι.

1004 545 1078 598 De
1111 544 1440 612 improbitate
1469 541 1613 596 Decii
1635 552 1682 596 et
1713 541 1878 596 Galli.

706 702 870 758 Decio
890 699 1047 755 simul
1072 715 1191 752 cum
1218 697 1406 751 liberis
1431 695 1741 760 interfecto,
1765 713 1887 749 cum
1912 697 2209 750 secundum

635 795 846 863 imperii
898 809 1098 846 annum
1135 791 1360 845 necdum
1414 789 1704 858 explesset,
1763 786 1950 845 Gallus
2003 790 2054 842 in
2094 791 2210 858 ejus

637 886 814 940 locum
858 883 1120 938 succedit.
1168 881 1284 947 Quo
1333 891 1574 949 tempore
1610 880 1873 949 Origenes
1925 889 2211 948 septuage-

638 979 776 1030 simo
802 976 979 1030 aetatis
1018 989 1159 1028 anno
1187 988 1250 1026 ex
1312 972 1413 1026 hac
1459 973 1566 1025 vita
1619 972 1894 1041 migravit.
1942 970 2208 1026 Cancrum

641 1067 928 1138 Dionysius
984 1067 1035 1119 in
1099 1065 1324 1134 cpistola
1358 1063 1424 1117 ad
1456 1061 1926 1116 Ilermaminonem
1959 1062 2025 1116 de
2056 1062 2211 1117 Gallo

639 1161 971 1226 imperatore
1002 1157 1074 1209 ita
1111 1157 1302 1212 scribit
1333 1172 1345 1208 :
1377 1173 1396 1208 ι
1437 1155 1542 1208 Sed
1589 1168 1759 1222 neque
1785 1153 1972 1209 Gallus
2000 1153 2208 1223 culpam

640 1250 784 1304 Decii
827 1247 1116 1313 intellexit,
1178 1262 1280 1302 nec
1307 1247 1582 1316 prospexit
1637 1248 1776 1315 quid.
1805 1248 2018 1302 tandem
2062 1249 2208 1301 illum

638 1339 1123 1406 pessumdedisset.
1171 1339 1310 1404 Quin
1363 1339 1542 1408 potius
1593 1339 1658 1391 ad
1701 1339 1949 1393 eumdem
1979 1339 2208 1408 lapidem

637 1439 768 1484 ante
798 1430 987 1484 oculos
1013 1446 1144 1484 suos
1169 1432 1399 1499 positum
1442 1430 1684 1498 impegit.
1729 1429 1828 1496 Qui
1861 1447 1983 1484 cum
2039 1431 2208 1499 impe—

643 1522 779 1575 rium
813 1523 980 1591 ipsius
1017 1537 1276 1590 prospero
1313 1524 1363 1574 iu
1418 1532 1559 1576 statu
1600 1531 1768 1588 esset,
1810 1532 2116 1592 cunctaque
2144 1538 2207 1576 ex

643 1611 807 1664 animi
837 1610 1100 1664 sententia
1131 1610 1501 1674 succederent,
1540 1611 1684 1665 viros
1724 1619 1940 1666 sanctos
1983 1613 2072 1680 qui
2114 1627 2208 1680 pro

643 1715 774 1768 pace
811 1710 864 1754 et
895 1700 1267 1755 incolumitate
1297 1701 1466 1770 ipsius
1501 1715 1690 1770 preces
1719 1701 1786 1753 ad
1826 1702 1988 1755 Deum
2015 1702 2210 1770 allega-

1348 355 1620 410 EUSEBH
1659 348 2137 408 CESARIENSIS
2174 345 2326 404 OPP.
2367 343 2545 399 PARS
2583 343 2624 397 l.
2665 373 2733 382 —
2773 333 3160 393 HISTORICA.
3790 327 3871 382 6&0

2857 429 3251 487 KE‘I’AAAIUN
3287 429 3370 479 A'.

2391 528 2528 596 Περι
2563 526 2671 595 τῆς
2710 525 2916 596 Δεκίῳ
2952 523 3046 596 και
3078 516 3758 596 ιῖέῖ-θοιιίιξ.κτικοτροπ-ἀς

2833 594 2971 659 (Nic.
3003 593 3067 643 ιι.
3193 606 3245 654 ν,
3267 587 3388 655 si).

2389 690 2577 742 Δέκιον
2630 685 2738 740 οὐδ’
2788 685 2906 738 ὃλον
2950 681 3400 751 ὲπικρατήσαντα
3434 675 3586 729 δυοῖν
3632 674 3761 726 ὲτοῖν
3789 675 3873 738 (71η

2317 779 2529 849 χρόνον,
2555 774 2751 829 αὐτίκα
2773 791 2832 826 τε
2857 773 2970 842 ἅμα
2989 773 3100 833 τοῖς
3134 769 3288 822 παισὶ
3313 766 3436 838 (7'2)
3465 763 3876 829 καταπαγέντι.

2318 867 2517 930 Γάλλος
2561 865 2880 934 διαδέχεται.
2923 861 3201 933 Ὠριγένης
3231 859 3290 910 ὲν
3331 855 3521 924 τούτῳ
3567 853 3684 917 ἑνὸς
3724 853 3876 907 δέοντι

2317 962 2414 1029 τῆς
2448 958 2590 1028 ζωῆς
2617 956 2983 1026 ἑϐδομήκοντα
3005 951 3113 1020 (75)
3147 947 3482 1018 ἁποπλήσας
3515 943 3636 1014 ἐτη,
3665 943 3875 1013 τελευτᾷ.

2317 1049 2547 1122 Γράφων
2589 1047 2652 1116 γέ
2676 1063 2757 1099 τοι
2804 1045 2833 1097 ὁ
2865 1042 3135 1102 Διονύσιος
3191 1037 3572 1110 Ἐρμάμμωνι
3632 1031 3755 1105 περὶ
3805 1035 3876 1088 τοί

2318 1140 2519 1194 Γάλλου
2561 1138 2733 1192 ταῦτα
2778 1137 3007 1206 φάσκεν
3044 1152 3062 1184 ι
3107 1132 3240 1185 Ἀλλ’
3285 1131 3413 1183 οὐδὲ
3450 1127 3656 1190 Γάλλος
3684 1128 3880 1195 ἕγνωτὸ

2315 1231 2507 1283 Δεκίου
2529 1228 2718 1290 κακον,
2742 1226 2863 1280 οὐδὲ
2888 1224 3263 1296 προεσκόπησε
3287 1220 3339 1274 τί
3361 1219 3489 1272 ποτ’
3516 1220 3722 1270 ἐκεῖνον
3739 1216 3880 1287 Empu-

2317 1323 2427 1388 λεν,
2462 1321 2614 1375 ἀλλὰ-
2642 1319 2777 1390 πρὸς
2803 1317 2894 1371 τὸν
2942 1316 3102 1370 αὑτὸν
3130 1314 3237 1385 πρὸ
3261 1313 3370 1366 τῶν
3411 1309 3716 1379 ὀφθαλμῶν
3742 1309 3879 1362 αὐτοῦ

2316 1413 2606 1483 γενόμενον
2637 1411 2858 1464 ἔπταισε
2882 1408 3047 1462 λίθον.
3085 1409 3180 1469 Ὃς
3203 1400 3261 1458 εὖ
3291 1401 3611 1474 φερομένης
3643 1399 3882 1469 αὐτῷ-τῆς

2321 1505 2622 1575 βασιλείας,
2655 1502 2749 1556 καὶ
2787 1501 2926 1554 κατὰ
2962 1498 3086 1551 νοῦν
3114 1493 3595 1568 (75⁸)χωρούντων
3624 1492 3728 1544 τῶν
3764 1509 3878 1562 πραο

2315 1596 2560 1666 γμάτων,
2594 1595 2718 1656 τοὺς
2757 1593 2934 1663 ἱεροὺς
2975 1590 3174 1661 ἄνδρας
3222 1588 3346 1650 τοὺς
3381 1586 3522 1656 περὶ
3552 1585 3655 1654 τῆς
3690 1585 3881 1655 εἰρήνης

2317 1686 2484 1740 αὐτοῦ
2517 1686 2610 1737 καὶ
2641 1683 2742 1754 τῆς
2790 1668 3000 1750 ῦγιείας
3031 1678 3438 1751 πρεσϐεύοντας
3472 1675 3588 1745 (74)
3641 1675 3772 1745 πρὸς
3805 1675 3880 1727 tiri

641 1791 792 1854 bant,
828 1791 1124 1846 insectatus
1153 1800 1256 1844 est.
1311 1790 1444 1844 Cum
1481 1790 1584 1844 illis
1635 1805 1765 1859 ergo
1798 1792 2072 1845 orationes
2115 1808 2208 1860 pro

2316 1780 2447 1833 Θεὸν
2473 1820 2486 1840 ,
2524 1779 2738 1849 ἤλασεν.
2785 1775 2994 1829 Οὐκοῦν
3040 1774 3132 1826 σὺν
3163 1771 3391 1833 ἐκείνοις
3443 1767 3636 1831 ἐδίωξε
3681 1767 3769 1819 καὶ
3803 1766 3882 1828 τὰς

643 1883 760 1946 ipso
786 1880 900 1936 ﬁeri
925 1883 1113 1937 solitas
1141 1881 1303 1936 simul
1335 1881 1560 1951 fugavit.
1605 1901 1623 1934 ι
1662 1881 1789 1937 Ηιεο
1819 1883 1887 1937 de
1911 1882 2062 1938 Gallo
2091 1884 2210 1939 Dio-

644 1973 848 2038 tersius.

1257 2043 1484 2098 CAPUT
1520 2044 1580 2097 Il.

748 2132 977 2195 Quinam
1014 2141 1138 2184 tunc
1166 2131 1359 2202 fuerint
1399 2134 1648 2190 [laniante
1676 2137 1820 2190 urbis
1852 2138 2100 2206 episcopi.

711 2282 920 2337 Interea
997 2283 1180 2337 Roma:
1234 2299 1354 2338 cum
1413 2286 1698 2340 Cornelius
1763 2288 1932 2340 tribus
1994 2287 2212 2342 circiter

641 2375 800 2427 annis
833 2373 1201 2443 episcOpatum
1232 2375 1512 2439 tenuisset,
1576 2375 1776 2431 Lucius
1807 2377 1857 2430 in
1887 2377 2002 2444 ejus
2033 2379 2210 2433 locum

642 2466 1008 2520 substituitur.
1068 2466 1168 2531 Qui
1209 2465 1368 2535 251
1405 2467 1489 2519 vix
1539 2476 1664 2520 octo
1718 2469 1980 2520 mensium
2040 2470 2213 2536 spatio

641 2557 955 2622 perfunctus
988 2573 1052 2613 co
1081 2574 1324 2623 munere,
1361 2559 1596 2613 moriens
1635 2559 1939 2629 episc0pale
1976 2562 2209 2615 cilicium

643 2649 917 2716 Stephano
972 2649 1279 2717 dereliquit.
1327 2651 1408 2703 Ad
1466 2648 1609 2703 hunc
1643 2649 1974 2718 Stephanum
2006 2649 2208 2722 Diony-

643 2740 756 2793 sius
808 2741 1038 2808 primam
1085 2755 1272 2794 earum
1325 2753 1446 2808 qua!
1473 2741 1537 2794 de
1578 2741 1846 2810 baptismo
1886 2742 2206 2811 conscripta:

640 2837 768 2882 sunt
815 2830 1093 2899 epistolam
1147 2832 1409 2894 exaravit,
1462 2847 1582 2885 cum
1633 2847 1729 2901 per
1761 2832 1810 2886 id
1859 2843 2067 2901 tempus
2100 2850 2205 2887 non

643 2920 927 2976 inediocris
957 2923 1324 2976 controversia
1356 2932 1543 2976 exorta
1572 2935 1736 2985 esset,
1775 2933 1954 2977 utrum
1993 2939 2086 2979 eos
2116 2925 2205 2993 qui

639 3027 704 3065 cx
731 3012 968 3081 qualibet
1021 3013 1214 3068 haeresi
1247 3024 1659 3076 convertuntur,
1691 3015 1957 3082 baptismo
1988 3016 2208 3085 purgari

2321 1874 2460 1944 ὑπὲρ
2515 1869 2708 1924 ἑαυτοῦ
2763 1866 3086 1940 προσευχάς.
3140 1884 3158 1916 ι
3217 1862 3401 1916 Ταῦτα
3466 1860 3570 1932 μὲν
3635 1855 3724 1911 οὖν
3772 1859 3880 1927 περὶ

2317 1965 2490 2017 τοῦδε.

2855 2028 3245 2083 ΚΕΦΛΛΑΙΟΝ
3287 2027 3360 2079 D'.

2391 2125 2554 2190 Τίνες
2582 2125 2636 2176 cl
2661 2121 2808 2176 κατὰ
2843 2120 3058 2190 τούσδε
3100 2119 3396 2190 Ἑωμαίᾼῳν
3433 2116 3759 2170 ἐπίσκοποι

2845 2190 2983 2258 (Nic.
3015 2189 3081 2242 ιι.
3113 2188 3178 2242 Ε.
3209 2203 3280 2250 γι,
3306 2188 3382 2258 7).

2385 2283 2542 2337 Κατὰ
2589 2283 2645 2336 δὲ
2695 2282 2790 2353 τὴν
2846 2280 3130 2350 Ῥωμαίων
3179 2278 3330 2330 πόλιν
3373 2275 3680 2348 Κορνηλίου
3726 2274 3879 2327 ἔτεσιν

2316 2377 2458 2446 ἀμφὶ
2497 2375 2565 2428 τὰ
2605 2375 2731 2447 τρία
2771 2373 2869 2445 τὴν
2913 2371 3213 2442 ἐπισκοπὴν
3255 2369 3644 2430 διανύσαντος,
3675 2367 3880 2432 Λούκιος

2314 2467 2548 2538 κατέστη
2575 2468 2817 2537 διάδοχος
2836 2505 2854 2528 ,
2905 2467 3038 2536 μησὶ
3069 2466 3114 2516 δ’
3148 2463 3254 2516 οὐδ’
3296 2463 3438 2525 ὅλοις
3475 2455 3636 2525 οὗτος
3663 2459 3798 2513 ὀκτὼ
3822 2463 3876 2530 τῇ

2313 2558 2623 2630 λειτουργίᾳ
2652 2558 3125 2627 διακονησάμενος,
3153 2555 3408 2624 Στεφάνῳ
3433 2553 3706 2606 τελευτῶν
3737 2569 3880 2622 psm-

2314 2650 2498 2704 δίδωσι
2521 2650 2612 2703 τὸν
2643 2649 2865 2721 κλῆρον.
2898 2646 3081 2717 Τούτῳ
3112 2645 3176 2718 δὴ
3207 2647 3460 2718 Στεφάνῳ
3488 2647 3590 2718 τὴν
3623 2644 3878 2717 πρώτηνό

2311 2744 2583 2808 Διονύσιος
2622 2744 2729 2797 τῶν
2771 2743 2900 2813 περὶ
2944 2741 3316 2812 βαπτίσματος
3354 2741 3661 2794 ἐπιστολῶν
3711 2739 3878 2792 διατυο

2314 2835 2534 2899 ποῦται,
2573 2837 2882 2906 ζητήματος
2911 2835 2972 2887 οὐ
3004 2833 3234 2903 σμικροῦ
3264 2834 3520 2904 τηνικάδε
3546 2831 3876 2901 ἀνακινηθέν-

2311 2944 2422 2990 τος,
2455 2931 2500 2979 εί
2523 2927 2628 2980 δέοι
2665 2927 2790 2989 τοῦς
2837 2925 2894 2990 ἐξ
2923 2926 3088 2979 οἴασδ’
3114 2921 3204 2979 οὖν
3240 2927 3507 2996 αἱρέσεως
3543 2926 3877 2996 ἐπιστρέφον-

2313 3035 2441 3082 τας,
2474 3017 2562 3070 διὰ
2593 3016 2816 3089 λουτροῦ
2852 3015 3132 3087 καθαίρειν
3157 3033 3169 3047 ·
3193 3015 3420 3070 παλαιοῦ
3453 3017 3517 3084 γέ
3547 3033 3628 3070 τοι
3658 3015 3764 3085 (75)
3798 3033 3874 3069 κε-

705 3133 822 3206 ¹(Ἢ)
847 3135 981 3190 Οὐδ’
1006 3135 1154 3207 ὅλον
1182 3134 1352 3207 δυοῖν
1379 3134 1560 3188 ἐτοῖν.
1587 3133 1852 3207 Eusebius
1882 3135 1935 3207 in
1955 3134 2208 3190 Chronica

2319 3137 2572 3207 Origcnis
2606 3146 2834 3192 mortem
2877 3135 3336 3207 assiguetcoilem
3381 3151 3523 3188 anno
3560 3151 3667 3204 quo
3695 3133 3876 3207 Dec_ius

642 3203 840 3258 annum
872 3222 1036 3258 unum
1074 3206 1284 3272 imperii
1319 3220 1382 3258 ac
1411 3219 1623 3257 mensus
1651 3212 1761 3257 tres
1796 3203 1958 3258 Decio
2000 3207 2210 3262 tribuit.

643 3275 748 3328 Sed
771 3275 1028 3330 Aurelius
1069 3276 1252 3327 Victor
1287 3275 1472 3327 Decios
1507 3275 1731 3339 periisse
1753 3276 1878 3326 dicit
1905 3287 2096 3328 exacto
2131 3293 2214 3330 re-

642 3345 732 3406 gni
779 3344 1020 3398 biennio.
1048 3343 1102 3397 in
1148 3344 1381 3397 Victoris
1407 3353 1583 3396 autem
1623 3345 1883 3408 epitome,
1919 3343 2214 3412 imperasse

647 3415 844 3467 dicitur
895 3413 1088 3467 Decius
1138 3413 1413 3466 mensibus
1457 3413 1697 3480 triginta.
1735 3412 2007 3480 Imperare
2049 3417 2213 3481 cmpit

641 3481 936 3537 xEmiliano
965 3492 1018 3535 et
1053 3482 1302 3550 Aquilino
1347 3497 1514 3546 coss.,
1550 3497 1691 3535 anno
1719 3482 1920 3536 Christi
1951 3481 2076 3540 2i9.
2104 3486 2212 3536 An-

645 3571 714 3607 no
747 3553 940 3606 de3nde
969 3551 1074 3607 250
1107 3553 1294 3606 consul
1337 3552 1528 3605 iterum
1571 3551 1666 3604 fuit
1719 3567 1820 3604 una
1852 3567 1973 3604 cum
2018 3553 2208 3606 Grato.

646 3628 847 3676 Secuto
893 3621 1086 3676 deinde
1131 3637 1296 3683 anno,
1329 3621 1418 3688 qui
1468 3620 1722 3675 consules
1765 3621 1950 3674 habuit
1995 3623 2210 3676 Decium

641 3696 781 3759 Aug.
809 3709 866 3747 ιιι
891 3702 945 3746 ct
970 3692 1248 3745 Etruscum
1277 3691 1565 3755 Caesarem,
1584 3691 1864 3760 imperium
1901 3701 2214 3745 constanter

643 3765 887 3822 retinnit,
923 3773 978 3814 ut
1022 3762 1296 3828 colligitur
1339 3775 1401 3812 cx
1437 3762 1909 3814 senatusconsulto
1951 3762 2094 3828 quod
2127 3777 2212 3816 re-

647 3836 749 3885 l'i-rt
791 3831 960 3885 Pollio
991 3833 1041 3884 in
1078 3828 1357 3882 Valeriano
1387 3831 1440 3882 in
1471 3831 1584 3883 haec
1615 3831 1777 3884 verba
1816 3848 1828 3883 :
1857 3829 2073 3884 Duobus
2107 3830 2212 3885 De-

644 3903 740 3954 ciis
755 3919 916 3966 coss.,
941 3916 991 3954 Vt
1021 3899 1244 3953 Kalend.
1277 3898 1530 3953 Novemb.
1560 3900 1664 3963 die,
1695 3916 1809 3951 cum
1838 3903 1900 3954 ob
1924 3901 2208 3965 imperato-

645 3977 752 4024 rias
784 3971 982 4024 litteras
1011 3980 1220 4023 senatus
1245 3969 1296 4020 in
1329 3970 1439 4021 cede
1461 3969 1762 4021 Castrorum
1791 3969 2088 4034 haberetur,
2114 3971 2214 4024 ire-

643 4055 830 4110 turque
860 4057 951 4109 per
979 4039 1637 4110 sententiias‘singulorum,
1685 4040 1771 4110 cui
1793 4041 1996 4093 deberet
2026 4055 2211 4092 censu-

643 4129 702 4181 ra
742 4107 956 4181 ileferri,
1006 4126 1125 4162 nam
1168 4108 1220 4159 id
1254 4107 1400 4181 Decii
1447 4120 1727 4181 posuerant
1759 4109 1811 4160 in
1856 4119 2212 4181 senatusam-

641 4176 865 4250 piissimi
891 4188 1167 4245 potestate,
1199 4185 1304 4229 etc.
1340 4176 1494 4229 Anno
1525 4177 1718 4250 deinde
1747 4180 2016 4244 sequenti,
2047 4178 2210 4250 idest

641 4247 794 4302 Gallo
815 4259 865 4304 et
895 4250 1188 4303 Volusiano
1217 4261 1384 4308 coss.,
1433 4247 1648 4299 occisus
1678 4255 1780 4298 est.
1805 4250 1962 4301 Certe
1988 4257 2078 4299 aut
2106 4247 2209 4303 hoc

643 4337 805 4385 anno,
849 4328 941 4372 aut
979 4320 1085 4371 line
1132 4315 1432 4382 superioris
1479 4315 1603 4385 anni
1653 4331 1824 4368 caesos
1859 4332 1979 4370 esse
2023 4317 2209 4372 Decios

642 4384 875 4456 oportet.
901 4387 1006 4441 Sed
1041 4386 1228 4456 verius
1246 4395 1375 4456 puto
1404 4384 1684 4456 consulatu
1717 4385 1940 4456 Galliet
1960 4386 2204 4439 Volusia-

640 4455 720 4514 ni.
764 4459 896 4513 Cum
926 4458 1068 4509 enim
1109 4455 1234 4508 εωθί
1267 4455 1372 4506 sint
1414 4455 1556 4507 Decii
1592 4455 1644 4506 in
1688 4456 1890 4522 prtclio,
1931 4455 2206 4521 haudqua-

640 4544 804 4596 quam
841 4526 1131 4582 verisimile
1184 4533 1267 4578 cst
1295 4539 1402 4596 _cos
1451 4524 1678 4596 hiberno
1716 4534 1955 4590 tempore
2013 4525 2208 4579 bellum

644 4593 696 4651 iii
736 4598 964 4652 Thracia
1003 4593 1462 4666 gessisseJ’orro
1510 4595 1772 4666 Eusebius
1795 4610 1994 4646 annum
2041 4610 2205 4647 unum

641 4678 695 4722 et
724 4683 938 4721 menses
975 4663 1084 4720 tres
1115 4665 1300 4718 tribuit
1330 4665 1510 4728 Decio,
1535 4679 1600 4717 eo
1624 4663 1764 4732 quod
1789 4680 1958 4717 annos
2004 4675 2208 4730 septem

642 4737 878 4804 assignat
936 4736 1208 4806 Philippo,
1256 4750 1390 4806 cuni
1431 4745 1608 4787 tamen
1659 4744 1987 4806 sextantum
2039 4750 2208 4806 annos

642 4806 924 4877 Philippus
959 4804 1478 4877 itnperaveritaQuo
1520 4809 1723 4877 occiso,
1748 4804 1965 4877 Decius
1996 4820 2061 4877 se
2092 4804 2206 4877 ᾼιιτ

641 4874 854 4941 gustum
890 4878 1048 4929 simul
1080 4885 1128 4929 et
1162 4875 1438 4929 consulem
1461 4875 1804 4938 renuntiavit,
1841 4891 1982 4928 anno
2004 4874 2205 4928 Christi

640 4945 767 5008 249,
805 4956 862 4999 ιιι
898 4946 1008 5015 jam
1038 4946 1168 4997 dixi.
1207 4949 1365 4998 Certe
1399 4945 1498 4997 huc
1524 4961 1668 4997 anno
1694 4945 1911 5015 Decium
1939 4945 2208 5015 imperare

639 5017 874 5083 coapisse
901 5013 1135 5083 apparet
1181 5030 1245 5068 cx
1295 5016 1530 5068 inmunis
1572 5014 1843 5083 veteribus
1891 5032 2027 5080 quos
2075 5013 2205 5067 Gol-

645 5081 782 5139 Izius
818 5094 872 5139 et
907 5081 1048 5139 Occo
1077 5085 1330 5147 retulere,
1378 5085 1426 5134 in
1462 5084 1658 5154 quibus
1699 5081 1895 5138 Decius
1921 5087 2043 5139 trib.
2089 5093 2204 5153 pot.

641 5172 700 5210 ιιι
729 5156 913 5209 consul
937 5156 1152 5206 tertium
1184 5156 1418 5221 ponitur.

712 5226 826 5296 (72)
866 5225 1020 5294 ’Ἅμα
1047 5224 1172 5290 τοῖς
1200 5225 1392 5296 παισί.
1421 5225 1610 5278 Decius
1631 5223 1924 5296 imperator
1956 5225 2088 5278 duos
2107 5225 2197 5278 ha-

643 5297 760 5349 luiit
806 5294 978 5357 ﬁlios,
1014 5311 1241 5362 quorum
1279 5294 1450 5360 major
1506 5296 1682 5346 dictus
1702 5305 1783 5346 est
1818 5295 2048 5358 Quintus
2100 5297 2204 5350 lle-

643 5367 864 5419 reunius
893 5364 1152 5417 Etruscus
1186 5362 1414 5418 Messuis
1441 5365 1658 5427 Decius,
1681 5365 1857 5416 minor
1891 5380 2014 5418 ιυιύ
2043 5365 2206 5420 Caius

649 5434 844 5488 Valens
871 5432 1202 5488 Hostilianus
1229 5434 1458 5486 Messius
1480 5435 1720 5499 quintus,
1762 5435 1923 5485 ambo
1971 5437 2202 5502 primum

641 5506 910 5568 limares,
947 5516 1128 5571 postea
1177 5503 1402 5572 Augusti
1433 5519 1460 5554 a
1501 5513 1651 5570 patre
1686 5504 1835 5568 iacti,
1865 5514 1922 5556 ut
1955 5520 2019 5557 cx
2054 5521 2206 5558 num-

643 5576 749 5627 tnis
777 5585 833 5627 et
870 5576 1318 5642 inscriptionibus
1343 5574 1624 5626 discimus.

718 5644 1300 5714 (75)Ἐ6’δομήκοντα.
1337 5643 1597 5714 Duronius
1643 5644 1708 5696 ad
1753 5659 1955 5697 annum
2003 5643 2202 5697 Christi

645 5714 748 5767 εῑιιι
801 5713 1051 5782 Origcuis
1098 5728 1325 5768 mortem
1362 5713 1573 5766 confert
1623 5714 1674 5767 in
1726 5729 1927 5766 annum
1989 5715 2202 5766 tertium

647 5783 782 5838 Galli
817 5794 868 5837 et
901 5787 1034 5839 Volo
1064 5787 1196 5855 iani,
1229 5800 1350 5840 cum
1377 5795 1553 5837 tamen
1588 5783 1852 5838 Eusebius
1879 5785 1930 5837 in
1962 5786 2061 5839 hoc
2087 5784 2204 5838 loco

2324 3204 2662 3269 estoccisus,
2695 3217 2748 3258 et
2771 3222 2875 3275 quo
2900 3204 3086 3275 Gallus
3127 3205 3412 3275 imperium
3447 3205 3752 3275 occupavit.
3776 3204 3872 3275 lino

2321 3278 2505 3331 sebius
2535 3279 2586 3330 in
2615 3277 2705 3330 lib.
2743 3273 2816 3338 vi,
2846 3291 2962 3342 cap.
2991 3274 3078 3338 56,
3108 3289 3250 3327 anno
3274 3291 3328 3328 ιιι
3362 3273 3590 3340 Philippi
3625 3275 3748 3336 imp.
3773 3273 3876 3326 Ori-

2321 3362 2508 3417 geuem
2547 3345 2904 3417 sexagenario
2934 3345 3191 3417 majorem
3234 3345 3644 3417 luisse__scril_i_it.
3680 3343 3774 3410 Qui
3811 3342 3874 3396 lo-

2321 3414 2418 3469 cus
2438 3416 2654 3470 Barouii
2675 3417 2993 3468 sententiam
3022 3415 3232 3467 videtur
3252 3415 3511 3468 stabilire.
3548 3414 3680 3466 Nam
3713 3430 3739 3464 a
3774 3421 3872 3464 ter-

2325 3487 2398 3538 tio
2429 3485 2660 3553 Philippi
2701 3485 2830 3550 imp.
2870 3500 3013 3537 anno
3053 3497 3223 3552 usque
3273 3484 3339 3553 ad
3396 3485 3616 3536 tertium
3665 3481 3874 3553 Galli‘et

2324 3549 2622 3615 Volusiani,
2656 3549 2788 3607 anni
2821 3565 2948 3607 sunt
2989 3549 3204 3608 norem.
3230 3552 3379 3605 Adde
3410 3553 3551 3621 quod
3584 3553 3766 3607 scribit
3789 3549 3875 3604 Eu-

2322 3625 2504 3678 si-bius
2559 3625 2711 3678 initio
2766 3624 2924 3690 hujus
2969 3623 3113 3688 libri,
3161 3622 3444 3688 Origenem
3493 3623 3706 3676 decimo
3744 3637 3873 3672 anno

2322 3693 2450 3764 imp.
2502 3694 2684 3748 Severi
2706 3733 2719 3750 .
2752 3709 2859 3761 quo
2893 3709 3034 3746 anno
3066 3703 3221 3764 pater
3253 3692 3419 3759 ipsius
3455 3693 3718 3764 martyrio
3743 3705 3870 3764 per:

2322 3759 2534 3817 functus
2550 3773 2654 3825 est,
2676 3759 2844 3816 annos
2877 3759 3254 3815 natum‘fnisse
3285 3759 3694 3828 septeuidccim.
3727 3759 3870 3826 Atqui

2319 3833 2364 3884 si
2399 3849 2425 3884 a
2461 3834 2668 3887 decimo
2700 3831 2883 3884 Severi
2923 3849 3066 3884 anno
3097 3833 3160 3882 ad
3189 3831 3418 3896 priumm
3464 3829 3602 3884 Galli
3639 3845 3871 3884 numera-

2321 3902 2485 3966 veris,
2519 3901 2646 3955 anni
2693 3902 2827 3954 liunt
2870 3916 3010 3954 unus
3054 3911 3108 3953 ct
3154 3901 3564 3969 quinquaginta,
3611 3901 3800 3970 quibus
3832 3898 3869 3950 si

2319 3971 2702 4039 septemdecim
2745 3986 2916 4024 annos
2945 3971 3231 4040 adjnugas,
3263 3971 3387 4022 anni
3438 3973 3708 4024 exsistunt
3759 3978 3872 4022 octo

2317 4050 2370 4092 ct
2413 4041 2715 4108 sexaginta.
2750 4040 2979 4094 I‘roinde
3025 4054 3244 4093 necesse
3272 4051 3374 4104 est,
3416 4049 3473 4093 ut
3520 4041 3754 4094 secundo
3790 4045 3871 4091 aut

2319 4110 2629 4165 tertioGalli
2663 4120 2716 4162 et
2745 4108 3021 4163 Volusiaui
3052 4125 3193 4162 anno
3217 4118 3459 4162 mortuus
3499 4113 3566 4163 sit
3603 4110 3868 4176 Origenes.

2322 4177 2516 4248 Verum
2550 4179 2815 4235 Eusebius
2846 4180 2948 4232 hoc
2966 4177 3104 4243 loco,
3131 4187 3187 4231 ut
3210 4180 3342 4240 dixi,
3379 4181 3665 4248 perspicue
3692 4179 3866 4233 assvrit

2316 4247 2601 4318 Origeuem
2649 4249 2796 4302 circa
2845 4249 2996 4318 initia
3051 4247 3388 4317 principatus
3425 4249 3563 4302 Galli
3615 4259 3866 4303 mortuum

2315 4317 2458 4381 esse,
2490 4319 2665 4386 idest,
2706 4332 2848 4370 anno
2871 4317 3068 4371 Christi
3105 4319 3230 4378 252,
3268 4319 3424 4386 idque
3448 4320 3768 4372 conﬁrmare
3802 4319 3868 4369 vi-

2317 4387 2474 4440 detur
2515 4385 2882 4457 Hieronymus
2935 4389 2988 4440 in
3021 4389 3179 4455 epist.
3213 4387 3302 4443 65.
3343 4385 3416 4440 ad
3453 4388 3863 4445 Pammacbimu,

2246 4494 2288 4547 Β
2319 4457 2407 4509 lilii
2553 4475 2568 4538 ξ
2607 4455 2824 4510 Centum
2845 4466 2892 4510 et
2925 4458 3487 4547 quinquggiata'prope
3517 4459 3655 4547 'anui
3676 4467 3790 4547 sunt
3812 4471 3868 4508 ex

2318 4542 2420 4596 quo
2471 4525 2720 4596 Origenes
2761 4540 2995 4578 mortuus
3025 4537 3098 4578 est
3133 4526 3274 4595 Tyri.
3308 4527 3369 4579 Iit
3409 4528 3565 4594 paulo
3596 4539 3716 4595 post
3743 4529 3814 4579 ait
3852 4545 3863 4580 :

2319 4594 2429 4649 Cur
2462 4594 2995 4664 postquadringentos
3027 4594 3188 4648 (ianos
3223 4603 3405 4648 docere
3426 4613 3517 4648 nos
3544 4594 3724 4650 niteris
3745 4599 3867 4664 quod

2317 4676 2439 4719 ante
2476 4669 2804 4727 nesricimus,
2839 4676 2944 4718 ctc.
2979 4666 3034 4718 Si
3069 4682 3196 4732 ergo
3229 4668 3293 4717 de
3334 4668 3744 4732 quadringentis
3783 4669 3864 4717 de-

2319 4751 2434 4790 mas
2473 4746 2686 4789 centum
2733 4737 3088 4803 quadraginta
3115 4745 3257 4796 octo,
3299 4747 3537 4789 remanet
3563 4753 3736 4790 annus
3775 4737 3866 4790 259.

2317 4820 2346 4858 a
2377 4806 2540 4859 natali
2565 4804 2784 4859 Christi.
2815 4805 2968 4870 Quod
3005 4805 3048 4858 si
3082 4815 3304 4858 mortem
3327 4805 3572 4873 Origcnis
3600 4808 3650 4859 iu
3684 4823 3863 4862 anmun

2319 4876 2549 4940 primum
2587 4873 2724 4927 Galli
2769 4875 2897 4944 imp.
2934 4875 3302 4936 conferamus,
3337 4887 3389 4927 ul
3433 4878 3518 4929 hic
3560 4880 3746 4932 suadet
3774 4877 3864 4931 Ett-

2315 4946 2520 5008 Sehius,
2562 4959 2682 4997 eum
2714 4960 2834 4998 etim
2888 4958 3156 4998 mortuum
3193 4961 3313 4997 esse
3360 4947 3498 4999 dicat
3533 4965 3675 4998 anno
3703 4946 3865 5000 intutis

2316 5026 2522 5069 nonoet
2551 5015 2910 5082 sexagesimo,
2931 5026 3086 5067 tialtts
3111 5016 3178 5068 sit
3203 5026 3414 5082 oportet
3442 5017 3720 5070 Commodi
3751 5018 3863 5082 imp.

2315 5099 2456 5138 anno
2489 5100 2557 5150 tv,
2594 5100 2698 5138 nou
2740 5095 3092 5152 autemix,ut
3132 5098 3213 5138 est
3259 5088 3308 5139 iu
3355 5084 3614 5139 Chronico
3663 5089 3871 5140 Alexan-

2314 5155 2347 5205 tl
2355 5155 2398 5206 ri
2406 5171 2491 5208 no.

2366 5224 2499 5294 (75‘)
2519 5219 3380 5294 8⁷1118.κατὰροῦνχωρούντων.
3405 5226 3474 5278 Ιιιι
3495 5243 3557 5279 cx
3577 5227 3757 5280 codice
3778 5224 3866 5276 Rev

2315 5295 2589 5361 giocdidit
2617 5297 2750 5347 “ob.
2779 5296 3104 5364 Stephanus.
3135 5299 3196 5348 lit
3226 5300 3350 5348 lcrri
3370 5308 3540 5364 potest
3571 5299 3679 5348 luet-
3701 5297 3862 5356 lectio,

2316 5374 2372 5433 ιιι
2395 5365 2466 5433 sit
2482 5367 2791 5431 metaphora
2815 5368 2879 5416 ab
2905 5369 2966 5417 iis
2984 5382 3102 5433 qme
3120 5368 3354 5418 Secundo
3371 5382 3526 5418 amne
3547 5365 3860 5418 deferuntur.

2313 5431 2368 5483 lu
2398 5432 2618 5500 reliquis
2640 5445 2818 5486 tamen
2851 5431 3250 5500 exciuplanbus
3273 5434 3433 5496 Man,
3466 5437 3629 5497 Mea”
3669 5434 3797 5489 Fuk.
3820 5442 3865 5484 ct

2316 5503 2502 5555 S:i\'ilii
2535 5505 2726 5570 legitur
2753 5501 2896 5555 κατὰ
2926 5503 3074 5566 νοῦν,
3109 5521 3227 5572 quae
3263 5508 3531 5571 st'l‘iplttl‘a
3563 5506 3734 5573 magis
3771 5506 3865 5575 pla-

2313 5583 2420 5634 cet,
2458 5588 2683 5640 namque
2718 5576 2940 5626 liutinus
2974 5576 3137 5626 etiam
3176 5588 3392 5626 secutus
3421 5588 3526 5628 est.

2383 5642 2658 5712 (74)]1ερὶ
2713 5641 2822 5709 τῆς
2852 5643 3158 5709 εἰρήνης...
3203 5647 3662 5711 πρεσϐεύοντας.
3701 5644 3862 5698 Malim

2314 5713 2550 5785 δίπιψτετε·
2583 5713 2723 5784 ὑπὲρ
2756 5715 2852 5785 sit;
2882 5715 3122 5785 εἰρήνηςο

2384 5783 2494 5852 (73)
2536 5783 2890 5854 ηιιλαιοῦίγέ
2928 5783 3030 5838 ἐοιέ
3066 5789 3143 5837 Ab
3181 5786 3261 5840 bis
3307 5786 3483 5842 \‘CI'DiS
3519 5785 3860 5840 inchoandum
