4114 6406
578 338 678 393 εει

1326 338 1597 396 ΕΗΞΕΒΠ
1637 338 2112 398 CASSARIENSIS
2150 342 2298 399 OPP.
2337 346 2515 403 PARS
2556 349 2597 403 l.
2638 380 2709 391 --
2747 350 3138 408 HISTORICA.

3719 356 3836 413 652

574 456 818 526 poribus.
857 456 907 510 in
944 457 1205 514 Ecclesiis
1235 458 1688 528 populosissimis,
1726 469 1780 513 et
1818 460 1870 513 in
1899 461 2126 516 conciliis

2242 463 2353 528 λοῖς
2400 465 2557 519 τοῦτο
2601 467 2809 535 ἔδοξεν·
2856 464 2929 524 ὧν
2973 472 3071 534 τὰς
3117 470 3309 542 βουλὰς
3346 473 3692 545 ἀνατρέπων,
3743 475 3836 537 είς

576 550 805 604 fratrum
854 552 993 620 apud
1040 552 1276 607 Iconium
1328 561 1383 607 ct
1434 550 1710 623 Synnada,
1743 560 1797 606 et
1824 553 1967 621 apud
2006 552 2139 607 alios

573 644 844 712 plurimos
890 645 1033 699 idem
1070 645 1339 700 sancitum
1394 644 1582 699 fuisse.
1637 643 1876 710 Quorum
1920 656 2140 701 senten-

576 739 681 793 tias
712 749 766 792 et
792 746 994 793 statuta
1025 737 1368 803 subvertere,
1401 750 1609 806 eosque
1636 738 1704 791 ad
1728 736 1909 807 iurgia
1940 749 1994 791 et
2016 753 2143 794 con—

571 831 843 887 tentiones
882 831 1121 885 excitare
1166 830 1417 901 equidem
1476 829 1669 883 nolim.
1728 828 2007 899 Scriptum
2062 842 2146 886 est

568 921 714 974 enim
762 937 778 973 :
826 938 845 969 ι
882 919 997 975 Non
1049 916 1413 974 commu'tabis
1461 919 1723 974 terminos
1778 919 2008 988 proximi
2064 922 2139 975 tui

568 1029 707 1082 quos
758 1023 1013 1083 parentes
1058 1015 1133 1069 tui
1181 1015 1587 1069 constituerunt
1610 1011 1676 1063 ³⁹.
1712 1029 1730 1063 ι
1763 1009 1968 1078 Quarta
2017 1012 2134 1081 ejus

563 1105 632 1159 de
659 1106 914 1173 baptismo
944 1105 1170 1175 epistola
1202 1108 1270 1162 ad
1296 1104 1615 1175 Dionysium
1647 1103 1852 1173 scripta
1871 1113 1976 1171 est,
2008 1114 2136 1160 tunc

564 1199 782 1270 quidem
837 1198 1095 1254 Romanae
1146 1199 1298 1255 urbis
1330 1198 1728 1268 presbyterum,
1761 1199 1856 1253 sed
1899 1198 1991 1268 qui
2036 1198 2136 1254 ali-

565 1300 770 1357 quanto
805 1299 926 1360 post
954 1300 1197 1361 tempore
1225 1289 1467 1358 ejusdem
1517 1288 1671 1345 urbis
1715 1289 2004 1360 episcopus
2054 1300 2136 1347 est

567 1383 918 1436 constitutus.
948 1379 1029 1435 Ex
1070 1397 1174 1453 qua
1200 1381 1342 1437 hunc
1390 1382 1564 1451 ipsum
1598 1380 1905 1435 Romanum
1936 1379 2136 1451 Diony-

563 1474 730 1537 sium,
768 1473 1199 1529 eruditissimum
1237 1473 1507 1543 planeque
1540 1456 1922 1527 admirandum
1960 1471 2135 1527 virum

2242 553 2357 626 ἔριν
2391 560 2483 611 καὶ
2516 558 2844 627 φιλονεικίαν
2874 563 3069 623 αὐτοὺς
3110 562 3366 633 ἐμϐαλεῖν
3400 566 3495 633 οὐχ
3536 564 3825 633 ὑπομένω.

2254 666 2272 697 ι
2297 648 2369 701 Ού
2403 648 2510 721 γὰρ
2545 654 2939 722 μετακινήσεις,
2965 654 3145 723 φησιν,
3181 654 3302 726 ὅρια
3322 655 3415 708 τοῦ
3450 655 3673 726 πλησίον
3704 674 3832 721 σου,

2234 729 2279 793 ’ἃ
2323 739 2505 794 ἔθεντο
2545 745 2593 796 οἱ
2641 745 2873 816 πατέρες
2923 762 3079 798 σου.»
3138 747 3200 799 Ἠ
3244 748 3477 819 τετάρτη
3499 749 3662 801 αὑτοῦ
3712 749 3829 802 τῶν

2248 831 2373 903 περὶ
2407 831 2779 904 βαπτίσματος
2808 834 3124 901 ἐπιστολῶν,
3154 837 3290 907 πρὸς
3319 837 3408 889 τὸν
3432 839 3570 891 κατά
3602 837 3828 908 Ῥώμην

2245 923 2459 994 ἐγράφη
2478 925 2770 988 Διονύσιον,
2792 925 2912 979 τότε
2939 926 3035 995 μὲν
3059 927 3345 997 πρεσϐείου
3366 927 3664 999 ἠξιωμένον
3682 928 3823 998 (97),

2244 1015 2343 1068 οὐκ
2368 1017 2447 1080 εἰς
2474 1017 2682 1088 μακρὸν
2700 1017 2757 1070 δὲ
2779 1017 2869 1070 καὶ
2892 1018 2990 1087 τὴν
3016 1017 3316 1088 ἐπισκοπὴν
3338 1019 3446 1071 τῶν
3470 1020 3645 1072 ἐκεῖσε
3678 1036 3828 1090 παρ-

2242 1105 2529 1176 ειληφότα·
2571 1108 2630 1174 ἐξ
2671 1104 2738 1181 ἧς
2765 1109 2968 1178 γνῶναι
3013 1108 3274 1178 πάρεστιν
3296 1150 3311 1174 ,
3345 1111 3489 1174 ὅπως
3521 1111 3617 1163 καὶ
3657 1110 3832 1163 αὐτὸς

2239 1190 2392 1261 οὗτος
2427 1197 2603 1266 λόγιός
2647 1217 2704 1253 τε
2745 1201 2841 1254 καὶ
2878 1200 3172 1272 θαυμάσιος
3215 1202 3349 1275 πρὸς
3386 1200 3477 1255 τοῦ
3516 1201 3636 1255 κατ’
3670 1202 3831 1254 Ἀλεο

2245 1287 2525 1360 ξάνδρειαν
2550 1292 2821 1346 Διονυσίου
2857 1295 3293 1366 μεμαρτύρηται.
3334 1295 3536 1366 Γράφει
3570 1295 3627 1348 δὲ
3666 1294 3828 1365 αὐτῷ

2248 1382 2365 1453 μεθ’
2392 1384 2581 1456 ἕτερα,
2616 1387 2722 1439 τῶν
2762 1387 2902 1442 κατὰ
2946 1390 3035 1440 τὸν
3061 1388 3330 1441 Νοουάτον
3370 1388 3718 1459 μνημονεύων
3748 1396 3821 1448 ἐν

2245 1492 2472 1542 τούτοις.

563 1565 755 1631 fuisse,
811 1566 1120 1621 testimonio
1182 1567 1423 1637 Dionysii
1475 1563 1832 1622 Alexandrini
1880 1564 2010 1621 licet
2049 1580 2400 1638 cognoscere.
2427 1572 2597 1628 Porro
2625 1574 2678 1629 in
2713 1576 2816 1630 hac
2840 1576 2907 1630 ad
2937 1576 3082 1629 illum
3119 1574 3348 1646 epistola
3381 1577 3448 1632 de
3488 1576 3698 1633 Novato
3736 1579 3826 1633 ita

563 1659 774 1713 scribit.

1147 1754 1377 1810 CAPUT
1414 1753 1548 1811 Vill.

1063 1845 1135 1900 De
1163 1846 1349 1902 haeresi
1379 1846 1595 1904 Novati.

640 2004 1207 2074 «NamNovatianum,
1269 2008 1464 2078 inquit,
1526 2009 1723 2065 merito
1774 2025 2126 2080 aversamnr,

560 2100 759 2169 quippe
796 2099 891 2170 qui
926 2099 1225 2155 Ecclesiam
1258 2101 1502 2170 discidit,
1542 2112 1597 2157 et
1634 2102 1899 2172 quosdam
1928 2119 1995 2160 ex
2018 2103 2127 2158 fra-

559 2192 736 2247 tribus
769 2198 837 2245 ad
876 2192 1210 2262 impietatem
1257 2192 1762 2263 blasphemiamque
1792 2193 2126 2266 {pertraxiu

560 2282 652 2353 qui
680 2282 943 2339 nefariam
974 2285 1038 2339 de
1070 2282 1180 2339 Deo
1216 2286 1522 2340 doctrinam
1550 2285 1778 2351 invexit.
1805 2296 1860 2343 et
1899 2288 2135 2343 clemen-

558 2374 826 2430 tissimum
852 2375 1140 2432 Dominum
1171 2385 1415 2431 nostrum
1444 2375 1628 2433 Jesum
1660 2377 1941 2434 Christum
1975 2380 2131 2449 quasi

559 2469 959 2540 implacabilem
990 2472 1363 2527 calumniatur
1399 2488 1415 2531 ς
1469 2469 1559 2539 qui
1606 2478 1869 2538 praeterea
1912 2486 2130 2527 sacrum

558 2561 835 2617 lavacrum
863 2562 1118 2619 obliterat
1151 2580 1163 2615 :
1206 2565 1476 2633 [idemque
1503 2571 1557 2617 et
1585 2559 1985 2618 confessionem
2010 2577 2130 2632 qua:

627 2678 673 2712 ⁸⁸
708 2677 859 2732 Deut.
891 2693 1008 2731 xu.

557 2774 660 2828 hoc
690 2780 1068 2842 argumentum
1105 2771 1366 2842 adversus
1395 2770 1558 2827 Afros
1584 2771 1813 2825 fortasse
1838 2773 2019 2842 valere
2054 2771 2136 2842 di-

557 2847 653 2908 cit,
677 2853 734 2897 et
764 2841 1037 2912 quomodo
1058 2841 1171 2894 Afri
1205 2842 1255 2895 id
1282 2842 1517 2895 refutare
1550 2841 2013 2912 possint.ibidem
2040 2841 2135 2895 do-

556 2924 661 2972 cet.
688 2910 889 2967 Contra
909 2911 1213 2967 Orientales
1226 2927 1355 2966 vero
1384 2910 1584 2966 nullam
1612 2912 1719 2964 vim
1771 2910 1897 2965 illud
1924 2912 2123 2965 habere

556 2987 913 3051 demonstrat.
951 2984 1090 3051 apud
1134 2997 1269 3049 quos
1320 2997 1534 3050 semper
1569 2980 2121 3051 rebaptizatifuerint

847 3049 860 3062 θ

555 3049 953 3175 Ιιωιποιίεἰ,¹ξεω
982 3049 1105 3106 inde
1132 3053 1200 3105 ab
1220 3049 1482 3106 lconiensi
1509 3049 1715 3124 synodo
1738 3066 1856 3119 quae
1872 3050 1941 3104 ob
1971 3049 2122 3103 Mon-

556 3126 788 3175 tanistas
860 3130 1014 3175 uerat
1061 3132 1413 3175 congregata.
1452 3120 1757 3175 Firmiliaui
1809 3123 1972 3175 verba
2005 3122 2120 3175 haec

556 3126 788 3179 lanistas

555 3204 680 3249 sunt
709 3218 719 3249 :
763 3212 783 3245 ι
830 3191 984 3259 Quod
1011 3191 1231 3262 quidem
1258 3191 1518 3247 adversus
1546 3191 1877 3261 Stephanum
1910 3206 2005 3246 vos
2037 3192 2122 3244 di-

554 3281 679 3320 cere
723 3262 843 3318 Afri
878 3263 1125 3330 potestis.
1184 3264 1402 3333 cognita
1462 3263 1693 3316 veritate
1744 3275 1987 3333 errorem
2020 3276 2121 3333 vos

554 3333 965 3391 consuetudinis
1008 3331 1314 3402 reliquisse.
1355 3332 1620 3387 Caeterum
1670 3346 1769 3386 nos
1816 3331 2030 3402 veritati
2064 3339 2121 3385 et

555 3403 1009 3460 cottsuetudinem
1034 3400 1333 3472 iungimus,
1367 3413 1423 3457 et
1447 3401 1825 3458 consuetudini
1852 3400 2121 3472 Romano-

555 3491 674 3530 rum
711 3471 1157 3529 consuetudinem
1213 3474 1306 3526 sed
1348 3473 1595 3527 veritatis
1626 3472 1952 3542 opponimus
1978 3511 1993 3536 ,
2051 3471 2120 3542 ab

555 3548 712 3599 initio
745 3546 848 3599 hoc
872 3552 1138 3601 tenentes.
1176 3543 1319 3611 quod
1359 3558 1389 3596 a
1424 3542 1646 3597 Christo
1664 3540 1723 3597 et
1750 3541 1819 3595 ab
1857 3540 2118 3610 Apostolo

554 3618 811 3671 traditum
839 3622 943 3668 est.
969 3611 1081 3667 Nec
1121 3612 1487 3677 meminimus,
1534 3613 1639 3682 hoc
1671 3612 1810 3681 apud
1859 3626 1957 3666 nos
2018 3612 2120 3665 ali-

552 3687 769 3755 quando
796 3682 1032 3755 caapisse
1053 3721 1069 3746 ,
1087 3698 1471 3755 Acumusemper
1493 3683 1617 3737 istic
1650 3683 1993 3737 observatum
2022 3683 2113 3744 sit,

552 3753 610 3810 ut
646 3753 859 3811 nonnisi
887 3769 1047 3807 unam
1084 3753 1176 3808 Dei
1230 3753 1527 3808 Ecclesiam
1572 3766 1876 3817 nossemus,
1909 3762 1964 3805 et
1993 3766 2117 3806 san-

552 3840 697 3880 ctum
724 3825 992 3891 baptisma
1043 3823 1261 3878 nonnisi
1290 3832 1491 3878 sanctae
1542 3822 1805 3878 Ecclesiae
1837 3830 2119 3891 computa-

552 3842 697 3880 Clllm
724 3842 792 3880 na
833 3842 992 3879 ttsma
1043 3842 1261 3878 1101111181
1290 3842 1491 3878 saneta:
1542 3842 1805 3878 Μιωθδιω
1837 3842 2114 3891 campum-

548 3911 752 3953 remus.
788 3842 957 3950 ﬁlane
986 3895 1242 3963 quoniam
1274 3895 1495 3963 quidam
1526 3894 1594 3948 de
1624 3907 1810 3949 eorum
1844 3891 2114 3960 baptismo

548 3968 890 4031 dubitabant,
920 3966 1006 4033 qui
1033 3965 1132 4019 etsi
1162 3978 1328 4034 novos
1357 3965 1647 4034 prophetas
1679 3963 1967 4034 recipiunt,
1995 3976 2116 4034 eos-

548 4040 671 4091 dem
705 4048 882 4091 tamen
932 4032 1144 4089 Patrem
1179 4043 1233 4088 et
1281 4032 1477 4088 Filium
1528 4048 1686 4088 nosse
1722 4032 2000 4087 nobiscum
2033 4033 2114 4085 vi-

548 4111 778 4170 dentur;
835 4105 1049 4175 plurimi
1081 4103 1239 4159 simul
1268 4104 1741 4175 convenientesin
1784 4102 1966 4157 Iconio
1990 4101 2116 4175 dili-

544 4174 867 4249 gentissime
890 4176 1265 4249 tractavimus,
1288 4184 1344 4227 et
1362 4174 1803 4249 confirmavimus
1834 4174 2116 4249 repudian-

547 4244 672 4300 dum
714 4261 837 4300 esse
886 4258 1049 4298 omne
1107 4246 1328 4298 omnino
1359 4246 1624 4313 baptisma
1660 4244 1805 4313 quod
1852 4245 1925 4296 sit
1957 4253 2113 4296 extra

546 4317 847 4371 Ecclesium
882 4315 1260 4369 constitutum.
1289 4332 1308 4364 ι
1346 4312 1495 4368 Dicet
1521 4314 1718 4382 aliquis
1734 4312 2111 4382 Firmilianum

544 4390 837 4456 utrobique
866 4385 943 4456 de
970 4384 1476 4456 seipsoAloqui,rac
1515 4381 1740 4456 proinde
1780 4382 1937 4456 illum
1990 4381 2113 4456 ico-

545 4458 724 4512 niensi
747 4451 984 4526 'synodo
1015 4451 1344 4526 interfuisse.
1387 4451 1593 4526 Estoa
1627 4453 1937 4526 interfuerit
1993 4451 2112 4526 leo-

543 4530 721 4583 niensi
758 4521 964 4597 synodo
1003 4524 1371 4588 Firmiliauus,
1413 4522 1631 4595 quando
1655 4523 1729 4578 ita
1762 4524 1965 4645 placet.
2000 4521 2108 4577 Ne-

544 4615 650 4645 mm
678 4600 822 4645 enim
855 4597 907 4645 id
942 4610 1143 4645 negare
1172 4595 1337 4645 velim
1363 4595 1713 4645 pertinacius.
1788 4593 1896 4645 llud
1928 4603 2106 4645 tamen

544 4615 650 4668 que
678 4593 822 4652 enim
855 4597 907 4651 id
926 4610 1143 4668 negare
1172 4595 1337 4668 velim
1363 4593 1713 4668 pertinacius.
1762 4593 1896 4647 lllud
1928 4603 2106 4646 tamen

544 4665 859 4723 constanter
880 4666 1113 4731 allirmo,
1136 4665 1225 4720 diu
1248 4674 1372 4720 ante
1399 4665 1659 4734 Stephani
1684 4679 1832 4732 papae
1866 4675 2107 4734 tempora

544 4741 879 4794 Iconiensem
912 4739 1052 4792 hanc
1082 4736 1346 4805 synodum
1378 4732 1545 4805 fuisSe
1585 4735 1932 4805 celebratam.
1971 4732 2104 4805 Nam

543 4821 597 4863 et
646 4808 997 4863 Firtnilianus
1052 4798 1298 4862 sci'ibens
1344 4807 1411 4860 ad
1473 4798 2108 4876 Cyprianum_advers®

492 4876 500 4883 ’
546 4880 907 4946 Stephanum,
935 4878 1026 4946 qui
1070 4888 1198 4932 tunc
1229 4885 1463 4946 prmerat
1511 4873 1766 4946 Ecclesiae
1804 4873 2062 4946 Romanae
2088 4914 2103 4937 ,

542 4943 745 5005 diserte
772 4943 1006 5003 aliirmat
1057 4943 1389 5002 lconie'nsem
1441 4947 1701 5016 synodum
1746 4943 1858 5016 jam
1897 4944 2103 5016 pridem

541 5021 826 5075 collectam
885 5018 1099 5072 fuisse:
1166 5028 1220 5072 et
1269 5014 1557 5086 Dionysius
1614 5014 2013 5086 Alexandrinus
2050 5017 2102 5066 in

540 5091 767 5162 epistola
795 5090 862 5143 ad
902 5088 1297 5162 Philemonem,
1321 5084 1631 5162 humanae
1650 5087 1799 5139 urbis
1825 5084 2107 5162 presbyte-

540 5152 685 5227 rum,
706 5176 868 5231 quam
895 5160 1119 5228 scripsit
1140 5159 1240 5212 sub
1263 5157 1416 5231 initia
1448 5156 1794 5231 pontiﬁcatus
1825 5152 2107 5231 Xysti‘pa:

540 5246 642 5303 βω.
671 5223 907 5303 testatur
947 5223 1215 5303 synodum
1264 5227 1412 5303 illam
1448 5223 1798 5303 ’cclebratam
1851 5223 1972 5303 esse
1999 5223 2105 5295 πρὸ

540 5294 737 5357 πολλοῦ
779 5298 918 5355 κατὰ
959 5294 1085 5362 τοὺς
1127 5295 1438 5371 πρόλὴμῶνΔ
1467 5297 1829 5371 igtgtottdrtoug._
1851 5294 1963 5349 Sub
2011 5294 2107 5349 ex-

529 5377 712 5430 trema
746 5374 909 5443 igitur
933 5366 1491 5443 tempora'AAleitandri
1517 5368 1704 5422 Severi
1730 5366 1965 5443 collecta
1983 5378 2104 5443 esse

538 5434 903 5499 videtur'htec
932 5434 1192 5511 synodus.
1219 5437 1344 5511 Quo
1361 5438 1579 5511 quidem
1609 5449 1870 5511 tempore,
1906 5434 2103 5489 Firmi-

538 5514 718 5568 lianus
742 5513 813 5577 ad
848 5508 1199 5567 Catsariensis
1225 5508 1484 5563 Ecclesiae
1517 5508 1880 5561 sacerdotium
1914 5518 2103 5577 recens

538 5593 817 5654 promotus
853 5581 1049 5645 fuerat,
1078 5590 1138 5654 ut
1163 5580 1323 5654 deget
1344 5577 1606 5654 Eusebius
1617 5578 1681 5654 in
1707 5578 1797 5654 lib.
1823 5591 1898 5632 Vt.
1923 5576 2102 5654 Quare

539 5646 645 5709 non
681 5668 899 5723 possum
929 5650 1183 5707 assentiri
1243 5646 1479 5723 βυθοῖο
1507 5664 1571 5702 ac
1614 5647 1803 5723 Bittio,
1848 5648 1944 5723 qui
1972 5647 2105 5723 “luco-

539 5715 782 5782 niensem
800 5739 853 5793 sy
866 5725 1061 5778 nodum
1080 5718 1501 5793 contulerttntin
1525 5734 1721 5793 annum
1744 5717 1949 5774 Christi
1970 5715 2095 5782 258,

536 5797 629 5865 qui
660 5790 843 5859 annus
861 5804 942 5851 est
974 5794 1243 5851 secundus
1296 5790 1554 5862 Stephani
1579 5802 1748 5861 papae.

860 3125 1014 3176 uerat
1061 3132 1413 3192 congregata.
1452 3117 1767 3176 Fir'miliaui'
1809 3123 1972 3175 verba
2005 3122 2120 3176 haec
2150 3132 2195 3191 ο
2229 3117 2348 3192 tare
2397 3117 2564 3172 nolui.

2747 1760 3137 1815 ΚΕΦΑΛΑῙΟΝ
3171 1763 3251 1816 Η¹.

2418 1850 2555 1919 Περὶ
2590 1850 2700 1919 τῆς
2729 1852 2874 1924 κατὰ
2903 1852 3203 1924 Νοοινάτον
3232 1853 3598 1924 ἑτεροδοξιάς

2742 1922 2878 1994 (Nic.
2911 1922 2984 1975 Η.
3016 1923 3082 1977 E.
3111 1925 3281 1989 νι,9).

2314 2033 2332 2067 ι
2354 2015 2676 2086 Ναυατιανῷ
2698 2014 2806 2085 (98)
2836 2015 2932 2084 μὲν
2978 2016 3086 2087 γὰρ
3113 2016 3345 2087 εὐλόγως
3367 2019 3817 2091 ἀπεχθανόμεθα.

2239 2109 2551 2178 διακόψαντι
2586 2109 2685 2180 τὴν
2727 2108 3079 2177 Ἐκκλησίαν,
3112 2111 3204 2163 καί
3240 2128 3390 2175 τινας
3428 2113 3538 2167 τῶν
3564 2114 3826 2183 ἀδελζιῶν

2229 2202 2309 2264 εἰς
2330 2199 2584 2264 ἀσεϐείας
2608 2200 2702 2252 καὶ
2730 2198 3077 2269 βλασφημίας
3108 2198 3409 2263 ἐλκύσαντι,
3441 2201 3532 2253 καὶ
3557 2201 3684 2273 περὶ
3712 2202 3822 2256 τοῦ

2229 2290 2363 2345 Θεοῦ
2396 2290 2741 2345 διδασκαλίαν
2774 2289 3141 2360 ἀνοσιωτάτην
3171 2293 3676 2364 ὲπεισκυκλήσαντι,
3713 2297 3823 2348 καὶ

2229 2385 2320 2439 τὸν
2368 2384 2732 2456 χρηστότατον
2774 2381 2977 2453 Κύριον
3026 2381 3181 2453 ἡμῶν
3222 2382 3427 2453 Ἰησοῦν
3458 2385 3689 2455 Χριστὸν
3729 2386 3822 2448 ὡς

2236 2474 2435 2545 ἀνηλεῆ
2470 2470 2913 2541 συκοφαντοῦντι,
2943 2471 3036 2523 ἐπὶ
3083 2472 3217 2523 πᾶσι
3267 2468 3322 2523 δὲ
3357 2470 3564 2534 τούτοις
3591 2471 3650 2524 τὸ
3684 2472 3821 2524 λου·
3891 2484 3913 2497 ’

2234 2562 2362 2631 τρὸν
2393 2561 2673 2617 ἀθετοῦντι
2705 2561 2766 2615 τὸ
2794 2560 2946 2631 ἅγιον
2977 2559 3115 2631 (99),
3148 2560 3243 2614 καὶ
3281 2562 3381 2633 τήν
3411 2578 3471 2614 τε
3504 2561 3604 2631 πρὸ
3634 2560 3820 2617 αὐτοῦ

2310 2766 2421 2835 (97)
2452 2766 2776 2835 Πρεσὸεἰου
2803 2764 3158 2835 ἠξιωμένον.
3209 2764 3266 2819 In
3322 2774 3553 2835 quatuor
3598 2765 3819 2819 nostris

2240 2833 2517 2894 codicibus
2564 2835 2721 2898 Maz..
2760 2835 2922 2900 Med.,
2948 2833 3086 2889 Fuk.
3137 2844 3191 2889 et
3223 2833 3498 2890 Saviliano
3544 2836 3819 2892 scribitur

2230 2905 2645 2980 πρεσϐυτερίου.
2711 2905 2817 2960 Sed
2877 2905 3133 2980 quoniam
3175 2905 3442 2980 Eusebius
3508 2904 3817 2980 πρεσϐεῖον

2231 2974 2545 3049 frequenter
2595 2990 2857 3049 usurpare
2903 2976 3061 3049 solet_
3078 2975 3197 3049 ἀντὶ
3241 2974 3751 3049 τοῢπρεσϐυτερίου
3788 3021 3813 3042 ,

2230 3044 2500 3119 vulgatam
2527 3048 2811 3119 lectionem
2842 3061 3005 3115 quam
3028 3044 3232 3119 Regius
3262 3044 3432 3119 codex
3462 3044 3661 3119 tuetur,
3686 3064 3815 3119 nnt-

2622 3116 2794 3187 Paulo
2830 3125 2959 3187 post
2997 3116 3088 3169 ubi
3135 3116 3328 3185 legitur
3358 3116 3656 3187 ἐπισκοπὴν
3683 3118 3811 3173 τῶν

2228 3191 2416 3259 ἐκεῖσε
2443 3185 3034 3259 παρειληφότατυάθχ
3071 3187 3272 3257 Regius
3323 3189 3582 3257 scriptum
3615 3185 3814 3244 habet

2225 3260 2331 3313 τῶν
2360 3257 2546 3313 αὐτόθι
2576 3274 2710 3329 παρ.

2297 3330 2407 3399 (98)
2438 3326 2810 3399 Νᾳυατιανῷ.
2866 3327 2943 3382 Ita
2989 3326 3186 3399 legitur
3219 3327 3388 3382 etiam
3430 3327 3483 3381 in
3534 3327 3809 3385 Chronico

2231 3395 2454 3469 Georgii
2482 3398 2713 3469 Syncelli
2765 3407 2820 3451 et
2869 3398 3007 3467 apud
3043 3395 3401 3469 Nicephorum
3430 3402 3482 3451 in
3529 3399 3663 3453 libro
3694 3416 3743 3453 vt
3784 3443 3808 3466 ,

2223 3484 2345 3538 cap.
2376 3467 2448 3535 9;
2481 3467 2573 3523 sed
2596 3469 2646 3538 in
2677 3469 3046 3523 vetustissimo
3088 3469 3273 3538 codice
3313 3467 3610 3532 Malarino,
3641 3469 3799 3528 Med.

2222 3537 2440 3595 aank.
2477 3537 2736 3594 scribitur
2785 3537 3153 3608 Νοουατιανῷ,
3207 3538 3412 3592 reetius
3458 3538 3573 3592 sine
3603 3540 3803 3594 dubio-

2218 3610 2300 3665 Ac
2334 3609 2577 3680 profecto
2614 3610 2809 3680 mirum
2844 3618 2949 3673 est,
3002 3610 3052 3662 in
3106 3612 3209 3663 hoc
3258 3624 3365 3661 uno
3395 3608 3627 3680 Eusebii;
3671 3610 3805 3665 loco

2219 3678 2405 3735 verum
2440 3680 2585 3735 illius
2613 3679 2852 3734 haeretici
2889 3693 3084 3734 nomen
3117 3694 3238 3733 esse
3273 3689 3571 3732 servatum.
3600 3678 3790 3746 Quare

2220 3752 2460 3820 graviter
2484 3750 2691 3805 fallitur
2717 3749 3679 3820 Citristophorsonus,_qni,vnigatum
3710 3766 3806 3804 er-

2222 3816 2399 3876 rorem
2457 3829 2697 3882 secutus,
2722 3816 2987 3873 Novatum
3015 3820 3100 3873 hic
3135 3834 3231 3888 pro
3262 3816 3563 3872 Novatimia
3586 3820 3801 3874 substi—

2220 3892 2343 3946 tuit.
2383 3890 2651 3945 Caeterum
2676 3905 2796 3943 cum
2835 3890 2937 3944 hoc
2968 3888 3147 3958 elogio
3177 3888 3458 3942 Novatiani
3488 3891 3673 3943 confer
3705 3890 3797 3943 al-

2220 3969 2391 4014 terum
2421 3961 2564 4029 quod
2594 3960 2789 4029 legitur
2810 3960 2865 4012 in
2901 3959 3128 4029 epistola
3160 3959 3228 4011 57
3257 3958 3511 4029 Cypriani
3543 3977 3558 4012 :
3588 3958 3793 4013 Deser-

2217 4039 2301 4084 tor
2322 4028 2597 4096 Ecclesia’,
2635 4028 3012 4083 misericordiw
3060 4028 3254 4095 hostis,
3286 4028 3592 4099 interfector
3623 4033 3798 4096 pomi-

2217 4102 2412 4166 lentiw,
2447 4102 2631 4154 doctor
2660 4101 2941 4169 superbiae,
2971 4099 3201 4153 veritatis
3233 4112 3534 4168 corruptor,
3552 4100 3797 4168 perditor

2217 4172 2513 4223 charitatis.

2285 4242 2397 4310 (99)
2434 4241 2501 4294 Τὸ
2530 4239 2789 4309 λουτρὸν
2830 4240 3136 4295 ἀθετοῦντι
3163 4238 3229 4293 τὸ
3280 4238 3471 4309 ἄτιον.
3505 4236 3565 4292 In
3624 4236 3795 4307 huius

2214 4312 2367 4364 verbi
2404 4312 2853 4378 interpretatione
2893 4313 3089 4380 mirum
3136 4322 3218 4365 est
3273 4321 3608 4380 quantopere
3666 4312 3793 4366 (lis-

2215 4382 2452 4435 sentiant
2516 4381 2863 4449 interpretes.
2902 4378 3036 4450 Nam
3070 4378 3536 4450 Langus'quidetn
3568 4383 3780 4449 vertit,

2214 4467 2421 4505 sacrum
2444 4450 2615 4503 abolet
2644 4452 2936 4505 lavacrum.
2966 4449 3241 4506 Musculus
3288 4465 3417 4506 vero
3452 4451 3786 4517 interpreta-

2216 4530 2326 4585 tur,
2359 4537 2569 4575 sacrum
2589 4520 2853 4575 lavacrum
2883 4522 3198 4589 reprobavit.
3244 4521 3309 4574 At
3338 4520 3785 4588 Christophorso—

2211 4606 2312 4646 nus
2342 4592 2413 4645 ita
2446 4591 2629 4657 vertit,
2666 4606 2878 4644 sacrum
2907 4591 3240 4655 baptismatis
3269 4592 3535 4645 lavacrum
3557 4593 3785 4661 abroga-

2209 4663 2304 4715 vit.
2334 4661 2577 4729 Denique
2620 4664 2891 4729 interpres
2928 4661 3181 4733 Ceorgii
3211 4661 3444 4733 Syncelli
3480 4662 3663 4733 vertit,
3691 4680 3781 4715 sa-

2209 4748 2357 4786 crum
2383 4735 2597 4799 insuper
2628 4733 2896 4784 lavacrum
2922 4732 3117 4784 irritat.
3143 4732 3207 4785 Et
3232 4733 3346 4786 h:ec
3369 4732 3584 4800 quidem
3615 4732 3780 4786 inter-

2207 4814 2419 4871 pretum
2453 4803 2717 4855 dissensio
2739 4816 2801 4855 ex
2832 4816 2897 4854 eo
2929 4800 3102 4865 ﬂuxit,
3137 4803 3276 4870 quod
3311 4804 3534 4856 verbmn
3565 4801 3780 4857 ἀθετεῖν

2210 4873 2569 4941 multiplicem
2600 4872 2760 4925 habet
2789 4872 3264 4940 signiﬁcationem.
3313 4871 3603 4941 Interdum
3628 4874 3776 4927 enim

2208 4940 2484 5012 signiticet
2507 4943 2781 5009 reprobare
2809 4957 3165 5012 aclrespuere.
3191 4952 3250 4995 ut
3272 4956 3396 4995 cum
3428 4943 3557 4995 dicit
3580 4940 3778 5009 Orige-

2207 5010 2304 5067 nes
2333 5014 2400 5067 de
2444 5011 2780 5074 Helcesaitis,
2835 5010 3015 5064 ἀθετεῖ
3039 5028 3159 5064 τινα
3187 5012 3293 5065 ἀπὸ
3325 5013 3503 5082 πάσης
3530 5012 3773 5082 γραφῆς,

2207 5099 2329 5154 quae
2358 5087 2524 5154 verba
2557 5082 2747 5154 retulit
2790 5082 3054 5136 Eusebius
3092 5084 3141 5135 in
3176 5083 3265 5154 lib.
3300 5099 3372 5144 vr,
3407 5097 3525 5154 cap.
3560 5083 3651 5136 58.
3689 5084 3775 5135 ln-

2210 5152 2420 5207 terdnm
2454 5152 2590 5207 idem
2625 5152 2769 5223 valet
2805 5166 2876 5223 ac
2902 5154 3093 5220 probro
3142 5153 3373 5220 afﬁcere.
3427 5152 3768 5223 Hesychius:

2219 5224 2443 5289 Ἀθετεῖ,
2477 5222 2752 5292 ἀτιμάζει.
2788 5221 2966 5290 Atque
2994 5223 3065 5275 ita
3096 5226 3324 5276 sumitur
3357 5226 3494 5290 apud
3524 5221 3774 5277 Clemen-

2207 5304 2314 5349 tem
2357 5296 2777 5366 Alexandrinum
2833 5295 2884 5344 in
3044 5295 3402 5366 tvrS‘troinotet
3424 5308 3447 5366 ς
3471 5293 3772 5366 Τοιγαροῦν

2204 5366 2234 5418 ὁ
2259 5364 2484 5427 ἀθετῶν,
2513 5364 2611 5415 οὐκ
2627 5360 2906 5434 ἄνθρωπον
2923 5360 3121 5427 ἀθετεῖ,
3144 5362 3278 5416 ἀλλὰ
3300 5362 3390 5416 τὸν
3414 5363 3567 5426 Θεόν,
3582 5360 3771 5430 Μὐει,

2206 5452 2310 5488 non
2332 5437 2616 5496 hominem,
2650 5439 2739 5503 sed
2780 5434 2945 5485 Deum
2969 5437 3162 5503 spernit
3194 5450 3258 5486 ac
3285 5451 3381 5502 pro
3413 5436 3574 5487 nihilo
3598 5436 3766 5488 ducit.

2207 5507 2349 5559 Sunt
2377 5514 2429 5558 et
2457 5503 2575 5557 alite
2610 5501 2765 5572 hujus
2797 5504 2944 5556 verbi
2983 5501 3401 5572 Signilicatimtes
3432 5520 3462 5557 a
3496 5521 3770 5571 gramma-

2206 5577 2328 5630 ticis
2357 5575 2676 5629 observatm.
2734 5571 2837 5625 Sed
2874 5589 3013 5627 nunc
3042 5571 3344 5626 ίνὶιιιιιιιιιιιιι
3386 5586 3467 5628 est
3517 5590 3768 5643 qnzenam

2206 5648 2334 5699 huic
2366 5646 2482 5697 loco
2522 5644 2691 5708 magis
2724 5647 3029 5697 Conveniat.
3077 5644 3364 5699 Enimvero
3412 5647 3535 5712 quis
3570 5644 3770 5699 melius

2203 5718 2363 5769 verba
2391 5717 2623 5782 Dionysii
2668 5715 3009 5779 interpretari
3048 5718 3221 5781 possit
3278 5731 3438 5782 quam
3482 5715 3597 5781 ipse
3644 5714 3771 5766 Die-

2201 5786 2423 5859 nysius?
2447 5785 2543 5839 llic
2580 5784 2740 5854 igitur
2774 5800 2825 5838 tn
2854 5784 2993 5840 libro
3025 5787 3260 5841 secundo
3292 5787 3363 5839 Dc
3401 5782 3771 5856 promissioni,
