  <div class='ocr_page' id='page_1' title='image "/cluster/home/n/w/nwhite01/storage/ocr_20150623/20/hvd.32044073501181/346.png"; bbox 0 0 4114 6406; ppageno 0'>
   <div class='ocr_carea' id='block_1_1' title="bbox 312 327 418 384">
    <p class='ocr_par' dir='ltr' id='par_1_1' title="bbox 312 327 418 384">
     <span class='ocr_line' id='line_1_1' title="bbox 312 327 418 384; baseline 0.019 -2"><span class='ocrx_word' id='word_1_1' title='bbox 312 327 418 384; x_wconf 75' lang='grc' dir='ltr'><strong>6ὺ5</strong></span> 
     </span>
    </p>
   </div>
   <div class='ocr_carea' id='block_1_2' title="bbox 1306 321 2575 383">
    <p class='ocr_par' dir='ltr' id='par_1_2' title="bbox 1306 321 2575 383">
     <span class='ocr_line' id='line_1_2' title="bbox 1306 321 2575 383; baseline -0.002 -1"><span class='ocrx_word' id='word_1_2' title='bbox 1306 325 1654 382; x_wconf 55' lang='lat' dir='ltr'><strong>HISTORIA]</strong></span> <span class='ocrx_word' id='word_1_3' title='bbox 1686 321 2248 383; x_wconf 66' lang='lat' dir='ltr'><strong>ECCLESIASTICA&#39;I</strong></span> <span class='ocrx_word' id='word_1_4' title='bbox 2287 323 2417 381; x_wconf 81' lang='lat' dir='ltr'><strong>LIB.</strong></span> <span class='ocrx_word' id='word_1_5' title='bbox 2462 323 2575 380; x_wconf 78' lang='lat' dir='ltr'><strong>VII.</strong></span> 
     </span>
    </p>
   </div>
   <div class='ocr_carea' id='block_1_3' title="bbox 3457 321 3560 380">
    <p class='ocr_par' dir='ltr' id='par_1_3' title="bbox 3457 321 3560 380">
     <span class='ocr_line' id='line_1_3' title="bbox 3457 321 3560 380; baseline 0 0"><span class='ocrx_word' id='word_1_6' title='bbox 3457 321 3560 380; x_wconf 77' lang='lat'><strong><em>666</em></strong></span> 
     </span>
    </p>
   </div>
   <div class='ocr_carea' id='block_1_4' title="bbox 312 440 1892 520">
    <p class='ocr_par' dir='ltr' id='par_1_4' title="bbox 312 443 1892 520">
     <span class='ocr_line' id='line_1_4' title="bbox 312 443 1892 520; baseline -0.002 -20"><span class='ocrx_word' id='word_1_7' title='bbox 312 443 413 517; x_wconf 72' lang='grc' dir='ltr'>τὴν</span> <span class='ocrx_word' id='word_1_8' title='bbox 445 445 732 517; x_wconf 73' lang='grc' dir='ltr'>βασιλείαν</span> <span class='ocrx_word' id='word_1_9' title='bbox 757 446 1102 520; x_wconf 78' lang='grc' dir='ltr'><strong>προσκυνεῖν,</strong></span> <span class='ocrx_word' id='word_1_10' title='bbox 1134 445 1486 500; x_wconf 79' lang='grc' dir='ltr'>ἐπιλαθέσθαι</span> <span class='ocrx_word' id='word_1_11' title='bbox 1509 461 1569 498; x_wconf 89' lang='grc' dir='ltr'>τε</span> <span class='ocrx_word' id='word_1_12' title='bbox 1598 443 1706 497; x_wconf 91' lang='grc' dir='ltr'>τῶν</span> <span class='ocrx_word' id='word_1_13' title='bbox 1745 443 1892 515; x_wconf 74' lang='grc' dir='ltr'>παρὰ</span> 
     </span>
    </p>
   </div>
   <div class='ocr_carea' id='block_1_5' title="bbox 1993 440 3562 520">
    <p class='ocr_par' dir='ltr' id='par_1_5' title="bbox 1996 440 3562 509">
     <span class='ocr_line' id='line_1_5' title="bbox 1996 440 3562 509; baseline -0.002 -10"><span class='ocrx_word' id='word_1_14' title='bbox 1996 448 2204 502; x_wconf 83' lang='lat' dir='ltr'><strong>hiscum</strong></span> <span class='ocrx_word' id='word_1_15' title='bbox 2239 445 2467 503; x_wconf 85' lang='lat' dir='ltr'><strong>disserui</strong></span> <span class='ocrx_word' id='word_1_16' title='bbox 2499 445 2565 500; x_wconf 85' lang='lat' dir='ltr'><strong>de</strong></span> <span class='ocrx_word' id='word_1_17' title='bbox 2623 441 2958 498; x_wconf 86' lang='lat' dir='ltr'><strong>humanitate</strong></span> <span class='ocrx_word' id='word_1_18' title='bbox 2991 440 3292 509; x_wconf 72' lang='lat' dir='ltr'><strong>principum</strong></span> <span class='ocrx_word' id='word_1_19' title='bbox 3347 451 3562 496; x_wconf 87' lang='lat' dir='ltr'><strong>nostro-</strong></span> 
     </span>
    </p>
   </div>
   <div class='ocr_carea' id='block_1_6' title="bbox 313 535 1890 611">
    <p class='ocr_par' dir='ltr' id='par_1_6' title="bbox 313 535 1890 611">
     <span class='ocr_line' id='line_1_6' title="bbox 313 535 1890 611; baseline -0.001 -17"><span class='ocrx_word' id='word_1_20' title='bbox 313 541 500 611; x_wconf 81' lang='grc' dir='ltr'>φύσιν.</span> <span class='ocrx_word' id='word_1_21' title='bbox 542 540 606 593; x_wconf 83' lang='grc' dir='ltr'><strong>Τί</strong></span> <span class='ocrx_word' id='word_1_22' title='bbox 655 535 747 593; x_wconf 81' lang='grc' dir='ltr'><strong>οὖν</strong></span> <span class='ocrx_word' id='word_1_23' title='bbox 803 554 938 608; x_wconf 81' lang='grc' dir='ltr'>φατε</span> <span class='ocrx_word' id='word_1_24' title='bbox 986 537 1122 609; x_wconf 80' lang='grc' dir='ltr'>πρὸς</span> <span class='ocrx_word' id='word_1_25' title='bbox 1171 537 1378 604; x_wconf 85' lang='grc' dir='ltr'>ταῦτα;</span> <span class='ocrx_word' id='word_1_26' title='bbox 1422 537 1556 591; x_wconf 80' lang='grc' dir='ltr'><strong>Οὐδὲ</strong></span> <span class='ocrx_word' id='word_1_27' title='bbox 1603 538 1712 610; x_wconf 85' lang='grc' dir='ltr'>γὰρ</span> <span class='ocrx_word' id='word_1_28' title='bbox 1755 539 1890 608; x_wconf 85' lang='grc' dir='ltr'><strong>ἀχα-</strong></span> 
     </span>
    </p>
   </div>
   <div class='ocr_carea' id='block_1_7' title="bbox 313 629 1890 708">
    <p class='ocr_par' dir='ltr' id='par_1_7' title="bbox 313 629 1890 708">
     <span class='ocr_line' id='line_1_7' title="bbox 313 629 1890 708; baseline -0.003 -22"><span class='ocrx_word' id='word_1_29' title='bbox 313 633 536 708; x_wconf 86' lang='grc' dir='ltr'>ρίστους</span> <span class='ocrx_word' id='word_1_30' title='bbox 561 633 705 703; x_wconf 80' lang='grc' dir='ltr'>ὑμᾶς</span> <span class='ocrx_word' id='word_1_31' title='bbox 728 629 943 684; x_wconf 77' lang='grc' dir='ltr'>ἔσεσθαι</span> <span class='ocrx_word' id='word_1_32' title='bbox 973 631 1096 702; x_wconf 72' lang='grc' dir='ltr'>περὶ</span> <span class='ocrx_word' id='word_1_33' title='bbox 1147 631 1243 702; x_wconf 79' lang='grc' dir='ltr'>τὴν</span> <span class='ocrx_word' id='word_1_34' title='bbox 1280 629 1686 702; x_wconf 72' lang='grc' dir='ltr'><strong>φιλανθρωπίαν</strong></span> <span class='ocrx_word' id='word_1_35' title='bbox 1712 629 1890 684; x_wconf 73' lang='grc' dir='ltr'>αὐτῶν</span> 
     </span>
    </p>
   </div>
   <div class='ocr_carea' id='block_1_8' title="bbox 313 718 1890 796">
    <p class='ocr_par' dir='ltr' id='par_1_8' title="bbox 313 718 1890 796">
     <span class='ocr_line' id='line_1_8' title="bbox 313 718 1890 796; baseline -0.004 -18"><span class='ocrx_word' id='word_1_36' title='bbox 313 723 638 796; x_wconf 78' lang='grc' dir='ltr'><strong>προσδοκῶ,</strong></span> <span class='ocrx_word' id='word_1_37' title='bbox 670 721 966 792; x_wconf 76' lang='grc' dir='ltr'><strong>ἐπειδήπερ</strong></span> <span class='ocrx_word' id='word_1_38' title='bbox 1007 721 1100 774; x_wconf 71' lang='grc' dir='ltr'><strong>ἐπὶ</strong></span> <span class='ocrx_word' id='word_1_39' title='bbox 1137 719 1205 775; x_wconf 84' lang='grc' dir='ltr'>τὰ</span> <span class='ocrx_word' id='word_1_40' title='bbox 1247 720 1440 790; x_wconf 85' lang='grc' dir='ltr'><strong>βελτίω</strong></span> <span class='ocrx_word' id='word_1_41' title='bbox 1473 721 1616 790; x_wconf 80' lang='grc' dir='ltr'>ὑμᾶς</span> <span class='ocrx_word' id='word_1_42' title='bbox 1659 718 1890 791; x_wconf 78' lang='grc' dir='ltr'>προτρέ-</span> 
     </span>
    </p>
   </div>
   <div class='ocr_carea' id='block_1_9' title="bbox 315 811 1892 884">
    <p class='ocr_par' dir='ltr' id='par_1_9' title="bbox 315 811 1892 884">
     <span class='ocr_line' id='line_1_9' title="bbox 315 811 1892 884; baseline -0.003 -14"><span class='ocrx_word' id='word_1_43' title='bbox 315 833 530 870; x_wconf 79' lang='grc' dir='ltr'>πονται.</span> <span class='ocrx_word' id='word_1_44' title='bbox 592 812 866 876; x_wconf 87' lang='grc' dir='ltr'>Διονύσιος</span> <span class='ocrx_word' id='word_1_45' title='bbox 913 811 1279 884; x_wconf 73' lang='grc' dir='ltr'>ἀπεκρίνατοο</span> <span class='ocrx_word' id='word_1_46' title='bbox 1319 813 1394 866; x_wconf 83' lang='grc' dir='ltr'><strong>Οὐ</strong></span> <span class='ocrx_word' id='word_1_47' title='bbox 1452 812 1650 875; x_wconf 81' lang='grc' dir='ltr'>πάντες</span> <span class='ocrx_word' id='word_1_48' title='bbox 1685 811 1892 877; x_wconf 81' lang='grc' dir='ltr'><strong>πάντας</strong></span> 
     </span>
    </p>
   </div>
   <div class='ocr_carea' id='block_1_10' title="bbox 316 903 1891 980">
    <p class='ocr_par' dir='ltr' id='par_1_10' title="bbox 316 903 1891 980">
     <span class='ocr_line' id='line_1_10' title="bbox 316 903 1891 980; baseline -0.004 -17"><span class='ocrx_word' id='word_1_49' title='bbox 316 905 684 980; x_wconf 77' lang='grc' dir='ltr'>προσκυνοῦσι</span> <span class='ocrx_word' id='word_1_50' title='bbox 732 903 907 968; x_wconf 77' lang='grc' dir='ltr'>θεοὺς,</span> <span class='ocrx_word' id='word_1_51' title='bbox 950 903 1065 957; x_wconf 84' lang='grc' dir='ltr'>ἀλλ’</span> <span class='ocrx_word' id='word_1_52' title='bbox 1108 903 1328 957; x_wconf 72' lang='grc' dir='ltr'>ἕκαστοί</span> <span class='ocrx_word' id='word_1_53' title='bbox 1374 920 1546 968; x_wconf 87' lang='grc' dir='ltr'>τινας,</span> <span class='ocrx_word' id='word_1_54' title='bbox 1592 903 1687 968; x_wconf 83' lang='grc' dir='ltr'><strong>οὓς</strong></span> <span class='ocrx_word' id='word_1_55' title='bbox 1737 903 1891 974; x_wconf 89' lang='grc' dir='ltr'>νομί-</span> 
     </span>
    </p>
   </div>
   <div class='ocr_carea' id='block_1_11' title="bbox 317 994 1892 1068">
    <p class='ocr_par' dir='ltr' id='par_1_11' title="bbox 317 994 1892 1068">
     <span class='ocr_line' id='line_1_11' title="bbox 317 994 1892 1068; baseline -0.004 -14"><span class='ocrx_word' id='word_1_56' title='bbox 317 1001 520 1065; x_wconf 80' lang='grc' dir='ltr'>ζουσιν.</span> <span class='ocrx_word' id='word_1_57' title='bbox 566 998 755 1068; x_wconf 81' lang='grc' dir='ltr'>Ἡμεῖς</span> <span class='ocrx_word' id='word_1_58' title='bbox 798 995 978 1049; x_wconf 80' lang='grc' dir='ltr'>τοίνυν</span> <span class='ocrx_word' id='word_1_59' title='bbox 1003 995 1094 1048; x_wconf 80' lang='grc' dir='ltr'><strong>τὸν</strong></span> <span class='ocrx_word' id='word_1_60' title='bbox 1135 995 1230 1048; x_wconf 75' lang='grc' dir='ltr'><strong>ἕνα</strong></span> <span class='ocrx_word' id='word_1_61' title='bbox 1267 995 1399 1048; x_wconf 72' lang='grc' dir='ltr'>Θεὸν</span> <span class='ocrx_word' id='word_1_62' title='bbox 1430 995 1523 1051; x_wconf 72' lang='grc' dir='ltr'><strong>καὶ</strong></span> <span class='ocrx_word' id='word_1_63' title='bbox 1551 994 1892 1067; x_wconf 83' lang='grc' dir='ltr'>Δημιουργὸν</span> 
     </span>
    </p>
   </div>
   <div class='ocr_carea' id='block_1_12' title="bbox 313 1085 1890 1162">
    <p class='ocr_par' dir='ltr' id='par_1_12' title="bbox 313 1085 1890 1162">
     <span class='ocr_line' id='line_1_12' title="bbox 313 1085 1890 1162; baseline -0.003 -18"><span class='ocrx_word' id='word_1_64' title='bbox 313 1091 427 1144; x_wconf 87' lang='grc' dir='ltr'>τῶν</span> <span class='ocrx_word' id='word_1_65' title='bbox 475 1090 750 1151; x_wconf 77' lang='grc' dir='ltr'>ἁπάντων,</span> <span class='ocrx_word' id='word_1_66' title='bbox 784 1087 876 1141; x_wconf 80' lang='grc' dir='ltr'><strong>τὸν</strong></span> <span class='ocrx_word' id='word_1_67' title='bbox 916 1087 1010 1141; x_wconf 74' lang='grc' dir='ltr'><strong>καὶ</strong></span> <span class='ocrx_word' id='word_1_68' title='bbox 1046 1085 1143 1158; x_wconf 83' lang='grc' dir='ltr'>τὴν</span> <span class='ocrx_word' id='word_1_69' title='bbox 1187 1087 1464 1158; x_wconf 86' lang='grc' dir='ltr'>βασιλείαν</span> <span class='ocrx_word' id='word_1_70' title='bbox 1498 1088 1890 1162; x_wconf 77' lang='grc' dir='ltr'>ἐγχειρήσαντα</span> 
     </span>
    </p>
   </div>
   <div class='ocr_carea' id='block_1_13' title="bbox 314 1177 1891 1250">
    <p class='ocr_par' dir='ltr' id='par_1_13' title="bbox 314 1177 1891 1250">
     <span class='ocr_line' id='line_1_13' title="bbox 314 1177 1891 1250; baseline -0.003 -15"><span class='ocrx_word' id='word_1_71' title='bbox 314 1185 428 1244; x_wconf 83' lang='grc' dir='ltr'>τοῖς</span> <span class='ocrx_word' id='word_1_72' title='bbox 471 1177 916 1250; x_wconf 76' lang='grc' dir='ltr'>θεοφιλεστάτοις’</span> <span class='ocrx_word' id='word_1_73' title='bbox 951 1177 1298 1250; x_wconf 84' lang='grc' dir='ltr'>Οὐαλεριανῷ</span> <span class='ocrx_word' id='word_1_74' title='bbox 1347 1180 1442 1232; x_wconf 80' lang='grc' dir='ltr'><strong>καὶ</strong></span> <span class='ocrx_word' id='word_1_75' title='bbox 1484 1177 1760 1250; x_wconf 84' lang='grc' dir='ltr'>Γαλλιηνῷ</span> <span class='ocrx_word' id='word_1_76' title='bbox 1799 1194 1891 1230; x_wconf 87' lang='grc' dir='ltr'><strong>σε·-</strong></span> 
     </span>
    </p>
   </div>
   <div class='ocr_carea' id='block_1_14' title="bbox 317 1268 1893 1343">
    <p class='ocr_par' dir='ltr' id='par_1_14' title="bbox 317 1268 1893 1343">
     <span class='ocr_line' id='line_1_14' title="bbox 317 1268 1893 1343; baseline -0.003 -18"><span class='ocrx_word' id='word_1_77' title='bbox 317 1274 558 1336; x_wconf 83' lang='grc' dir='ltr'>6αστοῖς,</span> <span class='ocrx_word' id='word_1_78' title='bbox 591 1271 778 1325; x_wconf 85' lang='grc' dir='ltr'>τοῦτον</span> <span class='ocrx_word' id='word_1_79' title='bbox 811 1272 904 1325; x_wconf 78' lang='grc' dir='ltr'>καὶ</span> <span class='ocrx_word' id='word_1_80' title='bbox 936 1270 1165 1341; x_wconf 79' lang='grc' dir='ltr'>σέϐομεν</span> <span class='ocrx_word' id='word_1_81' title='bbox 1198 1272 1292 1325; x_wconf 81' lang='grc' dir='ltr'>καὶ</span> <span class='ocrx_word' id='word_1_82' title='bbox 1326 1269 1756 1343; x_wconf 78' lang='grc' dir='ltr'>προσκυνοῦμεν,</span> <span class='ocrx_word' id='word_1_83' title='bbox 1799 1268 1893 1337; x_wconf 56' lang='grc' dir='ltr'>καὶ.</span> 
     </span>
    </p>
   </div>
   <div class='ocr_carea' id='block_1_15' title="bbox 314 1362 1894 1439">
    <p class='ocr_par' dir='ltr' id='par_1_15' title="bbox 314 1362 1894 1439">
     <span class='ocr_line' id='line_1_15' title="bbox 314 1362 1894 1439; baseline -0.003 -18"><span class='ocrx_word' id='word_1_84' title='bbox 314 1367 491 1436; x_wconf 63' lang='grc' dir='ltr'>τούτῳ</span> <span class='ocrx_word' id='word_1_85' title='bbox 519 1365 781 1439; x_wconf 77' lang='grc' dir='ltr'><strong>διηνεκῶς</strong></span> <span class='ocrx_word' id='word_1_86' title='bbox 802 1365 938 1438; x_wconf 78' lang='grc' dir='ltr'>ὑπὲρ</span> <span class='ocrx_word' id='word_1_87' title='bbox 969 1367 1068 1436; x_wconf 82' lang='grc' dir='ltr'>τῆς</span> <span class='ocrx_word' id='word_1_88' title='bbox 1095 1363 1371 1434; x_wconf 80' lang='grc' dir='ltr'>βασιλείας</span> <span class='ocrx_word' id='word_1_89' title='bbox 1391 1364 1572 1418; x_wconf 79' lang='grc' dir='ltr'>αὐτῶν</span> <span class='ocrx_word' id='word_1_90' title='bbox 1591 1365 1740 1427; x_wconf 80' lang='grc' dir='ltr'>ὅπως</span> <span class='ocrx_word' id='word_1_91' title='bbox 1766 1362 1894 1417; x_wconf 60' lang='grc' dir='ltr'><strong>ἀσάμ-</strong></span> 
     </span>
    </p>
   </div>
   <div class='ocr_carea' id='block_1_16' title="bbox 314 1453 1892 1530">
    <p class='ocr_par' dir='ltr' id='par_1_16' title="bbox 314 1453 1892 1530">
     <span class='ocr_line' id='line_1_16' title="bbox 314 1453 1892 1530; baseline -0.003 -18"><span class='ocrx_word' id='word_1_92' title='bbox 314 1459 504 1522; x_wconf 84' lang='grc' dir='ltr'>λευτος</span> <span class='ocrx_word' id='word_1_93' title='bbox 521 1458 772 1530; x_wconf 83' lang='grc' dir='ltr'><strong>διαμένῃ,</strong></span> <span class='ocrx_word' id='word_1_94' title='bbox 796 1454 1228 1527; x_wconf 85' lang='grc' dir='ltr'>προσευχόμεθα.</span> <span class='ocrx_word' id='word_1_95' title='bbox 1247 1455 1562 1527; x_wconf 75' lang='grc' dir='ltr'>Αἰμιλιανὸς</span> <span class='ocrx_word' id='word_1_96' title='bbox 1577 1455 1775 1512; x_wconf 84' lang='grc' dir='ltr'>διέπων</span> <span class='ocrx_word' id='word_1_97' title='bbox 1796 1453 1892 1526; x_wconf 84' lang='grc' dir='ltr'>τὴν</span> 
     </span>
    </p>
   </div>
   <div class='ocr_carea' id='block_1_17' title="bbox 312 1545 1892 1624">
    <p class='ocr_par' dir='ltr' id='par_1_17' title="bbox 312 1545 1892 1624">
     <span class='ocr_line' id='line_1_17' title="bbox 312 1545 1892 1624; baseline -0.003 -21"><span class='ocrx_word' id='word_1_98' title='bbox 312 1551 635 1624; x_wconf 76' lang='grc' dir='ltr'>ἡγεμονίαν,</span> <span class='ocrx_word' id='word_1_99' title='bbox 680 1550 861 1612; x_wconf 75' lang='grc' dir='ltr'>αὐτοῖς</span> <span class='ocrx_word' id='word_1_100' title='bbox 895 1545 1045 1603; x_wconf 76' lang='grc' dir='ltr'><strong>εἶπε⁹</strong></span> <span class='ocrx_word' id='word_1_101' title='bbox 1081 1548 1178 1614; x_wconf 83' lang='grc' dir='ltr'><strong>Τίς</strong></span> <span class='ocrx_word' id='word_1_102' title='bbox 1221 1548 1330 1619; x_wconf 74' lang='grc' dir='ltr'>γὰρ</span> <span class='ocrx_word' id='word_1_103' title='bbox 1381 1549 1528 1618; x_wconf 71' lang='grc' dir='ltr'>ὑμᾶς</span> <span class='ocrx_word' id='word_1_104' title='bbox 1566 1545 1764 1601; x_wconf 75' lang='grc' dir='ltr'>κωλύει</span> <span class='ocrx_word' id='word_1_105' title='bbox 1795 1547 1892 1600; x_wconf 79' lang='grc' dir='ltr'>καὶ</span> 
     </span>
    </p>
   </div>
   <div class='ocr_carea' id='block_1_18' title="bbox 311 1641 1894 1716">
    <p class='ocr_par' dir='ltr' id='par_1_18' title="bbox 311 1641 1894 1716">
     <span class='ocr_line' id='line_1_18' title="bbox 311 1641 1894 1716; baseline -0.003 -17"><span class='ocrx_word' id='word_1_106' title='bbox 311 1648 505 1700; x_wconf 80' lang='grc' dir='ltr'>τοῦτον</span> <span class='ocrx_word' id='word_1_107' title='bbox 544 1645 701 1716; x_wconf 79' lang='grc' dir='ltr'>εἴπερ</span> <span class='ocrx_word' id='word_1_108' title='bbox 732 1645 849 1697; x_wconf 72' lang='grc' dir='ltr'>ἐστὶ</span> <span class='ocrx_word' id='word_1_109' title='bbox 879 1643 1033 1709; x_wconf 80' lang='grc' dir='ltr'>Θεὸς,</span> <span class='ocrx_word' id='word_1_110' title='bbox 1084 1643 1222 1714; x_wconf 84' lang='grc' dir='ltr'>μετὰ</span> <span class='ocrx_word' id='word_1_111' title='bbox 1251 1642 1360 1696; x_wconf 87' lang='grc' dir='ltr'>τῶν</span> <span class='ocrx_word' id='word_1_112' title='bbox 1391 1641 1532 1696; x_wconf 73' lang='grc' dir='ltr'>κατὰ</span> <span class='ocrx_word' id='word_1_113' title='bbox 1563 1641 1724 1711; x_wconf 81' lang='grc' dir='ltr'>φύσιν</span> <span class='ocrx_word' id='word_1_114' title='bbox 1757 1641 1894 1695; x_wconf 87' lang='grc' dir='ltr'>θεῶν</span> 
     </span>
    </p>
   </div>
   <div class='ocr_carea' id='block_1_19' title="bbox 314 1734 1892 1812">
    <p class='ocr_par' dir='ltr' id='par_1_19' title="bbox 314 1734 1892 1812">
     <span class='ocr_line' id='line_1_19' title="bbox 314 1734 1892 1812; baseline -0.003 -20"><span class='ocrx_word' id='word_1_115' title='bbox 314 1740 675 1812; x_wconf 85' lang='grc' dir='ltr'>προσκυνεῖν;</span> <span class='ocrx_word' id='word_1_116' title='bbox 701 1737 857 1800; x_wconf 78' lang='grc' dir='ltr'>θεοὺς</span> <span class='ocrx_word' id='word_1_117' title='bbox 879 1736 989 1807; x_wconf 78' lang='grc' dir='ltr'>γὰρ</span> <span class='ocrx_word' id='word_1_118' title='bbox 1015 1736 1190 1790; x_wconf 70' lang='grc' dir='ltr'>σέϐειν</span> <span class='ocrx_word' id='word_1_119' title='bbox 1218 1734 1594 1806; x_wconf 82' lang='grc' dir='ltr'>ὲκελεύσθητε,</span> <span class='ocrx_word' id='word_1_120' title='bbox 1623 1735 1718 1788; x_wconf 73' lang='grc' dir='ltr'><strong>καὶ</strong></span> <span class='ocrx_word' id='word_1_121' title='bbox 1739 1734 1892 1797; x_wconf 78' lang='grc' dir='ltr'>θεοὺς</span> 
     </span>
    </p>
   </div>
   <div class='ocr_carea' id='block_1_20' title="bbox 312 1827 1893 1900">
    <p class='ocr_par' dir='ltr' id='par_1_20' title="bbox 312 1827 1893 1900">
     <span class='ocr_line' id='line_1_20' title="bbox 312 1827 1893 1900; baseline -0.003 -14"><span class='ocrx_word' id='word_1_122' title='bbox 312 1833 411 1897; x_wconf 80' lang='grc' dir='ltr'><strong>οὓς</strong></span> <span class='ocrx_word' id='word_1_123' title='bbox 445 1831 645 1895; x_wconf 85' lang='grc' dir='ltr'>πάντες</span> <span class='ocrx_word' id='word_1_124' title='bbox 680 1830 844 1884; x_wconf 83' lang='grc' dir='ltr'>ἴσασι.</span> <span class='ocrx_word' id='word_1_125' title='bbox 879 1828 1152 1892; x_wconf 84' lang='grc' dir='ltr'>Διονύσιος</span> <span class='ocrx_word' id='word_1_126' title='bbox 1185 1828 1543 1900; x_wconf 84' lang='grc' dir='ltr'>ἀπεκρίνατο·</span> <span class='ocrx_word' id='word_1_127' title='bbox 1587 1827 1776 1897; x_wconf 82' lang='grc' dir='ltr'>Ἡμεῖς</span> <span class='ocrx_word' id='word_1_128' title='bbox 1802 1827 1893 1881; x_wconf 75' lang='grc' dir='ltr'>οὐ·</span> 
     </span>
    </p>
   </div>
   <div class='ocr_carea' id='block_1_21' title="bbox 312 1920 1894 1996">
    <p class='ocr_par' dir='ltr' id='par_1_21' title="bbox 312 1920 1894 1996">
     <span class='ocr_line' id='line_1_21' title="bbox 312 1920 1894 1996; baseline -0.004 -16"><span class='ocrx_word' id='word_1_129' title='bbox 312 1925 441 1980; x_wconf 81' lang='grc' dir='ltr'><strong>δένα</strong></span> <span class='ocrx_word' id='word_1_130' title='bbox 485 1925 671 1996; x_wconf 81' lang='grc' dir='ltr'>ἓτερον</span> <span class='ocrx_word' id='word_1_131' title='bbox 717 1920 1141 1996; x_wconf 79' lang='grc' dir='ltr'>προσκυνοῦμεν.</span> <span class='ocrx_word' id='word_1_132' title='bbox 1187 1921 1498 1993; x_wconf 70' lang='grc' dir='ltr'>Αἰμιλιανὸς</span> <span class='ocrx_word' id='word_1_133' title='bbox 1545 1920 1744 1974; x_wconf 80' lang='grc' dir='ltr'>διέπων</span> <span class='ocrx_word' id='word_1_134' title='bbox 1795 1921 1894 1992; x_wconf 83' lang='grc' dir='ltr'>τὴν</span> 
     </span>
    </p>
   </div>
   <div class='ocr_carea' id='block_1_22' title="bbox 314 2011 1896 2089">
    <p class='ocr_par' dir='ltr' id='par_1_22' title="bbox 314 2011 1896 2089">
     <span class='ocr_line' id='line_1_22' title="bbox 314 2011 1896 2089; baseline -0.003 -18"><span class='ocrx_word' id='word_1_135' title='bbox 314 2017 633 2089; x_wconf 76' lang='grc' dir='ltr'>ἡγεμονίαν.</span> <span class='ocrx_word' id='word_1_136' title='bbox 679 2017 862 2080; x_wconf 73' lang='grc' dir='ltr'>αὐτοῖς</span> <span class='ocrx_word' id='word_1_137' title='bbox 894 2011 1043 2069; x_wconf 76' lang='grc' dir='ltr'>εἶπεν</span> <span class='ocrx_word' id='word_1_138' title='bbox 1063 2032 1076 2045; x_wconf 86' lang='grc'><strong>·</strong></span> <span class='ocrx_word' id='word_1_139' title='bbox 1121 2014 1261 2087; x_wconf 86' lang='grc' dir='ltr'><strong>Ὀρῶ</strong></span> <span class='ocrx_word' id='word_1_140' title='bbox 1295 2014 1440 2086; x_wconf 82' lang='grc' dir='ltr'>ὑμᾶς</span> <span class='ocrx_word' id='word_1_141' title='bbox 1471 2013 1607 2085; x_wconf 86' lang='grc' dir='ltr'>όμοῦ</span> <span class='ocrx_word' id='word_1_142' title='bbox 1638 2014 1732 2067; x_wconf 74' lang='grc' dir='ltr'><strong>καὶ</strong></span> <span class='ocrx_word' id='word_1_143' title='bbox 1767 2013 1896 2085; x_wconf 70' lang='grc' dir='ltr'><strong>ἀχαφ</strong></span> 
     </span>
    </p>
   </div>
   <div class='ocr_carea' id='block_1_23' title="bbox 316 2106 1894 2186">
    <p class='ocr_par' dir='ltr' id='par_1_23' title="bbox 316 2106 1894 2186">
     <span class='ocr_line' id='line_1_23' title="bbox 316 2106 1894 2186; baseline -0.002 -24"><span class='ocrx_word' id='word_1_144' title='bbox 316 2111 531 2186; x_wconf 67' lang='lat' dir='ltr'><strong>pia-100g</strong></span> <span class='ocrx_word' id='word_1_145' title='bbox 560 2111 718 2173; x_wconf 80' lang='grc' dir='ltr'>ὄντας</span> <span class='ocrx_word' id='word_1_146' title='bbox 756 2110 850 2162; x_wconf 74' lang='grc' dir='ltr'><strong>καὶ</strong></span> <span class='ocrx_word' id='word_1_147' title='bbox 893 2108 1251 2178; x_wconf 83' lang='grc' dir='ltr'><strong>ἀναισθήτους</strong></span> <span class='ocrx_word' id='word_1_148' title='bbox 1296 2108 1393 2178; x_wconf 78' lang='grc' dir='ltr'>τῆς</span> <span class='ocrx_word' id='word_1_149' title='bbox 1441 2108 1742 2179; x_wconf 87' lang='grc' dir='ltr'>πραότητος</span> <span class='ocrx_word' id='word_1_150' title='bbox 1785 2106 1894 2160; x_wconf 91' lang='grc' dir='ltr'>τῶν</span> 
     </span>
    </p>
   </div>
   <div class='ocr_carea' id='block_1_24' title="bbox 317 2197 1893 2273">
    <p class='ocr_par' dir='ltr' id='par_1_24' title="bbox 317 2197 1893 2273">
     <span class='ocr_line' id='line_1_24' title="bbox 317 2197 1893 2273; baseline -0.003 -18"><span class='ocrx_word' id='word_1_151' title='bbox 317 2201 595 2256; x_wconf 79' lang='grc' dir='ltr'>σεὸαστῶν</span> <span class='ocrx_word' id='word_1_152' title='bbox 642 2202 752 2273; x_wconf 77' lang='lat'><strong>(5&#39;5)</strong></span> <span class='ocrx_word' id='word_1_153' title='bbox 786 2200 960 2272; x_wconf 81' lang='grc' dir='ltr'>ἡμῶν.</span> <span class='ocrx_word' id='word_1_154' title='bbox 1007 2201 1206 2271; x_wconf 85' lang='grc' dir='ltr'>Διόπερ</span> <span class='ocrx_word' id='word_1_155' title='bbox 1239 2199 1339 2252; x_wconf 87' lang='grc' dir='ltr'><strong>οὐκ</strong></span> <span class='ocrx_word' id='word_1_156' title='bbox 1386 2197 1574 2252; x_wconf 79' lang='grc' dir='ltr'>ἔσεσθε</span> <span class='ocrx_word' id='word_1_157' title='bbox 1608 2202 1667 2253; x_wconf 84' lang='grc' dir='ltr'>ὲν</span> <span class='ocrx_word' id='word_1_158' title='bbox 1696 2201 1762 2270; x_wconf 81' lang='grc' dir='ltr'>τῇ</span> <span class='ocrx_word' id='word_1_159' title='bbox 1797 2198 1893 2251; x_wconf 81' lang='grc' dir='ltr'>πό-</span> 
     </span>
    </p>
   </div>
   <div class='ocr_carea' id='block_1_25' title="bbox 313 2291 1894 2365">
    <p class='ocr_par' dir='ltr' id='par_1_25' title="bbox 313 2291 1894 2365">
     <span class='ocr_line' id='line_1_25' title="bbox 313 2291 1894 2365; baseline -0.001 -18"><span class='ocrx_word' id='word_1_160' title='bbox 313 2293 394 2348; x_wconf 81' lang='grc' dir='ltr'>λει</span> <span class='ocrx_word' id='word_1_161' title='bbox 428 2294 620 2365; x_wconf 77' lang='grc' dir='ltr'>ταύτῃ.</span> <span class='ocrx_word' id='word_1_162' title='bbox 676 2292 835 2348; x_wconf 83' lang='grc' dir='ltr'><strong>Ἀλλὰ</strong></span> <span class='ocrx_word' id='word_1_163' title='bbox 879 2292 1322 2364; x_wconf 82' lang='grc' dir='ltr'>ἀποσταλήσεσθε</span> <span class='ocrx_word' id='word_1_164' title='bbox 1366 2295 1446 2356; x_wconf 87' lang='grc' dir='ltr'>εἰς</span> <span class='ocrx_word' id='word_1_165' title='bbox 1492 2292 1558 2346; x_wconf 77' lang='grc' dir='ltr'>τὰ</span> <span class='ocrx_word' id='word_1_166' title='bbox 1609 2291 1748 2363; x_wconf 78' lang='grc' dir='ltr'>μέρη</span> <span class='ocrx_word' id='word_1_167' title='bbox 1797 2292 1894 2362; x_wconf 80' lang='grc' dir='ltr'>τῆς</span> 
     </span>
    </p>
   </div>
   <div class='ocr_carea' id='block_1_26' title="bbox 313 2382 1894 2456">
    <p class='ocr_par' dir='ltr' id='par_1_26' title="bbox 313 2382 1894 2456">
     <span class='ocr_line' id='line_1_26' title="bbox 313 2382 1894 2456; baseline -0.003 -17"><span class='ocrx_word' id='word_1_168' title='bbox 313 2386 543 2455; x_wconf 77' lang='grc' dir='ltr'>Λιῦύης,</span> <span class='ocrx_word' id='word_1_169' title='bbox 577 2386 670 2439; x_wconf 70' lang='grc' dir='ltr'><strong>καὶ</strong></span> <span class='ocrx_word' id='word_1_170' title='bbox 699 2387 755 2439; x_wconf 82' lang='grc' dir='ltr'>ὲν</span> <span class='ocrx_word' id='word_1_171' title='bbox 787 2385 935 2456; x_wconf 81' lang='grc' dir='ltr'>τόπῳ</span> <span class='ocrx_word' id='word_1_172' title='bbox 972 2385 1250 2456; x_wconf 82' lang='grc' dir='ltr'>λεγομένῳ</span> <span class='ocrx_word' id='word_1_173' title='bbox 1280 2382 1483 2456; x_wconf 79' lang='grc' dir='ltr'><strong>Κεφρώ</strong></span> <span class='ocrx_word' id='word_1_174' title='bbox 1503 2401 1516 2414; x_wconf 89' lang='grc'><strong>·</strong></span> <span class='ocrx_word' id='word_1_175' title='bbox 1561 2382 1750 2436; x_wconf 82' lang='grc' dir='ltr'>τοῦτον</span> <span class='ocrx_word' id='word_1_176' title='bbox 1787 2382 1894 2454; x_wconf 85' lang='grc' dir='ltr'>γὰρ</span> 
     </span>
    </p>
   </div>
   <div class='ocr_carea' id='block_1_27' title="bbox 312 2475 1892 2548">
    <p class='ocr_par' dir='ltr' id='par_1_27' title="bbox 312 2475 1892 2548">
     <span class='ocr_line' id='line_1_27' title="bbox 312 2475 1892 2548; baseline -0.003 -16"><span class='ocrx_word' id='word_1_177' title='bbox 312 2479 405 2533; x_wconf 74' lang='grc' dir='ltr'><strong>τὺν</strong></span> <span class='ocrx_word' id='word_1_178' title='bbox 437 2478 600 2530; x_wconf 81' lang='grc' dir='ltr'>τόπον</span> <span class='ocrx_word' id='word_1_179' title='bbox 632 2477 962 2548; x_wconf 79' lang='grc' dir='ltr'>ἐξελεξάμην</span> <span class='ocrx_word' id='word_1_180' title='bbox 992 2479 1056 2530; x_wconf 82' lang='grc' dir='ltr'>ἐκ</span> <span class='ocrx_word' id='word_1_181' title='bbox 1087 2477 1185 2548; x_wconf 84' lang='grc' dir='ltr'>τῆς</span> <span class='ocrx_word' id='word_1_182' title='bbox 1231 2475 1532 2540; x_wconf 83' lang='grc' dir='ltr'>κελεύσεως</span> <span class='ocrx_word' id='word_1_183' title='bbox 1575 2475 1684 2528; x_wconf 89' lang='grc' dir='ltr'>τῶν</span> <span class='ocrx_word' id='word_1_184' title='bbox 1728 2475 1892 2528; x_wconf 80' lang='grc' dir='ltr'>σεϐα-</span> 
     </span>
    </p>
   </div>
   <div class='ocr_carea' id='block_1_28' title="bbox 315 2565 1892 2641">
    <p class='ocr_par' dir='ltr' id='par_1_28' title="bbox 315 2565 1892 2641">
     <span class='ocr_line' id='line_1_28' title="bbox 315 2565 1892 2641; baseline -0.003 -17"><span class='ocrx_word' id='word_1_185' title='bbox 315 2571 457 2624; x_wconf 83' lang='grc' dir='ltr'>στῶν</span> <span class='ocrx_word' id='word_1_186' title='bbox 491 2570 667 2641; x_wconf 85' lang='grc' dir='ltr'>ἡμῶν.</span> <span class='ocrx_word' id='word_1_187' title='bbox 702 2570 965 2640; x_wconf 80' lang='grc' dir='ltr'><strong>Οὐδαμῶς</strong></span> <span class='ocrx_word' id='word_1_188' title='bbox 1002 2569 1059 2623; x_wconf 82' lang='grc' dir='ltr'>δὲ</span> <span class='ocrx_word' id='word_1_189' title='bbox 1090 2569 1302 2634; x_wconf 77' lang='grc' dir='ltr'>ἐξέσται</span> <span class='ocrx_word' id='word_1_190' title='bbox 1333 2566 1455 2621; x_wconf 73' lang='grc' dir='ltr'>οὔτε</span> <span class='ocrx_word' id='word_1_191' title='bbox 1489 2568 1616 2637; x_wconf 82' lang='grc' dir='ltr'>ὑμῖν</span> <span class='ocrx_word' id='word_1_192' title='bbox 1648 2565 1767 2620; x_wconf 71' lang='grc' dir='ltr'>οὔτε</span> <span class='ocrx_word' id='word_1_193' title='bbox 1796 2565 1892 2620; x_wconf 75' lang='grc' dir='ltr'><strong>ἆλ-</strong></span> 
     </span>
    </p>
   </div>
   <div class='ocr_carea' id='block_1_29' title="bbox 311 2657 1894 2733">
    <p class='ocr_par' dir='ltr' id='par_1_29' title="bbox 311 2657 1894 2733">
     <span class='ocr_line' id='line_1_29' title="bbox 311 2657 1894 2733; baseline -0.001 -17"><span class='ocrx_word' id='word_1_194' title='bbox 311 2664 427 2727; x_wconf 82' lang='grc' dir='ltr'>’λοις</span> <span class='ocrx_word' id='word_1_195' title='bbox 457 2663 618 2724; x_wconf 71' lang='grc' dir='ltr'>τισὶν,</span> <span class='ocrx_word' id='word_1_196' title='bbox 646 2663 678 2733; x_wconf 87' lang='grc' dir='ltr'><strong>ἢ</strong></span> <span class='ocrx_word' id='word_1_197' title='bbox 713 2662 961 2725; x_wconf 84' lang='grc' dir='ltr'>συνόδους</span> <span class='ocrx_word' id='word_1_198' title='bbox 996 2661 1283 2724; x_wconf 79' lang='grc' dir='ltr'>ποιεῖσθαι,</span> <span class='ocrx_word' id='word_1_199' title='bbox 1320 2661 1354 2733; x_wconf 79' lang='grc' dir='ltr'>ἢ</span> <span class='ocrx_word' id='word_1_200' title='bbox 1391 2663 1470 2724; x_wconf 80' lang='grc' dir='ltr'><strong>εἰς</strong></span> <span class='ocrx_word' id='word_1_201' title='bbox 1493 2659 1563 2712; x_wconf 76' lang='grc' dir='ltr'>τὰ</span> <span class='ocrx_word' id='word_1_202' title='bbox 1588 2657 1894 2730; x_wconf 81' lang='grc' dir='ltr'>καλούμενα</span> 
     </span>
    </p>
   </div>
   <div class='ocr_carea' id='block_1_30' title="bbox 312 2751 1894 2827">
    <p class='ocr_par' dir='ltr' id='par_1_30' title="bbox 312 2751 1894 2827">
     <span class='ocr_line' id='line_1_30' title="bbox 312 2751 1894 2827; baseline -0.004 -18"><span class='ocrx_word' id='word_1_203' title='bbox 312 2757 644 2827; x_wconf 78' lang='grc' dir='ltr'>κοιμητήρια</span> <span class='ocrx_word' id='word_1_204' title='bbox 675 2754 783 2826; x_wconf 71' lang='grc'><strong>(54)</strong></span> <span class='ocrx_word' id='word_1_205' title='bbox 813 2754 1057 2807; x_wconf 89' lang='grc' dir='ltr'>εἰσιέναι.</span> <span class='ocrx_word' id='word_1_206' title='bbox 1094 2754 1157 2807; x_wconf 82' lang='lat' dir='ltr'><strong>El</strong></span> <span class='ocrx_word' id='word_1_207' title='bbox 1188 2753 1243 2805; x_wconf 86' lang='grc' dir='ltr'><strong>δέ</strong></span> <span class='ocrx_word' id='word_1_208' title='bbox 1277 2770 1360 2816; x_wconf 87' lang='grc' dir='ltr'><strong>τις</strong></span> <span class='ocrx_word' id='word_1_209' title='bbox 1393 2751 1584 2823; x_wconf 75' lang='grc' dir='ltr'>φανείη</span> <span class='ocrx_word' id='word_1_210' title='bbox 1630 2752 1702 2823; x_wconf 84' lang='grc' dir='ltr'><strong>μὴ</strong></span> <span class='ocrx_word' id='word_1_211' title='bbox 1737 2751 1894 2819; x_wconf 80' lang='grc' dir='ltr'>γενό-</span> 
     </span>
    </p>
   </div>
   <div class='ocr_carea' id='block_1_31' title="bbox 316 2845 1892 2916">
    <p class='ocr_par' dir='ltr' id='par_1_31' title="bbox 316 2845 1892 2916">
     <span class='ocr_line' id='line_1_31' title="bbox 316 2845 1892 2916; baseline 0 -18"><span class='ocrx_word' id='word_1_212' title='bbox 316 2864 480 2916; x_wconf 85' lang='grc' dir='ltr'>μενος</span> <span class='ocrx_word' id='word_1_213' title='bbox 505 2849 584 2910; x_wconf 80' lang='grc' dir='ltr'>εἰς</span> <span class='ocrx_word' id='word_1_214' title='bbox 607 2845 698 2900; x_wconf 78' lang='grc' dir='ltr'><strong>τὸν</strong></span> <span class='ocrx_word' id='word_1_215' title='bbox 730 2846 890 2899; x_wconf 83' lang='grc' dir='ltr'>τόπον</span> <span class='ocrx_word' id='word_1_216' title='bbox 919 2845 1110 2900; x_wconf 85' lang='grc' dir='ltr'>τοῦτον</span> <span class='ocrx_word' id='word_1_217' title='bbox 1148 2846 1207 2900; x_wconf 87' lang='grc' dir='ltr'>ὃν</span> <span class='ocrx_word' id='word_1_218' title='bbox 1235 2845 1517 2908; x_wconf 78' lang='grc' dir='ltr'>ἐκέλευσα,</span> <span class='ocrx_word' id='word_1_219' title='bbox 1553 2847 1584 2916; x_wconf 80' lang='grc' dir='ltr'>ἢ</span> <span class='ocrx_word' id='word_1_220' title='bbox 1633 2847 1689 2898; x_wconf 83' lang='grc' dir='ltr'>ὲν</span> <span class='ocrx_word' id='word_1_221' title='bbox 1731 2861 1892 2898; x_wconf 87' lang='grc' dir='ltr'>συνα-</span> 
     </span>
    </p>
   </div>
   <div class='ocr_carea' id='block_1_32' title="bbox 310 2937 1891 3010">
    <p class='ocr_par' dir='ltr' id='par_1_32' title="bbox 310 2937 1891 3010">
     <span class='ocr_line' id='line_1_32' title="bbox 310 2937 1891 3010; baseline 0.001 -18"><span class='ocrx_word' id='word_1_222' title='bbox 310 2943 469 3010; x_wconf 80' lang='grc' dir='ltr'>γωγῇ</span> <span class='ocrx_word' id='word_1_223' title='bbox 508 2957 613 2992; x_wconf 89' lang='grc' dir='ltr'>τινι</span> <span class='ocrx_word' id='word_1_224' title='bbox 657 2938 928 3010; x_wconf 81' lang='grc' dir='ltr'>εὑρεθείη,</span> <span class='ocrx_word' id='word_1_225' title='bbox 968 2937 1144 3008; x_wconf 80' lang='grc' dir='ltr'>ἐαυτῷ</span> <span class='ocrx_word' id='word_1_226' title='bbox 1175 2938 1265 2991; x_wconf 82' lang='grc' dir='ltr'>τὸν</span> <span class='ocrx_word' id='word_1_227' title='bbox 1296 2938 1538 2992; x_wconf 86' lang='grc' dir='ltr'>κίνδυνον</span> <span class='ocrx_word' id='word_1_228' title='bbox 1572 2939 1891 3009; x_wconf 83' lang='grc' dir='ltr'>ὲπαρτήσει.</span> 
     </span>
    </p>
   </div>
   <div class='ocr_carea' id='block_1_33' title="bbox 318 3031 1892 3102">
    <p class='ocr_par' dir='ltr' id='par_1_33' title="bbox 318 3031 1892 3102">
     <span class='ocr_line' id='line_1_33' title="bbox 318 3031 1892 3102; baseline 0.001 -21"><span class='ocrx_word' id='word_1_229' title='bbox 318 3033 398 3084; x_wconf 81' lang='grc' dir='ltr'>υύ</span> <span class='ocrx_word' id='word_1_230' title='bbox 432 3032 541 3102; x_wconf 74' lang='grc' dir='ltr'><strong>γὰρ</strong></span> <span class='ocrx_word' id='word_1_231' title='bbox 570 3031 837 3100; x_wconf 70' lang='grc' dir='ltr'>ἐπιλείψει</span> <span class='ocrx_word' id='word_1_232' title='bbox 880 3034 913 3102; x_wconf 78' lang='grc' dir='ltr'>ἡ</span> <span class='ocrx_word' id='word_1_233' title='bbox 951 3031 1146 3084; x_wconf 85' lang='grc' dir='ltr'>δέουσα</span> <span class='ocrx_word' id='word_1_234' title='bbox 1175 3031 1548 3102; x_wconf 78' lang='grc' dir='ltr'>ἐπιστρέφεια.</span> <span class='ocrx_word' id='word_1_235' title='bbox 1598 3031 1892 3100; x_wconf 74' lang='grc' dir='ltr'>Ἀπόστητε</span> 
     </span>
    </p>
   </div>
   <div class='ocr_carea' id='block_1_34' title="bbox 311 3119 1894 3194">
    <p class='ocr_par' dir='ltr' id='par_1_34' title="bbox 311 3119 1894 3194">
     <span class='ocr_line' id='line_1_34' title="bbox 311 3119 1894 3194; baseline 0 -19"><span class='ocrx_word' id='word_1_236' title='bbox 311 3119 408 3176; x_wconf 76' lang='grc' dir='ltr'><strong>οὖν</strong></span> <span class='ocrx_word' id='word_1_237' title='bbox 427 3123 557 3175; x_wconf 81' lang='grc' dir='ltr'>ὅπου</span> <span class='ocrx_word' id='word_1_238' title='bbox 576 3121 950 3193; x_wconf 79' lang='grc' dir='ltr'>ὲκελεύσθητε.</span> <span class='ocrx_word' id='word_1_239' title='bbox 967 3152 1035 3162; x_wconf 92' lang='grc'><strong><em>-</em></strong></span> <span class='ocrx_word' id='word_1_240' title='bbox 1052 3123 1163 3176; x_wconf 70' lang='grc' dir='ltr'><strong>Καὶ</strong></span> <span class='ocrx_word' id='word_1_241' title='bbox 1178 3121 1432 3176; x_wconf 87' lang='grc' dir='ltr'>νοσοῦντα</span> <span class='ocrx_word' id='word_1_242' title='bbox 1461 3123 1517 3176; x_wconf 82' lang='grc' dir='ltr'><em>δέ</em></span> <span class='ocrx_word' id='word_1_243' title='bbox 1548 3140 1613 3193; x_wconf 89' lang='grc' dir='ltr'>με</span> <span class='ocrx_word' id='word_1_244' title='bbox 1629 3123 1894 3194; x_wconf 75' lang='grc' dir='ltr'>κατήπει-</span> 
     </span>
    </p>
   </div>
   <div class='ocr_carea' id='block_1_35' title="bbox 314 3211 1892 3284">
    <p class='ocr_par' dir='ltr' id='par_1_35' title="bbox 314 3211 1892 3284">
     <span class='ocr_line' id='line_1_35' title="bbox 314 3211 1892 3284; baseline 0.003 -20"><span class='ocrx_word' id='word_1_245' title='bbox 314 3212 428 3278; x_wconf 76' lang='grc' dir='ltr'>ξεν,</span> <span class='ocrx_word' id='word_1_246' title='bbox 466 3213 586 3266; x_wconf 74' lang='grc' dir='ltr'>οὐδὲ</span> <span class='ocrx_word' id='word_1_247' title='bbox 631 3215 758 3282; x_wconf 81' lang='grc' dir='ltr'>μιᾶς</span> <span class='ocrx_word' id='word_1_248' title='bbox 801 3212 1094 3284; x_wconf 80' lang='grc' dir='ltr'>ὑπέρθεσιν</span> <span class='ocrx_word' id='word_1_249' title='bbox 1135 3213 1260 3277; x_wconf 80' lang='grc' dir='ltr'>δοὺς</span> <span class='ocrx_word' id='word_1_250' title='bbox 1305 3214 1541 3284; x_wconf 78' lang='grc' dir='ltr'>ἡμέρας.</span> <span class='ocrx_word' id='word_1_251' title='bbox 1592 3215 1757 3268; x_wconf 88' lang='grc' dir='ltr'>Ποίαν</span> <span class='ocrx_word' id='word_1_252' title='bbox 1797 3211 1892 3268; x_wconf 78' lang='grc' dir='ltr'><strong>οὖν</strong></span> 
     </span>
    </p>
   </div>
   <div class='ocr_carea' id='block_1_36' title="bbox 312 3303 1887 3378">
    <p class='ocr_par' dir='ltr' id='par_1_36' title="bbox 312 3303 1887 3378">
     <span class='ocr_line' id='line_1_36' title="bbox 312 3303 1887 3378; baseline 0.001 -20"><span class='ocrx_word' id='word_1_253' title='bbox 312 3305 395 3359; x_wconf 71' lang='grc' dir='ltr'><strong>ἔτι</strong></span> <span class='ocrx_word' id='word_1_254' title='bbox 429 3307 537 3375; x_wconf 80' lang='grc'><strong>(55)</strong></span> <span class='ocrx_word' id='word_1_255' title='bbox 565 3305 658 3358; x_wconf 85' lang='grc' dir='ltr'><strong>τοῦ</strong></span> <span class='ocrx_word' id='word_1_256' title='bbox 693 3305 1002 3376; x_wconf 73' lang='grc' dir='ltr'>συνάγεινῆ</span> <span class='ocrx_word' id='word_1_257' title='bbox 1037 3305 1111 3378; x_wconf 81' lang='grc' dir='ltr'><strong>μὴ</strong></span> <span class='ocrx_word' id='word_1_258' title='bbox 1143 3305 1392 3374; x_wconf 79' lang='grc' dir='ltr'>συνάγειν</span> <span class='ocrx_word' id='word_1_259' title='bbox 1423 3303 1566 3376; x_wconf 78' lang='grc' dir='ltr'>εἶχον</span> <span class='ocrx_word' id='word_1_260' title='bbox 1597 3306 1828 3377; x_wconf 74' lang='grc' dir='ltr'>σχολήνς</span> <span class='ocrx_word' id='word_1_261' title='bbox 1869 3327 1887 3360; x_wconf 74' lang='grc' dir='ltr'>ι</span> 
     </span>
    </p>
   </div>
   <div class='ocr_carea' id='block_1_37' title="bbox 312 3395 1894 3470">
    <p class='ocr_par' dir='ltr' id='par_1_37' title="bbox 312 3395 1894 3470">
     <span class='ocr_line' id='line_1_37' title="bbox 312 3395 1894 3470; baseline 0.001 -19"><span class='ocrx_word' id='word_1_262' title='bbox 312 3395 448 3452; x_wconf 80' lang='grc' dir='ltr'>Εἶτα</span> <span class='ocrx_word' id='word_1_263' title='bbox 484 3398 601 3469; x_wconf 85' lang='grc' dir='ltr'>μεθ’</span> <span class='ocrx_word' id='word_1_264' title='bbox 639 3399 803 3469; x_wconf 73' lang='grc' dir='ltr'>ἕτερά</span> <span class='ocrx_word' id='word_1_265' title='bbox 848 3415 1030 3469; x_wconf 83' lang='grc' dir='ltr'>φησιν·</span> <span class='ocrx_word' id='word_1_266' title='bbox 1083 3417 1102 3449; x_wconf 78' lang='grc' dir='ltr'>ι</span> <span class='ocrx_word' id='word_1_267' title='bbox 1153 3398 1289 3452; x_wconf 80' lang='grc' dir='ltr'><strong>Ἀλλ’</strong></span> <span class='ocrx_word' id='word_1_268' title='bbox 1324 3398 1442 3451; x_wconf 83' lang='grc' dir='ltr'>οὐδὲ</span> <span class='ocrx_word' id='word_1_269' title='bbox 1489 3399 1591 3468; x_wconf 75' lang='grc' dir='ltr'>τῆς</span> <span class='ocrx_word' id='word_1_270' title='bbox 1633 3399 1894 3470; x_wconf 74' lang='grc' dir='ltr'>αἰσθητῆς</span> 
     </span>
    </p>
   </div>
   <div class='ocr_carea' id='block_1_38' title="bbox 314 3489 1896 3562">
    <p class='ocr_par' dir='ltr' id='par_1_38' title="bbox 314 3489 1896 3562">
     <span class='ocr_line' id='line_1_38' title="bbox 314 3489 1896 3562; baseline 0.002 -20"><span class='ocrx_word' id='word_1_271' title='bbox 314 3491 475 3560; x_wconf 78' lang='grc' dir='ltr'>ἡμεῖς</span> <span class='ocrx_word' id='word_1_272' title='bbox 503 3490 639 3560; x_wconf 77' lang='grc' dir='ltr'>μετὰ</span> <span class='ocrx_word' id='word_1_273' title='bbox 661 3489 755 3543; x_wconf 77' lang='grc' dir='ltr'><strong>τοῦ</strong></span> <span class='ocrx_word' id='word_1_274' title='bbox 787 3490 990 3561; x_wconf 82' lang='grc' dir='ltr'>Κυρίου</span> <span class='ocrx_word' id='word_1_275' title='bbox 1021 3489 1340 3559; x_wconf 79' lang='grc' dir='ltr'>συναγωγῆς</span> <span class='ocrx_word' id='word_1_276' title='bbox 1365 3491 1696 3562; x_wconf 83' lang='grc' dir='ltr'>ἀπέστημεν.</span> <span class='ocrx_word' id='word_1_277' title='bbox 1737 3493 1896 3547; x_wconf 80' lang='grc' dir='ltr'><strong>Ἀλλὰ</strong></span> 
     </span>
    </p>
   </div>
   <div class='ocr_carea' id='block_1_39' title="bbox 314 3581 1896 3654">
    <p class='ocr_par' dir='ltr' id='par_1_39' title="bbox 314 3581 1896 3654">
     <span class='ocr_line' id='line_1_39' title="bbox 314 3581 1896 3654; baseline 0 -19"><span class='ocrx_word' id='word_1_278' title='bbox 314 3584 441 3645; x_wconf 68' lang='grc' dir='ltr'>τοὺς</span> <span class='ocrx_word' id='word_1_279' title='bbox 473 3583 570 3652; x_wconf 74' lang='grc' dir='ltr'><strong>μὲν</strong></span> <span class='ocrx_word' id='word_1_280' title='bbox 597 3583 654 3634; x_wconf 83' lang='grc' dir='ltr'><strong>ὲν</strong></span> <span class='ocrx_word' id='word_1_281' title='bbox 692 3583 759 3652; x_wconf 80' lang='grc' dir='ltr'>τῇ</span> <span class='ocrx_word' id='word_1_282' title='bbox 789 3581 938 3633; x_wconf 81' lang='grc' dir='ltr'>πόλει</span> <span class='ocrx_word' id='word_1_283' title='bbox 973 3581 1386 3654; x_wconf 79' lang='grc' dir='ltr'>σπουδαιότερον</span> <span class='ocrx_word' id='word_1_284' title='bbox 1422 3584 1780 3654; x_wconf 84' lang='grc' dir='ltr'>συνεκρότουν</span> <span class='ocrx_word' id='word_1_285' title='bbox 1819 3584 1896 3648; x_wconf 82' lang='grc' dir='ltr'>ὡς</span> 
     </span>
    </p>
   </div>
   <div class='ocr_carea' id='block_1_40' title="bbox 317 3657 1896 3746">
    <p class='ocr_par' dir='ltr' id='par_1_40' title="bbox 317 3657 1896 3746">
     <span class='ocr_line' id='line_1_40' title="bbox 317 3657 1896 3746; baseline 0.002 -19"><span class='ocrx_word' id='word_1_286' title='bbox 317 3657 696 3742; x_wconf 45' lang='grc' dir='ltr'>συνὼν.γᾶπὸιῦ</span> <span class='ocrx_word' id='word_1_287' title='bbox 733 3673 832 3746; x_wconf 85' lang='grc' dir='ltr'><strong>μὲν</strong></span> <span class='ocrx_word' id='word_1_288' title='bbox 862 3673 938 3744; x_wconf 79' lang='grc' dir='ltr'><strong>τῷ</strong></span> <span class='ocrx_word' id='word_1_289' title='bbox 970 3672 1200 3744; x_wconf 82' lang='grc' dir='ltr'>σώματι,</span> <span class='ocrx_word' id='word_1_290' title='bbox 1232 3674 1306 3738; x_wconf 85' lang='grc' dir='ltr'><strong>ὡς</strong></span> <span class='ocrx_word' id='word_1_291' title='bbox 1340 3677 1512 3728; x_wconf 79' lang='grc' dir='ltr'>εἰπεῖν</span> <span class='ocrx_word' id='word_1_292' title='bbox 1543 3675 1675 3745; x_wconf 81' lang='grc'>(56),</span> <span class='ocrx_word' id='word_1_293' title='bbox 1709 3675 1896 3744; x_wconf 82' lang='grc' dir='ltr'>παρὼν</span> 
     </span>
    </p>
   </div>
   <div class='ocr_carea' id='block_1_41' title="bbox 314 3765 1895 3837">
    <p class='ocr_par' dir='ltr' id='par_1_41' title="bbox 314 3765 1895 3837">
     <span class='ocr_line' id='line_1_41' title="bbox 314 3765 1895 3837; baseline 0.001 -18"><span class='ocrx_word' id='word_1_294' title='bbox 314 3767 371 3820; x_wconf 81' lang='grc' dir='ltr'>δὲ</span> <span class='ocrx_word' id='word_1_295' title='bbox 400 3765 476 3836; x_wconf 82' lang='grc' dir='ltr'>τῷ</span> <span class='ocrx_word' id='word_1_296' title='bbox 508 3765 796 3836; x_wconf 76' lang='grc' dir='ltr'>πνεύματι.</span> <span class='ocrx_word' id='word_1_297' title='bbox 839 3765 926 3817; x_wconf 88' lang='grc' dir='ltr'>Ἐν</span> <span class='ocrx_word' id='word_1_298' title='bbox 947 3765 1002 3818; x_wconf 78' lang='grc' dir='ltr'>δὲ</span> <span class='ocrx_word' id='word_1_299' title='bbox 1025 3768 1092 3836; x_wconf 78' lang='grc' dir='ltr'>τῇ</span> <span class='ocrx_word' id='word_1_300' title='bbox 1115 3767 1342 3836; x_wconf 72' lang='grc' dir='ltr'>Κεφροῖ,</span> <span class='ocrx_word' id='word_1_301' title='bbox 1375 3766 1468 3819; x_wconf 78' lang='grc' dir='ltr'>καὶ</span> <span class='ocrx_word' id='word_1_302' title='bbox 1497 3765 1665 3837; x_wconf 81' lang='grc' dir='ltr'>πολλὴ</span> <span class='ocrx_word' id='word_1_303' title='bbox 1699 3784 1895 3820; x_wconf 80' lang='grc' dir='ltr'>συνεπ-</span> 
     </span>
    </p>
   </div>
   <div class='ocr_carea' id='block_1_42' title="bbox 317 3856 1896 3929">
    <p class='ocr_par' dir='ltr' id='par_1_42' title="bbox 317 3856 1896 3929">
     <span class='ocr_line' id='line_1_42' title="bbox 317 3856 1896 3929; baseline 0.001 -18"><span class='ocrx_word' id='word_1_304' title='bbox 317 3859 585 3929; x_wconf 77' lang='grc' dir='ltr'>εδήμησεν</span> <span class='ocrx_word' id='word_1_305' title='bbox 628 3859 760 3928; x_wconf 82' lang='grc' dir='ltr'>ἡμῖν</span> <span class='ocrx_word' id='word_1_306' title='bbox 804 3856 1088 3928; x_wconf 78' lang='grc' dir='ltr'>ἐκκλησία,</span> <span class='ocrx_word' id='word_1_307' title='bbox 1129 3858 1236 3910; x_wconf 89' lang='grc' dir='ltr'>τῶν</span> <span class='ocrx_word' id='word_1_308' title='bbox 1279 3859 1376 3928; x_wconf 80' lang='grc' dir='ltr'><strong>μὲν</strong></span> <span class='ocrx_word' id='word_1_309' title='bbox 1403 3858 1512 3912; x_wconf 75' lang='grc' dir='ltr'><strong>ἀπὸ</strong></span> <span class='ocrx_word' id='word_1_310' title='bbox 1539 3859 1639 3929; x_wconf 84' lang='grc' dir='ltr'>τῆς</span> <span class='ocrx_word' id='word_1_311' title='bbox 1689 3858 1896 3925; x_wconf 82' lang='grc' dir='ltr'>πόλεως</span> 
     </span>
    </p>
   </div>
   <div class='ocr_carea' id='block_1_43' title="bbox 316 3948 1890 4022">
    <p class='ocr_par' dir='ltr' id='par_1_43' title="bbox 316 3948 1890 4022">
     <span class='ocr_line' id='line_1_43' title="bbox 316 3948 1890 4022; baseline -0.001 -17"><span class='ocrx_word' id='word_1_312' title='bbox 316 3950 558 4018; x_wconf 67' lang='grc' dir='ltr'>ἀδελφῶν</span> <span class='ocrx_word' id='word_1_313' title='bbox 593 3949 892 4020; x_wconf 75' lang='grc' dir='ltr'>ἑπομένων,</span> <span class='ocrx_word' id='word_1_314' title='bbox 927 3948 1034 4002; x_wconf 83' lang='grc' dir='ltr'>τῶν</span> <span class='ocrx_word' id='word_1_315' title='bbox 1066 3949 1123 4003; x_wconf 80' lang='grc' dir='ltr'>δὲ</span> <span class='ocrx_word' id='word_1_316' title='bbox 1167 3950 1432 4004; x_wconf 73' lang='grc' dir='ltr'>συνὸνσιων</span> <span class='ocrx_word' id='word_1_317' title='bbox 1471 3952 1564 4004; x_wconf 85' lang='grc' dir='ltr'>ἀπ’</span> <span class='ocrx_word' id='word_1_318' title='bbox 1595 3951 1890 4022; x_wconf 74' lang='grc' dir='ltr'>Αἰγύπτου.</span> 
     </span>
    </p>
   </div>
   <div class='ocr_carea' id='block_1_44' title="bbox 317 4039 1896 4111">
    <p class='ocr_par' dir='ltr' id='par_1_44' title="bbox 317 4039 1896 4111">
     <span class='ocr_line' id='line_1_44' title="bbox 317 4039 1896 4111; baseline -0.001 -14"><span class='ocrx_word' id='word_1_319' title='bbox 317 4043 495 4098; x_wconf 71' lang='grc' dir='ltr'>Κάκεῖ</span> <span class='ocrx_word' id='word_1_320' title='bbox 533 4040 702 4110; x_wconf 81' lang='grc' dir='ltr'>θύραν</span> <span class='ocrx_word' id='word_1_321' title='bbox 731 4043 861 4111; x_wconf 80' lang='grc' dir='ltr'>ἡμῖν</span> <span class='ocrx_word' id='word_1_322' title='bbox 891 4044 919 4095; x_wconf 85' lang='grc' dir='ltr'>ὁ</span> <span class='ocrx_word' id='word_1_323' title='bbox 949 4041 1081 4104; x_wconf 80' lang='grc' dir='ltr'>Θεὸς</span> <span class='ocrx_word' id='word_1_324' title='bbox 1111 4039 1314 4110; x_wconf 78' lang='grc' dir='ltr'>ἀνέῳξε</span> <span class='ocrx_word' id='word_1_325' title='bbox 1344 4042 1438 4096; x_wconf 86' lang='grc' dir='ltr'><strong>τοῦ</strong></span> <span class='ocrx_word' id='word_1_326' title='bbox 1471 4042 1650 4111; x_wconf 85' lang='grc' dir='ltr'>λόγου.</span> <span class='ocrx_word' id='word_1_327' title='bbox 1687 4043 1796 4098; x_wconf 73' lang='grc' dir='ltr'><strong>Καὶ</strong></span> <span class='ocrx_word' id='word_1_328' title='bbox 1834 4042 1896 4096; x_wconf 79' lang='grc' dir='ltr'>τὸ</span> 
     </span>
    </p>
   </div>
   <div class='ocr_carea' id='block_1_45' title="bbox 323 4132 1895 4208">
    <p class='ocr_par' dir='ltr' id='par_1_45' title="bbox 323 4132 1895 4208">
     <span class='ocr_line' id='line_1_45' title="bbox 323 4132 1895 4208; baseline 0.003 -24"><span class='ocrx_word' id='word_1_329' title='bbox 323 4134 424 4203; x_wconf 76' lang='grc' dir='ltr'><strong>μὲν</strong></span> <span class='ocrx_word' id='word_1_330' title='bbox 450 4133 664 4204; x_wconf 85' lang='grc' dir='ltr'>πρῶτον</span> <span class='ocrx_word' id='word_1_331' title='bbox 691 4132 1044 4204; x_wconf 80' lang='grc' dir='ltr'>ἐδιώχθημεν,</span> <span class='ocrx_word' id='word_1_332' title='bbox 1079 4133 1552 4205; x_wconf 80' lang='grc' dir='ltr'>ἐλιθοϐολήθημεν,</span> <span class='ocrx_word' id='word_1_333' title='bbox 1586 4133 1812 4208; x_wconf 79' lang='grc' dir='ltr'>ὕστερον</span> <span class='ocrx_word' id='word_1_334' title='bbox 1839 4134 1895 4189; x_wconf 84' lang='grc' dir='ltr'><strong>δέ</strong></span> 
     </span>
    </p>
   </div>
   <div class='ocr_carea' id='block_1_46' title="bbox 317 4224 1892 4293">
    <p class='ocr_par' dir='ltr' id='par_1_46' title="bbox 317 4224 1892 4293">
     <span class='ocr_line' id='line_1_46' title="bbox 317 4224 1892 4293; baseline 0.003 -16"><span class='ocrx_word' id='word_1_335' title='bbox 317 4243 460 4289; x_wconf 74' lang='grc' dir='ltr'>τινες</span> <span class='ocrx_word' id='word_1_336' title='bbox 491 4226 590 4278; x_wconf 74' lang='grc' dir='ltr'><strong>οὐκ</strong></span> <span class='ocrx_word' id='word_1_337' title='bbox 617 4225 783 4293; x_wconf 81' lang='grc' dir='ltr'>ὀλίγοι</span> <span class='ocrx_word' id='word_1_338' title='bbox 813 4224 919 4279; x_wconf 85' lang='grc' dir='ltr'>τῶν</span> <span class='ocrx_word' id='word_1_339' title='bbox 959 4225 1127 4279; x_wconf 79' lang='grc' dir='ltr'>ἐθνῶν</span> <span class='ocrx_word' id='word_1_340' title='bbox 1156 4226 1224 4279; x_wconf 81' lang='grc' dir='ltr'>τὰ</span> <span class='ocrx_word' id='word_1_341' title='bbox 1259 4225 1450 4280; x_wconf 74' lang='grc' dir='ltr'>εἴδωλα</span> <span class='ocrx_word' id='word_1_342' title='bbox 1479 4228 1892 4292; x_wconf 80' lang='grc' dir='ltr'>καταλιπόντες,</span> 
     </span>
    </p>
   </div>
   <div class='ocr_carea' id='block_1_47' title="bbox 321 4316 1896 4392">
    <p class='ocr_par' dir='ltr' id='par_1_47' title="bbox 321 4316 1896 4392">
     <span class='ocr_line' id='line_1_47' title="bbox 321 4316 1896 4392; baseline 0.003 -22"><span class='ocrx_word' id='word_1_343' title='bbox 321 4317 660 4388; x_wconf 67' lang='grc' dir='ltr'>ἐπέστρεψαν</span> <span class='ocrx_word' id='word_1_344' title='bbox 693 4317 786 4368; x_wconf 69' lang='grc' dir='ltr'>ἐπὶ</span> <span class='ocrx_word' id='word_1_345' title='bbox 811 4316 900 4370; x_wconf 86' lang='grc' dir='ltr'><strong>τὸν</strong></span> <span class='ocrx_word' id='word_1_346' title='bbox 935 4317 1083 4370; x_wconf 86' lang='grc' dir='ltr'>Θεόν.</span> <span class='ocrx_word' id='word_1_347' title='bbox 1122 4319 1195 4370; x_wconf 78' lang='grc' dir='ltr'><strong>Οὐ</strong></span> <span class='ocrx_word' id='word_1_348' title='bbox 1233 4320 1494 4392; x_wconf 82' lang='grc' dir='ltr'>πρότερον</span> <span class='ocrx_word' id='word_1_349' title='bbox 1525 4319 1632 4390; x_wconf 82' lang='grc' dir='ltr'>γὰρ</span> <span class='ocrx_word' id='word_1_350' title='bbox 1661 4320 1896 4392; x_wconf 82' lang='grc' dir='ltr'>παραδε-</span> 
     </span>
    </p>
   </div>
   <div class='ocr_carea' id='block_1_48' title="bbox 321 4409 1896 4482">
    <p class='ocr_par' dir='ltr' id='par_1_48' title="bbox 321 4409 1896 4482">
     <span class='ocr_line' id='line_1_48' title="bbox 321 4409 1896 4482; baseline 0.003 -20"><span class='ocrx_word' id='word_1_351' title='bbox 321 4409 573 4480; x_wconf 82' lang='grc' dir='ltr'>ξαμένοις</span> <span class='ocrx_word' id='word_1_352' title='bbox 601 4409 804 4472; x_wconf 75' lang='grc' dir='ltr'>αὐτοῖς,</span> <span class='ocrx_word' id='word_1_353' title='bbox 839 4409 960 4462; x_wconf 85' lang='grc' dir='ltr'>τότε</span> <span class='ocrx_word' id='word_1_354' title='bbox 995 4409 1210 4481; x_wconf 81' lang='grc' dir='ltr'>πρῶτον</span> <span class='ocrx_word' id='word_1_355' title='bbox 1257 4410 1325 4464; x_wconf 74' lang='grc' dir='ltr'>δι’</span> <span class='ocrx_word' id='word_1_356' title='bbox 1355 4410 1510 4482; x_wconf 76' lang='grc' dir='ltr'>ἡμῶν</span> <span class='ocrx_word' id='word_1_357' title='bbox 1541 4415 1569 4465; x_wconf 89' lang='grc' dir='ltr'>ὁ</span> <span class='ocrx_word' id='word_1_358' title='bbox 1603 4411 1759 4482; x_wconf 87' lang='grc' dir='ltr'>λόγος</span> <span class='ocrx_word' id='word_1_359' title='bbox 1799 4415 1896 4467; x_wconf 82' lang='grc' dir='ltr'>ἐπ-</span> 
     </span>
    </p>
   </div>
   <div class='ocr_carea' id='block_1_49' title="bbox 1991 532 3562 610">
    <p class='ocr_par' dir='ltr' id='par_1_49' title="bbox 1991 532 3562 610">
     <span class='ocr_line' id='line_1_49' title="bbox 1991 532 3562 610; baseline -0.004 -16"><span class='ocrx_word' id='word_1_360' title='bbox 1991 555 2131 606; x_wconf 85' lang='lat' dir='ltr'><strong>rum,</strong></span> <span class='ocrx_word' id='word_1_361' title='bbox 2161 553 2265 610; x_wconf 88' lang='lat' dir='ltr'><strong>qua</strong></span> <span class='ocrx_word' id='word_1_362' title='bbox 2293 539 2369 594; x_wconf 91' lang='lat' dir='ltr'><strong>illi</strong></span> <span class='ocrx_word' id='word_1_363' title='bbox 2396 553 2524 608; x_wconf 83' lang='lat' dir='ltr'><strong>erga</strong></span> <span class='ocrx_word' id='word_1_364' title='bbox 2555 551 2651 591; x_wconf 82' lang='lat' dir='ltr'><strong>vos</strong></span> <span class='ocrx_word' id='word_1_365' title='bbox 2676 545 2922 589; x_wconf 89' lang='lat' dir='ltr'><strong>utuntur.</strong></span> <span class='ocrx_word' id='word_1_366' title='bbox 2953 532 3121 589; x_wconf 72' lang='lat' dir='ltr'><strong>Vobis</strong></span> <span class='ocrx_word' id='word_1_367' title='bbox 3152 535 3298 589; x_wconf 93' lang='lat' dir='ltr'><strong>enim</strong></span> <span class='ocrx_word' id='word_1_368' title='bbox 3321 544 3562 604; x_wconf 83' lang='lat' dir='ltr'><strong>potesta-</strong></span> 
     </span>
    </p>
   </div>
   <div class='ocr_carea' id='block_1_50' title="bbox 1993 625 3561 689">
    <p class='ocr_par' dir='ltr' id='par_1_50' title="bbox 1993 625 3561 689">
     <span class='ocr_line' id='line_1_50' title="bbox 1993 625 3561 689; baseline -0.001 -6"><span class='ocrx_word' id='word_1_369' title='bbox 1993 641 2100 684; x_wconf 90' lang='lat' dir='ltr'><strong>tem</strong></span> <span class='ocrx_word' id='word_1_370' title='bbox 2129 628 2376 684; x_wconf 75' lang='lat' dir='ltr'><strong>iecerunt</strong></span> <span class='ocrx_word' id='word_1_371' title='bbox 2431 628 2624 684; x_wconf 86' lang='lat' dir='ltr'><strong>salutis</strong></span> <span class='ocrx_word' id='word_1_372' title='bbox 2657 636 2850 682; x_wconf 77' lang='lat' dir='ltr'><strong>vestrae</strong></span> <span class='ocrx_word' id='word_1_373' title='bbox 2907 625 3224 689; x_wconf 68' lang='lat' dir='ltr'><strong>retinendae.</strong></span> <span class='ocrx_word' id='word_1_374' title='bbox 3268 627 3561 682; x_wconf 85' lang='lat' dir='ltr'><strong>dummodo</strong></span> 
     </span>
    </p>
   </div>
   <div class='ocr_carea' id='block_1_51' title="bbox 1991 717 3561 793">
    <p class='ocr_par' dir='ltr' id='par_1_51' title="bbox 1991 717 3561 793">
     <span class='ocr_line' id='line_1_51' title="bbox 1991 717 3561 793; baseline -0.001 -17"><span class='ocrx_word' id='word_1_375' title='bbox 1991 722 2056 777; x_wconf 87' lang='lat' dir='ltr'><strong>ad</strong></span> <span class='ocrx_word' id='word_1_376' title='bbox 2084 722 2136 776; x_wconf 87' lang='lat' dir='ltr'><strong>id</strong></span> <span class='ocrx_word' id='word_1_377' title='bbox 2169 721 2310 793; x_wconf 90' lang='lat' dir='ltr'><strong>quod</strong></span> <span class='ocrx_word' id='word_1_378' title='bbox 2347 730 2555 775; x_wconf 64' lang='lat' dir='ltr'><strong>natura:</strong></span> <span class='ocrx_word' id='word_1_379' title='bbox 2577 729 3001 775; x_wconf 77' lang='lat' dir='ltr'><strong>consentaneum</strong></span> <span class='ocrx_word' id='word_1_380' title='bbox 3027 727 3111 774; x_wconf 90' lang='lat' dir='ltr'><strong>est</strong></span> <span class='ocrx_word' id='word_1_381' title='bbox 3142 717 3292 784; x_wconf 76' lang='lat' dir='ltr'><strong>ferri,</strong></span> <span class='ocrx_word' id='word_1_382' title='bbox 3321 719 3561 790; x_wconf 89' lang='lat' dir='ltr'><strong>deosque</strong></span> 
     </span>
    </p>
   </div>
   <div class='ocr_carea' id='block_1_52' title="bbox 1989 813 3560 885">
    <p class='ocr_par' dir='ltr' id='par_1_52' title="bbox 1989 813 3560 885">
     <span class='ocr_line' id='line_1_52' title="bbox 1989 813 3560 885; baseline -0.003 -16"><span class='ocrx_word' id='word_1_383' title='bbox 1989 814 2198 885; x_wconf 90' lang='lat' dir='ltr'><strong>imperii</strong></span> <span class='ocrx_word' id='word_1_384' title='bbox 2227 813 2436 869; x_wconf 91' lang='lat' dir='ltr'><strong>illorum</strong></span> <span class='ocrx_word' id='word_1_385' title='bbox 2471 813 2720 868; x_wconf 83' lang='lat' dir='ltr'><strong>custodes</strong></span> <span class='ocrx_word' id='word_1_386' title='bbox 2752 813 3001 875; x_wconf 88' lang='lat' dir='ltr'><strong>adorare,</strong></span> <span class='ocrx_word' id='word_1_387' title='bbox 3028 819 3082 865; x_wconf 90' lang='lat' dir='ltr'><strong>et</strong></span> <span class='ocrx_word' id='word_1_388' title='bbox 3109 824 3296 864; x_wconf 90' lang='lat' dir='ltr'><strong>eorum</strong></span> <span class='ocrx_word' id='word_1_389' title='bbox 3317 825 3438 879; x_wconf 72' lang='lat' dir='ltr'><strong>quae</strong></span> <span class='ocrx_word' id='word_1_390' title='bbox 3460 826 3560 865; x_wconf 86' lang='lat' dir='ltr'><strong>na-</strong></span> 
     </span>
    </p>
   </div>
   <div class='ocr_carea' id='block_1_53' title="bbox 1992 901 3559 976">
    <p class='ocr_par' dir='ltr' id='par_1_53' title="bbox 1992 901 3559 976">
     <span class='ocr_line' id='line_1_53' title="bbox 1992 901 3559 976; baseline -0.003 -16"><span class='ocrx_word' id='word_1_391' title='bbox 1992 915 2129 961; x_wconf 60' lang='lat' dir='ltr'><strong>tura:</strong></span> <span class='ocrx_word' id='word_1_392' title='bbox 2159 905 2260 974; x_wconf 88' lang='lat' dir='ltr'><strong>ipsi</strong></span> <span class='ocrx_word' id='word_1_393' title='bbox 2292 915 2594 976; x_wconf 78' lang='lat' dir='ltr'><strong>repugnant</strong></span> <span class='ocrx_word' id='word_1_394' title='bbox 2619 903 2864 960; x_wconf 81' lang='lat' dir='ltr'><strong>oblivisci</strong></span> <span class='ocrx_word' id='word_1_395' title='bbox 2901 901 3135 958; x_wconf 82' lang='lat' dir='ltr'><strong>velletis.</strong></span> <span class='ocrx_word' id='word_1_396' title='bbox 3168 902 3305 969; x_wconf 89' lang='lat' dir='ltr'><strong>Quid</strong></span> <span class='ocrx_word' id='word_1_397' title='bbox 3333 916 3462 972; x_wconf 75' lang='lat' dir='ltr'><strong>ergo</strong></span> <span class='ocrx_word' id='word_1_398' title='bbox 3492 903 3559 957; x_wconf 85' lang='lat' dir='ltr'><strong>ad</strong></span> 
     </span>
    </p>
   </div>
   <div class='ocr_carea' id='block_1_54' title="bbox 1991 992 3560 1067">
    <p class='ocr_par' dir='ltr' id='par_1_54' title="bbox 1991 992 3560 1067">
     <span class='ocr_line' id='line_1_54' title="bbox 1991 992 3560 1067; baseline -0.004 -13"><span class='ocrx_word' id='word_1_399' title='bbox 1991 999 2108 1055; x_wconf 69' lang='lat' dir='ltr'><strong>haec</strong></span> <span class='ocrx_word' id='word_1_400' title='bbox 2135 997 2364 1054; x_wconf 84' lang='lat' dir='ltr'><strong>dicitis?</strong></span> <span class='ocrx_word' id='word_1_401' title='bbox 2410 996 2598 1067; x_wconf 82' lang='lat' dir='ltr'><strong>Neque</strong></span> <span class='ocrx_word' id='word_1_402' title='bbox 2647 996 2791 1053; x_wconf 91' lang='lat' dir='ltr'><strong>enim</strong></span> <span class='ocrx_word' id='word_1_403' title='bbox 2842 1010 2939 1050; x_wconf 89' lang='lat' dir='ltr'><strong>vos</strong></span> <span class='ocrx_word' id='word_1_404' title='bbox 2979 995 3194 1065; x_wconf 74' lang='lat' dir='ltr'><strong>ingrato</strong></span> <span class='ocrx_word' id='word_1_405' title='bbox 3227 994 3410 1048; x_wconf 90' lang='lat' dir='ltr'><strong>animo</strong></span> <span class='ocrx_word' id='word_1_406' title='bbox 3443 992 3560 1049; x_wconf 78' lang='lat' dir='ltr'><strong>fore</strong></span> 
     </span>
    </p>
   </div>
   <div class='ocr_carea' id='block_1_55' title="bbox 1992 1087 3560 1163">
    <p class='ocr_par' dir='ltr' id='par_1_55' title="bbox 1992 1087 3560 1163">
     <span class='ocr_line' id='line_1_55' title="bbox 1992 1087 3560 1163; baseline -0.005 -15"><span class='ocrx_word' id='word_1_407' title='bbox 1992 1107 2156 1163; x_wconf 90' lang='lat' dir='ltr'><strong>spero</strong></span> <span class='ocrx_word' id='word_1_408' title='bbox 2188 1093 2452 1149; x_wconf 75' lang='lat' dir='ltr'><strong>adversus</strong></span> <span class='ocrx_word' id='word_1_409' title='bbox 2481 1106 2667 1148; x_wconf 88' lang='lat' dir='ltr'><strong>eorum</strong></span> <span class='ocrx_word' id='word_1_410' title='bbox 2703 1089 3074 1152; x_wconf 87' lang='lat' dir='ltr'><strong>clementiam,</strong></span> <span class='ocrx_word' id='word_1_411' title='bbox 3107 1087 3308 1158; x_wconf 88' lang='lat' dir='ltr'><strong>quippe</strong></span> <span class='ocrx_word' id='word_1_412' title='bbox 3342 1100 3462 1141; x_wconf 92' lang='lat' dir='ltr'><strong>cum</strong></span> <span class='ocrx_word' id='word_1_413' title='bbox 3493 1087 3560 1140; x_wconf 89' lang='lat' dir='ltr'><strong>ad</strong></span> 
     </span>
    </p>
   </div>
   <div class='ocr_carea' id='block_1_56' title="bbox 1993 1179 3562 1250">
    <p class='ocr_par' dir='ltr' id='par_1_56' title="bbox 1993 1179 3562 1250">
     <span class='ocr_line' id='line_1_56' title="bbox 1993 1179 3562 1250; baseline -0.006 -11"><span class='ocrx_word' id='word_1_414' title='bbox 1993 1184 2214 1241; x_wconf 85' lang='lat' dir='ltr'><strong>meliora</strong></span> <span class='ocrx_word' id='word_1_415' title='bbox 2246 1199 2342 1240; x_wconf 90' lang='lat' dir='ltr'><strong>vos</strong></span> <span class='ocrx_word' id='word_1_416' title='bbox 2371 1185 2657 1240; x_wconf 84' lang='lat' dir='ltr'><strong>traducere</strong></span> <span class='ocrx_word' id='word_1_417' title='bbox 2681 1190 2968 1240; x_wconf 89' lang='lat' dir='ltr'><strong>conentur.</strong></span> <span class='ocrx_word' id='word_1_418' title='bbox 3013 1179 3304 1250; x_wconf 87' lang='lat' dir='ltr'><strong>Dionysius</strong></span> <span class='ocrx_word' id='word_1_419' title='bbox 3341 1192 3562 1248; x_wconf 81' lang='lat' dir='ltr'><strong>respon-</strong></span> 
     </span>
    </p>
   </div>
   <div class='ocr_carea' id='block_1_57' title="bbox 1992 1268 3562 1334">
    <p class='ocr_par' dir='ltr' id='par_1_57' title="bbox 1992 1268 3562 1334">
     <span class='ocr_line' id='line_1_57' title="bbox 1992 1268 3562 1334; baseline -0.003 -8"><span class='ocrx_word' id='word_1_420' title='bbox 1992 1272 2071 1326; x_wconf 87' lang='lat' dir='ltr'><strong>dit</strong></span> <span class='ocrx_word' id='word_1_421' title='bbox 2102 1289 2117 1326; x_wconf 93' lang='lat'><strong>:</strong></span> <span class='ocrx_word' id='word_1_422' title='bbox 2144 1270 2262 1326; x_wconf 85' lang='lat' dir='ltr'><strong>Non</strong></span> <span class='ocrx_word' id='word_1_423' title='bbox 2313 1287 2501 1327; x_wconf 90' lang='lat' dir='ltr'><strong>omnes</strong></span> <span class='ocrx_word' id='word_1_424' title='bbox 2529 1272 2596 1327; x_wconf 88' lang='lat' dir='ltr'><strong>ab</strong></span> <span class='ocrx_word' id='word_1_425' title='bbox 2629 1270 2882 1326; x_wconf 87' lang='lat' dir='ltr'><strong>omnibus</strong></span> <span class='ocrx_word' id='word_1_426' title='bbox 2917 1269 3171 1325; x_wconf 89' lang='lat' dir='ltr'><strong>coluntur</strong></span> <span class='ocrx_word' id='word_1_427' title='bbox 3199 1268 3296 1334; x_wconf 94' lang='lat' dir='ltr'><strong>dii,</strong></span> <span class='ocrx_word' id='word_1_428' title='bbox 3343 1269 3436 1322; x_wconf 90' lang='lat' dir='ltr'><strong>sed</strong></span> <span class='ocrx_word' id='word_1_429' title='bbox 3467 1281 3562 1322; x_wconf 90' lang='lat' dir='ltr'><strong>eos</strong></span> 
     </span>
    </p>
   </div>
   <div class='ocr_carea' id='block_1_58' title="bbox 1993 1356 3560 1432">
    <p class='ocr_par' dir='ltr' id='par_1_58' title="bbox 1993 1356 3560 1432">
     <span class='ocr_line' id='line_1_58' title="bbox 1993 1356 3560 1432; baseline -0.004 -15"><span class='ocrx_word' id='word_1_430' title='bbox 1993 1361 2188 1432; x_wconf 79' lang='lat' dir='ltr'><strong>singuli</strong></span> <span class='ocrx_word' id='word_1_431' title='bbox 2222 1362 2409 1417; x_wconf 90' lang='lat' dir='ltr'><strong>colunt</strong></span> <span class='ocrx_word' id='word_1_432' title='bbox 2432 1377 2568 1432; x_wconf 92' lang='lat' dir='ltr'><strong>quos</strong></span> <span class='ocrx_word' id='word_1_433' title='bbox 2601 1361 2942 1417; x_wconf 85' lang='lat' dir='ltr'><strong>arbitrantur</strong></span> <span class='ocrx_word' id='word_1_434' title='bbox 2991 1359 3143 1414; x_wconf 87' lang='lat' dir='ltr'><strong>deos.</strong></span> <span class='ocrx_word' id='word_1_435' title='bbox 3175 1356 3287 1412; x_wconf 83' lang='lat' dir='ltr'><strong>Nos</strong></span> <span class='ocrx_word' id='word_1_436' title='bbox 3337 1356 3560 1426; x_wconf 86' lang='lat' dir='ltr'><strong>quidem</strong></span> 
     </span>
    </p>
   </div>
   <div class='ocr_carea' id='block_1_59' title="bbox 1993 1452 3561 1524">
    <p class='ocr_par' dir='ltr' id='par_1_59' title="bbox 1993 1452 3561 1524">
     <span class='ocr_line' id='line_1_59' title="bbox 1993 1452 3561 1524; baseline 0.001 -16"><span class='ocrx_word' id='word_1_437' title='bbox 1993 1470 2154 1509; x_wconf 90' lang='lat' dir='ltr'><strong>unum</strong></span> <span class='ocrx_word' id='word_1_438' title='bbox 2187 1455 2355 1510; x_wconf 90' lang='lat' dir='ltr'><strong>Deum</strong></span> <span class='ocrx_word' id='word_1_439' title='bbox 2403 1455 2644 1510; x_wconf 90' lang='lat' dir='ltr'><strong>omnium</strong></span> <span class='ocrx_word' id='word_1_440' title='bbox 2679 1469 2861 1509; x_wconf 88' lang='lat' dir='ltr'><strong>rerum</strong></span> <span class='ocrx_word' id='word_1_441' title='bbox 2913 1454 3164 1524; x_wconf 78' lang='lat' dir='ltr'><strong>Opiﬁcem</strong></span> <span class='ocrx_word' id='word_1_442' title='bbox 3192 1494 3208 1520; x_wconf 96' lang='lat'><strong>,</strong></span> <span class='ocrx_word' id='word_1_443' title='bbox 3252 1455 3345 1524; x_wconf 91' lang='lat' dir='ltr'><strong>qui</strong></span> <span class='ocrx_word' id='word_1_444' title='bbox 3400 1452 3561 1510; x_wconf 77' lang='lat' dir='ltr'><strong>Vale-</strong></span> 
     </span>
    </p>
   </div>
   <div class='ocr_carea' id='block_1_60' title="bbox 1993 1547 3560 1620">
    <p class='ocr_par' dir='ltr' id='par_1_60' title="bbox 1993 1547 3560 1620">
     <span class='ocr_line' id='line_1_60' title="bbox 1993 1547 3560 1620; baseline -0.001 -17"><span class='ocrx_word' id='word_1_445' title='bbox 1993 1547 2151 1603; x_wconf 87' lang='lat' dir='ltr'><strong>riano</strong></span> <span class='ocrx_word' id='word_1_446' title='bbox 2179 1559 2234 1602; x_wconf 92' lang='lat' dir='ltr'><strong>et</strong></span> <span class='ocrx_word' id='word_1_447' title='bbox 2256 1548 2506 1604; x_wconf 85' lang='lat' dir='ltr'><strong>Gallieno</strong></span> <span class='ocrx_word' id='word_1_448' title='bbox 2544 1549 2933 1604; x_wconf 84' lang='lat' dir='ltr'><strong>sacratissimis</strong></span> <span class='ocrx_word' id='word_1_449' title='bbox 2961 1547 3222 1620; x_wconf 76' lang='lat' dir='ltr'><strong>Augustis</strong></span> <span class='ocrx_word' id='word_1_450' title='bbox 3276 1548 3560 1619; x_wconf 82' lang='lat' dir='ltr'><strong>imperium</strong></span> 
     </span>
    </p>
   </div>
   <div class='ocr_carea' id='block_1_61' title="bbox 1994 1638 3564 1710">
    <p class='ocr_par' dir='ltr' id='par_1_61' title="bbox 1994 1638 3564 1710">
     <span class='ocr_line' id='line_1_61' title="bbox 1994 1638 3564 1710; baseline 0.001 -16"><span class='ocrx_word' id='word_1_451' title='bbox 1994 1640 2236 1702; x_wconf 89' lang='lat' dir='ltr'><strong>tradidit,</strong></span> <span class='ocrx_word' id='word_1_452' title='bbox 2261 1639 2485 1696; x_wconf 87' lang='lat' dir='ltr'><strong>colimus</strong></span> <span class='ocrx_word' id='word_1_453' title='bbox 2505 1649 2560 1696; x_wconf 89' lang='lat' dir='ltr'><strong>et</strong></span> <span class='ocrx_word' id='word_1_454' title='bbox 2581 1640 2890 1696; x_wconf 88' lang='lat' dir='ltr'><strong>adoramus.</strong></span> <span class='ocrx_word' id='word_1_455' title='bbox 2909 1638 3045 1696; x_wconf 82' lang='lat' dir='ltr'><strong>Huic</strong></span> <span class='ocrx_word' id='word_1_456' title='bbox 3065 1640 3350 1696; x_wconf 90' lang='lat' dir='ltr'><strong>continuas</strong></span> <span class='ocrx_word' id='word_1_457' title='bbox 3372 1653 3564 1710; x_wconf 84' lang='lat' dir='ltr'><strong>preces</strong></span> 
     </span>
    </p>
   </div>
   <div class='ocr_carea' id='block_1_62' title="bbox 1993 1733 3562 1804">
    <p class='ocr_par' dir='ltr' id='par_1_62' title="bbox 1993 1733 3562 1804">
     <span class='ocr_line' id='line_1_62' title="bbox 1993 1733 3562 1804; baseline -0.001 -16"><span class='ocrx_word' id='word_1_458' title='bbox 1993 1733 2274 1788; x_wconf 80' lang='lat' dir='ltr'><strong>oﬂ&#39;erimus</strong></span> <span class='ocrx_word' id='word_1_459' title='bbox 2301 1748 2398 1804; x_wconf 92' lang='lat' dir='ltr'><strong>pro</strong></span> <span class='ocrx_word' id='word_1_460' title='bbox 2429 1734 2657 1804; x_wconf 89' lang='lat' dir='ltr'><strong>imperio</strong></span> <span class='ocrx_word' id='word_1_461' title='bbox 2687 1733 2926 1799; x_wconf 90' lang='lat' dir='ltr'><strong>illorum,</strong></span> <span class='ocrx_word' id='word_1_462' title='bbox 2975 1743 3036 1788; x_wconf 89' lang='lat' dir='ltr'><strong>ut</strong></span> <span class='ocrx_word' id='word_1_463' title='bbox 3060 1733 3256 1789; x_wconf 89' lang='lat' dir='ltr'><strong>stabile</strong></span> <span class='ocrx_word' id='word_1_464' title='bbox 3285 1744 3341 1789; x_wconf 91' lang='lat' dir='ltr'><strong>et</strong></span> <span class='ocrx_word' id='word_1_465' title='bbox 3369 1734 3562 1790; x_wconf 79' lang='lat' dir='ltr'><strong>inccn-</strong></span> 
     </span>
    </p>
   </div>
   <div class='ocr_carea' id='block_1_63' title="bbox 1993 1825 3566 1898">
    <p class='ocr_par' dir='ltr' id='par_1_63' title="bbox 1993 1825 3566 1898">
     <span class='ocr_line' id='line_1_63' title="bbox 1993 1825 3566 1898; baseline 0.001 -16"><span class='ocrx_word' id='word_1_466' title='bbox 1993 1842 2210 1882; x_wconf 90' lang='lat' dir='ltr'><strong>cussum</strong></span> <span class='ocrx_word' id='word_1_467' title='bbox 2239 1836 2572 1898; x_wconf 88' lang='lat' dir='ltr'><strong>permaneat.</strong></span> <span class='ocrx_word' id='word_1_468' title='bbox 2597 1825 2928 1884; x_wconf 61' lang='lat' dir='ltr'><strong>Emilianus</strong></span> <span class='ocrx_word' id='word_1_469' title='bbox 2953 1825 3238 1894; x_wconf 69' lang='lat' dir='ltr'><strong>praefectus</strong></span> <span class='ocrx_word' id='word_1_470' title='bbox 3263 1826 3456 1882; x_wconf 90' lang='lat' dir='ltr'><strong>iterum</strong></span> <span class='ocrx_word' id='word_1_471' title='bbox 3481 1828 3566 1883; x_wconf 89' lang='lat' dir='ltr'><strong>dl-</strong></span> 
     </span>
    </p>
   </div>
   <div class='ocr_carea' id='block_1_64' title="bbox 1993 1917 3564 1988">
    <p class='ocr_par' dir='ltr' id='par_1_64' title="bbox 1993 1917 3564 1988">
     <span class='ocr_line' id='line_1_64' title="bbox 1993 1917 3564 1988; baseline 0 -14"><span class='ocrx_word' id='word_1_472' title='bbox 1993 1919 2074 1974; x_wconf 78' lang='lat' dir='ltr'><strong>xit</strong></span> <span class='ocrx_word' id='word_1_473' title='bbox 2103 1937 2119 1975; x_wconf 93' lang='lat'><strong>:</strong></span> <span class='ocrx_word' id='word_1_474' title='bbox 2152 1919 2284 1986; x_wconf 84' lang='lat' dir='ltr'><strong>Quis</strong></span> <span class='ocrx_word' id='word_1_475' title='bbox 2313 1935 2442 1975; x_wconf 86' lang='lat' dir='ltr'><strong>vero</strong></span> <span class='ocrx_word' id='word_1_476' title='bbox 2466 1934 2562 1975; x_wconf 91' lang='lat' dir='ltr'><strong>vos</strong></span> <span class='ocrx_word' id='word_1_477' title='bbox 2588 1917 2864 1988; x_wconf 81' lang='lat' dir='ltr'><strong>prohibet,</strong></span> <span class='ocrx_word' id='word_1_478' title='bbox 2897 1919 3192 1988; x_wconf 92' lang='lat' dir='ltr'><strong>quominus</strong></span> <span class='ocrx_word' id='word_1_479' title='bbox 3229 1928 3286 1974; x_wconf 90' lang='lat' dir='ltr'><strong>et</strong></span> <span class='ocrx_word' id='word_1_480' title='bbox 3323 1919 3484 1982; x_wconf 81' lang='lat' dir='ltr'><strong>hunc,</strong></span> <span class='ocrx_word' id='word_1_481' title='bbox 3515 1919 3564 1974; x_wconf 88' lang='lat' dir='ltr'><strong>si</strong></span> 
     </span>
    </p>
   </div>
   <div class='ocr_carea' id='block_1_65' title="bbox 1993 2010 3566 2082">
    <p class='ocr_par' dir='ltr' id='par_1_65' title="bbox 1993 2010 3566 2082">
     <span class='ocr_line' id='line_1_65' title="bbox 1993 2010 3566 2082; baseline 0.001 -19"><span class='ocrx_word' id='word_1_482' title='bbox 1993 2012 2208 2080; x_wconf 91' lang='lat' dir='ltr'><strong>quidem</strong></span> <span class='ocrx_word' id='word_1_483' title='bbox 2241 2011 2380 2067; x_wconf 91' lang='lat' dir='ltr'><strong>Deus</strong></span> <span class='ocrx_word' id='word_1_484' title='bbox 2426 2020 2532 2078; x_wconf 86' lang='lat' dir='ltr'><strong>est,</strong></span> <span class='ocrx_word' id='word_1_485' title='bbox 2563 2027 2688 2067; x_wconf 91' lang='lat' dir='ltr'><strong>cum</strong></span> <span class='ocrx_word' id='word_1_486' title='bbox 2720 2011 2787 2066; x_wconf 91' lang='lat' dir='ltr'><strong>iis</strong></span> <span class='ocrx_word' id='word_1_487' title='bbox 2817 2010 2908 2082; x_wconf 87' lang='lat' dir='ltr'><strong>qui</strong></span> <span class='ocrx_word' id='word_1_488' title='bbox 2940 2020 3134 2066; x_wconf 90' lang='lat' dir='ltr'><strong>natura</strong></span> <span class='ocrx_word' id='word_1_489' title='bbox 3173 2010 3246 2066; x_wconf 90' lang='lat' dir='ltr'><strong>dii</strong></span> <span class='ocrx_word' id='word_1_490' title='bbox 3297 2019 3423 2066; x_wconf 90' lang='lat' dir='ltr'><strong>sunt</strong></span> <span class='ocrx_word' id='word_1_491' title='bbox 3471 2011 3566 2065; x_wconf 85' lang='lat' dir='ltr'><strong>ad-</strong></span> 
     </span>
    </p>
   </div>
   <div class='ocr_carea' id='block_1_66' title="bbox 1993 2103 3566 2175">
    <p class='ocr_par' dir='ltr' id='par_1_66' title="bbox 1993 2103 3566 2175">
     <span class='ocr_line' id='line_1_66' title="bbox 1993 2103 3566 2175; baseline -0.001 -15"><span class='ocrx_word' id='word_1_492' title='bbox 1993 2106 2198 2161; x_wconf 84' lang='lat' dir='ltr'><strong>oretis?</strong></span> <span class='ocrx_word' id='word_1_493' title='bbox 2225 2103 2366 2161; x_wconf 86' lang='lat' dir='ltr'><strong>Deos</strong></span> <span class='ocrx_word' id='word_1_494' title='bbox 2401 2105 2547 2160; x_wconf 91' lang='lat' dir='ltr'><strong>enim</strong></span> <span class='ocrx_word' id='word_1_495' title='bbox 2575 2105 2758 2161; x_wconf 85' lang='lat' dir='ltr'><strong>colere</strong></span> <span class='ocrx_word' id='word_1_496' title='bbox 2789 2104 2923 2175; x_wconf 88' lang='lat' dir='ltr'><strong>jussi</strong></span> <span class='ocrx_word' id='word_1_497' title='bbox 2973 2105 3128 2169; x_wconf 87' lang='lat' dir='ltr'><strong>estis,</strong></span> <span class='ocrx_word' id='word_1_498' title='bbox 3178 2118 3382 2175; x_wconf 88' lang='lat' dir='ltr'><strong>eosque</strong></span> <span class='ocrx_word' id='word_1_499' title='bbox 3429 2117 3566 2174; x_wconf 90' lang='lat' dir='ltr'><strong>quos</strong></span> 
     </span>
    </p>
   </div>
   <div class='ocr_carea' id='block_1_67' title="bbox 1993 2197 3565 2272">
    <p class='ocr_par' dir='ltr' id='par_1_67' title="bbox 1993 2197 3565 2272">
     <span class='ocr_line' id='line_1_67' title="bbox 1993 2197 3565 2272; baseline -0.001 -19"><span class='ocrx_word' id='word_1_500' title='bbox 1993 2199 2177 2254; x_wconf 90' lang='lat' dir='ltr'><strong>cuncti</strong></span> <span class='ocrx_word' id='word_1_501' title='bbox 2209 2208 2409 2254; x_wconf 90' lang='lat' dir='ltr'><strong>norunt</strong></span> <span class='ocrx_word' id='word_1_502' title='bbox 2445 2200 2594 2255; x_wconf 85' lang='lat' dir='ltr'><strong>deos.</strong></span> <span class='ocrx_word' id='word_1_503' title='bbox 2619 2200 2909 2272; x_wconf 83' lang='lat' dir='ltr'><strong>Dionysius</strong></span> <span class='ocrx_word' id='word_1_504' title='bbox 2938 2201 3258 2270; x_wconf 86' lang='lat' dir='ltr'><strong>respondit:</strong></span> <span class='ocrx_word' id='word_1_505' title='bbox 3295 2199 3403 2255; x_wconf 87' lang='lat' dir='ltr'><strong>Nos</strong></span> <span class='ocrx_word' id='word_1_506' title='bbox 3445 2197 3565 2252; x_wconf 84' lang='lat' dir='ltr'><strong>nul-</strong></span> 
     </span>
    </p>
   </div>
   <div class='ocr_carea' id='block_1_68' title="bbox 1993 2291 3560 2363">
    <p class='ocr_par' dir='ltr' id='par_1_68' title="bbox 1993 2291 3560 2363">
     <span class='ocr_line' id='line_1_68' title="bbox 1993 2291 3560 2363; baseline 0.001 -18"><span class='ocrx_word' id='word_1_507' title='bbox 1993 2291 2103 2346; x_wconf 88' lang='lat' dir='ltr'><strong>lum</strong></span> <span class='ocrx_word' id='word_1_508' title='bbox 2134 2292 2297 2346; x_wconf 87' lang='lat' dir='ltr'><strong>alium</strong></span> <span class='ocrx_word' id='word_1_509' title='bbox 2322 2295 2632 2348; x_wconf 90' lang='lat' dir='ltr'><strong>adoramus.</strong></span> <span class='ocrx_word' id='word_1_510' title='bbox 2661 2292 2996 2349; x_wconf 63' lang='lat' dir='ltr'><strong>Emilianus</strong></span> <span class='ocrx_word' id='word_1_511' title='bbox 3046 2292 3334 2363; x_wconf 60' lang='lat' dir='ltr'><strong>prafectus</strong></span> <span class='ocrx_word' id='word_1_512' title='bbox 3380 2292 3518 2346; x_wconf 82' lang='lat' dir='ltr'><strong>dixit</strong></span> <span class='ocrx_word' id='word_1_513' title='bbox 3544 2309 3560 2347; x_wconf 93' lang='lat'><strong>:</strong></span> 
     </span>
    </p>
   </div>
   <div class='ocr_carea' id='block_1_69' title="bbox 1998 2383 3565 2456">
    <p class='ocr_par' dir='ltr' id='par_1_69' title="bbox 1998 2383 3565 2456">
     <span class='ocr_line' id='line_1_69' title="bbox 1998 2383 3565 2456; baseline 0.001 -19"><span class='ocrx_word' id='word_1_514' title='bbox 1998 2385 2166 2439; x_wconf 82' lang='lat' dir='ltr'><strong>Video</strong></span> <span class='ocrx_word' id='word_1_515' title='bbox 2188 2400 2282 2440; x_wconf 89' lang='lat' dir='ltr'><strong>vos</strong></span> <span class='ocrx_word' id='word_1_516' title='bbox 2307 2385 2547 2456; x_wconf 79' lang='lat' dir='ltr'><strong>ingratos</strong></span> <span class='ocrx_word' id='word_1_517' title='bbox 2575 2399 2698 2441; x_wconf 88' lang='lat' dir='ltr'><strong>esse</strong></span> <span class='ocrx_word' id='word_1_518' title='bbox 2731 2386 2890 2442; x_wconf 86' lang='lat' dir='ltr'><strong>simul</strong></span> <span class='ocrx_word' id='word_1_519' title='bbox 2920 2401 2984 2440; x_wconf 88' lang='lat' dir='ltr'><strong>ac</strong></span> <span class='ocrx_word' id='word_1_520' title='bbox 3007 2385 3271 2454; x_wconf 88' lang='lat' dir='ltr'><strong>stupidos,</strong></span> <span class='ocrx_word' id='word_1_521' title='bbox 3321 2386 3412 2454; x_wconf 93' lang='lat' dir='ltr'><strong>qui</strong></span> <span class='ocrx_word' id='word_1_522' title='bbox 3453 2383 3565 2439; x_wconf 85' lang='lat' dir='ltr'><strong>cle-</strong></span> 
     </span>
    </p>
   </div>
   <div class='ocr_carea' id='block_1_70' title="bbox 1995 2465 3568 2548">
    <p class='ocr_par' dir='ltr' id='par_1_70' title="bbox 1995 2465 3568 2548">
     <span class='ocr_line' id='line_1_70' title="bbox 1995 2465 3568 2548; baseline 0.001 -17"><span class='ocrx_word' id='word_1_523' title='bbox 1995 2477 2260 2532; x_wconf 89' lang='lat' dir='ltr'><strong>mentiam</strong></span> <span class='ocrx_word' id='word_1_524' title='bbox 2306 2479 2674 2548; x_wconf 81' lang='lat' dir='ltr'><strong>Augustorum</strong></span> <span class='ocrx_word' id='word_1_525' title='bbox 2714 2478 2934 2533; x_wconf 89' lang='lat' dir='ltr'><strong>minime</strong></span> <span class='ocrx_word' id='word_1_526' title='bbox 2981 2479 3248 2534; x_wconf 89' lang='lat' dir='ltr'><strong>sentiatis.</strong></span> <span class='ocrx_word' id='word_1_527' title='bbox 3293 2465 3568 2546; x_wconf 80' lang='lat' dir='ltr'><strong>Quamob-</strong></span> 
     </span>
    </p>
   </div>
   <div class='ocr_carea' id='block_1_71' title="bbox 1994 2553 3564 2636">
    <p class='ocr_par' dir='ltr' id='par_1_71' title="bbox 1994 2553 3564 2636">
     <span class='ocr_line' id='line_1_71' title="bbox 1994 2553 3564 2636; baseline 0.003 -14"><span class='ocrx_word' id='word_1_528' title='bbox 1994 2583 2108 2624; x_wconf 89' lang='lat' dir='ltr'><strong>rem</strong></span> <span class='ocrx_word' id='word_1_529' title='bbox 2139 2583 2245 2622; x_wconf 90' lang='lat' dir='ltr'><strong>non</strong></span> <span class='ocrx_word' id='word_1_530' title='bbox 2275 2553 2566 2624; x_wconf 80' lang='lat' dir='ltr'><strong>manebitis</strong></span> <span class='ocrx_word' id='word_1_531' title='bbox 2592 2570 2645 2624; x_wconf 88' lang='lat' dir='ltr'><strong>itt</strong></span> <span class='ocrx_word' id='word_1_532' title='bbox 2671 2570 2773 2624; x_wconf 90' lang='lat' dir='ltr'><strong>hac</strong></span> <span class='ocrx_word' id='word_1_533' title='bbox 2801 2570 2970 2636; x_wconf 89' lang='lat' dir='ltr'><strong>urbe,</strong></span> <span class='ocrx_word' id='word_1_534' title='bbox 3027 2571 3122 2626; x_wconf 90' lang='lat' dir='ltr'><strong>sed</strong></span> <span class='ocrx_word' id='word_1_535' title='bbox 3171 2569 3461 2625; x_wconf 91' lang='lat' dir='ltr'><strong>mittemini</strong></span> <span class='ocrx_word' id='word_1_536' title='bbox 3509 2571 3564 2626; x_wconf 91' lang='lat' dir='ltr'><strong>in</strong></span> 
     </span>
    </p>
   </div>
   <div class='ocr_carea' id='block_1_72' title="bbox 1993 2658 3569 2731">
    <p class='ocr_par' dir='ltr' id='par_1_72' title="bbox 1993 2658 3569 2731">
     <span class='ocr_line' id='line_1_72' title="bbox 1993 2658 3569 2731; baseline 0.003 -18"><span class='ocrx_word' id='word_1_537' title='bbox 1993 2668 2177 2729; x_wconf 86' lang='lat' dir='ltr'><strong>partes</strong></span> <span class='ocrx_word' id='word_1_538' title='bbox 2209 2658 2393 2728; x_wconf 60' lang='lat' dir='ltr'><strong>Libya;</strong></span> <span class='ocrx_word' id='word_1_539' title='bbox 2421 2660 2486 2714; x_wconf 93' lang='lat' dir='ltr'><strong>ad</strong></span> <span class='ocrx_word' id='word_1_540' title='bbox 2520 2660 2696 2715; x_wconf 90' lang='lat' dir='ltr'><strong>locum</strong></span> <span class='ocrx_word' id='word_1_541' title='bbox 2729 2661 2821 2731; x_wconf 94' lang='lat' dir='ltr'><strong>qui</strong></span> <span class='ocrx_word' id='word_1_542' title='bbox 2869 2661 3070 2716; x_wconf 89' lang='lat' dir='ltr'><strong>dicitur</strong></span> <span class='ocrx_word' id='word_1_543' title='bbox 3116 2660 3352 2731; x_wconf 87' lang='lat' dir='ltr'><strong>Cephro.</strong></span> <span class='ocrx_word' id='word_1_544' title='bbox 3409 2661 3569 2719; x_wconf 81' lang='lat' dir='ltr'><strong>Hunc</strong></span> 
     </span>
    </p>
   </div>
   <div class='ocr_carea' id='block_1_73' title="bbox 1994 2751 3563 2825">
    <p class='ocr_par' dir='ltr' id='par_1_73' title="bbox 1994 2751 3563 2825">
     <span class='ocr_line' id='line_1_73' title="bbox 1994 2751 3563 2825; baseline 0.002 -20"><span class='ocrx_word' id='word_1_545' title='bbox 1994 2752 2138 2806; x_wconf 91' lang='lat' dir='ltr'><strong>enim</strong></span> <span class='ocrx_word' id='word_1_546' title='bbox 2195 2751 2372 2805; x_wconf 89' lang='lat' dir='ltr'><strong>locum</strong></span> <span class='ocrx_word' id='word_1_547' title='bbox 2401 2753 2555 2820; x_wconf 88' lang='lat' dir='ltr'><strong>jussu</strong></span> <span class='ocrx_word' id='word_1_548' title='bbox 2612 2753 2978 2822; x_wconf 80' lang='lat' dir='ltr'><strong>Augustorum</strong></span> <span class='ocrx_word' id='word_1_549' title='bbox 3029 2763 3338 2808; x_wconf 91' lang='lat' dir='ltr'><strong>nostrorum</strong></span> <span class='ocrx_word' id='word_1_550' title='bbox 3405 2754 3563 2825; x_wconf 81' lang='lat' dir='ltr'><strong>elegi.</strong></span> 
     </span>
    </p>
   </div>
   <div class='ocr_carea' id='block_1_74' title="bbox 1995 2841 3568 2917">
    <p class='ocr_par' dir='ltr' id='par_1_74' title="bbox 1995 2841 3568 2917">
     <span class='ocr_line' id='line_1_74' title="bbox 1995 2841 3568 2917; baseline 0.003 -19"><span class='ocrx_word' id='word_1_551' title='bbox 1995 2841 2312 2900; x_wconf 82' lang='lat' dir='ltr'><strong>Nullatenus</strong></span> <span class='ocrx_word' id='word_1_552' title='bbox 2350 2853 2530 2898; x_wconf 88' lang='lat' dir='ltr'><strong>autem</strong></span> <span class='ocrx_word' id='word_1_553' title='bbox 2564 2844 2752 2900; x_wconf 87' lang='lat' dir='ltr'><strong>licebit</strong></span> <span class='ocrx_word' id='word_1_554' title='bbox 2801 2844 2956 2900; x_wconf 86' lang='lat' dir='ltr'><strong>vobis</strong></span> <span class='ocrx_word' id='word_1_555' title='bbox 3007 2860 3106 2900; x_wconf 88' lang='lat' dir='ltr'><strong>nec</strong></span> <span class='ocrx_word' id='word_1_556' title='bbox 3155 2846 3568 2917; x_wconf 87' lang='lat' dir='ltr'><strong>quibuscnnqu&#39;e</strong></span> 
     </span>
    </p>
   </div>
   <div class='ocr_carea' id='block_1_75' title="bbox 1995 2935 3569 3008">
    <p class='ocr_par' dir='ltr' id='par_1_75' title="bbox 1995 2935 3569 3008">
     <span class='ocr_line' id='line_1_75' title="bbox 1995 2935 3569 3008; baseline 0.003 -18"><span class='ocrx_word' id='word_1_557' title='bbox 1995 2935 2141 2998; x_wconf 87' lang='lat' dir='ltr'><strong>aliis,</strong></span> <span class='ocrx_word' id='word_1_558' title='bbox 2173 2946 2474 2992; x_wconf 88' lang='lat' dir='ltr'><strong>conventus</strong></span> <span class='ocrx_word' id='word_1_559' title='bbox 2497 2951 2683 3008; x_wconf 84' lang='lat' dir='ltr'><strong>agere,</strong></span> <span class='ocrx_word' id='word_1_560' title='bbox 2711 2947 2806 2993; x_wconf 89' lang='lat' dir='ltr'><strong>aut</strong></span> <span class='ocrx_word' id='word_1_561' title='bbox 2832 2952 2896 2993; x_wconf 88' lang='lat' dir='ltr'><strong>ea</strong></span> <span class='ocrx_word' id='word_1_562' title='bbox 2921 2953 3040 3007; x_wconf 68' lang='lat' dir='ltr'><strong>quae</strong></span> <span class='ocrx_word' id='word_1_563' title='bbox 3071 2948 3334 2993; x_wconf 85' lang='lat' dir='ltr'><strong>vocantur</strong></span> <span class='ocrx_word' id='word_1_564' title='bbox 3361 2954 3569 2996; x_wconf 69' lang='lat' dir='ltr'><strong>cmme-</strong></span> 
     </span>
    </p>
   </div>
   <div class='ocr_carea' id='block_1_76' title="bbox 1998 3027 3567 3100">
    <p class='ocr_par' dir='ltr' id='par_1_76' title="bbox 1998 3027 3567 3100">
     <span class='ocr_line' id='line_1_76' title="bbox 1998 3027 3567 3100; baseline 0 -16"><span class='ocrx_word' id='word_1_565' title='bbox 1998 3029 2134 3084; x_wconf 87' lang='lat' dir='ltr'><strong>teria</strong></span> <span class='ocrx_word' id='word_1_566' title='bbox 2168 3029 2342 3085; x_wconf 89' lang='lat' dir='ltr'><strong>adire.</strong></span> <span class='ocrx_word' id='word_1_567' title='bbox 2373 3027 2525 3097; x_wconf 85' lang='lat' dir='ltr'><strong>Quod</strong></span> <span class='ocrx_word' id='word_1_568' title='bbox 2551 3029 2595 3084; x_wconf 91' lang='lat' dir='ltr'><strong>si</strong></span> <span class='ocrx_word' id='word_1_569' title='bbox 2622 3031 2744 3100; x_wconf 82' lang='lat' dir='ltr'><strong>quis</strong></span> <span class='ocrx_word' id='word_1_570' title='bbox 2769 3031 2835 3086; x_wconf 89' lang='lat' dir='ltr'><strong>ad</strong></span> <span class='ocrx_word' id='word_1_571' title='bbox 2866 3045 2991 3085; x_wconf 89' lang='lat' dir='ltr'><strong>eum</strong></span> <span class='ocrx_word' id='word_1_572' title='bbox 3021 3044 3184 3100; x_wconf 91' lang='lat' dir='ltr'><strong>quem</strong></span> <span class='ocrx_word' id='word_1_573' title='bbox 3215 3029 3352 3099; x_wconf 74' lang='lat' dir='ltr'><strong>iussi</strong></span> <span class='ocrx_word' id='word_1_574' title='bbox 3391 3029 3567 3085; x_wconf 92' lang='lat' dir='ltr'><strong>locum</strong></span> 
     </span>
    </p>
   </div>
   <div class='ocr_carea' id='block_1_77' title="bbox 1919 3120 3568 3211">
    <p class='ocr_par' dir='ltr' id='par_1_77' title="bbox 1919 3120 3568 3211">
     <span class='ocr_line' id='line_1_77' title="bbox 1919 3120 3568 3211; baseline 0.001 -37"><span class='ocrx_word' id='word_1_575' title='bbox 1919 3151 1963 3211; x_wconf 64' lang='grc' dir='ltr'>ο</span> <span class='ocrx_word' id='word_1_576' title='bbox 2000 3120 2220 3175; x_wconf 89' lang='lat' dir='ltr'><strong>minime</strong></span> <span class='ocrx_word' id='word_1_577' title='bbox 2244 3121 2521 3192; x_wconf 86' lang='lat' dir='ltr'><strong>prolectus</strong></span> <span class='ocrx_word' id='word_1_578' title='bbox 2560 3122 3018 3193; x_wconf 86' lang='lat' dir='ltr'><strong>deprehendetur,</strong></span> <span class='ocrx_word' id='word_1_579' title='bbox 3048 3130 3141 3178; x_wconf 89' lang='lat' dir='ltr'><strong>aut</strong></span> <span class='ocrx_word' id='word_1_580' title='bbox 3192 3125 3246 3178; x_wconf 92' lang='lat' dir='ltr'><strong>in</strong></span> <span class='ocrx_word' id='word_1_581' title='bbox 3297 3131 3568 3178; x_wconf 88' lang='lat' dir='ltr'><strong>conventu</strong></span> 
     </span>
    </p>
   </div>
   <div class='ocr_carea' id='block_1_78' title="bbox 1996 3214 3570 3286">
    <p class='ocr_par' dir='ltr' id='par_1_78' title="bbox 1996 3214 3570 3286">
     <span class='ocr_line' id='line_1_78' title="bbox 1996 3214 3570 3286; baseline 0.003 -20"><span class='ocrx_word' id='word_1_582' title='bbox 1996 3214 2179 3283; x_wconf 92' lang='lat' dir='ltr'><strong>aliquo</strong></span> <span class='ocrx_word' id='word_1_583' title='bbox 2206 3215 2370 3270; x_wconf 81' lang='lat' dir='ltr'><strong>fuerit</strong></span> <span class='ocrx_word' id='word_1_584' title='bbox 2397 3215 2670 3281; x_wconf 87' lang='lat' dir='ltr'><strong>inventus,</strong></span> <span class='ocrx_word' id='word_1_585' title='bbox 2707 3215 2754 3270; x_wconf 93' lang='lat' dir='ltr'><strong>is</strong></span> <span class='ocrx_word' id='word_1_586' title='bbox 2785 3215 2890 3272; x_wconf 90' lang='lat' dir='ltr'><strong>sibi</strong></span> <span class='ocrx_word' id='word_1_587' title='bbox 2921 3215 3036 3285; x_wconf 89' lang='lat' dir='ltr'><strong>ipse</strong></span> <span class='ocrx_word' id='word_1_588' title='bbox 3060 3216 3359 3286; x_wconf 88' lang='lat' dir='ltr'><strong>periculum</strong></span> <span class='ocrx_word' id='word_1_589' title='bbox 3390 3231 3570 3272; x_wconf 89' lang='lat' dir='ltr'><strong>arces-</strong></span> 
     </span>
    </p>
   </div>
   <div class='ocr_carea' id='block_1_79' title="bbox 1995 3303 3570 3378">
    <p class='ocr_par' dir='ltr' id='par_1_79' title="bbox 1995 3303 3570 3378">
     <span class='ocr_line' id='line_1_79' title="bbox 1995 3303 3570 3378; baseline 0.003 -18"><span class='ocrx_word' id='word_1_590' title='bbox 1995 3314 2100 3360; x_wconf 90' lang='lat' dir='ltr'><strong>set.</strong></span> <span class='ocrx_word' id='word_1_591' title='bbox 2127 3303 2242 3359; x_wconf 77' lang='lat' dir='ltr'><strong>Nnn</strong></span> <span class='ocrx_word' id='word_1_592' title='bbox 2273 3305 2418 3360; x_wconf 91' lang='lat' dir='ltr'><strong>enim</strong></span> <span class='ocrx_word' id='word_1_593' title='bbox 2449 3306 2624 3360; x_wconf 90' lang='lat' dir='ltr'><strong>deerit</strong></span> <span class='ocrx_word' id='word_1_594' title='bbox 2657 3320 2895 3378; x_wconf 85' lang='lat' dir='ltr'><strong>congrua</strong></span> <span class='ocrx_word' id='word_1_595' title='bbox 2921 3307 3348 3364; x_wconf 85' lang='lat' dir='ltr'><strong>animadversio.</strong></span> <span class='ocrx_word' id='word_1_596' title='bbox 3369 3309 3570 3364; x_wconf 79' lang='lat' dir='ltr'><strong>Absce-</strong></span> 
     </span>
    </p>
   </div>
   <div class='ocr_carea' id='block_1_80' title="bbox 1997 3397 3569 3470">
    <p class='ocr_par' dir='ltr' id='par_1_80' title="bbox 1997 3397 3569 3470">
     <span class='ocr_line' id='line_1_80' title="bbox 1997 3397 3569 3470; baseline 0.003 -17"><span class='ocrx_word' id='word_1_597' title='bbox 1997 3398 2109 3453; x_wconf 85' lang='lat' dir='ltr'><strong>dite</strong></span> <span class='ocrx_word' id='word_1_598' title='bbox 2142 3397 2309 3468; x_wconf 84' lang='lat' dir='ltr'><strong>igitur</strong></span> <span class='ocrx_word' id='word_1_599' title='bbox 2331 3399 2593 3468; x_wconf 87' lang='lat' dir='ltr'><strong>quojussi</strong></span> <span class='ocrx_word' id='word_1_600' title='bbox 2634 3399 2789 3454; x_wconf 83' lang='lat' dir='ltr'><strong>eStis.</strong></span> <span class='ocrx_word' id='word_1_601' title='bbox 2822 3399 3217 3470; x_wconf 89' lang='lat' dir='ltr'><strong>—-Statimque</strong></span> <span class='ocrx_word' id='word_1_602' title='bbox 3245 3415 3330 3455; x_wconf 90' lang='lat' dir='ltr'><strong>me</strong></span> <span class='ocrx_word' id='word_1_603' title='bbox 3357 3403 3569 3458; x_wconf 87' lang='lat' dir='ltr'><strong>tametsi</strong></span> 
     </span>
    </p>
   </div>
   <div class='ocr_carea' id='block_1_81' title="bbox 1996 3492 3567 3564">
    <p class='ocr_par' dir='ltr' id='par_1_81' title="bbox 1996 3492 3567 3564">
     <span class='ocr_line' id='line_1_81' title="bbox 1996 3492 3567 3564; baseline 0.001 -20"><span class='ocrx_word' id='word_1_604' title='bbox 1996 3500 2349 3560; x_wconf 64' lang='lat' dir='ltr'><strong>aegrotantem</strong></span> <span class='ocrx_word' id='word_1_605' title='bbox 2415 3492 2693 3560; x_wconf 80' lang='lat' dir='ltr'><strong>proﬁcisci</strong></span> <span class='ocrx_word' id='word_1_606' title='bbox 2755 3492 3031 3563; x_wconf 90' lang='lat' dir='ltr'><strong>compulit,</strong></span> <span class='ocrx_word' id='word_1_607' title='bbox 3067 3507 3137 3547; x_wconf 89' lang='lat' dir='ltr'><strong>ne</strong></span> <span class='ocrx_word' id='word_1_608' title='bbox 3185 3492 3290 3547; x_wconf 88' lang='lat' dir='ltr'><strong>dici</strong></span> <span class='ocrx_word' id='word_1_609' title='bbox 3343 3492 3567 3564; x_wconf 87' lang='lat' dir='ltr'><strong>quidem</strong></span> 
     </span>
    </p>
   </div>
   <div class='ocr_carea' id='block_1_82' title="bbox 1999 3581 3574 3654">
    <p class='ocr_par' dir='ltr' id='par_1_82' title="bbox 1999 3581 3574 3654">
     <span class='ocr_line' id='line_1_82' title="bbox 1999 3581 3574 3654; baseline 0.001 -20"><span class='ocrx_word' id='word_1_610' title='bbox 1999 3582 2158 3637; x_wconf 88' lang='lat' dir='ltr'><strong>unius</strong></span> <span class='ocrx_word' id='word_1_611' title='bbox 2211 3581 2465 3638; x_wconf 85' lang='lat' dir='ltr'><strong>dilatione</strong></span> <span class='ocrx_word' id='word_1_612' title='bbox 2521 3598 2801 3639; x_wconf 85' lang='lat' dir='ltr'><strong>concessa.</strong></span> <span class='ocrx_word' id='word_1_613' title='bbox 2861 3583 3142 3651; x_wconf 85' lang='lat' dir='ltr'><strong>Quomodo</strong></span> <span class='ocrx_word' id='word_1_614' title='bbox 3203 3583 3370 3654; x_wconf 80' lang='lat' dir='ltr'><strong>igitur</strong></span> <span class='ocrx_word' id='word_1_615' title='bbox 3442 3597 3574 3638; x_wconf 91' lang='lat' dir='ltr'><strong>con-</strong></span> 
     </span>
    </p>
   </div>
   <div class='ocr_carea' id='block_1_83' title="bbox 1997 3679 3573 3746">
    <p class='ocr_par' dir='ltr' id='par_1_83' title="bbox 1997 3679 3573 3746">
     <span class='ocr_line' id='line_1_83' title="bbox 1997 3679 3573 3746; baseline 0.006 -22"><span class='ocrx_word' id='word_1_616' title='bbox 1997 3685 2190 3729; x_wconf 83' lang='lat' dir='ltr'><strong>ventus</strong></span> <span class='ocrx_word' id='word_1_617' title='bbox 2239 3691 2399 3744; x_wconf 79' lang='lat' dir='ltr'><strong>agere</strong></span> <span class='ocrx_word' id='word_1_618' title='bbox 2450 3687 2541 3730; x_wconf 89' lang='lat' dir='ltr'><strong>aut</strong></span> <span class='ocrx_word' id='word_1_619' title='bbox 2588 3691 2691 3731; x_wconf 89' lang='lat' dir='ltr'><strong>non</strong></span> <span class='ocrx_word' id='word_1_620' title='bbox 2737 3691 2900 3746; x_wconf 79' lang='lat' dir='ltr'><strong>agere</strong></span> <span class='ocrx_word' id='word_1_621' title='bbox 2950 3693 3175 3734; x_wconf 86' lang='lat' dir='ltr'><strong>vacuum</strong></span> <span class='ocrx_word' id='word_1_622' title='bbox 3239 3679 3371 3734; x_wconf 90' lang='lat' dir='ltr'><strong>mibi</strong></span> <span class='ocrx_word' id='word_1_623' title='bbox 3415 3679 3573 3734; x_wconf 91' lang='lat' dir='ltr'><strong>dein-</strong></span> 
     </span>
    </p>
   </div>
   <div class='ocr_carea' id='block_1_84' title="bbox 1996 3767 3569 3841">
    <p class='ocr_par' dir='ltr' id='par_1_84' title="bbox 1996 3767 3569 3841">
     <span class='ocr_line' id='line_1_84' title="bbox 1996 3767 3569 3841; baseline 0.003 -20"><span class='ocrx_word' id='word_1_624' title='bbox 1996 3783 2125 3834; x_wconf 92' lang='lat' dir='ltr'><strong>ceps</strong></span> <span class='ocrx_word' id='word_1_625' title='bbox 2175 3767 2325 3822; x_wconf 82' lang='lat' dir='ltr'><strong>fuit?</strong></span> <span class='ocrx_word' id='word_1_626' title='bbox 2393 3786 2411 3820; x_wconf 76' lang='grc' dir='ltr'>ι</span> <span class='ocrx_word' id='word_1_627' title='bbox 2477 3768 2673 3823; x_wconf 82' lang='lat' dir='ltr'><strong>Paucis</strong></span> <span class='ocrx_word' id='word_1_628' title='bbox 2735 3771 2930 3825; x_wconf 85' lang='lat' dir='ltr'><strong>deinde</strong></span> <span class='ocrx_word' id='word_1_629' title='bbox 3009 3770 3569 3841; x_wconf 88' lang='lat' dir='ltr'><strong>interjectis,addit:</strong></span> 
     </span>
    </p>
   </div>
   <div class='ocr_carea' id='block_1_85' title="bbox 1997 3857 3576 3932">
    <p class='ocr_par' dir='ltr' id='par_1_85' title="bbox 1997 3857 3576 3932">
     <span class='ocr_line' id='line_1_85' title="bbox 1997 3857 3576 3932; baseline 0.006 -24"><span class='ocrx_word' id='word_1_630' title='bbox 1997 3857 2161 3928; x_wconf 77' lang='lat'><strong>259</strong></span> <span class='ocrx_word' id='word_1_631' title='bbox 2193 3878 2209 3909; x_wconf 75' lang='grc' dir='ltr'>ι</span> <span class='ocrx_word' id='word_1_632' title='bbox 2241 3858 2345 3912; x_wconf 89' lang='lat' dir='ltr'><strong>Sed</strong></span> <span class='ocrx_word' id='word_1_633' title='bbox 2372 3874 2584 3927; x_wconf 84' lang='lat' dir='ltr'><strong>nequea</strong></span> <span class='ocrx_word' id='word_1_634' title='bbox 2606 3861 2869 3930; x_wconf 90' lang='lat' dir='ltr'><strong>corporali</strong></span> <span class='ocrx_word' id='word_1_635' title='bbox 2905 3873 3190 3928; x_wconf 87' lang='lat' dir='ltr'><strong>conventu,</strong></span> <span class='ocrx_word' id='word_1_636' title='bbox 3226 3863 3450 3918; x_wconf 91' lang='lat' dir='ltr'><strong>Domino</strong></span> <span class='ocrx_word' id='word_1_637' title='bbox 3482 3863 3576 3932; x_wconf 85' lang='lat' dir='ltr'><strong>ju-</strong></span> 
     </span>
    </p>
   </div>
   <div class='ocr_carea' id='block_1_86' title="bbox 1996 3949 3572 4026">
    <p class='ocr_par' dir='ltr' id='par_1_86' title="bbox 1996 3949 3572 4026">
     <span class='ocr_line' id='line_1_86' title="bbox 1996 3949 3572 4026; baseline 0.004 -22"><span class='ocrx_word' id='word_1_638' title='bbox 1996 3961 2179 4016; x_wconf 86' lang='lat' dir='ltr'><strong>vante,</strong></span> <span class='ocrx_word' id='word_1_639' title='bbox 2211 3949 2506 4006; x_wconf 80' lang='lat' dir='ltr'><strong>abfuimus.</strong></span> <span class='ocrx_word' id='word_1_640' title='bbox 2540 3949 2737 4006; x_wconf 84' lang='lat' dir='ltr'><strong>Verum</strong></span> <span class='ocrx_word' id='word_1_641' title='bbox 2760 3967 2856 4007; x_wconf 90' lang='lat' dir='ltr'><strong>eos</strong></span> <span class='ocrx_word' id='word_1_642' title='bbox 2889 3955 2979 4023; x_wconf 92' lang='lat' dir='ltr'><strong>qui</strong></span> <span class='ocrx_word' id='word_1_643' title='bbox 3006 3953 3056 4006; x_wconf 90' lang='lat' dir='ltr'><strong>in</strong></span> <span class='ocrx_word' id='word_1_644' title='bbox 3089 3954 3224 4009; x_wconf 85' lang='lat' dir='ltr'><strong>urbe</strong></span> <span class='ocrx_word' id='word_1_645' title='bbox 3255 3966 3432 4020; x_wconf 85' lang='lat' dir='ltr'><strong>erant,</strong></span> <span class='ocrx_word' id='word_1_646' title='bbox 3473 3971 3572 4026; x_wconf 87' lang='lat' dir='ltr'><strong>pe-</strong></span> 
     </span>
    </p>
   </div>
   <div class='ocr_carea' id='block_1_87' title="bbox 1998 4043 3573 4117">
    <p class='ocr_par' dir='ltr' id='par_1_87' title="bbox 1998 4043 3573 4117">
     <span class='ocr_line' id='line_1_87' title="bbox 1998 4043 3573 4117; baseline 0.002 -18"><span class='ocrx_word' id='word_1_647' title='bbox 1998 4045 2154 4099; x_wconf 89' lang='lat' dir='ltr'><strong>rinde</strong></span> <span class='ocrx_word' id='word_1_648' title='bbox 2181 4059 2243 4099; x_wconf 92' lang='lat' dir='ltr'><strong>ac</strong></span> <span class='ocrx_word' id='word_1_649' title='bbox 2263 4045 2307 4099; x_wconf 93' lang='lat' dir='ltr'><strong>si</strong></span> <span class='ocrx_word' id='word_1_650' title='bbox 2331 4044 2598 4107; x_wconf 74' lang='lat' dir='ltr'><strong>adessem,</strong></span> <span class='ocrx_word' id='word_1_651' title='bbox 2625 4043 2828 4114; x_wconf 87' lang='lat' dir='ltr'><strong>majore</strong></span> <span class='ocrx_word' id='word_1_652' title='bbox 2852 4045 3032 4099; x_wconf 89' lang='lat' dir='ltr'><strong>studio</strong></span> <span class='ocrx_word' id='word_1_653' title='bbox 3051 4047 3372 4117; x_wconf 76' lang='lat' dir='ltr'><strong>congregavi</strong></span> <span class='ocrx_word' id='word_1_654' title='bbox 3401 4047 3454 4100; x_wconf 91' lang='lat' dir='ltr'><strong>in</strong></span> <span class='ocrx_word' id='word_1_655' title='bbox 3481 4063 3573 4102; x_wconf 87' lang='lat' dir='ltr'><strong>ec-</strong></span> 
     </span>
    </p>
   </div>
   <div class='ocr_carea' id='block_1_88' title="bbox 1997 4135 3572 4206">
    <p class='ocr_par' dir='ltr' id='par_1_88' title="bbox 1997 4135 3572 4206">
     <span class='ocr_line' id='line_1_88' title="bbox 1997 4135 3572 4206; baseline 0.001 -15"><span class='ocrx_word' id='word_1_656' title='bbox 1997 4135 2252 4201; x_wconf 89' lang='lat' dir='ltr'><strong>clesiam;</strong></span> <span class='ocrx_word' id='word_1_657' title='bbox 2287 4135 2715 4204; x_wconf 89' lang='lat' dir='ltr'><strong>abscnsquidem</strong></span> <span class='ocrx_word' id='word_1_658' title='bbox 2733 4150 2979 4204; x_wconf 85' lang='lat' dir='ltr'><strong>corpore,</strong></span> <span class='ocrx_word' id='word_1_659' title='bbox 3002 4137 3190 4206; x_wconf 86' lang='lat' dir='ltr'><strong>utjam</strong></span> <span class='ocrx_word' id='word_1_660' title='bbox 3221 4138 3359 4202; x_wconf 82' lang='lat' dir='ltr'><strong>dixi,</strong></span> <span class='ocrx_word' id='word_1_661' title='bbox 3389 4139 3572 4194; x_wconf 89' lang='lat' dir='ltr'><strong>animo</strong></span> 
     </span>
    </p>
   </div>
   <div class='ocr_carea' id='block_1_89' title="bbox 1997 4226 3571 4300">
    <p class='ocr_par' dir='ltr' id='par_1_89' title="bbox 1997 4226 3571 4300">
     <span class='ocr_line' id='line_1_89' title="bbox 1997 4226 3571 4300; baseline 0.003 -19"><span class='ocrx_word' id='word_1_662' title='bbox 1997 4237 2176 4283; x_wconf 89' lang='lat' dir='ltr'><strong>autem</strong></span> <span class='ocrx_word' id='word_1_663' title='bbox 2212 4240 2469 4296; x_wconf 71' lang='lat' dir='ltr'><strong>prccsens.</strong></span> <span class='ocrx_word' id='word_1_664' title='bbox 2494 4226 2646 4295; x_wconf 85' lang='lat' dir='ltr'><strong>Apud</strong></span> <span class='ocrx_word' id='word_1_665' title='bbox 2669 4226 2884 4296; x_wconf 80' lang='lat' dir='ltr'><strong>Cepltro</strong></span> <span class='ocrx_word' id='word_1_666' title='bbox 2911 4241 3042 4282; x_wconf 89' lang='lat' dir='ltr'><strong>vero</strong></span> <span class='ocrx_word' id='word_1_667' title='bbox 3066 4228 3348 4283; x_wconf 87' lang='lat' dir='ltr'><strong>nobiscum</strong></span> <span class='ocrx_word' id='word_1_668' title='bbox 3377 4246 3571 4300; x_wconf 83' lang='lat' dir='ltr'><strong>magna</strong></span> 
     </span>
    </p>
   </div>
   <div class='ocr_carea' id='block_1_90' title="bbox 1997 4317 3571 4390">
    <p class='ocr_par' dir='ltr' id='par_1_90' title="bbox 1997 4317 3571 4390">
     <span class='ocr_line' id='line_1_90' title="bbox 1997 4317 3571 4390; baseline 0.003 -17"><span class='ocrx_word' id='word_1_669' title='bbox 1997 4320 2238 4374; x_wconf 81' lang='lat' dir='ltr'><strong>ﬁdelium</strong></span> <span class='ocrx_word' id='word_1_670' title='bbox 2271 4318 2447 4372; x_wconf 81' lang='lat' dir='ltr'><strong>adfuit</strong></span> <span class='ocrx_word' id='word_1_671' title='bbox 2498 4317 2806 4384; x_wconf 86' lang='lat' dir='ltr'><strong>multitudo,</strong></span> <span class='ocrx_word' id='word_1_672' title='bbox 2860 4319 3058 4389; x_wconf 88' lang='lat' dir='ltr'><strong>partim</strong></span> <span class='ocrx_word' id='word_1_673' title='bbox 3126 4335 3314 4376; x_wconf 89' lang='lat' dir='ltr'><strong>eorum</strong></span> <span class='ocrx_word' id='word_1_674' title='bbox 3373 4323 3463 4390; x_wconf 93' lang='lat' dir='ltr'><strong>qui</strong></span> <span class='ocrx_word' id='word_1_675' title='bbox 3502 4324 3571 4377; x_wconf 89' lang='lat' dir='ltr'><strong>ab</strong></span> 
     </span>
    </p>
   </div>
   <div class='ocr_carea' id='block_1_91' title="bbox 1998 4407 3574 4478">
    <p class='ocr_par' dir='ltr' id='par_1_91' title="bbox 1998 4407 3574 4478">
     <span class='ocr_line' id='line_1_91' title="bbox 1998 4407 3574 4478; baseline -0.001 -16"><span class='ocrx_word' id='word_1_676' title='bbox 1998 4410 2134 4464; x_wconf 90' lang='lat' dir='ltr'><strong>urbe</strong></span> <span class='ocrx_word' id='word_1_677' title='bbox 2175 4425 2274 4463; x_wconf 91' lang='lat' dir='ltr'><strong>nos</strong></span> <span class='ocrx_word' id='word_1_678' title='bbox 2304 4407 2477 4464; x_wconf 87' lang='lat' dir='ltr'><strong>secuti</strong></span> <span class='ocrx_word' id='word_1_679' title='bbox 2504 4408 2742 4473; x_wconf 81' lang='lat' dir='ltr'><strong>fuerant,</strong></span> <span class='ocrx_word' id='word_1_680' title='bbox 2773 4408 2968 4478; x_wconf 90' lang='lat' dir='ltr'><strong>partim</strong></span> <span class='ocrx_word' id='word_1_681' title='bbox 2999 4407 3226 4462; x_wconf 86' lang='lat' dir='ltr'><strong>aliorum</strong></span> <span class='ocrx_word' id='word_1_682' title='bbox 3255 4408 3346 4478; x_wconf 90' lang='lat' dir='ltr'><strong>qui</strong></span> <span class='ocrx_word' id='word_1_683' title='bbox 3377 4423 3444 4463; x_wconf 78' lang='lat' dir='ltr'><strong>ex</strong></span> <span class='ocrx_word' id='word_1_684' title='bbox 3483 4425 3574 4462; x_wconf 86' lang='lat' dir='ltr'><strong>re-</strong></span> 
     </span>
    </p>
   </div>
   <div class='ocr_carea' id='block_1_92' title="bbox 319 4495 1892 4576">
    <p class='ocr_par' dir='ltr' id='par_1_92' title="bbox 319 4501 1892 4576">
     <span class='ocr_line' id='line_1_92' title="bbox 319 4501 1892 4576; baseline 0.001 -19"><span class='ocrx_word' id='word_1_685' title='bbox 319 4502 553 4574; x_wconf 81' lang='grc' dir='ltr'>εσπὰρη.</span> <span class='ocrx_word' id='word_1_686' title='bbox 585 4501 695 4554; x_wconf 73' lang='grc' dir='ltr'>Καὶ</span> <span class='ocrx_word' id='word_1_687' title='bbox 733 4501 920 4574; x_wconf 79' lang='grc' dir='ltr'>ὥσπερ</span> <span class='ocrx_word' id='word_1_688' title='bbox 949 4502 1136 4555; x_wconf 80' lang='grc' dir='ltr'>τούτου</span> <span class='ocrx_word' id='word_1_689' title='bbox 1177 4501 1362 4556; x_wconf 78' lang='grc' dir='ltr'>ἕνεκεν</span> <span class='ocrx_word' id='word_1_690' title='bbox 1394 4503 1697 4572; x_wconf 87' lang='grc' dir='ltr'>ἀπαγαγὼν</span> <span class='ocrx_word' id='word_1_691' title='bbox 1743 4507 1892 4576; x_wconf 82' lang='grc' dir='ltr'>ἡμᾶς</span> 
     </span>
    </p>
   </div>
   <div class='ocr_carea' id='block_1_93' title="bbox 1993 4495 3572 4576">
    <p class='ocr_par' dir='ltr' id='par_1_93' title="bbox 2000 4499 3572 4576">
     <span class='ocr_line' id='line_1_93' title="bbox 2000 4499 3572 4576; baseline 0 -20"><span class='ocrx_word' id='word_1_692' title='bbox 2000 4503 2147 4572; x_wconf 84' lang='lat' dir='ltr'><strong>liqua</strong></span> <span class='ocrx_word' id='word_1_693' title='bbox 2176 4500 2412 4576; x_wconf 63' lang='lat' dir='ltr'><strong>Egypto</strong></span> <span class='ocrx_word' id='word_1_694' title='bbox 2435 4499 2794 4557; x_wconf 85' lang='lat' dir='ltr'><strong>conﬂuebant.</strong></span> <span class='ocrx_word' id='word_1_695' title='bbox 2818 4500 2893 4556; x_wconf 87' lang='lat' dir='ltr'><strong>lbi</strong></span> <span class='ocrx_word' id='word_1_696' title='bbox 2924 4515 3138 4572; x_wconf 86' lang='lat' dir='ltr'><strong>quoque</strong></span> <span class='ocrx_word' id='word_1_697' title='bbox 3160 4502 3381 4569; x_wconf 87' lang='lat' dir='ltr'><strong>januam</strong></span> <span class='ocrx_word' id='word_1_698' title='bbox 3415 4499 3572 4556; x_wconf 87' lang='lat' dir='ltr'><strong>nobis</strong></span> 
     </span>
    </p>
   </div>
   <div class='ocr_carea' id='block_1_94' title="bbox 320 4593 1891 4669">
    <p class='ocr_par' dir='ltr' id='par_1_94' title="bbox 320 4593 1891 4669">
     <span class='ocr_line' id='line_1_94' title="bbox 320 4593 1891 4669; baseline 0.003 -23"><span class='ocrx_word' id='word_1_699' title='bbox 320 4595 454 4666; x_wconf 77' lang='grc' dir='ltr'>πρὸς</span> <span class='ocrx_word' id='word_1_700' title='bbox 505 4594 701 4657; x_wconf 70' lang='grc' dir='ltr'>αὐτοὺς</span> <span class='ocrx_word' id='word_1_701' title='bbox 747 4594 777 4646; x_wconf 87' lang='grc' dir='ltr'><strong>ό</strong></span> <span class='ocrx_word' id='word_1_702' title='bbox 832 4593 986 4659; x_wconf 82' lang='grc' dir='ltr'>Θεὸς,</span> <span class='ocrx_word' id='word_1_703' title='bbox 1041 4596 1164 4648; x_wconf 74' lang='grc' dir='ltr'>ἐπεὶ</span> <span class='ocrx_word' id='word_1_704' title='bbox 1213 4595 1311 4666; x_wconf 84' lang='grc' dir='ltr'>τὴν</span> <span class='ocrx_word' id='word_1_705' title='bbox 1365 4595 1639 4650; x_wconf 83' lang='grc' dir='ltr'>διακονίαν</span> <span class='ocrx_word' id='word_1_706' title='bbox 1687 4596 1891 4669; x_wconf 84' lang='grc' dir='ltr'>ταύτην</span> 
     </span>
    </p>
   </div>
   <div class='ocr_carea' id='block_1_95' title="bbox 320 4686 1892 4762">
    <p class='ocr_par' dir='ltr' id='par_1_95' title="bbox 320 4686 1892 4762">
     <span class='ocr_line' id='line_1_95' title="bbox 320 4686 1892 4762; baseline 0.004 -23"><span class='ocrx_word' id='word_1_707' title='bbox 320 4686 734 4758; x_wconf 79' lang='grc' dir='ltr'>ὲπληρὼσαμεν,</span> <span class='ocrx_word' id='word_1_708' title='bbox 768 4686 928 4739; x_wconf 80' lang='grc' dir='ltr'>πάλιν</span> <span class='ocrx_word' id='word_1_709' title='bbox 955 4688 1288 4758; x_wconf 74' lang='grc' dir='ltr'>ἀπαγήοχεν.</span> <span class='ocrx_word' id='word_1_710' title='bbox 1346 4687 1405 4742; x_wconf 92' lang='lat'><strong>&#39;0</strong></span> <span class='ocrx_word' id='word_1_711' title='bbox 1441 4688 1549 4760; x_wconf 80' lang='grc' dir='ltr'>γὰρ</span> <span class='ocrx_word' id='word_1_712' title='bbox 1577 4689 1892 4762; x_wconf 84' lang='grc' dir='ltr'>Αἰμιλιανὸς</span> 
     </span>
    </p>
   </div>
   <div class='ocr_carea' id='block_1_96' title="bbox 391 4863 1890 4932">
    <p class='ocr_par' dir='ltr' id='par_1_96' title="bbox 391 4863 1890 4932">
     <span class='ocr_line' id='line_1_96' title="bbox 391 4863 1890 4932; baseline 0.007 -18"><span class='ocrx_word' id='word_1_713' title='bbox 391 4863 502 4932; x_wconf 78' lang='grc'><strong>(55)</strong></span> <span class='ocrx_word' id='word_1_714' title='bbox 546 4864 883 4930; x_wconf 69' lang='grc' dir='ltr'>Πριιότητος</span> <span class='ocrx_word' id='word_1_715' title='bbox 924 4863 1042 4917; x_wconf 80' lang='grc' dir='ltr'>τῶν</span> <span class='ocrx_word' id='word_1_716' title='bbox 1083 4865 1414 4922; x_wconf 72' lang='grc' dir='ltr'>σεϐαστῶν.</span> <span class='ocrx_word' id='word_1_717' title='bbox 1444 4866 1611 4921; x_wconf 87' lang='lat' dir='ltr'><strong>Codd.</strong></span> <span class='ocrx_word' id='word_1_718' title='bbox 1662 4868 1800 4922; x_wconf 85' lang='lat' dir='ltr'><strong>Med.</strong></span> <span class='ocrx_word' id='word_1_719' title='bbox 1834 4878 1890 4924; x_wconf 84' lang='lat' dir='ltr'><strong>et</strong></span> 
     </span>
    </p>
   </div>
   <div class='ocr_carea' id='block_1_97' title="bbox 320 4933 1780 5006">
    <p class='ocr_par' dir='ltr' id='par_1_97' title="bbox 320 4933 1780 5006">
     <span class='ocr_line' id='line_1_97' title="bbox 320 4933 1780 5006; baseline 0.005 -19"><span class='ocrx_word' id='word_1_720' title='bbox 320 4933 687 5006; x_wconf 66' lang='lat' dir='ltr'><strong>Maz._;uldunt</strong></span> <span class='ocrx_word' id='word_1_721' title='bbox 716 4936 892 5006; x_wconf 75' lang='grc' dir='ltr'>ἡμῶν,</span> <span class='ocrx_word' id='word_1_722' title='bbox 920 4935 1116 5006; x_wconf 62' lang='lat' dir='ltr'><strong>quibus</strong></span> <span class='ocrx_word' id='word_1_723' title='bbox 1153 4938 1424 4990; x_wconf 88' lang='lat' dir='ltr'><strong>consentit</strong></span> <span class='ocrx_word' id='word_1_724' title='bbox 1451 4939 1616 4991; x_wconf 76' lang='lat' dir='ltr'><strong>COIICX</strong></span> <span class='ocrx_word' id='word_1_725' title='bbox 1645 4938 1780 4994; x_wconf 79' lang='lat' dir='ltr'><strong>Fuk.</strong></span> 
     </span>
    </p>
   </div>
   <div class='ocr_carea' id='block_1_98' title="bbox 397 5002 1888 5074">
    <p class='ocr_par' dir='ltr' id='par_1_98' title="bbox 397 5002 1888 5074">
     <span class='ocr_line' id='line_1_98' title="bbox 397 5002 1888 5074; baseline 0.003 -16"><span class='ocrx_word' id='word_1_726' title='bbox 397 5003 510 5073; x_wconf 69' lang='grc' dir='ltr'><strong>(δι)</strong></span> <span class='ocrx_word' id='word_1_727' title='bbox 566 5002 950 5074; x_wconf 66' lang='grc' dir='ltr'>Κοιμήτήριαζ</span> <span class='ocrx_word' id='word_1_728' title='bbox 1005 5002 1181 5059; x_wconf 86' lang='lat' dir='ltr'><strong>Latini</strong></span> <span class='ocrx_word' id='word_1_729' title='bbox 1236 5021 1388 5060; x_wconf 84' lang='lat' dir='ltr'><strong>areas</strong></span> <span class='ocrx_word' id='word_1_730' title='bbox 1453 5014 1761 5073; x_wconf 83' lang='lat' dir='ltr'><strong>vocabant,</strong></span> <span class='ocrx_word' id='word_1_731' title='bbox 1817 5009 1888 5063; x_wconf 88' lang='lat' dir='ltr'><strong>ita</strong></span> 
     </span>
    </p>
   </div>
   <div class='ocr_carea' id='block_1_99' title="bbox 322 5073 1888 5143">
    <p class='ocr_par' dir='ltr' id='par_1_99' title="bbox 322 5073 1888 5143">
     <span class='ocr_line' id='line_1_99' title="bbox 322 5073 1888 5143; baseline 0.004 -15"><span class='ocrx_word' id='word_1_732' title='bbox 322 5073 684 5128; x_wconf 82' lang='lat' dir='ltr'><strong>Tertullianus</strong></span> <span class='ocrx_word' id='word_1_733' title='bbox 743 5080 794 5128; x_wconf 92' lang='lat' dir='ltr'><strong>in</strong></span> <span class='ocrx_word' id='word_1_734' title='bbox 847 5077 983 5129; x_wconf 91' lang='lat' dir='ltr'><strong>libro</strong></span> <span class='ocrx_word' id='word_1_735' title='bbox 1027 5076 1096 5128; x_wconf 85' lang='lat' dir='ltr'><strong>ad</strong></span> <span class='ocrx_word' id='word_1_736' title='bbox 1136 5075 1454 5143; x_wconf 77' lang='lat' dir='ltr'><strong>Scapulam,</strong></span> <span class='ocrx_word' id='word_1_737' title='bbox 1505 5088 1560 5132; x_wconf 92' lang='lat' dir='ltr'><strong>et</strong></span> <span class='ocrx_word' id='word_1_738' title='bbox 1604 5079 1655 5132; x_wconf 92' lang='lat' dir='ltr'><strong>in</strong></span> <span class='ocrx_word' id='word_1_739' title='bbox 1706 5079 1888 5135; x_wconf 86' lang='lat' dir='ltr'><strong>Gestis</strong></span> 
     </span>
    </p>
   </div>
   <div class='ocr_carea' id='block_1_100' title="bbox 323 5144 1892 5220">
    <p class='ocr_par' dir='ltr' id='par_1_100' title="bbox 323 5144 1892 5220">
     <span class='ocr_line' id='line_1_100' title="bbox 323 5144 1892 5220; baseline 0.004 -26"><span class='ocrx_word' id='word_1_740' title='bbox 323 5146 661 5220; x_wconf 76' lang='lat' dir='ltr'><strong>purgationis</strong></span> <span class='ocrx_word' id='word_1_741' title='bbox 694 5145 967 5220; x_wconf 58' lang='lat' dir='ltr'><strong>Cgeciliatti</strong></span> <span class='ocrx_word' id='word_1_742' title='bbox 995 5144 1372 5220; x_wconf 70' lang='lat' dir='ltr'><strong>:_N¢_mt_cives</strong></span> <span class='ocrx_word' id='word_1_743' title='bbox 1417 5147 1473 5200; x_wconf 81' lang='lat' dir='ltr'><strong>in</strong></span> <span class='ocrx_word' id='word_1_744' title='bbox 1522 5165 1645 5220; x_wconf 70' lang='lat' dir='ltr'><strong>area</strong></span> <span class='ocrx_word' id='word_1_745' title='bbox 1694 5160 1892 5220; x_wconf 80' lang='lat' dir='ltr'><strong>marty-</strong></span> 
     </span>
    </p>
   </div>
   <div class='ocr_carea' id='block_1_101' title="bbox 324 5213 1892 5285">
    <p class='ocr_par' dir='ltr' id='par_1_101' title="bbox 324 5213 1892 5285">
     <span class='ocr_line' id='line_1_101' title="bbox 324 5213 1892 5285; baseline 0.006 -20"><span class='ocrx_word' id='word_1_746' title='bbox 324 5230 439 5285; x_wconf 70' lang='lat' dir='ltr'><strong>rum</strong></span> <span class='ocrx_word' id='word_1_747' title='bbox 487 5214 697 5285; x_wconf 10' lang='lat' dir='ltr'><strong>[nierum</strong></span> <span class='ocrx_word' id='word_1_748' title='bbox 732 5215 944 5269; x_wconf 66' lang='lat' dir='ltr'><strong>inclusi.</strong></span> <span class='ocrx_word' id='word_1_749' title='bbox 996 5215 1063 5269; x_wconf 87' lang='lat' dir='ltr'><strong>Et</strong></span> <span class='ocrx_word' id='word_1_750' title='bbox 1107 5217 1158 5269; x_wconf 90' lang='lat' dir='ltr'><strong>itt</strong></span> <span class='ocrx_word' id='word_1_751' title='bbox 1187 5213 1355 5272; x_wconf 68' lang='lat' dir='ltr'><strong>Cesti;</strong></span> <span class='ocrx_word' id='word_1_752' title='bbox 1399 5218 1734 5285; x_wconf 73' lang='lat' dir='ltr'><strong>purgationis</strong></span> <span class='ocrx_word' id='word_1_753' title='bbox 1785 5213 1892 5274; x_wconf 72' lang='lat' dir='ltr'><strong>Fe-</strong></span> 
     </span>
    </p>
   </div>
   <div class='ocr_carea' id='block_1_102' title="bbox 324 5284 1891 5356">
    <p class='ocr_par' dir='ltr' id='par_1_102' title="bbox 324 5284 1891 5356">
     <span class='ocr_line' id='line_1_102' title="bbox 324 5284 1891 5356; baseline 0.006 -20"><span class='ocrx_word' id='word_1_754' title='bbox 324 5284 446 5356; x_wconf 87' lang='lat' dir='ltr'><strong>licis</strong></span> <span class='ocrx_word' id='word_1_755' title='bbox 485 5303 500 5340; x_wconf 88' lang='lat'><strong>:</strong></span> <span class='ocrx_word' id='word_1_756' title='bbox 537 5284 707 5338; x_wconf 77' lang='lat' dir='ltr'><strong>Tollat</strong></span> <span class='ocrx_word' id='word_1_757' title='bbox 749 5287 940 5356; x_wconf 81' lang='lat' dir='ltr'><strong>aliquis</strong></span> <span class='ocrx_word' id='word_1_758' title='bbox 982 5287 1047 5343; x_wconf 84' lang='lat' dir='ltr'><strong>de</strong></span> <span class='ocrx_word' id='word_1_759' title='bbox 1091 5289 1273 5342; x_wconf 77' lang='lat' dir='ltr'><strong>vestris</strong></span> <span class='ocrx_word' id='word_1_760' title='bbox 1315 5291 1369 5342; x_wconf 84' lang='lat' dir='ltr'><strong>in</strong></span> <span class='ocrx_word' id='word_1_761' title='bbox 1401 5284 1606 5356; x_wconf 14' lang='lat' dir='ltr'><strong>faream,</strong></span> <span class='ocrx_word' id='word_1_762' title='bbox 1644 5291 1730 5344; x_wconf 84' lang='lat' dir='ltr'><strong>ubi</strong></span> <span class='ocrx_word' id='word_1_763' title='bbox 1765 5308 1891 5345; x_wconf 86' lang='lat' dir='ltr'><strong>ora-</strong></span> 
     </span>
    </p>
   </div>
   <div class='ocr_carea' id='block_1_103' title="bbox 325 5355 710 5424">
    <p class='ocr_par' dir='ltr' id='par_1_103' title="bbox 325 5355 710 5424">
     <span class='ocr_line' id='line_1_103' title="bbox 325 5355 710 5424; baseline -0.003 -14"><span class='ocrx_word' id='word_1_764' title='bbox 325 5355 489 5410; x_wconf 74' lang='lat' dir='ltr'><strong>tiones</strong></span> <span class='ocrx_word' id='word_1_765' title='bbox 515 5357 710 5424; x_wconf 76' lang='lat' dir='ltr'><strong>facitis.</strong></span> 
     </span>
    </p>
   </div>
   <div class='ocr_carea' id='block_1_104' title="bbox 397 5422 1894 5497">
    <p class='ocr_par' dir='ltr' id='par_1_104' title="bbox 397 5422 1894 5497">
     <span class='ocr_line' id='line_1_104' title="bbox 397 5422 1894 5497; baseline 0.004 -17"><span class='ocrx_word' id='word_1_766' title='bbox 397 5422 736 5497; x_wconf 26' lang='lat' dir='ltr'><strong>(55)‘Ilot&#39;ar</strong></span> <span class='ocrx_word' id='word_1_767' title='bbox 785 5422 903 5482; x_wconf 81' lang='grc' dir='ltr'><strong>οὖν</strong></span> <span class='ocrx_word' id='word_1_768' title='bbox 941 5427 1048 5486; x_wconf 74' lang='grc' dir='ltr'>ἔτι.</span> <span class='ocrx_word' id='word_1_769' title='bbox 1096 5426 1470 5483; x_wconf 83' lang='lat' dir='ltr'><strong>Accusabatur</strong></span> <span class='ocrx_word' id='word_1_770' title='bbox 1517 5429 1724 5486; x_wconf 88' lang='lat' dir='ltr'><strong>scilicet</strong></span> <span class='ocrx_word' id='word_1_771' title='bbox 1769 5431 1894 5486; x_wconf 84' lang='lat' dir='ltr'><strong>Dio-</strong></span> 
     </span>
    </p>
   </div>
   <div class='ocr_carea' id='block_1_105' title="bbox 328 5496 1889 5568">
    <p class='ocr_par' dir='ltr' id='par_1_105' title="bbox 328 5496 1889 5568">
     <span class='ocr_line' id='line_1_105' title="bbox 328 5496 1889 5568; baseline 0.004 -19"><span class='ocrx_word' id='word_1_772' title='bbox 328 5496 515 5568; x_wconf 82' lang='lat' dir='ltr'><strong>nysius</strong></span> <span class='ocrx_word' id='word_1_773' title='bbox 560 5513 589 5550; x_wconf 90' lang='lat' dir='ltr'><strong>a</strong></span> <span class='ocrx_word' id='word_1_774' title='bbox 624 5496 914 5559; x_wconf 81' lang='lat' dir='ltr'><strong>Germano,</strong></span> <span class='ocrx_word' id='word_1_775' title='bbox 956 5498 1097 5566; x_wconf 89' lang='lat' dir='ltr'><strong>quod</strong></span> <span class='ocrx_word' id='word_1_776' title='bbox 1153 5509 1447 5553; x_wconf 82' lang='lat' dir='ltr'><strong>conventus</strong></span> <span class='ocrx_word' id='word_1_777' title='bbox 1497 5500 1727 5555; x_wconf 84' lang='lat' dir='ltr'><strong>fratrum</strong></span> <span class='ocrx_word' id='word_1_778' title='bbox 1782 5517 1889 5557; x_wconf 90' lang='lat' dir='ltr'><strong>non</strong></span> 
     </span>
    </p>
   </div>
   <div class='ocr_carea' id='block_1_106' title="bbox 329 5566 1890 5642">
    <p class='ocr_par' dir='ltr' id='par_1_106' title="bbox 329 5566 1890 5642">
     <span class='ocr_line' id='line_1_106' title="bbox 329 5566 1890 5642; baseline 0.003 -21"><span class='ocrx_word' id='word_1_779' title='bbox 329 5566 608 5642; x_wconf 69' lang='lat' dir='ltr'><strong>habuisset</strong></span> <span class='ocrx_word' id='word_1_780' title='bbox 653 5577 778 5622; x_wconf 91' lang='lat' dir='ltr'><strong>ante</strong></span> <span class='ocrx_word' id='word_1_781' title='bbox 829 5581 1076 5642; x_wconf 82' lang='lat' dir='ltr'><strong>exortam</strong></span> <span class='ocrx_word' id='word_1_782' title='bbox 1111 5572 1578 5642; x_wconf 67' lang='lat' dir='ltr'><strong>persecutionem,</strong></span> <span class='ocrx_word' id='word_1_783' title='bbox 1622 5573 1716 5625; x_wconf 88' lang='lat' dir='ltr'><strong>sed</strong></span> <span class='ocrx_word' id='word_1_784' title='bbox 1765 5572 1890 5642; x_wconf 80' lang='lat' dir='ltr'><strong>fuga</strong></span> 
     </span>
    </p>
   </div>
   <div class='ocr_carea' id='block_1_107' title="bbox 327 5638 1890 5710">
    <p class='ocr_par' dir='ltr' id='par_1_107' title="bbox 327 5638 1890 5710">
     <span class='ocr_line' id='line_1_107' title="bbox 327 5638 1890 5710; baseline 0.003 -19"><span class='ocrx_word' id='word_1_785' title='bbox 327 5638 488 5691; x_wconf 78' lang='lat' dir='ltr'><strong>Sztltlli</strong></span> <span class='ocrx_word' id='word_1_786' title='bbox 539 5653 650 5710; x_wconf 71' lang='lat' dir='ltr'><strong>sure</strong></span> <span class='ocrx_word' id='word_1_787' title='bbox 707 5641 1094 5710; x_wconf 70' lang='lat' dir='ltr'><strong>prospexisset.</strong></span> <span class='ocrx_word' id='word_1_788' title='bbox 1141 5639 1364 5704; x_wconf 90' lang='lat' dir='ltr'><strong>Quoties</strong></span> <span class='ocrx_word' id='word_1_789' title='bbox 1412 5643 1554 5694; x_wconf 88' lang='lat' dir='ltr'><strong>enim</strong></span> <span class='ocrx_word' id='word_1_790' title='bbox 1609 5638 1890 5710; x_wconf 69' lang='lat' dir='ltr'><strong>ingruebat</strong></span> 
     </span>
    </p>
   </div>
   <div class='ocr_carea' id='block_1_108' title="bbox 329 5708 1891 5780">
    <p class='ocr_par' dir='ltr' id='par_1_108' title="bbox 329 5708 1891 5780">
     <span class='ocr_line' id='line_1_108' title="bbox 329 5708 1891 5780; baseline 0.006 -23"><span class='ocrx_word' id='word_1_791' title='bbox 329 5709 656 5775; x_wconf 76' lang='lat' dir='ltr'><strong>persecutio,</strong></span> <span class='ocrx_word' id='word_1_792' title='bbox 701 5709 945 5763; x_wconf 78' lang='lat' dir='ltr'><strong>solebant</strong></span> <span class='ocrx_word' id='word_1_793' title='bbox 991 5708 1143 5772; x_wconf 90' lang='lat' dir='ltr'><strong>prius</strong></span> <span class='ocrx_word' id='word_1_794' title='bbox 1177 5711 1411 5779; x_wconf 83' lang='lat' dir='ltr'><strong>episcopi</strong></span> <span class='ocrx_word' id='word_1_795' title='bbox 1460 5708 1710 5780; x_wconf 82' lang='lat' dir='ltr'><strong>populum</strong></span> <span class='ocrx_word' id='word_1_796' title='bbox 1759 5729 1891 5768; x_wconf 86' lang='lat' dir='ltr'><strong>cou-</strong></span> 
     </span>
    </p>
   </div>
   <div class='ocr_carea' id='block_1_109' title="bbox 333 5780 1886 5849">
    <p class='ocr_par' dir='ltr' id='par_1_109' title="bbox 333 5780 1886 5849">
     <span class='ocr_line' id='line_1_109' title="bbox 333 5780 1886 5849; baseline 0.005 -13"><span class='ocrx_word' id='word_1_797' title='bbox 333 5793 575 5849; x_wconf 72' lang='lat' dir='ltr'><strong>grcgare,</strong></span> <span class='ocrx_word' id='word_1_798' title='bbox 621 5789 678 5836; x_wconf 84' lang='lat' dir='ltr'><strong>ut</strong></span> <span class='ocrx_word' id='word_1_799' title='bbox 709 5796 829 5840; x_wconf 81' lang='lat' dir='ltr'><strong>eum</strong></span> <span class='ocrx_word' id='word_1_800' title='bbox 864 5780 931 5838; x_wconf 82' lang='lat' dir='ltr'><strong>ad</strong></span> <span class='ocrx_word' id='word_1_801' title='bbox 980 5780 1315 5839; x_wconf 77' lang='lat' dir='ltr'><strong>retinendam</strong></span> <span class='ocrx_word' id='word_1_802' title='bbox 1353 5783 1553 5840; x_wconf 74' lang='lat' dir='ltr'><strong>L‘ltt&#39;isti</strong></span> <span class='ocrx_word' id='word_1_803' title='bbox 1593 5783 1750 5842; x_wconf 75' lang='lat' dir='ltr'><strong>(idem</strong></span> <span class='ocrx_word' id='word_1_804' title='bbox 1796 5799 1886 5841; x_wconf 73' lang='lat' dir='ltr'><strong>ex-</strong></span> 
     </span>
    </p>
   </div>
   <div class='ocr_carea' id='block_1_110' title="bbox 1996 4593 3569 4664">
    <p class='ocr_par' dir='ltr' id='par_1_110' title="bbox 1996 4593 3569 4664">
     <span class='ocr_line' id='line_1_110' title="bbox 1996 4593 3569 4664; baseline 0 -16"><span class='ocrx_word' id='word_1_805' title='bbox 1996 4594 2256 4664; x_wconf 88' lang='lat' dir='ltr'><strong>patel‘ecit</strong></span> <span class='ocrx_word' id='word_1_806' title='bbox 2280 4593 2422 4649; x_wconf 87' lang='lat' dir='ltr'><strong>Deus</strong></span> <span class='ocrx_word' id='word_1_807' title='bbox 2452 4594 2519 4648; x_wconf 90' lang='lat' dir='ltr'><strong>ad</strong></span> <span class='ocrx_word' id='word_1_808' title='bbox 2561 4593 2999 4661; x_wconf 64' lang='lat' dir='ltr'><strong>praedicationem</strong></span> <span class='ocrx_word' id='word_1_809' title='bbox 3035 4595 3180 4648; x_wconf 82' lang='lat' dir='ltr'><strong>verbi</strong></span> <span class='ocrx_word' id='word_1_810' title='bbox 3227 4596 3334 4650; x_wconf 91' lang='lat' dir='ltr'><strong>sui.</strong></span> <span class='ocrx_word' id='word_1_811' title='bbox 3370 4595 3435 4650; x_wconf 86' lang='lat' dir='ltr'><strong>Et</strong></span> <span class='ocrx_word' id='word_1_812' title='bbox 3466 4595 3569 4649; x_wconf 91' lang='lat' dir='ltr'><strong>ini-</strong></span> 
     </span>
    </p>
   </div>
   <div class='ocr_carea' id='block_1_111' title="bbox 1996 4685 3574 4759">
    <p class='ocr_par' dir='ltr' id='par_1_111' title="bbox 1996 4685 3574 4759">
     <span class='ocr_line' id='line_1_111' title="bbox 1996 4685 3574 4759; baseline -0.001 -15"><span class='ocrx_word' id='word_1_813' title='bbox 1996 4689 2072 4744; x_wconf 93' lang='lat' dir='ltr'><strong>tio</strong></span> <span class='ocrx_word' id='word_1_814' title='bbox 2100 4688 2320 4759; x_wconf 89' lang='lat' dir='ltr'><strong>quidem</strong></span> <span class='ocrx_word' id='word_1_815' title='bbox 2349 4686 2784 4758; x_wconf 89' lang='lat' dir='ltr'><strong>persecutionem</strong></span> <span class='ocrx_word' id='word_1_816' title='bbox 2812 4685 2958 4757; x_wconf 87' lang='lat' dir='ltr'><strong>passi</strong></span> <span class='ocrx_word' id='word_1_817' title='bbox 3009 4699 3065 4742; x_wconf 91' lang='lat' dir='ltr'><strong>et</strong></span> <span class='ocrx_word' id='word_1_818' title='bbox 3098 4686 3366 4756; x_wconf 84' lang='lat' dir='ltr'><strong>lapidibus</strong></span> <span class='ocrx_word' id='word_1_819' title='bbox 3384 4687 3574 4756; x_wconf 85' lang='lat' dir='ltr'><strong>.impe-</strong></span> 
     </span>
    </p>
   </div>
   <div class='ocr_carea' id='block_1_112' title="bbox 1996 4865 3574 4925">
    <p class='ocr_par' dir='ltr' id='par_1_112' title="bbox 1996 4865 3574 4925">
     <span class='ocr_line' id='line_1_112' title="bbox 1996 4865 3574 4925; baseline 0.001 -2"><span class='ocrx_word' id='word_1_820' title='bbox 1996 4870 2367 4925; x_wconf 84' lang='lat' dir='ltr'><strong>hortarentur.</strong></span> <span class='ocrx_word' id='word_1_821' title='bbox 2439 4867 2642 4922; x_wconf 83' lang='lat' dir='ltr'><strong>Deinde</strong></span> <span class='ocrx_word' id='word_1_822' title='bbox 2721 4865 2954 4920; x_wconf 79' lang='lat' dir='ltr'><strong>infantes</strong></span> <span class='ocrx_word' id='word_1_823' title='bbox 3015 4877 3070 4922; x_wconf 86' lang='lat' dir='ltr'><strong>et</strong></span> <span class='ocrx_word' id='word_1_824' title='bbox 3147 4871 3574 4924; x_wconf 80' lang='lat' dir='ltr'><strong>catechumenos</strong></span> 
     </span>
    </p>
   </div>
   <div class='ocr_carea' id='block_1_113' title="bbox 1996 4938 3572 5008">
    <p class='ocr_par' dir='ltr' id='par_1_113' title="bbox 1996 4938 3572 5008">
     <span class='ocr_line' id='line_1_113' title="bbox 1996 4938 3572 5008; baseline -0.001 -16"><span class='ocrx_word' id='word_1_825' title='bbox 1996 4940 2361 5007; x_wconf 68' lang='lat' dir='ltr'><strong>baptizabant.</strong></span> <span class='ocrx_word' id='word_1_826' title='bbox 2397 4956 2463 4992; x_wconf 87' lang='lat' dir='ltr'><strong>ne</strong></span> <span class='ocrx_word' id='word_1_827' title='bbox 2508 4939 2626 4991; x_wconf 81' lang='lat' dir='ltr'><strong>sine</strong></span> <span class='ocrx_word' id='word_1_828' title='bbox 2671 4939 2940 5006; x_wconf 84' lang='lat' dir='ltr'><strong>baptismo</strong></span> <span class='ocrx_word' id='word_1_829' title='bbox 2979 4953 3044 4991; x_wconf 83' lang='lat' dir='ltr'><strong>ex</strong></span> <span class='ocrx_word' id='word_1_830' title='bbox 3086 4939 3189 4993; x_wconf 86' lang='lat' dir='ltr'><strong>hac</strong></span> <span class='ocrx_word' id='word_1_831' title='bbox 3224 4939 3330 4992; x_wconf 85' lang='lat' dir='ltr'><strong>vita</strong></span> <span class='ocrx_word' id='word_1_832' title='bbox 3367 4938 3572 5008; x_wconf 79' lang='lat' dir='ltr'><strong>migra-</strong></span> 
     </span>
    </p>
   </div>
   <div class='ocr_carea' id='block_1_114' title="bbox 1996 5008 3573 5075">
    <p class='ocr_par' dir='ltr' id='par_1_114' title="bbox 1996 5008 3573 5075">
     <span class='ocr_line' id='line_1_114' title="bbox 1996 5008 3573 5075; baseline 0.001 -12"><span class='ocrx_word' id='word_1_833' title='bbox 1996 5021 2158 5075; x_wconf 80' lang='lat' dir='ltr'><strong>rent;</strong></span> <span class='ocrx_word' id='word_1_834' title='bbox 2199 5019 2252 5063; x_wconf 89' lang='lat' dir='ltr'><strong>et</strong></span> <span class='ocrx_word' id='word_1_835' title='bbox 2301 5008 2702 5063; x_wconf 75' lang='lat' dir='ltr'><strong>Eucltztristiam</strong></span> <span class='ocrx_word' id='word_1_836' title='bbox 2753 5009 3000 5061; x_wconf 85' lang='lat' dir='ltr'><strong>lidelibus</strong></span> <span class='ocrx_word' id='word_1_837' title='bbox 3049 5010 3402 5073; x_wconf 86' lang='lat' dir='ltr'><strong>dividebant,</strong></span> <span class='ocrx_word' id='word_1_838' title='bbox 3449 5025 3573 5064; x_wconf 82' lang='lat' dir='ltr'><strong>cunt</strong></span> 
     </span>
    </p>
   </div>
   <div class='ocr_carea' id='block_1_115' title="bbox 2001 5077 3566 5147">
    <p class='ocr_par' dir='ltr' id='par_1_115' title="bbox 2001 5077 3566 5147">
     <span class='ocr_line' id='line_1_115' title="bbox 2001 5077 3566 5147; baseline 0.001 -15"><span class='ocrx_word' id='word_1_839' title='bbox 2001 5082 2268 5134; x_wconf 87' lang='lat' dir='ltr'><strong>incertum</strong></span> <span class='ocrx_word' id='word_1_840' title='bbox 2299 5090 2441 5134; x_wconf 82' lang='lat' dir='ltr'><strong>esset</strong></span> <span class='ocrx_word' id='word_1_841' title='bbox 2492 5077 2724 5144; x_wconf 86' lang='lat' dir='ltr'><strong>quanditt</strong></span> <span class='ocrx_word' id='word_1_842' title='bbox 2754 5078 3013 5147; x_wconf 81' lang='lat' dir='ltr'><strong>duratura</strong></span> <span class='ocrx_word' id='word_1_843' title='bbox 3049 5089 3197 5134; x_wconf 75' lang='lat' dir='ltr'><strong>esset</strong></span> <span class='ocrx_word' id='word_1_844' title='bbox 3238 5081 3566 5147; x_wconf 88' lang='lat' dir='ltr'><strong>persecutio.</strong></span> 
     </span>
    </p>
   </div>
   <div class='ocr_carea' id='block_1_116' title="bbox 2001 5146 3573 5217">
    <p class='ocr_par' dir='ltr' id='par_1_116' title="bbox 2001 5146 3573 5217">
     <span class='ocr_line' id='line_1_116' title="bbox 2001 5146 3573 5217; baseline 0.003 -17"><span class='ocrx_word' id='word_1_845' title='bbox 2001 5150 2169 5216; x_wconf 88' lang='lat' dir='ltr'><strong>Quem</strong></span> <span class='ocrx_word' id='word_1_846' title='bbox 2221 5165 2425 5203; x_wconf 83' lang='lat' dir='ltr'><strong>morem</strong></span> <span class='ocrx_word' id='word_1_847' title='bbox 2461 5148 2642 5202; x_wconf 87' lang='lat' dir='ltr'><strong>docuit</strong></span> <span class='ocrx_word' id='word_1_848' title='bbox 2685 5163 2784 5202; x_wconf 88' lang='lat' dir='ltr'><strong>nos</strong></span> <span class='ocrx_word' id='word_1_849' title='bbox 2832 5146 3032 5202; x_wconf 81' lang='lat' dir='ltr'><strong>factum</strong></span> <span class='ocrx_word' id='word_1_850' title='bbox 3082 5146 3334 5205; x_wconf 87' lang='lat' dir='ltr'><strong>Dorotltei</strong></span> <span class='ocrx_word' id='word_1_851' title='bbox 3391 5148 3573 5217; x_wconf 89' lang='lat' dir='ltr'><strong>cujus-</strong></span> 
     </span>
    </p>
   </div>
   <div class='ocr_carea' id='block_1_117' title="bbox 2001 5217 3563 5291">
    <p class='ocr_par' dir='ltr' id='par_1_117' title="bbox 2001 5217 3563 5291">
     <span class='ocr_line' id='line_1_117' title="bbox 2001 5217 3563 5291; baseline -0.008 -17"><span class='ocrx_word' id='word_1_852' title='bbox 2001 5225 2121 5274; x_wconf 88' lang='lat' dir='ltr'><strong>dam</strong></span> <span class='ocrx_word' id='word_1_853' title='bbox 2178 5219 2678 5291; x_wconf 80' lang='lat' dir='ltr'><strong>Tltessalonicensis</strong></span> <span class='ocrx_word' id='word_1_854' title='bbox 2740 5217 3020 5291; x_wconf 86' lang='lat' dir='ltr'><strong>episcopi,</strong></span> <span class='ocrx_word' id='word_1_855' title='bbox 3075 5221 3411 5291; x_wconf 86' lang='lat' dir='ltr'><strong>temporibus</strong></span> <span class='ocrx_word' id='word_1_856' title='bbox 3459 5220 3563 5291; x_wconf 57' lang='lat' dir='ltr'><strong>tn-</strong></span> 
     </span>
    </p>
   </div>
   <div class='ocr_carea' id='block_1_118' title="bbox 2000 5289 3572 5360">
    <p class='ocr_par' dir='ltr' id='par_1_118' title="bbox 2000 5289 3572 5360">
     <span class='ocr_line' id='line_1_118' title="bbox 2000 5289 3572 5360; baseline 0.001 -18"><span class='ocrx_word' id='word_1_857' title='bbox 2000 5291 2150 5354; x_wconf 88' lang='lat' dir='ltr'><strong>stini,</strong></span> <span class='ocrx_word' id='word_1_858' title='bbox 2186 5291 2327 5360; x_wconf 88' lang='lat' dir='ltr'><strong>quod</strong></span> <span class='ocrx_word' id='word_1_859' title='bbox 2364 5291 2601 5343; x_wconf 77' lang='lat' dir='ltr'><strong>refertur</strong></span> <span class='ocrx_word' id='word_1_860' title='bbox 2634 5289 2686 5342; x_wconf 92' lang='lat' dir='ltr'><strong>in</strong></span> <span class='ocrx_word' id='word_1_861' title='bbox 2739 5290 3084 5360; x_wconf 72' lang='lat' dir='ltr'><strong>suggestione</strong></span> <span class='ocrx_word' id='word_1_862' title='bbox 3129 5289 3418 5360; x_wconf 78' lang='lat' dir='ltr'><strong>Germani,</strong></span> <span class='ocrx_word' id='word_1_863' title='bbox 3467 5290 3572 5346; x_wconf 85' lang='lat' dir='ltr'><strong>Fc-</strong></span> 
     </span>
    </p>
   </div>
   <div class='ocr_carea' id='block_1_119' title="bbox 1998 5359 3571 5486">
    <p class='ocr_par' dir='ltr' id='par_1_119' title="bbox 1998 5359 3571 5486">
     <span class='ocr_line' id='line_1_119' title="bbox 2000 5359 3571 5426; baseline 0 -12"><span class='ocrx_word' id='word_1_864' title='bbox 2000 5360 2118 5415; x_wconf 82' lang='lat' dir='ltr'><strong>licis</strong></span> <span class='ocrx_word' id='word_1_865' title='bbox 2161 5359 2217 5415; x_wconf 86' lang='lat' dir='ltr'><strong>et</strong></span> <span class='ocrx_word' id='word_1_866' title='bbox 2264 5360 2543 5426; x_wconf 86' lang='lat' dir='ltr'><strong>Dioscori,</strong></span> <span class='ocrx_word' id='word_1_867' title='bbox 2584 5360 2751 5414; x_wconf 87' lang='lat' dir='ltr'><strong>missa</strong></span> <span class='ocrx_word' id='word_1_868' title='bbox 2797 5359 2865 5414; x_wconf 88' lang='lat' dir='ltr'><strong>ad</strong></span> <span class='ocrx_word' id='word_1_869' title='bbox 2912 5359 3256 5418; x_wconf 86' lang='lat' dir='ltr'><strong>ﬂormisdam</strong></span> <span class='ocrx_word' id='word_1_870' title='bbox 3287 5359 3393 5415; x_wconf 89' lang='lat' dir='ltr'><strong>PP.</strong></span> <span class='ocrx_word' id='word_1_871' title='bbox 3427 5377 3571 5416; x_wconf 89' lang='lat' dir='ltr'><strong>anno</strong></span> 
     </span>
     <span class='ocr_line' id='line_1_120' title="bbox 1998 5431 2362 5486; baseline 0 0"><span class='ocrx_word' id='word_1_872' title='bbox 1998 5431 2197 5486; x_wconf 80' lang='lat' dir='ltr'><strong>Christi</strong></span> <span class='ocrx_word' id='word_1_873' title='bbox 2236 5431 2362 5486; x_wconf 82' lang='lat' dir='ltr'><strong>5l9.</strong></span> 
     </span>
    </p>
   </div>
   <div class='ocr_carea' id='block_1_120' title="bbox 2046 5432 2362 5486">
    <p class='ocr_par' dir='ltr' id='par_1_120' title="bbox 2046 5432 2362 5486">
     <span class='ocr_line' id='line_1_121' title="bbox 2046 5432 2362 5486; baseline 0.006 -2"><span class='ocrx_word' id='word_1_874' title='bbox 2046 5432 2197 5486; x_wconf 81' lang='lat' dir='ltr'><strong>ltristi</strong></span> <span class='ocrx_word' id='word_1_875' title='bbox 2236 5432 2362 5486; x_wconf 77' lang='grc'><strong>519.</strong></span> 
     </span>
    </p>
   </div>
   <div class='ocr_carea' id='block_1_121' title="bbox 2070 5498 3570 5572">
    <p class='ocr_par' dir='ltr' id='par_1_121' title="bbox 2070 5498 3570 5572">
     <span class='ocr_line' id='line_1_122' title="bbox 2070 5498 3570 5572; baseline 0.001 -17"><span class='ocrx_word' id='word_1_876' title='bbox 2070 5501 2204 5572; x_wconf 60' lang='grc'>(56)</span> <span class='ocrx_word' id='word_1_877' title='bbox 2235 5499 2432 5556; x_wconf 80' lang='grc' dir='ltr'>Ἀπὼν</span> <span class='ocrx_word' id='word_1_878' title='bbox 2452 5571 2463 5572; x_wconf 17' lang='grc' dir='ltr'>ί</span> <span class='ocrx_word' id='word_1_879' title='bbox 2473 5499 2592 5570; x_wconf 81' lang='grc' dir='ltr'><strong>μὲν</strong></span> <span class='ocrx_word' id='word_1_880' title='bbox 2626 5498 2708 5564; x_wconf 79' lang='grc' dir='ltr'>τῷ</span> <span class='ocrx_word' id='word_1_881' title='bbox 2755 5499 3007 5570; x_wconf 83' lang='grc' dir='ltr'>σώματι,</span> <span class='ocrx_word' id='word_1_882' title='bbox 3029 5501 3109 5570; x_wconf 84' lang='grc' dir='ltr'>ὡς</span> <span class='ocrx_word' id='word_1_883' title='bbox 3139 5498 3349 5572; x_wconf 70' lang='grc' dir='ltr'>εἰπεῖν.</span> <span class='ocrx_word' id='word_1_884' title='bbox 3381 5499 3472 5557; x_wconf 87' lang='lat' dir='ltr'><strong>Sic</strong></span> <span class='ocrx_word' id='word_1_885' title='bbox 3515 5501 3570 5556; x_wconf 89' lang='lat' dir='ltr'><strong>in</strong></span> 
     </span>
    </p>
   </div>
   <div class='ocr_carea' id='block_1_122' title="bbox 1997 5569 3565 5644">
    <p class='ocr_par' dir='ltr' id='par_1_122' title="bbox 1997 5569 3565 5644">
     <span class='ocr_line' id='line_1_123' title="bbox 1997 5569 3565 5644; baseline 0.001 -17"><span class='ocrx_word' id='word_1_886' title='bbox 1997 5569 2330 5644; x_wconf 50' lang='lat' dir='ltr'><strong>codd.&#39;Maz.</strong></span> <span class='ocrx_word' id='word_1_887' title='bbox 2363 5582 2426 5644; x_wconf 38' lang='lat' dir='ltr'><strong>et.</strong></span> <span class='ocrx_word' id='word_1_888' title='bbox 2449 5569 2904 5644; x_wconf 73' lang='lat' dir='ltr'><strong>Med.scribitu_r.</strong></span> <span class='ocrx_word' id='word_1_889' title='bbox 2945 5569 3098 5644; x_wconf 75' lang='lat' dir='ltr'><strong>Vulg.</strong></span> <span class='ocrx_word' id='word_1_890' title='bbox 3129 5569 3302 5626; x_wconf 82' lang='grc' dir='ltr'>εἷπον.</span> <span class='ocrx_word' id='word_1_891' title='bbox 3338 5573 3396 5627; x_wconf 87' lang='grc' dir='ltr'><strong>Ιιι</strong></span> <span class='ocrx_word' id='word_1_892' title='bbox 3432 5572 3565 5628; x_wconf 80' lang='lat' dir='ltr'><strong>Fuk.</strong></span> 
     </span>
    </p>
   </div>
   <div class='ocr_carea' id='block_1_123' title="bbox 1997 5639 3566 5716">
    <p class='ocr_par' dir='ltr' id='par_1_123' title="bbox 1997 5639 3566 5716">
     <span class='ocr_line' id='line_1_124' title="bbox 1997 5639 3566 5716; baseline 0.001 -20"><span class='ocrx_word' id='word_1_893' title='bbox 1997 5654 2052 5716; x_wconf 85' lang='lat' dir='ltr'><strong>et</strong></span> <span class='ocrx_word' id='word_1_894' title='bbox 2099 5643 2264 5716; x_wconf 80' lang='lat' dir='ltr'><strong>Savil.</strong></span> <span class='ocrx_word' id='word_1_895' title='bbox 2297 5639 2557 5716; x_wconf 84' lang='lat' dir='ltr'><strong>scriptum</strong></span> <span class='ocrx_word' id='word_1_896' title='bbox 2608 5643 2790 5716; x_wconf 80' lang='lat' dir='ltr'><strong>inveni</strong></span> <span class='ocrx_word' id='word_1_897' title='bbox 2823 5642 2904 5716; x_wconf 71' lang='grc' dir='ltr'><strong>Δὡς</strong></span> <span class='ocrx_word' id='word_1_898' title='bbox 2957 5639 3108 5697; x_wconf 76' lang='grc' dir='ltr'>εἶπεν</span> <span class='ocrx_word' id='word_1_899' title='bbox 3161 5647 3190 5698; x_wconf 90' lang='grc' dir='ltr'><em>ὀ</em></span> <span class='ocrx_word' id='word_1_900' title='bbox 3227 5644 3566 5716; x_wconf 79' lang='grc' dir='ltr'>Ἀπόστολος.</span> 
     </span>
    </p>
   </div>
   <div class='ocr_carea' id='block_1_124' title="bbox 1998 5713 3568 5788">
    <p class='ocr_par' dir='ltr' id='par_1_124' title="bbox 1998 5713 3568 5788">
     <span class='ocr_line' id='line_1_125' title="bbox 1998 5713 3568 5788; baseline 0.003 -20"><span class='ocrx_word' id='word_1_901' title='bbox 1998 5715 2158 5788; x_wconf 73' lang='lat' dir='ltr'><strong>Certe</strong></span> <span class='ocrx_word' id='word_1_902' title='bbox 2188 5713 2375 5788; x_wconf 77' lang='lat' dir='ltr'><strong>alludit</strong></span> <span class='ocrx_word' id='word_1_903' title='bbox 2405 5713 2697 5783; x_wconf 84' lang='lat' dir='ltr'><strong>Dionysius</strong></span> <span class='ocrx_word' id='word_1_904' title='bbox 2727 5714 2794 5770; x_wconf 87' lang='lat' dir='ltr'><strong>ad</strong></span> <span class='ocrx_word' id='word_1_905' title='bbox 2820 5713 2997 5770; x_wconf 86' lang='lat' dir='ltr'><strong>locum</strong></span> <span class='ocrx_word' id='word_1_906' title='bbox 3027 5716 3268 5785; x_wconf 78' lang='lat' dir='ltr'><strong>Apostoli</strong></span> <span class='ocrx_word' id='word_1_907' title='bbox 3297 5715 3350 5770; x_wconf 88' lang='lat' dir='ltr'><strong>itt</strong></span> <span class='ocrx_word' id='word_1_908' title='bbox 3387 5713 3568 5788; x_wconf 76' lang='lat' dir='ltr'><strong>priore</strong></span> 
     </span>
    </p>
   </div>
   <div class='ocr_carea' id='block_1_125' title="bbox 1998 5785 2585 5856">
    <p class='ocr_par' dir='ltr' id='par_1_125' title="bbox 1998 5785 2585 5856">
     <span class='ocr_line' id='line_1_126' title="bbox 1998 5785 2585 5856; baseline 0.003 -16"><span class='ocrx_word' id='word_1_909' title='bbox 1998 5785 2063 5840; x_wconf 86' lang='lat' dir='ltr'><strong>ad</strong></span> <span class='ocrx_word' id='word_1_910' title='bbox 2099 5785 2347 5845; x_wconf 77' lang='lat' dir='ltr'><strong>Corinth.</strong></span> <span class='ocrx_word' id='word_1_911' title='bbox 2385 5798 2503 5856; x_wconf 83' lang='lat' dir='ltr'><strong>cap.</strong></span> <span class='ocrx_word' id='word_1_912' title='bbox 2537 5799 2585 5842; x_wconf 86' lang='lat' dir='ltr'><strong>v.</strong></span> 
     </span>
    </p>
   </div>
  </div>
