4132 6418
560 274 665 330 667

1268 273 1539 331 EUSEBII
1572 275 2044 336 CESARIENSIS
2081 280 2232 337 ()PP.
2275 281 2452 338 PARS
2490 282 2530 336 ι.
2572 314 2640 325 -—
2678 278 3066 337 HlSTORICA.

3696 278 3796 333 668

563 397 644 451 liti
664 408 870 450 sumus.
901 391 1247 449 Postmodum
1272 411 1402 451 vero
1432 412 1535 451 non
1557 398 1712 467 pauci
1739 416 1803 453 ex
1827 400 2114 469 gentilibus

2241 405 2319 466 είς
2353 402 2714 477 τραχυτέρους
2751 402 2870 472 μὲν,
2905 401 2980 463 ὡς
3014 398 3207 460 ἐδόκει,
3258 397 3350 451 καὶ
3393 396 3798 467 Λιϐυκωτέρους

562 489 767 543 relictis
796 489 1126 552 simulacris,
1155 488 1220 542 ad
1281 488 1448 543 Deum
1482 491 1732 545 conversi
1790 500 1934 546 sunt.
1985 492 2135 549 Tunc

560 581 705 635 enim
732 582 964 651 primum
989 583 1131 650 apud
1168 580 1285 635 illos
1314 581 1466 636 verbi
1501 582 1668 636 divini
1700 598 1795 653 per
1822 599 1920 639 nos
1948 600 2134 654 sparsa

560 681 688 730 sunt
710 673 942 738 semina,
990 686 1112 727 cum
1174 673 1315 726 illud
1374 681 1532 726 antea
1590 688 1693 728 non
1748 677 2131 745 suscepissent.

560 765 640 821 Ae
704 779 927 834 prorsus
977 766 1134 836 quasi
1190 766 1328 820 Deus
1352 765 1468 835 ejus
1494 768 1570 821 rei
1599 782 1763 822 causa
1789 783 1889 822 nos
1918 769 1984 823 ad
2016 769 2135 825 illos

560 856 926 927 perduxisset,
982 866 1267 928 postquam
1313 858 1443 912 illud
1486 859 1847 914 ministerium
1891 860 2155 926 implevi-v

564 967 702 1014 mus,
736 952 931 1005 iterum
964 965 1065 1005 nos
1094 951 1203 1005 alio
1228 952 1527 1007 transtulit.
1561 952 1768 1006 Etenim
1804 950 2134 1008 Ailmilianus

488 1030 489 1033 A
559 1043 613 1096 in
670 1044 946 1111 asperiora
989 1043 1233 1111 qumdam
1267 1043 1403 1109 loca,
1456 1052 1511 1097 et
1566 1053 1624 1096 ut
1664 1044 1917 1098 credebat
1965 1044 2134 1111 magis

516 1132 780 1204 ,Libyca,
838 1148 936 1188 nos
991 1143 1370 1203 transportare
1421 1134 1728 1189 constituit.
1799 1134 1867 1188 Et
1923 1134 2159 1189 cunctis.

558 1225 918 1295 undecunque
960 1226 1027 1280 ad
1077 1226 1424 1282 Mareoticam
1455 1226 1831 1297 praefecturam
1848 1226 2123 1282 conﬂuere

553 1318 737 1388 jussis,
770 1321 918 1374 vicos
949 1334 1045 1388 per
1072 1319 1350 1388 regionem
1397 1318 1545 1373 illam
1590 1318 1868 1386 dispersos
1904 1316 2131 1385 singulis

557 1412 856 1481 assignavit
882 1429 896 1466 :
923 1426 1019 1467 nos
1035 1427 1163 1467 vero
1178 1412 1347 1481 magis
1368 1411 1435 1464 ad
1456 1412 1594 1465 viam
1619 1409 1911 1479 publicam,
1943 1418 1999 1463 ut
2016 1410 2129 1481 pri-

556 1505 629 1560 mi
663 1504 1266 1573 comprehenderemur,
1290 1503 1594 1558 collocavit.
1623 1503 1678 1558 ld
1704 1503 1846 1558 enim
1864 1503 2131 1573 praecipue

556 1600 754 1666 agebat
786 1614 848 1653 ac
878 1598 1223 1665 moliebatur,
1280 1606 1339 1652 ut
1373 1597 1809 1666 quandocunque
1851 1596 2126 1661 voluisset,

554 1704 746 1745 omnes
779 1689 926 1745 nullo
955 1690 1169 1761 negotio
1192 1690 1310 1759 capi
1361 1703 1679 1758 possemus.
1709 1689 1819 1758 Ego
1850 1703 1976 1744 vero
2004 1703 2125 1743 cum

553 1780 768 1850 Cepbro
807 1782 1041 1852 primum
1076 1780 1435 1848 abirejussus
1464 1795 1605 1847 sum,
1659 1782 1871 1837 tametsi
1905 1782 2122 1836 ubinam

553 1874 705 1928 locus
732 1873 821 1931 ille
846 1874 985 1928 situs
1022 1883 1190 1937 esset,
1211 1874 1551 1943 ignorabam,
1581 1875 1780 1945 quippe
1805 1874 1899 1944 qui
1935 1888 2001 1928 ne
2028 1887 2125 1927 no-

556 1982 678 2022 men
710 1967 927 2036 quidem
969 1966 1113 2021 illius
1155 1975 1314 2022 antea
1365 1966 1479 2023 fere
1512 1969 1881 2033 audivissem;
1920 1965 2123 2020 nihilo-

554 2060 736 2114 minus
766 2059 933 2114 alacri
965 2057 1343 2126 constantique
1379 2058 1561 2113 animo
1605 2057 1847 2127 perrexi.
1900 2056 2123 2110 Postea-

553 2167 716 2221 quam
753 2166 887 2206 vero
924 2151 1054 2205 mibi
1085 2151 1456 2205 renuntiatum
1503 2159 1585 2205 est
1616 2160 1672 2203 ut
1722 2151 1788 2203 ad
1827 2148 2123 2203 Colluthio-

551 2247 637 2300 nis
672 2245 950 2315 regionem
979 2247 1292 2313 migrarent,
1325 2253 1528 2298 norunt
1565 2244 1599 2297 ii
1624 2243 1716 2312 qui
1750 2252 1861 2297 tmn
1890 2256 2122 2309 praasen-

553 2345 631 2389 tes
654 2336 879 2390 aderant
908 2338 1180 2404 quomodo
1232 2335 1457 2391 affectus
1509 2336 1688 2389 animo
1745 2334 1963 2390 fuerim.
2026 2332 2123 2388 llic

550 2429 693 2483 enim
735 2427 1108 2496 memetipsum
1126 2428 1416 2483 accusabo.
1446 2428 1721 2497 Principio
1739 2428 1958 2497 quidem
1978 2442 2121 2496 aegre

547 2519 838 2574 admodum
869 2534 934 2573 ac
961 2519 1186 2572 moleste
1224 2520 1343 2575 tuli.
1388 2520 1498 2574 Etsi
1531 2520 1677 2575 enim
1707 2520 1858 2590 regio
1891 2519 1979 2572 illa
2025 2536 2122 2573 nu-

547 2614 657 2668 tior
683 2614 836 2668 nobis
864 2613 1147 2682 magisque
1194 2611 1481 2666 familiaris
1512 2621 1632 2666 erat
1676 2627 1837 2682 quam
1882 2610 2117 2681 Cephro,

546 2716 725 2760 tamen
762 2704 1024 2759 fratribus
1051 2719 1113 2758 ae
1136 2704 1321 2773 probis
1363 2705 1495 2759 viris
1547 2719 1754 2760 vacuus
1793 2719 1913 2758 esse
1969 2703 2119 2757 locus

549 2796 854 2860 dicebatur,
882 2804 936 2850 et
974 2796 1242 2849 viatorum
1282 2795 1455 2849 turbis
1507 2795 1894 2864 latronumque
1933 2793 2116 2846 incur-

546 2886 794 2942 sionibus
816 2886 1103 2941 obnoxius.
1140 2883 1245 2939 Sed
1280 2883 1506 2936 nmltmn
1556 2884 1687 2937 mihi
1731 2878 2118 2938 consolationis

545 2978 750 3042 attulit,
778 2978 920 3047 quod
953 2977 1149 3031 fratres
1177 2991 1264 3029 me
1295 2977 1712 3038 admonuerunt,
1747 2976 1924 3028 locum
1965 2971 2113 3026 illum

2235 497 2380 566 ἡμᾶς
2412 496 2974 566 μεταστῆσαι-τόπους
3008 492 3272 561 ἐϐουλήθη
3298 509 3312 522 ’
3341 493 3433 543 καὶ
3454 492 3582 553 τοὺς
3611 506 3801 542 παντα-

2235 587 2357 657 χόσε
2404 588 2483 650 εἰς
2538 586 2627 639 τὸν
2676 585 2976 658 Μαρεώτην
3027 584 3278 637 ἐκέλευσε
3323 585 3561 652 συρρεῖν,
3613 579 3799 649 κώμας

2235 679 2483 739 ἑκάστοις
2514 677 2620 731 τῶν
2668 678 2806 731 κατὰ
2853 676 3033 748 χώραν
3073 675 3356 746 ἀφορίσας,
3401 675 3548 745 ἡμᾶς
3576 674 3633 726 δὲ
3671 671 3799 743 μάλ-

2233 771 2322 825 λον
2359 774 2416 825 ὲν
2446 770 2548 841 ὁδῷ
2576 772 2669 824 καὶ
2700 768 2947 841 πρώτους
2977 766 3559 838 καταληφθησομένους
3591 763 3797 830 ἔταξεν.

2246 864 2524 936 ’ῼκονόμει
2555 863 2663 934 γὰρ
2697 861 2939 932 δηλονότι
2968 862 3059 913 καὶ
3098 858 3526 930 παρεσκεύαζεν,
3561 858 3646 911 ἵνα
3676 856 3799 909 ὀπός

2232 977 2330 1012 ταν
2384 957 2668 1028 βουληθείη
2718 955 3021 1018 συλλαϐεῖν,
3067 954 3273 1016 πάντας
3319 951 3621 1014 εὐαλώτους
3668 940 3796 1020 ἔχοι.

2246 1048 2385 1117 Ἐγὼ
2414 1048 2468 1101 δὲ
2500 1050 2588 1101 ὅτε
2627 1048 2723 1118 μὲν
2751 1049 2831 1109 εἰς
2863 1044 3097 1116 Κεφρὼν
3127 1042 3497 1113 κεκελευσμην
3529 1041 3795 1104 ἀπελθεῖν,

2233 1142 2326 1193 καὶ
2366 1140 2455 1194 τὸν
2490 1140 2651 1193 τόπον
2680 1139 2907 1209 ἠγνόουν
2946 1139 3069 1191 ὅποι
3116 1137 3247 1189 ποτὲ
3287 1131 3439 1199 οὗτός
3479 1138 3646 1199 ἐστιν,
3682 1132 3797 1187 οὐδὲ

2232 1233 2291 1285 τὸ
2322 1231 2490 1303 ὄνομα
2522 1231 2707 1301 σχεδὸν
2736 1230 2996 1302 πρότερον
3027 1227 3308 1298 ἀκηκοὼς’
3339 1228 3431 1281 καὶ
3456 1228 3607 1297 ὅμως
3646 1225 3797 1280 εὐθύη

2236 1342 2350 1394 μως
2382 1324 2476 1376 καὶ
2508 1324 2796 1395 ἀταράχως
2828 1323 3042 1394 ἀπῄειν.
3094 1321 3245 1375 Ἐπεὶ
3275 1320 3330 1373 δὲ
3366 1317 3798 1391 μετασκηνώσειν
3856 1374 3857 1377 η

2231 1419 2311 1480 είς
2342 1418 2408 1470 τὰ
2448 1417 2844 1481 Κολλουθίωνος
2873 1418 2983 1487 (57)
3033 1416 3318 1486 ἀπηγγέλη
3373 1428 3485 1485 μοι,
3530 1412 3704 1465 ἴσασιν
3750 1410 3797 1463 οἱ

2230 1510 2495 1579 παρόντες
2527 1510 2674 1571 ὅπως
2706 1507 2975 1580 διετέθην·
3014 1506 3245 1560 ἐνταῦθα
3274 1505 3381 1575 γὰρ
3404 1503 3640 1575 ἐμαυτοῦ
3675 1519 3798 1555 κατ-

2231 1604 2505 1674 ηγορήσω.
2554 1602 2627 1655 Τὸ
2670 1603 2767 1673 μὲν
2820 1600 3031 1672 πρῶτον
3074 1599 3343 1671 ἠχθέσθην
3385 1600 3481 1651 καὶ
3516 1597 3637 1649 λίαν
3679 1597 3798 1665 ὲχα-

2231 1693 2469 1765 λέπηνα’
2506 1695 2601 1747 καὶ
2632 1694 2738 1766 γὰρ
2775 1696 2824 1746 εἰ
2861 1692 3268 1765 γνωριμώτεροι
3299 1691 3395 1744 καὶ
3424 1689 3795 1760 συνηθέστεροι

2154 1768 2198 1823 Β
2229 1786 2521 1856 ἐτύγχανον
2564 1788 2695 1857 ἡμῖν
2732 1787 2782 1839 οἱ
2810 1785 2982 1850 τόποι,
3024 1784 3136 1838 ἀλλ’
3182 1784 3386 1855 ἔρημον
3431 1783 3530 1853 μὲν
3559 1778 3796 1848 ἀδελφῶν

2228 1878 2321 1931 καὶ
2361 1877 2661 1931 σπουδαίων
2691 1875 2992 1948 ἀνθρώπων
3022 1875 3255 1944 ἔφασκον
3291 1870 3429 1926 εἶναι
3470 1872 3531 1925 τὸ
3583 1870 3794 1942 χωρίον,

2225 1971 2342 2032 ταῖς
2390 1969 2446 2022 δὲ
2478 1968 2588 2024 τῶν
2633 1968 3054 2038 ὁδοιπορούντων
3096 1966 3407 2036 ὲνοχλήσεσι
3458 1963 3553 2017 καλ⁸
3594 1960 3797 2033 λῃστῶν

2226 2061 2592 2134 καταδρομαῖς
2642 2061 2959 2131 ἐγκείμενον
3001 2057 3134 2128 ('58).
3183 2058 3411 2127 Ἔτυχον
3452 2056 3510 2108 δὲ
3558 2053 3794 2124 παραθυ-

2228 2156 2375 2227 μίας,
2426 2153 2855 2223 ὑπομνησάντων
2904 2167 2969 2220 με
3008 2149 3114 2203 τῶν
3148 2148 3426 2216 ἀδελφῶν,
3467 2148 3550 2200 ὅτι
3596 2145 3796 2215 γειτνιᾷ

2228 2245 2427 2316 μᾶλλον
2465 2247 2529 2315 τῇ
2578 2239 2751 2297 πόλει.
2800 2242 2910 2294 Καὶ
2953 2242 2985 2311 ἠ
3024 2241 3121 2311 μὲν
3161 2238 3395 2310 Kecppt‘ov
3440 2237 3640 2307 πολλὴν
3672 2238 3795 2306 ἡμῖν

2221 2333 2355 2408 ἦγεν
2398 2334 2640 2404 ἀδελφῶν
2682 2333 2789 2385 τῶν
2831 2332 2924 2386 ἀπ’
2962 2330 3238 2399 Αἰγύπτου
3272 2330 3368 2401 τὴν
3403 2328 3682 2399 ἐπιμιξίαν
3725 2326 3796 2389 ὡς

2223 2428 2555 2499 πλατύτερον
2605 2424 2983 2495 ἐκκλησιάζειν
3034 2421 3328 2478 δύνασθαι’
3387 2422 3507 2473 ἐκεῖ
3552 2420 3608 2473 δὲ
3664 2419 3795 2487 πλη-

2224 2520 2493 2592 σιαίτερον
2532 2517 2696 2588 οὔσης
2716 2508 2718 2510 ’
2739 2516 2840 2587 τῆς
2871 2515 3096 2578 πόλεως,
3148 2513 3537 2584 συνεχέστερον
3567 2512 3667 2581 τῆς
3693 2510 3794 2564 τῶν

2220 2614 2388 2678 ὅντως
2446 2610 2745 2681 ἀγαπητῶν
2802 2611 2894 2662 καὶ
2957 2608 3300 2662 οἰκειοτάτων
3364 2607 3461 2660 καὶ
3534 2606 3794 2675 φιλτάτων

2220 2705 2394 2775 ὅψεως
2440 2701 2838 2771 ἀπολαύσομεν.
2899 2699 3202 2769 Ἀφίξονται
3248 2698 3355 2768 γὰρ
3410 2699 3506 2750 καὶ
3558 2694 3794 2750 ἀναπαύ-

2222 2813 2423 2860 σονται,
2471 2795 2565 2849 καὶ
2617 2794 2692 2857 ὼς
2734 2796 2791 2846 ἐν
2850 2791 3187 2864 προαστείοις
3240 2790 3576 2862 πορρωτέρω
3616 2786 3796 2856 κειμέ-

2218 2907 2350 2953 νοις,
2411 2887 2552 2941 κατά
2636 2886 2796 2958 μέρος
2850 2884 3059 2938 ἔσονται
3118 2881 3426 2950 συναγωγαί
3506 2882 3635 2950 (59).
3692 2877 3795 2930 Καὶ

2217 2982 2389 3044 οὕτως
2462 2980 2695 3049 ἐγένετο.
2780 2997 2798 3030 ι
2877 2977 2985 3030 Καὶ
3060 2974 3178 3047 μεθ’
3248 2975 3441 3044 ἕτερα,
3510 2973 3638 3044 περὶ
3693 2971 3793 3021 τῶν

544 3072 821 3128 ενοίνίιειιο
855 3071 1076 3141 propius
1108 3071 1321 3123 ahcsse.
1373 3068 1560 3133 Itaque
1608 3067 1856 3134 quamvis
1897 3061 2113 3132 Cephro

2220 3073 2637 3144 συμϐεϐηκότων
2688 3070 2837 3141 αὑτῷ
2884 3066 3038 3133 αὖθις
3087 3066 3258 3122 ταῦτα
3304 3067 3539 3139 γράψει’
3600 3087 3617 3116 ι
3674 3063 3794 3116 Πολ-

544 3164 836 3218 maximam
868 3162 1024 3217 nobis
1065 3162 1461 3218 multitudinem
1495 3163 1722 3216 fratrum
1770 3172 1837 3211 ex
1878 3153 2113 3225 [Egyplo

544 3252 924 3309 confluentium
957 3254 1288 3319 adduxisset,
1323 3253 1461 3309 adeo
1508 3263 1567 3306 ut
1598 3251 1776 3305 laxius
1825 3249 1935 3320 jam
1986 3261 2115 3301 con-

542 3355 737 3400 ventus
760 3360 922 3413 agere
951 3359 1232 3415 possemus
1262 3363 1275 3399 :
1314 3344 1423 3399 illic
1456 3351 1631 3396 tamen
1666 3344 1737 3399 ob
1780 3339 2114 3395 vicinitatem

543 3438 718 3504 urbis,
742 3437 1192 3492 cbarissimorum
1221 3446 1276 3491 et
1328 3435 1892 3503 conjunctissimorum
1934 3428 2113 3487 homi-

542 3543 670 3581 num
699 3540 921 3598 aspectu
952 3528 1195 3583 crebrius
1227 3543 1324 3582 nos
1368 3528 1587 3584 aiebant
1612 3541 1733 3582 esse
1780 3526 1943 3597 260
1974 3526 2110 3581 frui—

615 3643 728 3713 (37)
760 3643 861 3715 7Tb
925 3644 1396 3711 Κολλουθίωνος.
1464 3644 1826 3715 Supplendum
1895 3645 2109 3699 videtur

546 3714 842 3787 μέρηᾉὸιο
880 3730 1037 3783 supra
1085 3718 1219 3787 dixit
1252 3714 1551 3787 Dionysius,
1576 3716 1641 3768 τὰ
1676 3716 1815 3787 μέρη
1857 3719 1959 3785 τῆς
2010 3719 2107 3770 Λι-

541 3785 696 3857 ρύης.
730 3785 857 3838 Erat
881 3796 1059 3857 autem
1083 3786 1345 3857 hiclocus
1373 3785 1422 3839 in
1450 3785 2104 3857 Mareotica‘prmfgtura.

544 3854 642 3928 Sic
680 3856 841 3908 etiam
892 3855 959 3908 τὰ
1014 3855 1268 3928 βουκόλου
1300 3866 1542 3928 “tractus
1599 3857 1820 3923 quidam
1885 3855 2104 3928 Egypti

544 3927 845 3989 dicebatur,
890 3942 918 3978 a
972 3927 1187 3979 nomine
1234 3926 1440 3980 scilicet
1500 3928 1840 3980 dominortnn
1902 3926 2005 3995 qui
2043 3945 2107 3981 ea

544 3995 659 4049 loca
705 3997 831 4050 olim
885 3998 1259 4065 pOSSederant.
1305 3998 1457 4064 Apud
1501 3995 1860 4063 Nicephorum
1908 3997 2110 4052 Κολου-

545 4064 675 4122 θίων
710 4067 797 4121 hic
819 4064 970 4120 locus
1010 4067 1206 4119 dicitur
1233 4082 1353 4119 cum
1386 4068 1615 4133 simplici
1658 4068 1899 4132 lamhda;
1946 4084 2106 4135 quant

540 4138 862 4206 Scriptorum
897 4138 1177 4206 rectiOrem
1202 4146 1349 4203 puto.
1378 4134 1509 4188 Nam
1544 4135 1883 4189 Κολλουθίων
1911 4134 2103 4190 nomen

541 4217 626 4260 est
654 4204 931 4276 deﬂexum
973 4221 1001 4256 a
1038 4205 1289 4276 Colutlto,
1331 4207 1420 4270 qui
1466 4221 1659 4259 nomen
1707 4206 1806 4257 fuit
1850 4207 2104 4276 frequens

543 4278 685 4343 apud
723 4275 1025 4345 .Egyptios.
1067 4274 1225 4329 Certe
1259 4278 1330 4329 ita
1374 4275 1549 4345 dictus
1585 4285 1668 4328 est
1697 4285 1849 4343 poeta
1882 4274 2102 4345 quidam

540 4347 769 4399 celebris
829 4344 1161 4413 temporibus
1203 4344 1511 4409 Anastasii,
1553 4347 1815 4399 oriundus
1857 4344 1921 4399 ex
1969 4346 2107 4400 Thc-

539 4416 718 4479 haide,
766 4427 826 4469 ut
876 4425 1104 4468 testatur
1138 4415 1352 4469 Suidas.
1399 4413 1524 4468 Fuit
1572 4425 1628 4468 et
1676 4415 1815 4468 alter
1848 4416 2107 4471 Coluthus

539 4485 924 4539 Schismaticns
948 4485 998 4537 in
1025 4484 1261 4554 {Egypto
1295 4485 1623 4552 temporibus
1654 4487 1832 4554 magni
1870 4488 2107 4539 Anasta-

538 4556 602 4607 sii
626 4593 640 4616 ,
685 4555 839 4622 cujus
880 4556 1071 4608 crebra
1106 4556 1157 4607 lit
1190 4556 1390 4608 mentio
1424 4555 1473 4606 in
1509 4556 1625 4622 ejus
1658 4556 1931 4623 Apologia.
1975 4556 2105 4611 Eum

540 4624 854 4678 Acoluthum
906 4635 1062 4679 vocat
1115 4625 1410 4696 Gregorius
1475 4625 1749 4696 Nysseuus
1800 4629 1850 4680 in
1916 4627 2012 4681 tib.
2053 4643 2106 4681 ιι

537 4706 717 4747 contra
752 4696 1085 4750 Eunomium.

610 4764 721 4837 (58)
762 4765 1168 4836 Καταδρομαῖς
1187 4765 1552 4836 ἐγκείμενον.
1580 4767 1932 4822 Scribendum
1977 4777 2108 4837 puto

539 4833 873 4906 ἐκκείμενον.

611 4905 724 4980 (ἓξ9)
761 4908 922 4980 Κατὰ
944 4906 1192 4976 μέρος..ζ
1218 4910 1575 4980 συναγωγαί.
1606 4910 1826 4975 Quoties
1850 4909 2107 4963 suburbia

538 4975 699 5058 paulo
730 4975 1019 5058 remotiOra
1047 4991 1201 5033 erant
1248 4980 1316 5058 ab
1358 4975 1510 5045 urbe,
1544 4980 1585 5058 ii.
1612 4982 1716 5058 qui
1742 4981 1802 5058 in_
1832 4980 2107 5058 sulin‘rbiis

539 5046 644 5099 illis
678 5048 984 5111 manebant,
1012 5064 1115 5101 non
1150 5051 1484 5119 cogebantur
1521 5050 1585 5103 ad
1616 5046 1835 5119 majoris
1861 5050 2107 5104 ecclesiae

538 5127 836 5188 conventus
881 5119 1176 5183 accedere,
1218 5122 1311 5174 sed
1364 5121 1416 5173 in
1451 5136 1518 5175 eo
1551 5122 1810 5174 suburbio
1874 5121 2107 5188 partien—

539 5187 682 5258 iares
729 5189 928 5241 fiebant
975 5200 1274 5243 conventus
1310 5191 1361 5244 in
1415 5191 1593 5258 aliqua
1629 5187 1884 5252 basilica,
1918 5203 2012 5244 aut
2050 5191 2101 5244 in

538 5257 658 5332 loco
699 5259 766 5311 ad
810 5259 911 5332 hoc
955 5260 1221 5332 agendum
1260 5260 1472 5315 idoneo.
1511 5257 1566 5314 ld
1617 5263 1819 5332 exihoc
1863 5262 2102 5332 Dionysii

540 5328 660 5382 loco
706 5329 988 5400 manifeste
1019 5331 1310 5398 colligitur,
1357 5346 1515 5400 quem
1562 5346 1661 5384 nec
1697 5330 1969 5385 Masculus
2000 5328 2104 5388 nec

538 5399 1061 5468 (Jltristophorsonus
1093 5399 1489 5466 intellexerunt,
1519 5401 1609 5454 sed
1653 5404 1831 5455 omnia
1880 5404 2107 5454 miscue-

537 5477 685 5533 runt,
719 5470 856 5523 adeo
893 5481 950 5523 ut
995 5485 1058 5523 ex
1091 5485 1278 5524 eormn
1328 5473 1777 5539 interpretatione
1814 5470 1945 5523 nihil
1982 5474 2101 5525 sani

537 5541 711 5612 possis
750 5539 964 5612 elicere.
1012 5540 1178 5594 Porro
1211 5540 1510 5612 προάστεια
1548 5539 1730 5595 δι’ωοὶ
1771 5542 1958 5595 dicunt
1997 5559 2100 5596 non

539 5609 709 5664 solum
737 5610 1013 5673 suburbia,
1040 5626 1158 5680 qum
1189 5609 1304 5665 urbi
1334 5611 1617 5679 conjuncta
1646 5621 1789 5673 sunt,
1814 5612 1906 5665 sml
1936 5614 2101 5667 etiam

537 5680 686 5751 ﬁcos
726 5680 860 5734 satis
906 5680 1067 5751 longo
1114 5682 1394 5736 intervallo
1437 5685 1504 5735 ab
1554 5683 1687 5735 urbe
1734 5683 1974 5735 dissitos.
2012 5684 2101 5736 Sic

536 5746 789 5818 Canopus
818 5746 1138 5808 duodecimo
1171 5753 1345 5823 lapide
1379 5753 1583 5809 distans
1610 5755 1675 5808 ab
1709 5754 1844 5808 urbe
1871 5754 2098 5807 Alexan-

2214 3166 2334 3229 λαῖς
2401 3181 2464 3234 γε
2519 3167 2637 3227 ταῖς
2714 3161 3023 3233 ὁμολογίαις
3083 3160 3193 3231 (40)
3259 3158 3537 3230 Γερμανὸς
3588 3155 3792 3227 .σεμνύ‹

2215 3271 2383 3308 νεται.
2423 3252 2602 3306 Πολλά
2633 3269 2696 3321 γε
2738 3253 2911 3304 εἰπεῖν
2945 3250 3058 3321 ἔχει
3109 3250 3230 3303 καθ’
3268 3250 3464 3302 ἑαυτοῦ
3512 3249 3787 3319 γενόμενα.

2219 3349 2390 3410 Ὅσας
2436 3346 2738 3416 ἀριθμῆσαι
2788 3343 3014 3397 δύναται
3072 3344 3199 3413 περὶ
3249 3340 3408 3412 ἡμῶν
3464 3343 3785 3408 ἀποτάσεις,

2215 3437 2526 3509 δημεύσεις,
2563 3433 2905 3507 προγραφὰς,
2941 3432 3292 3505 ὑπαρχόντων
3329 3432 3605 3502 ἁρπαγὰς,
3635 3428 3786 3494 ἀξιω-

2225 3533 2408 3604 μάτων
2458 3527 2742 3590 ἀποθέσεις
2777 3527 2909 3599 (41),
2956 3524 3112 3595 δόξης
3164 3523 3435 3594 κοσμικῆς
3483 3522 3785 3593 ὀλιγωρίας,

2215 3648 2367 3713 dria,
2419 3645 2740 3718 προάστειον
2794 3641 3112 3718 dicitur__ab
3158 3641 3453 3718 Athanasio
3490 3642 3560 3718 _in
3617 3639 3785 3718 libello

2215 3710 2376 3783 qttem
2447 3710 2638 3770 obtulit
2687 3716 2914 3769 concilio
2970 3713 3427 3769 Chalcedonensi.
3487 3710 3579 3766 Sic
3626 3711 3781 3783 etiam

2220 3779 2459 3855 Daphne,
2505 3788 2872 3840 suburbanum
2921 3785 3241 3848 Antiochize,
3276 3783 3565 3855 Achyrona
3625 3779 3783 3833 Nico-

2216 3851 2424 3919 mediae,
2446 3851 2516 3912 'et
2551 3858 2847 3925 Septimum
2881 3855 3078 3909 dicitur
3107 3851 3480 3925 suburbanum
3522 3851 3778 3925 constan-

2214 3930 2495 3993 tinopolis,
2551 3923 2674 3980 licet
2723 3926 2923 3994 aliquot
2968 3940 3223 3993 passuum
3257 3923 3496 3994 millibus
3539 3923 3781 3994 abessent

2215 4001 2282 4051 ab
2313 3987 2418 4052 illis
2456 3987 2791 4050 civitatibus.
2815 3987 3321 4050 Vide-Glossarium
3351 3992 3552 4048 Pitbmi
3588 3992 3639 4044 in
3677 3987 3782 4040 No-

2212 4069 2372 4123 vellus
2410 4068 2613 4121 Iuliani
2663 4066 3040 4129 Autecessoris,
3092 4079 3225 4119 voce
3263 4062 3591 4116 Proustium.
3624 4060 3780 4114 Porro

2212 4156 2276 4191 ex
2318 4140 2421 4192 hoc
2467 4138 2583 4190 loco
2622 4136 2888 4204 colligitur
2920 4146 3081 4189 aetate
3126 4135 3341 4204 quidem
3394 4132 3631 4204 Dionysii
3668 4130 3778 4183 nni-

2214 4224 2332 4261 cam
2366 4209 2541 4261 adhuc
2591 4206 2756 4259 fuisse
2803 4207 3143 4261 Alexandriae
3172 4204 3481 4267 ecclesiam,
3526 4205 3577 4257 in
3621 4214 3776 4271 quam

2213 4293 2405 4351 omnes
2457 4277 2603 4351 urbis
2659 4277 2801 4351 illius
2856 4276 3040 4330 fideles
3075 4275 3344 4351 orationis
3387 4289 3553 4351 causa
3588 4285 3776 4351 conve-

2214 4348 2458 4402 niebant.
2507 4347 2852 4401 Postmodum
2902 4361 3033 4401 vero
3093 4345 3425 4414 temporibus
3466 4341 3774 4414 Athanasii,

2214 4434 2336 4473 cum
2395 4419 2574 4485 plures
2632 4428 2818 4471 essent
2870 4416 3111 4472 ecclesiae
3159 4411 3469 4470 a'diversis
3524 4411 3777 4483 episcopis

2215 4484 2550 4542 Alexandriae
2596 4488 2891 4548 mdilicatm,
2943 4488 3087 4541 cives
3121 4484 3478 4539 Alexandrini
3543 4495 3773 4536 seorsum

2214 4560 2271 4610 in
2306 4560 2533 4612 diversis
2574 4558 2818 4629 ecclesiis
2858 4555 3274 4629 colligebantur,
3305 4555 3447 4629 κατὰ
3490 4554 3657 4629 μέρος
3687 4549 3774 4629 καὶ

2210 4628 2597 4703 διῃρημένως,
2644 4638 2703 4681 ιιι
2754 4623 3011 4703 loquitur“
3053 4628 3392 4703 Athanasius
3427 4623 3502 4680 in,
3531 4623 3773 4703 Apolggia

2211 4692 2390 4767 prima
2439 4702 2504 4752 ad
2538 4692 2972 4762 Constantium,
3023 4698 3123 4751 nisi
3180 4698 3320 4766 quod
3381 4697 3434 4749 in
3488 4692 3769 4767 majoribus

2211 4761 2399 4833 festis,
2443 4769 2657 4824 Pascha:
2705 4769 2911 4823 scilicet
2956 4775 3051 4823 aut
3091 4761 3476 4840 Pentecostes,
3513 4761 3624 4840 non
3679 4761 3768 4840 lie-

2209 4841 2342 4893 haut
2372 4841 2724 4908 particulares
2752 4848 3064 4902 conventus,
3109 4839 3202 4892 sed
3238 4837 3474 4890 universi
3512 4836 3562 4888 in
3612 4836 3771 4897 majo-

2210 4926 2322 4963 rem
2366 4912 2647 4965 ecclesiam
2695 4912 3126 4974 conveniebant,
3181 4918 3240 4961 ut
3292 4908 3495 4961 ibidem
3555 4912 3769 4958 testatur

2206 4982 2554 5035 Athanasius.

2277 5051 2389 5120 (40)
2431 5050 2695 5117 Πολλαῖς
2739 5069 2804 5122 γε
2841 5049 2969 5117 ταῖς
3013 5050 3373 5120 ὁμολογίαις,
3424 5047 3547 5122 [hac
3596 5053 3767 5122 etse-

2207 5111 2427 5189 quéutia
2480 5111 2691 5196 irouice
2731 5111 2983 5196 dicuntur
3015 5111 3059 5174 α’
3093 5111 3542 5196 ῡιοῖιγείῥηριιτιξ
3586 5111 3765 5196 deinde

2205 5185 2524 5262 sequuntur.
2565 5194 2644 5245 sic
2679 5192 2794 5262 lego
2821 5202 2875 5245 et
2908 5185 3268 5262 interpungof:
3305 5190 3483 5262 ῌολλά
3510 5199 3580 5262 γε
3601 5185 3765 5262 εἰπεῖν

2206 5254 2317 5334 ἔχει
2363 5261 2485 5334 καθ]
2515 5261 2709 5334 ἑαυτοῦ
2730 5254 3189 5333 νγενόμεναίόσοῖ
3228 5254 3531 5334 ἀριθμῆσαι
3556 5254 3764 5334 δύναται

2205 5330 2334 5403 περὶ
2371 5331 2544 5402 ἡμῶν.
2585 5333 2747 5403 Certe
2774 5330 2826 5386 in
2855 5330 3220 5386 vetustissimo
3262 5330 3446 5403 codice
3478 5330 3760 5383 Mazariuo,

2205 5401 2323 5469 post
2353 5401 2535 5455 vocem
2570 5401 2728 5472 ἡμῶν
2763 5403 3006 5471 apposita
3049 5412 3134 5457 est
3178 5401 3407 5468 virgula,
3436 5412 3489 5455 et
3525 5407 3665 5472 ante:
3680 5405 3762 5472 vp-

2203 5460 2320 5526 Eem
2347 5474 2475 5536 ὅσας
2514 5460 2730 5541 ponitur
2772 5460 3172 5527 subdistinctio.
3202 5460 3406 5526 Cri-dex—
3425 5482 3600 5525 autem
3630 5460 3754 5518 Fltk.

2202 5544 2565 5596 emendationi
2603 5554 2800 5596 nostra:
2834 5542 2992 5611 plane
3020 5542 3335 5596 subscribit.
3642 5599 3694 5611 Μ

2273 5612 2386 5681 (4⁸)
2439 5602 3217 5683 ’Λξιωμάτωπάποθέσειςε
3261 5611 3395 5667 Hinc
3446 5616 3590 5679 patet
3642 5602 3759 5683 Dio-

2203 5684 2416 5752 nysium
2487 5684 2913 5737 Alexandrinum
2978 5682 3258 5751 splendido
3331 5696 3529 5745 genere
3593 5682 3755 5751 ortu!"

2203 5752 2387 5811 fuisse.
2421 5753 2551 5809 Nam
2588 5754 2818 5825 dignitas
2844 5769 2906 5811 ex
2946 5754 3161 5826 generis
3191 5754 3474 5811 nobilitate
3504 5754 3758 5820 υνωυιιιειθ
