4114 6406
314 293 446 350 66:)

1333 297 1688 354 HlSTORIrE
1728 297 2278 357 ECCIESIASTICAE
2319 303 2450 358 LIB.
2491 303 2600 358 Vll.

3504 291 3605 346 670

318 419 579 472 ἐπαίνων
614 418 952 490 ἡγεμονικῶν
985 419 1076 472 καὶ
1110 419 1468 490 βουλευτικῶν
1502 421 1612 488 (42)
1645 438 1911 490 καταφρο-

2025 430 2194 477 turos.
2224 426 2328 479 Eos
2372 425 2571 492 quippe
2601 435 2924 476 accessuros
2951 420 3129 487 ibique
3159 425 3606 477 commoraturus,

316 513 545 580 νήσεις,
582 511 674 564 καὶ
705 511 811 565 τῶν
844 512 1100 564 ἐναντίων
1133 511 1391 574 ἀπειλῶν,
1417 513 1510 564 καὶ
1534 515 1917 584 καταϐοήσεων

318 603 436 656 καὶ
481 602 758 665 κινδύνων,
812 603 905 656 καὶ
947 603 1201 673 διωγμῶν
1250 605 1345 658 καὶ
1393 604 1600 675 πλάνης
1650 608 1743 659 καὶ
1795 623 1916 659 στε-

315 693 630 762 νοχωρίας,
661 695 754 747 καὶ
787 695 1035 764 ποικίλης
1080 693 1311 763 θλίψεως
1352 696 1656 767 ὑπομονήν;
1703 693 1802 751 υἷα
1851 699 1918 752 τὰ

317 785 431 837 ἐπὶ
473 785 661 838 Δεκίου
698 787 790 839 καὶ
833 787 1059 840 Σαϐίνου
1095 787 1203 856 (45)
1241 788 1522 859 συμόἀντα
1557 806 1666 860 μοι,
1696 785 1786 843 οἷα
1822 790 1918 860 μέ-

318 893 431 946 χρι
471 876 566 929 νῦν
598 876 933 947 Αἰμιλιανοῦ.
967 878 1074 930 Ποῦ
1108 878 1162 932 δὲ
1195 880 1470 952 Γερμανὸς
1505 881 1710 950 eodem;
1754 881 1837 944 τίς
1861 881 1917 934 δὲ

322 969 471 1038 περὶ
516 968 681 1022 αὑτοῦ
728 969 916 1037 λόγος;
979 971 1137 1024 Ἀλλά
1202 972 1303 1042 τῆς
1355 972 1556 1043 πολλῆς
1606 973 1918 1044 ἀφροσύνης

319 1063 416 1122 εἰς
436 1061 504 1130 ἣν
539 1061 796 1129 ἐμπίπτω
815 1061 903 1114 διὰ
934 1062 1230 1133 Γερμανὸν,
1274 1063 1521 1134 ὑφίεμαι·
1570 1063 1650 1116 διὸ
1690 1065 1782 1118 καὶ
1819 1063 1916 1134 τὴν

321 1151 460 1204 καθ’
494 1153 722 1208 ἕκαστον
751 1153 858 1206 τῶν
881 1154 1183 1225 γενομένων
1224 1155 1511 1226 διήγησιν,
1533 1155 1769 1228 παρίημι
1805 1160 1916 1220 τοῖς

322 1245 535 1296 εἱδᾶσιν
579 1245 824 1313 ἀδελφοῖς
867 1245 1065 1313 λέγειν.
1117 1266 1135 1297 ι
1190 1248 1246 1300 Ὁ
1299 1248 1343 1300 δ’
1396 1248 1557 1311 αὐτὸς
1605 1249 1698 1300 καὶ
1745 1251 1801 1301 ὲν
1848 1251 1913 1320 τῇ

323 1335 477 1406 πρὸς
504 1337 758 1406 Δομέτιον
798 1338 890 1390 καὶ
933 1338 1160 1408 Δίδυμον
1208 1338 1460 1410 ἐπιστολῇ
1496 1339 1602 1391 τῶν
1642 1339 1783 1408 ἀμφὶ
1826 1338 1914 1391 τὸν

320 1425 576 1495 διωγμὸν
628 1424 784 1490 αὖθις
839 1429 1163 1498 μνημονεύει
1217 1429 1274 1482 ἐν
1323 1429 1561 1493 τούτοις·
1606 1450 1622 1480 ι
1681 1431 1819 1493 Τοὺς
1860 1430 1916 1482 δὲ

321 1519 640 1590 ἡμετέρους
674 1519 898 1582 πολλούς
929 1537 985 1572 τε
1019 1519 1176 1584 ὄντας
1208 1522 1301 1578 καὶ
1343 1521 1591 1589 ἀγνῶτας
1631 1521 1778 1591 ὑμῖν,
1821 1539 1917 1574 πε-

328 1611 527 1681 ρισσὸν
567 1612 823 1683 ὀνομαστὶ
870 1613 1218 1681 καταλέγειν·
1272 1613 1406 1685 πλὴν
1453 1613 1563 1666 ἴστε
1613 1615 1693 1667 ὅτι
1728 1615 1916 1686 ἄνδρες

325 1703 434 1753 καὶ
467 1706 742 1769 γυναῖκες,
795 1705 887 1757 καὶ
917 1704 1025 1756 νέοι
1055 1704 1149 1757 καὶ
1195 1706 1466 1777 γέροντες,
1501 1708 1593 1763 καὶ
1627 1706 1790 1777 κόραι
1822 1707 1914 1760 καὶ

2020 526 2074 570 et
2109 526 2366 581 tanquam
2398 518 2449 569 in
2483 516 2815 570 suburbanis
2859 511 3264 574 remotioribus,
3311 510 3606 579 particula-

2023 621 2110 659 res
2149 605 2257 660 illic
2314 616 2612 660 conventus
2667 605 2901 658 futuros.
2959 602 3127 670 quue
3176 602 3249 655 ita
3295 600 3542 668 conligit.
3580 617 3599 650 ι

2023 697 2225 751 Deinde
2252 697 2410 766 paulo
2462 706 2581 765 post
2615 696 2681 750 de
2715 695 2800 748 his
2849 710 2970 764 quin
3031 693 3136 748 sibi
3184 693 3498 747 acciderunt
3531 689 3602 742 ita

2019 789 2214 843 scribit
2252 808 2264 843 :
2307 809 2324 841 ι
2364 788 2470 843 Sed
2502 789 2737 843 fortasse
2766 787 3070 842 Germanus
3118 785 3302 839 multis
3329 784 3447 838 iidei
3478 797 3605 836 con-

2020 880 2348 935 fessionibns
2373 880 2684 950 gloriatur;
2725 879 2894 933 multa
2932 879 3230 947 praedicare
3280 885 3456 946 potest
3506 876 3603 929 ad-

2019 987 2208 1027 versus
2231 988 2290 1027 se
2321 982 2491 1042 gesta.
2541 973 2682 1039 Quot
2705 986 2832 1026 vero
2859 985 3183 1025 enumerare
3212 977 3388 1038 potest
3419 968 3603 1036 perin-

2019 1063 2084 1116 de
2116 1073 2278 1132 atque
2322 1079 2454 1132 ego,
2508 1065 2804 1118 sententias
2866 1063 3130 1134 jndicmn,
3193 1061 3602 1130 publicationes,

2018 1155 2478 1224 proscriptiones,
2515 1157 2850 1224 direptiones
2899 1156 3166 1209 bonorum
3204 1171 3217 1206 :
3273 1152 3604 1220 abjectiones

2018 1245 2364 1314 dignitatum,
2398 1256 2736 1312 contemptus
2792 1247 2977 1315 gloriae
3037 1243 3346 1306 saecularis,
3385 1241 3594 1294 laudum

2017 1352 2047 1390 a
2094 1338 2362 1406 prmfectis
2399 1353 2463 1393 ac
2517 1337 2906 1392 decurionibus
2992 1337 3353 1406 prol'ertarum
3408 1334 3593 1400 despe-

2018 1439 2138 1484 ctus
2174 1429 2482 1485 :minarum
2531 1428 2762 1496 denique
2797 1442 2913 1495 quae
2955 1441 3134 1480 coram
3177 1425 3594 1477 intentabantur.

2019 1519 2491 1584 vociferationum,
2519 1519 2920 1582 discriminum,
2953 1517 3418 1586 persecutionum,
3440 1514 3594 1584 fugat,

2017 1627 2380 1665 aerumnarum
2406 1621 2458 1664 et
2477 1609 2886 1680 cujusqnemodi
2924 1608 3194 1662 malorum
3220 1609 3594 1671 tolerantiam;

2021 1704 2322 1773 cujusmodi
2362 1712 2489 1759 sunt
2516 1718 2578 1756 ea
2613 1719 2731 1767 quae.
2755 1703 2855 1757 sub
2893 1700 3056 1755 Decio
3079 1711 3130 1754 et
3155 1700 3376 1764 Sabino,
3407 1708 3593 1768 etquat

326 1794 712 1863 πρεσϐύτιδες,
753 1797 845 1848 καὶ
880 1795 1206 1866 στρατιῶται
1251 1798 1346 1850 καὶ
1400 1798 1627 1862 ἰδιῶται,
1684 1800 1778 1853 καὶ
1812 1802 1911 1853 πᾶν

2031 1797 2082 1850 in
2112 1797 2257 1851 hunc
2289 1811 2459 1864 usque
2505 1796 2645 1849 diem
2679 1794 2780 1849 sub
2833 1794 3128 1849 Emiliano
3163 1793 3316 1848 nobis
3359 1794 3593 1862 contige-

325 1887 496 1955 γένος
540 1889 632 1942 καὶ
683 1891 828 1942 πᾶσα
873 1888 1077 1959 ἡλικία,
1129 1891 1177 1942 oi
1230 1891 1326 1960 μὲν
1371 1889 1459 1943 διὰ
1507 1892 1782 1961 μαστίγων
1826 1892 1918 1945 καὶ

331 1979 534 2050 πυρὸς,
585 1981 633 2032 οἱ
683 1980 740 2032 δὲ
788 1981 876 2034 διὰ
929 1981 1146 2051 σιδήρου
1197 1982 1286 2035 τὸν
1336 1981 1520 2051 ἀγῶνα
1574 1985 1913 2054 νικήσαντες,

326 2074 465 2133 τοὺς
503 2071 794 2138 στεφάνους
839 2071 1206 2140 ἀπειλήφασι·
1251 2075 1365 2136 τοῖς
1415 2074 1471 2126 δὲ
1517 2075 1578 2127 οὐ
1627 2074 1916 2144 πάμπολυς

328 2161 617 2231 αὐτάρκης
648 2161 826 2230 ἀπέϐη
871 2161 1082 2232 χρόνος,
1115 2163 1195 2224 εἰς
1226 2161 1286 2214 τὸ
1320 2163 1552 2233 φανῆναι
1590 2163 1811 2228 δεκτοῦς
1842 2163 1917 2233 τῷ

325 2253 554 2324 Κυρίῳ·
599 2253 787 2324 ὥσπερ
830 2249 920 2305 οῦν
963 2251 1105 2305 ἔοικε
1161 2253 1294 2324 μηδὲ
1337 2256 1458 2325 ἐμοὶ
1517 2255 1547 2308 ὃ
1602 2257 1761 2330 μέχρι
1795 2256 1908 2313 νῦν.

327 2347 539 2416 Διόπερ
568 2347 646 2409 εἰς
667 2346 724 2397 ὃν
758 2341 893 2398 οἶδεν
921 2344 1081 2403 αὐτὸς
1125 2346 1426 2416 ἐπιτήδειον
1475 2347 1664 2419 καιρὸν
1718 2349 1913 2422 ὑπερέ-

331 2437 463 2490 Οετό
500 2454 585 2506 με,
615 2439 643 2489 ὁ
674 2437 862 2503 λέγων’
896 2453 912 2485 ι
940 2437 1129 2508 Καιρῷ
1161 2437 1332 2508 δεκτῷ
1360 2438 1641 2510 ἐπήκουσά
1673 2457 1787 2504 σου,
1822 2443 1914 2496 καὶ

323 2527 393 2580 ὲν
437 2525 625 2597 ἡμέρᾳ.
680 2527 948 2597 σωτηρίας
1002 2528 1274 2599 ἐϐοήθησά
1323 2546 1423 2581 σοι.
1457 2548 1475 2579 ι
1514 2529 1592 2582 Τὰ
1625 2528 1733 2601 γὰρ
1792 2531 1913 2584 καθ’

329 2621 486 2688 ἡμᾶς
533 2618 719 2689 ἐπειδὴ
771 2619 1100 2672 πυνθάνεσθε
1154 2623 1247 2674 καὶ
1307 2620 1556 2691 βούλεσθε
1609 2621 1914 2694 δηλωθῆναι

335 2713 465 2781 ὑμῖν
505 2713 653 2775 ὅπως
693 2713 982 2783 διάγομεν,
1025 2712 1293 2782 ἠκούσατε
1343 2713 1441 2783 μὲν
1495 2715 1731 2778 πάντως,
1769 2716 1915 2778 ὅπως

335 2807 481 2875 ἡμᾶς
509 2805 790 2876 δεσμώτας
824 2807 1201 2876 ἀπαγομένους
1237 2806 1341 2859 ὑπὸ
1381 2807 1778 2877 ἑκατοντάρχου
1822 2808 1916 2860 καὶ

338 2899 658 2970 στρατηγῶν
695 2899 826 2970 (Μ),
864 2902 954 2953 καὶ
972 2900 1078 2953 τῶν
1105 2900 1198 2952 σὺν
1232 2899 1414 2962 αὐτοῖς
1450 2898 1797 2969 στρατιωτῶν
1821 2900 1915 2953 κα)⁸

335 2994 644 3065 ὑπηρετῶν,
682 2994 782 3065 ἐμέ
805 3013 860 3047 τε
891 2996 983 3049 καὶ
1015 2994 1171 3048 Γάϊον
1205 2995 1302 3048 καὶ
1323 2992 1565 3046 Φαῦστον
1595 2994 1688 3047 καὶ
1711 2993 1916 3066 Πέτρον

335 3133 584 3205 ducitur.
619 3133 754 3186 llinc
785 3134 837 3186 in
868 3135 1031 3196 gestis
1079 3135 1415 3203 purgationis
1450 3135 1747 3196 Caeciliani,
1790 3151 1908 3205 quae

2028 1899 2171 1944 runt.
2208 1889 2435 1945 Ubinam
2461 1904 2598 1944 vero
2630 1889 2940 1956 comparuit
2963 1887 3310 1942 Germanus?
3339 1887 3593 1953 Quzenam

2027 1983 2168 2037 iilins
2195 1983 2331 2036 facta
2356 1992 2438 2037 est
2467 1979 2712 2034 mentio?
2748 1979 2940 2032 Verum
2958 1981 3024 2034 ab
3043 1981 3401 2049 imprudentia
3432 1980 3515 2032 illa
3542 1979 3592 2032 in

2024 2089 2184 2142 quam
2213 2072 2467 2126 Germani
2497 2087 2661 2126 causa
2690 2069 2941 2136 delapsus
2968 2085 3104 2132 sum,
3135 2073 3346 2123 tandem
3371 2070 3592 2122 absisto.

2017 2165 2368 2236 Singularum
2428 2165 2589 2234 igitur
2658 2180 2836 2218 rerum
2899 2164 3263 2217 narrationem
3335 2161 3593 2216 fratribus

2014 2259 2104 2329 qui
2153 2257 2518 2326 plenissimam
2600 2266 2876 2326 gestorum
2904 2257 3146 2310 notitiam
3181 2257 3379 2309 habent
3429 2255 3593 2309 relin~

2014 2365 2140 2418 quo.
2192 2369 2209 2400 ι
2271 2349 2443 2402 Porro
2498 2349 2644 2403 idem
2703 2349 2991 2418 Dionysius
3048 2349 3100 2401 in
3151 2347 3376 2417 epistola
3431 2363 3590 2416 quam

2015 2443 2234 2511 scripsit
2268 2442 2332 2495 ad
2390 2443 2684 2497 Domitium
2737 2449 2790 2496 et
2839 2441 3141 2512 Didymum,
3223 2441 3473 2494 nonnulla
3526 2439 3592 2492 ad

2015 2535 2448 2607 persecutionem
2484 2536 2628 2590 illam
2658 2536 2957 2606 spectantia
3013 2549 3201 2588 rursus
3235 2535 3305 2586 ita
3353 2547 3591 2586 comme-

2015 2639 2224 2682 morat:
2268 2646 2286 2678 ι
2321 2625 2546 2683 Nostros
2579 2644 2709 2682 vero
2760 2627 3086 2698 superﬂuum
3140 2635 3224 2680 est
3273 2626 3589 2687 nominatim

2016 2734 2322 2781 recensere,
2351 2734 2472 2773 cum
2515 2729 2569 2772 et
2612 2719 2827 2785 plnritni
2865 2721 2974 2772 sint
3011 2728 3065 2772 et
3090 2717 3241 2771 vobis
3273 2717 3459 2785 ignoti.
3535 2716 3588 2770 1ιί

2018 2819 2223 2864 tantum
2263 2810 2316 2863 in
2369 2809 2681 2864 universum
2735 2813 2878 2864 scire
2923 2825 3020 2863 vos
3051 2811 3324 2870 convenit,
3363 2809 3506 2860 viros
3538 2818 3592 2859 et

2017 2902 2295 2965 mulieres,
2322 2901 2548 2968 juvenes
2573 2919 2634 2956 ac
2659 2917 2838 2969 senes,
2883 2901 3091 2972 puellas
3118 2910 3172 2955 et
3200 2917 3356 2962 anus,
3391 2899 3591 2954 milites

2018 3010 2079 3050 ac
2137 3009 2393 3064 paganos,
2452 3011 2518 3049 ex
2568 2996 2712 3049 omni
2771 2997 3002 3063 denique
3063 2995 3335 3047 hominum
3391 3007 3590 3062 genere

2011 3137 2336 3206 phorsonus,
2370 3153 2542 3205 eaque
2585 3139 2648 3193 de
2682 3155 2842 3194 causa
2893 3154 2991 3208 pro
3039 3136 3362 3208 στρατηγῶν
3405 3153 3586 3190 emen-

328 3214 456 3280 pnst
489 3203 828 3280 collationem
859 3186 1516 3280 Carthaginiensemediia
1937 3186 1977 3242 Ο
2575 3186 2646 3263 ei
2896 3186 3586 3280 ἰιιἶρτξιὲἓῇιίἰῖξ’ξέειξίέέείι

332 3276 699 3341 interrogatus
729 3289 756 3325 a
787 3274 1028 3328 Zenotilo
1052 3276 1360 3339 consulare,
1388 3275 1542 3342 cujus
1585 3275 1910 3330 conditionis

331 3353 507 3403 esset,
547 3345 862 3414 respondit:
895 3344 1174 3414 Professor
1220 3362 1336 3398 sum
1376 3345 1674 3398 litterarum
1719 3345 1914 3400 Romu-

333 3428 549 3464 narum.
589 3413 794 3482 Deinde
838 3413 1201 3482 interrogatus
1237 3415 1390 3480 cujus
1422 3415 1702 3482 dignitatis
1740 3425 1908 3479 esset,

334 3481 620 3541 respondit
649 3496 663 3532 :
704 3479 868 3536 Patre
897 3479 1176 3536 decurione
1210 3479 1781 3548 Constantiniensium,
1817 3502 1913 3538 avo

337 3552 524 3612 milite,
559 3552 651 3611 qui
693 3553 748 3605 in
798 3554 1052 3605 comitatu
1098 3555 1440 3607 militaverat.
1475 3555 1740 3607 Caeterum
1792 3556 1914 3609 Dio-

338 3621 527 3690 nysius
566 3620 995 3693 Alexandrinus,
1047 3634 1333 3693 antequam
1391 3625 1455 3676 ad
1503 3623 1699 3677 Christi
1755 3626 1911 3678 [idem

341 3693 618 3755 transiret,
656 3692 993 3759 professione
1044 3692 1230 3747 rhetor
1265 3694 1460 3755 fuerat,
1503 3703 1561 3746 nt
1604 3694 1759 3747 docet
1805 3694 1914 3746 Ma-

337 3762 867 3833 x_inmsinseholiis
915 3764 978 3815 ad
1029 3763 1229 3817 librum
1281 3763 1518 3833 Dionysii
1568 3764 1911 3832 Areopagitie

337 3830 416 3903 De
445 3831 637 3884 caelesti
659 3833 988 3903 _Iti_erarcltia,
1027 3833 1204 3900 capite
1231 3834 1263 3886 '5
1294 3835 1382 3887 :‘O
1415 3830 1544 3902 γοῦν
1594 3833 1764 3903 μέγας
1791 3830 1911 3886 Διο-

336 3901 520 3964 νύσιος
572 3903 600 3953 ὁ
657 3900 1046 3974 Ἀλεξανδρέων
1107 3900 1435 3970 ἐπίσκοπος,
1485 3905 1514 3956 ὁ
1567 3900 1674 3956 ἀπὸ
1749 3904 1911 3976 ρητό-

341 3988 474 4041 ρων,
499 3981 604 4026 etc.

411 4040 529 4120 (ﬁl
564 4043 994 4120 Βουλειξτικῶν.
1029 4047 1307 4120 Augustus
1355 4043 1750 4120 Alexandrinos
1795 4048 1911 4102 sine

340 4111 466 4166 ul‘lis
500 4113 881 4183 decurionibus
918 4111 1303 4183 rempublicam
1340 4131 1490 4169 suam
1523 4118 1907 4173 administrare

332 4183 597 4254 jusserat.
643 4182 832 4254 Postea
884 4182 1296 4238 vel‘o’Severns
1357 4187 1485 4254 imp.
1527 4187 1909 4242 Alexandrinis

340 4255 546 4303 curiam
590 4253 787 4304 habere
819 4255 1086 4318 permisit,
1124 4266 1180 4307 ιιι
1228 4253 1556 4308 διλιιὶιιίιίὶὶο
1592 4257 1642 4309 in
1687 4257 1780 4312 lib.
1808 4273 1857 4311 ιι
1893 4276 1906 4311 :

340 4322 467 4394 Τοῖς
516 4322 558 4374 δ’
601 4322 1032 4394 Ἀλεξανδρεῦσιν
1090 4325 1216 4378 ἄνευ
1281 4325 1576 4393 βουλευτῶν
1633 4327 1909 4381 πολιτεύε-

343 4391 466 4470 σθαι
505 4393 802 4470 exesum.
852 4391 1221 4464 Paulo'post,
1273 4391 1582 4466 βουλεύουσι
1637 4398 1692 4450 δὲ
1740 4398 1803 4470 δὴ
1851 4401 1908 4451 ἐν

341 4465 406 4532 τῇ
447 4462 989 4540 Ἀλξξᾳνδρείσιηπερ)ἶ
1034 4462 1282 4540 Σεθήρου
1300 4467 1694 4540 αὐτοκράτορος
1738 4462 1904 4540 ἀρξά-

2019 3293 2193 3345 neque
2228 3276 2328 3333 hoc
2360 3276 2516 3333 mede
2549 3281 2936 3333 absurditatem
2967 3282 3142 3333 vitare
3183 3279 3374 3340 potuit.
3406 3276 3586 3346 Neque

2019 3349 2160 3418 enim
2193 3349 2297 3402 dux
2348 3352 2460 3418 ipse
2496 3365 2614 3403 reos
2652 3351 2703 3402 in
2755 3351 3004 3404 exsilium
3046 3350 3313 3402 deducere
3359 3348 3581 3400 solebat.

2017 3417 2123 3471 Sed
2167 3417 2468 3485 bujusniodi
2502 3420 2733 3474 oﬂieium
2768 3422 3128 3474 mandabatur
3156 3419 3456 3472 centurioni
3491 3428 3586 3472 aut

2016 3490 2364 3554 speculatori.
2424 3489 2574 3543 Aliud
2641 3491 2802 3558 igitur
2859 3491 3128 3557 signitlcat
3187 3504 3289 3541 vox
3347 3504 3588 3558 στρατη-

2015 3557 2148 3624 γῶν,
2196 3574 2386 3627 nempe
2441 3557 2755 3614 duumviros
2811 3576 2902 3614 seu
2958 3561 3306 3626 magistratus
3353 3561 3586 3610 Alexan~

2017 3629 2187 3682 drinte
2216 3630 2469 3683 civitatis.
2506 3629 2678 3684 Grmei
2721 3632 2861 3684 enim
2911 3630 2981 3683 ita
3025 3632 3314 3688 vocabant,
3365 3640 3422 3680 nt
3470 3630 3586 3686 piu-

2017 3698 2168 3752 rihns
2197 3701 2459 3764 exemplis
2491 3700 2709 3764 probavi
2765 3701 2828 3751 ad
2864 3701 3054 3753 librum
3086 3715 3209 3751 XXXI
3243 3700 3422 3750 Amm.
3453 3697 3595 3750 Mar:
3654 3731 3669 3748 .

2014 3767 2214 3820 Cellini.
2264 3767 2433 3821 Porro
2465 3771 2515 3822 lii
2562 3771 2907 3837 magistratus
2941 3785 3061 3822 rum
3102 3770 3362 3821 haberent
3413 3769 3584 3820 modi-

2015 3851 2136 3890 cam
2172 3839 2578 3901 coercitionem,
2621 3849 2676 3891 ut
2707 3840 3001 3908 loquuntur
3031 3838 3429 3903 jurisconsnlti,
3463 3853 3582 3889 reos

2013 3908 2498 3976 comprehendere,
2543 3911 2750 3962 carceri
2803 3911 3109 3976 mancipare
3139 3917 3191 3960 et
3224 3910 3579 3976 interrogare,

2014 3985 2067 4030 et
2098 3975 2218 4031 aeta
2249 3976 2518 4032 conﬁcere
2568 3980 2844 4041 solebant,
2894 3975 3132 4031 Romano
3177 3978 3387 4045 praesidi
3434 3975 3580 4043 judi-

2013 4048 2153 4099 cium
2187 4049 2251 4100 de
2287 4047 2354 4100 iis
2384 4061 2744 4110 reservantes,
2780 4058 2837 4100 ut
2872 4050 3080 4101 discere
3125 4059 3207 4100 est
3253 4062 3315 4098 ex
3361 4047 3577 4101 Artibus

2013 4116 2398 4182 apostolorum,
2424 4129 2476 4170 et
2507 4135 2571 4172 ex
2599 4119 2737 4170 Actis
2765 4118 2935 4171 Pionii
2968 4121 3218 4186 martyris
3244 4127 3293 4169 et
3325 4117 3573 4168 aliorum.

2013 4188 2190 4257 Quare
2239 4202 2344 4240 non
2397 4189 2591 4241 mirum
2644 4199 2726 4242 est
2767 4190 2810 4241 si
2852 4190 3195 4257 magistratus
3241 4189 3579 4239 Alexandriae

2014 4256 2116 4309 hoc
2160 4258 2212 4309 in
2252 4257 2371 4310 loco
2397 4273 2611 4324 operam
2645 4274 2794 4311 suam
2829 4256 3176 4312 COInintitlant
3221 4257 3415 4310 rectori
3467 4272 3584 4322 pro-

2012 4326 2221 4389 vinciae,
2269 4328 2332 4379 ad
2388 4329 2755 4382 deducendum
2813 4328 3122 4396 Dionysium
3176 4329 3225 4380 in
3282 4327 3572 4389 exsilium;

2010 4410 2172 4463 quem
2207 4396 2409 4451 scilicet
2447 4399 2542 4467 ipsi
2577 4399 3124 4466 comprehenderant,
3153 4398 3287 4467 etin
3311 4396 3573 4460 judicium

2010 4480 2192 4519 coram
2247 4466 2499 4548 praefecto
2549 4468 2774 4548 [Egypti
2810 4470 3166 4548 adduxerant.
3217 4466 3411 4520 Sedet
3461 4481 3576 4544 quae

344 4549 513 4606 μενοι,
553 4533 706 4588 Ideni
730 4533 1280 4606 scribit‘Spartiaims
1315 4539 1364 4589 in
1411 4533 1643 4589 Se'rero':
1677 4533 1906 4592 Aleatan-

2015 4533 2309 4602 seqnuntttr
2363 4537 2548 4603 verba,
2580 4533 2813 4590 καὶτῶν
2866 4538 2961 4590 σὺν
3007 4539 3191 4598 αὐτοῖς
3236 4534 3576 4606 στρατιωτῶν

341 4604 508 4675 drinis
554 4608 633 4666 ius
665 4605 996 4657 buleutarum
1043 4607 1216 4666 dedit,
1252 4608 1341 4675 qui
1384 4610 1494 4660 sine
1531 4610 1738 4674 publica
1784 4627 1902 4662 con-

339 4673 482 4734 sitio,
524 4683 596 4726 ita
629 4683 681 4726 ut
725 4677 819 4728 sub
859 4676 1086 4744 regibus,
1129 4673 1549 4739 ante-vivebant,
1595 4695 1698 4730 uno
1732 4679 1912 4746 judice

341 4746 609 4814 contenti,
655 4761 806 4814 quem
859 4746 1042 4798 Cresar
1092 4747 1335 4799 dedisset.
1382 4747 1541 4801 Certe
1597 4749 1647 4800 in
1684 4750 1906 4814 cpistola

340 4812 620 4867 Athanasii
668 4812 742 4868 ad
803 4815 1120 4882 solitarios,
1171 4816 1374 4871 mentio
1429 4820 1487 4870 tit
1557 4812 1908 4872 decurionum

338 4883 697 4938 Alexandrite.

413 4952 525 5022 (45)
570 4955 646 5007 Τὰ
683 4955 780 5008 ἐπὶ
827 4956 1034 5009 Δεκίου
1076 4957 1176 5010 καὶ
1215 4957 1489 5010 Σαϐίνου.
1535 4956 1632 5010 llic
1681 4957 1911 5013 Sabinus

340 5024 627 5097 prteiectus
657 5025 878 5097 zEgypti
913 5028 1086 5081 fuerat
1121 5029 1452 5094 ltitttptit'iillls
1484 5029 1628 5080 Det-ii
1678 5029 1806 5094 imp.
1838 5029 1910 5083 De

340 5110 446 5160 quo
476 5095 847 5166 Dionysius'in
893 5098 1119 5164 epistola
1149 5101 1214 5151 ad
1253 5098 1497 5160 Fabium,
1530 5114 1692 5166 quam
1730 5101 1908 5152 retulit

341 5165 703 5237 liusebius’in
755 5182 873 5234 cap.
903 5167 962 5221 41
1002 5168 1093 5220 lib.
1127 5165 1562 5222 v1.A:‘.milianus
1601 5184 1730 5223 vero
1773 5185 1910 5237 pra:—

338 5235 511 5308 fectus
540 5236 756 5308 [Egypli
790 5239 856 5290 de
885 5254 992 5307 quo
1028 5239 1114 5292 hic
1147 5255 1327 5294 sermo
1367 5249 1472 5303 est,
1519 5250 1698 5306 postea
1742 5235 1909 5308 impe-

339 5306 476 5378 rium
517 5306 832 5376 occupavit,
870 5306 925 5361 ut
976 5310 1166 5363 scribit
1205 5310 1374 5363 Pollio
1426 5316 1477 5362 in
1523 5313 1591 5363 50
1616 5306 1908 5378 Tyrannis;

339 5377 427 5449 qui
464 5386 640 5432 tamen
683 5394 804 5433 eum
839 5383 1027 5434 ducem
1074 5380 1334 5449 appellat,
1387 5396 1489 5435 non
1543 5377 1722 5433 autem
1773 5397 1908 5448 pra:-

341 5447 536 5519 l’ectntn
571 5449 812 5519 Egypti.

411 5516 523 5587 (44)
563 5516 1069 5590 Καϊστρατηγῶν.
1117 5520 1254 5574 Male
1299 5521 1623 5589 interpretes
1655 5521 1754 5574 hoc
1791 5524 1908 5576 loco

339 5588 493 5642 dum
543 5590 877 5656 interpretati
925 5588 1081 5655 sunt;
1130 5593 1270 5659 quod
1305 5604 1388 5645 est
1436 5592 1903 5647 absurdissimum.

339 5661 445 5710 Cur
469 5661 612 5712 enim
654 5660 896 5728 pluribus
934 5677 1068 5728 opus
1102 5669 1219 5714 erat
1266 5663 1490 5716 ducibtts
1532 5664 1597 5716 ad
1639 5664 1908 5715 deducen-

341 5729 462 5780 dum
505 5729 814 5799 Dionysium
849 5731 898 5783 in
931 5730 1200 5794 exsilium,
1230 5748 1348 5784 cum
1399 5748 1536 5786 unus
1568 5743 1772 5785 tantum
1819 5733 1908 5784 ad-

339 5810 483 5856 esset
515 5801 796 5871 centurio?
841 5799 981 5858 Vidit
1033 5803 1168 5858 hanc
1223 5803 1609 5859 absurditatem
1660 5801 1907 5858 Christo-

2013 4607 2106 4676 καὶ
2172 4607 2487 4676 ὑπηρετῶν,
2538 4610 2862 4662 sententiam
2934 4619 3174 4658 nostram
3230 4609 3572 4676 contirmaut.

2014 4675 2144 4728 Nam
2181 4675 2507 4746 στρατιῶται
2560 4679 2867 4730 referuntur
2905 4677 2969 4729 ad
3000 4679 3401 4738 centurionem;
3438 4675 3576 4744 ὑπη-

2016 4745 2166 4817 ρέται
2209 4761 2338 4800 vero
2381 4750 2445 4800 ad
2495 4748 2809 4800 duumviros
2850 4762 2944 4800 seu
2985 4747 3336 4817 magistratus
3382 4746 3576 4817 quibus

2014 4815 2291 4884 parebant.
2324 4817 2654 4870 Athanasius
2697 4831 2938 4884 quoque,
2980 4816 3031 4867 in
3063 4817 3284 4884 epistola
3336 4817 3402 4867 ad
3448 4815 3579 4866 soli-

2015 4889 2204 4957 tarios,
2247 4887 2549 4957 στρατηγόν
2589 4896 2746 4957 vocat
2780 4887 3117 4957 duumvirum
3167 4902 3259 4939 seu
3295 4884 3576 4957 magistra-

2015 4964 2122 5008 tum
2148 4954 2520 5010 Alexandriam
2547 4956 2798 5010 civitatis.
2827 4955 3075 5023 Loquens
3102 4957 3243 5009 enim
3269 4959 3333 5009 de
3357 4954 3575 5007 Arianis

2011 5027 2098 5094 qui
2127 5027 2471 5097 presbyteros
2496 5042 2558 5080 ac
2584 5028 2838 5097 diaconos
2871 5027 3207 5097 Alexandrea
3237 5027 3287 5077 in
3319 5024 3575 5097 iudiciuin

2010 5093 2312 5164 pertractus
2351 5097 2539 5151 exsilio
2575 5096 2950 5155 multaverant.
2973 5098 3042 5148 ita
3067 5096 3293 5148 scribit:
3325 5094 3434 5146 Καὶ
3458 5093 3575 5164 πῶς

2010 5162 2206 5229 αὐτοὺς
2243 5167 2334 5219 ἐπὶ
2383 5166 2475 5219 τοῦ
2520 5167 2708 5229 δουκὸς
2759 5168 2853 5219 καὶ
2895 5165 3004 5218 τῶν
3058 5165 3326 5218 δικαστῶν
3369 5162 3574 5231 ὲφυγάο

2009 5237 2228 5311 δευσαν,
2269 5238 2667 5311 καταφέροντες
2702 5243 2765 5311 ἐκ
2807 5239 2915 5291 τῶν
2962 5239 3125 5311 οἴκων
3167 5241 3290 5300 τοὺς
3337 5236 3575 5311 οίκείους

2010 5309 2186 5382 αὐτῶν
2212 5309 2298 5363 διά
2323 5310 2431 5382 τῶν
2460 5308 2803 5382 στρατιωτῶν
2829 5311 2922 5362 κα)⁸
2957 5309 3050 5362 τοῦ
3076 5309 3402 5382 στρατηγοῦ
3441 5308 3573 5382 Γορ-

2009 5381 2189 5447 γονίου
2217 5381 2309 5433 καὶ
2337 5379 2569 5451 πληγαῖς
2594 5381 3044 5443 κατακόπτοντες.
3073 5381 3127 5433 Id
3162 5379 3267 5443 est,
3298 5379 3572 5443 Quomodo

2009 5453 2156 5504 ducis
2188 5468 2250 5503 ac
2277 5454 2522 5520 judicum
2561 5468 2718 5518 opera
2752 5468 2837 5504 eos
2878 5454 2932 5504 in
2971 5453 3212 5505 emsitium
3249 5463 3572 5520 egereknef

2009 5515 2292 5574 cessarios'
2319 5522 2533 5574 illorum
2579 5515 2644 5575 ea:
2691 5523 2928 5575 domibus
2972 5515 3299 5574 extra/tentes
3353 5515 3572 5569 militari

2008 5605 2202 5656 manu,
2248 5600 2295 5644 et
2356 5592 2659 5662 adjumento
2723 5592 2974 5662 Gargonii
3030 5592 3384 5662 magistratus.
3419 5586 3570 5662 Male

2009 5663 2150 5714 enim
2210 5656 2478 5729 interpres
2550 5656 2868 5730 Gargonium
2925 5656 3132 5712 ducem—
3163 5661 3342 5713 vertit.
3403 5656 3566 5722 Atqui

2010 5731 2114 5783 duit
2154 5732 2632 5799 ipseb‘ebastianus
2697 5734 3007 5792 vocabatur,
3059 5740 3194 5785 teste
3245 5730 3562 5783 Athanasio:

2011 5801 2312 5873 Gorgonius
2366 5818 2492 5859 vero
2560 5804 2903 5873 magistratus
2967 5811 3082 5857 erat
3151 5817 3245 5858 seu
3316 5802 3567 5856 duunmr
