4114 6406
541 282 639 340 671

1251 286 1525 346 EUSEBII
1563 289 2033 348 CAESARIENSIS
2063 291 2211 349 OPP.
2256 292 2440 349 PARS
2479 293 2520 349 I.
2561 325 2633 334 -—-
2670 291 3065 348 HISTORICA.

3733 293 3832 348 679.

541 415 705 473 atque
735 414 914 469 aetate,
948 405 1085 463 alios
1120 407 1410 479 ﬂagrorum
1449 413 1796 481 verberibus,
1830 415 1965 469 alios
1991 413 2117 470 ferri

2228 416 2318 470 καὶ
2349 415 2580 482 Παῦλον,
2613 415 2929 479 ἐπελθόντες
2958 413 3104 478 τινὲς
3151 411 3262 467 τῶν
3293 410 3648 482 Μαρεωτῶν
3703 410 3832 480 (45),

541 495 678 562 acie,
712 496 848 552 alios
890 497 1104 569 ignibus
1131 500 1184 555 in
1215 503 1515 558 certamine
1569 507 1838 573 superatis
1888 521 2122 563 coronas

542 587 815 644 retulisse.
873 589 1162 646 Nonnullis
1216 609 1348 651 vero
1413 594 1790 665 longissimum
1855 598 2123 666 temporis

541 681 773 746 spatium
822 697 928 737 non
961 683 1095 738 satis
1123 683 1222 738 fuit
1248 686 1317 738 ad
1372 686 1475 739 hoc
1501 694 1560 738 ut
1596 687 1704 741 Deo
1761 686 2122 756 acceptabiles

540 771 876 840 viderentur,
912 775 1072 830 sicuti
1108 791 1208 831 nec
1255 777 1390 831 mihi
1432 778 1484 831 in
1538 776 1682 832 hunc
1739 793 1908 847 usque
1948 778 2118 834 diem.

542 862 769 920 Scilicet
821 865 874 920 in
920 866 1066 921 aliud
1135 877 1497 939 opportumnn
1553 878 1764 939 tempus
1825 871 1968 941 quod
2018 871 2120 940 ipsi

541 957 712 1025 probe
771 958 1048 1024 cognitum
1105 969 1224 1024 est,
1284 975 1372 1016 me
1429 962 1638 1016 distulit
1711 963 1972 1018 Dominus
2029 964 2120 1033 qui

542 1049 673 1103 dicit
719 1068 731 1103 :
773 1067 792 1101 ι
844 1050 901 1105 lu
960 1062 1202 1122 tempore
1261 1063 1484 1125 accepto
1531 1055 1783 1110 exaudivi
1835 1063 1906 1120 te,
1955 1065 2010 1111 et
2070 1057 2121 1112 in

542 1139 630 1195 die
699 1140 890 1197 salutis
942 1143 1243 1213 opitulatus
1300 1160 1420 1201 sum
1475 1146 1573 1201 tibi
1603 1145 1696 1201 δι’.
1738 1164 1758 1198 ι
1826 1148 1903 1202 De
1961 1149 2124 1205 rebus

543 1238 724 1286 autem
794 1235 995 1290 nbstris
1059 1236 1495 1304 quandoquidem
1592 1236 1984 1304 seiseitamini,
2058 1254 2124 1297 ac

543 1325 803 1380 certiores
852 1326 966 1381 fieri
1004 1327 1170 1382 vultis
1214 1343 1325 1399 quo
1369 1329 1421 1383 in
1455 1338 1598 1384 statu
1651 1345 1874 1400 agamus
1911 1348 1924 1386 :
1968 1333 2124 1388 audi-

545 1417 699 1472 vistis
741 1419 956 1487 quidem
990 1422 1235 1486 omnino,
1259 1436 1366 1491 quo
1402 1431 1561 1491 pacto
1590 1438 1713 1478 cum
1740 1438 1841 1493 ego
1876 1431 1931 1478 et
1963 1423 2124 1480 Caius

544 1517 599 1564 et
627 1509 860 1565 Faustus
908 1527 1032 1566 cum
1081 1513 1243 1569 Petro
1296 1525 1351 1569 et
1386 1514 1555 1570 Paulo
1593 1516 1762 1570 vincti
1802 1519 2126 1571 duceremur

544 1615 574 1654 a
637 1603 960 1658 centurione
1012 1614 1066 1658 et
1118 1608 1574 1674 magistratibus,
1638 1609 2013 1677 militibusque
2068 1616 2122 1662 et

545 1693 975 1762 apparitoribus,
1050 1695 1141 1765 qui
1192 1712 1296 1750 una
1350 1713 1473 1752 eum
1514 1698 1645 1768 ipsis
1701 1709 1878 1764 erant,
1929 1713 2122 1768 super-

542 1783 826 1840 venientes
876 1787 1100 1857 quidam
1129 1803 1196 1842 ex
1263 1788 1550 1856 Mareotis,
1607 1791 1808 1847 invitos
1857 1808 1957 1847 nos
2019 1807 2121 1848 nec
2152 1786 2194 1840 Β

546 1875 704 1946 261
735 1887 928 1947 sponte
956 1889 1249 1949 sequentes
1288 1897 1384 1949 per
1424 1883 1531 1936 vim
1577 1884 1968 1940 abstraxerint.
2007 1885 2118 1956 Ego

544 1968 768 2038 quidem
805 1985 947 2024 nunc
976 1981 1030 2025 et
1060 1971 1254 2027 Petrus
1285 1982 1340 2026 et
1367 1973 1536 2028 Caius
1566 1975 1690 2038 soli,
1733 1976 1964 2045 reliquis
2007 1975 2118 2030 fra-

545 2059 720 2115 tribus
745 2061 947 2125 orbati,
991 2064 1044 2118 in
1086 2065 1304 2121 deserto
1341 2077 1398 2124 et
1448 2070 1697 2140 squalido
1748 2073 1985 2141 quodam
2025 2072 2118 2127 Liv

544 2151 666 2221 byre
694 2152 814 2208 loco
841 2154 1086 2210 conclusi
1115 2172 1324 2223 sumus,
1366 2161 1532 2215 tridui
1561 2162 1756 2218 itinere
1796 2163 2062 2220 distantes
2089 2179 2118 2219 a

546 2241 873 2300 Parmtonio.
901 2266 920 2298 ι
961 2246 1027 2302 Et
1073 2247 1352 2318 aliquanto
1399 2261 1565 2321 post:
1614 2272 1633 2304 ι
1670 2252 1727 2307 In
1753 2254 1888 2309 urbe
1916 2263 2118 2322 autem,

544 2331 742 2403 inquit,
771 2337 1116 2393 occultarunt
1148 2355 1230 2407 se,
1269 2350 1327 2394 ut
1360 2341 1554 2397 fratres
1586 2343 1831 2399 clanculo
1863 2345 2118 2412 invisant,

545 2427 856 2498 presbyteri
915 2431 1181 2500 quidem:
1219 2432 1506 2497 Maximus,
1555 2434 1869 2500 Dioscorus,
1925 2435 2120 2491 Deme--

544 2517 686 2572 trius
712 2527 765 2572 et
796 2518 1016 2576 Lucius.
1061 2522 1357 2579 Faustinus
1385 2524 1531 2578 enim
1584 2533 1639 2581 et
1672 2525 1890 2594 Aquila,
1936 2536 2121 2594 utpote

544 2608 600 2662 in
661 2610 870 2680 majore
918 2611 1194 2668 hominum
1260 2615 1381 2671 luce
1432 2617 1614 2687 positi,
1675 2632 1772 2687 per
1826 2616 2119 2688 Aigyptum
2165 2615 2174 2626 ‘

543 2713 832 2770 vagantur.
869 2703 1093 2759 Diaconi
1132 2721 1260 2760 vero
1298 2720 1422 2778 post
1468 2710 1588 2763 illos
1636 2709 1728 2777 qui
1776 2710 1965 2763 morbo
1990 2723 2120 2764 con-

545 2794 745 2862 sumpti
777 2803 926 2858 sunt,
953 2799 1283 2865 superstites
1321 2816 1336 2854 :
1366 2799 1624 2866 Faustus,
1656 2801 1941 2865 Eusebius,
1967 2801 2121 2855 Clite--

545 2897 756 2940 remon.
794 2887 1086 2957 Eusebius,
1121 2890 1362 2961 inquam,
1405 2907 1564 2962 quem
1596 2893 1738 2949 Deus
1770 2909 1874 2947 tam
1901 2893 2024 2948 inde
2053 2893 2120 2948 ab

546 2975 704 3034 initio
749 2983 1048 3051 roboravit,
1113 2984 1437 3054 impulitque
1493 2996 1553 3040 ut
1606 2987 2010 3042 confessoribus
2066 2987 2117 3040 in

546 3073 793 3126 custodia
816 3076 1008 3143 positis
1034 3077 1345 3133 ministeria
1374 3089 1596 3135 strenue
1611 3079 1928 3147 exhiberet;
1953 3091 2120 3149 utque

547 3177 1045 3224 consummatorum
1087 3185 1150 3225 ac
1181 3173 1458 3228 beatorum
1515 3181 1812 3243 martyrum
1858 3175 2123 3229 cadavera

616 3279 686 3313 ιε’
733 3281 836 3338 lsa.
874 3298 1022 3338 κως.

547 3379 912 3453 Alexandriae,
938 3380 1089 3448 cujus
1117 3383 1166 3436 id
1209 3383 1482 3453 proprium
1515 3399 1709 3438 munus
1742 3393 1881 3448 erat,
1910 3393 1968 3437 ut
1996 3397 2118 3437 reos

547 3452 1066 3518 comprehemlcret,
1122 3463 1175 3507 et
1213 3452 1404 3508 coram
1483 3455 1776 3520 majoribus
1844 3453 2116 3520 judicibns

551 3521 791 3592 sisteret.
836 3520 1091 3578 Testatur
1138 3525 1188 3578 id
1225 3525 1434 3578 libellus
1485 3526 1893 3592 protestationis
1941 3524 2121 3592 populi

549 3590 933 3663 Alexandrini,
977 3610 1156 3663 quem_
1188 3590 1518 3649 Athanasius
1570 3596 1810 3662 epistolae
1849 3590 1959 3647 suae
1999 3590 2128 3648 sub-

490 3719 504 3734 ,
543 3660 692 3736 iecit,
730 3660 1062 3736 hisAverbi's:
1101 3661 1220 3718 Οἷδε
1266 3664 1440 3718 ταῦτα
1479 3667 1572 3718 καὶ
1608 3660 1644 3719 δ
1686 3663 1988 3736 στρατηγὸς
2029 3665 2128 3736 τῆς

551 3731 768 3806 πρλεωςμ
809 3734 1113 3806 Γορτύνιος.
1151 3737 1235 3806 Et,
1263 3737 1423 3803 paulo
1471 3746 1634 3804 post:
1678 3731 1988 3788 Ἀπέστειλε
2037 3731 2128 3806 τδν

548 3803 648 3877 τῆς
671 3802 892 3877 ειτιᾶιίξεως⁷
917 3805 1128 3877 δήμιον,
1158 3802 1375 3859 καὶτὸν
1421 3802 1742 3877 στρατηγὸν,
1787 3806 1956 3860 θέλων
1992 3805 2131 3858 αύτά

560 3841 645 3873 ..ις
683 3841 872 3868 ...ςςως
917 3841 962 3858 υ.
989 3841 1128 3872 μνη,
1161 3841 1253 3859 ,ιω
1296 3841 1374 3859 ..υν
1421 3841 1742 3877 “panum,
1789 3841 1955 3860 πηυη
1992 3841 2130 3858 μιν...

551 3869 702 3944 ἆραι,
732 3875 782 3926 id
811 3885 915 3940 est,
961 3841 1105 3930 illisit
1139 3876 1514 3944 speculatorem
1560 3879 1714 3947 oﬂicii
1746 3879 1848 3942 sui,
1879 3887 1925 3930 et
1965 3879 2130 3947 magi-

549 3954 796 4006 stratum,
821 3957 874 3998 ut
910 3964 1057 3998 arma
1085 3948 1178 4000 illa
1211 3962 1275 3999 ex
1308 3948 1525 4000 ecclesia
1558 3949 1778 4001 tolleret.

621 4014 733 4087 (45)
770 4015 1157 4083 Ἐπελθόντες
1187 4018 1346 4083 τινὲς
1371 4015 1490 4070 τῶν
1515 4016 1864 4087 Μαρεωτῶν.
1912 4016 2038 4072 Πιεο
2073 4017 2126 4070 in

551 4085 728 4157 prima
755 4156 759 4157 ν
790 4090 1163 4152 persecutione
1211 4090 1312 4142 sub
1372 4087 1535 4141 Decio
1575 4085 1940 4157 centigerunt,
1996 4099 2128 4142 tunc

551 4169 675 4226 cum
708 4156 994 4226 Dionysius
1019 4157 1207 4210 Sabini
1242 4157 1476 4226 prmfecti
1521 4156 1787 4212 sententia
1816 4159 2122 4226 'l‘aposirim

553 4225 819 4296 deductus
845 4225 948 4287 est,
977 4236 1034 4279 ut
1074 4225 1264 4281 scribit
1296 4228 1412 4294 ipse
1467 4228 1748 4296 Dionysius
1785 4228 1838 4281 in
1899 4225 2128 4296 epistola

553 4294 813 4364 adversus
851 4296 1205 4358 Germanum,
1233 4312 1353 4364 qua:
1381 4294 1615 4350 habetur
1635 4298 1687 4351 in
1724 4297 1817 4351 lib.
1844 4294 2006 4358 νίζε.
2036 4299 2124 4351 40.

553 4362 712 4417 Certe
744 4367 832 4433 qui
880 4366 1160 4434 epistolam
1189 4362 1336 4420 illam
1379 4367 1622 4436 Dionysii
1674 4368 1934 4423 adversus
1990 4367 2128 4423 Ger-

553 4449 772 4488 manum
805 4451 926 4490 eum
963 4438 1066 4506 hac,
1119 4451 1240 4502 qua:
1297 4437 1363 4491 ad
1419 4437 1710 4491 Domitimn
1771 4439 1973 4506 scripta
2022 4447 2125 4503 est,

554 4506 864 4568 contulerit,
907 4523 1010 4560 non
1038 4505 1308 4561 dubitabit
1347 4506 1475 4576 quin
1513 4508 1578 4560 de
1608 4523 1710 4560 una
1743 4505 2042 4570 eademque
2069 4524 2126 4563 re

556 4576 1117 4648 utrobiqueloquatur
1149 4577 1457 4648 Dionysius.
1510 4577 1688 4642 Quare
1715 4577 1921 4631 fallitur
1953 4578 2132 4632 Euse-

555 4641 696 4706 bius,
728 4641 818 4720 qui
847 4647 899 4700 in
929 4641 1029 4720 hac
1084 4641 1321 4720 Dionysii
1348 4649 1412 4720 ad
1443 4641 1734 4720 Domitium
1791 4649 2041 4717 epistola,
2072 4663 2134 4702 ea

556 4717 767 4770 narrari
829 4718 1034 4786 putavit
1076 4717 1318 4786 qum'ad
1370 4718 1642 4772 Valeriani
1704 4720 2134 4787 persecutionem

557 4787 920 4859 pertinebant,
955 4789 1098 4859 quod
1122 4804 1187 4842 ex
1219 4791 1333 4857 ipso
1367 4789 1626 4859 Dionysio
1659 4789 1818 4843 facile
1864 4799 1949 4844 est
1980 4788 2136 4844 refel-

556 4855 690 4931 lere.
720 4857 930 4911 Etenim
962 4858 1012 4931 in
1041 4855 1424 4931 persecutione
1459 4855 1559 4931 sub
1590 4857 1900 4926 Valeriano,
1937 4860 2136 4931 Diony-

556 4925 669 4979 sius
702 4943 806 4982 non
860 4939 943 4982 est
975 4925 1243 4984 deductus
1292 4929 1344 4982 in
1402 4929 1653 4984 exsilium
1710 4946 1831 4985 cum
1889 4925 2133 4984 Custodia

557 4995 776 5070 militari
803 5016 816 5063 ;
845 5014 942 5052 nec
968 5000 1416 5070 supervenientes
1447 4999 1702 5055 Marcone
1728 5043 1743 5066 ,
1787 5000 1984 5070 fugatis
2035 5000 2135 5053 mi-

557 5065 744 5138 litibus
775 5084 898 5123 eum
939 5065 1170 5138 per—vim
1211 5069 1547 5124 abstractum
1586 5072 1639 5124 in
1691 5065 1996 5126 libertatem
2042 5085 2132 5123 re-

558 5136 878 5204 stituerunt;
913 5136 1014 5194 nec
1043 5140 1231 5194 Caium
1265 5151 1322 5194 et
1371 5140 1652 5203 Faustum,
1697 5152 1755 5196 et
1803 5139 2018 5195 Petrum
2071 5155 2136 5194 ac

559 5207 786 5282 lfaulum
825 5211 1175 5282 presbyteros
1201 5225 1383 5282 secum
1417 5220 1544 5264 tunc
1574 5211 1865 5282 Dionysius
1921 5211 2129 5282 habuit.

558 5276 690 5351 Quae
716 5276 896 5334 omnia
933 5276 1392 5351 in'persecutione
1425 5282 1511 5334 illa
1537 5296 1655 5350 quae
1689 5276 1848 5351 p'aulo
1875 5293 2001 5336 ante
2029 5281 2132 5336 Dc-

559 5349 629 5424 cii
657 5352 944 5418 imperium
971 5360 1146 5424 empta
1201 5360 1307 5424 est,
1361 5349 1627 5424 Dionysio
1688 5349 2049 5424 contigerunt,
2077 5361 2134 5406 ut

561 5419 676 5491 ipse
718 5421 1024 5476 testatur-in
1049 5419 1277 5491 epistola
1309 5419 1558 5477 adversus
1587 5419 1929 5488 Germanum,
1969 5438 2131 5490 quam

561 5489 730 5562 refert
748 5491 1016 5548 Eusebius
1042 5489 1095 5546 in
1126 5493 1218 5548 lib.
1267 5507 1342 5546 vt.
1375 5494 1448 5547 At
1502 5494 1553 5547 in
1600 5489 1997 5562 persecutione,
2034 5497 2135 5547 sub

562 5557 852 5634 ‘_V_aleriano
882 5603 898 5625 ,
968 5563 1292 5634 Dionysium,
1335 5557 1608 5618 comitati‘
1636 5573 1762 5616 sunt
1819 5565 1870 5617 in
1911 5564 2135 5634 exsilio

565 5630 829 5705 Maximus
857 5630 1141 5705 presbyter
1165 5643 1220 5688 et
1244 5633 1454 5705 diaconi
1481 5634 1734 5705 Faustus,
1765 5633 2028 5689 Eusebius
2079 5644 2134 5688 et

565 5701 902 5774 Chaeremon,
929 5713 985 5758 et
1008 5701 1226 5773 (ptidam
1280 5704 1511 5759 clericus
1571 5704 1889 5762 Romanus.
1946 5718 2135 5774 quem-

567 5773 851 5829 admodum
885 5776 1071 5833 scribit
1105 5775 1245 5832 idem
1283 5774 1569 5849 Dionysius
1598 5777 1650 5831 in
1691 5775 1919 5848 epistola
1943 5773 2132 5832 adrer-

2222 507 2458 571 ἄκοντας
2490 507 2585 560 καὶ
2618 505 2751 577 μηδὲ
2790 505 3106 575 ἑπομένους,
3138 501 3227 574 βίᾳ
3255 519 3316 554 τε
3350 500 3634 573 σύροντες
3665 501 3838 570 ἀφήρ-

2224 615 2423 652 πασαν.
2456 597 2594 668 Ἐγὼ
2624 597 2680 650 δὲ
2709 596 2802 651 νῦν
2823 598 2917 651 καὶ
2948 595 3106 660 Γάϊος
3125 595 3221 649 καὶ
3257 594 3509 667 Πέτρος,
3543 593 3704 664 μόνοι
3735 594 3838 650 τῶν

2221 691 2395 745 ἄλλων
2443 689 2684 759 ἀδελφῶν
2754 686 3283 760 ἀπορφανισθέντες,
3349 687 3420 740 ἐν
3479 686 3692 757 ἐρήμῳ
3747 687 3838 740 καὶ

2222 783 2492 855 αὐχμηρῷ
2512 783 2614 854 τῆς
2651 780 2858 853 Λιϐύης
2891 780 3042 852 τόπῳ
3075 777 3638 848 κατακεκλεισμεθα,
3674 777 3840 849 τριῶν

2223 878 2442 950 ἡμερῶν
2491 877 2609 931 ὁδὸν
2659 875 2755 930 τοῦ
2814 872 3172 946 Παραιτονίου
3225 869 3622 944 διεστηκότες.
3673 888 3694 922 ι
3734 871 3841 924 Καὶ

2224 967 2574 1030 ὑποκαταϐὰς
2603 983 2768 1037 φησιν
2787 983 2800 996 ο
2835 985 2853 1016 ι
2908 965 2996 1017 Ἐν
3022 963 3080 1017 δὲ
3098 965 3164 1034 τῇ
3197 961 3351 1015 πόλει
3383 958 3842 1014 καταδεδύκασιν

2223 1059 2446 1132 ἀφανῶς
2473 1059 2924 1129 ἐπισκεπτόμενοι
2950 1059 3079 1121 τοὺς
3105 1054 3374 1125 ἀδελφούς
3393 1071 3410 1085 ·
3450 1051 3837 1125 πρεσϐύτεροι

2229 1153 2348 1226 μὲν,
2381 1151 2653 1223 Μάξιμος,
2697 1149 3006 1221 Διόσκορος,
3051 1148 3364 1219 Δημήτριος
3410 1146 3521 1200 καὶ
3567 1144 3838 1206 Λούκιος·

2223 1244 2272 1297 οἱ
2305 1242 2413 1314 γὰρ
2445 1243 2502 1295 ἐν
2539 1240 2619 1311 τῷ
2669 1239 2860 1309 κόσμῳ
2909 1235 3342 1308 προφανέστερα
3390 1233 3719 1293 Φαυστίνος
3750 1229 3840 1283 καὶ

2235 1333 2487 1397 Ἀκύλας,
2542 1332 2598 1385 ἐν
2656 1328 2916 1399 Αἰγύπτῳ
2969 1326 3297 1380 πλανῶνται.
3357 1324 3640 1377 Διάκονοι
3688 1320 3746 1373 δέ
3792 1322 3839 1375 οἱ

2227 1424 2363 1497 μετά
2414 1425 2542 1488 τοὺς
2595 1424 2652 1475 ἐν
2703 1424 2770 1492 τῇ
2823 1420 2964 1491 νόσῳ
3027 1417 3137 1488 (46)
3194 1417 3660 1488 τελευτήσαντας
3712 1411 3840 1466 ὑπο-

2223 1515 2559 1586 λειφθέντες,
2629 1512 2892 1575 Φαῦστος,
2956 1509 3238 1574 Εύσέϐιος,
3299 1508 3663 1578 Χαιρήμωνο
3733 1504 3839 1557 Εὐ-

2225 1609 2410 1672 σέϐιος
2439 1608 2498 1661 ὃν
2544 1605 2604 1672 ἐξ
2652 1605 2829 1677 ἀρχῆς
2871 1607 2899 1658 6
2946 1603 3081 1667 Θεὸς
3139 1601 3535 1672 ἐνεδυνάμωσε
3569 1596 3673 1651 καὶ
3698 1612 3837 1668 παρ-

2223 1701 2484 1756 εσκεύασε
2538 1699 2638 1763 τὰς
2695 1697 2997 1769 ὑπηρεσίας
3029 1698 3136 1750 τῶν
3170 1697 3228 1750 ἐν
3259 1696 3382 1757 ταῖς
3413 1691 3710 1762 φυλακαῖς
3748 1704 3840 1756 γε·

2222 1795 2463 1867 νομένων
2513 1791 2860 1864 ὁμολογητῶν
2912 1787 3220 1857 ἐναγωνίως
3285 1780 3694 1854 ἀποπληροῦν,
3747 1778 3838 1832 καὶ

2223 1888 2322 1952 τάς
2353 1887 2461 1940 τῶν
2495 1885 2763 1957 σωμάτων
2814 1881 3140 1956 περιστολὰς
3173 1879 3283 1951 (47)
3317 1878 3429 1932 τῶν
3465 1875 3708 1930 τελείων
3743 1873 3836 1927 καὶ

2227 1980 2511 2052 μακαρίων
2568 1977 2862 2051 μαρτύρων
2914 1977 3014 2029 οὐκ
3050 1973 3349 2035 ἀκινδύνως
3395 1967 3685 2024 ἐκτελεῖν.
3728 1964 3837 2018 Καὶ

2223 2075 2331 2146 γὰρ
2371 2073 2532 2146 μέχρι
2576 2070 2671 2125 νῦν
2709 2072 2810 2123 ούκ
2854 2070 3068 2140 ἀνίησιν
3113 2068 3141 2119 6
3182 2064 3515 2136 ἡγούμενος,
3566 2059 3704 2122 τοὺς
3739 2059 3834 2129 μὲν

2224 2168 2483 2240 ἀναιρῶν,
2527 2166 2602 2228 ὼς
2648 2166 2926 2236 προεῖπον,
2976 2161 3142 2233 ὠμῶς
3183 2158 3292 2213 τῶν
3344 2152 3830 2229 προσαγομένων

2223 2262 2349 2325 τοὺς
2379 2259 2434 2313 δέ
2469 2257 2719 2328 βασάνοις
2752 2253 3111 2319 καταξαίνων,
3150 2253 3277 2314 τοὺς
3313 2249 3370 2302 δέ
3404 2244 3697 2317 φυλακαῖς
3738 2241 3832 2295 καὶ

2222 2353 2448 2425 δεσμοῖς
2488 2351 2759 2422 ἐκτήκων,
2819 2345 3174 2422 προστάσσων
3234 2359 3294 2395 τε
3357 2339 3576 2412 μηδένα
3620 2333 3831 2396 τούτοις

2225 2447 2526 2520 προσιέναι,
2561 2447 2654 2500 καὶ
2684 2443 2986 2517 ἁνερευνῶν
3023 2440 3097 2511 μή
3135 2455 3220 2501 τις
3255 2434 3476 2506 φανείη.
3517 2431 3639 2484 Καὶ
3681 2429 3828 2520 ὅμως

2223 2519 2416 2604 ὀΘεδς
2454 2543 2520 2610 τῇ
2558 2538 2836 2612 προθυμίᾳ⁸
2869 2537 2962 2591 καὶ
3011 2531 3236 2604 λιπαρίᾳ
3282 2528 3390 2584 τῶν
3435 2521 3700 2594 ἀδελφῶν
3753 2519 3829 2612 διε

2225 2630 2495 2686 αναπαύει
2528 2633 2653 2694 τοὺς
2685 2626 3102 2698 πεπιεσμένους.
3146 2643 3164 2674 ι
3209 2621 3318 2674 Καὶ
3350 2615 3601 2671 τοσαῦτα
3654 2613 3754 2684 μὲν
3796 2610 3825 2661 6

2225 2724 2514 2786 Διονύσιος,
2549 2723 2642 2776 καὶ
2669 2723 2724 2774 ἐν
2752 2720 2926 2793 ταύτῃ
2957 2717 3193 2770 τέθειται
3233 2713 3300 2784 τῇ
3347 2710 3569 2782 γραφῇ.
3627 2700 3824 2757 ’ἰστέον

2224 2813 2280 2866 δέ
2323 2813 2398 2876 ὼς
2429 2815 2456 2866 6
2502 2813 2597 2884 μὲν
2641 2810 2899 2874 Εὐσέϐιος
2943 2809 3001 2862 ὃν
3027 2808 3271 2861 διάκονον
3319 2799 3656 2874 προσεῖπεν,
3696 2809 3820 2863 σμι-

2225 2902 2355 2976 κρὸν
2398 2901 2620 2973 ὕστερον
2664 2901 2960 2961 ἐπίσκοπος
3015 2894 3339 2965 Ἑκκλησὶας
3385 2890 3493 2961 τῆς
3543 2884 3693 2940 κατὰ
3727 2884 3823 2936 Συ-

2227 2996 2348 3068 ρίαν
2363 2995 2472 3065 (48)
2490 2994 2807 3057 Λαοδικείας
2830 2992 3176 3053 καθίσταται,
3195 2991 3222 3042 6
3243 2989 3298 3042 δέ
3317 2984 3584 3050 Μάξιμος
3614 2981 3677 3033 ὃν
3701 2977 3819 3031 τότε

2227 3087 2595 3159 πρεσϐύτερον
2629 3088 2840 3158 εἴρηκε,
2883 3087 2998 3155 μετ’
3027 3083 3189 3137 αὑτὸν
3229 3079 3534 3140 Διονύσιον,
3576 3073 3680 3144 τὴν
3721 3069 3818 3120 λει-

2223 3178 2480 3250 τουργίαν
2515 3177 2623 3231 τῶν
2663 3177 2782 3231 κατ’
2841 3173 3243 3246 Ἀλεξάνδρειαν
3281 3168 3530 3240 ἀδελφῶν
3572 3160 3814 3230 διαδέχε-

2237 3398 2326 3452 sus
2355 3379 2699 3452 Germanum,
2734 3393 2895 3447 quam
2936 3374 3099 3430 refert
3134 3375 3406 3430 Eusebius
3466 3380 3520 3433 in
3576 3396 3696 3452 cap.
3750 3384 3810 3440 l0

2230 3450 2390 3505 huius
2420 3450 2565 3504 libri.

2300 3466 2654 3591 (1:5)"335217
2689 3518 2868 3591 νόσῳ.
2903 3515 3129 3591 Rufinus
3162 3513 3291 3591 legit
3328 3516 3497 3591 νήσῳ.
3547 3520 3642 3575 Sic
3669 3524 3807 3577 enim

2233 3585 2428 3645 vertit:
2469 3589 2572 3662 Sed
2597 3585 2735 3662 etes:
2766 3588 3008 3662 diaconis
3033 3585 3399 3662 Διιιιοειίαιζι-ὺι
3448 3585 3646 3662 insula
3696 3604 3807 3662 pou

2231 3660 2774 3733 pwnasicortfessionis
2804 3673 2916 3733 esse
2955 3656 3250 3733 defunctos.
3281 3657 3482 3733 Verum
3515 3656 3806 3733 Dionyisius

2233 3724 2375 3785 luem
2414 3724 2686 3800 intelligit,
2713 3744 2831 3798 qua:
2877 3724 3408 3800 Galli'etVo_lusiani
3468 3724 3808 3798 tempoiibus

2231 3813 2477 3870 grassata
2501 3796 2704 3870 est—per
2731 3796 2897 3854 totum
2931 3799 3120 3851 orbem
3193 3796 3378 3870 Euan,
3423 3811 3480 3852 ut
3537 3796 3802 3859 Eusebius

2233 3867 2287 3926 in
2315 3872 2575 3925 Chronico
2610 3867 2827 3938 aliique
2876 3867 3337 3938 testantur.Vide
3379 3869 3662 3925 Aurelium
3719 3874 3805 3926 Vi-

2232 3954 2465 4000 ctorem.
2505 3937 2753 4010 Ejusdem
2807 3939 2990 4010 morbi
3027 3937 3268 4010 meminit
3323 3939 3614 4010 Dionysius
3669 3943 3800 3998 infra

2231 4029 2350 4082 cap.
2374 4013 2464 4076 22,
2498 4008 2584 4066 ubi
2632 4014 2794 4064 etiam
2827 4011 2892 4062 de
2944 4009 3190 4063 diaconis
3216 4008 3616 4081 loquitttrqttos
3639 4023 3800 4082 pestis

2237 4081 2322 4137 illa
2347 4081 2702 4150 consumpsit.

2307 4153 2417 4223 (47)
2456 4149 3007 4219 ΠεριστολάςΛΙσηε
3060 4164 3242 4223 vocem
3276 4151 3796 4223 Chrislopborsonus

2235 4221 2405 4290 longo
2446 4230 2732 4276 verborum
2805 4224 3034 4275 circuitu
3071 4221 3164 4293 ita
3225 4230 3308 4274 est
3370 4221 3792 4293 interpretatus:

2235 4295 2314 4346 Ad
2347 4295 2507 4346 lintea
2528 4333 2541 4354 ,
2584 4293 2769 4361 quibus
2793 4309 3020 4364 corpora
3061 4291 3326 4344 beatorum
3355 4291 3665 4364 martyrum
3693 4295 3794 4356 iam

2235 4365 2339 4418 vita
2365 4364 2730 4426 defunctorum
2785 4363 3189 4423 involverentur,
3235 4361 3585 4428 conﬁcienda.
3631 4364 3794 4417 liabe-

2237 4438 2326 4488 bat
2356 4435 2561 4488 scilicet
2578 4448 2686 4502 pra:
2715 4433 2888 4502 oculis
2909 4431 3434 4502 Cbristopborsonus
3463 4451 3670 4490 morem
3699 4433 3792 4487 aevi

2160 4493 2204 4546 Β
2234 4506 2429 4566 nostri,
2454 4519 2559 4572 quo
2579 4493 2831 4556 'mortuos
2861 4501 3026 4556 linteo
3048 4493 3264 4570 operire
3299 4510 3464 4571 atque
3513 4506 3587 4559 ita
3643 4506 3795 4558 humo

2237 4577 2470 4629 condere
2501 4574 2762 4628 solemus.
2786 4574 2942 4639 Apud
2971 4573 3223 4639 antiquos
3244 4585 3393 4635 vero,
3431 4573 3498 4629 de
3533 4576 3791 4630 Christia-

2235 4646 2318 4699 nis
2347 4646 2508 4698 etiam
2536 4646 2747 4712 loquor,
2799 4643 2938 4697 alius
2998 4657 3112 4695 mos
3141 4651 3294 4712 erat.
3355 4643 3610 4701 Vestibus
3656 4646 3789 4700 enim

2237 4717 2498 4770 cadavera
2529 4711 2876 4777 amiciebant,
2913 4721 2970 4766 et
3024 4711 3240 4783 quidem
3285 4715 3715 4783 pretiosissimis,
3740 4722 3792 4766 ut

2234 4787 2395 4840 docet
2430 4785 2691 4838 Eusebius
2733 4783 2869 4836 infra
2919 4797 3041 4851 cap.
3071 4781 3138 4836 16
3189 4784 3256 4836 de
3285 4781 3531 4840 Asturio.
3587 4787 3645 4842 Si
3681 4786 3789 4854 quis

2238 4865 2416 4909 tamen
2444 4855 2920 4923 Cbristopborsoni
2970 4854 3280 4907 versionem
3316 4855 3446 4908 velit
3489 4856 3787 4915 defendere,

2236 4927 2398 4981 habet
2425 4942 2542 4996 quo
2565 4924 2705 4996 illam
2735 4935 2968 4996 tueatur,
2990 4925 3388 4996 testimonium
3416 4927 3716 4981 Athanasii.
3747 4924 3788 4996 Is

2234 5000 2375 5050 enim
2413 4992 2466 5049 in
2508 4995 2624 5048 Vita
2649 4993 2710 5048 Β.
2745 4995 2964 5067 Antonii
2989 4994 3058 5048 ita
3090 4995 3323 5067 scribit:
3360 4992 3786 5067 Solent/Egyptii

2233 5068 2316 5134 pie
2341 5067 2709 5136 defunctorum
2741 5075 2898 5133 atque
2946 5065 3204 5130 imprimis
3249 5077 3560 5122 sanctorum
3601 5065 3787 5134 marty—

2235 5154 2350 5189 rum
2383 5153 2602 5204 corpora
2644 5137 2892 5203 funerare
2928 5136 3137 5203 quidem
3190 5147 3238 5188 et
3287 5137 3463 5190 linteis
3522 5139 3784 5195 involvere,

2235 5225 2338 5261 non
2368 5221 2540 5260 autem
2573 5208 2825 5259 mandare
2856 5216 3033 5270 terrae,
3066 5206 3157 5258 sed
3188 5206 3437 5274 imposita
3465 5208 3686 5274 lectulis,
3712 5211 3785 5259 in-

2235 5288 2319 5330 tra
2351 5281 2579 5342 privatos
2603 5277 2826 5343 parietes
2854 5279 3097 5330 retinere.

2306 5350 2418 5416 (48)
2452 5348 2818 5413 Ἐπίσκοπος
2849 5346 2959 5415 τῆς
2993 5346 3144 5400 κατὰ
3167 5346 3410 5414 Συρίαν.
3432 5347 3604 5403 Codd.
3635 5345 3782 5416 Medo

2237 5419 2373 5490 Fuk.
2404 5415 2463 5473 et
2494 5417 2629 5490 Μαι.
2652 5419 3080 5490 νοοειιιηδιιιιιιιιι
3103 5421 3219 5490 hoc,
3241 5419 3402 5472 modo
3420 5437 3446 5490 7:
3481 5421 3556 5473 Ού
3609 5415 3786 5490 μικρὸν

2237 5488 2462 5566 ὕστερον
2491 5487 3144 5566 ἐπίσκοποςξῌκκλῃσίας
3171 5489 3270 5560 τῆς
3297 5489 3456 5566 κατα.
3489 5487 3621 5556 θιο.,
3647 5487 3786 5566 longe

2238 5557 2457 5616 rectius.
2483 5560 2619 5615 Nam
2658 5559 2922 5614 Eusebius
2972 5557 3085 5631 diu
3114 5557 3300 5626 postea
3358 5563 3672 5631 episcopus,
3698 5557 3784 5613 fuit

2236 5632 2536 5758 Laodicea;
2567 5631 2830 5689 successit
2883 5631 3026 5687 enim
3055 5629 3292 5702 Socrati,
3328 5629 3406 5688 ut'
3437 5629 3600 5690 docet
3638 5630 3787 5688 Euse-

2276 5720 2356 5758 lllS
2385 5719 2436 5758 ιιι
2467 5717 2544 5758 ra.

2276 5706 2356 5760 ius
2385 5704 2544 5759 infra.
