  <div class='ocr_page' id='page_1' title='image "/cluster/home/n/w/nwhite01/storage/ocr_20150623/20/hvd.32044073501181/351.png"; bbox 0 0 4114 6406; ppageno 0'>
   <div class='ocr_carea' id='block_1_1' title="bbox 458 403 564 461">
    <p class='ocr_par' dir='ltr' id='par_1_1' title="bbox 458 403 564 461">
     <span class='ocr_line' id='line_1_1' title="bbox 458 403 564 461; baseline 0.019 -3"><span class='ocrx_word' id='word_1_1' title='bbox 458 403 564 461; x_wconf 82' lang='grc'><strong>675</strong></span> 
     </span>
    </p>
   </div>
   <div class='ocr_carea' id='block_1_2' title="bbox 1158 391 2987 451">
    <p class='ocr_par' dir='ltr' id='par_1_2' title="bbox 1158 391 2987 451">
     <span class='ocr_line' id='line_1_2' title="bbox 1158 391 2987 451; baseline 0.001 -2"><span class='ocrx_word' id='word_1_2' title='bbox 1158 392 1427 451; x_wconf 84' lang='lat' dir='ltr'><strong>EUSEBII</strong></span> <span class='ocrx_word' id='word_1_3' title='bbox 1465 391 1943 448; x_wconf 63' lang='lat' dir='ltr'><strong>CIESARIENSIS</strong></span> <span class='ocrx_word' id='word_1_4' title='bbox 1981 391 2137 449; x_wconf 90' lang='lat' dir='ltr'><strong>OPP.</strong></span> <span class='ocrx_word' id='word_1_5' title='bbox 2178 392 2361 448; x_wconf 83' lang='lat' dir='ltr'><strong>PARS</strong></span> <span class='ocrx_word' id='word_1_6' title='bbox 2400 393 2442 449; x_wconf 86' lang='grc' dir='ltr'><strong>Ι.</strong></span> <span class='ocrx_word' id='word_1_7' title='bbox 2485 424 2555 433; x_wconf 90' lang='grc'><strong><em>-</em></strong></span> <span class='ocrx_word' id='word_1_8' title='bbox 2593 392 2987 451; x_wconf 77' lang='lat' dir='ltr'><strong>HISTORICA.</strong></span> 
     </span>
    </p>
   </div>
   <div class='ocr_carea' id='block_1_3' title="bbox 3595 397 3707 453">
    <p class='ocr_par' dir='ltr' id='par_1_3' title="bbox 3595 397 3707 453">
     <span class='ocr_line' id='line_1_3' title="bbox 3595 397 3707 453; baseline 0.009 -2"><span class='ocrx_word' id='word_1_9' title='bbox 3595 397 3707 453; x_wconf 75' lang='lat'><strong>676</strong></span> 
     </span>
    </p>
   </div>
   <div class='ocr_carea' id='block_1_4' title="bbox 460 508 2021 586">
    <p class='ocr_par' dir='ltr' id='par_1_4' title="bbox 460 508 2021 579">
     <span class='ocr_line' id='line_1_4' title="bbox 460 508 2021 579; baseline -0.008 -5"><span class='ocrx_word' id='word_1_10' title='bbox 460 532 672 574; x_wconf 84' lang='lat' dir='ltr'><strong>cessum</strong></span> <span class='ocrx_word' id='word_1_11' title='bbox 693 524 796 571; x_wconf 88' lang='lat' dir='ltr'><strong>est.</strong></span> <span class='ocrx_word' id='word_1_12' title='bbox 836 513 1067 569; x_wconf 84' lang='lat' dir='ltr'><strong>Proinde</strong></span> <span class='ocrx_word' id='word_1_13' title='bbox 1094 510 1343 566; x_wconf 80' lang='lat' dir='ltr'><strong>Aurelius</strong></span> <span class='ocrx_word' id='word_1_14' title='bbox 1387 508 1654 579; x_wconf 79' lang='lat' dir='ltr'><strong>Cyrenins</strong></span> <span class='ocrx_word' id='word_1_15' title='bbox 1703 520 2021 576; x_wconf 78' lang='lat' dir='ltr'><strong>procurator</strong></span> 
     </span>
    </p>
   </div>
   <div class='ocr_carea' id='block_1_5' title="bbox 2126 508 3705 586">
    <p class='ocr_par' dir='ltr' id='par_1_5' title="bbox 2127 508 3705 586">
     <span class='ocr_line' id='line_1_5' title="bbox 2127 508 3705 586; baseline 0.004 -23"><span class='ocrx_word' id='word_1_16' title='bbox 2127 510 2381 580; x_wconf 82' lang='grc' dir='ltr'>ἐνοχλεῖν.</span> <span class='ocrx_word' id='word_1_17' title='bbox 2418 511 2525 564; x_wconf 74' lang='grc' dir='ltr'><strong>Καὶ</strong></span> <span class='ocrx_word' id='word_1_18' title='bbox 2560 510 2718 565; x_wconf 79' lang='grc' dir='ltr'>τοῦτο</span> <span class='ocrx_word' id='word_1_19' title='bbox 2747 513 2884 583; x_wconf 82' lang='grc' dir='ltr'>ὅπερ</span> <span class='ocrx_word' id='word_1_20' title='bbox 2915 512 3056 566; x_wconf 85' lang='grc' dir='ltr'><strong>κατά</strong></span> <span class='ocrx_word' id='word_1_21' title='bbox 3093 511 3153 565; x_wconf 85' lang='grc' dir='ltr'>τὺ</span> <span class='ocrx_word' id='word_1_22' title='bbox 3193 508 3312 577; x_wconf 76' lang='grc' dir='ltr'>ἐξὸν</span> <span class='ocrx_word' id='word_1_23' title='bbox 3351 511 3574 569; x_wconf 80' lang='grc' dir='ltr'>δύναται</span> <span class='ocrx_word' id='word_1_24' title='bbox 3611 514 3705 586; x_wconf 78' lang='grc' dir='ltr'><strong>ὑφ’</strong></span> 
     </span>
    </p>
   </div>
   <div class='ocr_carea' id='block_1_6' title="bbox 460 600 2021 672">
    <p class='ocr_par' dir='ltr' id='par_1_6' title="bbox 460 600 2021 672">
     <span class='ocr_line' id='line_1_6' title="bbox 460 600 2021 672; baseline -0.005 -7"><span class='ocrx_word' id='word_1_25' title='bbox 460 624 685 667; x_wconf 60' lang='lat' dir='ltr'><strong>summa:</strong></span> <span class='ocrx_word' id='word_1_26' title='bbox 728 607 832 672; x_wconf 90' lang='lat' dir='ltr'><strong>rei,</strong></span> <span class='ocrx_word' id='word_1_27' title='bbox 880 607 991 661; x_wconf 88' lang='lat' dir='ltr'><strong>dati</strong></span> <span class='ocrx_word' id='word_1_28' title='bbox 1034 620 1065 660; x_wconf 87' lang='lat' dir='ltr'><strong>a</strong></span> <span class='ocrx_word' id='word_1_29' title='bbox 1108 604 1269 659; x_wconf 88' lang='lat' dir='ltr'><strong>nobis</strong></span> <span class='ocrx_word' id='word_1_30' title='bbox 1299 602 1548 670; x_wconf 90' lang='lat' dir='ltr'><strong>rescripti</strong></span> <span class='ocrx_word' id='word_1_31' title='bbox 1578 600 1806 655; x_wconf 89' lang='lat' dir='ltr'><strong>formam</strong></span> <span class='ocrx_word' id='word_1_32' title='bbox 1834 617 2021 671; x_wconf 88' lang='lat' dir='ltr'><strong>seque-</strong></span> 
     </span>
    </p>
   </div>
   <div class='ocr_carea' id='block_1_7' title="bbox 463 691 2026 762">
    <p class='ocr_par' dir='ltr' id='par_1_7' title="bbox 463 691 2026 762">
     <span class='ocr_line' id='line_1_7' title="bbox 463 691 2026 762; baseline -0.006 -6"><span class='ocrx_word' id='word_1_33' title='bbox 463 711 570 756; x_wconf 89' lang='lat' dir='ltr'><strong>tur.</strong></span> <span class='ocrx_word' id='word_1_34' title='bbox 597 718 616 751; x_wconf 78' lang='grc' dir='ltr'><strong>ι</strong></span> <span class='ocrx_word' id='word_1_35' title='bbox 666 696 795 753; x_wconf 72' lang='lat' dir='ltr'><strong>Hmc</strong></span> <span class='ocrx_word' id='word_1_36' title='bbox 823 712 890 752; x_wconf 80' lang='lat' dir='ltr'><strong>ex</strong></span> <span class='ocrx_word' id='word_1_37' title='bbox 920 695 1113 751; x_wconf 86' lang='lat' dir='ltr'><strong>Latino</strong></span> <span class='ocrx_word' id='word_1_38' title='bbox 1153 694 1208 748; x_wconf 93' lang='lat' dir='ltr'><strong>in</strong></span> <span class='ocrx_word' id='word_1_39' title='bbox 1250 691 1503 747; x_wconf 65' lang='lat' dir='ltr'><strong>Graecum</strong></span> <span class='ocrx_word' id='word_1_40' title='bbox 1562 706 1867 746; x_wconf 81' lang='lat' dir='ltr'><strong>sermonem</strong></span> <span class='ocrx_word' id='word_1_41' title='bbox 1917 708 2026 762; x_wconf 89' lang='lat' dir='ltr'><strong>qoo</strong></span> 
     </span>
    </p>
   </div>
   <div class='ocr_carea' id='block_1_8' title="bbox 461 783 2029 857">
    <p class='ocr_par' dir='ltr' id='par_1_8' title="bbox 461 783 2029 857">
     <span class='ocr_line' id='line_1_8' title="bbox 461 783 2029 857; baseline -0.004 -13"><span class='ocrx_word' id='word_1_42' title='bbox 461 791 665 845; x_wconf 84' lang='lat' dir='ltr'><strong>clarius</strong></span> <span class='ocrx_word' id='word_1_43' title='bbox 693 787 1150 857; x_wconf 77' lang='lat' dir='ltr'><strong>intelligerentur,</strong></span> <span class='ocrx_word' id='word_1_44' title='bbox 1184 783 1464 846; x_wconf 88' lang='lat' dir='ltr'><strong>translata,</strong></span> <span class='ocrx_word' id='word_1_45' title='bbox 1497 784 1647 853; x_wconf 89' lang='lat' dir='ltr'><strong>operi</strong></span> <span class='ocrx_word' id='word_1_46' title='bbox 1677 784 2029 838; x_wconf 88' lang='lat' dir='ltr'><strong>nostroiuse-</strong></span> 
     </span>
    </p>
   </div>
   <div class='ocr_carea' id='block_1_9' title="bbox 465 871 2031 941">
    <p class='ocr_par' dir='ltr' id='par_1_9' title="bbox 465 871 2031 941">
     <span class='ocr_line' id='line_1_9' title="bbox 465 871 2031 941; baseline 0.001 -15"><span class='ocrx_word' id='word_1_47' title='bbox 465 876 694 930; x_wconf 86' lang='lat' dir='ltr'><strong>ruimus.</strong></span> <span class='ocrx_word' id='word_1_48' title='bbox 728 873 825 929; x_wconf 86' lang='lat' dir='ltr'><strong>Est</strong></span> <span class='ocrx_word' id='word_1_49' title='bbox 858 883 912 929; x_wconf 91' lang='lat' dir='ltr'><strong>et</strong></span> <span class='ocrx_word' id='word_1_50' title='bbox 934 873 1039 928; x_wconf 92' lang='lat' dir='ltr'><strong>alia</strong></span> <span class='ocrx_word' id='word_1_51' title='bbox 1067 872 1310 941; x_wconf 87' lang='lat' dir='ltr'><strong>ejusdem</strong></span> <span class='ocrx_word' id='word_1_52' title='bbox 1337 871 1687 939; x_wconf 73' lang='lat' dir='ltr'><strong>imperatoris</strong></span> <span class='ocrx_word' id='word_1_53' title='bbox 1712 872 2031 927; x_wconf 86' lang='lat' dir='ltr'><strong>constitutio</strong></span> 
     </span>
    </p>
   </div>
   <div class='ocr_carea' id='block_1_10' title="bbox 462 964 2030 1037">
    <p class='ocr_par' dir='ltr' id='par_1_10' title="bbox 462 964 2030 1037">
     <span class='ocr_line' id='line_1_10' title="bbox 462 964 2030 1037; baseline -0.001 -17"><span class='ocrx_word' id='word_1_54' title='bbox 462 969 530 1022; x_wconf 89' lang='lat' dir='ltr'><strong>ad</strong></span> <span class='ocrx_word' id='word_1_55' title='bbox 552 968 688 1022; x_wconf 90' lang='lat' dir='ltr'><strong>alios</strong></span> <span class='ocrx_word' id='word_1_56' title='bbox 713 967 1003 1037; x_wconf 81' lang='lat' dir='ltr'><strong>episcopos</strong></span> <span class='ocrx_word' id='word_1_57' title='bbox 1027 966 1176 1033; x_wconf 86' lang='lat' dir='ltr'><strong>data,</strong></span> <span class='ocrx_word' id='word_1_58' title='bbox 1206 980 1314 1035; x_wconf 83' lang='lat' dir='ltr'><strong>qua</strong></span> <span class='ocrx_word' id='word_1_59' title='bbox 1344 968 1410 1022; x_wconf 90' lang='lat' dir='ltr'><strong>iis</strong></span> <span class='ocrx_word' id='word_1_60' title='bbox 1454 964 1705 1036; x_wconf 85' lang='lat' dir='ltr'><strong>permisit</strong></span> <span class='ocrx_word' id='word_1_61' title='bbox 1743 975 1803 1019; x_wconf 93' lang='lat' dir='ltr'><strong>ut</strong></span> <span class='ocrx_word' id='word_1_62' title='bbox 1826 979 2030 1021; x_wconf 78' lang='lat' dir='ltr'><strong>cceme-</strong></span> 
     </span>
    </p>
   </div>
   <div class='ocr_carea' id='block_1_11' title="bbox 463 1058 1553 1129">
    <p class='ocr_par' dir='ltr' id='par_1_11' title="bbox 463 1058 1553 1129">
     <span class='ocr_line' id='line_1_11' title="bbox 463 1058 1553 1129; baseline -0.006 -13"><span class='ocrx_word' id='word_1_63' title='bbox 463 1060 720 1116; x_wconf 82' lang='lat' dir='ltr'><strong>teriorum</strong></span> <span class='ocrx_word' id='word_1_64' title='bbox 750 1073 972 1114; x_wconf 89' lang='lat' dir='ltr'><strong>suorum</strong></span> <span class='ocrx_word' id='word_1_65' title='bbox 999 1058 1117 1113; x_wconf 89' lang='lat' dir='ltr'><strong>loca</strong></span> <span class='ocrx_word' id='word_1_66' title='bbox 1139 1068 1553 1129; x_wconf 82' lang='lat' dir='ltr'><strong>recuperarent.</strong></span> 
     </span>
    </p>
   </div>
   <div class='ocr_carea' id='block_1_12' title="bbox 2128 601 3705 677">
    <p class='ocr_par' dir='ltr' id='par_1_12' title="bbox 2128 601 3705 677">
     <span class='ocr_line' id='line_1_12' title="bbox 2128 601 3705 677; baseline 0.004 -23"><span class='ocrx_word' id='word_1_67' title='bbox 2128 601 2282 673; x_wconf 82' lang='grc' dir='ltr'>ὑμῶν</span> <span class='ocrx_word' id='word_1_68' title='bbox 2334 603 2794 675; x_wconf 69' lang='grc' dir='ltr'><strong>ἀναπληροῦσθαι,</strong></span> <span class='ocrx_word' id='word_1_69' title='bbox 2857 606 2961 675; x_wconf 68' lang='grc' dir='ltr'>ἤδη</span> <span class='ocrx_word' id='word_1_70' title='bbox 3014 605 3118 676; x_wconf 75' lang='grc' dir='ltr'><strong>πρδ</strong></span> <span class='ocrx_word' id='word_1_71' title='bbox 3180 603 3372 658; x_wconf 77' lang='grc' dir='ltr'>πολλοῦ</span> <span class='ocrx_word' id='word_1_72' title='bbox 3422 605 3514 657; x_wconf 79' lang='grc' dir='ltr'><strong>ὑπ’</strong></span> <span class='ocrx_word' id='word_1_73' title='bbox 3566 605 3705 677; x_wconf 79' lang='grc' dir='ltr'>ἐμοῦ</span> 
     </span>
    </p>
   </div>
   <div class='ocr_carea' id='block_1_13' title="bbox 2131 692 3706 768">
    <p class='ocr_par' dir='ltr' id='par_1_13' title="bbox 2131 692 3706 768">
     <span class='ocr_line' id='line_1_13' title="bbox 2131 692 3706 768; baseline 0.004 -24"><span class='ocrx_word' id='word_1_74' title='bbox 2131 692 2564 764; x_wconf 76' lang='grc' dir='ltr'>συγκεχώρηται.</span> <span class='ocrx_word' id='word_1_75' title='bbox 2601 695 2712 747; x_wconf 75' lang='grc' dir='ltr'>Καὶ</span> <span class='ocrx_word' id='word_1_76' title='bbox 2753 695 2841 748; x_wconf 76' lang='grc' dir='ltr'><strong>διὰ</strong></span> <span class='ocrx_word' id='word_1_77' title='bbox 2877 695 3032 749; x_wconf 75' lang='grc' dir='ltr'>τοῦτο</span> <span class='ocrx_word' id='word_1_78' title='bbox 3063 694 3328 767; x_wconf 79' lang='grc' dir='ltr'><strong>Αὐρήλιος</strong></span> <span class='ocrx_word' id='word_1_79' title='bbox 3376 696 3649 768; x_wconf 78' lang='grc' dir='ltr'>Κυρήνιος</span> <span class='ocrx_word' id='word_1_80' title='bbox 3674 699 3706 750; x_wconf 83' lang='grc' dir='ltr'>ὁ</span> 
     </span>
    </p>
   </div>
   <div class='ocr_carea' id='block_1_14' title="bbox 2130 784 3705 858">
    <p class='ocr_par' dir='ltr' id='par_1_14' title="bbox 2130 784 3705 858">
     <span class='ocr_line' id='line_1_14' title="bbox 2130 784 3705 858; baseline 0.003 -22"><span class='ocrx_word' id='word_1_81' title='bbox 2130 784 2225 837; x_wconf 74' lang='grc' dir='ltr'>τοῦ</span> <span class='ocrx_word' id='word_1_82' title='bbox 2251 785 2507 854; x_wconf 82' lang='grc' dir='ltr'>μεγίστου</span> <span class='ocrx_word' id='word_1_83' title='bbox 2552 786 2876 856; x_wconf 80' lang='grc' dir='ltr'>πράγματος</span> <span class='ocrx_word' id='word_1_84' title='bbox 2907 786 3286 858; x_wconf 81' lang='grc' dir='ltr'>προστατεύων</span> <span class='ocrx_word' id='word_1_85' title='bbox 3316 785 3446 858; x_wconf 77' lang='grc'><strong>(51),</strong></span> <span class='ocrx_word' id='word_1_86' title='bbox 3487 787 3580 841; x_wconf 83' lang='grc' dir='ltr'><strong>τὸν</strong></span> <span class='ocrx_word' id='word_1_87' title='bbox 3606 790 3705 843; x_wconf 76' lang='grc' dir='ltr'>τύ·-</span> 
     </span>
    </p>
   </div>
   <div class='ocr_carea' id='block_1_15' title="bbox 2132 877 3709 949">
    <p class='ocr_par' dir='ltr' id='par_1_15' title="bbox 2132 877 3709 949">
     <span class='ocr_line' id='line_1_15' title="bbox 2132 877 3709 949; baseline 0.004 -21"><span class='ocrx_word' id='word_1_88' title='bbox 2132 892 2233 929; x_wconf 87' lang='grc' dir='ltr'><strong>πον</strong></span> <span class='ocrx_word' id='word_1_89' title='bbox 2268 877 2358 930; x_wconf 79' lang='grc' dir='ltr'><strong>τὸν</strong></span> <span class='ocrx_word' id='word_1_90' title='bbox 2400 878 2491 931; x_wconf 82' lang='grc' dir='ltr'>ὑπ’</span> <span class='ocrx_word' id='word_1_91' title='bbox 2520 877 2654 949; x_wconf 79' lang='grc' dir='ltr'>ἐμοῦ</span> <span class='ocrx_word' id='word_1_92' title='bbox 2694 878 2914 932; x_wconf 82' lang='grc' dir='ltr'><strong>δοθέντα</strong></span> <span class='ocrx_word' id='word_1_93' title='bbox 2962 877 3292 948; x_wconf 79' lang='grc' dir='ltr'>διαφυλάξει.</span> <span class='ocrx_word' id='word_1_94' title='bbox 3331 899 3349 931; x_wconf 75' lang='grc' dir='ltr'><strong>ι</strong></span> <span class='ocrx_word' id='word_1_95' title='bbox 3388 880 3576 935; x_wconf 81' lang='grc' dir='ltr'>Ταῦτα</span> <span class='ocrx_word' id='word_1_96' title='bbox 3614 882 3709 934; x_wconf 82' lang='grc' dir='ltr'><strong>ἐπὶ</strong></span> 
     </span>
    </p>
   </div>
   <div class='ocr_carea' id='block_1_16' title="bbox 2131 966 3709 1043">
    <p class='ocr_par' dir='ltr' id='par_1_16' title="bbox 2131 966 3709 1043">
     <span class='ocr_line' id='line_1_16' title="bbox 2131 966 3709 1043; baseline 0.005 -24"><span class='ocrx_word' id='word_1_97' title='bbox 2131 966 2193 1019; x_wconf 86' lang='grc' dir='ltr'><strong>τὸ</strong></span> <span class='ocrx_word' id='word_1_98' title='bbox 2253 969 2582 1041; x_wconf 77' lang='grc' dir='ltr'>σαφέστερον</span> <span class='ocrx_word' id='word_1_99' title='bbox 2655 970 2718 1023; x_wconf 82' lang='grc' dir='ltr'><strong>ἐκ</strong></span> <span class='ocrx_word' id='word_1_100' title='bbox 2776 970 2878 1041; x_wconf 79' lang='grc' dir='ltr'><strong>τῆς</strong></span> <span class='ocrx_word' id='word_1_101' title='bbox 2944 970 3227 1041; x_wconf 88' lang='grc' dir='ltr'>Ῥωμαίων</span> <span class='ocrx_word' id='word_1_102' title='bbox 3302 972 3709 1043; x_wconf 76' lang='grc' dir='ltr'>ἐρμηνευθέντα</span> 
     </span>
    </p>
   </div>
   <div class='ocr_carea' id='block_1_17' title="bbox 2131 1058 3709 1133">
    <p class='ocr_par' dir='ltr' id='par_1_17' title="bbox 2131 1058 3709 1133">
     <span class='ocr_line' id='line_1_17' title="bbox 2131 1058 3709 1133; baseline 0.005 -23"><span class='ocrx_word' id='word_1_103' title='bbox 2131 1058 2375 1130; x_wconf 81' lang='grc' dir='ltr'><strong>γλώττης</strong></span> <span class='ocrx_word' id='word_1_104' title='bbox 2402 1060 2687 1129; x_wconf 81' lang='grc' dir='ltr'>ἐγκείσθω.</span> <span class='ocrx_word' id='word_1_105' title='bbox 2722 1063 2832 1114; x_wconf 75' lang='grc' dir='ltr'><strong>Καὶ</strong></span> <span class='ocrx_word' id='word_1_106' title='bbox 2858 1061 2991 1133; x_wconf 84' lang='grc' dir='ltr'>ἄλλη</span> <span class='ocrx_word' id='word_1_107' title='bbox 3027 1062 3084 1116; x_wconf 81' lang='grc' dir='ltr'><strong>δὲ</strong></span> <span class='ocrx_word' id='word_1_108' title='bbox 3123 1062 3217 1116; x_wconf 77' lang='grc' dir='ltr'>τοῦ</span> <span class='ocrx_word' id='word_1_109' title='bbox 3251 1064 3415 1118; x_wconf 74' lang='grc' dir='ltr'>αὐτοῦ</span> <span class='ocrx_word' id='word_1_110' title='bbox 3461 1064 3709 1129; x_wconf 77' lang='grc' dir='ltr'><strong>διάταξις</strong></span> 
     </span>
    </p>
   </div>
   <div class='ocr_carea' id='block_1_18' title="bbox 461 1151 3704 1231">
    <p class='ocr_par' dir='ltr' id='par_1_18' title="bbox 461 1151 3704 1231">
     <span class='ocr_line' id='line_1_18' title="bbox 461 1151 3704 1231; baseline 0.002 -24"><span class='ocrx_word' id='word_1_111' title='bbox 461 1154 705 1226; x_wconf 82' lang='grc' dir='ltr'>φέρεται,</span> <span class='ocrx_word' id='word_1_112' title='bbox 742 1153 811 1224; x_wconf 75' lang='grc' dir='ltr'>ἣν</span> <span class='ocrx_word' id='word_1_113' title='bbox 851 1152 988 1224; x_wconf 83' lang='grc' dir='ltr'>πρὸς</span> <span class='ocrx_word' id='word_1_114' title='bbox 1016 1152 1234 1225; x_wconf 76' lang='grc' dir='ltr'>ἐτέρους</span> <span class='ocrx_word' id='word_1_115' title='bbox 1286 1154 1616 1217; x_wconf 88' lang='grc' dir='ltr'>ἐπισκόπους</span> <span class='ocrx_word' id='word_1_116' title='bbox 1662 1151 1974 1223; x_wconf 83' lang='grc' dir='ltr'>πεποίηται,</span> <span class='ocrx_word' id='word_1_117' title='bbox 2008 1156 2081 1209; x_wconf 88' lang='grc' dir='ltr'><strong>τά</strong></span> <span class='ocrx_word' id='word_1_118' title='bbox 2119 1153 2226 1207; x_wconf 86' lang='grc' dir='ltr'><strong>τῶν</strong></span> <span class='ocrx_word' id='word_1_119' title='bbox 2258 1154 2602 1228; x_wconf 83' lang='grc' dir='ltr'>καλουμένων</span> <span class='ocrx_word' id='word_1_120' title='bbox 2649 1157 3025 1229; x_wconf 83' lang='grc' dir='ltr'>κοιμητηρίων</span> <span class='ocrx_word' id='word_1_121' title='bbox 3048 1157 3450 1230; x_wconf 77' lang='grc' dir='ltr'>ἀπολαμϐάνειν</span> <span class='ocrx_word' id='word_1_122' title='bbox 3482 1158 3704 1231; x_wconf 78' lang='grc' dir='ltr'>ἐπιτρέ-</span> 
     </span>
    </p>
   </div>
   <div class='ocr_carea' id='block_1_19' title="bbox 460 1246 795 1318">
    <p class='ocr_par' dir='ltr' id='par_1_19' title="bbox 460 1246 795 1318">
     <span class='ocr_line' id='line_1_19' title="bbox 460 1246 795 1318; baseline -0.006 -16"><span class='ocrx_word' id='word_1_123' title='bbox 460 1266 576 1302; x_wconf 76' lang='grc' dir='ltr'>πων</span> <span class='ocrx_word' id='word_1_124' title='bbox 603 1246 795 1318; x_wconf 85' lang='grc' dir='ltr'><strong>χωρία.</strong></span> 
     </span>
    </p>
   </div>
   <div class='ocr_carea' id='block_1_20' title="bbox 1040 1336 1438 1394">
    <p class='ocr_par' dir='ltr' id='par_1_20' title="bbox 1040 1336 1438 1394">
     <span class='ocr_line' id='line_1_20' title="bbox 1040 1336 1438 1394; baseline 0.005 -2"><span class='ocrx_word' id='word_1_125' title='bbox 1040 1336 1268 1393; x_wconf 85' lang='lat' dir='ltr'><strong>CAPUT</strong></span> <span class='ocrx_word' id='word_1_126' title='bbox 1301 1338 1438 1394; x_wconf 78' lang='lat' dir='ltr'><strong>XIV.</strong></span> 
     </span>
    </p>
   </div>
   <div class='ocr_carea' id='block_1_21' title="bbox 533 1427 1959 1502">
    <p class='ocr_par' dir='ltr' id='par_1_21' title="bbox 533 1427 1959 1502">
     <span class='ocr_line' id='line_1_21' title="bbox 533 1427 1959 1502; baseline 0.004 -21"><span class='ocrx_word' id='word_1_127' title='bbox 533 1427 764 1494; x_wconf 85' lang='lat' dir='ltr'><strong>Quinam</strong></span> <span class='ocrx_word' id='word_1_128' title='bbox 808 1427 993 1482; x_wconf 81' lang='lat' dir='ltr'><strong>iisdem</strong></span> <span class='ocrx_word' id='word_1_129' title='bbox 1034 1428 1351 1498; x_wconf 79' lang='lat' dir='ltr'><strong>temporibus</strong></span> <span class='ocrx_word' id='word_1_130' title='bbox 1380 1430 1673 1498; x_wconf 79' lang='lat' dir='ltr'><strong>ﬂoruerunt</strong></span> <span class='ocrx_word' id='word_1_131' title='bbox 1706 1430 1959 1502; x_wconf 81' lang='lat' dir='ltr'><strong>episcopi.</strong></span> 
     </span>
    </p>
   </div>
   <div class='ocr_carea' id='block_1_22' title="bbox 532 1581 2026 1656">
    <p class='ocr_par' dir='ltr' id='par_1_22' title="bbox 532 1581 2026 1656">
     <span class='ocr_line' id='line_1_22' title="bbox 532 1581 2026 1656; baseline 0.005 -18"><span class='ocrx_word' id='word_1_132' title='bbox 532 1583 732 1639; x_wconf 85' lang='lat' dir='ltr'><strong>Eadem</strong></span> <span class='ocrx_word' id='word_1_133' title='bbox 797 1590 1120 1652; x_wconf 79' lang='lat' dir='ltr'><strong>tempestate</strong></span> <span class='ocrx_word' id='word_1_134' title='bbox 1183 1581 1442 1639; x_wconf 80' lang='lat' dir='ltr'><strong>Romanae</strong></span> <span class='ocrx_word' id='word_1_135' title='bbox 1492 1587 1711 1656; x_wconf 86' lang='lat' dir='ltr'><strong>quidem</strong></span> <span class='ocrx_word' id='word_1_136' title='bbox 1765 1586 2026 1645; x_wconf 67' lang='lat' dir='ltr'><strong>Ecclesiae</strong></span> 
     </span>
    </p>
   </div>
   <div class='ocr_carea' id='block_1_23' title="bbox 458 1675 2025 1749">
    <p class='ocr_par' dir='ltr' id='par_1_23' title="bbox 458 1675 2025 1749">
     <span class='ocr_line' id='line_1_23' title="bbox 458 1675 2025 1749; baseline 0.003 -19"><span class='ocrx_word' id='word_1_137' title='bbox 458 1675 635 1730; x_wconf 89' lang='lat' dir='ltr'><strong>adhuc</strong></span> <span class='ocrx_word' id='word_1_138' title='bbox 699 1685 928 1745; x_wconf 69' lang='lat' dir='ltr'><strong>pret-erat</strong></span> <span class='ocrx_word' id='word_1_139' title='bbox 975 1675 1223 1745; x_wconf 78' lang='lat' dir='ltr'><strong>Xystus;</strong></span> <span class='ocrx_word' id='word_1_140' title='bbox 1275 1676 1674 1733; x_wconf 82' lang='lat' dir='ltr'><strong>Antiochenam</strong></span> <span class='ocrx_word' id='word_1_141' title='bbox 1718 1694 1845 1734; x_wconf 87' lang='lat' dir='ltr'><strong>vero</strong></span> <span class='ocrx_word' id='word_1_142' title='bbox 1900 1689 2025 1749; x_wconf 90' lang='lat' dir='ltr'><strong>post</strong></span> 
     </span>
    </p>
   </div>
   <div class='ocr_carea' id='block_1_24' title="bbox 456 1767 2021 1841">
    <p class='ocr_par' dir='ltr' id='par_1_24' title="bbox 456 1767 2021 1841">
     <span class='ocr_line' id='line_1_24' title="bbox 456 1767 2021 1841; baseline 0.003 -18"><span class='ocrx_word' id='word_1_143' title='bbox 456 1778 686 1823; x_wconf 87' lang='lat' dir='ltr'><strong>mortem</strong></span> <span class='ocrx_word' id='word_1_144' title='bbox 731 1767 880 1822; x_wconf 84' lang='lat' dir='ltr'><strong>Fabii</strong></span> <span class='ocrx_word' id='word_1_145' title='bbox 925 1769 1084 1840; x_wconf 78' lang='lat'><strong>263</strong></span> <span class='ocrx_word' id='word_1_146' title='bbox 1131 1768 1506 1826; x_wconf 88' lang='lat' dir='ltr'><strong>Demetrianus</strong></span> <span class='ocrx_word' id='word_1_147' title='bbox 1558 1772 1814 1841; x_wconf 83' lang='lat' dir='ltr'><strong>regebat;</strong></span> <span class='ocrx_word' id='word_1_148' title='bbox 1880 1772 2021 1841; x_wconf 91' lang='lat' dir='ltr'><strong>apud</strong></span> 
     </span>
    </p>
   </div>
   <div class='ocr_carea' id='block_1_25' title="bbox 454 1858 2021 1929">
    <p class='ocr_par' dir='ltr' id='par_1_25' title="bbox 454 1858 2021 1929">
     <span class='ocr_line' id='line_1_25' title="bbox 454 1858 2021 1929; baseline 0.003 -14"><span class='ocrx_word' id='word_1_149' title='bbox 454 1859 754 1915; x_wconf 69' lang='lat' dir='ltr'><strong>Caesaream</strong></span> <span class='ocrx_word' id='word_1_150' title='bbox 779 1858 1132 1929; x_wconf 70' lang='lat' dir='ltr'><strong>Cappadociae</strong></span> <span class='ocrx_word' id='word_1_151' title='bbox 1158 1860 1546 1928; x_wconf 85' lang='lat' dir='ltr'><strong>Firmilianns;</strong></span> <span class='ocrx_word' id='word_1_152' title='bbox 1592 1864 1642 1917; x_wconf 95' lang='lat' dir='ltr'><strong>in</strong></span> <span class='ocrx_word' id='word_1_153' title='bbox 1686 1864 1859 1919; x_wconf 82' lang='lat' dir='ltr'><strong>Ponto</strong></span> <span class='ocrx_word' id='word_1_154' title='bbox 1885 1864 2021 1920; x_wconf 84' lang='lat' dir='ltr'><strong>Gre-</strong></span> 
     </span>
    </p>
   </div>
   <div class='ocr_carea' id='block_1_26' title="bbox 464 1949 2023 2023">
    <p class='ocr_par' dir='ltr' id='par_1_26' title="bbox 464 1949 2023 2023">
     <span class='ocr_line' id='line_1_26' title="bbox 464 1949 2023 2023; baseline 0.004 -18"><span class='ocrx_word' id='word_1_155' title='bbox 464 1952 649 2023; x_wconf 81' lang='lat' dir='ltr'><strong>gorius</strong></span> <span class='ocrx_word' id='word_1_156' title='bbox 683 1949 954 2019; x_wconf 81' lang='lat' dir='ltr'><strong>fraterque</strong></span> <span class='ocrx_word' id='word_1_157' title='bbox 983 1950 1098 2021; x_wconf 80' lang='lat' dir='ltr'><strong>ejus</strong></span> <span class='ocrx_word' id='word_1_158' title='bbox 1138 1952 1543 2020; x_wconf 89' lang='lat' dir='ltr'><strong>Athenodorus,</strong></span> <span class='ocrx_word' id='word_1_159' title='bbox 1587 1955 1749 2009; x_wconf 88' lang='lat' dir='ltr'><strong>ambo</strong></span> <span class='ocrx_word' id='word_1_160' title='bbox 1773 1954 2023 2023; x_wconf 81' lang='lat' dir='ltr'><strong>Origenis</strong></span> 
     </span>
    </p>
   </div>
   <div class='ocr_carea' id='block_1_27' title="bbox 455 2041 2020 2115">
    <p class='ocr_par' dir='ltr' id='par_1_27' title="bbox 455 2041 2020 2115">
     <span class='ocr_line' id='line_1_27' title="bbox 455 2041 2020 2115; baseline 0.003 -19"><span class='ocrx_word' id='word_1_161' title='bbox 455 2041 726 2112; x_wconf 86' lang='lat' dir='ltr'><strong>discipuli,</strong></span> <span class='ocrx_word' id='word_1_162' title='bbox 771 2041 1046 2099; x_wconf 86' lang='lat' dir='ltr'><strong>Ecclesias</strong></span> <span class='ocrx_word' id='word_1_163' title='bbox 1102 2044 1497 2111; x_wconf 77' lang='lat' dir='ltr'><strong>gubernabant.</strong></span> <span class='ocrx_word' id='word_1_164' title='bbox 1536 2046 1695 2115; x_wconf 88' lang='lat' dir='ltr'><strong>Apud</strong></span> <span class='ocrx_word' id='word_1_165' title='bbox 1720 2046 2020 2102; x_wconf 72' lang='lat' dir='ltr'><strong>Cmsaream</strong></span> 
     </span>
    </p>
   </div>
   <div class='ocr_carea' id='block_1_28' title="bbox 455 2130 2019 2193">
    <p class='ocr_par' dir='ltr' id='par_1_28' title="bbox 455 2130 2019 2193">
     <span class='ocr_line' id='line_1_28' title="bbox 455 2130 2019 2193; baseline 0.001 -4"><span class='ocrx_word' id='word_1_166' title='bbox 455 2144 633 2189; x_wconf 91' lang='lat' dir='ltr'><strong>autem</strong></span> <span class='ocrx_word' id='word_1_167' title='bbox 677 2133 981 2189; x_wconf 63' lang='lat' dir='ltr'><strong>Palaestinae</strong></span> <span class='ocrx_word' id='word_1_168' title='bbox 1023 2144 1238 2190; x_wconf 87' lang='lat' dir='ltr'><strong>mortuo</strong></span> <span class='ocrx_word' id='word_1_169' title='bbox 1286 2130 1604 2193; x_wconf 87' lang='lat' dir='ltr'><strong>Theoctisto</strong></span> <span class='ocrx_word' id='word_1_170' title='bbox 1654 2139 2019 2193; x_wconf 82' lang='lat' dir='ltr'><strong>sacerdotium</strong></span> 
     </span>
    </p>
   </div>
   <div class='ocr_carea' id='block_1_29' title="bbox 456 2225 2019 2301">
    <p class='ocr_par' dir='ltr' id='par_1_29' title="bbox 456 2225 2019 2301">
     <span class='ocr_line' id='line_1_29' title="bbox 456 2225 2019 2301; baseline 0.002 -19"><span class='ocrx_word' id='word_1_171' title='bbox 456 2227 692 2297; x_wconf 84' lang='lat' dir='ltr'><strong>suscepit</strong></span> <span class='ocrx_word' id='word_1_172' title='bbox 722 2225 978 2280; x_wconf 89' lang='lat' dir='ltr'><strong>Domnus.</strong></span> <span class='ocrx_word' id='word_1_173' title='bbox 1017 2225 1133 2293; x_wconf 87' lang='lat' dir='ltr'><strong>Quo</strong></span> <span class='ocrx_word' id='word_1_174' title='bbox 1175 2243 1281 2283; x_wconf 93' lang='lat' dir='ltr'><strong>non</strong></span> <span class='ocrx_word' id='word_1_175' title='bbox 1320 2230 1489 2283; x_wconf 91' lang='lat' dir='ltr'><strong>multo</strong></span> <span class='ocrx_word' id='word_1_176' title='bbox 1534 2237 1657 2301; x_wconf 89' lang='lat' dir='ltr'><strong>post</strong></span> <span class='ocrx_word' id='word_1_177' title='bbox 1695 2246 1759 2285; x_wconf 79' lang='lat' dir='ltr'><strong>ex</strong></span> <span class='ocrx_word' id='word_1_178' title='bbox 1787 2232 1886 2286; x_wconf 87' lang='lat' dir='ltr'><strong>hac</strong></span> <span class='ocrx_word' id='word_1_179' title='bbox 1910 2232 2019 2285; x_wconf 89' lang='lat' dir='ltr'><strong>vita</strong></span> 
     </span>
    </p>
   </div>
   <div class='ocr_carea' id='block_1_30' title="bbox 455 2316 2020 2392">
    <p class='ocr_par' dir='ltr' id='par_1_30' title="bbox 455 2316 2020 2392">
     <span class='ocr_line' id='line_1_30' title="bbox 455 2316 2020 2392; baseline 0.002 -18"><span class='ocrx_word' id='word_1_180' title='bbox 455 2318 687 2382; x_wconf 90' lang='lat' dir='ltr'><strong>sublato,</strong></span> <span class='ocrx_word' id='word_1_181' title='bbox 721 2316 1069 2373; x_wconf 86' lang='lat' dir='ltr'><strong>Thentccnus</strong></span> <span class='ocrx_word' id='word_1_182' title='bbox 1101 2319 1193 2388; x_wconf 92' lang='lat' dir='ltr'><strong>qui</strong></span> <span class='ocrx_word' id='word_1_183' title='bbox 1218 2319 1284 2374; x_wconf 90' lang='lat' dir='ltr'><strong>ad</strong></span> <span class='ocrx_word' id='word_1_184' title='bbox 1329 2334 1573 2376; x_wconf 90' lang='lat' dir='ltr'><strong>nostram</strong></span> <span class='ocrx_word' id='word_1_185' title='bbox 1602 2339 1772 2392; x_wconf 87' lang='lat' dir='ltr'><strong>usque</strong></span> <span class='ocrx_word' id='word_1_186' title='bbox 1806 2332 2020 2379; x_wconf 65' lang='lat' dir='ltr'><strong>aetatem</strong></span> 
     </span>
    </p>
   </div>
   <div class='ocr_carea' id='block_1_31' title="bbox 455 2409 2025 2487">
    <p class='ocr_par' dir='ltr' id='par_1_31' title="bbox 455 2409 2025 2487">
     <span class='ocr_line' id='line_1_31' title="bbox 455 2409 2025 2487; baseline 0.003 -21"><span class='ocrx_word' id='word_1_187' title='bbox 455 2410 743 2481; x_wconf 82' lang='lat' dir='ltr'><strong>superfuit,</strong></span> <span class='ocrx_word' id='word_1_188' title='bbox 768 2410 821 2465; x_wconf 90' lang='lat' dir='ltr'><strong>in</strong></span> <span class='ocrx_word' id='word_1_189' title='bbox 858 2409 974 2479; x_wconf 85' lang='lat' dir='ltr'><strong>ejus</strong></span> <span class='ocrx_word' id='word_1_190' title='bbox 998 2411 1180 2468; x_wconf 90' lang='lat' dir='ltr'><strong>locum</strong></span> <span class='ocrx_word' id='word_1_191' title='bbox 1213 2416 1536 2485; x_wconf 77' lang='lat' dir='ltr'><strong>subrogatus</strong></span> <span class='ocrx_word' id='word_1_192' title='bbox 1555 2424 1655 2470; x_wconf 78' lang='lat' dir='ltr'><strong>est.</strong></span> <span class='ocrx_word' id='word_1_193' title='bbox 1690 2416 1788 2470; x_wconf 85' lang='lat' dir='ltr'><strong>Hic</strong></span> <span class='ocrx_word' id='word_1_194' title='bbox 1811 2431 2025 2487; x_wconf 89' lang='lat' dir='ltr'><strong>quoque</strong></span> 
     </span>
    </p>
   </div>
   <div class='ocr_carea' id='block_1_32' title="bbox 454 2500 2024 2576">
    <p class='ocr_par' dir='ltr' id='par_1_32' title="bbox 454 2500 2024 2576">
     <span class='ocr_line' id='line_1_32' title="bbox 454 2500 2024 2576; baseline 0.001 -18"><span class='ocrx_word' id='word_1_195' title='bbox 454 2500 699 2572; x_wconf 78' lang='lat' dir='ltr'><strong>Origenis</strong></span> <span class='ocrx_word' id='word_1_196' title='bbox 723 2501 939 2556; x_wconf 89' lang='lat' dir='ltr'><strong>auditor</strong></span> <span class='ocrx_word' id='word_1_197' title='bbox 977 2501 1144 2558; x_wconf 85' lang='lat' dir='ltr'><strong>fuisse</strong></span> <span class='ocrx_word' id='word_1_198' title='bbox 1184 2502 1401 2560; x_wconf 88' lang='lat' dir='ltr'><strong>dicitur.</strong></span> <span class='ocrx_word' id='word_1_199' title='bbox 1463 2503 1854 2576; x_wconf 83' lang='lat' dir='ltr'><strong>Hierosolymis</strong></span> <span class='ocrx_word' id='word_1_200' title='bbox 1894 2521 2024 2560; x_wconf 85' lang='lat' dir='ltr'><strong>vero</strong></span> 
     </span>
    </p>
   </div>
   <div class='ocr_carea' id='block_1_33' title="bbox 454 2588 2025 2664">
    <p class='ocr_par' dir='ltr' id='par_1_33' title="bbox 454 2588 2025 2664">
     <span class='ocr_line' id='line_1_33' title="bbox 454 2588 2025 2664; baseline 0.003 -19"><span class='ocrx_word' id='word_1_201' title='bbox 454 2601 579 2663; x_wconf 86' lang='lat' dir='ltr'><strong>post</strong></span> <span class='ocrx_word' id='word_1_202' title='bbox 609 2588 919 2646; x_wconf 77' lang='lat' dir='ltr'><strong>Mazabanis</strong></span> <span class='ocrx_word' id='word_1_203' title='bbox 942 2591 1171 2658; x_wconf 91' lang='lat' dir='ltr'><strong>obitum,</strong></span> <span class='ocrx_word' id='word_1_204' title='bbox 1194 2594 1559 2664; x_wconf 84' lang='lat' dir='ltr'><strong>episcopalem</strong></span> <span class='ocrx_word' id='word_1_205' title='bbox 1581 2596 1760 2649; x_wconf 89' lang='lat' dir='ltr'><strong>sedem</strong></span> <span class='ocrx_word' id='word_1_206' title='bbox 1787 2593 2025 2649; x_wconf 79' lang='lat' dir='ltr'><strong>obtinuit</strong></span> 
     </span>
    </p>
   </div>
   <div class='ocr_carea' id='block_1_34' title="bbox 456 2684 2024 2758">
    <p class='ocr_par' dir='ltr' id='par_1_34' title="bbox 456 2684 2024 2758">
     <span class='ocr_line' id='line_1_34' title="bbox 456 2684 2024 2758; baseline 0.001 -19"><span class='ocrx_word' id='word_1_207' title='bbox 456 2684 803 2757; x_wconf 71' lang='lat' dir='ltr'><strong>Hymenmus,</strong></span> <span class='ocrx_word' id='word_1_208' title='bbox 832 2684 923 2752; x_wconf 90' lang='lat' dir='ltr'><strong>qui</strong></span> <span class='ocrx_word' id='word_1_209' title='bbox 948 2694 1136 2740; x_wconf 90' lang='lat' dir='ltr'><strong>nostra</strong></span> <span class='ocrx_word' id='word_1_210' title='bbox 1161 2685 1325 2740; x_wconf 87' lang='lat' dir='ltr'><strong>etiam</strong></span> <span class='ocrx_word' id='word_1_211' title='bbox 1354 2695 1511 2741; x_wconf 82' lang='lat' dir='ltr'><strong>aetate</strong></span> <span class='ocrx_word' id='word_1_212' title='bbox 1527 2685 1778 2758; x_wconf 89' lang='lat' dir='ltr'><strong>plurimis</strong></span> <span class='ocrx_word' id='word_1_213' title='bbox 1810 2686 2024 2743; x_wconf 88' lang='lat' dir='ltr'><strong>laudum</strong></span> 
     </span>
    </p>
   </div>
   <div class='ocr_carea' id='block_1_35' title="bbox 457 2775 926 2833">
    <p class='ocr_par' dir='ltr' id='par_1_35' title="bbox 457 2775 926 2833">
     <span class='ocr_line' id='line_1_35' title="bbox 457 2775 926 2833; baseline 0 0"><span class='ocrx_word' id='word_1_214' title='bbox 457 2777 630 2833; x_wconf 87' lang='lat' dir='ltr'><strong>titulis</strong></span> <span class='ocrx_word' id='word_1_215' title='bbox 654 2775 926 2833; x_wconf 87' lang='lat' dir='ltr'><strong>inclaruit.</strong></span> 
     </span>
    </p>
   </div>
   <div class='ocr_carea' id='block_1_36' title="bbox 1041 2866 1426 2926">
    <p class='ocr_par' dir='ltr' id='par_1_36' title="bbox 1041 2866 1426 2926">
     <span class='ocr_line' id='line_1_36' title="bbox 1041 2866 1426 2926; baseline -0.003 -3"><span class='ocrx_word' id='word_1_216' title='bbox 1041 2866 1272 2926; x_wconf 82' lang='lat' dir='ltr'><strong>CAPUT</strong></span> <span class='ocrx_word' id='word_1_217' title='bbox 1310 2866 1426 2924; x_wconf 85' lang='lat' dir='ltr'><strong>XV.</strong></span> 
     </span>
    </p>
   </div>
   <div class='ocr_carea' id='block_1_37' title="bbox 544 2956 1934 3035">
    <p class='ocr_par' dir='ltr' id='par_1_37' title="bbox 544 2956 1934 3035">
     <span class='ocr_line' id='line_1_37' title="bbox 544 2956 1934 3035; baseline 0.005 -23"><span class='ocrx_word' id='word_1_218' title='bbox 544 2957 814 3026; x_wconf 83' lang='lat' dir='ltr'><strong>Quomodo</strong></span> <span class='ocrx_word' id='word_1_219' title='bbox 850 2956 1091 3015; x_wconf 75' lang='lat' dir='ltr'><strong>Marinus</strong></span> <span class='ocrx_word' id='word_1_220' title='bbox 1121 2960 1278 3035; x_wconf 37' lang='lat' dir='ltr'><strong>‘apud</strong></span> <span class='ocrx_word' id='word_1_221' title='bbox 1331 2958 1627 3017; x_wconf 71' lang='lat' dir='ltr'><strong>Ca&#39;saream</strong></span> <span class='ocrx_word' id='word_1_222' title='bbox 1678 2965 1934 3035; x_wconf 82' lang='lat' dir='ltr'><strong>martyrio</strong></span> 
     </span>
    </p>
   </div>
   <div class='ocr_carea' id='block_1_38' title="bbox 1015 3030 1466 3099">
    <p class='ocr_par' dir='ltr' id='par_1_38' title="bbox 1015 3030 1466 3099">
     <span class='ocr_line' id='line_1_38' title="bbox 1015 3030 1466 3099; baseline 0.002 -15"><span class='ocrx_word' id='word_1_223' title='bbox 1015 3030 1327 3099; x_wconf 80' lang='lat' dir='ltr'><strong>perfunctus</strong></span> <span class='ocrx_word' id='word_1_224' title='bbox 1354 3042 1466 3085; x_wconf 80' lang='lat' dir='ltr'><strong>.est.</strong></span> 
     </span>
    </p>
   </div>
   <div class='ocr_carea' id='block_1_39' title="bbox 524 3120 2023 3196">
    <p class='ocr_par' dir='ltr' id='par_1_39' title="bbox 524 3120 2023 3196">
     <span class='ocr_line' id='line_1_39' title="bbox 524 3120 2023 3196; baseline 0.003 -20"><span class='ocrx_word' id='word_1_225' title='bbox 524 3120 729 3177; x_wconf 86' lang='lat' dir='ltr'><strong>Interea</strong></span> <span class='ocrx_word' id='word_1_226' title='bbox 748 3136 880 3192; x_wconf 91' lang='lat' dir='ltr'><strong>pace</strong></span> <span class='ocrx_word' id='word_1_227' title='bbox 904 3123 1119 3177; x_wconf 90' lang='lat' dir='ltr'><strong>cunctis</strong></span> <span class='ocrx_word' id='word_1_228' title='bbox 1137 3122 1337 3195; x_wconf 86' lang='lat' dir='ltr'><strong>ubique</strong></span> <span class='ocrx_word' id='word_1_229' title='bbox 1358 3121 1619 3180; x_wconf 85' lang='lat' dir='ltr'><strong>Ecclesiis</strong></span> <span class='ocrx_word' id='word_1_230' title='bbox 1638 3125 1867 3190; x_wconf 88' lang='lat' dir='ltr'><strong>reddita,</strong></span> <span class='ocrx_word' id='word_1_231' title='bbox 1885 3126 2023 3196; x_wconf 90' lang='lat' dir='ltr'><strong>apud</strong></span> 
     </span>
    </p>
   </div>
   <div class='ocr_carea' id='block_1_40' title="bbox 2649 1328 3174 1387">
    <p class='ocr_par' dir='ltr' id='par_1_40' title="bbox 2649 1328 3174 1387">
     <span class='ocr_line' id='line_1_40' title="bbox 2649 1328 3174 1387; baseline 0.01 -5"><span class='ocrx_word' id='word_1_232' title='bbox 2649 1328 3049 1387; x_wconf 74' lang='grc' dir='ltr'><strong>ΚΕΦΑΛΑΙΟΝ</strong></span> <span class='ocrx_word' id='word_1_233' title='bbox 3079 1334 3174 1387; x_wconf 85' lang='grc' dir='ltr'><strong>1Δ’.</strong></span> 
     </span>
    </p>
   </div>
   <div class='ocr_carea' id='block_1_41' title="bbox 2280 1422 3560 1494">
    <p class='ocr_par' dir='ltr' id='par_1_41' title="bbox 2280 1422 3560 1494">
     <span class='ocr_line' id='line_1_41' title="bbox 2280 1422 3560 1494; baseline 0 -14"><span class='ocrx_word' id='word_1_234' title='bbox 2280 1426 2342 1480; x_wconf 80' lang='lat' dir='ltr'><strong>Ol</strong></span> <span class='ocrx_word' id='word_1_235' title='bbox 2370 1422 2496 1478; x_wconf 83' lang='grc' dir='ltr'>κατ’</span> <span class='ocrx_word' id='word_1_236' title='bbox 2526 1423 2721 1477; x_wconf 78' lang='grc' dir='ltr'>ἐκεῖνο</span> <span class='ocrx_word' id='word_1_237' title='bbox 2756 1425 3212 1494; x_wconf 62' lang='grc' dir='ltr'>σῃνηκμακότες</span> <span class='ocrx_word' id='word_1_238' title='bbox 3238 1424 3560 1481; x_wconf 75' lang='grc' dir='ltr'>ἐπίσκοποι</span> 
     </span>
    </p>
   </div>
   <div class='ocr_carea' id='block_1_42' title="bbox 2619 1487 3225 1565">
    <p class='ocr_par' dir='ltr' id='par_1_42' title="bbox 2619 1487 3225 1565">
     <span class='ocr_line' id='line_1_42' title="bbox 2619 1487 3225 1565; baseline 0.005 -18"><span class='ocrx_word' id='word_1_239' title='bbox 2619 1494 2759 1565; x_wconf 84' lang='lat' dir='ltr'><strong>(Nic.</strong></span> <span class='ocrx_word' id='word_1_240' title='bbox 2790 1487 2859 1547; x_wconf 87' lang='lat' dir='ltr'><strong>Il.</strong></span> <span class='ocrx_word' id='word_1_241' title='bbox 2988 1511 3058 1562; x_wconf 77' lang='lat' dir='ltr'><strong>vr,</strong></span> <span class='ocrx_word' id='word_1_242' title='bbox 3110 1487 3225 1565; x_wconf 69' lang='lat' dir='ltr'><strong>at}.</strong></span> 
     </span>
    </p>
   </div>
   <div class='ocr_carea' id='block_1_43' title="bbox 2217 1582 3703 1656">
    <p class='ocr_par' dir='ltr' id='par_1_43' title="bbox 2217 1582 3703 1656">
     <span class='ocr_line' id='line_1_43' title="bbox 2217 1582 3703 1656; baseline -0.001 -16"><span class='ocrx_word' id='word_1_243' title='bbox 2217 1587 2303 1640; x_wconf 85' lang='grc' dir='ltr'>Ἐν</span> <span class='ocrx_word' id='word_1_244' title='bbox 2339 1583 2512 1656; x_wconf 81' lang='grc' dir='ltr'>τούτῳ</span> <span class='ocrx_word' id='word_1_245' title='bbox 2551 1584 2608 1638; x_wconf 89' lang='grc' dir='ltr'><strong>δέ</strong></span> <span class='ocrx_word' id='word_1_246' title='bbox 2641 1584 2741 1654; x_wconf 76' lang='grc' dir='ltr'>τῆς</span> <span class='ocrx_word' id='word_1_247' title='bbox 2783 1582 2880 1655; x_wconf 84' lang='grc' dir='ltr'><strong>μὲν</strong></span> <span class='ocrx_word' id='word_1_248' title='bbox 2924 1583 3206 1654; x_wconf 79' lang='grc' dir='ltr'>Ῥωμαίων</span> <span class='ocrx_word' id='word_1_249' title='bbox 3243 1584 3565 1655; x_wconf 82' lang='grc' dir='ltr'>Ἐκκλησὶας</span> <span class='ocrx_word' id='word_1_250' title='bbox 3589 1582 3703 1639; x_wconf 80' lang='grc' dir='ltr'>είσ-</span> 
     </span>
    </p>
   </div>
   <div class='ocr_carea' id='block_1_44' title="bbox 2131 1675 3705 1747">
    <p class='ocr_par' dir='ltr' id='par_1_44' title="bbox 2131 1675 3705 1747">
     <span class='ocr_line' id='line_1_44' title="bbox 2131 1675 3705 1747; baseline -0.002 -15"><span class='ocrx_word' id='word_1_251' title='bbox 2131 1678 2216 1732; x_wconf 89' lang='grc' dir='ltr'><strong>έτι</strong></span> <span class='ocrx_word' id='word_1_252' title='bbox 2261 1677 2381 1731; x_wconf 86' lang='grc' dir='ltr'>τότε</span> <span class='ocrx_word' id='word_1_253' title='bbox 2428 1675 2721 1747; x_wconf 83' lang='grc' dir='ltr'>καθηγείτο</span> <span class='ocrx_word' id='word_1_254' title='bbox 2769 1675 2973 1739; x_wconf 83' lang='grc' dir='ltr'>Ξύστος</span> <span class='ocrx_word' id='word_1_255' title='bbox 3012 1675 3144 1746; x_wconf 72' lang='lat'><strong>(5‘2),</strong></span> <span class='ocrx_word' id='word_1_256' title='bbox 3194 1675 3293 1746; x_wconf 84' lang='grc' dir='ltr'>τῆς</span> <span class='ocrx_word' id='word_1_257' title='bbox 3338 1675 3395 1728; x_wconf 85' lang='grc' dir='ltr'><strong>δὲ</strong></span> <span class='ocrx_word' id='word_1_258' title='bbox 3437 1676 3524 1729; x_wconf 81' lang='grc' dir='ltr'>ἐπ’</span> <span class='ocrx_word' id='word_1_259' title='bbox 3583 1677 3705 1729; x_wconf 79' lang='lat' dir='ltr'><strong>‘Av-</strong></span> 
     </span>
    </p>
   </div>
   <div class='ocr_carea' id='block_1_45' title="bbox 2126 1766 3704 1840">
    <p class='ocr_par' dir='ltr' id='par_1_45' title="bbox 2126 1766 3704 1840">
     <span class='ocr_line' id='line_1_45' title="bbox 2126 1766 3704 1840; baseline -0.001 -18"><span class='ocrx_word' id='word_1_260' title='bbox 2126 1769 2359 1840; x_wconf 87' lang='grc' dir='ltr'>τιοχείας</span> <span class='ocrx_word' id='word_1_261' title='bbox 2390 1767 2537 1838; x_wconf 74' lang='grc' dir='ltr'>μετὰ·</span> <span class='ocrx_word' id='word_1_262' title='bbox 2563 1767 2778 1830; x_wconf 81' lang='grc' dir='ltr'>Φάσιον,</span> <span class='ocrx_word' id='word_1_263' title='bbox 2819 1766 3231 1837; x_wconf 62' lang='grc' dir='ltr'>’Δημητριανόςο</span> <span class='ocrx_word' id='word_1_264' title='bbox 3269 1766 3622 1837; x_wconf 78' lang='grc' dir='ltr'>Φιρμιλιανδς</span> <span class='ocrx_word' id='word_1_265' title='bbox 3647 1768 3704 1821; x_wconf 89' lang='grc' dir='ltr'><strong>δέ</strong></span> 
     </span>
    </p>
   </div>
   <div class='ocr_carea' id='block_1_46' title="bbox 2127 1855 3703 1929">
    <p class='ocr_par' dir='ltr' id='par_1_46' title="bbox 2127 1855 3703 1929">
     <span class='ocr_line' id='line_1_46' title="bbox 2127 1855 3703 1929; baseline -0.002 -16"><span class='ocrx_word' id='word_1_266' title='bbox 2127 1857 2462 1929; x_wconf 80' lang='grc' dir='ltr'><strong>Καισαρείας</strong></span> <span class='ocrx_word' id='word_1_267' title='bbox 2526 1856 2625 1927; x_wconf 86' lang='grc' dir='ltr'>τῆς</span> <span class='ocrx_word' id='word_1_268' title='bbox 2677 1855 3085 1910; x_wconf 83' lang='grc' dir='ltr'>Καππαδοκῶν.</span> <span class='ocrx_word' id='word_1_269' title='bbox 3161 1856 3271 1909; x_wconf 74' lang='grc' dir='ltr'>Καὶ</span> <span class='ocrx_word' id='word_1_270' title='bbox 3339 1857 3431 1909; x_wconf 72' lang='grc' dir='ltr'>ἐπὶ</span> <span class='ocrx_word' id='word_1_271' title='bbox 3492 1857 3703 1921; x_wconf 73' lang='grc' dir='ltr'>τούτοις</span> 
     </span>
    </p>
   </div>
   <div class='ocr_carea' id='block_1_47' title="bbox 2125 1947 3702 2026">
    <p class='ocr_par' dir='ltr' id='par_1_47' title="bbox 2125 1947 3702 2026">
     <span class='ocr_line' id='line_1_47' title="bbox 2125 1947 3702 2026; baseline -0.001 -24"><span class='ocrx_word' id='word_1_272' title='bbox 2125 1948 2234 2002; x_wconf 83' lang='grc' dir='ltr'>τῶν</span> <span class='ocrx_word' id='word_1_273' title='bbox 2262 1947 2404 2001; x_wconf 79' lang='grc' dir='ltr'>κατὰ</span> <span class='ocrx_word' id='word_1_274' title='bbox 2434 1948 2632 2001; x_wconf 82' lang='grc' dir='ltr'>Πόντον</span> <span class='ocrx_word' id='word_1_275' title='bbox 2672 1947 2977 2019; x_wconf 73' lang='grc' dir='ltr'>ἐκκλησιῶν</span> <span class='ocrx_word' id='word_1_276' title='bbox 3011 1947 3311 2026; x_wconf 87' lang='grc' dir='ltr'>Γρηγόριος</span> <span class='ocrx_word' id='word_1_277' title='bbox 3334 1948 3430 2002; x_wconf 73' lang='grc' dir='ltr'><strong>καὶ</strong></span> <span class='ocrx_word' id='word_1_278' title='bbox 3450 1949 3477 2001; x_wconf 86' lang='grc'>6</span> <span class='ocrx_word' id='word_1_279' title='bbox 3510 1948 3702 2001; x_wconf 76' lang='grc' dir='ltr'>τούτου</span> 
     </span>
    </p>
   </div>
   <div class='ocr_carea' id='block_1_48' title="bbox 2127 2038 3703 2113">
    <p class='ocr_par' dir='ltr' id='par_1_48' title="bbox 2127 2038 3703 2113">
     <span class='ocr_line' id='line_1_48' title="bbox 2127 2038 3703 2113; baseline 0 -20"><span class='ocrx_word' id='word_1_280' title='bbox 2127 2040 2353 2109; x_wconf 79' lang='grc' dir='ltr'>ἀδελφὸς</span> <span class='ocrx_word' id='word_1_281' title='bbox 2399 2038 2781 2110; x_wconf 80' lang='grc' dir='ltr'>Ἀθηνόδωρος,</span> <span class='ocrx_word' id='word_1_282' title='bbox 2841 2040 3147 2111; x_wconf 84' lang='grc' dir='ltr'>Ὠριγένους</span> <span class='ocrx_word' id='word_1_283' title='bbox 3192 2038 3477 2113; x_wconf 84' lang='grc' dir='ltr'>γνώριμοι.</span> <span class='ocrx_word' id='word_1_284' title='bbox 3511 2041 3627 2109; x_wconf 79' lang='grc' dir='ltr'>Τῆς</span> <span class='ocrx_word' id='word_1_285' title='bbox 3657 2040 3703 2093; x_wconf 75' lang='grc' dir='ltr'>δ’</span> 
     </span>
    </p>
   </div>
   <div class='ocr_carea' id='block_1_49' title="bbox 2128 2130 3702 2204">
    <p class='ocr_par' dir='ltr' id='par_1_49' title="bbox 2128 2130 3702 2204">
     <span class='ocr_line' id='line_1_49' title="bbox 2128 2130 3702 2204; baseline -0.001 -19"><span class='ocrx_word' id='word_1_286' title='bbox 2128 2130 2219 2186; x_wconf 77' lang='grc' dir='ltr'><strong>ἐπὶ</strong></span> <span class='ocrx_word' id='word_1_287' title='bbox 2269 2131 2625 2202; x_wconf 79' lang='grc' dir='ltr'>Παλαιστίνης</span> <span class='ocrx_word' id='word_1_288' title='bbox 2669 2132 3003 2204; x_wconf 79' lang='grc' dir='ltr'>Καισαρείας</span> <span class='ocrx_word' id='word_1_289' title='bbox 3056 2130 3381 2184; x_wconf 79' lang='grc' dir='ltr'>Θεοκτίστου</span> <span class='ocrx_word' id='word_1_290' title='bbox 3433 2132 3702 2203; x_wconf 82' lang='grc' dir='ltr'>μεταλλά-</span> 
     </span>
    </p>
   </div>
   <div class='ocr_carea' id='block_1_50' title="bbox 2129 2221 3704 2293">
    <p class='ocr_par' dir='ltr' id='par_1_50' title="bbox 2129 2221 3704 2293">
     <span class='ocr_line' id='line_1_50' title="bbox 2129 2221 3704 2293; baseline 0.001 -19"><span class='ocrx_word' id='word_1_291' title='bbox 2129 2221 2332 2287; x_wconf 83' lang='grc' dir='ltr'>ξαντος,</span> <span class='ocrx_word' id='word_1_292' title='bbox 2363 2221 2663 2291; x_wconf 81' lang='grc' dir='ltr'>διαδέχεται</span> <span class='ocrx_word' id='word_1_293' title='bbox 2693 2221 2794 2293; x_wconf 81' lang='grc' dir='ltr'><strong>τὴν</strong></span> <span class='ocrx_word' id='word_1_294' title='bbox 2824 2221 3125 2293; x_wconf 79' lang='grc' dir='ltr'>ἐπισκοπὴν</span> <span class='ocrx_word' id='word_1_295' title='bbox 3163 2221 3383 2292; x_wconf 85' lang='grc' dir='ltr'>Δόμνος.</span> <span class='ocrx_word' id='word_1_296' title='bbox 3418 2222 3622 2293; x_wconf 86' lang='grc' dir='ltr'>Βραχεῖ</span> <span class='ocrx_word' id='word_1_297' title='bbox 3645 2222 3704 2275; x_wconf 83' lang='grc' dir='ltr'><strong>δέ</strong></span> 
     </span>
    </p>
   </div>
   <div class='ocr_carea' id='block_1_51' title="bbox 2128 2308 3701 2383">
    <p class='ocr_par' dir='ltr' id='par_1_51' title="bbox 2128 2308 3701 2383">
     <span class='ocr_line' id='line_1_51' title="bbox 2128 2308 3701 2383; baseline 0.002 -19"><span class='ocrx_word' id='word_1_298' title='bbox 2128 2313 2301 2383; x_wconf 80' lang='grc' dir='ltr'>χρόνῳ</span> <span class='ocrx_word' id='word_1_299' title='bbox 2326 2310 2512 2364; x_wconf 80' lang='grc' dir='ltr'>τούτου</span> <span class='ocrx_word' id='word_1_300' title='bbox 2549 2309 2950 2381; x_wconf 81' lang='grc' dir='ltr'>διαγενομένου,</span> <span class='ocrx_word' id='word_1_301' title='bbox 2988 2308 3278 2374; x_wconf 83' lang='grc' dir='ltr'>Θεότεκνος</span> <span class='ocrx_word' id='word_1_302' title='bbox 3318 2313 3348 2365; x_wconf 83' lang='grc' dir='ltr'><strong>ὁ</strong></span> <span class='ocrx_word' id='word_1_303' title='bbox 3380 2311 3498 2364; x_wconf 86' lang='grc' dir='ltr'>καθ’</span> <span class='ocrx_word' id='word_1_304' title='bbox 3531 2312 3701 2382; x_wconf 72' lang='grc' dir='ltr'>ἡμᾶς,</span> 
     </span>
    </p>
   </div>
   <div class='ocr_carea' id='block_1_52' title="bbox 2128 2400 3705 2474">
    <p class='ocr_par' dir='ltr' id='par_1_52' title="bbox 2128 2400 3705 2474">
     <span class='ocr_line' id='line_1_52' title="bbox 2128 2400 3705 2474; baseline -0.003 -16"><span class='ocrx_word' id='word_1_305' title='bbox 2128 2404 2367 2474; x_wconf 70' lang='grc' dir='ltr'>διάδοχος</span> <span class='ocrx_word' id='word_1_306' title='bbox 2414 2401 2757 2457; x_wconf 83' lang='grc' dir='ltr'>καθίσταται.</span> <span class='ocrx_word' id='word_1_307' title='bbox 2807 2401 2919 2470; x_wconf 82' lang='grc' dir='ltr'><strong>Τῆς</strong></span> <span class='ocrx_word' id='word_1_308' title='bbox 2959 2400 3002 2454; x_wconf 83' lang='grc' dir='ltr'>δ’</span> <span class='ocrx_word' id='word_1_309' title='bbox 3058 2401 3365 2474; x_wconf 84' lang='grc' dir='ltr'>Ὠριγένους</span> <span class='ocrx_word' id='word_1_310' title='bbox 3417 2402 3705 2473; x_wconf 76' lang='grc' dir='ltr'>διατριϐῆς</span> 
     </span>
    </p>
   </div>
   <div class='ocr_carea' id='block_1_53' title="bbox 2130 2485 3705 2564">
    <p class='ocr_par' dir='ltr' id='par_1_53' title="bbox 2130 2485 3705 2564">
     <span class='ocr_line' id='line_1_53' title="bbox 2130 2485 3705 2564; baseline -0.001 -15"><span class='ocrx_word' id='word_1_311' title='bbox 2130 2500 2226 2552; x_wconf 69' lang='grc' dir='ltr'>καὶ</span> <span class='ocrx_word' id='word_1_312' title='bbox 2249 2492 2405 2557; x_wconf 71' lang='grc' dir='ltr'>οὗτος</span> <span class='ocrx_word' id='word_1_313' title='bbox 2435 2489 2520 2564; x_wconf 74' lang='grc' dir='ltr'>ἧν.</span> <span class='ocrx_word' id='word_1_314' title='bbox 2563 2492 2722 2545; x_wconf 77' lang='grc' dir='ltr'><strong>Ἀλλά</strong></span> <span class='ocrx_word' id='word_1_315' title='bbox 2753 2492 2845 2544; x_wconf 78' lang='grc' dir='ltr'>καὶ</span> <span class='ocrx_word' id='word_1_316' title='bbox 2871 2493 2927 2545; x_wconf 90' lang='grc' dir='ltr'><strong>ἐν</strong></span> <span class='ocrx_word' id='word_1_317' title='bbox 2968 2485 3356 2564; x_wconf 66' lang='grc' dir='ltr'>Ἰεροσολόμοις</span> <span class='ocrx_word' id='word_1_318' title='bbox 3383 2496 3705 2548; x_wconf 88' lang='grc' dir='ltr'>ἀναπαυσα-</span> 
     </span>
    </p>
   </div>
   <div class='ocr_carea' id='block_1_54' title="bbox 2135 2587 3703 2662">
    <p class='ocr_par' dir='ltr' id='par_1_54' title="bbox 2135 2587 3703 2662">
     <span class='ocr_line' id='line_1_54' title="bbox 2135 2587 3703 2662; baseline -0.001 -18"><span class='ocrx_word' id='word_1_319' title='bbox 2135 2592 2294 2662; x_wconf 78' lang='grc' dir='ltr'>μένου</span> <span class='ocrx_word' id='word_1_320' title='bbox 2323 2588 2669 2655; x_wconf 62' lang='grc' dir='ltr'>Βίαζαῦἀνου,</span> <span class='ocrx_word' id='word_1_321' title='bbox 2705 2588 2794 2643; x_wconf 77' lang='grc' dir='ltr'>τὸν</span> <span class='ocrx_word' id='word_1_322' title='bbox 2827 2587 3013 2660; x_wconf 86' lang='grc' dir='ltr'>θρόνον</span> <span class='ocrx_word' id='word_1_323' title='bbox 3058 2588 3361 2659; x_wconf 82' lang='grc' dir='ltr'>Ὑμέναιος,</span> <span class='ocrx_word' id='word_1_324' title='bbox 3402 2589 3431 2642; x_wconf 83' lang='grc' dir='ltr'>ὁ</span> <span class='ocrx_word' id='word_1_325' title='bbox 3463 2589 3559 2643; x_wconf 73' lang='grc' dir='ltr'><strong>καὶ</strong></span> <span class='ocrx_word' id='word_1_326' title='bbox 3599 2590 3703 2642; x_wconf 84' lang='grc' dir='ltr'>αὑ-</span> 
     </span>
    </p>
   </div>
   <div class='ocr_carea' id='block_1_55' title="bbox 2129 2681 3703 2754">
    <p class='ocr_par' dir='ltr' id='par_1_55' title="bbox 2129 2681 3703 2754">
     <span class='ocr_line' id='line_1_55' title="bbox 2129 2681 3703 2754; baseline 0.001 -19"><span class='ocrx_word' id='word_1_327' title='bbox 2129 2684 2219 2746; x_wconf 82' lang='grc' dir='ltr'><strong>τὸς</strong></span> <span class='ocrx_word' id='word_1_328' title='bbox 2240 2685 2331 2738; x_wconf 77' lang='grc' dir='ltr'><strong>ἐπὶ</strong></span> <span class='ocrx_word' id='word_1_329' title='bbox 2353 2681 2623 2746; x_wconf 87' lang='grc' dir='ltr'>πλείστοις</span> <span class='ocrx_word' id='word_1_330' title='bbox 2650 2685 2761 2747; x_wconf 83' lang='grc' dir='ltr'>τοῖς</span> <span class='ocrx_word' id='word_1_331' title='bbox 2777 2683 2897 2739; x_wconf 77' lang='grc' dir='ltr'>καθ’</span> <span class='ocrx_word' id='word_1_332' title='bbox 2925 2681 3393 2754; x_wconf 68' lang='grc' dir='ltr'>ὑμᾶςδιαπρέψας</span> <span class='ocrx_word' id='word_1_333' title='bbox 3416 2682 3703 2748; x_wconf 79' lang='grc' dir='ltr'>ἐτεσι,διε-</span> 
     </span>
    </p>
   </div>
   <div class='ocr_carea' id='block_1_56' title="bbox 2129 2772 2335 2840">
    <p class='ocr_par' dir='ltr' id='par_1_56' title="bbox 2129 2772 2335 2840">
     <span class='ocr_line' id='line_1_56' title="bbox 2129 2772 2335 2840; baseline -0.01 -11"><span class='ocrx_word' id='word_1_334' title='bbox 2129 2772 2335 2840; x_wconf 79' lang='grc' dir='ltr'>δέξατο.</span> 
     </span>
    </p>
   </div>
   <div class='ocr_carea' id='block_1_57' title="bbox 2640 2863 3167 2919">
    <p class='ocr_par' dir='ltr' id='par_1_57' title="bbox 2640 2863 3167 2919">
     <span class='ocr_line' id='line_1_57' title="bbox 2640 2863 3167 2919; baseline -0.002 0"><span class='ocrx_word' id='word_1_335' title='bbox 2640 2864 3033 2919; x_wconf 76' lang='grc' dir='ltr'><strong>ΚΕΦΑΛΑῘΟΝ</strong></span> <span class='ocrx_word' id='word_1_336' title='bbox 3064 2863 3167 2918; x_wconf 87' lang='lat' dir='ltr'><strong>IE&#39;.</strong></span> 
     </span>
    </p>
   </div>
   <div class='ocr_carea' id='block_1_58' title="bbox 2163 2954 3668 3026">
    <p class='ocr_par' dir='ltr' id='par_1_58' title="bbox 2163 2954 3668 3026">
     <span class='ocr_line' id='line_1_58' title="bbox 2163 2954 3668 3026; baseline -0.001 -13"><span class='ocrx_word' id='word_1_337' title='bbox 2163 2956 2350 3025; x_wconf 76' lang='grc' dir='ltr'><strong>Ὅπως</strong></span> <span class='ocrx_word' id='word_1_338' title='bbox 2379 2954 2528 3013; x_wconf 80' lang='grc' dir='ltr'>κατὰ</span> <span class='ocrx_word' id='word_1_339' title='bbox 2569 2957 2927 3026; x_wconf 78' lang='grc' dir='ltr'>Καισάρειαν</span> <span class='ocrx_word' id='word_1_340' title='bbox 2963 2956 3224 3025; x_wconf 78' lang='grc' dir='ltr'>Μαρῖνος</span> <span class='ocrx_word' id='word_1_341' title='bbox 3255 2955 3668 3025; x_wconf 73' lang='grc' dir='ltr'>ἐμαρτύρησεν</span> 
     </span>
    </p>
   </div>
   <div class='ocr_carea' id='block_1_59' title="bbox 2625 3025 3205 3099">
    <p class='ocr_par' dir='ltr' id='par_1_59' title="bbox 2625 3025 3205 3099">
     <span class='ocr_line' id='line_1_59' title="bbox 2625 3025 3205 3099; baseline 0.002 -18"><span class='ocrx_word' id='word_1_342' title='bbox 2625 3028 2762 3099; x_wconf 80' lang='lat' dir='ltr'><strong>(Nic.</strong></span> <span class='ocrx_word' id='word_1_343' title='bbox 2791 3025 2954 3082; x_wconf 71' lang='lat'><strong>&quot;.13.</strong></span> <span class='ocrx_word' id='word_1_344' title='bbox 2983 3042 3057 3090; x_wconf 75' lang='grc' dir='ltr'>γι,</span> <span class='ocrx_word' id='word_1_345' title='bbox 3093 3028 3205 3099; x_wconf 78' lang='lat' dir='ltr'><strong>l3).</strong></span> 
     </span>
    </p>
   </div>
   <div class='ocr_carea' id='block_1_60' title="bbox 2196 3118 3703 3192">
    <p class='ocr_par' dir='ltr' id='par_1_60' title="bbox 2196 3118 3703 3192">
     <span class='ocr_line' id='line_1_60' title="bbox 2196 3118 3703 3192; baseline -0.001 -17"><span class='ocrx_word' id='word_1_346' title='bbox 2196 3121 2353 3175; x_wconf 87' lang='grc' dir='ltr'><strong>Κατά</strong></span> <span class='ocrx_word' id='word_1_347' title='bbox 2386 3120 2607 3184; x_wconf 79' lang='grc' dir='ltr'>τούτους</span> <span class='ocrx_word' id='word_1_348' title='bbox 2640 3121 2864 3192; x_wconf 80' lang='grc' dir='ltr'>εἰρήνης</span> <span class='ocrx_word' id='word_1_349' title='bbox 2903 3118 3217 3191; x_wconf 86' lang='grc' dir='ltr'>ἁπανταχοῦ</span> <span class='ocrx_word' id='word_1_350' title='bbox 3250 3120 3359 3175; x_wconf 85' lang='grc' dir='ltr'>τῶν</span> <span class='ocrx_word' id='word_1_351' title='bbox 3395 3120 3703 3191; x_wconf 80' lang='grc' dir='ltr'>ἐκκλησιῶν</span> 
     </span>
    </p>
   </div>
   <div class='ocr_carea' id='block_1_61' title="bbox 452 3211 2021 3309">
    <p class='ocr_par' dir='ltr' id='par_1_61' title="bbox 452 3212 2021 3287">
     <span class='ocr_line' id='line_1_61' title="bbox 452 3212 2021 3287; baseline 0.001 -17"><span class='ocrx_word' id='word_1_352' title='bbox 452 3212 750 3270; x_wconf 66' lang='lat' dir='ltr'><strong>Caesaream</strong></span> <span class='ocrx_word' id='word_1_353' title='bbox 777 3213 1078 3269; x_wconf 62' lang='lat' dir='ltr'><strong>Palaestina:</strong></span> <span class='ocrx_word' id='word_1_354' title='bbox 1094 3214 1338 3272; x_wconf 85' lang='lat' dir='ltr'><strong>Marinus</strong></span> <span class='ocrx_word' id='word_1_355' title='bbox 1360 3216 1578 3286; x_wconf 89' lang='lat' dir='ltr'><strong>quidam</strong></span> <span class='ocrx_word' id='word_1_356' title='bbox 1610 3218 1825 3271; x_wconf 88' lang='lat' dir='ltr'><strong>militari</strong></span> <span class='ocrx_word' id='word_1_357' title='bbox 1849 3219 2021 3287; x_wconf 77' lang='lat' dir='ltr'><strong>digni-</strong></span> 
     </span>
    </p>
   </div>
   <div class='ocr_carea' id='block_1_62' title="bbox 2126 3211 3706 3309">
    <p class='ocr_par' dir='ltr' id='par_1_62' title="bbox 2126 3211 3706 3288">
     <span class='ocr_line' id='line_1_62' title="bbox 2126 3211 3706 3288; baseline -0.002 -21"><span class='ocrx_word' id='word_1_358' title='bbox 2126 3211 2310 3285; x_wconf 71' lang='grc' dir='ltr'>οὔσης,</span> <span class='ocrx_word' id='word_1_359' title='bbox 2348 3216 2404 3268; x_wconf 89' lang='grc' dir='ltr'><strong>ἐν</strong></span> <span class='ocrx_word' id='word_1_360' title='bbox 2435 3216 2745 3286; x_wconf 67' lang='grc' dir='ltr'>Καισαρείᾳ.</span> <span class='ocrx_word' id='word_1_361' title='bbox 2787 3215 2889 3285; x_wconf 83' lang='grc' dir='ltr'>τῆς</span> <span class='ocrx_word' id='word_1_362' title='bbox 2933 3215 3297 3287; x_wconf 84' lang='grc' dir='ltr'>Παλαιστίνης</span> <span class='ocrx_word' id='word_1_363' title='bbox 3328 3216 3568 3288; x_wconf 83' lang='grc' dir='ltr'>Μαρῖνος</span> <span class='ocrx_word' id='word_1_364' title='bbox 3590 3213 3706 3267; x_wconf 69' lang='grc' dir='ltr'>τεῶν</span> 
     </span>
    </p>
   </div>
   <div class='ocr_carea' id='block_1_63' title="bbox 452 3300 2021 3379">
    <p class='ocr_par' dir='ltr' id='par_1_63' title="bbox 452 3304 2021 3379">
     <span class='ocr_line' id='line_1_63' title="bbox 452 3304 2021 3379; baseline 0.003 -20"><span class='ocrx_word' id='word_1_365' title='bbox 452 3313 567 3360; x_wconf 90' lang='lat' dir='ltr'><strong>tale</strong></span> <span class='ocrx_word' id='word_1_366' title='bbox 594 3304 900 3371; x_wconf 83' lang='lat' dir='ltr'><strong>decoratus,</strong></span> <span class='ocrx_word' id='word_1_367' title='bbox 932 3306 999 3361; x_wconf 87' lang='lat' dir='ltr'><strong>ad</strong></span> <span class='ocrx_word' id='word_1_368' title='bbox 1024 3306 1140 3361; x_wconf 65' lang='lat' dir='ltr'><strong>haec</strong></span> <span class='ocrx_word' id='word_1_369' title='bbox 1162 3307 1451 3377; x_wconf 88' lang='lat' dir='ltr'><strong>splendore</strong></span> <span class='ocrx_word' id='word_1_370' title='bbox 1472 3309 1689 3378; x_wconf 75' lang='lat' dir='ltr'><strong>generis</strong></span> <span class='ocrx_word' id='word_1_371' title='bbox 1720 3318 1884 3378; x_wconf 85' lang='lat' dir='ltr'><strong>atque</strong></span> <span class='ocrx_word' id='word_1_372' title='bbox 1904 3310 2021 3379; x_wconf 85' lang='lat' dir='ltr'><strong>opi—</strong></span> 
     </span>
    </p>
   </div>
   <div class='ocr_carea' id='block_1_64' title="bbox 2126 3300 3700 3379">
    <p class='ocr_par' dir='ltr' id='par_1_64' title="bbox 2126 3300 3700 3378">
     <span class='ocr_line' id='line_1_64' title="bbox 2126 3300 3700 3378; baseline -0.002 -18"><span class='ocrx_word' id='word_1_373' title='bbox 2126 3309 2183 3360; x_wconf 93' lang='grc' dir='ltr'><strong>ἐν</strong></span> <span class='ocrx_word' id='word_1_374' title='bbox 2217 3300 2525 3378; x_wconf 85' lang='grc' dir='ltr'>στρατείαις</span> <span class='ocrx_word' id='word_1_375' title='bbox 2561 3307 2672 3376; x_wconf 78' lang='grc'><strong>(55)</strong></span> <span class='ocrx_word' id='word_1_376' title='bbox 2710 3305 2983 3378; x_wconf 80' lang='grc' dir='ltr'>ἀξιώμασι</span> <span class='ocrx_word' id='word_1_377' title='bbox 3022 3306 3422 3378; x_wconf 83' lang='grc' dir='ltr'>τετιμημένων,</span> <span class='ocrx_word' id='word_1_378' title='bbox 3457 3305 3607 3374; x_wconf 87' lang='grc' dir='ltr'>γένει</span> <span class='ocrx_word' id='word_1_379' title='bbox 3635 3320 3700 3357; x_wconf 86' lang='grc' dir='ltr'><strong>τε</strong></span> 
     </span>
    </p>
   </div>
   <div class='ocr_carea' id='block_1_65' title="bbox 450 3396 2021 3469">
    <p class='ocr_par' dir='ltr' id='par_1_65' title="bbox 450 3396 2021 3469">
     <span class='ocr_line' id='line_1_65' title="bbox 450 3396 2021 3469; baseline 0.003 -17"><span class='ocrx_word' id='word_1_380' title='bbox 450 3399 554 3452; x_wconf 87' lang='lat' dir='ltr'><strong>bus</strong></span> <span class='ocrx_word' id='word_1_381' title='bbox 581 3396 777 3464; x_wconf 91' lang='lat' dir='ltr'><strong>clarus,</strong></span> <span class='ocrx_word' id='word_1_382' title='bbox 803 3397 872 3451; x_wconf 92' lang='lat' dir='ltr'><strong>ob</strong></span> <span class='ocrx_word' id='word_1_383' title='bbox 887 3398 1282 3454; x_wconf 84' lang='lat' dir='ltr'><strong>confessionem</strong></span> <span class='ocrx_word' id='word_1_384' title='bbox 1299 3399 1497 3454; x_wconf 82' lang='lat' dir='ltr'><strong>Christi</strong></span> <span class='ocrx_word' id='word_1_385' title='bbox 1527 3398 1705 3469; x_wconf 87' lang='lat' dir='ltr'><strong>capite</strong></span> <span class='ocrx_word' id='word_1_386' title='bbox 1734 3408 2021 3456; x_wconf 84' lang='lat' dir='ltr'><strong>truncatus</strong></span> 
     </span>
    </p>
   </div>
   <div class='ocr_carea' id='block_1_66' title="bbox 450 3487 2027 3561">
    <p class='ocr_par' dir='ltr' id='par_1_66' title="bbox 450 3487 2027 3561">
     <span class='ocr_line' id='line_1_66' title="bbox 450 3487 2027 3561; baseline 0.002 -18"><span class='ocrx_word' id='word_1_387' title='bbox 450 3499 536 3545; x_wconf 89' lang='lat' dir='ltr'><strong>est</strong></span> <span class='ocrx_word' id='word_1_388' title='bbox 586 3490 687 3544; x_wconf 90' lang='lat' dir='ltr'><strong>hac</strong></span> <span class='ocrx_word' id='word_1_389' title='bbox 724 3488 791 3544; x_wconf 90' lang='lat' dir='ltr'><strong>de</strong></span> <span class='ocrx_word' id='word_1_390' title='bbox 828 3503 1013 3544; x_wconf 90' lang='lat' dir='ltr'><strong>causa.</strong></span> <span class='ocrx_word' id='word_1_391' title='bbox 1070 3487 1256 3545; x_wconf 84' lang='lat' dir='ltr'><strong>llonor</strong></span> <span class='ocrx_word' id='word_1_392' title='bbox 1305 3490 1525 3560; x_wconf 87' lang='lat' dir='ltr'><strong>quidam</strong></span> <span class='ocrx_word' id='word_1_393' title='bbox 1578 3498 1663 3544; x_wconf 89' lang='lat' dir='ltr'><strong>est</strong></span> <span class='ocrx_word' id='word_1_394' title='bbox 1709 3489 1835 3544; x_wconf 86' lang='lat' dir='ltr'><strong>vitis</strong></span> <span class='ocrx_word' id='word_1_395' title='bbox 1879 3491 2027 3561; x_wconf 90' lang='lat' dir='ltr'><strong>apud</strong></span> 
     </span>
    </p>
   </div>
   <div class='ocr_carea' id='block_1_67' title="bbox 452 3578 2020 3650">
    <p class='ocr_par' dir='ltr' id='par_1_67' title="bbox 452 3578 2020 3650">
     <span class='ocr_line' id='line_1_67' title="bbox 452 3578 2020 3650; baseline 0.001 -16"><span class='ocrx_word' id='word_1_396' title='bbox 452 3578 747 3644; x_wconf 79' lang='lat' dir='ltr'><strong>Romanos,</strong></span> <span class='ocrx_word' id='word_1_397' title='bbox 766 3595 928 3650; x_wconf 90' lang='lat' dir='ltr'><strong>quam</strong></span> <span class='ocrx_word' id='word_1_398' title='bbox 957 3581 1048 3650; x_wconf 91' lang='lat' dir='ltr'><strong>qui</strong></span> <span class='ocrx_word' id='word_1_399' title='bbox 1077 3580 1255 3650; x_wconf 91' lang='lat' dir='ltr'><strong>adepti</strong></span> <span class='ocrx_word' id='word_1_400' title='bbox 1288 3590 1437 3645; x_wconf 91' lang='lat' dir='ltr'><strong>sunt,</strong></span> <span class='ocrx_word' id='word_1_401' title='bbox 1463 3581 1810 3636; x_wconf 87' lang='lat' dir='ltr'><strong>centuriones</strong></span> <span class='ocrx_word' id='word_1_402' title='bbox 1832 3580 2020 3635; x_wconf 86' lang='lat' dir='ltr'><strong>dicun-</strong></span> 
     </span>
    </p>
   </div>
   <div class='ocr_carea' id='block_1_68' title="bbox 453 3671 2018 3743">
    <p class='ocr_par' dir='ltr' id='par_1_68' title="bbox 453 3671 2018 3743">
     <span class='ocr_line' id='line_1_68' title="bbox 453 3671 2018 3743; baseline -0.001 -16"><span class='ocrx_word' id='word_1_403' title='bbox 453 3683 563 3728; x_wconf 90' lang='lat' dir='ltr'><strong>tur.</strong></span> <span class='ocrx_word' id='word_1_404' title='bbox 591 3673 691 3729; x_wconf 85' lang='lat' dir='ltr'><strong>Hic</strong></span> <span class='ocrx_word' id='word_1_405' title='bbox 722 3672 872 3729; x_wconf 88' lang='lat' dir='ltr'><strong>locus</strong></span> <span class='ocrx_word' id='word_1_406' title='bbox 902 3689 1022 3728; x_wconf 87' lang='lat' dir='ltr'><strong>cum</strong></span> <span class='ocrx_word' id='word_1_407' title='bbox 1058 3682 1297 3739; x_wconf 85' lang='lat' dir='ltr'><strong>vacaret,</strong></span> <span class='ocrx_word' id='word_1_408' title='bbox 1334 3672 1573 3727; x_wconf 82' lang='lat' dir='ltr'><strong>Marinus</strong></span> <span class='ocrx_word' id='word_1_409' title='bbox 1600 3672 1792 3728; x_wconf 90' lang='lat' dir='ltr'><strong>ordine</strong></span> <span class='ocrx_word' id='word_1_410' title='bbox 1819 3671 2018 3743; x_wconf 83' lang='lat' dir='ltr'><strong>gradus</strong></span> 
     </span>
    </p>
   </div>
   <div class='ocr_carea' id='block_1_69' title="bbox 451 3763 2019 3836">
    <p class='ocr_par' dir='ltr' id='par_1_69' title="bbox 451 3763 2019 3836">
     <span class='ocr_line' id='line_1_69' title="bbox 451 3763 2019 3836; baseline -0.003 -13"><span class='ocrx_word' id='word_1_411' title='bbox 451 3767 536 3824; x_wconf 87' lang='lat' dir='ltr'><strong>sui</strong></span> <span class='ocrx_word' id='word_1_412' title='bbox 568 3767 637 3821; x_wconf 86' lang='lat' dir='ltr'><strong>ad</strong></span> <span class='ocrx_word' id='word_1_413' title='bbox 683 3782 802 3821; x_wconf 90' lang='lat' dir='ltr'><strong>eam</strong></span> <span class='ocrx_word' id='word_1_414' title='bbox 856 3766 1251 3836; x_wconf 90' lang='lat' dir='ltr'><strong>promotionem</strong></span> <span class='ocrx_word' id='word_1_415' title='bbox 1295 3766 1616 3820; x_wconf 83' lang='lat' dir='ltr'><strong>vocabatur.</strong></span> <span class='ocrx_word' id='word_1_416' title='bbox 1658 3763 1856 3820; x_wconf 86' lang='lat' dir='ltr'><strong>Verum</strong></span> <span class='ocrx_word' id='word_1_417' title='bbox 1895 3779 2019 3820; x_wconf 88' lang='lat' dir='ltr'><strong>cum</strong></span> 
     </span>
    </p>
   </div>
   <div class='ocr_carea' id='block_1_70' title="bbox 450 3854 2020 3927">
    <p class='ocr_par' dir='ltr' id='par_1_70' title="bbox 450 3854 2020 3927">
     <span class='ocr_line' id='line_1_70' title="bbox 450 3854 2020 3927; baseline -0.004 -11"><span class='ocrx_word' id='word_1_418' title='bbox 450 3860 659 3916; x_wconf 86' lang='lat' dir='ltr'><strong>honore</strong></span> <span class='ocrx_word' id='word_1_419' title='bbox 687 3854 1018 3927; x_wconf 87' lang='lat' dir='ltr'><strong>illojamjam</strong></span> <span class='ocrx_word' id='word_1_420' title='bbox 1054 3858 1326 3927; x_wconf 90' lang='lat' dir='ltr'><strong>potiturus</strong></span> <span class='ocrx_word' id='word_1_421' title='bbox 1359 3866 1526 3922; x_wconf 88' lang='lat' dir='ltr'><strong>esset,</strong></span> <span class='ocrx_word' id='word_1_422' title='bbox 1552 3856 1771 3926; x_wconf 90' lang='lat' dir='ltr'><strong>quidam</strong></span> <span class='ocrx_word' id='word_1_423' title='bbox 1808 3857 1874 3910; x_wconf 84' lang='lat' dir='ltr'><strong>ad</strong></span> <span class='ocrx_word' id='word_1_424' title='bbox 1920 3856 2020 3911; x_wconf 92' lang='lat' dir='ltr'><strong>tri-</strong></span> 
     </span>
    </p>
   </div>
   <div class='ocr_carea' id='block_1_71' title="bbox 449 3948 2020 4019">
    <p class='ocr_par' dir='ltr' id='par_1_71' title="bbox 449 3948 2020 4019">
     <span class='ocr_line' id='line_1_71' title="bbox 449 3948 2020 4019; baseline 0.001 -15"><span class='ocrx_word' id='word_1_425' title='bbox 449 3950 614 4005; x_wconf 87' lang='lat' dir='ltr'><strong>bunal</strong></span> <span class='ocrx_word' id='word_1_426' title='bbox 642 3949 905 4006; x_wconf 87' lang='lat' dir='ltr'><strong>accedens</strong></span> <span class='ocrx_word' id='word_1_427' title='bbox 936 3950 1203 4004; x_wconf 82' lang='lat' dir='ltr'><strong>Marinum</strong></span> <span class='ocrx_word' id='word_1_428' title='bbox 1252 3964 1509 4005; x_wconf 89' lang='lat' dir='ltr'><strong>accusare</strong></span> <span class='ocrx_word' id='word_1_429' title='bbox 1548 3948 1737 4019; x_wconf 67' lang='lat' dir='ltr'><strong>coepit,</strong></span> <span class='ocrx_word' id='word_1_430' title='bbox 1766 3963 2020 4006; x_wconf 89' lang='lat' dir='ltr'><strong>asserens</strong></span> 
     </span>
    </p>
   </div>
   <div class='ocr_carea' id='block_1_72' title="bbox 449 4039 2020 4112">
    <p class='ocr_par' dir='ltr' id='par_1_72' title="bbox 449 4039 2020 4112">
     <span class='ocr_line' id='line_1_72' title="bbox 449 4039 2020 4112; baseline 0 -16"><span class='ocrx_word' id='word_1_431' title='bbox 449 4041 531 4096; x_wconf 88' lang='lat' dir='ltr'><strong>illi</strong></span> <span class='ocrx_word' id='word_1_432' title='bbox 560 4043 774 4112; x_wconf 88' lang='lat' dir='ltr'><strong>quidem</strong></span> <span class='ocrx_word' id='word_1_433' title='bbox 809 4051 993 4111; x_wconf 91' lang='lat' dir='ltr'><strong>utpote</strong></span> <span class='ocrx_word' id='word_1_434' title='bbox 1021 4041 1332 4097; x_wconf 88' lang='lat' dir='ltr'><strong>Christiano</strong></span> <span class='ocrx_word' id='word_1_435' title='bbox 1363 4039 1591 4105; x_wconf 91' lang='lat' dir='ltr'><strong>homini,</strong></span> <span class='ocrx_word' id='word_1_436' title='bbox 1635 4050 1690 4093; x_wconf 92' lang='lat' dir='ltr'><strong>et</strong></span> <span class='ocrx_word' id='word_1_437' title='bbox 1725 4039 2020 4110; x_wconf 88' lang='lat' dir='ltr'><strong>imperato-</strong></span> 
     </span>
    </p>
   </div>
   <div class='ocr_carea' id='block_1_73' title="bbox 450 4131 2022 4202">
    <p class='ocr_par' dir='ltr' id='par_1_73' title="bbox 450 4131 2022 4202">
     <span class='ocr_line' id='line_1_73' title="bbox 450 4131 2022 4202; baseline 0 -14"><span class='ocrx_word' id='word_1_438' title='bbox 450 4133 601 4190; x_wconf 85' lang='lat' dir='ltr'><strong>ribus</strong></span> <span class='ocrx_word' id='word_1_439' title='bbox 624 4134 932 4190; x_wconf 82' lang='lat' dir='ltr'><strong>sacriilcare</strong></span> <span class='ocrx_word' id='word_1_440' title='bbox 954 4134 1228 4198; x_wconf 88' lang='lat' dir='ltr'><strong>renuenti,</strong></span> <span class='ocrx_word' id='word_1_441' title='bbox 1253 4131 1558 4187; x_wconf 78' lang='lat' dir='ltr'><strong>Romanam</strong></span> <span class='ocrx_word' id='word_1_442' title='bbox 1583 4131 1903 4202; x_wconf 83' lang='lat' dir='ltr'><strong>dignitatem</strong></span> <span class='ocrx_word' id='word_1_443' title='bbox 1930 4149 2022 4188; x_wconf 90' lang='lat' dir='ltr'><strong>ca-</strong></span> 
     </span>
    </p>
   </div>
   <div class='ocr_carea' id='block_1_74' title="bbox 520 4290 2014 4364">
    <p class='ocr_par' dir='ltr' id='par_1_74' title="bbox 520 4290 2014 4364">
     <span class='ocr_line' id='line_1_74' title="bbox 520 4290 2014 4364; baseline -0.001 -16"><span class='ocrx_word' id='word_1_444' title='bbox 520 4291 633 4364; x_wconf 81' lang='lat' dir='ltr'><strong>(5l)</strong></span> <span class='ocrx_word' id='word_1_445' title='bbox 665 4292 780 4364; x_wconf 69' lang='grc' dir='ltr'><strong>Τοῦ</strong></span> <span class='ocrx_word' id='word_1_446' title='bbox 825 4290 1111 4361; x_wconf 78' lang='grc' dir='ltr'>μεγίστου</span> <span class='ocrx_word' id='word_1_447' title='bbox 1156 4291 1506 4364; x_wconf 14' lang='grc' dir='ltr'>»πράγματος</span> <span class='ocrx_word' id='word_1_448' title='bbox 1566 4292 2014 4364; x_wconf 18' lang='grc' dir='ltr'>νπροστατξύων.</span> 
     </span>
    </p>
   </div>
   <div class='ocr_carea' id='block_1_75' title="bbox 449 4362 2015 4446">
    <p class='ocr_par' dir='ltr' id='par_1_75' title="bbox 449 4362 2015 4446">
     <span class='ocr_line' id='line_1_75' title="bbox 449 4362 2015 4446; baseline -0.001 -28"><span class='ocrx_word' id='word_1_449' title='bbox 449 4362 621 4418; x_wconf 61' lang='lat' dir='ltr'><strong>nunc</strong></span> <span class='ocrx_word' id='word_1_450' title='bbox 664 4362 1008 4446; x_wconf 50' lang='lat' dir='ltr'><strong>locummjam</strong></span> <span class='ocrx_word' id='word_1_451' title='bbox 1035 4362 1261 4446; x_wconf 55' lang='lat' dir='ltr'><strong>“dudum</strong></span> <span class='ocrx_word' id='word_1_452' title='bbox 1317 4362 1684 4446; x_wconf 58' lang='lat' dir='ltr'><strong>explicaviuin</strong></span> <span class='ocrx_word' id='word_1_453' title='bbox 1750 4362 1893 4446; x_wconf 66' lang='lat' dir='ltr'><strong>notis</strong></span> <span class='ocrx_word' id='word_1_454' title='bbox 1936 4363 2015 4444; x_wconf 42' lang='lat' dir='ltr'><strong>.ad</strong></span> 
     </span>
    </p>
   </div>
   <div class='ocr_carea' id='block_1_76' title="bbox 450 4431 2023 4570">
    <p class='ocr_par' dir='ltr' id='par_1_76' title="bbox 450 4431 2023 4570">
     <span class='ocr_line' id='line_1_76' title="bbox 454 4431 2017 4502; baseline -0.001 -13"><span class='ocrx_word' id='word_1_455' title='bbox 454 4446 712 4502; x_wconf 75' lang='lat' dir='ltr'><strong>excerpta</strong></span> <span class='ocrx_word' id='word_1_456' title='bbox 742 4448 807 4486; x_wconf 81' lang='lat' dir='ltr'><strong>ex</strong></span> <span class='ocrx_word' id='word_1_457' title='bbox 844 4432 1013 4485; x_wconf 87' lang='lat' dir='ltr'><strong>Dione</strong></span> <span class='ocrx_word' id='word_1_458' title='bbox 1033 4431 1351 4495; x_wconf 81' lang='lat' dir='ltr'><strong>Cocceiano,</strong></span> <span class='ocrx_word' id='word_1_459' title='bbox 1393 4448 1515 4501; x_wconf 78' lang='lat' dir='ltr'><strong>pag.</strong></span> <span class='ocrx_word' id='word_1_460' title='bbox 1581 4431 1706 4485; x_wconf 73' lang='lat'><strong>“2.</strong></span> <span class='ocrx_word' id='word_1_461' title='bbox 1765 4432 2017 4498; x_wconf 86' lang='lat' dir='ltr'><strong>Cujacius</strong></span> 
     </span>
     <span class='ocr_line' id='line_1_77' title="bbox 450 4500 2023 4570; baseline -0.003 -11"><span class='ocrx_word' id='word_1_462' title='bbox 450 4505 505 4559; x_wconf 87' lang='lat' dir='ltr'><strong>in</strong></span> <span class='ocrx_word' id='word_1_463' title='bbox 531 4503 623 4558; x_wconf 89' lang='lat' dir='ltr'><strong>lib.</strong></span> <span class='ocrx_word' id='word_1_464' title='bbox 649 4517 743 4558; x_wconf 77' lang='lat' dir='ltr'><strong>Vm</strong></span> <span class='ocrx_word' id='word_1_465' title='bbox 785 4500 1079 4565; x_wconf 83' lang='lat' dir='ltr'><strong>0bservat.,</strong></span> <span class='ocrx_word' id='word_1_466' title='bbox 1109 4515 1228 4570; x_wconf 87' lang='lat' dir='ltr'><strong>cap.</strong></span> <span class='ocrx_word' id='word_1_467' title='bbox 1255 4500 1344 4562; x_wconf 70' lang='lat'><strong>&#39;52,</strong></span> <span class='ocrx_word' id='word_1_468' title='bbox 1384 4512 1528 4556; x_wconf 87' lang='lat' dir='ltr'><strong>recte</strong></span> <span class='ocrx_word' id='word_1_469' title='bbox 1557 4502 1773 4570; x_wconf 88' lang='lat' dir='ltr'><strong>quidem</strong></span> <span class='ocrx_word' id='word_1_470' title='bbox 1794 4501 2023 4566; x_wconf 90' lang='lat' dir='ltr'><strong>monuit,</strong></span> 
     </span>
    </p>
   </div>
   <div class='ocr_carea' id='block_1_77' title="bbox 2124 3396 3700 3470">
    <p class='ocr_par' dir='ltr' id='par_1_77' title="bbox 2124 3396 3700 3470">
     <span class='ocr_line' id='line_1_78' title="bbox 2124 3396 3700 3470; baseline -0.003 -18"><span class='ocrx_word' id='word_1_471' title='bbox 2124 3398 2219 3452; x_wconf 78' lang='grc' dir='ltr'><strong>καὶ</strong></span> <span class='ocrx_word' id='word_1_472' title='bbox 2252 3397 2465 3470; x_wconf 79' lang='grc' dir='ltr'>πλούτῳ</span> <span class='ocrx_word' id='word_1_473' title='bbox 2496 3398 2802 3470; x_wconf 81' lang='grc' dir='ltr'>περιφανὴς</span> <span class='ocrx_word' id='word_1_474' title='bbox 2831 3397 2987 3469; x_wconf 86' lang='grc' dir='ltr'>ἀνὴρ,</span> <span class='ocrx_word' id='word_1_475' title='bbox 3021 3399 3108 3450; x_wconf 82' lang='grc' dir='ltr'>διὰ</span> <span class='ocrx_word' id='word_1_476' title='bbox 3150 3398 3249 3467; x_wconf 82' lang='grc' dir='ltr'>τὴν</span> <span class='ocrx_word' id='word_1_477' title='bbox 3280 3396 3517 3466; x_wconf 80' lang='grc' dir='ltr'>Χριστοῦ</span> <span class='ocrx_word' id='word_1_478' title='bbox 3555 3412 3700 3467; x_wconf 82' lang='grc' dir='ltr'>μαρ-</span> 
     </span>
    </p>
   </div>
   <div class='ocr_carea' id='block_1_78' title="bbox 2122 3483 3698 3557">
    <p class='ocr_par' dir='ltr' id='par_1_78' title="bbox 2122 3483 3698 3557">
     <span class='ocr_line' id='line_1_79' title="bbox 2122 3483 3698 3557; baseline -0.002 -18"><span class='ocrx_word' id='word_1_479' title='bbox 2122 3486 2311 3557; x_wconf 84' lang='grc' dir='ltr'>τυρίαν</span> <span class='ocrx_word' id='word_1_480' title='bbox 2361 3485 2454 3556; x_wconf 80' lang='grc' dir='ltr'>τὴν</span> <span class='ocrx_word' id='word_1_481' title='bbox 2500 3486 2743 3556; x_wconf 73' lang='grc' dir='ltr'>κεφαλὴν</span> <span class='ocrx_word' id='word_1_482' title='bbox 2806 3484 3186 3555; x_wconf 82' lang='grc' dir='ltr'>ἀποτέμνεται,</span> <span class='ocrx_word' id='word_1_483' title='bbox 3247 3483 3463 3537; x_wconf 85' lang='grc' dir='ltr'>τοιᾶσδε</span> <span class='ocrx_word' id='word_1_484' title='bbox 3511 3483 3698 3537; x_wconf 80' lang='grc' dir='ltr'>ἕνεκεν</span> 
     </span>
    </p>
   </div>
   <div class='ocr_carea' id='block_1_79' title="bbox 2122 3576 3698 3649">
    <p class='ocr_par' dir='ltr' id='par_1_79' title="bbox 2122 3576 3698 3649">
     <span class='ocr_line' id='line_1_80' title="bbox 2122 3576 3698 3649; baseline -0.003 -16"><span class='ocrx_word' id='word_1_485' title='bbox 2122 3579 2319 3643; x_wconf 78' lang='grc' dir='ltr'>αἰτίας.</span> <span class='ocrx_word' id='word_1_486' title='bbox 2362 3579 2509 3649; x_wconf 90' lang='grc' dir='ltr'>Τιμή</span> <span class='ocrx_word' id='word_1_487' title='bbox 2559 3595 2645 3642; x_wconf 90' lang='grc' dir='ltr'><strong>τις</strong></span> <span class='ocrx_word' id='word_1_488' title='bbox 2687 3577 2804 3630; x_wconf 77' lang='grc' dir='ltr'>ἐστὶ</span> <span class='ocrx_word' id='word_1_489' title='bbox 2849 3577 2999 3649; x_wconf 85' lang='grc' dir='ltr'><strong>παρά</strong></span> <span class='ocrx_word' id='word_1_490' title='bbox 3054 3577 3345 3649; x_wconf 84' lang='grc' dir='ltr'>Ῥωμαίοις</span> <span class='ocrx_word' id='word_1_491' title='bbox 3387 3577 3447 3630; x_wconf 81' lang='grc' dir='ltr'>τὸ</span> <span class='ocrx_word' id='word_1_492' title='bbox 3489 3576 3698 3647; x_wconf 80' lang='grc' dir='ltr'>κλῆμα,</span> 
     </span>
    </p>
   </div>
   <div class='ocr_carea' id='block_1_80' title="bbox 2122 3666 3700 3743">
    <p class='ocr_par' dir='ltr' id='par_1_80' title="bbox 2122 3666 3700 3743">
     <span class='ocr_line' id='line_1_81' title="bbox 2122 3666 3700 3743; baseline -0.001 -18"><span class='ocrx_word' id='word_1_493' title='bbox 2122 3667 2183 3726; x_wconf 75' lang='grc' dir='ltr'>οὗ</span> <span class='ocrx_word' id='word_1_494' title='bbox 2211 3674 2336 3736; x_wconf 82' lang='grc' dir='ltr'>τοὺς</span> <span class='ocrx_word' id='word_1_495' title='bbox 2355 3671 2614 3742; x_wconf 87' lang='grc' dir='ltr'>τυχόντας</span> <span class='ocrx_word' id='word_1_496' title='bbox 2642 3672 2804 3741; x_wconf 69' lang='grc' dir='ltr'>φασὶν</span> <span class='ocrx_word' id='word_1_497' title='bbox 2838 3671 3271 3743; x_wconf 76' lang='grc' dir='ltr'>ἑκατοντάρχους</span> <span class='ocrx_word' id='word_1_498' title='bbox 3297 3666 3560 3739; x_wconf 81' lang='grc' dir='ltr'>γίνεσθαι.</span> <span class='ocrx_word' id='word_1_499' title='bbox 3595 3669 3700 3723; x_wconf 81' lang='grc' dir='ltr'><strong>Τό-</strong></span> 
     </span>
    </p>
   </div>
   <div class='ocr_carea' id='block_1_81' title="bbox 2126 3759 3702 3834">
    <p class='ocr_par' dir='ltr' id='par_1_81' title="bbox 2126 3759 3702 3834">
     <span class='ocr_line' id='line_1_82' title="bbox 2126 3759 3702 3834; baseline -0.003 -16"><span class='ocrx_word' id='word_1_500' title='bbox 2126 3781 2228 3818; x_wconf 92' lang='grc' dir='ltr'><strong>που</strong></span> <span class='ocrx_word' id='word_1_501' title='bbox 2264 3762 2611 3834; x_wconf 77' lang='grc' dir='ltr'>σχολάζοντος</span> <span class='ocrx_word' id='word_1_502' title='bbox 2650 3762 2761 3834; x_wconf 66' lang='grc'>(54)</span> <span class='ocrx_word' id='word_1_503' title='bbox 2805 3762 2899 3816; x_wconf 75' lang='grc' dir='ltr'><strong>ἐπὶ</strong></span> <span class='ocrx_word' id='word_1_504' title='bbox 2930 3762 3087 3816; x_wconf 79' lang='grc' dir='ltr'>τοῦτο</span> <span class='ocrx_word' id='word_1_505' title='bbox 3130 3759 3415 3834; x_wconf 74' lang='grc' dir='ltr'>προκοπῆς</span> <span class='ocrx_word' id='word_1_506' title='bbox 3445 3761 3536 3814; x_wconf 79' lang='grc' dir='ltr'><strong>τὸν</strong></span> <span class='ocrx_word' id='word_1_507' title='bbox 3577 3763 3702 3815; x_wconf 55' lang='grc' dir='ltr'><strong>Μαί</strong></span> 
     </span>
    </p>
   </div>
   <div class='ocr_carea' id='block_1_82' title="bbox 2129 3852 3703 3930">
    <p class='ocr_par' dir='ltr' id='par_1_82' title="bbox 2129 3852 3703 3930">
     <span class='ocr_line' id='line_1_83' title="bbox 2129 3852 3703 3930; baseline -0.003 -18"><span class='ocrx_word' id='word_1_508' title='bbox 2129 3860 2272 3930; x_wconf 87' lang='grc' dir='ltr'>ρῖνον</span> <span class='ocrx_word' id='word_1_509' title='bbox 2306 3858 2340 3927; x_wconf 83' lang='grc' dir='ltr'>ὴ</span> <span class='ocrx_word' id='word_1_510' title='bbox 2367 3853 2461 3909; x_wconf 82' lang='grc' dir='ltr'>τοῦ</span> <span class='ocrx_word' id='word_1_511' title='bbox 2498 3852 2707 3926; x_wconf 81' lang='grc' dir='ltr'>βαθμοῦ</span> <span class='ocrx_word' id='word_1_512' title='bbox 2740 3853 2892 3919; x_wconf 81' lang='grc' dir='ltr'>τάξις</span> <span class='ocrx_word' id='word_1_513' title='bbox 2925 3855 3130 3909; x_wconf 82' lang='grc' dir='ltr'>ἐκάλει.</span> <span class='ocrx_word' id='word_1_514' title='bbox 3163 3856 3302 3928; x_wconf 86' lang='grc' dir='ltr'><strong>Ἤδη</strong></span> <span class='ocrx_word' id='word_1_515' title='bbox 3339 3872 3397 3908; x_wconf 87' lang='grc' dir='ltr'><strong>τε</strong></span> <span class='ocrx_word' id='word_1_516' title='bbox 3439 3853 3703 3925; x_wconf 83' lang='grc' dir='ltr'>μέλλοντα</span> 
     </span>
    </p>
   </div>
   <div class='ocr_carea' id='block_1_83' title="bbox 2125 3946 3703 4021">
    <p class='ocr_par' dir='ltr' id='par_1_83' title="bbox 2125 3946 3703 4021">
     <span class='ocr_line' id='line_1_84' title="bbox 2125 3946 3703 4021; baseline -0.003 -18"><span class='ocrx_word' id='word_1_517' title='bbox 2125 3949 2226 4020; x_wconf 80' lang='grc' dir='ltr'>τῆς</span> <span class='ocrx_word' id='word_1_518' title='bbox 2255 3949 2423 4021; x_wconf 82' lang='grc' dir='ltr'>τιμῆς</span> <span class='ocrx_word' id='word_1_519' title='bbox 2459 3947 2697 4019; x_wconf 75' lang='grc' dir='ltr'>ἔχεσθαι,</span> <span class='ocrx_word' id='word_1_520' title='bbox 2746 3946 3031 4020; x_wconf 87' lang='grc' dir='ltr'>παρελθὼν</span> <span class='ocrx_word' id='word_1_521' title='bbox 3062 3948 3219 4013; x_wconf 82' lang='grc' dir='ltr'>ἄλλος</span> <span class='ocrx_word' id='word_1_522' title='bbox 3246 3948 3351 4020; x_wconf 81' lang='grc' dir='ltr'><strong>πρὸ</strong></span> <span class='ocrx_word' id='word_1_523' title='bbox 3382 3947 3476 4000; x_wconf 79' lang='grc' dir='ltr'>τοῦ</span> <span class='ocrx_word' id='word_1_524' title='bbox 3525 3947 3703 4018; x_wconf 77' lang='grc' dir='ltr'>βήμα-</span> 
     </span>
    </p>
   </div>
   <div class='ocr_carea' id='block_1_84' title="bbox 2126 4038 3699 4112">
    <p class='ocr_par' dir='ltr' id='par_1_84' title="bbox 2126 4038 3699 4112">
     <span class='ocr_line' id='line_1_85' title="bbox 2126 4038 3699 4112; baseline -0.001 -19"><span class='ocrx_word' id='word_1_525' title='bbox 2126 4057 2237 4104; x_wconf 88' lang='grc' dir='ltr'>τος,</span> <span class='ocrx_word' id='word_1_526' title='bbox 2276 4040 2350 4112; x_wconf 85' lang='grc' dir='ltr'>μὴ</span> <span class='ocrx_word' id='word_1_527' title='bbox 2382 4039 2583 4106; x_wconf 80' lang='grc' dir='ltr'>ἐξεῖναι</span> <span class='ocrx_word' id='word_1_528' title='bbox 2619 4038 2718 4109; x_wconf 82' lang='grc' dir='ltr'><strong>μὲν</strong></span> <span class='ocrx_word' id='word_1_529' title='bbox 2754 4038 2948 4110; x_wconf 83' lang='grc' dir='ltr'>ἐκείνῳ</span> <span class='ocrx_word' id='word_1_530' title='bbox 2979 4038 3077 4110; x_wconf 81' lang='grc' dir='ltr'>τῆς</span> <span class='ocrx_word' id='word_1_531' title='bbox 3125 4040 3409 4111; x_wconf 85' lang='grc' dir='ltr'>Ῥωμαίων</span> <span class='ocrx_word' id='word_1_532' title='bbox 3453 4039 3699 4111; x_wconf 86' lang='grc' dir='ltr'>μετέχειν</span> 
     </span>
    </p>
   </div>
   <div class='ocr_carea' id='block_1_85' title="bbox 2128 4124 3697 4206">
    <p class='ocr_par' dir='ltr' id='par_1_85' title="bbox 2128 4124 3697 4206">
     <span class='ocr_line' id='line_1_86' title="bbox 2128 4124 3697 4206; baseline -0.002 -16"><span class='ocrx_word' id='word_1_533' title='bbox 2128 4132 2283 4203; x_wconf 80' lang='grc' dir='ltr'>ἀξίας</span> <span class='ocrx_word' id='word_1_534' title='bbox 2322 4124 2472 4187; x_wconf 78' lang='grc' dir='ltr'>’κατά</span> <span class='ocrx_word' id='word_1_535' title='bbox 2517 4133 2644 4197; x_wconf 83' lang='grc' dir='ltr'>τοὺς</span> <span class='ocrx_word' id='word_1_536' title='bbox 2696 4130 2957 4196; x_wconf 77' lang='grc' dir='ltr'>παλαιοὺς</span> <span class='ocrx_word' id='word_1_537' title='bbox 3012 4133 3229 4205; x_wconf 85' lang='grc' dir='ltr'>νόμους,</span> <span class='ocrx_word' id='word_1_538' title='bbox 3275 4133 3583 4206; x_wconf 83' lang='grc' dir='ltr'>Χριστιανῴ</span> <span class='ocrx_word' id='word_1_539' title='bbox 3636 4153 3697 4202; x_wconf 73' lang='grc' dir='ltr'>γε</span> 
     </span>
    </p>
   </div>
   <div class='ocr_carea' id='block_1_86' title="bbox 2124 4292 3693 4364">
    <p class='ocr_par' dir='ltr' id='par_1_86' title="bbox 2124 4292 3693 4364">
     <span class='ocr_line' id='line_1_87' title="bbox 2124 4292 3693 4364; baseline 0.001 -15"><span class='ocrx_word' id='word_1_540' title='bbox 2124 4293 2278 4359; x_wconf 84' lang='lat' dir='ltr'><strong>bant,</strong></span> <span class='ocrx_word' id='word_1_541' title='bbox 2312 4294 2377 4349; x_wconf 90' lang='lat' dir='ltr'><strong>de</strong></span> <span class='ocrx_word' id='word_1_542' title='bbox 2397 4293 2663 4364; x_wconf 73' lang='lat' dir='ltr'><strong>castrensi</strong></span> <span class='ocrx_word' id='word_1_543' title='bbox 2694 4292 2887 4348; x_wconf 91' lang='lat' dir='ltr'><strong>militia</strong></span> <span class='ocrx_word' id='word_1_544' title='bbox 2933 4299 3092 4348; x_wconf 87' lang='lat' dir='ltr'><strong>erant</strong></span> <span class='ocrx_word' id='word_1_545' title='bbox 3147 4301 3381 4364; x_wconf 89' lang='lat' dir='ltr'><strong>sumpta,</strong></span> <span class='ocrx_word' id='word_1_546' title='bbox 3429 4303 3487 4349; x_wconf 92' lang='lat' dir='ltr'><strong>ut</strong></span> <span class='ocrx_word' id='word_1_547' title='bbox 3540 4305 3693 4351; x_wconf 86' lang='lat' dir='ltr'><strong>notat</strong></span> 
     </span>
    </p>
   </div>
   <div class='ocr_carea' id='block_1_87' title="bbox 2125 4361 2714 4419">
    <p class='ocr_par' dir='ltr' id='par_1_87' title="bbox 2125 4361 2714 4419">
     <span class='ocr_line' id='line_1_88' title="bbox 2125 4361 2714 4419; baseline -0.003 0"><span class='ocrx_word' id='word_1_548' title='bbox 2125 4366 2395 4419; x_wconf 84' lang='lat' dir='ltr'><strong>Asconius</strong></span> <span class='ocrx_word' id='word_1_549' title='bbox 2421 4361 2714 4418; x_wconf 89' lang='lat' dir='ltr'><strong>Pedianus.</strong></span> 
     </span>
    </p>
   </div>
   <div class='ocr_carea' id='block_1_88' title="bbox 2199 4432 3702 4505">
    <p class='ocr_par' dir='ltr' id='par_1_88' title="bbox 2199 4432 3702 4505">
     <span class='ocr_line' id='line_1_89' title="bbox 2199 4432 3702 4505; baseline 0.001 -17"><span class='ocrx_word' id='word_1_550' title='bbox 2199 4435 2311 4502; x_wconf 70' lang='grc'><strong>(54)</strong></span> <span class='ocrx_word' id='word_1_551' title='bbox 2348 4432 2881 4505; x_wconf 67' lang='grc' dir='ltr'><strong>’ῙῇκατοντάρχουςΔ</strong></span> <span class='ocrx_word' id='word_1_552' title='bbox 2910 4432 3198 4505; x_wconf 68' lang='grc' dir='ltr'>γίνεσθαι.</span> <span class='ocrx_word' id='word_1_553' title='bbox 3248 4435 3439 4488; x_wconf 77' lang='grc' dir='ltr'>Τόπον</span> <span class='ocrx_word' id='word_1_554' title='bbox 3470 4434 3702 4505; x_wconf 77' lang='grc' dir='ltr'>σχολά-</span> 
     </span>
    </p>
   </div>
   <div class='ocr_carea' id='block_1_89' title="bbox 2122 4502 3697 4574">
    <p class='ocr_par' dir='ltr' id='par_1_89' title="bbox 2122 4502 3697 4574">
     <span class='ocr_line' id='line_1_90' title="bbox 2122 4502 3697 4574; baseline -0.001 -16"><span class='ocrx_word' id='word_1_555' title='bbox 2122 4502 2346 4571; x_wconf 78' lang='grc' dir='ltr'>ζοντος.</span> <span class='ocrx_word' id='word_1_556' title='bbox 2369 4503 2503 4559; x_wconf 90' lang='lat' dir='ltr'><strong>Cod.</strong></span> <span class='ocrx_word' id='word_1_557' title='bbox 2534 4502 2950 4574; x_wconf 64' lang='lat' dir='ltr'><strong>Reg.,ytveooat</strong></span> <span class='ocrx_word' id='word_1_558' title='bbox 2980 4503 3169 4565; x_wconf 88' lang='grc' dir='ltr'>τόπου,</span> <span class='ocrx_word' id='word_1_559' title='bbox 3192 4504 3308 4574; x_wconf 88' lang='lat' dir='ltr'><strong>sine</strong></span> <span class='ocrx_word' id='word_1_560' title='bbox 3327 4502 3697 4568; x_wconf 67' lang='lat' dir='ltr'><strong>distinctione,</strong></span> 
     </span>
    </p>
   </div>
   <div class='ocr_carea' id='block_1_90' title="bbox 452 4571 3696 4643">
    <p class='ocr_par' dir='ltr' id='par_1_90' title="bbox 452 4571 3696 4643">
     <span class='ocr_line' id='line_1_91' title="bbox 452 4571 3696 4643; baseline 0 -15"><span class='ocrx_word' id='word_1_561' title='bbox 452 4573 768 4628; x_wconf 85' lang='lat' dir='ltr'><strong>rationalem</strong></span> <span class='ocrx_word' id='word_1_562' title='bbox 794 4571 1016 4627; x_wconf 62' lang='lat' dir='ltr'><strong>sumina:</strong></span> <span class='ocrx_word' id='word_1_563' title='bbox 1046 4571 1122 4626; x_wconf 88' lang='lat' dir='ltr'><strong>rei</strong></span> <span class='ocrx_word' id='word_1_564' title='bbox 1175 4571 1260 4625; x_wconf 92' lang='lat' dir='ltr'><strong>his</strong></span> <span class='ocrx_word' id='word_1_565' title='bbox 1296 4572 1497 4643; x_wconf 72' lang='lat' dir='ltr'><strong>verbis</strong></span> <span class='ocrx_word' id='word_1_566' title='bbox 1558 4571 2018 4643; x_wconf 31' lang='lat' dir='ltr'><strong>designarlaﬁed</strong></span> <span class='ocrx_word' id='word_1_567' title='bbox 2056 4576 2099 4630; x_wconf 92' lang='lat' dir='ltr'><strong>D</strong></span> <span class='ocrx_word' id='word_1_568' title='bbox 2129 4590 2357 4643; x_wconf 89' lang='lat' dir='ltr'><strong>eamque</strong></span> <span class='ocrx_word' id='word_1_569' title='bbox 2413 4571 2906 4639; x_wconf 57' lang='lat' dir='ltr'><strong>interpu&#39;nctionem</strong></span> <span class='ocrx_word' id='word_1_570' title='bbox 2984 4583 3165 4629; x_wconf 88' lang='lat' dir='ltr'><strong>tuetur</strong></span> <span class='ocrx_word' id='word_1_571' title='bbox 3245 4573 3599 4629; x_wconf 88' lang='lat' dir='ltr'><strong>Casaubonus</strong></span> <span class='ocrx_word' id='word_1_572' title='bbox 3643 4577 3696 4630; x_wconf 88' lang='lat' dir='ltr'><strong>in</strong></span> 
     </span>
    </p>
   </div>
   <div class='ocr_carea' id='block_1_91' title="bbox 448 4639 2020 4712">
    <p class='ocr_par' dir='ltr' id='par_1_91' title="bbox 448 4639 2020 4712">
     <span class='ocr_line' id='line_1_92' title="bbox 448 4639 2020 4712; baseline 0.001 -19"><span class='ocrx_word' id='word_1_573' title='bbox 448 4644 580 4712; x_wconf 86' lang='lat' dir='ltr'><strong>quid</strong></span> <span class='ocrx_word' id='word_1_574' title='bbox 607 4652 752 4697; x_wconf 88' lang='lat' dir='ltr'><strong>esset</strong></span> <span class='ocrx_word' id='word_1_575' title='bbox 773 4657 983 4695; x_wconf 88' lang='lat' dir='ltr'><strong>summa</strong></span> <span class='ocrx_word' id='word_1_576' title='bbox 1011 4657 1117 4704; x_wconf 88' lang='lat' dir='ltr'><strong>res.</strong></span> <span class='ocrx_word' id='word_1_577' title='bbox 1149 4656 1257 4695; x_wconf 91' lang='lat' dir='ltr'><strong>non</strong></span> <span class='ocrx_word' id='word_1_578' title='bbox 1294 4641 1581 4699; x_wconf 85' lang='lat' dir='ltr'><strong>intellexit.</strong></span> <span class='ocrx_word' id='word_1_579' title='bbox 1614 4639 1722 4695; x_wconf 84' lang='lat' dir='ltr'><strong>Nos</strong></span> <span class='ocrx_word' id='word_1_580' title='bbox 1760 4643 1835 4712; x_wconf 87' lang='lat' dir='ltr'><strong>ad</strong></span> <span class='ocrx_word' id='word_1_581' title='bbox 1873 4641 2020 4695; x_wconf 81' lang='lat' dir='ltr'><strong>illum</strong></span> 
     </span>
    </p>
   </div>
   <div class='ocr_carea' id='block_1_92' title="bbox 452 4711 2024 4776">
    <p class='ocr_par' dir='ltr' id='par_1_92' title="bbox 452 4711 2024 4776">
     <span class='ocr_line' id='line_1_93' title="bbox 452 4711 2024 4776; baseline 0 -9"><span class='ocrx_word' id='word_1_582' title='bbox 452 4711 640 4768; x_wconf 83' lang='lat' dir='ltr'><strong>Dionis</strong></span> <span class='ocrx_word' id='word_1_583' title='bbox 672 4713 869 4776; x_wconf 87' lang='lat' dir='ltr'><strong>locum,</strong></span> <span class='ocrx_word' id='word_1_584' title='bbox 893 4713 1229 4768; x_wconf 85' lang='lat' dir='ltr'><strong>ostendimus</strong></span> <span class='ocrx_word' id='word_1_585' title='bbox 1263 4726 1530 4765; x_wconf 86' lang='lat' dir='ltr'><strong>summam</strong></span> <span class='ocrx_word' id='word_1_586' title='bbox 1568 4726 1680 4763; x_wconf 90' lang='lat' dir='ltr'><strong>rem</strong></span> <span class='ocrx_word' id='word_1_587' title='bbox 1720 4711 1860 4767; x_wconf 90' lang='lat' dir='ltr'><strong>idem</strong></span> <span class='ocrx_word' id='word_1_588' title='bbox 1899 4726 2024 4767; x_wconf 87' lang='lat' dir='ltr'><strong>esse</strong></span> 
     </span>
    </p>
   </div>
   <div class='ocr_carea' id='block_1_93' title="bbox 437 4780 1721 4851">
    <p class='ocr_par' dir='ltr' id='par_1_93' title="bbox 437 4780 1721 4851">
     <span class='ocr_line' id='line_1_94' title="bbox 437 4780 1721 4851; baseline -0.002 -13"><span class='ocrx_word' id='word_1_589' title='bbox 437 4798 514 4839; x_wconf 69' lang='lat' dir='ltr'><strong>.ac</strong></span> <span class='ocrx_word' id='word_1_590' title='bbox 543 4798 809 4840; x_wconf 87' lang='lat' dir='ltr'><strong>summam</strong></span> <span class='ocrx_word' id='word_1_591' title='bbox 835 4782 1139 4851; x_wconf 82' lang='lat' dir='ltr'><strong>pecuniam,</strong></span> <span class='ocrx_word' id='word_1_592' title='bbox 1171 4783 1261 4835; x_wconf 82' lang='grc' dir='ltr'><strong>τὸν</strong></span> <span class='ocrx_word' id='word_1_593' title='bbox 1283 4780 1512 4835; x_wconf 83' lang='grc' dir='ltr'>καθόλου</span> <span class='ocrx_word' id='word_1_594' title='bbox 1541 4780 1721 4848; x_wconf 83' lang='grc' dir='ltr'>λόγον.</span> 
     </span>
    </p>
   </div>
   <div class='ocr_carea' id='block_1_94' title="bbox 523 4879 2018 4951">
    <p class='ocr_par' dir='ltr' id='par_1_94' title="bbox 523 4879 2018 4951">
     <span class='ocr_line' id='line_1_95' title="bbox 523 4879 2018 4951; baseline 0 -18"><span class='ocrx_word' id='word_1_595' title='bbox 523 4879 635 4951; x_wconf 77' lang='lat'><strong>(5‘2)</strong></span> <span class='ocrx_word' id='word_1_596' title='bbox 671 4882 921 4951; x_wconf 63' lang='grc' dir='ltr'>Ξξῷστος.</span> <span class='ocrx_word' id='word_1_597' title='bbox 981 4885 1091 4935; x_wconf 89' lang='lat' dir='ltr'><strong>Imo</strong></span> <span class='ocrx_word' id='word_1_598' title='bbox 1146 4879 1353 4951; x_wconf 79' lang='lat' dir='ltr'><strong>Xystus</strong></span> <span class='ocrx_word' id='word_1_599' title='bbox 1412 4880 1737 4951; x_wconf 81' lang='lat' dir='ltr'><strong>jampridem</strong></span> <span class='ocrx_word' id='word_1_600' title='bbox 1791 4879 2018 4951; x_wconf 84' lang='lat' dir='ltr'><strong>obierat.</strong></span> 
     </span>
    </p>
   </div>
   <div class='ocr_carea' id='block_1_95' title="bbox 449 4948 2021 5022">
    <p class='ocr_par' dir='ltr' id='par_1_95' title="bbox 449 4948 2021 5022">
     <span class='ocr_line' id='line_1_96' title="bbox 449 4948 2021 5022; baseline 0 -18"><span class='ocrx_word' id='word_1_601' title='bbox 449 4948 671 5022; x_wconf 84' lang='lat' dir='ltr'><strong>Quippe</strong></span> <span class='ocrx_word' id='word_1_602' title='bbox 696 4948 897 5022; x_wconf 80' lang='lat' dir='ltr'><strong>Xystus</strong></span> <span class='ocrx_word' id='word_1_603' title='bbox 950 4952 1004 5004; x_wconf 92' lang='lat' dir='ltr'><strong>in</strong></span> <span class='ocrx_word' id='word_1_604' title='bbox 1073 4948 1448 5022; x_wconf 63' lang='lat' dir='ltr'><strong>persecutione</strong></span> <span class='ocrx_word' id='word_1_605' title='bbox 1494 4948 1770 5022; x_wconf 70' lang='lat' dir='ltr'><strong>Valeriani</strong></span> <span class='ocrx_word' id='word_1_606' title='bbox 1823 4950 2021 5020; x_wconf 80' lang='lat' dir='ltr'><strong>insigni</strong></span> 
     </span>
    </p>
   </div>
   <div class='ocr_carea' id='block_1_96' title="bbox 449 5018 2019 5090">
    <p class='ocr_par' dir='ltr' id='par_1_96' title="bbox 449 5018 2019 5090">
     <span class='ocr_line' id='line_1_97' title="bbox 449 5018 2019 5090; baseline 0.001 -18"><span class='ocrx_word' id='word_1_607' title='bbox 449 5018 712 5090; x_wconf 81' lang='lat' dir='ltr'><strong>martyrio</strong></span> <span class='ocrx_word' id='word_1_608' title='bbox 748 5018 1040 5075; x_wconf 79' lang='lat' dir='ltr'><strong>coronatus</strong></span> <span class='ocrx_word' id='word_1_609' title='bbox 1069 5018 1152 5075; x_wconf 84' lang='lat' dir='ltr'><strong>est</strong></span> <span class='ocrx_word' id='word_1_610' title='bbox 1195 5018 1371 5074; x_wconf 90' lang='lat' dir='ltr'><strong>Tusco</strong></span> <span class='ocrx_word' id='word_1_611' title='bbox 1420 5031 1476 5074; x_wconf 93' lang='lat' dir='ltr'><strong>et</strong></span> <span class='ocrx_word' id='word_1_612' title='bbox 1526 5020 1693 5074; x_wconf 86' lang='lat' dir='ltr'><strong>Basso</strong></span> <span class='ocrx_word' id='word_1_613' title='bbox 1750 5018 2019 5090; x_wconf 54' lang='lat' dir='ltr'><strong>coss.,&#39;vn</strong></span> 
     </span>
    </p>
   </div>
   <div class='ocr_carea' id='block_1_97' title="bbox 449 5089 2020 5161">
    <p class='ocr_par' dir='ltr' id='par_1_97' title="bbox 449 5089 2020 5161">
     <span class='ocr_line' id='line_1_98' title="bbox 449 5089 2020 5161; baseline 0 -17"><span class='ocrx_word' id='word_1_614' title='bbox 449 5090 571 5144; x_wconf 86' lang='lat' dir='ltr'><strong>Idus</strong></span> <span class='ocrx_word' id='word_1_615' title='bbox 595 5089 843 5161; x_wconf 64' lang='lat' dir='ltr'><strong>Augusti,</strong></span> <span class='ocrx_word' id='word_1_616' title='bbox 874 5101 932 5161; x_wconf 78' lang='lat' dir='ltr'><strong>ut</strong></span> <span class='ocrx_word' id='word_1_617' title='bbox 959 5099 1173 5144; x_wconf 87' lang='lat' dir='ltr'><strong>constat</strong></span> <span class='ocrx_word' id='word_1_618' title='bbox 1202 5102 1314 5145; x_wconf 90' lang='lat' dir='ltr'><strong>tum</strong></span> <span class='ocrx_word' id='word_1_619' title='bbox 1361 5106 1426 5147; x_wconf 84' lang='lat' dir='ltr'><strong>es</strong></span> <span class='ocrx_word' id='word_1_620' title='bbox 1482 5090 1711 5159; x_wconf 87' lang='lat' dir='ltr'><strong>epistola</strong></span> <span class='ocrx_word' id='word_1_621' title='bbox 1745 5089 2020 5161; x_wconf 81' lang='lat' dir='ltr'><strong>Cypriani,</strong></span> 
     </span>
    </p>
   </div>
   <div class='ocr_carea' id='block_1_98' title="bbox 450 5157 1195 5228">
    <p class='ocr_par' dir='ltr' id='par_1_98' title="bbox 450 5157 1195 5228">
     <span class='ocr_line' id='line_1_99' title="bbox 450 5157 1195 5228; baseline 0 -15"><span class='ocrx_word' id='word_1_622' title='bbox 450 5169 563 5215; x_wconf 90' lang='lat' dir='ltr'><strong>tum</strong></span> <span class='ocrx_word' id='word_1_623' title='bbox 592 5174 655 5214; x_wconf 82' lang='lat' dir='ltr'><strong>ex</strong></span> <span class='ocrx_word' id='word_1_624' title='bbox 686 5158 842 5213; x_wconf 85' lang='lat' dir='ltr'><strong>Libro</strong></span> <span class='ocrx_word' id='word_1_625' title='bbox 868 5157 1195 5228; x_wconf 76' lang='lat' dir='ltr'><strong>Ponti/irati.</strong></span> 
     </span>
    </p>
   </div>
   <div class='ocr_carea' id='block_1_99' title="bbox 520 5271 2022 5342">
    <p class='ocr_par' dir='ltr' id='par_1_99' title="bbox 520 5271 2022 5342">
     <span class='ocr_line' id='line_1_100' title="bbox 520 5271 2022 5342; baseline 0.001 -14"><span class='ocrx_word' id='word_1_626' title='bbox 520 5272 631 5342; x_wconf 76' lang='lat'><strong>(53)</strong></span> <span class='ocrx_word' id='word_1_627' title='bbox 659 5271 871 5326; x_wconf 79' lang='grc' dir='ltr'><strong>Τῶνέν</strong></span> <span class='ocrx_word' id='word_1_628' title='bbox 904 5273 1262 5341; x_wconf 81' lang='grc' dir='ltr'>στρατείαις.</span> <span class='ocrx_word' id='word_1_629' title='bbox 1307 5273 1613 5329; x_wconf 85' lang='lat' dir='ltr'><strong>Cohortalis</strong></span> <span class='ocrx_word' id='word_1_630' title='bbox 1673 5273 1866 5328; x_wconf 88' lang='lat' dir='ltr'><strong>militia</strong></span> <span class='ocrx_word' id='word_1_631' title='bbox 1931 5274 2022 5330; x_wconf 91' lang='lat' dir='ltr'><strong>hic</strong></span> 
     </span>
    </p>
   </div>
   <div class='ocr_carea' id='block_1_100' title="bbox 448 5342 2019 5413">
    <p class='ocr_par' dir='ltr' id='par_1_100' title="bbox 448 5342 2019 5413">
     <span class='ocr_line' id='line_1_101' title="bbox 448 5342 2019 5413; baseline 0.003 -19"><span class='ocrx_word' id='word_1_632' title='bbox 448 5342 661 5398; x_wconf 89' lang='lat' dir='ltr'><strong>videtur</strong></span> <span class='ocrx_word' id='word_1_633' title='bbox 687 5344 944 5412; x_wconf 83' lang='lat' dir='ltr'><strong>intelligi,</strong></span> <span class='ocrx_word' id='word_1_634' title='bbox 973 5356 1029 5397; x_wconf 88' lang='lat' dir='ltr'><strong>ut</strong></span> <span class='ocrx_word' id='word_1_635' title='bbox 1074 5359 1138 5398; x_wconf 74' lang='lat' dir='ltr'><strong>ex</strong></span> <span class='ocrx_word' id='word_1_636' title='bbox 1172 5345 1523 5413; x_wconf 82' lang='lat' dir='ltr'><strong>sequentibus</strong></span> <span class='ocrx_word' id='word_1_637' title='bbox 1557 5346 1681 5399; x_wconf 91' lang='lat' dir='ltr'><strong>licet</strong></span> <span class='ocrx_word' id='word_1_638' title='bbox 1739 5345 2019 5413; x_wconf 74' lang='lat' dir='ltr'><strong>colligere.</strong></span> 
     </span>
    </p>
   </div>
   <div class='ocr_carea' id='block_1_101' title="bbox 447 5413 2018 5483">
    <p class='ocr_par' dir='ltr' id='par_1_101' title="bbox 447 5413 2018 5483">
     <span class='ocr_line' id='line_1_102' title="bbox 447 5413 2018 5483; baseline -0.001 -14"><span class='ocrx_word' id='word_1_639' title='bbox 447 5413 534 5469; x_wconf 84' lang='lat' dir='ltr'><strong>Fit</strong></span> <span class='ocrx_word' id='word_1_640' title='bbox 554 5415 697 5467; x_wconf 89' lang='lat' dir='ltr'><strong>enim</strong></span> <span class='ocrx_word' id='word_1_641' title='bbox 732 5416 931 5467; x_wconf 88' lang='lat' dir='ltr'><strong>mentio</strong></span> <span class='ocrx_word' id='word_1_642' title='bbox 957 5414 1135 5468; x_wconf 64' lang='lat' dir='ltr'><strong>Achaei</strong></span> <span class='ocrx_word' id='word_1_643' title='bbox 1154 5415 1437 5480; x_wconf 84' lang='lat' dir='ltr'><strong>judicis,et</strong></span> <span class='ocrx_word' id='word_1_644' title='bbox 1458 5415 1559 5468; x_wconf 88' lang='lat' dir='ltr'><strong>fori</strong></span> <span class='ocrx_word' id='word_1_645' title='bbox 1589 5430 1651 5469; x_wconf 88' lang='lat' dir='ltr'><strong>ac</strong></span> <span class='ocrx_word' id='word_1_646' title='bbox 1671 5415 2018 5483; x_wconf 88' lang='lat' dir='ltr'><strong>judiciorum,</strong></span> 
     </span>
    </p>
   </div>
   <div class='ocr_carea' id='block_1_102' title="bbox 447 5485 2018 5554">
    <p class='ocr_par' dir='ltr' id='par_1_102' title="bbox 447 5485 2018 5554">
     <span class='ocr_line' id='line_1_103' title="bbox 447 5485 2018 5554; baseline 0.003 -19"><span class='ocrx_word' id='word_1_647' title='bbox 447 5500 566 5554; x_wconf 65' lang='lat' dir='ltr'><strong>quae</strong></span> <span class='ocrx_word' id='word_1_648' title='bbox 596 5486 661 5539; x_wconf 89' lang='lat' dir='ltr'><strong>de</strong></span> <span class='ocrx_word' id='word_1_649' title='bbox 686 5496 894 5537; x_wconf 85' lang='lat' dir='ltr'><strong>armata</strong></span> <span class='ocrx_word' id='word_1_650' title='bbox 925 5495 979 5539; x_wconf 90' lang='lat' dir='ltr'><strong>et</strong></span> <span class='ocrx_word' id='word_1_651' title='bbox 1000 5485 1259 5539; x_wconf 86' lang='lat' dir='ltr'><strong>castrensi</strong></span> <span class='ocrx_word' id='word_1_652' title='bbox 1283 5486 1469 5537; x_wconf 90' lang='lat' dir='ltr'><strong>militia</strong></span> <span class='ocrx_word' id='word_1_653' title='bbox 1496 5486 1599 5539; x_wconf 89' lang='lat' dir='ltr'><strong>dici</strong></span> <span class='ocrx_word' id='word_1_654' title='bbox 1635 5502 1739 5540; x_wconf 89' lang='lat' dir='ltr'><strong>non</strong></span> <span class='ocrx_word' id='word_1_655' title='bbox 1768 5498 2018 5554; x_wconf 86' lang='lat' dir='ltr'><strong>possunt.</strong></span> 
     </span>
    </p>
   </div>
   <div class='ocr_carea' id='block_1_103' title="bbox 449 5554 2021 5618">
    <p class='ocr_par' dir='ltr' id='par_1_103' title="bbox 449 5554 2021 5618">
     <span class='ocr_line' id='line_1_104' title="bbox 449 5554 2021 5618; baseline 0 -9"><span class='ocrx_word' id='word_1_656' title='bbox 449 5558 607 5610; x_wconf 64' lang='lat' dir='ltr'><strong>Certe</strong></span> <span class='ocrx_word' id='word_1_657' title='bbox 642 5554 685 5609; x_wconf 90' lang='lat' dir='ltr'><strong>si</strong></span> <span class='ocrx_word' id='word_1_658' title='bbox 712 5555 777 5608; x_wconf 89' lang='lat' dir='ltr'><strong>de</strong></span> <span class='ocrx_word' id='word_1_659' title='bbox 798 5565 1005 5608; x_wconf 85' lang='lat' dir='ltr'><strong>armata</strong></span> <span class='ocrx_word' id='word_1_660' title='bbox 1031 5554 1222 5607; x_wconf 79' lang='lat' dir='ltr'><strong>militia</strong></span> <span class='ocrx_word' id='word_1_661' title='bbox 1252 5556 1342 5609; x_wconf 91' lang='lat' dir='ltr'><strong>hic</strong></span> <span class='ocrx_word' id='word_1_662' title='bbox 1378 5570 1558 5609; x_wconf 89' lang='lat' dir='ltr'><strong>sermo</strong></span> <span class='ocrx_word' id='word_1_663' title='bbox 1588 5566 1753 5618; x_wconf 88' lang='lat' dir='ltr'><strong>esset,</strong></span> <span class='ocrx_word' id='word_1_664' title='bbox 1783 5555 2021 5609; x_wconf 83' lang='lat' dir='ltr'><strong>Marinus</strong></span> 
     </span>
    </p>
   </div>
   <div class='ocr_carea' id='block_1_104' title="bbox 449 5624 2018 5693">
    <p class='ocr_par' dir='ltr' id='par_1_104' title="bbox 449 5624 2018 5693">
     <span class='ocr_line' id='line_1_105' title="bbox 449 5624 2018 5693; baseline 0.003 -18"><span class='ocrx_word' id='word_1_665' title='bbox 449 5639 629 5678; x_wconf 87' lang='lat' dir='ltr'><strong>coram</strong></span> <span class='ocrx_word' id='word_1_666' title='bbox 682 5624 817 5678; x_wconf 89' lang='lat' dir='ltr'><strong>duce</strong></span> <span class='ocrx_word' id='word_1_667' title='bbox 866 5638 959 5678; x_wconf 89' lang='lat' dir='ltr'><strong>aut</strong></span> <span class='ocrx_word' id='word_1_668' title='bbox 1011 5640 1195 5679; x_wconf 89' lang='lat' dir='ltr'><strong>coram</strong></span> <span class='ocrx_word' id='word_1_669' title='bbox 1265 5625 1448 5693; x_wconf 76' lang='lat' dir='ltr'><strong>legato</strong></span> <span class='ocrx_word' id='word_1_670' title='bbox 1514 5626 1747 5679; x_wconf 67' lang='lat' dir='ltr'><strong>Cmsaris</strong></span> <span class='ocrx_word' id='word_1_671' title='bbox 1797 5640 2018 5680; x_wconf 89' lang='lat' dir='ltr'><strong>causam</strong></span> 
     </span>
    </p>
   </div>
   <div class='ocr_carea' id='block_1_105' title="bbox 451 5693 2017 5761">
    <p class='ocr_par' dir='ltr' id='par_1_105' title="bbox 451 5693 2017 5761">
     <span class='ocr_line' id='line_1_106' title="bbox 451 5693 2017 5761; baseline 0.003 -17"><span class='ocrx_word' id='word_1_672' title='bbox 451 5695 695 5749; x_wconf 79' lang='lat' dir='ltr'><strong>uixisset.</strong></span> <span class='ocrx_word' id='word_1_673' title='bbox 733 5693 1223 5749; x_wconf 85' lang='lat' dir='ltr'><strong>Habehantautem</strong></span> <span class='ocrx_word' id='word_1_674' title='bbox 1276 5696 1535 5749; x_wconf 90' lang='lat' dir='ltr'><strong>ordinarii</strong></span> <span class='ocrx_word' id='word_1_675' title='bbox 1588 5695 1801 5761; x_wconf 88' lang='lat' dir='ltr'><strong>judices</strong></span> <span class='ocrx_word' id='word_1_676' title='bbox 1855 5695 2017 5748; x_wconf 89' lang='lat' dir='ltr'><strong>etiam</strong></span> 
     </span>
    </p>
   </div>
   <div class='ocr_carea' id='block_1_106' title="bbox 450 5763 2019 5820">
    <p class='ocr_par' dir='ltr' id='par_1_106' title="bbox 450 5763 2019 5820">
     <span class='ocr_line' id='line_1_107' title="bbox 450 5763 2019 5820; baseline 0.001 -4"><span class='ocrx_word' id='word_1_677' title='bbox 450 5765 796 5818; x_wconf 82' lang='lat' dir='ltr'><strong>centuriones</strong></span> <span class='ocrx_word' id='word_1_678' title='bbox 818 5778 947 5819; x_wconf 91' lang='lat' dir='ltr'><strong>suos</strong></span> <span class='ocrx_word' id='word_1_679' title='bbox 969 5775 1023 5819; x_wconf 87' lang='lat' dir='ltr'><strong>et</strong></span> <span class='ocrx_word' id='word_1_680' title='bbox 1047 5764 1438 5819; x_wconf 88' lang='lat' dir='ltr'><strong>coruicularios</strong></span> <span class='ocrx_word' id='word_1_681' title='bbox 1470 5765 1520 5818; x_wconf 91' lang='lat' dir='ltr'><strong>in</strong></span> <span class='ocrx_word' id='word_1_682' title='bbox 1546 5765 1721 5817; x_wconf 83' lang='lat' dir='ltr'><strong>ollicio</strong></span> <span class='ocrx_word' id='word_1_683' title='bbox 1756 5781 1874 5820; x_wconf 88' lang='lat' dir='ltr'><strong>suo.</strong></span> <span class='ocrx_word' id='word_1_684' title='bbox 1912 5763 2019 5818; x_wconf 84' lang='lat' dir='ltr'><strong>Sed</strong></span> 
     </span>
    </p>
   </div>
   <div class='ocr_carea' id='block_1_107' title="bbox 447 5833 2020 5907">
    <p class='ocr_par' dir='ltr' id='par_1_107' title="bbox 447 5833 2020 5907">
     <span class='ocr_line' id='line_1_108' title="bbox 447 5833 2020 5907; baseline 0.001 -20"><span class='ocrx_word' id='word_1_685' title='bbox 447 5847 499 5887; x_wconf 88' lang='lat' dir='ltr'><strong>et</strong></span> <span class='ocrx_word' id='word_1_686' title='bbox 527 5844 720 5889; x_wconf 85' lang='lat' dir='ltr'><strong>cuncta</strong></span> <span class='ocrx_word' id='word_1_687' title='bbox 746 5833 859 5889; x_wconf 84' lang='lat' dir='ltr'><strong>fere</strong></span> <span class='ocrx_word' id='word_1_688' title='bbox 897 5837 1115 5890; x_wconf 87' lang='lat' dir='ltr'><strong>nomina</strong></span> <span class='ocrx_word' id='word_1_689' title='bbox 1146 5834 1452 5892; x_wconf 83' lang='lat' dir='ltr'><strong>ollicialium</strong></span> <span class='ocrx_word' id='word_1_690' title='bbox 1487 5838 1578 5906; x_wconf 87' lang='lat' dir='ltr'><strong>qui</strong></span> <span class='ocrx_word' id='word_1_691' title='bbox 1619 5837 1749 5906; x_wconf 88' lang='lat' dir='ltr'><strong>ipsis</strong></span> <span class='ocrx_word' id='word_1_692' title='bbox 1787 5849 2020 5907; x_wconf 79' lang='lat' dir='ltr'><strong>appare-</strong></span> 
     </span>
    </p>
   </div>
   <div class='ocr_carea' id='block_1_108' title="bbox 2128 4643 3696 4713">
    <p class='ocr_par' dir='ltr' id='par_1_108' title="bbox 2128 4643 3696 4713">
     <span class='ocr_line' id='line_1_109' title="bbox 2128 4643 3696 4713; baseline 0 -15"><span class='ocrx_word' id='word_1_693' title='bbox 2128 4645 2272 4699; x_wconf 90' lang='lat' dir='ltr'><strong>notis</strong></span> <span class='ocrx_word' id='word_1_694' title='bbox 2302 4645 2367 4697; x_wconf 89' lang='lat' dir='ltr'><strong>ad</strong></span> <span class='ocrx_word' id='word_1_695' title='bbox 2397 4643 2766 4713; x_wconf 84' lang='lat' dir='ltr'><strong>Spartianum,</strong></span> <span class='ocrx_word' id='word_1_696' title='bbox 2803 4657 2926 4713; x_wconf 71' lang='lat' dir='ltr'><strong>pag.</strong></span> <span class='ocrx_word' id='word_1_697' title='bbox 2948 4643 3041 4697; x_wconf 69' lang='lat'><strong>2|.</strong></span> <span class='ocrx_word' id='word_1_698' title='bbox 3074 4643 3166 4699; x_wconf 91' lang='lat' dir='ltr'><strong>Sic</strong></span> <span class='ocrx_word' id='word_1_699' title='bbox 3200 4645 3345 4698; x_wconf 90' lang='lat' dir='ltr'><strong>enim</strong></span> <span class='ocrx_word' id='word_1_700' title='bbox 3372 4656 3559 4699; x_wconf 89' lang='lat' dir='ltr'><strong>censet</strong></span> <span class='ocrx_word' id='word_1_701' title='bbox 3588 4646 3696 4699; x_wconf 80' lang='lat' dir='ltr'><strong>Ca-</strong></span> 
     </span>
    </p>
   </div>
   <div class='ocr_carea' id='block_1_109' title="bbox 2127 4712 3701 4783">
    <p class='ocr_par' dir='ltr' id='par_1_109' title="bbox 2127 4712 3701 4783">
     <span class='ocr_line' id='line_1_110' title="bbox 2127 4712 3701 4783; baseline -0.001 -14"><span class='ocrx_word' id='word_1_702' title='bbox 2127 4717 2420 4780; x_wconf 88' lang='lat' dir='ltr'><strong>saubonus,</strong></span> <span class='ocrx_word' id='word_1_703' title='bbox 2439 4712 2603 4767; x_wconf 86' lang='lat' dir='ltr'><strong>vitem</strong></span> <span class='ocrx_word' id='word_1_704' title='bbox 2625 4712 3037 4780; x_wconf 44' lang='lat' dir='ltr'><strong>fuisse&#39;insigne</strong></span> <span class='ocrx_word' id='word_1_705' title='bbox 3063 4729 3171 4783; x_wconf 92' lang='lat' dir='ltr'><strong>quo</strong></span> <span class='ocrx_word' id='word_1_706' title='bbox 3214 4714 3376 4768; x_wconf 86' lang='lat' dir='ltr'><strong>futuri</strong></span> <span class='ocrx_word' id='word_1_707' title='bbox 3422 4717 3701 4769; x_wconf 82' lang='lat' dir='ltr'><strong>centurio-</strong></span> 
     </span>
    </p>
   </div>
   <div class='ocr_carea' id='block_1_110' title="bbox 2125 4784 3694 4853">
    <p class='ocr_par' dir='ltr' id='par_1_110' title="bbox 2125 4784 3694 4853">
     <span class='ocr_line' id='line_1_111' title="bbox 2125 4784 3694 4853; baseline -0.001 -15"><span class='ocrx_word' id='word_1_708' title='bbox 2125 4798 2224 4838; x_wconf 88' lang='lat' dir='ltr'><strong>nes</strong></span> <span class='ocrx_word' id='word_1_709' title='bbox 2278 4784 2723 4853; x_wconf 84' lang='lat' dir='ltr'><strong>designabantur,</strong></span> <span class='ocrx_word' id='word_1_710' title='bbox 2769 4784 3205 4838; x_wconf 88' lang='lat' dir='ltr'><strong>centurionatum</strong></span> <span class='ocrx_word' id='word_1_711' title='bbox 3255 4784 3429 4853; x_wconf 85' lang='lat' dir='ltr'><strong>ipsum</strong></span> <span class='ocrx_word' id='word_1_712' title='bbox 3466 4787 3694 4853; x_wconf 79' lang='lat' dir='ltr'><strong>gesturi,</strong></span> 
     </span>
    </p>
   </div>
   <div class='ocr_carea' id='block_1_111' title="bbox 2127 4852 3694 4923">
    <p class='ocr_par' dir='ltr' id='par_1_111' title="bbox 2127 4852 3694 4923">
     <span class='ocr_line' id='line_1_112' title="bbox 2127 4852 3694 4923; baseline 0.001 -15"><span class='ocrx_word' id='word_1_713' title='bbox 2127 4868 2247 4908; x_wconf 89' lang='lat' dir='ltr'><strong>cum</strong></span> <span class='ocrx_word' id='word_1_714' title='bbox 2278 4852 2425 4909; x_wconf 87' lang='lat' dir='ltr'><strong>locus</strong></span> <span class='ocrx_word' id='word_1_715' title='bbox 2454 4853 2649 4923; x_wconf 86' lang='lat' dir='ltr'><strong>aliquis</strong></span> <span class='ocrx_word' id='word_1_716' title='bbox 2677 4869 2879 4907; x_wconf 85' lang='lat' dir='ltr'><strong>vacuus</strong></span> <span class='ocrx_word' id='word_1_717' title='bbox 2907 4853 3119 4907; x_wconf 83' lang='lat' dir='ltr'><strong>fuisset.</strong></span> <span class='ocrx_word' id='word_1_718' title='bbox 3163 4854 3268 4909; x_wconf 88' lang='lat' dir='ltr'><strong>Sed</strong></span> <span class='ocrx_word' id='word_1_719' title='bbox 3318 4852 3616 4908; x_wconf 84' lang='lat' dir='ltr'><strong>Salmasius</strong></span> <span class='ocrx_word' id='word_1_720' title='bbox 3642 4857 3694 4910; x_wconf 91' lang='lat' dir='ltr'><strong>in</strong></span> 
     </span>
    </p>
   </div>
   <div class='ocr_carea' id='block_1_112' title="bbox 2127 4924 3699 4993">
    <p class='ocr_par' dir='ltr' id='par_1_112' title="bbox 2127 4924 3699 4993">
     <span class='ocr_line' id='line_1_113' title="bbox 2127 4924 3699 4993; baseline 0.001 -15"><span class='ocrx_word' id='word_1_721' title='bbox 2127 4926 2271 4979; x_wconf 89' lang='lat' dir='ltr'><strong>notis</strong></span> <span class='ocrx_word' id='word_1_722' title='bbox 2296 4925 2362 4977; x_wconf 87' lang='lat' dir='ltr'><strong>ad</strong></span> <span class='ocrx_word' id='word_1_723' title='bbox 2402 4925 2649 4978; x_wconf 87' lang='lat' dir='ltr'><strong>eumdetn</strong></span> <span class='ocrx_word' id='word_1_724' title='bbox 2682 4924 3054 4993; x_wconf 87' lang='lat' dir='ltr'><strong>Spartianum,</strong></span> <span class='ocrx_word' id='word_1_725' title='bbox 3104 4928 3245 4978; x_wconf 86' lang='lat' dir='ltr'><strong>hanc</strong></span> <span class='ocrx_word' id='word_1_726' title='bbox 3286 4925 3699 4993; x_wconf 86' lang='lat' dir='ltr'><strong>interpretatio-</strong></span> 
     </span>
    </p>
   </div>
   <div class='ocr_carea' id='block_1_113' title="bbox 2127 4994 3696 5065">
    <p class='ocr_par' dir='ltr' id='par_1_113' title="bbox 2127 4994 3696 5065">
     <span class='ocr_line' id='line_1_114' title="bbox 2127 4994 3696 5065; baseline 0.002 -18"><span class='ocrx_word' id='word_1_727' title='bbox 2127 5009 2265 5065; x_wconf 88' lang='lat' dir='ltr'><strong>nem</strong></span> <span class='ocrx_word' id='word_1_728' title='bbox 2301 4994 2858 5065; x_wconf 15' lang='lat' dir='ltr'><strong>Casauboniﬂmerito</strong></span> <span class='ocrx_word' id='word_1_729' title='bbox 2906 4994 3303 5065; x_wconf 85' lang='lat' dir='ltr'><strong>reprehendit,</strong></span> <span class='ocrx_word' id='word_1_730' title='bbox 3359 4997 3559 5065; x_wconf 83' lang='lat' dir='ltr'><strong>quippe</strong></span> <span class='ocrx_word' id='word_1_731' title='bbox 3604 4997 3696 5063; x_wconf 74' lang='lat' dir='ltr'><strong>qui</strong></span> 
     </span>
    </p>
   </div>
   <div class='ocr_carea' id='block_1_114' title="bbox 2125 5064 3699 5132">
    <p class='ocr_par' dir='ltr' id='par_1_114' title="bbox 2125 5064 3699 5132">
     <span class='ocr_line' id='line_1_115' title="bbox 2125 5064 3699 5132; baseline 0 -15"><span class='ocrx_word' id='word_1_732' title='bbox 2125 5064 2270 5118; x_wconf 89' lang='lat' dir='ltr'><strong>aliud</strong></span> <span class='ocrx_word' id='word_1_733' title='bbox 2299 5078 2425 5119; x_wconf 89' lang='lat' dir='ltr'><strong>esse</strong></span> <span class='ocrx_word' id='word_1_734' title='bbox 2451 5064 2770 5119; x_wconf 88' lang='lat' dir='ltr'><strong>credidisset</strong></span> <span class='ocrx_word' id='word_1_735' title='bbox 2800 5064 2963 5117; x_wconf 83' lang='lat' dir='ltr'><strong>vitem</strong></span> <span class='ocrx_word' id='word_1_736' title='bbox 2988 5078 3211 5132; x_wconf 76' lang='lat' dir='ltr'><strong>gerere,</strong></span> <span class='ocrx_word' id='word_1_737' title='bbox 3245 5064 3389 5117; x_wconf 88' lang='lat' dir='ltr'><strong>aliud</strong></span> <span class='ocrx_word' id='word_1_738' title='bbox 3420 5064 3699 5119; x_wconf 79' lang='lat' dir='ltr'><strong>centurio-</strong></span> 
     </span>
    </p>
   </div>
   <div class='ocr_carea' id='block_1_115' title="bbox 2124 5133 3699 5202">
    <p class='ocr_par' dir='ltr' id='par_1_115' title="bbox 2124 5133 3699 5202">
     <span class='ocr_line' id='line_1_116' title="bbox 2124 5133 3699 5202; baseline 0 -15"><span class='ocrx_word' id='word_1_739' title='bbox 2124 5150 2249 5187; x_wconf 88' lang='lat' dir='ltr'><strong>nem</strong></span> <span class='ocrx_word' id='word_1_740' title='bbox 2277 5149 2420 5189; x_wconf 88' lang='lat' dir='ltr'><strong>esse.</strong></span> <span class='ocrx_word' id='word_1_741' title='bbox 2452 5134 2637 5202; x_wconf 83' lang='lat' dir='ltr'><strong>Itaque</strong></span> <span class='ocrx_word' id='word_1_742' title='bbox 2688 5134 2991 5189; x_wconf 83' lang='lat' dir='ltr'><strong>Salmasius</strong></span> <span class='ocrx_word' id='word_1_743' title='bbox 3046 5133 3259 5189; x_wconf 87' lang='lat' dir='ltr'><strong>Eusebii</strong></span> <span class='ocrx_word' id='word_1_744' title='bbox 3309 5135 3486 5189; x_wconf 89' lang='lat' dir='ltr'><strong>locum</strong></span> <span class='ocrx_word' id='word_1_745' title='bbox 3535 5136 3699 5190; x_wconf 86' lang='lat' dir='ltr'><strong>aliter</strong></span> 
     </span>
    </p>
   </div>
   <div class='ocr_carea' id='block_1_116' title="bbox 2123 5202 3695 5274">
    <p class='ocr_par' dir='ltr' id='par_1_116' title="bbox 2123 5202 3695 5274">
     <span class='ocr_line' id='line_1_117' title="bbox 2123 5202 3695 5274; baseline 0.001 -17"><span class='ocrx_word' id='word_1_746' title='bbox 2123 5203 2476 5274; x_wconf 81' lang='lat' dir='ltr'><strong>interpungit,</strong></span> <span class='ocrx_word' id='word_1_747' title='bbox 2512 5213 2567 5274; x_wconf 90' lang='lat' dir='ltr'><strong>et</strong></span> <span class='ocrx_word' id='word_1_748' title='bbox 2597 5215 2716 5273; x_wconf 90' lang='lat' dir='ltr'><strong>post</strong></span> <span class='ocrx_word' id='word_1_749' title='bbox 2744 5219 2931 5258; x_wconf 89' lang='lat' dir='ltr'><strong>vocem</strong></span> <span class='ocrx_word' id='word_1_750' title='bbox 2954 5202 3197 5274; x_wconf 81' lang='grc' dir='ltr'>γίνεσθαι</span> <span class='ocrx_word' id='word_1_751' title='bbox 3243 5205 3403 5259; x_wconf 80' lang='lat' dir='ltr'><strong>ﬁnale</strong></span> <span class='ocrx_word' id='word_1_752' title='bbox 3438 5215 3695 5271; x_wconf 87' lang='lat' dir='ltr'><strong>punctum</strong></span> 
     </span>
    </p>
   </div>
   <div class='ocr_carea' id='block_1_117' title="bbox 2125 5273 3695 5343">
    <p class='ocr_par' dir='ltr' id='par_1_117' title="bbox 2125 5273 3695 5343">
     <span class='ocr_line' id='line_1_118' title="bbox 2125 5273 3695 5343; baseline 0.002 -17"><span class='ocrx_word' id='word_1_753' title='bbox 2125 5275 2367 5343; x_wconf 90' lang='lat' dir='ltr'><strong>apponit,</strong></span> <span class='ocrx_word' id='word_1_754' title='bbox 2404 5284 2461 5327; x_wconf 91' lang='lat' dir='ltr'><strong>ut</strong></span> <span class='ocrx_word' id='word_1_755' title='bbox 2512 5273 2693 5329; x_wconf 86' lang='lat' dir='ltr'><strong>fecere</strong></span> <span class='ocrx_word' id='word_1_756' title='bbox 2719 5273 2993 5328; x_wconf 76' lang='lat' dir='ltr'><strong>Masculus</strong></span> <span class='ocrx_word' id='word_1_757' title='bbox 3038 5284 3095 5329; x_wconf 85' lang='lat' dir='ltr'><strong>et</strong></span> <span class='ocrx_word' id='word_1_758' title='bbox 3149 5276 3695 5343; x_wconf 73' lang='lat' dir='ltr'><strong>Christophorsonus.</strong></span> 
     </span>
    </p>
   </div>
   <div class='ocr_carea' id='block_1_118' title="bbox 2125 5343 3697 5411">
    <p class='ocr_par' dir='ltr' id='par_1_118' title="bbox 2125 5343 3697 5411">
     <span class='ocr_line' id='line_1_119' title="bbox 2125 5343 3697 5411; baseline 0.001 -14"><span class='ocrx_word' id='word_1_759' title='bbox 2125 5343 2285 5398; x_wconf 84' lang='lat' dir='ltr'><strong>Certe</strong></span> <span class='ocrx_word' id='word_1_760' title='bbox 2335 5346 2387 5397; x_wconf 91' lang='lat' dir='ltr'><strong>in</strong></span> <span class='ocrx_word' id='word_1_761' title='bbox 2448 5346 2832 5399; x_wconf 79' lang='lat' dir='ltr'><strong>vetustissimis</strong></span> <span class='ocrx_word' id='word_1_762' title='bbox 2874 5344 3031 5398; x_wconf 84' lang='lat' dir='ltr'><strong>codd.</strong></span> <span class='ocrx_word' id='word_1_763' title='bbox 3094 5345 3410 5411; x_wconf 83' lang='lat' dir='ltr'><strong>Mazarino,</strong></span> <span class='ocrx_word' id='word_1_764' title='bbox 3467 5344 3605 5398; x_wconf 80' lang='lat' dir='ltr'><strong>Fuk.</strong></span> <span class='ocrx_word' id='word_1_765' title='bbox 3641 5356 3697 5399; x_wconf 83' lang='lat' dir='ltr'><strong>et</strong></span> 
     </span>
    </p>
   </div>
   <div class='ocr_carea' id='block_1_119' title="bbox 2125 5413 3698 5482">
    <p class='ocr_par' dir='ltr' id='par_1_119' title="bbox 2125 5413 3698 5482">
     <span class='ocr_line' id='line_1_120' title="bbox 2125 5413 3698 5482; baseline 0.001 -15"><span class='ocrx_word' id='word_1_766' title='bbox 2125 5413 2378 5467; x_wconf 75' lang='lat' dir='ltr'><strong>Medicam</strong></span> <span class='ocrx_word' id='word_1_767' title='bbox 2409 5424 2532 5481; x_wconf 90' lang='lat' dir='ltr'><strong>post</strong></span> <span class='ocrx_word' id='word_1_768' title='bbox 2557 5428 2745 5469; x_wconf 91' lang='lat' dir='ltr'><strong>vocem</strong></span> <span class='ocrx_word' id='word_1_769' title='bbox 2788 5414 3034 5482; x_wconf 85' lang='grc' dir='ltr'>γίνεσθαι</span> <span class='ocrx_word' id='word_1_770' title='bbox 3061 5416 3441 5470; x_wconf 83' lang='lat' dir='ltr'><strong>subdistinctio</strong></span> <span class='ocrx_word' id='word_1_771' title='bbox 3468 5417 3698 5469; x_wconf 81' lang='lat' dir='ltr'><strong>ascribi-</strong></span> 
     </span>
    </p>
   </div>
   <div class='ocr_carea' id='block_1_120' title="bbox 2126 5484 3695 5554">
    <p class='ocr_par' dir='ltr' id='par_1_120' title="bbox 2126 5484 3695 5554">
     <span class='ocr_line' id='line_1_121' title="bbox 2126 5484 3695 5554; baseline 0.002 -17"><span class='ocrx_word' id='word_1_772' title='bbox 2126 5494 2232 5537; x_wconf 89' lang='lat' dir='ltr'><strong>tur.</strong></span> <span class='ocrx_word' id='word_1_773' title='bbox 2265 5484 2370 5554; x_wconf 80' lang='lat' dir='ltr'><strong>Sed</strong></span> <span class='ocrx_word' id='word_1_774' title='bbox 2396 5484 2447 5536; x_wconf 89' lang='lat' dir='ltr'><strong>in</strong></span> <span class='ocrx_word' id='word_1_775' title='bbox 2474 5484 2664 5537; x_wconf 87' lang='lat' dir='ltr'><strong>iisdem</strong></span> <span class='ocrx_word' id='word_1_776' title='bbox 2695 5486 3003 5550; x_wconf 88' lang='lat' dir='ltr'><strong>codicibus,</strong></span> <span class='ocrx_word' id='word_1_777' title='bbox 3038 5497 3157 5554; x_wconf 93' lang='lat' dir='ltr'><strong>post</strong></span> <span class='ocrx_word' id='word_1_778' title='bbox 3182 5501 3342 5541; x_wconf 88' lang='lat' dir='ltr'><strong>voces</strong></span> <span class='ocrx_word' id='word_1_779' title='bbox 3372 5486 3485 5539; x_wconf 86' lang='lat' dir='ltr'><strong>illas</strong></span> <span class='ocrx_word' id='word_1_780' title='bbox 3527 5484 3695 5540; x_wconf 80' lang='grc' dir='ltr'>τόπου</span> 
     </span>
    </p>
   </div>
   <div class='ocr_carea' id='block_1_121' title="bbox 2125 5553 3696 5625">
    <p class='ocr_par' dir='ltr' id='par_1_121' title="bbox 2125 5553 3696 5625">
     <span class='ocr_line' id='line_1_122' title="bbox 2125 5553 3696 5625; baseline 0.002 -18"><span class='ocrx_word' id='word_1_781' title='bbox 2125 5553 2473 5625; x_wconf 76' lang='grc' dir='ltr'>σχολάζοντος</span> <span class='ocrx_word' id='word_1_782' title='bbox 2502 5564 2761 5623; x_wconf 88' lang='lat' dir='ltr'><strong>punctum</strong></span> <span class='ocrx_word' id='word_1_783' title='bbox 2787 5555 2840 5609; x_wconf 91' lang='lat' dir='ltr'><strong>in</strong></span> <span class='ocrx_word' id='word_1_784' title='bbox 2871 5553 3083 5609; x_wconf 83' lang='lat' dir='ltr'><strong>summo</strong></span> <span class='ocrx_word' id='word_1_785' title='bbox 3111 5556 3419 5625; x_wconf 89' lang='lat' dir='ltr'><strong>apponitur.</strong></span> <span class='ocrx_word' id='word_1_786' title='bbox 3480 5554 3555 5609; x_wconf 71' lang='lat' dir='ltr'><strong>Ex</strong></span> <span class='ocrx_word' id='word_1_787' title='bbox 3587 5572 3696 5620; x_wconf 79' lang='lat' dir='ltr'><strong>quo</strong></span> 
     </span>
    </p>
   </div>
   <div class='ocr_carea' id='block_1_122' title="bbox 2123 5624 3694 5694">
    <p class='ocr_par' dir='ltr' id='par_1_122' title="bbox 2123 5624 3694 5694">
     <span class='ocr_line' id='line_1_123' title="bbox 2123 5624 3694 5694; baseline 0 -17"><span class='ocrx_word' id='word_1_788' title='bbox 2123 5624 2366 5694; x_wconf 85' lang='lat' dir='ltr'><strong>apparet,</strong></span> <span class='ocrx_word' id='word_1_789' title='bbox 2398 5624 2630 5692; x_wconf 88' lang='lat' dir='ltr'><strong>scriptos</strong></span> <span class='ocrx_word' id='word_1_790' title='bbox 2656 5639 2844 5694; x_wconf 88' lang='lat' dir='ltr'><strong>omnes</strong></span> <span class='ocrx_word' id='word_1_791' title='bbox 2867 5624 3081 5679; x_wconf 83' lang='lat' dir='ltr'><strong>codices</strong></span> <span class='ocrx_word' id='word_1_792' title='bbox 3104 5628 3159 5678; x_wconf 90' lang='lat' dir='ltr'><strong>in</strong></span> <span class='ocrx_word' id='word_1_793' title='bbox 3186 5624 3346 5692; x_wconf 85' lang='lat' dir='ltr'><strong>hujus</strong></span> <span class='ocrx_word' id='word_1_794' title='bbox 3375 5626 3474 5681; x_wconf 85' lang='lat' dir='ltr'><strong>loci</strong></span> <span class='ocrx_word' id='word_1_795' title='bbox 3500 5627 3694 5679; x_wconf 86' lang='lat' dir='ltr'><strong>distin-</strong></span> 
     </span>
    </p>
   </div>
   <div class='ocr_carea' id='block_1_123' title="bbox 2123 5693 3694 5751">
    <p class='ocr_par' dir='ltr' id='par_1_123' title="bbox 2123 5693 3694 5751">
     <span class='ocr_line' id='line_1_124' title="bbox 2123 5693 3694 5751; baseline 0.001 -4"><span class='ocrx_word' id='word_1_796' title='bbox 2123 5693 2302 5749; x_wconf 83' lang='lat' dir='ltr'><strong>ctione</strong></span> <span class='ocrx_word' id='word_1_797' title='bbox 2338 5696 2666 5749; x_wconf 88' lang='lat' dir='ltr'><strong>cousentire.</strong></span> <span class='ocrx_word' id='word_1_798' title='bbox 2701 5693 2809 5750; x_wconf 85' lang='lat' dir='ltr'><strong>Nec</strong></span> <span class='ocrx_word' id='word_1_799' title='bbox 2837 5695 2991 5748; x_wconf 81' lang='lat' dir='ltr'><strong>valde</strong></span> <span class='ocrx_word' id='word_1_800' title='bbox 3029 5695 3195 5751; x_wconf 83' lang='lat' dir='ltr'><strong>refert</strong></span> <span class='ocrx_word' id='word_1_801' title='bbox 3223 5707 3343 5750; x_wconf 90' lang='lat' dir='ltr'><strong>utro</strong></span> <span class='ocrx_word' id='word_1_802' title='bbox 3383 5696 3543 5750; x_wconf 88' lang='lat' dir='ltr'><strong>modo</strong></span> <span class='ocrx_word' id='word_1_803' title='bbox 3575 5698 3694 5749; x_wconf 81' lang='lat' dir='ltr'><strong>dis-</strong></span> 
     </span>
    </p>
   </div>
   <div class='ocr_carea' id='block_1_124' title="bbox 2125 5765 3695 5835">
    <p class='ocr_par' dir='ltr' id='par_1_124' title="bbox 2125 5765 3695 5835">
     <span class='ocr_line' id='line_1_125' title="bbox 2125 5765 3695 5835; baseline 0.002 -19"><span class='ocrx_word' id='word_1_804' title='bbox 2125 5765 2356 5835; x_wconf 77' lang='lat' dir='ltr'><strong>tinguas,</strong></span> <span class='ocrx_word' id='word_1_805' title='bbox 2403 5779 2525 5817; x_wconf 92' lang='lat' dir='ltr'><strong>cum</strong></span> <span class='ocrx_word' id='word_1_806' title='bbox 2554 5779 2767 5831; x_wconf 88' lang='lat' dir='ltr'><strong>semper</strong></span> <span class='ocrx_word' id='word_1_807' title='bbox 2801 5765 2939 5821; x_wconf 82' lang='lat' dir='ltr'><strong>idem</strong></span> <span class='ocrx_word' id='word_1_808' title='bbox 2974 5781 3165 5821; x_wconf 89' lang='lat' dir='ltr'><strong>sensus</strong></span> <span class='ocrx_word' id='word_1_809' title='bbox 3215 5767 3444 5821; x_wconf 80' lang='lat' dir='ltr'><strong>exsistat</strong></span> <span class='ocrx_word' id='word_1_810' title='bbox 3478 5780 3695 5835; x_wconf 87' lang='lat' dir='ltr'><strong>quoquo</strong></span> 
     </span>
    </p>
   </div>
   <div class='ocr_carea' id='block_1_125' title="bbox 2125 5837 2747 5904">
    <p class='ocr_par' dir='ltr' id='par_1_125' title="bbox 2125 5837 2747 5904">
     <span class='ocr_line' id='line_1_126' title="bbox 2125 5837 2747 5904; baseline 0 -15"><span class='ocrx_word' id='word_1_811' title='bbox 2125 5837 2285 5891; x_wconf 87' lang='lat' dir='ltr'><strong>modo</strong></span> <span class='ocrx_word' id='word_1_812' title='bbox 2322 5837 2747 5904; x_wconf 79' lang='lat' dir='ltr'><strong>interpuuxeris.</strong></span> 
     </span>
    </p>
   </div>
   <div class='ocr_carea' id='block_1_126' title="bbox 4077 1589 4101 2541">
    <p class='ocr_par' dir='ltr' id='par_1_126' title="bbox 4078 1589 4097 2495">
     <span class='ocr_line' id='line_1_127' title="bbox 4078 1589 4079 1643; baseline 0 0"><span class='ocrx_word' id='word_1_813' title='bbox 4078 1589 4079 1643; x_wconf 97' lang='grc'><strong>1</strong></span> 
     </span>
     <span class='ocr_line' id='line_1_128' title="bbox 4078 1678 4085 1925; baseline 0 0"><span class='ocrx_word' id='word_1_814' title='bbox 4078 1772 4083 1833; x_wconf 57' lang='grc'><strong>1</strong></span> 
     </span>
     <span class='ocr_line' id='line_1_129' title="bbox 4086 1960 4087 2001; baseline 0 0"><span class='ocrx_word' id='word_1_815' title='bbox 4086 1960 4087 2001; x_wconf 98' lang='grc'><strong>1</strong></span> 
     </span>
     <span class='ocr_line' id='line_1_130' title="bbox 4088 2054 4089 2119; baseline 0 0"><span class='ocrx_word' id='word_1_816' title='bbox 4088 2054 4089 2119; x_wconf 98' lang='grc'><strong>1</strong></span> 
     </span>
     <span class='ocr_line' id='line_1_131' title="bbox 4090 2148 4091 2179; baseline 0 0"><span class='ocrx_word' id='word_1_817' title='bbox 4090 2148 4091 2179; x_wconf 73' lang='grc'><strong>1</strong></span> 
     </span>
     <span class='ocr_line' id='line_1_132' title="bbox 4094 2336 4095 2371; baseline 0 0"><span class='ocrx_word' id='word_1_818' title='bbox 4094 2336 4095 2371; x_wconf 78' lang='grc'><strong>1</strong></span> 
     </span>
     <span class='ocr_line' id='line_1_133' title="bbox 4096 2430 4097 2495; baseline 0 0"><span class='ocrx_word' id='word_1_819' title='bbox 4096 2430 4097 2495; x_wconf 98' lang='grc'><strong>1</strong></span> 
     </span>
    </p>
   </div>
  </div>
