  <div class='ocr_page' id='page_1' title='image "/cluster/home/n/w/nwhite01/storage/ocr_20150623/20/hvd.32044073501181/352.png"; bbox 0 0 4132 6418; ppageno 0'>
   <div class='ocr_carea' id='block_1_1' title="bbox 347 365 446 418">
    <p class='ocr_par' dir='ltr' id='par_1_1' title="bbox 347 365 446 418">
     <span class='ocr_line' id='line_1_1' title="bbox 347 365 446 418; baseline -0.02 0"><span class='ocrx_word' id='word_1_1' title='bbox 347 365 446 418; x_wconf 81' lang='lat'><strong>677</strong></span> 
     </span>
    </p>
   </div>
   <div class='ocr_carea' id='block_1_2' title="bbox 1331 370 2606 431">
    <p class='ocr_par' dir='ltr' id='par_1_2' title="bbox 1331 370 2606 431">
     <span class='ocr_line' id='line_1_2' title="bbox 1331 370 2606 431; baseline 0.004 -6"><span class='ocrx_word' id='word_1_2' title='bbox 1331 370 1680 428; x_wconf 73' lang='lat' dir='ltr'><strong>HlSTt&#39;IIll/E</strong></span> <span class='ocrx_word' id='word_1_3' title='bbox 1720 373 2274 431; x_wconf 68' lang='lat' dir='ltr'><strong>ECCLESIASTICAB</strong></span> <span class='ocrx_word' id='word_1_4' title='bbox 2317 375 2446 431; x_wconf 85' lang='lat' dir='ltr'><strong>LIB.</strong></span> <span class='ocrx_word' id='word_1_5' title='bbox 2491 376 2606 431; x_wconf 79' lang='lat' dir='ltr'><strong>V&#39;ll.</strong></span> 
     </span>
    </p>
   </div>
   <div class='ocr_carea' id='block_1_3' title="bbox 3493 385 3598 442">
    <p class='ocr_par' dir='ltr' id='par_1_3' title="bbox 3493 385 3598 442">
     <span class='ocr_line' id='line_1_3' title="bbox 3493 385 3598 442; baseline 0.038 -4"><span class='ocrx_word' id='word_1_6' title='bbox 3493 385 3598 442; x_wconf 87' lang='lat'><strong>678</strong></span> 
     </span>
    </p>
   </div>
   <div class='ocr_carea' id='block_1_4' title="bbox 342 485 1887 565">
    <p class='ocr_par' dir='ltr' id='par_1_4' title="bbox 342 485 1887 563">
     <span class='ocr_line' id='line_1_4' title="bbox 342 485 1887 563; baseline 0.007 -28"><span class='ocrx_word' id='word_1_7' title='bbox 342 485 454 536; x_wconf 72' lang='grc' dir='ltr'>ὄντι</span> <span class='ocrx_word' id='word_1_8' title='bbox 491 485 583 537; x_wconf 71' lang='grc' dir='ltr'><strong>καὶ</strong></span> <span class='ocrx_word' id='word_1_9' title='bbox 610 487 720 549; x_wconf 80' lang='grc' dir='ltr'>τοῖς</span> <span class='ocrx_word' id='word_1_10' title='bbox 746 486 1021 556; x_wconf 73' lang='grc' dir='ltr'>βασιλεῦσι</span> <span class='ocrx_word' id='word_1_11' title='bbox 1056 489 1128 560; x_wconf 78' lang='grc' dir='ltr'>μὴ</span> <span class='ocrx_word' id='word_1_12' title='bbox 1167 489 1365 555; x_wconf 80' lang='grc' dir='ltr'>θύοντι,</span> <span class='ocrx_word' id='word_1_13' title='bbox 1401 493 1692 563; x_wconf 87' lang='grc' dir='ltr'>κατηγόρει</span> <span class='ocrx_word' id='word_1_14' title='bbox 1715 511 1727 524; x_wconf 78' lang='grc' dir='ltr'><strong>ο</strong></span> <span class='ocrx_word' id='word_1_15' title='bbox 1766 494 1887 562; x_wconf 62' lang='grc' dir='ltr'>αὑτᾷ</span> 
     </span>
    </p>
   </div>
   <div class='ocr_carea' id='block_1_5' title="bbox 1992 485 3594 565">
    <p class='ocr_par' dir='ltr' id='par_1_5' title="bbox 2018 490 3594 565">
     <span class='ocr_line' id='line_1_5' title="bbox 2018 490 3594 565; baseline 0.006 -19"><span class='ocrx_word' id='word_1_16' title='bbox 2018 508 2232 565; x_wconf 86' lang='lat' dir='ltr'><strong>pessere</strong></span> <span class='ocrx_word' id='word_1_17' title='bbox 2264 495 2474 564; x_wconf 79' lang='lat' dir='ltr'><strong>legibus</strong></span> <span class='ocrx_word' id='word_1_18' title='bbox 2503 507 2609 546; x_wconf 92' lang='lat' dir='ltr'><strong>non</strong></span> <span class='ocrx_word' id='word_1_19' title='bbox 2649 490 2846 558; x_wconf 87' lang='lat' dir='ltr'><strong>licere;</strong></span> <span class='ocrx_word' id='word_1_20' title='bbox 2893 490 2996 546; x_wconf 84' lang='lat' dir='ltr'><strong>sibi</strong></span> <span class='ocrx_word' id='word_1_21' title='bbox 3029 506 3157 548; x_wconf 81' lang='lat' dir='ltr'><strong>vero</strong></span> <span class='ocrx_word' id='word_1_22' title='bbox 3187 496 3411 564; x_wconf 80' lang='lat' dir='ltr'><strong>gradum</strong></span> <span class='ocrx_word' id='word_1_23' title='bbox 3447 499 3594 556; x_wconf 90' lang='lat' dir='ltr'><strong>illum</strong></span> 
     </span>
    </p>
   </div>
   <div class='ocr_carea' id='block_1_6' title="bbox 340 580 1911 655">
    <p class='ocr_par' dir='ltr' id='par_1_6' title="bbox 340 580 1911 655">
     <span class='ocr_line' id='line_1_6' title="bbox 340 580 1911 655; baseline 0.005 -25"><span class='ocrx_word' id='word_1_24' title='bbox 340 580 396 631; x_wconf 84' lang='grc' dir='ltr'>δὲ</span> <span class='ocrx_word' id='word_1_25' title='bbox 421 580 730 635; x_wconf 77' lang='grc' dir='ltr'>ἐπιϐάλλειν</span> <span class='ocrx_word' id='word_1_26' title='bbox 769 583 856 635; x_wconf 78' lang='grc' dir='ltr'><strong>τὸν</strong></span> <span class='ocrx_word' id='word_1_27' title='bbox 886 583 1106 655; x_wconf 75' lang='grc' dir='ltr'>κλῆρον.</span> <span class='ocrx_word' id='word_1_28' title='bbox 1152 586 1264 653; x_wconf 76' lang='grc' dir='ltr'><strong>Ἐφ’</strong></span> <span class='ocrx_word' id='word_1_29' title='bbox 1301 580 1345 654; x_wconf 83' lang='grc' dir='ltr'>ᾧ</span> <span class='ocrx_word' id='word_1_30' title='bbox 1390 585 1678 655; x_wconf 80' lang='grc' dir='ltr'><strong>κινηθέντα</strong></span> <span class='ocrx_word' id='word_1_31' title='bbox 1709 585 1802 638; x_wconf 85' lang='grc' dir='ltr'><strong>τὸν</strong></span> <span class='ocrx_word' id='word_1_32' title='bbox 1835 586 1911 638; x_wconf 89' lang='grc' dir='ltr'>δι-</span> 
     </span>
    </p>
   </div>
   <div class='ocr_carea' id='block_1_7' title="bbox 340 669 1909 749">
    <p class='ocr_par' dir='ltr' id='par_1_7' title="bbox 340 669 1909 749">
     <span class='ocr_line' id='line_1_7' title="bbox 340 669 1909 749; baseline 0.004 -25"><span class='ocrx_word' id='word_1_33' title='bbox 340 673 569 744; x_wconf 81' lang='grc' dir='ltr'>καστὴν,</span> <span class='ocrx_word' id='word_1_34' title='bbox 619 674 830 742; x_wconf 65' lang='grc' dir='ltr'>Ἀχαιῆς</span> <span class='ocrx_word' id='word_1_35' title='bbox 853 669 1004 738; x_wconf 73' lang='grc' dir='ltr'>οὗτος</span> <span class='ocrx_word' id='word_1_36' title='bbox 1037 672 1101 746; x_wconf 79' lang='grc' dir='ltr'>ἦν</span> <span class='ocrx_word' id='word_1_37' title='bbox 1137 677 1271 748; x_wconf 74' lang='grc'>(55),</span> <span class='ocrx_word' id='word_1_38' title='bbox 1307 678 1521 748; x_wconf 83' lang='grc' dir='ltr'>πρῶτον</span> <span class='ocrx_word' id='word_1_39' title='bbox 1557 677 1652 748; x_wconf 81' lang='grc' dir='ltr'><strong>μὲν</strong></span> <span class='ocrx_word' id='word_1_40' title='bbox 1691 679 1909 749; x_wconf 80' lang='grc' dir='ltr'>ἐρέσθαι</span> 
     </span>
    </p>
   </div>
   <div class='ocr_carea' id='block_1_8' title="bbox 341 763 1909 839">
    <p class='ocr_par' dir='ltr' id='par_1_8' title="bbox 341 763 1909 839">
     <span class='ocr_line' id='line_1_8' title="bbox 341 763 1909 839; baseline 0.005 -25"><span class='ocrx_word' id='word_1_41' title='bbox 341 763 499 825; x_wconf 82' lang='grc' dir='ltr'>ποίας</span> <span class='ocrx_word' id='word_1_42' title='bbox 542 763 570 814; x_wconf 85' lang='grc' dir='ltr'><strong>ὁ</strong></span> <span class='ocrx_word' id='word_1_43' title='bbox 621 766 861 836; x_wconf 80' lang='grc' dir='ltr'>Μαρῖνος</span> <span class='ocrx_word' id='word_1_44' title='bbox 905 765 1123 836; x_wconf 83' lang='grc' dir='ltr'>γνώμης</span> <span class='ocrx_word' id='word_1_45' title='bbox 1171 767 1274 839; x_wconf 79' lang='grc' dir='ltr'>εἴη.</span> <span class='ocrx_word' id='word_1_46' title='bbox 1338 768 1423 831; x_wconf 86' lang='grc' dir='ltr'>Ὠς</span> <span class='ocrx_word' id='word_1_47' title='bbox 1462 768 1506 820; x_wconf 82' lang='grc' dir='ltr'>δ’</span> <span class='ocrx_word' id='word_1_48' title='bbox 1548 768 1909 839; x_wconf 82' lang='grc' dir='ltr'>ὁμολογοῦντα</span> 
     </span>
    </p>
   </div>
   <div class='ocr_carea' id='block_1_9' title="bbox 338 856 1907 932">
    <p class='ocr_par' dir='ltr' id='par_1_9' title="bbox 338 856 1907 932">
     <span class='ocr_line' id='line_1_9' title="bbox 338 856 1907 932; baseline 0.005 -26"><span class='ocrx_word' id='word_1_49' title='bbox 338 856 660 925; x_wconf 75' lang='grc' dir='ltr'>Χριστιανὸν</span> <span class='ocrx_word' id='word_1_50' title='bbox 711 857 982 927; x_wconf 79' lang='grc' dir='ltr'>ἐπιμόνως</span> <span class='ocrx_word' id='word_1_51' title='bbox 1032 858 1193 930; x_wconf 81' lang='grc' dir='ltr'>ἐώρα,</span> <span class='ocrx_word' id='word_1_52' title='bbox 1233 860 1397 932; x_wconf 80' lang='grc' dir='ltr'>τριῶν</span> <span class='ocrx_word' id='word_1_53' title='bbox 1435 861 1594 932; x_wconf 78' lang='grc' dir='ltr'>ὡρῶν</span> <span class='ocrx_word' id='word_1_54' title='bbox 1635 861 1907 914; x_wconf 80' lang='grc' dir='ltr'>ἐπιδοῦναι</span> 
     </span>
    </p>
   </div>
   <div class='ocr_carea' id='block_1_10' title="bbox 337 945 1908 1023">
    <p class='ocr_par' dir='ltr' id='par_1_10' title="bbox 337 945 1908 1023">
     <span class='ocr_line' id='line_1_10' title="bbox 337 945 1908 1023; baseline 0.006 -27"><span class='ocrx_word' id='word_1_55' title='bbox 337 945 488 1016; x_wconf 71' lang='grc' dir='ltr'>αὐτῷ</span> <span class='ocrx_word' id='word_1_56' title='bbox 520 948 598 1009; x_wconf 84' lang='grc' dir='ltr'>εἰς</span> <span class='ocrx_word' id='word_1_57' title='bbox 631 948 914 1017; x_wconf 69' lang='grc' dir='ltr'>ἐπίσκεψιν</span> <span class='ocrx_word' id='word_1_58' title='bbox 954 949 1242 1020; x_wconf 81' lang='grc' dir='ltr'>διάστημα.</span> <span class='ocrx_word' id='word_1_59' title='bbox 1293 952 1479 1014; x_wconf 82' lang='grc' dir='ltr'>Ἐκτὺς</span> <span class='ocrx_word' id='word_1_60' title='bbox 1510 953 1642 1023; x_wconf 84' lang='grc' dir='ltr'>δῆτα</span> <span class='ocrx_word' id='word_1_61' title='bbox 1685 954 1908 1023; x_wconf 84' lang='grc' dir='ltr'>γενόμε-</span> 
     </span>
    </p>
   </div>
   <div class='ocr_carea' id='block_1_11' title="bbox 337 1038 1908 1114">
    <p class='ocr_par' dir='ltr' id='par_1_11' title="bbox 337 1038 1908 1114">
     <span class='ocr_line' id='line_1_11' title="bbox 337 1038 1908 1114; baseline 0.005 -25"><span class='ocrx_word' id='word_1_62' title='bbox 337 1053 425 1089; x_wconf 87' lang='grc' dir='ltr'><strong>νον</strong></span> <span class='ocrx_word' id='word_1_63' title='bbox 477 1038 640 1090; x_wconf 75' lang='grc' dir='ltr'>αὑτὸν</span> <span class='ocrx_word' id='word_1_64' title='bbox 685 1039 779 1091; x_wconf 86' lang='grc' dir='ltr'><strong>τοῦ</strong></span> <span class='ocrx_word' id='word_1_65' title='bbox 826 1040 1194 1111; x_wconf 77' lang='grc' dir='ltr'>δικαστηρίου,</span> <span class='ocrx_word' id='word_1_66' title='bbox 1243 1041 1534 1106; x_wconf 79' lang='grc' dir='ltr'>Θεότεκνος</span> <span class='ocrx_word' id='word_1_67' title='bbox 1564 1045 1591 1095; x_wconf 90' lang='grc' dir='ltr'>ὁ</span> <span class='ocrx_word' id='word_1_68' title='bbox 1622 1045 1746 1114; x_wconf 83' lang='grc' dir='ltr'>τῇδε</span> <span class='ocrx_word' id='word_1_69' title='bbox 1791 1046 1908 1097; x_wconf 73' lang='grc' dir='ltr'>ἐπί-</span> 
     </span>
    </p>
   </div>
   <div class='ocr_carea' id='block_1_12' title="bbox 340 1127 1906 1206">
    <p class='ocr_par' dir='ltr' id='par_1_12' title="bbox 340 1127 1906 1206">
     <span class='ocr_line' id='line_1_12' title="bbox 340 1127 1906 1206; baseline 0.004 -25"><span class='ocrx_word' id='word_1_70' title='bbox 340 1145 540 1194; x_wconf 84' lang='grc' dir='ltr'>σκοπος</span> <span class='ocrx_word' id='word_1_71' title='bbox 584 1127 814 1194; x_wconf 79' lang='grc' dir='ltr'><strong>ἀφέλκει</strong></span> <span class='ocrx_word' id='word_1_72' title='bbox 869 1133 1178 1204; x_wconf 84' lang='grc' dir='ltr'>προσελθὼν</span> <span class='ocrx_word' id='word_1_73' title='bbox 1235 1135 1300 1188; x_wconf 89' lang='grc' dir='ltr'>δι’</span> <span class='ocrx_word' id='word_1_74' title='bbox 1361 1135 1594 1205; x_wconf 78' lang='grc' dir='ltr'>ὁμιλίας,</span> <span class='ocrx_word' id='word_1_75' title='bbox 1657 1138 1749 1190; x_wconf 76' lang='grc' dir='ltr'><strong>καὶ</strong></span> <span class='ocrx_word' id='word_1_76' title='bbox 1808 1137 1906 1206; x_wconf 77' lang='grc' dir='ltr'><strong>τῆς</strong></span> 
     </span>
    </p>
   </div>
   <div class='ocr_carea' id='block_1_13' title="bbox 337 1219 1904 1296">
    <p class='ocr_par' dir='ltr' id='par_1_13' title="bbox 337 1219 1904 1296">
     <span class='ocr_line' id='line_1_13' title="bbox 337 1219 1904 1296; baseline 0.005 -25"><span class='ocrx_word' id='word_1_77' title='bbox 337 1219 517 1290; x_wconf 76' lang='grc' dir='ltr'>χειρὸς</span> <span class='ocrx_word' id='word_1_78' title='bbox 550 1220 746 1286; x_wconf 78' lang='grc' dir='ltr'>λαϐὼν,</span> <span class='ocrx_word' id='word_1_79' title='bbox 788 1224 880 1276; x_wconf 64' lang='grc' dir='ltr'><strong>ἐπὶ</strong></span> <span class='ocrx_word' id='word_1_80' title='bbox 906 1225 1002 1294; x_wconf 83' lang='grc' dir='ltr'><strong>τὴν</strong></span> <span class='ocrx_word' id='word_1_81' title='bbox 1053 1224 1346 1295; x_wconf 81' lang='grc' dir='ltr'>ἐκκλησίαν</span> <span class='ocrx_word' id='word_1_82' title='bbox 1384 1226 1634 1296; x_wconf 79' lang='grc' dir='ltr'><strong>προάγει.</strong></span> <span class='ocrx_word' id='word_1_83' title='bbox 1671 1225 1815 1278; x_wconf 77' lang='grc' dir='ltr'><strong>Εἵσω</strong></span> <span class='ocrx_word' id='word_1_84' title='bbox 1845 1243 1904 1279; x_wconf 90' lang='grc' dir='ltr'><strong>τε</strong></span> 
     </span>
    </p>
   </div>
   <div class='ocr_carea' id='block_1_14' title="bbox 337 1311 1905 1386">
    <p class='ocr_par' dir='ltr' id='par_1_14' title="bbox 337 1311 1905 1386">
     <span class='ocr_line' id='line_1_14' title="bbox 337 1311 1905 1386; baseline 0.004 -24"><span class='ocrx_word' id='word_1_85' title='bbox 337 1312 472 1381; x_wconf 70' lang='grc' dir='ltr'>πρὸς</span> <span class='ocrx_word' id='word_1_86' title='bbox 499 1311 646 1381; x_wconf 76' lang='grc' dir='ltr'>αῦτῴ</span> <span class='ocrx_word' id='word_1_87' title='bbox 683 1316 884 1384; x_wconf 81' lang='grc' dir='ltr'>στήσας</span> <span class='ocrx_word' id='word_1_88' title='bbox 925 1313 1001 1383; x_wconf 82' lang='grc' dir='ltr'>τῷ</span> <span class='ocrx_word' id='word_1_89' title='bbox 1044 1314 1362 1384; x_wconf 83' lang='grc' dir='ltr'>ἁγιάσματι,</span> <span class='ocrx_word' id='word_1_90' title='bbox 1411 1316 1604 1386; x_wconf 86' lang='grc' dir='ltr'>μικρόν</span> <span class='ocrx_word' id='word_1_91' title='bbox 1635 1331 1694 1366; x_wconf 90' lang='grc' dir='ltr'><strong>τε</strong></span> <span class='ocrx_word' id='word_1_92' title='bbox 1731 1331 1905 1385; x_wconf 86' lang='grc' dir='ltr'>παρα-</span> 
     </span>
    </p>
   </div>
   <div class='ocr_carea' id='block_1_15' title="bbox 339 1401 1903 1473">
    <p class='ocr_par' dir='ltr' id='par_1_15' title="bbox 339 1401 1903 1473">
     <span class='ocr_line' id='line_1_15' title="bbox 339 1401 1903 1473; baseline 0 -19"><span class='ocrx_word' id='word_1_93' title='bbox 339 1401 614 1464; x_wconf 61' lang='grc' dir='ltr'>θαστείλας</span> <span class='ocrx_word' id='word_1_94' title='bbox 646 1402 806 1455; x_wconf 81' lang='grc' dir='ltr'>αὐτοῦ</span> <span class='ocrx_word' id='word_1_95' title='bbox 839 1403 937 1472; x_wconf 80' lang='grc' dir='ltr'>τῆς</span> <span class='ocrx_word' id='word_1_96' title='bbox 981 1402 1248 1473; x_wconf 78' lang='grc' dir='ltr'>χλαμύδος</span> <span class='ocrx_word' id='word_1_97' title='bbox 1291 1401 1399 1473; x_wconf 80' lang='grc'>(56)</span> <span class='ocrx_word' id='word_1_98' title='bbox 1439 1402 1532 1454; x_wconf 78' lang='grc' dir='ltr'><strong>καὶ</strong></span> <span class='ocrx_word' id='word_1_99' title='bbox 1563 1401 1624 1454; x_wconf 82' lang='grc' dir='ltr'><strong>τὸ</strong></span> <span class='ocrx_word' id='word_1_100' title='bbox 1659 1419 1903 1473; x_wconf 89' lang='grc' dir='ltr'>προσηρ-</span> 
     </span>
    </p>
   </div>
   <div class='ocr_carea' id='block_1_16' title="bbox 329 1493 1904 1564">
    <p class='ocr_par' dir='ltr' id='par_1_16' title="bbox 329 1493 1904 1564">
     <span class='ocr_line' id='line_1_16' title="bbox 329 1493 1904 1564; baseline 0.001 -20"><span class='ocrx_word' id='word_1_101' title='bbox 329 1493 563 1563; x_wconf 72' lang='grc' dir='ltr'>τημένον</span> <span class='ocrx_word' id='word_1_102' title='bbox 613 1493 761 1563; x_wconf 84' lang='grc' dir='ltr'>αὐτῷ</span> <span class='ocrx_word' id='word_1_103' title='bbox 814 1493 964 1561; x_wconf 78' lang='grc' dir='ltr'>ξίφος</span> <span class='ocrx_word' id='word_1_104' title='bbox 995 1493 1283 1560; x_wconf 78' lang='grc' dir='ltr'>ἐπιδείξας,</span> <span class='ocrx_word' id='word_1_105' title='bbox 1351 1494 1466 1564; x_wconf 76' lang='grc' dir='ltr'><strong>ἅμα</strong></span> <span class='ocrx_word' id='word_1_106' title='bbox 1512 1511 1570 1546; x_wconf 91' lang='grc' dir='ltr'><strong>τε</strong></span> <span class='ocrx_word' id='word_1_107' title='bbox 1612 1494 1904 1564; x_wconf 79' lang='grc' dir='ltr'>ἀντιπαρα-</span> 
     </span>
    </p>
   </div>
   <div class='ocr_carea' id='block_1_17' title="bbox 326 1585 1900 1657">
    <p class='ocr_par' dir='ltr' id='par_1_17' title="bbox 326 1585 1900 1657">
     <span class='ocr_line' id='line_1_17' title="bbox 326 1585 1900 1657; baseline 0.001 -21"><span class='ocrx_word' id='word_1_108' title='bbox 326 1585 510 1653; x_wconf 78' lang='grc' dir='ltr'>τίθησι</span> <span class='ocrx_word' id='word_1_109' title='bbox 553 1585 917 1656; x_wconf 85' lang='grc' dir='ltr'>προσαγαγὼν</span> <span class='ocrx_word' id='word_1_110' title='bbox 961 1586 1110 1657; x_wconf 82' lang='grc' dir='ltr'>αὑτῷ</span> <span class='ocrx_word' id='word_1_111' title='bbox 1152 1586 1249 1656; x_wconf 86' lang='grc' dir='ltr'><strong>τὴν</strong></span> <span class='ocrx_word' id='word_1_112' title='bbox 1291 1586 1400 1640; x_wconf 86' lang='grc' dir='ltr'><strong>τῶν</strong></span> <span class='ocrx_word' id='word_1_113' title='bbox 1450 1586 1610 1639; x_wconf 83' lang='grc' dir='ltr'>θείων</span> <span class='ocrx_word' id='word_1_114' title='bbox 1652 1587 1900 1654; x_wconf 81' lang='grc' dir='ltr'>Εὑαγγε-</span> 
     </span>
    </p>
   </div>
   <div class='ocr_carea' id='block_1_18' title="bbox 327 1676 1902 1748">
    <p class='ocr_par' dir='ltr' id='par_1_18' title="bbox 327 1676 1902 1748">
     <span class='ocr_line' id='line_1_18' title="bbox 327 1676 1902 1748; baseline 0.002 -20"><span class='ocrx_word' id='word_1_115' title='bbox 327 1676 456 1729; x_wconf 83' lang='grc' dir='ltr'><strong>λὶων</strong></span> <span class='ocrx_word' id='word_1_116' title='bbox 488 1679 727 1748; x_wconf 69' lang='grc' dir='ltr'>γραφὴν,</span> <span class='ocrx_word' id='word_1_117' title='bbox 771 1677 1034 1741; x_wconf 87' lang='grc' dir='ltr'>κελεύσας</span> <span class='ocrx_word' id='word_1_118' title='bbox 1072 1678 1180 1732; x_wconf 83' lang='grc' dir='ltr'><strong>τῶν</strong></span> <span class='ocrx_word' id='word_1_119' title='bbox 1229 1679 1370 1731; x_wconf 81' lang='grc' dir='ltr'>δυεῖν</span> <span class='ocrx_word' id='word_1_120' title='bbox 1412 1678 1624 1732; x_wconf 80' lang='grc' dir='ltr'>ἑλέσθαι</span> <span class='ocrx_word' id='word_1_121' title='bbox 1657 1677 1719 1730; x_wconf 85' lang='grc' dir='ltr'><strong>τὸ</strong></span> <span class='ocrx_word' id='word_1_122' title='bbox 1763 1679 1902 1731; x_wconf 81' lang='grc' dir='ltr'>κατὰ</span> 
     </span>
    </p>
   </div>
   <div class='ocr_carea' id='block_1_19' title="bbox 324 1768 1904 1842">
    <p class='ocr_par' dir='ltr' id='par_1_19' title="bbox 324 1768 1904 1842">
     <span class='ocr_line' id='line_1_19' title="bbox 324 1768 1904 1842; baseline 0.001 -22"><span class='ocrx_word' id='word_1_123' title='bbox 324 1768 571 1838; x_wconf 88' lang='grc' dir='ltr'>γνώμην.</span> <span class='ocrx_word' id='word_1_124' title='bbox 620 1770 706 1831; x_wconf 81' lang='grc' dir='ltr'>Ὠς</span> <span class='ocrx_word' id='word_1_125' title='bbox 736 1770 782 1822; x_wconf 84' lang='grc' dir='ltr'>δ’</span> <span class='ocrx_word' id='word_1_126' title='bbox 811 1769 1072 1840; x_wconf 72' lang='grc' dir='ltr'>ἀμελλητὶ</span> <span class='ocrx_word' id='word_1_127' title='bbox 1099 1771 1196 1842; x_wconf 78' lang='grc' dir='ltr'>τὴν</span> <span class='ocrx_word' id='word_1_128' title='bbox 1224 1769 1406 1836; x_wconf 80' lang='grc' dir='ltr'>δεξιάν</span> <span class='ocrx_word' id='word_1_129' title='bbox 1446 1770 1752 1840; x_wconf 84' lang='grc' dir='ltr'>προτείνας,</span> <span class='ocrx_word' id='word_1_130' title='bbox 1797 1770 1904 1823; x_wconf 75' lang='grc' dir='ltr'><strong>ἐδέ-</strong></span> 
     </span>
    </p>
   </div>
   <div class='ocr_carea' id='block_1_20' title="bbox 2019 585 3590 657">
    <p class='ocr_par' dir='ltr' id='par_1_20' title="bbox 2019 585 3590 657">
     <span class='ocr_line' id='line_1_20' title="bbox 2019 585 3590 657; baseline 0.002 -14"><span class='ocrx_word' id='word_1_131' title='bbox 2019 597 2342 656; x_wconf 87' lang='lat' dir='ltr'><strong>competere.</strong></span> <span class='ocrx_word' id='word_1_132' title='bbox 2379 585 2453 639; x_wconf 89' lang='lat' dir='ltr'><strong>Ea</strong></span> <span class='ocrx_word' id='word_1_133' title='bbox 2482 601 2537 639; x_wconf 89' lang='lat' dir='ltr'><strong>re</strong></span> <span class='ocrx_word' id='word_1_134' title='bbox 2563 595 2868 640; x_wconf 85' lang='lat' dir='ltr'><strong>commotus</strong></span> <span class='ocrx_word' id='word_1_135' title='bbox 2889 586 3077 652; x_wconf 73' lang='lat' dir='ltr'><strong>jndex,</strong></span> <span class='ocrx_word' id='word_1_136' title='bbox 3096 587 3326 643; x_wconf 69' lang='lat' dir='ltr'><strong>Achaeus</strong></span> <span class='ocrx_word' id='word_1_137' title='bbox 3354 593 3590 657; x_wconf 88' lang='lat' dir='ltr'><strong>nomine,</strong></span> 
     </span>
    </p>
   </div>
   <div class='ocr_carea' id='block_1_21' title="bbox 2015 679 3594 751">
    <p class='ocr_par' dir='ltr' id='par_1_21' title="bbox 2015 679 3594 751">
     <span class='ocr_line' id='line_1_21' title="bbox 2015 679 3594 751; baseline 0.004 -19"><span class='ocrx_word' id='word_1_138' title='bbox 2015 681 2253 749; x_wconf 90' lang='lat' dir='ltr'><strong>primum</strong></span> <span class='ocrx_word' id='word_1_139' title='bbox 2286 679 2500 747; x_wconf 84' lang='lat' dir='ltr'><strong>quidem</strong></span> <span class='ocrx_word' id='word_1_140' title='bbox 2525 679 2793 732; x_wconf 80' lang='lat' dir='ltr'><strong>Marinum</strong></span> <span class='ocrx_word' id='word_1_141' title='bbox 2825 679 3180 749; x_wconf 86' lang='lat' dir='ltr'><strong>interrogavit</strong></span> <span class='ocrx_word' id='word_1_142' title='bbox 3207 682 3594 751; x_wconf 84' lang='lat' dir='ltr'><strong>cojusnames-</strong></span> 
     </span>
    </p>
   </div>
   <div class='ocr_carea' id='block_1_22' title="bbox 2015 771 3591 840">
    <p class='ocr_par' dir='ltr' id='par_1_22' title="bbox 2015 771 3591 840">
     <span class='ocr_line' id='line_1_22' title="bbox 2015 771 3591 840; baseline 0.003 -14"><span class='ocrx_word' id='word_1_143' title='bbox 2015 781 2096 826; x_wconf 88' lang='lat' dir='ltr'><strong>set</strong></span> <span class='ocrx_word' id='word_1_144' title='bbox 2119 773 2422 826; x_wconf 71' lang='lat' dir='ltr'><strong>sententiaa.</strong></span> <span class='ocrx_word' id='word_1_145' title='bbox 2455 771 2686 839; x_wconf 83' lang='lat' dir='ltr'><strong>Cognito</strong></span> <span class='ocrx_word' id='word_1_146' title='bbox 2721 771 2917 826; x_wconf 91' lang='lat' dir='ltr'><strong>deinde</strong></span> <span class='ocrx_word' id='word_1_147' title='bbox 2952 774 3099 840; x_wconf 88' lang='lat' dir='ltr'><strong>quod</strong></span> <span class='ocrx_word' id='word_1_148' title='bbox 3129 773 3500 830; x_wconf 84' lang='lat' dir='ltr'><strong>Christianum</strong></span> <span class='ocrx_word' id='word_1_149' title='bbox 3530 793 3591 832; x_wconf 90' lang='lat' dir='ltr'><strong>se</strong></span> 
     </span>
    </p>
   </div>
   <div class='ocr_carea' id='block_1_23' title="bbox 2014 861 3587 928">
    <p class='ocr_par' dir='ltr' id='par_1_23' title="bbox 2014 861 3587 928">
     <span class='ocr_line' id='line_1_23' title="bbox 2014 861 3587 928; baseline 0.004 -14"><span class='ocrx_word' id='word_1_150' title='bbox 2014 875 2136 914; x_wconf 87' lang='lat' dir='ltr'><strong>esse</strong></span> <span class='ocrx_word' id='word_1_151' title='bbox 2180 861 2620 915; x_wconf 76' lang='lat' dir='ltr'><strong>constantissime</strong></span> <span class='ocrx_word' id='word_1_152' title='bbox 2664 862 3048 928; x_wconf 86' lang='lat' dir='ltr'><strong>proﬁteretur,</strong></span> <span class='ocrx_word' id='word_1_153' title='bbox 3113 864 3276 918; x_wconf 90' lang='lat' dir='ltr'><strong>trium</strong></span> <span class='ocrx_word' id='word_1_154' title='bbox 3333 867 3587 922; x_wconf 81' lang='lat' dir='ltr'><strong>horarum</strong></span> 
     </span>
    </p>
   </div>
   <div class='ocr_carea' id='block_1_24' title="bbox 2014 953 3587 1020">
    <p class='ocr_par' dir='ltr' id='par_1_24' title="bbox 2014 953 3587 1020">
     <span class='ocr_line' id='line_1_24' title="bbox 2014 953 3587 1020; baseline 0.006 -16"><span class='ocrx_word' id='word_1_155' title='bbox 2014 955 2246 1020; x_wconf 79' lang='lat' dir='ltr'><strong>spatium</strong></span> <span class='ocrx_word' id='word_1_156' title='bbox 2280 954 2344 1006; x_wconf 91' lang='lat' dir='ltr'><strong>ad</strong></span> <span class='ocrx_word' id='word_1_157' title='bbox 2381 953 2788 1008; x_wconf 88' lang='lat' dir='ltr'><strong>deliberandum</strong></span> <span class='ocrx_word' id='word_1_158' title='bbox 2817 955 2864 1008; x_wconf 89' lang='lat' dir='ltr'><strong>ei</strong></span> <span class='ocrx_word' id='word_1_159' title='bbox 2891 959 3181 1012; x_wconf 88' lang='lat' dir='ltr'><strong>concessit.</strong></span> <span class='ocrx_word' id='word_1_160' title='bbox 3208 957 3442 1014; x_wconf 82' lang='lat' dir='ltr'><strong>Proinde</strong></span> <span class='ocrx_word' id='word_1_161' title='bbox 3467 978 3587 1014; x_wconf 86' lang='lat' dir='ltr'><strong>cum</strong></span> 
     </span>
    </p>
   </div>
   <div class='ocr_carea' id='block_1_25' title="bbox 2014 1045 3588 1117">
    <p class='ocr_par' dir='ltr' id='par_1_25' title="bbox 2014 1045 3588 1117">
     <span class='ocr_line' id='line_1_25' title="bbox 2014 1045 3588 1117; baseline 0.006 -19"><span class='ocrx_word' id='word_1_162' title='bbox 2014 1060 2080 1098; x_wconf 80' lang='lat' dir='ltr'><strong>ex</strong></span> <span class='ocrx_word' id='word_1_163' title='bbox 2132 1045 2388 1113; x_wconf 80' lang='lat' dir='ltr'><strong>praetorio</strong></span> <span class='ocrx_word' id='word_1_164' title='bbox 2446 1061 2703 1115; x_wconf 86' lang='lat' dir='ltr'><strong>egressus</strong></span> <span class='ocrx_word' id='word_1_165' title='bbox 2757 1057 2925 1117; x_wconf 86' lang='lat' dir='ltr'><strong>esset,</strong></span> <span class='ocrx_word' id='word_1_166' title='bbox 2959 1048 3298 1105; x_wconf 87' lang='lat' dir='ltr'><strong>Theotecuus</strong></span> <span class='ocrx_word' id='word_1_167' title='bbox 3352 1053 3588 1108; x_wconf 80' lang='lat' dir='ltr'><strong>civitatis</strong></span> 
     </span>
    </p>
   </div>
   <div class='ocr_carea' id='block_1_26' title="bbox 2013 1137 3591 1208">
    <p class='ocr_par' dir='ltr' id='par_1_26' title="bbox 2013 1137 3591 1208">
     <span class='ocr_line' id='line_1_26' title="bbox 2013 1137 3591 1208; baseline 0.006 -19"><span class='ocrx_word' id='word_1_168' title='bbox 2013 1137 2295 1207; x_wconf 85' lang='lat' dir='ltr'><strong>episcopus</strong></span> <span class='ocrx_word' id='word_1_169' title='bbox 2320 1138 2385 1192; x_wconf 90' lang='lat' dir='ltr'><strong>ad</strong></span> <span class='ocrx_word' id='word_1_170' title='bbox 2421 1139 2569 1192; x_wconf 90' lang='lat' dir='ltr'><strong>illum</strong></span> <span class='ocrx_word' id='word_1_171' title='bbox 2613 1139 2898 1208; x_wconf 84' lang='lat' dir='ltr'><strong>accedens,</strong></span> <span class='ocrx_word' id='word_1_172' title='bbox 2941 1152 2996 1196; x_wconf 91' lang='lat' dir='ltr'><strong>et</strong></span> <span class='ocrx_word' id='word_1_173' title='bbox 3027 1143 3442 1198; x_wconf 89' lang='lat' dir='ltr'><strong>sermocinando</strong></span> <span class='ocrx_word' id='word_1_174' title='bbox 3473 1147 3591 1198; x_wconf 79' lang='lat' dir='ltr'><strong>lon-</strong></span> 
     </span>
    </p>
   </div>
   <div class='ocr_carea' id='block_1_27' title="bbox 2013 1229 3584 1301">
    <p class='ocr_par' dir='ltr' id='par_1_27' title="bbox 2013 1229 3584 1301">
     <span class='ocr_line' id='line_1_27' title="bbox 2013 1229 3584 1301; baseline 0.008 -21"><span class='ocrx_word' id='word_1_175' title='bbox 2013 1229 2130 1299; x_wconf 85' lang='lat' dir='ltr'><strong>gius</strong></span> <span class='ocrx_word' id='word_1_176' title='bbox 2162 1244 2284 1282; x_wconf 86' lang='lat' dir='ltr'><strong>eum</strong></span> <span class='ocrx_word' id='word_1_177' title='bbox 2319 1231 2662 1296; x_wconf 88' lang='lat' dir='ltr'><strong>abstrahens,</strong></span> <span class='ocrx_word' id='word_1_178' title='bbox 2703 1233 2974 1301; x_wconf 87' lang='lat' dir='ltr'><strong>prehensa</strong></span> <span class='ocrx_word' id='word_1_179' title='bbox 3007 1250 3166 1288; x_wconf 90' lang='lat' dir='ltr'><strong>manu</strong></span> <span class='ocrx_word' id='word_1_180' title='bbox 3201 1238 3267 1290; x_wconf 83' lang='lat' dir='ltr'><strong>ad</strong></span> <span class='ocrx_word' id='word_1_181' title='bbox 3297 1237 3584 1292; x_wconf 89' lang='lat' dir='ltr'><strong>ecclesiam</strong></span> 
     </span>
    </p>
   </div>
   <div class='ocr_carea' id='block_1_28' title="bbox 2011 1322 3585 1396">
    <p class='ocr_par' dir='ltr' id='par_1_28' title="bbox 2011 1322 3585 1396">
     <span class='ocr_line' id='line_1_28' title="bbox 2011 1322 3585 1396; baseline 0.005 -22"><span class='ocrx_word' id='word_1_182' title='bbox 2011 1322 2277 1391; x_wconf 85' lang='lat' dir='ltr'><strong>perducit.</strong></span> <span class='ocrx_word' id='word_1_183' title='bbox 2303 1322 2547 1392; x_wconf 89' lang='lat' dir='ltr'><strong>Cumque</strong></span> <span class='ocrx_word' id='word_1_184' title='bbox 2573 1325 2804 1379; x_wconf 89' lang='lat' dir='ltr'><strong>interius</strong></span> <span class='ocrx_word' id='word_1_185' title='bbox 2831 1328 2898 1380; x_wconf 88' lang='lat' dir='ltr'><strong>ad</strong></span> <span class='ocrx_word' id='word_1_186' title='bbox 2931 1326 3104 1396; x_wconf 90' lang='lat' dir='ltr'><strong>ipsum</strong></span> <span class='ocrx_word' id='word_1_187' title='bbox 3128 1328 3299 1382; x_wconf 88' lang='lat' dir='ltr'><strong>altare</strong></span> <span class='ocrx_word' id='word_1_188' title='bbox 3321 1344 3443 1383; x_wconf 89' lang='lat' dir='ltr'><strong>eum</strong></span> <span class='ocrx_word' id='word_1_189' title='bbox 3474 1341 3585 1384; x_wconf 86' lang='lat' dir='ltr'><strong>sta-</strong></span> 
     </span>
    </p>
   </div>
   <div class='ocr_carea' id='block_1_29' title="bbox 2013 1415 3582 1491">
    <p class='ocr_par' dir='ltr' id='par_1_29' title="bbox 2013 1415 3582 1491">
     <span class='ocr_line' id='line_1_29' title="bbox 2013 1415 3582 1491; baseline 0.006 -25"><span class='ocrx_word' id='word_1_190' title='bbox 2013 1415 2221 1478; x_wconf 88' lang='lat' dir='ltr'><strong>tuisset,</strong></span> <span class='ocrx_word' id='word_1_191' title='bbox 2261 1416 2478 1469; x_wconf 89' lang='lat' dir='ltr'><strong>reducta</strong></span> <span class='ocrx_word' id='word_1_192' title='bbox 2533 1416 2797 1486; x_wconf 88' lang='lat' dir='ltr'><strong>tantisper</strong></span> <span class='ocrx_word' id='word_1_193' title='bbox 2839 1419 2956 1487; x_wconf 88' lang='lat' dir='ltr'><strong>ejus</strong></span> <span class='ocrx_word' id='word_1_194' title='bbox 2997 1420 3302 1491; x_wconf 87' lang='lat' dir='ltr'><strong>chlamyde,</strong></span> <span class='ocrx_word' id='word_1_195' title='bbox 3345 1423 3582 1489; x_wconf 83' lang='lat' dir='ltr'><strong>gladium</strong></span> 
     </span>
    </p>
   </div>
   <div class='ocr_carea' id='block_1_30' title="bbox 2012 1504 3582 1576">
    <p class='ocr_par' dir='ltr' id='par_1_30' title="bbox 2012 1504 3582 1576">
     <span class='ocr_line' id='line_1_30' title="bbox 2012 1504 3582 1576; baseline 0.007 -20"><span class='ocrx_word' id='word_1_196' title='bbox 2012 1504 2084 1557; x_wconf 86' lang='lat' dir='ltr'><strong>illi</strong></span> <span class='ocrx_word' id='word_1_197' title='bbox 2119 1520 2226 1574; x_wconf 88' lang='lat' dir='ltr'><strong>quo</strong></span> <span class='ocrx_word' id='word_1_198' title='bbox 2257 1507 2583 1576; x_wconf 72' lang='lat' dir='ltr'><strong>praecinctus</strong></span> <span class='ocrx_word' id='word_1_199' title='bbox 2637 1517 2756 1562; x_wconf 88' lang='lat' dir='ltr'><strong>erat</strong></span> <span class='ocrx_word' id='word_1_200' title='bbox 2800 1510 3114 1575; x_wconf 89' lang='lat' dir='ltr'><strong>ostendens,</strong></span> <span class='ocrx_word' id='word_1_201' title='bbox 3147 1527 3268 1566; x_wconf 80' lang='lat' dir='ltr'><strong>mox</strong></span> <span class='ocrx_word' id='word_1_202' title='bbox 3303 1530 3582 1569; x_wconf 80' lang='lat' dir='ltr'><strong>sacrorum</strong></span> 
     </span>
    </p>
   </div>
   <div class='ocr_carea' id='block_1_31' title="bbox 2009 1595 3582 1673">
    <p class='ocr_par' dir='ltr' id='par_1_31' title="bbox 2009 1595 3582 1673">
     <span class='ocr_line' id='line_1_31' title="bbox 2009 1595 3582 1673; baseline 0.008 -23"><span class='ocrx_word' id='word_1_203' title='bbox 2009 1595 2429 1668; x_wconf 84' lang='lat' dir='ltr'><strong>Evangeliorum</strong></span> <span class='ocrx_word' id='word_1_204' title='bbox 2469 1601 2713 1654; x_wconf 89' lang='lat' dir='ltr'><strong>codicem</strong></span> <span class='ocrx_word' id='word_1_205' title='bbox 2747 1617 2814 1656; x_wconf 85' lang='lat' dir='ltr'><strong>ex</strong></span> <span class='ocrx_word' id='word_1_206' title='bbox 2845 1603 3076 1660; x_wconf 88' lang='lat' dir='ltr'><strong>adverso</strong></span> <span class='ocrx_word' id='word_1_207' title='bbox 3109 1605 3273 1671; x_wconf 89' lang='lat' dir='ltr'><strong>local,</strong></span> <span class='ocrx_word' id='word_1_208' title='bbox 3298 1607 3494 1673; x_wconf 81' lang='lat' dir='ltr'><strong>jahens</strong></span> <span class='ocrx_word' id='word_1_209' title='bbox 3525 1620 3582 1662; x_wconf 89' lang='lat' dir='ltr'><strong>ut</strong></span> 
     </span>
    </p>
   </div>
   <div class='ocr_carea' id='block_1_32' title="bbox 2008 1688 3580 1766">
    <p class='ocr_par' dir='ltr' id='par_1_32' title="bbox 2008 1688 3580 1766">
     <span class='ocr_line' id='line_1_32' title="bbox 2008 1688 3580 1766; baseline 0.008 -24"><span class='ocrx_word' id='word_1_210' title='bbox 2008 1702 2070 1742; x_wconf 80' lang='lat' dir='ltr'><strong>ex</strong></span> <span class='ocrx_word' id='word_1_211' title='bbox 2132 1688 2342 1744; x_wconf 90' lang='lat' dir='ltr'><strong>duobus</strong></span> <span class='ocrx_word' id='word_1_212' title='bbox 2390 1699 2573 1745; x_wconf 87' lang='lat' dir='ltr'><strong>utrum</strong></span> <span class='ocrx_word' id='word_1_213' title='bbox 2629 1692 2815 1747; x_wconf 89' lang='lat' dir='ltr'><strong>mallet</strong></span> <span class='ocrx_word' id='word_1_214' title='bbox 2861 1695 3104 1766; x_wconf 79' lang='lat' dir='ltr'><strong>eligeret.</strong></span> <span class='ocrx_word' id='word_1_215' title='bbox 3146 1696 3407 1763; x_wconf 84' lang='lat' dir='ltr'><strong>Marinus,</strong></span> <span class='ocrx_word' id='word_1_216' title='bbox 3450 1701 3580 1756; x_wconf 89' lang='lat' dir='ltr'><strong>nihil</strong></span> 
     </span>
    </p>
   </div>
   <div class='ocr_carea' id='block_1_33' title="bbox 2011 1785 3582 1860">
    <p class='ocr_par' dir='ltr' id='par_1_33' title="bbox 2011 1785 3582 1860">
     <span class='ocr_line' id='line_1_33' title="bbox 2011 1785 3582 1860; baseline 0.008 -27"><span class='ocrx_word' id='word_1_217' title='bbox 2011 1789 2316 1846; x_wconf 88' lang='lat' dir='ltr'><strong>cunctatus,</strong></span> <span class='ocrx_word' id='word_1_218' title='bbox 2347 1791 2601 1850; x_wconf 86' lang='lat' dir='ltr'><strong>protensa</strong></span> <span class='ocrx_word' id='word_1_219' title='bbox 2634 1785 2825 1839; x_wconf 85' lang='lat' dir='ltr'><strong>dextra</strong></span> <span class='ocrx_word' id='word_1_220' title='bbox 2859 1787 3099 1841; x_wconf 81' lang='lat' dir='ltr'><strong>codicem</strong></span> <span class='ocrx_word' id='word_1_221' title='bbox 3131 1803 3249 1842; x_wconf 89' lang='lat' dir='ltr'><strong>eum</strong></span> <span class='ocrx_word' id='word_1_222' title='bbox 3281 1793 3582 1860; x_wconf 86' lang='lat' dir='ltr'><strong>apprehen-</strong></span> 
     </span>
    </p>
   </div>
   <div class='ocr_carea' id='block_1_34' title="bbox 325 1858 1887 1946">
    <p class='ocr_par' dir='ltr' id='par_1_34' title="bbox 325 1858 1887 1932">
     <span class='ocr_line' id='line_1_34' title="bbox 325 1858 1887 1932; baseline -0.001 -20"><span class='ocrx_word' id='word_1_223' title='bbox 325 1859 452 1924; x_wconf 82' lang='grc' dir='ltr'>ξατο</span> <span class='ocrx_word' id='word_1_224' title='bbox 480 1861 576 1930; x_wconf 80' lang='grc' dir='ltr'>τὴν</span> <span class='ocrx_word' id='word_1_225' title='bbox 611 1859 757 1913; x_wconf 84' lang='grc' dir='ltr'>θείαν</span> <span class='ocrx_word' id='word_1_226' title='bbox 780 1861 1192 1932; x_wconf 73' lang='grc' dir='ltr'>Γραφὴν,¹Ἐχου</span> <span class='ocrx_word' id='word_1_227' title='bbox 1207 1860 1405 1924; x_wconf 83' lang='grc' dir='ltr'>τοίνυν,</span> <span class='ocrx_word' id='word_1_228' title='bbox 1434 1859 1578 1929; x_wconf 78' lang='grc' dir='ltr'>ἔχου,</span> <span class='ocrx_word' id='word_1_229' title='bbox 1604 1860 1735 1931; x_wconf 68' lang='grc' dir='ltr'>φησι</span> <span class='ocrx_word' id='word_1_230' title='bbox 1768 1858 1887 1931; x_wconf 72' lang='grc' dir='ltr'>πρὸς</span> 
     </span>
    </p>
   </div>
   <div class='ocr_carea' id='block_1_35' title="bbox 1992 1858 3575 1946">
    <p class='ocr_par' dir='ltr' id='par_1_35' title="bbox 2007 1858 3575 1946">
     <span class='ocr_line' id='line_1_35' title="bbox 2007 1858 3575 1946; baseline 0.006 -25"><span class='ocrx_word' id='word_1_231' title='bbox 2007 1869 2194 1934; x_wconf 89' lang='lat' dir='ltr'><strong>disset,</strong></span> <span class='ocrx_word' id='word_1_232' title='bbox 2254 1870 2340 1924; x_wconf 91' lang='lat' dir='ltr'><strong>his</strong></span> <span class='ocrx_word' id='word_1_233' title='bbox 2387 1884 2509 1925; x_wconf 91' lang='lat' dir='ltr'><strong>eum</strong></span> <span class='ocrx_word' id='word_1_234' title='bbox 2562 1873 2743 1928; x_wconf 86' lang='lat' dir='ltr'><strong>verbis</strong></span> <span class='ocrx_word' id='word_1_235' title='bbox 2801 1872 3142 1929; x_wconf 90' lang='lat' dir='ltr'><strong>Theotecuus</strong></span> <span class='ocrx_word' id='word_1_236' title='bbox 3195 1858 3575 1946; x_wconf 81' lang='lat' dir='ltr'><strong>compellavit:</strong></span> 
     </span>
    </p>
   </div>
   <div class='ocr_carea' id='block_1_36' title="bbox 322 1944 1900 2022">
    <p class='ocr_par' dir='ltr' id='par_1_36' title="bbox 322 1944 1900 2022">
     <span class='ocr_line' id='line_1_36' title="bbox 322 1944 1900 2022; baseline 0.001 -20"><span class='ocrx_word' id='word_1_237' title='bbox 322 1951 487 2004; x_wconf 74' lang='grc' dir='ltr'>αὑτὸν</span> <span class='ocrx_word' id='word_1_238' title='bbox 527 1955 554 2004; x_wconf 83' lang='grc' dir='ltr'>ὁ</span> <span class='ocrx_word' id='word_1_239' title='bbox 592 1951 899 2017; x_wconf 80' lang='grc' dir='ltr'>Θεότεκνος,</span> <span class='ocrx_word' id='word_1_240' title='bbox 931 1951 1023 2004; x_wconf 91' lang='grc' dir='ltr'><strong>τοῦ</strong></span> <span class='ocrx_word' id='word_1_241' title='bbox 1073 1952 1227 2016; x_wconf 89' lang='grc' dir='ltr'>Θεοῦ,</span> <span class='ocrx_word' id='word_1_242' title='bbox 1264 1952 1357 2005; x_wconf 74' lang='grc' dir='ltr'><strong>καὶ</strong></span> <span class='ocrx_word' id='word_1_243' title='bbox 1400 1951 1583 2022; x_wconf 82' lang='grc' dir='ltr'>τύχοις</span> <span class='ocrx_word' id='word_1_244' title='bbox 1629 1944 1702 2005; x_wconf 80' lang='grc' dir='ltr'>ὧν</span> <span class='ocrx_word' id='word_1_245' title='bbox 1736 1950 1900 2015; x_wconf 77' lang='grc' dir='ltr'>εἵλου,</span> 
     </span>
    </p>
   </div>
   <div class='ocr_carea' id='block_1_37' title="bbox 322 2043 1896 2116">
    <p class='ocr_par' dir='ltr' id='par_1_37' title="bbox 322 2043 1896 2116">
     <span class='ocr_line' id='line_1_37' title="bbox 322 2043 1896 2116; baseline 0.003 -22"><span class='ocrx_word' id='word_1_246' title='bbox 322 2044 460 2115; x_wconf 69' lang='grc' dir='ltr'>πρὸς</span> <span class='ocrx_word' id='word_1_247' title='bbox 493 2044 656 2097; x_wconf 78' lang='grc' dir='ltr'>αὐτοῦ</span> <span class='ocrx_word' id='word_1_248' title='bbox 697 2045 1117 2116; x_wconf 84' lang='grc' dir='ltr'>δυναμούμενος,</span> <span class='ocrx_word' id='word_1_249' title='bbox 1163 2045 1254 2098; x_wconf 70' lang='grc' dir='ltr'><strong>καὶ</strong></span> <span class='ocrx_word' id='word_1_250' title='bbox 1288 2043 1471 2114; x_wconf 79' lang='grc' dir='ltr'>βάδιζε</span> <span class='ocrx_word' id='word_1_251' title='bbox 1509 2044 1623 2115; x_wconf 86' lang='grc' dir='ltr'>μετ’</span> <span class='ocrx_word' id='word_1_252' title='bbox 1656 2045 1896 2116; x_wconf 78' lang='grc' dir='ltr'>εἰρήνης.</span> 
     </span>
    </p>
   </div>
   <div class='ocr_carea' id='block_1_38' title="bbox 322 2135 1899 2208">
    <p class='ocr_par' dir='ltr' id='par_1_38' title="bbox 322 2135 1899 2208">
     <span class='ocr_line' id='line_1_38' title="bbox 322 2135 1899 2208; baseline 0.001 -20"><span class='ocrx_word' id='word_1_253' title='bbox 322 2137 500 2199; x_wconf 75' lang='grc' dir='ltr'>Εὐθὺς</span> <span class='ocrx_word' id='word_1_254' title='bbox 520 2135 728 2189; x_wconf 79' lang='grc' dir='ltr'>ἐκεῖθεν</span> <span class='ocrx_word' id='word_1_255' title='bbox 756 2136 1114 2190; x_wconf 73' lang='grc' dir='ltr'>ἐπανελθόντα</span> <span class='ocrx_word' id='word_1_256' title='bbox 1142 2137 1327 2202; x_wconf 77' lang='grc' dir='ltr'>αὑτὸν,</span> <span class='ocrx_word' id='word_1_257' title='bbox 1357 2135 1533 2208; x_wconf 80' lang='grc' dir='ltr'>κήρυξ</span> <span class='ocrx_word' id='word_1_258' title='bbox 1565 2135 1692 2189; x_wconf 75' lang='grc' dir='ltr'><strong>ἐϐόα</strong></span> <span class='ocrx_word' id='word_1_259' title='bbox 1720 2137 1899 2190; x_wconf 82' lang='grc' dir='ltr'>καλῶν</span> 
     </span>
    </p>
   </div>
   <div class='ocr_carea' id='block_1_39' title="bbox 322 2227 1902 2300">
    <p class='ocr_par' dir='ltr' id='par_1_39' title="bbox 322 2227 1902 2300">
     <span class='ocr_line' id='line_1_39' title="bbox 322 2227 1902 2300; baseline 0.001 -21"><span class='ocrx_word' id='word_1_260' title='bbox 322 2228 429 2298; x_wconf 74' lang='grc' dir='ltr'>πρὸ</span> <span class='ocrx_word' id='word_1_261' title='bbox 465 2227 559 2281; x_wconf 85' lang='grc' dir='ltr'><strong>τοῦ</strong></span> <span class='ocrx_word' id='word_1_262' title='bbox 613 2227 1002 2299; x_wconf 76' lang='grc' dir='ltr'>δικαστηρίουο</span> <span class='ocrx_word' id='word_1_263' title='bbox 1050 2229 1144 2281; x_wconf 75' lang='grc' dir='ltr'>καὶ</span> <span class='ocrx_word' id='word_1_264' title='bbox 1192 2229 1301 2299; x_wconf 85' lang='grc' dir='ltr'><strong>γὰρ</strong></span> <span class='ocrx_word' id='word_1_265' title='bbox 1355 2228 1458 2300; x_wconf 73' lang='grc' dir='ltr'>ἤδη</span> <span class='ocrx_word' id='word_1_266' title='bbox 1502 2227 1570 2281; x_wconf 83' lang='grc' dir='ltr'>τὰ</span> <span class='ocrx_word' id='word_1_267' title='bbox 1616 2227 1714 2299; x_wconf 83' lang='grc' dir='ltr'>τῆς</span> <span class='ocrx_word' id='word_1_268' title='bbox 1768 2245 1902 2298; x_wconf 88' lang='grc' dir='ltr'>προ-</span> 
     </span>
    </p>
   </div>
   <div class='ocr_carea' id='block_1_40' title="bbox 320 2319 1900 2393">
    <p class='ocr_par' dir='ltr' id='par_1_40' title="bbox 320 2319 1900 2393">
     <span class='ocr_line' id='line_1_40' title="bbox 320 2319 1900 2393; baseline 0.001 -22"><span class='ocrx_word' id='word_1_269' title='bbox 320 2320 550 2390; x_wconf 83' lang='grc' dir='ltr'>θεσμίας</span> <span class='ocrx_word' id='word_1_270' title='bbox 595 2319 689 2372; x_wconf 89' lang='grc' dir='ltr'><strong>τοῦ</strong></span> <span class='ocrx_word' id='word_1_271' title='bbox 741 2321 932 2392; x_wconf 89' lang='grc' dir='ltr'>χρόνου</span> <span class='ocrx_word' id='word_1_272' title='bbox 979 2321 1324 2393; x_wconf 85' lang='grc' dir='ltr'>πεπλήρωτο.</span> <span class='ocrx_word' id='word_1_273' title='bbox 1362 2320 1472 2374; x_wconf 76' lang='grc' dir='ltr'><strong>Καὶ</strong></span> <span class='ocrx_word' id='word_1_274' title='bbox 1505 2319 1568 2391; x_wconf 79' lang='grc' dir='ltr'>δὴ</span> <span class='ocrx_word' id='word_1_275' title='bbox 1616 2319 1900 2391; x_wconf 79' lang='grc' dir='ltr'>παραστὰς</span> 
     </span>
    </p>
   </div>
   <div class='ocr_carea' id='block_1_41' title="bbox 318 2408 1899 2482">
    <p class='ocr_par' dir='ltr' id='par_1_41' title="bbox 318 2408 1899 2482">
     <span class='ocr_line' id='line_1_41' title="bbox 318 2408 1899 2482; baseline 0.003 -23"><span class='ocrx_word' id='word_1_276' title='bbox 318 2408 399 2477; x_wconf 80' lang='grc' dir='ltr'><strong>τῷ</strong></span> <span class='ocrx_word' id='word_1_277' title='bbox 425 2409 778 2480; x_wconf 78' lang='grc' dir='ltr'>δικαστηρίῳ,</span> <span class='ocrx_word' id='word_1_278' title='bbox 828 2411 920 2463; x_wconf 74' lang='grc' dir='ltr'><strong>καὶ</strong></span> <span class='ocrx_word' id='word_1_279' title='bbox 978 2409 1198 2482; x_wconf 77' lang='grc' dir='ltr'>μείζονα</span> <span class='ocrx_word' id='word_1_280' title='bbox 1229 2411 1329 2482; x_wconf 81' lang='grc' dir='ltr'>τῆς</span> <span class='ocrx_word' id='word_1_281' title='bbox 1373 2409 1604 2473; x_wconf 88' lang='grc' dir='ltr'>πίστεως</span> <span class='ocrx_word' id='word_1_282' title='bbox 1633 2411 1732 2480; x_wconf 82' lang='grc' dir='ltr'><strong>τὴν</strong></span> <span class='ocrx_word' id='word_1_283' title='bbox 1765 2427 1899 2481; x_wconf 86' lang='grc' dir='ltr'>προ-</span> 
     </span>
    </p>
   </div>
   <div class='ocr_carea' id='block_1_42' title="bbox 318 2496 1899 2574">
    <p class='ocr_par' dir='ltr' id='par_1_42' title="bbox 318 2496 1899 2574">
     <span class='ocr_line' id='line_1_42' title="bbox 318 2496 1899 2574; baseline 0.002 -22"><span class='ocrx_word' id='word_1_284' title='bbox 318 2500 518 2571; x_wconf 84' lang='grc' dir='ltr'>θυμίαν</span> <span class='ocrx_word' id='word_1_285' title='bbox 547 2502 836 2566; x_wconf 77' lang='grc' dir='ltr'>ἐπιδείξας,</span> <span class='ocrx_word' id='word_1_286' title='bbox 873 2502 1036 2566; x_wconf 79' lang='grc' dir='ltr'>εὐθὺς</span> <span class='ocrx_word' id='word_1_287' title='bbox 1067 2502 1299 2567; x_wconf 77' lang='grc' dir='ltr'>ἐκεῖθεν,</span> <span class='ocrx_word' id='word_1_288' title='bbox 1331 2501 1408 2566; x_wconf 84' lang='grc' dir='ltr'>ὡς</span> <span class='ocrx_word' id='word_1_289' title='bbox 1440 2496 1608 2572; x_wconf 75' lang='grc' dir='ltr'>εἶχεν,</span> <span class='ocrx_word' id='word_1_290' title='bbox 1632 2502 1899 2574; x_wconf 67' lang='grc' dir='ltr'>ἀπαχθεὶς</span> 
     </span>
    </p>
   </div>
   <div class='ocr_carea' id='block_1_43' title="bbox 316 2596 1304 2667">
    <p class='ocr_par' dir='ltr' id='par_1_43' title="bbox 316 2596 1304 2667">
     <span class='ocr_line' id='line_1_43' title="bbox 316 2596 1304 2667; baseline 0 -19"><span class='ocrx_word' id='word_1_291' title='bbox 316 2596 416 2666; x_wconf 82' lang='grc' dir='ltr'>τὴν</span> <span class='ocrx_word' id='word_1_292' title='bbox 451 2596 542 2648; x_wconf 76' lang='grc' dir='ltr'><strong>ἐπὶ</strong></span> <span class='ocrx_word' id='word_1_293' title='bbox 572 2596 806 2666; x_wconf 83' lang='grc' dir='ltr'>θανάτῳ,</span> <span class='ocrx_word' id='word_1_294' title='bbox 839 2596 1138 2652; x_wconf 76' lang='grc' dir='ltr'>τελειοῦται</span> <span class='ocrx_word' id='word_1_295' title='bbox 1172 2596 1304 2667; x_wconf 84' lang='grc'>(57).</span> 
     </span>
    </p>
   </div>
   <div class='ocr_carea' id='block_1_44' title="bbox 834 2689 1374 2754">
    <p class='ocr_par' dir='ltr' id='par_1_44' title="bbox 834 2689 1374 2754">
     <span class='ocr_line' id='line_1_44' title="bbox 834 2689 1374 2754; baseline -0.002 -14"><span class='ocrx_word' id='word_1_296' title='bbox 834 2689 1228 2741; x_wconf 82' lang='grc' dir='ltr'><strong>ΚΕΦΑΛΑΙΟΝ</strong></span> <span class='ocrx_word' id='word_1_297' title='bbox 1259 2689 1374 2754; x_wconf 66' lang='grc' dir='ltr'>ις’.</span> 
     </span>
    </p>
   </div>
   <div class='ocr_carea' id='block_1_45' title="bbox 356 2776 1860 2846">
    <p class='ocr_par' dir='ltr' id='par_1_45' title="bbox 356 2776 1860 2846">
     <span class='ocr_line' id='line_1_45' title="bbox 356 2776 1860 2846; baseline -0.002 -15"><span class='ocrx_word' id='word_1_298' title='bbox 356 2779 417 2831; x_wconf 80' lang='grc' dir='ltr'>Ἡ</span> <span class='ocrx_word' id='word_1_299' title='bbox 457 2779 606 2830; x_wconf 77' lang='grc' dir='ltr'>κατὰ</span> <span class='ocrx_word' id='word_1_300' title='bbox 653 2778 955 2846; x_wconf 80' lang='grc' dir='ltr'>Ἀστύριον</span> <span class='ocrx_word' id='word_1_301' title='bbox 988 2779 1218 2846; x_wconf 76' lang='grc' dir='ltr'>ἱστορία</span> <span class='ocrx_word' id='word_1_302' title='bbox 1254 2779 1392 2842; x_wconf 78' lang='lat' dir='ltr'><strong>(Nic.</strong></span> <span class='ocrx_word' id='word_1_303' title='bbox 1433 2776 1598 2832; x_wconf 85' lang='lat' dir='ltr'><strong>H.&#39;E.</strong></span> <span class='ocrx_word' id='word_1_304' title='bbox 1629 2793 1703 2843; x_wconf 86' lang='lat' dir='ltr'><strong>Vl,</strong></span> <span class='ocrx_word' id='word_1_305' title='bbox 1747 2777 1860 2845; x_wconf 77' lang='lat' dir='ltr'><strong>M).</strong></span> 
     </span>
    </p>
   </div>
   <div class='ocr_carea' id='block_1_46' title="bbox 387 2868 1893 2942">
    <p class='ocr_par' dir='ltr' id='par_1_46' title="bbox 387 2868 1893 2942">
     <span class='ocr_line' id='line_1_46' title="bbox 387 2868 1893 2942; baseline -0.001 -20"><span class='ocrx_word' id='word_1_306' title='bbox 387 2870 556 2922; x_wconf 82' lang='grc' dir='ltr'>Ἔνθα</span> <span class='ocrx_word' id='word_1_307' title='bbox 590 2871 683 2923; x_wconf 74' lang='grc' dir='ltr'><strong>καὶ</strong></span> <span class='ocrx_word' id='word_1_308' title='bbox 746 2870 1024 2942; x_wconf 82' lang='grc' dir='ltr'>Ἀστύριος</span> <span class='ocrx_word' id='word_1_309' title='bbox 1072 2872 1164 2924; x_wconf 73' lang='grc' dir='ltr'><strong>ἐπὶ</strong></span> <span class='ocrx_word' id='word_1_310' title='bbox 1211 2873 1274 2942; x_wconf 87' lang='grc' dir='ltr'>τῇ</span> <span class='ocrx_word' id='word_1_311' title='bbox 1333 2869 1569 2939; x_wconf 71' lang='grc' dir='ltr'>θεοφιλεῖ</span> <span class='ocrx_word' id='word_1_312' title='bbox 1613 2868 1893 2941; x_wconf 72' lang='grc' dir='ltr'>παρρησίᾳ</span> 
     </span>
    </p>
   </div>
   <div class='ocr_carea' id='block_1_47' title="bbox 316 2959 1892 3032">
    <p class='ocr_par' dir='ltr' id='par_1_47' title="bbox 316 2959 1892 3032">
     <span class='ocr_line' id='line_1_47' title="bbox 316 2959 1892 3032; baseline -0.001 -19"><span class='ocrx_word' id='word_1_313' title='bbox 316 2961 731 3032; x_wconf 71' lang='grc' dir='ltr'>μνημονεύεται,</span> <span class='ocrx_word' id='word_1_314' title='bbox 785 2962 924 3032; x_wconf 80' lang='grc' dir='ltr'>ἀνὴρ</span> <span class='ocrx_word' id='word_1_315' title='bbox 962 2961 1069 3013; x_wconf 81' lang='grc' dir='ltr'>τῶν</span> <span class='ocrx_word' id='word_1_316' title='bbox 1115 2961 1208 3013; x_wconf 72' lang='grc' dir='ltr'>ἐπὶ</span> <span class='ocrx_word' id='word_1_317' title='bbox 1252 2959 1469 3032; x_wconf 84' lang='grc' dir='ltr'>Ῥώμης</span> <span class='ocrx_word' id='word_1_318' title='bbox 1515 2959 1892 3031; x_wconf 85' lang='grc' dir='ltr'>συγκλητικῶν</span> 
     </span>
    </p>
   </div>
   <div class='ocr_carea' id='block_1_48' title="bbox 312 3049 1892 3123">
    <p class='ocr_par' dir='ltr' id='par_1_48' title="bbox 312 3049 1892 3123">
     <span class='ocr_line' id='line_1_48' title="bbox 312 3049 1892 3123; baseline -0.001 -19"><span class='ocrx_word' id='word_1_319' title='bbox 312 3053 618 3122; x_wconf 78' lang='grc' dir='ltr'>γενόμενος,</span> <span class='ocrx_word' id='word_1_320' title='bbox 663 3051 938 3123; x_wconf 81' lang='grc' dir='ltr'>βασιλεῦσί</span> <span class='ocrx_word' id='word_1_321' title='bbox 983 3069 1042 3104; x_wconf 85' lang='grc' dir='ltr'><strong>τε</strong></span> <span class='ocrx_word' id='word_1_322' title='bbox 1079 3051 1402 3123; x_wconf 76' lang='grc' dir='ltr'>προσφιλὴς,</span> <span class='ocrx_word' id='word_1_323' title='bbox 1454 3053 1547 3105; x_wconf 74' lang='grc' dir='ltr'><strong>καὶ</strong></span> <span class='ocrx_word' id='word_1_324' title='bbox 1587 3053 1720 3105; x_wconf 81' lang='grc' dir='ltr'>πᾶσι</span> <span class='ocrx_word' id='word_1_325' title='bbox 1752 3049 1892 3120; x_wconf 87' lang='grc' dir='ltr'>γνώ-</span> 
     </span>
    </p>
   </div>
   <div class='ocr_carea' id='block_1_49' title="bbox 313 3143 1890 3217">
    <p class='ocr_par' dir='ltr' id='par_1_49' title="bbox 313 3143 1890 3217">
     <span class='ocr_line' id='line_1_49' title="bbox 313 3143 1890 3217; baseline 0 -19"><span class='ocrx_word' id='word_1_326' title='bbox 313 3164 474 3217; x_wconf 85' lang='grc' dir='ltr'>ριμος</span> <span class='ocrx_word' id='word_1_327' title='bbox 500 3145 780 3214; x_wconf 70' lang='grc' dir='ltr'>εὐγενείας</span> <span class='ocrx_word' id='word_1_328' title='bbox 808 3162 867 3198; x_wconf 86' lang='grc' dir='ltr'><strong>τε</strong></span> <span class='ocrx_word' id='word_1_329' title='bbox 903 3145 1060 3198; x_wconf 73' lang='grc' dir='ltr'>ἕνεκα</span> <span class='ocrx_word' id='word_1_330' title='bbox 1089 3145 1181 3197; x_wconf 70' lang='grc' dir='ltr'><strong>κα)⁴</strong></span> <span class='ocrx_word' id='word_1_331' title='bbox 1220 3145 1537 3216; x_wconf 86' lang='grc' dir='ltr'>περιουσίας</span> <span class='ocrx_word' id='word_1_332' title='bbox 1557 3161 1570 3174; x_wconf 91' lang='grc'><strong>·</strong></span> <span class='ocrx_word' id='word_1_333' title='bbox 1615 3145 1674 3208; x_wconf 83' lang='grc' dir='ltr'>ὃς</span> <span class='ocrx_word' id='word_1_334' title='bbox 1703 3143 1890 3216; x_wconf 86' lang='grc' dir='ltr'>παρὼν</span> 
     </span>
    </p>
   </div>
   <div class='ocr_carea' id='block_1_50' title="bbox 309 3231 1888 3310">
    <p class='ocr_par' dir='ltr' id='par_1_50' title="bbox 309 3231 1888 3310">
     <span class='ocr_line' id='line_1_50' title="bbox 309 3231 1888 3310; baseline 0 -20"><span class='ocrx_word' id='word_1_335' title='bbox 309 3239 562 3308; x_wconf 78' lang='grc' dir='ltr'>τηνικάδε</span> <span class='ocrx_word' id='word_1_336' title='bbox 614 3237 969 3308; x_wconf 83' lang='grc' dir='ltr'>τελειουμένῳ</span> <span class='ocrx_word' id='word_1_337' title='bbox 1014 3236 1092 3308; x_wconf 80' lang='grc' dir='ltr'>τῷ</span> <span class='ocrx_word' id='word_1_338' title='bbox 1127 3237 1383 3310; x_wconf 86' lang='grc' dir='ltr'>μάρτυρι,</span> <span class='ocrx_word' id='word_1_339' title='bbox 1433 3238 1525 3290; x_wconf 84' lang='grc' dir='ltr'><strong>τὸν</strong></span> <span class='ocrx_word' id='word_1_340' title='bbox 1573 3231 1721 3307; x_wconf 77' lang='grc' dir='ltr'>ὦμον</span> <span class='ocrx_word' id='word_1_341' title='bbox 1755 3239 1888 3291; x_wconf 88' lang='grc' dir='ltr'>ὑπο-</span> 
     </span>
    </p>
   </div>
   <div class='ocr_carea' id='block_1_51' title="bbox 310 3328 1888 3402">
    <p class='ocr_par' dir='ltr' id='par_1_51' title="bbox 310 3328 1888 3402">
     <span class='ocr_line' id='line_1_51' title="bbox 310 3328 1888 3402; baseline 0 -20"><span class='ocrx_word' id='word_1_342' title='bbox 310 3330 445 3393; x_wconf 71' lang='grc' dir='ltr'>θεὶς,</span> <span class='ocrx_word' id='word_1_343' title='bbox 481 3331 569 3383; x_wconf 73' lang='grc' dir='ltr'>ἐπὶ</span> <span class='ocrx_word' id='word_1_344' title='bbox 608 3331 868 3402; x_wconf 77' lang='grc' dir='ltr'>λαμπρᾶς</span> <span class='ocrx_word' id='word_1_345' title='bbox 908 3345 965 3382; x_wconf 90' lang='grc' dir='ltr'><strong>τε</strong></span> <span class='ocrx_word' id='word_1_346' title='bbox 1010 3329 1102 3382; x_wconf 82' lang='grc' dir='ltr'><strong>καὶ</strong></span> <span class='ocrx_word' id='word_1_347' title='bbox 1138 3328 1459 3391; x_wconf 80' lang='grc' dir='ltr'>πολυτελοῦς</span> <span class='ocrx_word' id='word_1_348' title='bbox 1492 3328 1718 3400; x_wconf 79' lang='grc' dir='ltr'>ἐσθῆτος</span> <span class='ocrx_word' id='word_1_349' title='bbox 1751 3328 1888 3400; x_wconf 81' lang='grc' dir='ltr'>ἄρας</span> 
     </span>
    </p>
   </div>
   <div class='ocr_carea' id='block_1_52' title="bbox 308 3414 1883 3488">
    <p class='ocr_par' dir='ltr' id='par_1_52' title="bbox 308 3414 1883 3488">
     <span class='ocr_line' id='line_1_52' title="bbox 308 3414 1883 3488; baseline -0.001 -17"><span class='ocrx_word' id='word_1_350' title='bbox 308 3419 370 3471; x_wconf 76' lang='grc' dir='ltr'>τὸ</span> <span class='ocrx_word' id='word_1_351' title='bbox 405 3422 597 3487; x_wconf 83' lang='grc' dir='ltr'>σκῆνος</span> <span class='ocrx_word' id='word_1_352' title='bbox 621 3420 959 3487; x_wconf 73' lang='grc' dir='ltr'>ἐπιφέρεται,</span> <span class='ocrx_word' id='word_1_353' title='bbox 996 3419 1338 3486; x_wconf 82' lang='grc' dir='ltr'>περιστείλας</span> <span class='ocrx_word' id='word_1_354' title='bbox 1371 3436 1430 3471; x_wconf 91' lang='grc' dir='ltr'><strong>τε</strong></span> <span class='ocrx_word' id='word_1_355' title='bbox 1462 3414 1521 3471; x_wconf 77' lang='grc' dir='ltr'><strong>εὖ</strong></span> <span class='ocrx_word' id='word_1_356' title='bbox 1559 3418 1702 3488; x_wconf 86' lang='grc' dir='ltr'>μάλα</span> <span class='ocrx_word' id='word_1_357' title='bbox 1721 3417 1883 3470; x_wconf 88' lang='grc' dir='ltr'>πλου-</span> 
     </span>
    </p>
   </div>
   <div class='ocr_carea' id='block_1_53' title="bbox 309 3508 1884 3580">
    <p class='ocr_par' dir='ltr' id='par_1_53' title="bbox 309 3508 1884 3580">
     <span class='ocr_line' id='line_1_53' title="bbox 309 3508 1884 3580; baseline 0.001 -21"><span class='ocrx_word' id='word_1_358' title='bbox 309 3509 457 3571; x_wconf 79' lang='grc' dir='ltr'>σίως,</span> <span class='ocrx_word' id='word_1_359' title='bbox 492 3511 558 3579; x_wconf 84' lang='grc' dir='ltr'>τῇ</span> <span class='ocrx_word' id='word_1_360' title='bbox 595 3509 944 3580; x_wconf 76' lang='grc' dir='ltr'>προσηκούσῃ</span> <span class='ocrx_word' id='word_1_361' title='bbox 987 3510 1132 3578; x_wconf 78' lang='grc' dir='ltr'>ταφῇ</span> <span class='ocrx_word' id='word_1_362' title='bbox 1177 3508 1530 3578; x_wconf 84' lang='grc' dir='ltr'>παραδίδωσι.</span> <span class='ocrx_word' id='word_1_363' title='bbox 1560 3509 1760 3561; x_wconf 85' lang='grc' dir='ltr'>Τούτου</span> <span class='ocrx_word' id='word_1_364' title='bbox 1794 3526 1884 3579; x_wconf 87' lang='grc' dir='ltr'>μυ-</span> 
     </span>
    </p>
   </div>
   <div class='ocr_carea' id='block_1_54' title="bbox 311 3599 1882 3672">
    <p class='ocr_par' dir='ltr' id='par_1_54' title="bbox 311 3599 1882 3672">
     <span class='ocr_line' id='line_1_54' title="bbox 311 3599 1882 3672; baseline 0.001 -20"><span class='ocrx_word' id='word_1_365' title='bbox 311 3602 400 3672; x_wconf 86' lang='grc' dir='ltr'><strong>ρία</strong></span> <span class='ocrx_word' id='word_1_366' title='bbox 430 3601 530 3671; x_wconf 80' lang='grc' dir='ltr'><strong>μὲν</strong></span> <span class='ocrx_word' id='word_1_367' title='bbox 561 3601 654 3653; x_wconf 64' lang='grc' dir='ltr'><strong>κα)⁵</strong></span> <span class='ocrx_word' id='word_1_368' title='bbox 687 3601 821 3654; x_wconf 81' lang='grc' dir='ltr'>ἄλλα</span> <span class='ocrx_word' id='word_1_369' title='bbox 857 3599 1283 3671; x_wconf 78' lang='grc' dir='ltr'>μνημονεύουσιν</span> <span class='ocrx_word' id='word_1_370' title='bbox 1327 3602 1378 3653; x_wconf 82' lang='lat' dir='ltr'><strong>oi</strong></span> <span class='ocrx_word' id='word_1_371' title='bbox 1411 3599 1634 3672; x_wconf 82' lang='grc' dir='ltr'>τάνδρὸς</span> <span class='ocrx_word' id='word_1_372' title='bbox 1675 3599 1770 3654; x_wconf 76' lang='grc' dir='ltr'>καὶ</span> <span class='ocrx_word' id='word_1_373' title='bbox 1802 3601 1882 3664; x_wconf 82' lang='grc' dir='ltr'><strong>εἰς</strong></span> 
     </span>
    </p>
   </div>
   <div class='ocr_carea' id='block_1_55' title="bbox 305 3691 1166 3763">
    <p class='ocr_par' dir='ltr' id='par_1_55' title="bbox 305 3691 1166 3763">
     <span class='ocr_line' id='line_1_55' title="bbox 305 3691 1166 3763; baseline -0.002 -18"><span class='ocrx_word' id='word_1_374' title='bbox 305 3695 452 3763; x_wconf 79' lang='grc' dir='ltr'>ἡμᾶς</span> <span class='ocrx_word' id='word_1_375' title='bbox 488 3691 856 3762; x_wconf 81' lang='grc' dir='ltr'>διαμείναντες</span> <span class='ocrx_word' id='word_1_376' title='bbox 882 3691 1166 3763; x_wconf 80' lang='grc' dir='ltr'>γνώριμοι.</span> 
     </span>
    </p>
   </div>
   <div class='ocr_carea' id='block_1_56' title="bbox 823 3901 1345 3955">
    <p class='ocr_par' dir='ltr' id='par_1_56' title="bbox 823 3901 1345 3955">
     <span class='ocr_line' id='line_1_56' title="bbox 823 3901 1345 3955; baseline -0.004 0"><span class='ocrx_word' id='word_1_377' title='bbox 823 3901 1218 3955; x_wconf 76' lang='grc' dir='ltr'><strong>ΚΕΦΑΛΑῘΟΝ</strong></span> <span class='ocrx_word' id='word_1_378' title='bbox 1250 3901 1345 3954; x_wconf 89' lang='lat' dir='ltr'><strong>IZ’.</strong></span> 
     </span>
    </p>
   </div>
   <div class='ocr_carea' id='block_1_57' title="bbox 303 3987 1877 4060">
    <p class='ocr_par' dir='ltr' id='par_1_57' title="bbox 303 3987 1877 4060">
     <span class='ocr_line' id='line_1_57' title="bbox 303 3987 1877 4060; baseline -0.002 -15"><span class='ocrx_word' id='word_1_379' title='bbox 303 3991 443 4060; x_wconf 73' lang='grc' dir='ltr'>Περὶ</span> <span class='ocrx_word' id='word_1_380' title='bbox 479 3990 594 4043; x_wconf 80' lang='grc' dir='ltr'><strong>τῶν</strong></span> <span class='ocrx_word' id='word_1_381' title='bbox 624 3991 770 4044; x_wconf 78' lang='grc' dir='ltr'>κατά</span> <span class='ocrx_word' id='word_1_382' title='bbox 807 3990 1078 4044; x_wconf 71' lang='grc' dir='ltr'>Πανεάδα</span> <span class='ocrx_word' id='word_1_383' title='bbox 1119 3991 1386 4058; x_wconf 75' lang='grc' dir='ltr'>σημείων</span> <span class='ocrx_word' id='word_1_384' title='bbox 1423 3987 1531 4058; x_wconf 84' lang='grc' dir='ltr'>τῆς</span> <span class='ocrx_word' id='word_1_385' title='bbox 1563 3988 1668 4042; x_wconf 79' lang='grc' dir='ltr'><strong>τοῦ</strong></span> <span class='ocrx_word' id='word_1_386' title='bbox 1694 3987 1877 4056; x_wconf 83' lang='grc' dir='ltr'><strong>Σωτῆ-</strong></span> 
     </span>
    </p>
   </div>
   <div class='ocr_carea' id='block_1_58' title="bbox 703 4061 1471 4130">
    <p class='ocr_par' dir='ltr' id='par_1_58' title="bbox 703 4061 1471 4130">
     <span class='ocr_line' id='line_1_58' title="bbox 703 4061 1471 4130; baseline -0.003 -16"><span class='ocrx_word' id='word_1_387' title='bbox 703 4080 811 4128; x_wconf 69' lang='grc' dir='ltr'><strong>ρος</strong></span> <span class='ocrx_word' id='word_1_388' title='bbox 840 4061 1007 4129; x_wconf 73' lang='grc' dir='ltr'><strong>ἡμῶν</strong></span> <span class='ocrx_word' id='word_1_389' title='bbox 1020 4062 1471 4130; x_wconf 67' lang='grc' dir='ltr'>μεγαλοιψγίας.</span> 
     </span>
    </p>
   </div>
   <div class='ocr_carea' id='block_1_59' title="bbox 379 4151 1874 4223">
    <p class='ocr_par' dir='ltr' id='par_1_59' title="bbox 379 4151 1874 4223">
     <span class='ocr_line' id='line_1_59' title="bbox 379 4151 1874 4223; baseline -0.001 -19"><span class='ocrx_word' id='word_1_390' title='bbox 379 4153 547 4223; x_wconf 71' lang='grc' dir='ltr'>’Λτὰρ</span> <span class='ocrx_word' id='word_1_391' title='bbox 585 4154 676 4205; x_wconf 80' lang='grc' dir='ltr'><strong>καὶ</strong></span> <span class='ocrx_word' id='word_1_392' title='bbox 707 4153 1007 4223; x_wconf 68' lang='grc' dir='ltr'>παραδόξου</span> <span class='ocrx_word' id='word_1_393' title='bbox 1039 4152 1300 4205; x_wconf 74' lang='grc' dir='ltr'>τοιοῦτον.</span> <span class='ocrx_word' id='word_1_394' title='bbox 1328 4153 1449 4204; x_wconf 79' lang='grc' dir='ltr'>Ἐπὶ</span> <span class='ocrx_word' id='word_1_395' title='bbox 1484 4152 1580 4222; x_wconf 84' lang='grc' dir='ltr'>τῆς</span> <span class='ocrx_word' id='word_1_396' title='bbox 1607 4151 1874 4204; x_wconf 86' lang='grc' dir='ltr'>Φιλίππου</span> 
     </span>
    </p>
   </div>
   <div class='ocr_carea' id='block_1_60' title="bbox 302 4244 1878 4318">
    <p class='ocr_par' dir='ltr' id='par_1_60' title="bbox 302 4244 1878 4318">
     <span class='ocr_line' id='line_1_60' title="bbox 302 4244 1878 4318; baseline -0.004 -18"><span class='ocrx_word' id='word_1_397' title='bbox 302 4245 634 4317; x_wconf 74' lang='grc' dir='ltr'>Καισαρείας</span> <span class='ocrx_word' id='word_1_398' title='bbox 677 4247 740 4316; x_wconf 75' lang='grc' dir='ltr'>ἣν</span> <span class='ocrx_word' id='word_1_399' title='bbox 765 4245 1008 4298; x_wconf 87' lang='grc' dir='ltr'>Πανεάδα</span> <span class='ocrx_word' id='word_1_400' title='bbox 1037 4244 1279 4308; x_wconf 83' lang='grc' dir='ltr'>Φοίνικες</span> <span class='ocrx_word' id='word_1_401' title='bbox 1439 4244 1878 4318; x_wconf 81' lang='grc' dir='ltr'>προσαγορεύου-</span> 
     </span>
    </p>
   </div>
   <div class='ocr_carea' id='block_1_61' title="bbox 2003 1959 3579 2040">
    <p class='ocr_par' dir='ltr' id='par_1_61' title="bbox 2003 1959 3579 2040">
     <span class='ocr_line' id='line_1_61' title="bbox 2003 1959 3579 2040; baseline 0.008 -27"><span class='ocrx_word' id='word_1_402' title='bbox 2003 1959 2234 2018; x_wconf 64' lang='grc' dir='ltr'>ΑιΙΙιξΡιε</span> <span class='ocrx_word' id='word_1_403' title='bbox 2284 1965 2466 2034; x_wconf 81' lang='lat' dir='ltr'><strong>igitur,</strong></span> <span class='ocrx_word' id='word_1_404' title='bbox 2508 1967 2723 2022; x_wconf 68' lang='lat' dir='ltr'><strong>adhtere</strong></span> <span class='ocrx_word' id='word_1_405' title='bbox 2764 1968 2926 2040; x_wconf 62' lang='grc'><strong>264</strong></span> <span class='ocrx_word' id='word_1_406' title='bbox 2957 1968 3086 2031; x_wconf 80' lang='lat' dir='ltr'><strong>Deo,</strong></span> <span class='ocrx_word' id='word_1_407' title='bbox 3111 1970 3336 2038; x_wconf 85' lang='lat' dir='ltr'><strong>ejusque</strong></span> <span class='ocrx_word' id='word_1_408' title='bbox 3380 1972 3579 2026; x_wconf 90' lang='lat' dir='ltr'><strong>virtute</strong></span> 
     </span>
    </p>
   </div>
   <div class='ocr_carea' id='block_1_62' title="bbox 2002 2055 3569 2131">
    <p class='ocr_par' dir='ltr' id='par_1_62' title="bbox 2002 2055 3569 2131">
     <span class='ocr_line' id='line_1_62' title="bbox 2002 2055 3569 2131; baseline 0.006 -22"><span class='ocrx_word' id='word_1_409' title='bbox 2002 2055 2316 2122; x_wconf 89' lang='lat' dir='ltr'><strong>roboratus,</strong></span> <span class='ocrx_word' id='word_1_410' title='bbox 2347 2072 2686 2128; x_wconf 86' lang='lat' dir='ltr'><strong>consequere</strong></span> <span class='ocrx_word' id='word_1_411' title='bbox 2714 2062 2857 2129; x_wconf 91' lang='lat' dir='ltr'><strong>quod</strong></span> <span class='ocrx_word' id='word_1_412' title='bbox 2885 2061 3120 2130; x_wconf 84' lang='lat' dir='ltr'><strong>elegisti.</strong></span> <span class='ocrx_word' id='word_1_413' title='bbox 3150 2059 3297 2115; x_wconf 81' lang='lat' dir='ltr'><strong>Vade</strong></span> <span class='ocrx_word' id='word_1_414' title='bbox 3331 2062 3384 2116; x_wconf 90' lang='lat' dir='ltr'><strong>in</strong></span> <span class='ocrx_word' id='word_1_415' title='bbox 3419 2080 3569 2131; x_wconf 82' lang='lat' dir='ltr'><strong>pace.</strong></span> 
     </span>
    </p>
   </div>
   <div class='ocr_carea' id='block_1_63' title="bbox 2003 2153 3570 2228">
    <p class='ocr_par' dir='ltr' id='par_1_63' title="bbox 2003 2153 3570 2228">
     <span class='ocr_line' id='line_1_63' title="bbox 2003 2153 3570 2228; baseline 0.003 -20"><span class='ocrx_word' id='word_1_416' title='bbox 2003 2153 2132 2210; x_wconf 88' lang='lat' dir='ltr'><strong>Post</strong></span> <span class='ocrx_word' id='word_1_417' title='bbox 2158 2156 2274 2210; x_wconf 76' lang='lat' dir='ltr'><strong>lucc</strong></span> <span class='ocrx_word' id='word_1_418' title='bbox 2303 2157 2701 2225; x_wconf 80' lang='lat' dir='ltr'><strong>regredientem</strong></span> <span class='ocrx_word' id='word_1_419' title='bbox 2732 2157 2881 2211; x_wconf 87' lang='lat' dir='ltr'><strong>illum</strong></span> <span class='ocrx_word' id='word_1_420' title='bbox 2912 2159 2979 2211; x_wconf 88' lang='lat' dir='ltr'><strong>ab</strong></span> <span class='ocrx_word' id='word_1_421' title='bbox 3001 2158 3248 2222; x_wconf 73' lang='lat' dir='ltr'><strong>eet-lesia,</strong></span> <span class='ocrx_word' id='word_1_422' title='bbox 3276 2174 3452 2228; x_wconf 73' lang='lat' dir='ltr'><strong>przeco</strong></span> <span class='ocrx_word' id='word_1_423' title='bbox 3476 2175 3570 2228; x_wconf 88' lang='lat' dir='ltr'><strong>pro</strong></span> 
     </span>
    </p>
   </div>
   <div class='ocr_carea' id='block_1_64' title="bbox 2001 2244 3573 2321">
    <p class='ocr_par' dir='ltr' id='par_1_64' title="bbox 2001 2244 3573 2321">
     <span class='ocr_line' id='line_1_64' title="bbox 2001 2244 3573 2321; baseline 0.004 -23"><span class='ocrx_word' id='word_1_424' title='bbox 2001 2244 2208 2300; x_wconf 78' lang='lat' dir='ltr'><strong>foribus</strong></span> <span class='ocrx_word' id='word_1_425' title='bbox 2231 2248 2469 2312; x_wconf 79' lang='lat' dir='ltr'><strong>praetorii</strong></span> <span class='ocrx_word' id='word_1_426' title='bbox 2504 2263 2732 2303; x_wconf 86' lang='lat' dir='ltr'><strong>evocare</strong></span> <span class='ocrx_word' id='word_1_427' title='bbox 2765 2252 2951 2321; x_wconf 78' lang='lat' dir='ltr'><strong>coepit.</strong></span> <span class='ocrx_word' id='word_1_428' title='bbox 2992 2249 3109 2304; x_wconf 86' lang='lat' dir='ltr'><strong>Jam</strong></span> <span class='ocrx_word' id='word_1_429' title='bbox 3139 2252 3279 2304; x_wconf 87' lang='lat' dir='ltr'><strong>enim</strong></span> <span class='ocrx_word' id='word_1_430' title='bbox 3303 2252 3573 2320; x_wconf 73' lang='lat' dir='ltr'><strong>przcstitu—</strong></span> 
     </span>
    </p>
   </div>
   <div class='ocr_carea' id='block_1_65' title="bbox 2000 2338 3570 2412">
    <p class='ocr_par' dir='ltr' id='par_1_65' title="bbox 2000 2338 3570 2412">
     <span class='ocr_line' id='line_1_65' title="bbox 2000 2338 3570 2412; baseline 0.005 -24"><span class='ocrx_word' id='word_1_431' title='bbox 2000 2343 2116 2389; x_wconf 88' lang='lat' dir='ltr'><strong>tum</strong></span> <span class='ocrx_word' id='word_1_432' title='bbox 2167 2347 2383 2406; x_wconf 87' lang='lat' dir='ltr'><strong>tempus</strong></span> <span class='ocrx_word' id='word_1_433' title='bbox 2423 2338 2727 2395; x_wconf 79' lang='lat' dir='ltr'><strong>elllnxerat.</strong></span> <span class='ocrx_word' id='word_1_434' title='bbox 2765 2343 3028 2397; x_wconf 80' lang='lat' dir='ltr'><strong>Admetus</strong></span> <span class='ocrx_word' id='word_1_435' title='bbox 3076 2343 3239 2410; x_wconf 88' lang='lat' dir='ltr'><strong>igitur</strong></span> <span class='ocrx_word' id='word_1_436' title='bbox 3292 2343 3570 2412; x_wconf 86' lang='lat' dir='ltr'><strong>tribunali,</strong></span> 
     </span>
    </p>
   </div>
   <div class='ocr_carea' id='block_1_66' title="bbox 2001 2427 3570 2501">
    <p class='ocr_par' dir='ltr' id='par_1_66' title="bbox 2001 2427 3570 2501">
     <span class='ocr_line' id='line_1_66' title="bbox 2001 2427 3570 2501; baseline 0.004 -19"><span class='ocrx_word' id='word_1_437' title='bbox 2001 2441 2123 2482; x_wconf 91' lang='lat' dir='ltr'><strong>cum</strong></span> <span class='ocrx_word' id='word_1_438' title='bbox 2159 2427 2420 2497; x_wconf 88' lang='lat' dir='ltr'><strong>majorem</strong></span> <span class='ocrx_word' id='word_1_439' title='bbox 2461 2447 2624 2501; x_wconf 90' lang='lat' dir='ltr'><strong>quam</strong></span> <span class='ocrx_word' id='word_1_440' title='bbox 2674 2444 2832 2488; x_wconf 88' lang='lat' dir='ltr'><strong>antea</strong></span> <span class='ocrx_word' id='word_1_441' title='bbox 2863 2434 3202 2489; x_wconf 85' lang='lat' dir='ltr'><strong>alacritatem</strong></span> <span class='ocrx_word' id='word_1_442' title='bbox 3238 2435 3356 2488; x_wconf 77' lang='lat' dir='ltr'><strong>fidei</strong></span> <span class='ocrx_word' id='word_1_443' title='bbox 3385 2446 3570 2489; x_wconf 83' lang='lat' dir='ltr'><strong>osten-</strong></span> 
     </span>
    </p>
   </div>
   <div class='ocr_carea' id='block_1_67' title="bbox 2000 2519 3568 2594">
    <p class='ocr_par' dir='ltr' id='par_1_67' title="bbox 2000 2519 3568 2594">
     <span class='ocr_line' id='line_1_67' title="bbox 2000 2519 3568 2594; baseline 0.006 -20"><span class='ocrx_word' id='word_1_444' title='bbox 2000 2519 2189 2584; x_wconf 88' lang='lat' dir='ltr'><strong>disset,</strong></span> <span class='ocrx_word' id='word_1_445' title='bbox 2223 2523 2405 2576; x_wconf 88' lang='lat' dir='ltr'><strong>statim</strong></span> <span class='ocrx_word' id='word_1_446' title='bbox 2446 2524 2593 2590; x_wconf 89' lang='lat' dir='ltr'><strong>inde,</strong></span> <span class='ocrx_word' id='word_1_447' title='bbox 2628 2524 2700 2578; x_wconf 88' lang='lat' dir='ltr'><strong>ita</strong></span> <span class='ocrx_word' id='word_1_448' title='bbox 2738 2534 2796 2579; x_wconf 88' lang='lat' dir='ltr'><strong>ut</strong></span> <span class='ocrx_word' id='word_1_449' title='bbox 2834 2535 2972 2591; x_wconf 88' lang='lat' dir='ltr'><strong>erat,</strong></span> <span class='ocrx_word' id='word_1_450' title='bbox 3008 2527 3074 2580; x_wconf 83' lang='lat' dir='ltr'><strong>ad</strong></span> <span class='ocrx_word' id='word_1_451' title='bbox 3120 2526 3439 2594; x_wconf 70' lang='lat' dir='ltr'><strong>supplicium</strong></span> <span class='ocrx_word' id='word_1_452' title='bbox 3472 2529 3568 2583; x_wconf 91' lang='lat' dir='ltr'><strong>ab-</strong></span> 
     </span>
    </p>
   </div>
   <div class='ocr_carea' id='block_1_68' title="bbox 2002 2609 2978 2683">
    <p class='ocr_par' dir='ltr' id='par_1_68' title="bbox 2002 2609 2978 2683">
     <span class='ocr_line' id='line_1_68' title="bbox 2002 2609 2978 2683; baseline 0.006 -20"><span class='ocrx_word' id='word_1_453' title='bbox 2002 2609 2218 2676; x_wconf 91' lang='lat' dir='ltr'><strong>ductus,</strong></span> <span class='ocrx_word' id='word_1_454' title='bbox 2258 2613 2520 2683; x_wconf 85' lang='lat' dir='ltr'><strong>martyrio</strong></span> <span class='ocrx_word' id='word_1_455' title='bbox 2552 2623 2846 2669; x_wconf 83' lang='lat' dir='ltr'><strong>coronatus</strong></span> <span class='ocrx_word' id='word_1_456' title='bbox 2877 2626 2978 2669; x_wconf 90' lang='lat' dir='ltr'><strong>est.</strong></span> 
     </span>
    </p>
   </div>
   <div class='ocr_carea' id='block_1_69' title="bbox 2587 2703 2981 2762">
    <p class='ocr_par' dir='ltr' id='par_1_69' title="bbox 2587 2703 2981 2762">
     <span class='ocr_line' id='line_1_69' title="bbox 2587 2703 2981 2762; baseline 0.008 -4"><span class='ocrx_word' id='word_1_457' title='bbox 2587 2703 2813 2762; x_wconf 82' lang='lat' dir='ltr'><strong>CAPUT</strong></span> <span class='ocrx_word' id='word_1_458' title='bbox 2845 2706 2981 2761; x_wconf 76' lang='lat' dir='ltr'><strong>XVI.</strong></span> 
     </span>
    </p>
   </div>
   <div class='ocr_carea' id='block_1_70' title="bbox 2468 2797 3105 2868">
    <p class='ocr_par' dir='ltr' id='par_1_70' title="bbox 2468 2797 3105 2868">
     <span class='ocr_line' id='line_1_70' title="bbox 2468 2797 3105 2868; baseline 0.005 -18"><span class='ocrx_word' id='word_1_459' title='bbox 2468 2797 2722 2853; x_wconf 83' lang='lat' dir='ltr'><strong>Narratio</strong></span> <span class='ocrx_word' id='word_1_460' title='bbox 2768 2800 2830 2852; x_wconf 85' lang='lat' dir='ltr'><strong>de</strong></span> <span class='ocrx_word' id='word_1_461' title='bbox 2876 2798 3105 2868; x_wconf 74' lang='lat' dir='ltr'><strong>Astyrio.</strong></span> 
     </span>
    </p>
   </div>
   <div class='ocr_carea' id='block_1_71' title="bbox 2064 2883 3572 2960">
    <p class='ocr_par' dir='ltr' id='par_1_71' title="bbox 2064 2883 3572 2960">
     <span class='ocr_line' id='line_1_71' title="bbox 2064 2883 3572 2960; baseline 0.007 -22"><span class='ocrx_word' id='word_1_462' title='bbox 2064 2883 2217 2940; x_wconf 85' lang='lat' dir='ltr'><strong>Tunc</strong></span> <span class='ocrx_word' id='word_1_463' title='bbox 2242 2893 2293 2940; x_wconf 89' lang='lat' dir='ltr'><strong>et</strong></span> <span class='ocrx_word' id='word_1_464' title='bbox 2318 2885 2571 2958; x_wconf 88' lang='lat' dir='ltr'><strong>Astyrins</strong></span> <span class='ocrx_word' id='word_1_465' title='bbox 2599 2890 2668 2944; x_wconf 90' lang='lat' dir='ltr'><strong>ob</strong></span> <span class='ocrx_word' id='word_1_466' title='bbox 2691 2890 2996 2960; x_wconf 81' lang='lat' dir='ltr'><strong>religiosam</strong></span> <span class='ocrx_word' id='word_1_467' title='bbox 3030 2890 3278 2944; x_wconf 85' lang='lat' dir='ltr'><strong>liduciam</strong></span> <span class='ocrx_word' id='word_1_468' title='bbox 3313 2906 3376 2946; x_wconf 87' lang='lat' dir='ltr'><strong>ac</strong></span> <span class='ocrx_word' id='word_1_469' title='bbox 3406 2892 3572 2948; x_wconf 80' lang='lat' dir='ltr'><strong>liber-</strong></span> 
     </span>
    </p>
   </div>
   <div class='ocr_carea' id='block_1_72' title="bbox 1994 2979 3565 3044">
    <p class='ocr_par' dir='ltr' id='par_1_72' title="bbox 1994 2979 3565 3044">
     <span class='ocr_line' id='line_1_72' title="bbox 1994 2979 3565 3044; baseline 0.009 -14"><span class='ocrx_word' id='word_1_470' title='bbox 1994 2987 2159 3031; x_wconf 81' lang='lat' dir='ltr'><strong>tatem</strong></span> <span class='ocrx_word' id='word_1_471' title='bbox 2190 2979 2601 3035; x_wconf 88' lang='lat' dir='ltr'><strong>celeberrimmn</strong></span> <span class='ocrx_word' id='word_1_472' title='bbox 2635 2998 2830 3038; x_wconf 91' lang='lat' dir='ltr'><strong>nomen</strong></span> <span class='ocrx_word' id='word_1_473' title='bbox 2861 2991 2945 3038; x_wconf 90' lang='lat' dir='ltr'><strong>est</strong></span> <span class='ocrx_word' id='word_1_474' title='bbox 2973 2995 3303 3039; x_wconf 85' lang='lat' dir='ltr'><strong>consecutus</strong></span> <span class='ocrx_word' id='word_1_475' title='bbox 3331 3003 3347 3041; x_wconf 89' lang='lat'><strong>:</strong></span> <span class='ocrx_word' id='word_1_476' title='bbox 3383 2987 3469 3040; x_wconf 82' lang='lat' dir='ltr'><strong>vir</strong></span> <span class='ocrx_word' id='word_1_477' title='bbox 3498 3003 3565 3044; x_wconf 74' lang='lat' dir='ltr'><strong>ex</strong></span> 
     </span>
    </p>
   </div>
   <div class='ocr_carea' id='block_1_73' title="bbox 1992 3070 3569 3144">
    <p class='ocr_par' dir='ltr' id='par_1_73' title="bbox 1992 3070 3569 3144">
     <span class='ocr_line' id='line_1_73' title="bbox 1992 3070 3569 3144; baseline 0.006 -20"><span class='ocrx_word' id='word_1_478' title='bbox 1992 3070 2250 3127; x_wconf 63' lang='lat' dir='ltr'><strong>Romanae</strong></span> <span class='ocrx_word' id='word_1_479' title='bbox 2265 3074 2418 3129; x_wconf 87' lang='lat' dir='ltr'><strong>urbis</strong></span> <span class='ocrx_word' id='word_1_480' title='bbox 2438 3077 2800 3142; x_wconf 87' lang='lat' dir='ltr'><strong>senatoribus,</strong></span> <span class='ocrx_word' id='word_1_481' title='bbox 2824 3078 3242 3144; x_wconf 80' lang='lat' dir='ltr'><strong>imperatoribus</strong></span> <span class='ocrx_word' id='word_1_482' title='bbox 3261 3081 3418 3136; x_wconf 90' lang='lat' dir='ltr'><strong>unice</strong></span> <span class='ocrx_word' id='word_1_483' title='bbox 3439 3082 3569 3135; x_wconf 87' lang='lat' dir='ltr'><strong>cha-</strong></span> 
     </span>
    </p>
   </div>
   <div class='ocr_carea' id='block_1_74' title="bbox 1993 3167 3569 3242">
    <p class='ocr_par' dir='ltr' id='par_1_74' title="bbox 1993 3167 3569 3242">
     <span class='ocr_line' id='line_1_74' title="bbox 1993 3167 3569 3242; baseline 0.008 -28"><span class='ocrx_word' id='word_1_484' title='bbox 1993 3178 2087 3218; x_wconf 89' lang='lat' dir='ltr'><strong>rns</strong></span> <span class='ocrx_word' id='word_1_485' title='bbox 2117 3181 2130 3217; x_wconf 91' lang='lat'><strong>:</strong></span> <span class='ocrx_word' id='word_1_486' title='bbox 2163 3175 2216 3218; x_wconf 90' lang='lat' dir='ltr'><strong>et</strong></span> <span class='ocrx_word' id='word_1_487' title='bbox 2242 3180 2362 3219; x_wconf 90' lang='lat' dir='ltr'><strong>cum</strong></span> <span class='ocrx_word' id='word_1_488' title='bbox 2398 3167 2466 3220; x_wconf 92' lang='lat' dir='ltr'><strong>ob</strong></span> <span class='ocrx_word' id='word_1_489' title='bbox 2515 3168 2858 3236; x_wconf 81' lang='lat' dir='ltr'><strong>Splendorem</strong></span> <span class='ocrx_word' id='word_1_490' title='bbox 2909 3172 3146 3240; x_wconf 77' lang='lat' dir='ltr'><strong>generis,</strong></span> <span class='ocrx_word' id='word_1_491' title='bbox 3201 3181 3312 3226; x_wconf 88' lang='grc' dir='ltr'>ιιιιιι</span> <span class='ocrx_word' id='word_1_492' title='bbox 3347 3182 3569 3242; x_wconf 88' lang='lat' dir='ltr'><strong>propter</strong></span> 
     </span>
    </p>
   </div>
   <div class='ocr_carea' id='block_1_75' title="bbox 1995 3256 3566 3334">
    <p class='ocr_par' dir='ltr' id='par_1_75' title="bbox 1995 3256 3566 3334">
     <span class='ocr_line' id='line_1_75' title="bbox 1995 3256 3566 3334; baseline 0.005 -23"><span class='ocrx_word' id='word_1_493' title='bbox 1995 3256 2212 3311; x_wconf 89' lang='lat' dir='ltr'><strong>divitias</strong></span> <span class='ocrx_word' id='word_1_494' title='bbox 2239 3260 2488 3314; x_wconf 89' lang='lat' dir='ltr'><strong>omnibus</strong></span> <span class='ocrx_word' id='word_1_495' title='bbox 2511 3272 2688 3315; x_wconf 89' lang='lat' dir='ltr'><strong>notus.</strong></span> <span class='ocrx_word' id='word_1_496' title='bbox 2710 3262 2809 3328; x_wconf 86' lang='lat' dir='ltr'><strong>Qui</strong></span> <span class='ocrx_word' id='word_1_497' title='bbox 2833 3278 2953 3318; x_wconf 90' lang='lat' dir='ltr'><strong>cum</strong></span> <span class='ocrx_word' id='word_1_498' title='bbox 2977 3264 3276 3333; x_wconf 88' lang='lat' dir='ltr'><strong>supradicti</strong></span> <span class='ocrx_word' id='word_1_499' title='bbox 3308 3266 3566 3334; x_wconf 88' lang='lat' dir='ltr'><strong>martyris</strong></span> 
     </span>
    </p>
   </div>
   <div class='ocr_carea' id='block_1_76' title="bbox 1994 3348 3564 3424">
    <p class='ocr_par' dir='ltr' id='par_1_76' title="bbox 1994 3348 3564 3424">
     <span class='ocr_line' id='line_1_76' title="bbox 1994 3348 3564 3424; baseline 0.007 -24"><span class='ocrx_word' id='word_1_500' title='bbox 1994 3348 2258 3418; x_wconf 91' lang='lat' dir='ltr'><strong>supplicio</strong></span> <span class='ocrx_word' id='word_1_501' title='bbox 2289 3351 2592 3417; x_wconf 87' lang='lat' dir='ltr'><strong>interesset,</strong></span> <span class='ocrx_word' id='word_1_502' title='bbox 2633 3354 2872 3408; x_wconf 86' lang='lat' dir='ltr'><strong>humeris</strong></span> <span class='ocrx_word' id='word_1_503' title='bbox 2910 3357 3022 3410; x_wconf 88' lang='lat' dir='ltr'><strong>suis</strong></span> <span class='ocrx_word' id='word_1_504' title='bbox 3053 3357 3364 3424; x_wconf 86' lang='lat' dir='ltr'><strong>impositum</strong></span> <span class='ocrx_word' id='word_1_505' title='bbox 3398 3359 3564 3411; x_wconf 91' lang='lat' dir='ltr'><strong>cada-</strong></span> 
     </span>
    </p>
   </div>
   <div class='ocr_carea' id='block_1_77' title="bbox 1991 3443 3566 3518">
    <p class='ocr_par' dir='ltr' id='par_1_77' title="bbox 1991 3443 3566 3518">
     <span class='ocr_line' id='line_1_77' title="bbox 1991 3443 3566 3518; baseline 0.007 -24"><span class='ocrx_word' id='word_1_506' title='bbox 1991 3455 2086 3495; x_wconf 88' lang='lat' dir='ltr'><strong>ver</strong></span> <span class='ocrx_word' id='word_1_507' title='bbox 2121 3443 2346 3497; x_wconf 89' lang='lat' dir='ltr'><strong>candida</strong></span> <span class='ocrx_word' id='word_1_508' title='bbox 2386 3461 2447 3499; x_wconf 89' lang='lat' dir='ltr'><strong>ac</strong></span> <span class='ocrx_word' id='word_1_509' title='bbox 2480 3449 2715 3516; x_wconf 87' lang='lat' dir='ltr'><strong>pretiosa</strong></span> <span class='ocrx_word' id='word_1_510' title='bbox 2745 3449 2975 3502; x_wconf 90' lang='lat' dir='ltr'><strong>amictus</strong></span> <span class='ocrx_word' id='word_1_511' title='bbox 3020 3461 3166 3503; x_wconf 81' lang='lat' dir='ltr'><strong>veste</strong></span> <span class='ocrx_word' id='word_1_512' title='bbox 3201 3449 3485 3518; x_wconf 81' lang='lat' dir='ltr'><strong>bajulavit,</strong></span> <span class='ocrx_word' id='word_1_513' title='bbox 3514 3461 3566 3505; x_wconf 88' lang='lat' dir='ltr'><strong>et</strong></span> 
     </span>
    </p>
   </div>
   <div class='ocr_carea' id='block_1_78' title="bbox 1992 3535 3563 3610">
    <p class='ocr_par' dir='ltr' id='par_1_78' title="bbox 1992 3535 3563 3610">
     <span class='ocr_line' id='line_1_78' title="bbox 1992 3535 3563 3610; baseline 0.008 -26"><span class='ocrx_word' id='word_1_514' title='bbox 1992 3535 2282 3604; x_wconf 78' lang='lat' dir='ltr'><strong>magniﬁco</strong></span> <span class='ocrx_word' id='word_1_515' title='bbox 2309 3537 2454 3590; x_wconf 91' lang='lat' dir='ltr'><strong>cultu</strong></span> <span class='ocrx_word' id='word_1_516' title='bbox 2474 3548 2746 3602; x_wconf 84' lang='lat' dir='ltr'><strong>ornatum.</strong></span> <span class='ocrx_word' id='word_1_517' title='bbox 2771 3540 2980 3595; x_wconf 88' lang='lat' dir='ltr'><strong>decenti</strong></span> <span class='ocrx_word' id='word_1_518' title='bbox 3003 3541 3225 3594; x_wconf 87' lang='lat' dir='ltr'><strong>tradidit</strong></span> <span class='ocrx_word' id='word_1_519' title='bbox 3251 3543 3563 3610; x_wconf 67' lang='lat' dir='ltr'><strong>sepulturae.</strong></span> 
     </span>
    </p>
   </div>
   <div class='ocr_carea' id='block_1_79' title="bbox 1990 3625 3565 3700">
    <p class='ocr_par' dir='ltr' id='par_1_79' title="bbox 1990 3625 3565 3700">
     <span class='ocr_line' id='line_1_79' title="bbox 1990 3625 3565 3700; baseline 0.004 -21"><span class='ocrx_word' id='word_1_520' title='bbox 1990 3625 2064 3680; x_wconf 88' lang='lat' dir='ltr'><strong>De</strong></span> <span class='ocrx_word' id='word_1_521' title='bbox 2098 3626 2202 3681; x_wconf 92' lang='lat' dir='ltr'><strong>hoc</strong></span> <span class='ocrx_word' id='word_1_522' title='bbox 2234 3629 2350 3681; x_wconf 90' lang='lat' dir='ltr'><strong>viro</strong></span> <span class='ocrx_word' id='word_1_523' title='bbox 2403 3631 2688 3686; x_wconf 89' lang='lat' dir='ltr'><strong>innumera</strong></span> <span class='ocrx_word' id='word_1_524' title='bbox 2741 3647 2955 3700; x_wconf 86' lang='lat' dir='ltr'><strong>quoque</strong></span> <span class='ocrx_word' id='word_1_525' title='bbox 2985 3631 3087 3684; x_wconf 90' lang='lat' dir='ltr'><strong>alia</strong></span> <span class='ocrx_word' id='word_1_526' title='bbox 3141 3631 3449 3685; x_wconf 78' lang='lat' dir='ltr'><strong>referuntur</strong></span> <span class='ocrx_word' id='word_1_527' title='bbox 3497 3635 3565 3685; x_wconf 89' lang='lat' dir='ltr'><strong>ab</strong></span> 
     </span>
    </p>
   </div>
   <div class='ocr_carea' id='block_1_80' title="bbox 1988 3717 3562 3792">
    <p class='ocr_par' dir='ltr' id='par_1_80' title="bbox 1988 3717 3562 3792">
     <span class='ocr_line' id='line_1_80' title="bbox 1988 3717 3562 3792; baseline 0.003 -21"><span class='ocrx_word' id='word_1_528' title='bbox 1988 3717 2228 3785; x_wconf 88' lang='lat' dir='ltr'><strong>ejusdem</strong></span> <span class='ocrx_word' id='word_1_529' title='bbox 2259 3719 2639 3787; x_wconf 79' lang='lat' dir='ltr'><strong>latniliarilms,</strong></span> <span class='ocrx_word' id='word_1_530' title='bbox 2670 3724 2758 3791; x_wconf 91' lang='lat' dir='ltr'><strong>qui</strong></span> <span class='ocrx_word' id='word_1_531' title='bbox 2783 3722 2847 3776; x_wconf 87' lang='lat' dir='ltr'><strong>ad</strong></span> <span class='ocrx_word' id='word_1_532' title='bbox 2881 3732 3122 3776; x_wconf 86' lang='lat' dir='ltr'><strong>nostram</strong></span> <span class='ocrx_word' id='word_1_533' title='bbox 3147 3738 3322 3792; x_wconf 84' lang='lat' dir='ltr'><strong>usque</strong></span> <span class='ocrx_word' id='word_1_534' title='bbox 3349 3732 3562 3778; x_wconf 78' lang='lat' dir='ltr'><strong>:ctatem</strong></span> 
     </span>
    </p>
   </div>
   <div class='ocr_carea' id='block_1_81' title="bbox 1983 3812 2624 3878">
    <p class='ocr_par' dir='ltr' id='par_1_81' title="bbox 1983 3812 2624 3878">
     <span class='ocr_line' id='line_1_81' title="bbox 1983 3812 2624 3878; baseline 0.003 -15"><span class='ocrx_word' id='word_1_535' title='bbox 1983 3812 2310 3878; x_wconf 78' lang='lat' dir='ltr'><strong>superstites</strong></span> <span class='ocrx_word' id='word_1_536' title='bbox 2345 3814 2624 3867; x_wconf 80' lang='lat' dir='ltr'><strong>vixerunt.</strong></span> 
     </span>
    </p>
   </div>
   <div class='ocr_carea' id='block_1_82' title="bbox 2552 3903 2977 3959">
    <p class='ocr_par' dir='ltr' id='par_1_82' title="bbox 2552 3903 2977 3959">
     <span class='ocr_line' id='line_1_82' title="bbox 2552 3903 2977 3959; baseline -0.005 -1"><span class='ocrx_word' id='word_1_537' title='bbox 2552 3904 2777 3959; x_wconf 75' lang='lat' dir='ltr'><strong>CAPUT</strong></span> <span class='ocrx_word' id='word_1_538' title='bbox 2819 3903 2977 3957; x_wconf 76' lang='lat' dir='ltr'><strong>XVII.</strong></span> 
     </span>
    </p>
   </div>
   <div class='ocr_carea' id='block_1_83' title="bbox 2052 3992 3481 4064">
    <p class='ocr_par' dir='ltr' id='par_1_83' title="bbox 2052 3992 3481 4064">
     <span class='ocr_line' id='line_1_83' title="bbox 2052 3992 3481 4064; baseline 0.005 -17"><span class='ocrx_word' id='word_1_539' title='bbox 2052 3992 2130 4048; x_wconf 84' lang='lat' dir='ltr'><strong>De</strong></span> <span class='ocrx_word' id='word_1_540' title='bbox 2156 3995 2427 4050; x_wconf 75' lang='lat' dir='ltr'><strong>miraculis</strong></span> <span class='ocrx_word' id='word_1_541' title='bbox 2460 3995 2759 4052; x_wconf 83' lang='lat' dir='ltr'><strong>Servatoris</strong></span> <span class='ocrx_word' id='word_1_542' title='bbox 2791 4000 2955 4050; x_wconf 81' lang='lat' dir='ltr'><strong>nostri</strong></span> <span class='ocrx_word' id='word_1_543' title='bbox 2979 3997 3119 4064; x_wconf 84' lang='lat' dir='ltr'><strong>apud</strong></span> <span class='ocrx_word' id='word_1_544' title='bbox 3153 3995 3481 4054; x_wconf 71' lang='lat' dir='ltr'><strong>Poneadcm.</strong></span> 
     </span>
    </p>
   </div>
   <div class='ocr_carea' id='block_1_84' title="bbox 2055 4147 3556 4222">
    <p class='ocr_par' dir='ltr' id='par_1_84' title="bbox 2055 4147 3556 4222">
     <span class='ocr_line' id='line_1_84' title="bbox 2055 4147 3556 4222; baseline 0.004 -22"><span class='ocrx_word' id='word_1_545' title='bbox 2055 4147 2196 4203; x_wconf 89' lang='lat' dir='ltr'><strong>Inter</strong></span> <span class='ocrx_word' id='word_1_546' title='bbox 2227 4165 2347 4218; x_wconf 82' lang='lat' dir='ltr'><strong>quae</strong></span> <span class='ocrx_word' id='word_1_547' title='bbox 2373 4151 2678 4220; x_wconf 87' lang='lat' dir='ltr'><strong>hujusmodi</strong></span> <span class='ocrx_word' id='word_1_548' title='bbox 2708 4161 2792 4207; x_wconf 88' lang='lat' dir='ltr'><strong>est</strong></span> <span class='ocrx_word' id='word_1_549' title='bbox 2821 4151 3164 4206; x_wconf 87' lang='lat' dir='ltr'><strong>miraculum.</strong></span> <span class='ocrx_word' id='word_1_550' title='bbox 3193 4153 3346 4222; x_wconf 84' lang='lat' dir='ltr'><strong>Apud</strong></span> <span class='ocrx_word' id='word_1_551' title='bbox 3377 4152 3556 4208; x_wconf 68' lang='lat' dir='ltr'><strong>Caesa-</strong></span> 
     </span>
    </p>
   </div>
   <div class='ocr_carea' id='block_1_85' title="bbox 1984 4237 3553 4316">
    <p class='ocr_par' dir='ltr' id='par_1_85' title="bbox 1984 4237 3553 4316">
     <span class='ocr_line' id='line_1_85' title="bbox 1984 4237 3553 4316; baseline 0.002 -23"><span class='ocrx_word' id='word_1_552' title='bbox 1984 4252 2135 4293; x_wconf 87' lang='lat' dir='ltr'><strong>ream</strong></span> <span class='ocrx_word' id='word_1_553' title='bbox 2183 4237 2412 4311; x_wconf 85' lang='lat' dir='ltr'><strong>Philippi</strong></span> <span class='ocrx_word' id='word_1_554' title='bbox 2445 4258 2605 4312; x_wconf 86' lang='lat' dir='ltr'><strong>qnam</strong></span> <span class='ocrx_word' id='word_1_555' title='bbox 2648 4243 2934 4297; x_wconf 75' lang='lat' dir='ltr'><strong>Phoenices</strong></span> <span class='ocrx_word' id='word_1_556' title='bbox 2967 4242 3214 4298; x_wconf 79' lang='lat' dir='ltr'><strong>l’aneada</strong></span> <span class='ocrx_word' id='word_1_557' title='bbox 3251 4244 3553 4316; x_wconf 72' lang='lat' dir='ltr'><strong>nominant,</strong></span> 
     </span>
    </p>
   </div>
   <div class='ocr_carea' id='block_1_86' title="bbox 371 4415 1887 4493">
    <p class='ocr_par' dir='ltr' id='par_1_86' title="bbox 371 4415 1860 4493">
     <span class='ocr_line' id='line_1_86' title="bbox 371 4415 1860 4493; baseline -0.001 -17"><span class='ocrx_word' id='word_1_558' title='bbox 371 4423 485 4493; x_wconf 79' lang='grc'>(55)</span> <span class='ocrx_word' id='word_1_559' title='bbox 529 4422 759 4490; x_wconf 77' lang='grc' dir='ltr'>Ἀχαιὸς</span> <span class='ocrx_word' id='word_1_560' title='bbox 825 4415 1002 4488; x_wconf 82' lang='grc' dir='ltr'>οὗτος</span> <span class='ocrx_word' id='word_1_561' title='bbox 1044 4415 1142 4491; x_wconf 81' lang='grc' dir='ltr'><strong>ἦν.</strong></span> <span class='ocrx_word' id='word_1_562' title='bbox 1205 4421 1732 4489; x_wconf 86' lang='lat' dir='ltr'><strong>Christophorsonus</strong></span> <span class='ocrx_word' id='word_1_563' title='bbox 1786 4423 1860 4475; x_wconf 85' lang='lat' dir='ltr'><strong>A-</strong></span> 
     </span>
    </p>
   </div>
   <div class='ocr_carea' id='block_1_87' title="bbox 1992 4415 3544 4493">
    <p class='ocr_par' dir='ltr' id='par_1_87' title="bbox 1992 4420 3544 4493">
     <span class='ocr_line' id='line_1_87' title="bbox 1992 4420 3544 4493; baseline -0.005 -15"><span class='ocrx_word' id='word_1_564' title='bbox 1992 4423 2207 4479; x_wconf 79' lang='lat' dir='ltr'><strong>essione</strong></span> <span class='ocrx_word' id='word_1_565' title='bbox 2229 4420 2454 4492; x_wconf 90' lang='lat' dir='ltr'><strong>quidem</strong></span> <span class='ocrx_word' id='word_1_566' title='bbox 2480 4422 2836 4478; x_wconf 80' lang='lat' dir='ltr'><strong>initiabantur</strong></span> <span class='ocrx_word' id='word_1_567' title='bbox 2874 4430 3165 4493; x_wconf 90' lang='lat' dir='ltr'><strong>martyres,</strong></span> <span class='ocrx_word' id='word_1_568' title='bbox 3205 4429 3378 4474; x_wconf 90' lang='lat' dir='ltr'><strong>morte</strong></span> <span class='ocrx_word' id='word_1_569' title='bbox 3407 4435 3544 4475; x_wconf 86' lang='lat' dir='ltr'><strong>con-</strong></span> 
     </span>
    </p>
   </div>
   <div class='ocr_carea' id='block_1_88' title="bbox 299 4493 1887 4562">
    <p class='ocr_par' dir='ltr' id='par_1_88' title="bbox 299 4493 1866 4562">
     <span class='ocr_line' id='line_1_88' title="bbox 299 4493 1866 4562; baseline 0.002 -17"><span class='ocrx_word' id='word_1_570' title='bbox 299 4495 506 4545; x_wconf 80' lang='lat' dir='ltr'><strong>chirum</strong></span> <span class='ocrx_word' id='word_1_571' title='bbox 541 4509 720 4562; x_wconf 83' lang='lat' dir='ltr'><strong>genere</strong></span> <span class='ocrx_word' id='word_1_572' title='bbox 756 4493 939 4558; x_wconf 85' lang='lat' dir='ltr'><strong>vertit,</strong></span> <span class='ocrx_word' id='word_1_573' title='bbox 999 4496 1085 4546; x_wconf 89' lang='lat' dir='ltr'><strong>cui</strong></span> <span class='ocrx_word' id='word_1_574' title='bbox 1135 4508 1236 4546; x_wconf 93' lang='lat' dir='ltr'><strong>non</strong></span> <span class='ocrx_word' id='word_1_575' title='bbox 1297 4495 1587 4546; x_wconf 83' lang='lat' dir='ltr'><strong>assentior.</strong></span> <span class='ocrx_word' id='word_1_576' title='bbox 1635 4495 1866 4549; x_wconf 75' lang='lat' dir='ltr'><strong>Achaeus</strong></span> 
     </span>
    </p>
   </div>
   <div class='ocr_carea' id='block_1_89' title="bbox 1992 4493 3549 4562">
    <p class='ocr_par' dir='ltr' id='par_1_89' title="bbox 1992 4493 3549 4562">
     <span class='ocr_line' id='line_1_89' title="bbox 1992 4493 3549 4562; baseline -0.001 -16"><span class='ocrx_word' id='word_1_577' title='bbox 1992 4494 2407 4559; x_wconf 55' lang='lat' dir='ltr'><strong>tumtnabantur,</strong></span> <span class='ocrx_word' id='word_1_578' title='bbox 2430 4502 2485 4548; x_wconf 90' lang='lat' dir='ltr'><strong>et</strong></span> <span class='ocrx_word' id='word_1_579' title='bbox 2519 4494 2724 4546; x_wconf 88' lang='lat' dir='ltr'><strong>liebant</strong></span> <span class='ocrx_word' id='word_1_580' title='bbox 2759 4493 2952 4546; x_wconf 80' lang='grc' dir='ltr'>τέλειοι</span> <span class='ocrx_word' id='word_1_581' title='bbox 3003 4493 3298 4562; x_wconf 82' lang='grc' dir='ltr'>μάρτυρες,</span> <span class='ocrx_word' id='word_1_582' title='bbox 3367 4501 3423 4543; x_wconf 89' lang='grc' dir='ltr'><strong>ιιι</strong></span> <span class='ocrx_word' id='word_1_583' title='bbox 3472 4493 3549 4544; x_wconf 87' lang='lat' dir='ltr'><strong>ait</strong></span> 
     </span>
    </p>
   </div>
   <div class='ocr_carea' id='block_1_90' title="bbox 298 4563 1865 4631">
    <p class='ocr_par' dir='ltr' id='par_1_90' title="bbox 298 4563 1865 4631">
     <span class='ocr_line' id='line_1_90' title="bbox 298 4563 1865 4631; baseline 0.001 -16"><span class='ocrx_word' id='word_1_584' title='bbox 298 4566 444 4616; x_wconf 85' lang='lat' dir='ltr'><strong>enim</strong></span> <span class='ocrx_word' id='word_1_585' title='bbox 479 4580 672 4616; x_wconf 88' lang='lat' dir='ltr'><strong>nomen</strong></span> <span class='ocrx_word' id='word_1_586' title='bbox 704 4564 980 4631; x_wconf 88' lang='lat' dir='ltr'><strong>proprium</strong></span> <span class='ocrx_word' id='word_1_587' title='bbox 1016 4571 1130 4626; x_wconf 90' lang='lat' dir='ltr'><strong>est;</strong></span> <span class='ocrx_word' id='word_1_588' title='bbox 1167 4563 1434 4629; x_wconf 91' lang='lat' dir='ltr'><strong>quomodo</strong></span> <span class='ocrx_word' id='word_1_589' title='bbox 1489 4574 1711 4616; x_wconf 71' lang='lat' dir='ltr'><strong>vocatus</strong></span> <span class='ocrx_word' id='word_1_590' title='bbox 1739 4566 1865 4618; x_wconf 90' lang='lat' dir='ltr'><strong>olim</strong></span> 
     </span>
    </p>
   </div>
   <div class='ocr_carea' id='block_1_91' title="bbox 297 4632 1872 4699">
    <p class='ocr_par' dir='ltr' id='par_1_91' title="bbox 297 4632 1872 4699">
     <span class='ocr_line' id='line_1_91' title="bbox 297 4632 1872 4699; baseline 0.001 -13"><span class='ocrx_word' id='word_1_591' title='bbox 297 4645 380 4686; x_wconf 72' lang='lat' dir='ltr'><strong>est</strong></span> <span class='ocrx_word' id='word_1_592' title='bbox 413 4635 520 4686; x_wconf 77' lang='lat' dir='ltr'><strong>dux</strong></span> <span class='ocrx_word' id='word_1_593' title='bbox 552 4632 932 4687; x_wconf 82' lang='lat' dir='ltr'><strong>celeberrimus</strong></span> <span class='ocrx_word' id='word_1_594' title='bbox 956 4633 1047 4699; x_wconf 86' lang='lat' dir='ltr'><strong>qni</strong></span> <span class='ocrx_word' id='word_1_595' title='bbox 1091 4632 1346 4686; x_wconf 89' lang='lat' dir='ltr'><strong>adversus</strong></span> <span class='ocrx_word' id='word_1_596' title='bbox 1403 4634 1729 4686; x_wconf 90' lang='lat' dir='ltr'><strong>Antiochum</strong></span> <span class='ocrx_word' id='word_1_597' title='bbox 1788 4651 1872 4687; x_wconf 90' lang='lat' dir='ltr'><strong>rc-</strong></span> 
     </span>
    </p>
   </div>
   <div class='ocr_carea' id='block_1_92' title="bbox 298 4701 1871 4773">
    <p class='ocr_par' dir='ltr' id='par_1_92' title="bbox 298 4701 1871 4773">
     <span class='ocr_line' id='line_1_92' title="bbox 298 4701 1871 4773; baseline 0.001 -18"><span class='ocrx_word' id='word_1_598' title='bbox 298 4705 538 4766; x_wconf 85' lang='lat' dir='ltr'><strong>hellavit,</strong></span> <span class='ocrx_word' id='word_1_599' title='bbox 572 4713 632 4757; x_wconf 91' lang='lat' dir='ltr'><strong>ut</strong></span> <span class='ocrx_word' id='word_1_600' title='bbox 655 4705 849 4757; x_wconf 87' lang='lat' dir='ltr'><strong>scribit</strong></span> <span class='ocrx_word' id='word_1_601' title='bbox 880 4702 1161 4773; x_wconf 79' lang='lat' dir='ltr'><strong>Polybius.</strong></span> <span class='ocrx_word' id='word_1_602' title='bbox 1191 4701 1287 4756; x_wconf 86' lang='lat' dir='ltr'><strong>llic</strong></span> <span class='ocrx_word' id='word_1_603' title='bbox 1315 4717 1478 4770; x_wconf 90' lang='lat' dir='ltr'><strong>porro</strong></span> <span class='ocrx_word' id='word_1_604' title='bbox 1526 4703 1753 4757; x_wconf 69' lang='lat' dir='ltr'><strong>Achrcus</strong></span> <span class='ocrx_word' id='word_1_605' title='bbox 1806 4705 1871 4757; x_wconf 88' lang='lat' dir='ltr'><strong>de</strong></span> 
     </span>
    </p>
   </div>
   <div class='ocr_carea' id='block_1_93' title="bbox 297 4773 1870 4842">
    <p class='ocr_par' dir='ltr' id='par_1_93' title="bbox 297 4773 1870 4842">
     <span class='ocr_line' id='line_1_93' title="bbox 297 4773 1870 4842; baseline 0.001 -18"><span class='ocrx_word' id='word_1_606' title='bbox 297 4788 403 4842; x_wconf 81' lang='lat' dir='ltr'><strong>quo</strong></span> <span class='ocrx_word' id='word_1_607' title='bbox 435 4773 674 4842; x_wconf 89' lang='lat' dir='ltr'><strong>loquitur</strong></span> <span class='ocrx_word' id='word_1_608' title='bbox 705 4773 991 4838; x_wconf 89' lang='lat' dir='ltr'><strong>Eusebius,</strong></span> <span class='ocrx_word' id='word_1_609' title='bbox 1031 4787 1229 4840; x_wconf 63' lang='lat' dir='ltr'><strong>prteses</strong></span> <span class='ocrx_word' id='word_1_610' title='bbox 1283 4782 1402 4827; x_wconf 87' lang='lat' dir='ltr'><strong>erat</strong></span> <span class='ocrx_word' id='word_1_611' title='bbox 1435 4773 1754 4836; x_wconf 81' lang='lat' dir='ltr'><strong>Pal:estin:e,</strong></span> <span class='ocrx_word' id='word_1_612' title='bbox 1815 4783 1870 4828; x_wconf 91' lang='lat' dir='ltr'><strong>et</strong></span> 
     </span>
    </p>
   </div>
   <div class='ocr_carea' id='block_1_94' title="bbox 300 4843 1867 4914">
    <p class='ocr_par' dir='ltr' id='par_1_94' title="bbox 300 4843 1867 4914">
     <span class='ocr_line' id='line_1_94' title="bbox 300 4843 1867 4914; baseline 0.003 -20"><span class='ocrx_word' id='word_1_613' title='bbox 300 4845 349 4894; x_wconf 88' lang='lat' dir='ltr'><strong>in</strong></span> <span class='ocrx_word' id='word_1_614' title='bbox 381 4846 514 4895; x_wconf 86' lang='lat' dir='ltr'><strong>urbe</strong></span> <span class='ocrx_word' id='word_1_615' title='bbox 544 4845 811 4908; x_wconf 82' lang='lat' dir='ltr'><strong>Caesarea,</strong></span> <span class='ocrx_word' id='word_1_616' title='bbox 847 4859 966 4914; x_wconf 74' lang='lat' dir='ltr'><strong>qua:</strong></span> <span class='ocrx_word' id='word_1_617' title='bbox 993 4856 1156 4914; x_wconf 86' lang='lat' dir='ltr'><strong>caput</strong></span> <span class='ocrx_word' id='word_1_618' title='bbox 1185 4851 1302 4898; x_wconf 88' lang='lat' dir='ltr'><strong>erat</strong></span> <span class='ocrx_word' id='word_1_619' title='bbox 1339 4843 1501 4898; x_wconf 90' lang='lat' dir='ltr'><strong>totius</strong></span> <span class='ocrx_word' id='word_1_620' title='bbox 1555 4843 1867 4912; x_wconf 86' lang='lat' dir='ltr'><strong>provinciae,</strong></span> 
     </span>
    </p>
   </div>
   <div class='ocr_carea' id='block_1_95' title="bbox 298 4914 759 4967">
    <p class='ocr_par' dir='ltr' id='par_1_95' title="bbox 298 4914 759 4967">
     <span class='ocr_line' id='line_1_95' title="bbox 298 4914 759 4967; baseline 0 -1"><span class='ocrx_word' id='word_1_621' title='bbox 298 4916 479 4966; x_wconf 87' lang='lat' dir='ltr'><strong>sedem</strong></span> <span class='ocrx_word' id='word_1_622' title='bbox 512 4914 759 4967; x_wconf 81' lang='lat' dir='ltr'><strong>habebat.</strong></span> 
     </span>
    </p>
   </div>
   <div class='ocr_carea' id='block_1_96' title="bbox 368 4981 1870 5052">
    <p class='ocr_par' dir='ltr' id='par_1_96' title="bbox 368 4981 1870 5052">
     <span class='ocr_line' id='line_1_96' title="bbox 368 4981 1870 5052; baseline -0.001 -15"><span class='ocrx_word' id='word_1_623' title='bbox 368 4983 479 5052; x_wconf 77' lang='lat'><strong>(56)</strong></span> <span class='ocrx_word' id='word_1_624' title='bbox 516 4983 628 5051; x_wconf 81' lang='grc' dir='ltr'><strong>Τῆς</strong></span> <span class='ocrx_word' id='word_1_625' title='bbox 667 4983 992 5052; x_wconf 77' lang='grc' dir='ltr'>χλαμύδος.</span> <span class='ocrx_word' id='word_1_626' title='bbox 1040 4981 1133 5037; x_wconf 89' lang='lat' dir='ltr'><strong>Sic</strong></span> <span class='ocrx_word' id='word_1_627' title='bbox 1189 4982 1305 5050; x_wconf 87' lang='lat' dir='ltr'><strong>lego</strong></span> <span class='ocrx_word' id='word_1_628' title='bbox 1343 4997 1441 5050; x_wconf 90' lang='lat' dir='ltr'><strong>pro</strong></span> <span class='ocrx_word' id='word_1_629' title='bbox 1493 4981 1636 5050; x_wconf 81' lang='lat' dir='ltr'><strong>vulg.</strong></span> <span class='ocrx_word' id='word_1_630' title='bbox 1686 4981 1870 5052; x_wconf 89' lang='grc' dir='ltr'>χλανί-</span> 
     </span>
    </p>
   </div>
   <div class='ocr_carea' id='block_1_97' title="bbox 295 5053 1862 5125">
    <p class='ocr_par' dir='ltr' id='par_1_97' title="bbox 295 5053 1862 5125">
     <span class='ocr_line' id='line_1_97' title="bbox 295 5053 1862 5125; baseline -0.001 -18"><span class='ocrx_word' id='word_1_631' title='bbox 295 5053 402 5116; x_wconf 76' lang='grc' dir='ltr'>δος.</span> <span class='ocrx_word' id='word_1_632' title='bbox 426 5054 676 5125; x_wconf 81' lang='lat' dir='ltr'><strong>Chlatnys</strong></span> <span class='ocrx_word' id='word_1_633' title='bbox 699 5057 847 5107; x_wconf 88' lang='lat' dir='ltr'><strong>enim</strong></span> <span class='ocrx_word' id='word_1_634' title='bbox 884 5064 936 5107; x_wconf 89' lang='lat' dir='ltr'><strong>et</strong></span> <span class='ocrx_word' id='word_1_635' title='bbox 958 5053 1166 5125; x_wconf 84' lang='lat' dir='ltr'><strong>balteus</strong></span> <span class='ocrx_word' id='word_1_636' title='bbox 1187 5063 1341 5125; x_wconf 79' lang='lat' dir='ltr'><strong>erant</strong></span> <span class='ocrx_word' id='word_1_637' title='bbox 1367 5054 1592 5125; x_wconf 76' lang='lat' dir='ltr'><strong>insignia</strong></span> <span class='ocrx_word' id='word_1_638' title='bbox 1621 5059 1862 5105; x_wconf 81' lang='lat' dir='ltr'><strong>militan—</strong></span> 
     </span>
    </p>
   </div>
   <div class='ocr_carea' id='block_1_98' title="bbox 298 5121 1867 5192">
    <p class='ocr_par' dir='ltr' id='par_1_98' title="bbox 298 5121 1867 5192">
     <span class='ocr_line' id='line_1_98' title="bbox 298 5121 1867 5192; baseline 0.001 -17"><span class='ocrx_word' id='word_1_639' title='bbox 298 5137 466 5188; x_wconf 86' lang='grc' dir='ltr'>ιιιιιιι,</span> <span class='ocrx_word' id='word_1_640' title='bbox 512 5134 565 5176; x_wconf 84' lang='grc' dir='ltr'><strong>ιιι</strong></span> <span class='ocrx_word' id='word_1_641' title='bbox 617 5121 688 5178; x_wconf 74' lang='lat' dir='ltr'><strong>ex</strong></span> <span class='ocrx_word' id='word_1_642' title='bbox 725 5125 1020 5177; x_wconf 88' lang='lat' dir='ltr'><strong>innumeris</strong></span> <span class='ocrx_word' id='word_1_643' title='bbox 1076 5123 1207 5177; x_wconf 88' lang='lat' dir='ltr'><strong>locis</strong></span> <span class='ocrx_word' id='word_1_644' title='bbox 1269 5121 1491 5176; x_wconf 79' lang='lat' dir='ltr'><strong>Joannis</strong></span> <span class='ocrx_word' id='word_1_645' title='bbox 1544 5123 1867 5192; x_wconf 82' lang='lat' dir='ltr'><strong>Chrysosto-</strong></span> 
     </span>
    </p>
   </div>
   <div class='ocr_carea' id='block_1_99' title="bbox 297 5192 1867 5262">
    <p class='ocr_par' dir='ltr' id='par_1_99' title="bbox 297 5192 1867 5262">
     <span class='ocr_line' id='line_1_99' title="bbox 297 5192 1867 5262; baseline 0.001 -16"><span class='ocrx_word' id='word_1_646' title='bbox 297 5197 389 5253; x_wconf 79' lang='lat' dir='ltr'><strong>IIII.</strong></span> <span class='ocrx_word' id='word_1_647' title='bbox 419 5194 646 5258; x_wconf 84' lang='lat' dir='ltr'><strong>Libanii,</strong></span> <span class='ocrx_word' id='word_1_648' title='bbox 678 5203 731 5247; x_wconf 88' lang='lat' dir='ltr'><strong>et</strong></span> <span class='ocrx_word' id='word_1_649' title='bbox 756 5194 983 5249; x_wconf 89' lang='lat' dir='ltr'><strong>aliorum</strong></span> <span class='ocrx_word' id='word_1_650' title='bbox 1014 5194 1228 5262; x_wconf 84' lang='lat' dir='ltr'><strong>probari</strong></span> <span class='ocrx_word' id='word_1_651' title='bbox 1277 5204 1472 5262; x_wconf 84' lang='lat' dir='ltr'><strong>potest.</strong></span> <span class='ocrx_word' id='word_1_652' title='bbox 1540 5192 1867 5262; x_wconf 84' lang='lat' dir='ltr'><strong>Plerumque</strong></span> 
     </span>
    </p>
   </div>
   <div class='ocr_carea' id='block_1_100' title="bbox 297 5264 1863 5334">
    <p class='ocr_par' dir='ltr' id='par_1_100' title="bbox 297 5264 1863 5334">
     <span class='ocr_line' id='line_1_100' title="bbox 297 5264 1863 5334; baseline 0.001 -19"><span class='ocrx_word' id='word_1_653' title='bbox 297 5276 476 5317; x_wconf 86' lang='lat' dir='ltr'><strong>tamen</strong></span> <span class='ocrx_word' id='word_1_654' title='bbox 505 5280 600 5332; x_wconf 87' lang='lat' dir='ltr'><strong>pro</strong></span> <span class='ocrx_word' id='word_1_655' title='bbox 632 5265 912 5334; x_wconf 84' lang='lat' dir='ltr'><strong>chlamyde</strong></span> <span class='ocrx_word' id='word_1_656' title='bbox 935 5264 1118 5333; x_wconf 85' lang='grc' dir='ltr'>χλανίς</span> <span class='ocrx_word' id='word_1_657' title='bbox 1148 5267 1566 5332; x_wconf 82' lang='lat' dir='ltr'><strong>passivoerrore</strong></span> <span class='ocrx_word' id='word_1_658' title='bbox 1582 5264 1863 5334; x_wconf 85' lang='lat' dir='ltr'><strong>scribitur.</strong></span> 
     </span>
    </p>
   </div>
   <div class='ocr_carea' id='block_1_101' title="bbox 299 5333 1864 5403">
    <p class='ocr_par' dir='ltr' id='par_1_101' title="bbox 299 5333 1864 5403">
     <span class='ocr_line' id='line_1_101' title="bbox 299 5333 1864 5403; baseline -0.001 -17"><span class='ocrx_word' id='word_1_659' title='bbox 299 5335 523 5403; x_wconf 82' lang='lat' dir='ltr'><strong>Vulgata</strong></span> <span class='ocrx_word' id='word_1_660' title='bbox 561 5334 724 5389; x_wconf 90' lang='lat' dir='ltr'><strong>lectio</strong></span> <span class='ocrx_word' id='word_1_661' title='bbox 748 5333 938 5388; x_wconf 78' lang='lat' dir='ltr'><strong>fefellit</strong></span> <span class='ocrx_word' id='word_1_662' title='bbox 970 5336 1334 5402; x_wconf 78' lang='lat' dir='ltr'><strong>Nicephorum</strong></span> <span class='ocrx_word' id='word_1_663' title='bbox 1370 5375 1383 5398; x_wconf 93' lang='lat'><strong>,</strong></span> <span class='ocrx_word' id='word_1_664' title='bbox 1415 5336 1504 5403; x_wconf 92' lang='lat' dir='ltr'><strong>qui</strong></span> <span class='ocrx_word' id='word_1_665' title='bbox 1550 5350 1644 5403; x_wconf 78' lang='lat' dir='ltr'><strong>pro</strong></span> <span class='ocrx_word' id='word_1_666' title='bbox 1677 5333 1864 5403; x_wconf 86' lang='grc' dir='ltr'>χλανί-</span> 
     </span>
    </p>
   </div>
   <div class='ocr_carea' id='block_1_102' title="bbox 292 5402 1864 5474">
    <p class='ocr_par' dir='ltr' id='par_1_102' title="bbox 292 5402 1864 5474">
     <span class='ocr_line' id='line_1_102' title="bbox 292 5402 1864 5474; baseline 0.001 -17"><span class='ocrx_word' id='word_1_667' title='bbox 292 5404 381 5466; x_wconf 81' lang='grc' dir='ltr'><strong>δος</strong></span> <span class='ocrx_word' id='word_1_668' title='bbox 407 5402 502 5459; x_wconf 84' lang='lat' dir='ltr'><strong>hic</strong></span> <span class='ocrx_word' id='word_1_669' title='bbox 529 5405 806 5460; x_wconf 90' lang='lat' dir='ltr'><strong>substituit</strong></span> <span class='ocrx_word' id='word_1_670' title='bbox 839 5405 1178 5474; x_wconf 83' lang='grc' dir='ltr'>χιτωνίσκον.</span> <span class='ocrx_word' id='word_1_671' title='bbox 1240 5403 1532 5469; x_wconf 84' lang='lat' dir='ltr'><strong>Gregorius</strong></span> <span class='ocrx_word' id='word_1_672' title='bbox 1555 5402 1566 5474; x_wconf 47' lang='grc' dir='ltr'><strong>ί</strong></span> <span class='ocrx_word' id='word_1_673' title='bbox 1592 5402 1864 5474; x_wconf 76' lang='lat' dir='ltr'><strong>Nyssenus</strong></span> 
     </span>
    </p>
   </div>
   <div class='ocr_carea' id='block_1_103' title="bbox 295 5473 1864 5541">
    <p class='ocr_par' dir='ltr' id='par_1_103' title="bbox 295 5473 1864 5541">
     <span class='ocr_line' id='line_1_103' title="bbox 295 5473 1864 5541; baseline -0.001 -14"><span class='ocrx_word' id='word_1_674' title='bbox 295 5475 348 5528; x_wconf 85' lang='lat' dir='ltr'><strong>in</strong></span> <span class='ocrx_word' id='word_1_675' title='bbox 376 5476 469 5529; x_wconf 87' lang='lat' dir='ltr'><strong>lib.</strong></span> <span class='ocrx_word' id='word_1_676' title='bbox 507 5492 520 5528; x_wconf 90' lang='grc' dir='ltr'><strong>ι</strong></span> <span class='ocrx_word' id='word_1_677' title='bbox 550 5475 745 5528; x_wconf 80' lang='lat' dir='ltr'><strong>Contra</strong></span> <span class='ocrx_word' id='word_1_678' title='bbox 765 5473 1102 5537; x_wconf 75' lang='lat' dir='ltr'><strong>Eunomium,</strong></span> <span class='ocrx_word' id='word_1_679' title='bbox 1124 5474 1369 5541; x_wconf 53' lang='lat' dir='ltr'><strong>pagﬂ95</strong></span> <span class='ocrx_word' id='word_1_680' title='bbox 1393 5489 1407 5526; x_wconf 90' lang='lat'><strong>:</strong></span> <span class='ocrx_word' id='word_1_681' title='bbox 1432 5473 1583 5527; x_wconf 79' lang='grc' dir='ltr'>Μετὰ</span> <span class='ocrx_word' id='word_1_682' title='bbox 1610 5473 1666 5524; x_wconf 79' lang='grc' dir='ltr'>δὲ</span> <span class='ocrx_word' id='word_1_683' title='bbox 1693 5473 1864 5526; x_wconf 89' lang='grc' dir='ltr'>ταῦτα</span> 
     </span>
    </p>
   </div>
   <div class='ocr_carea' id='block_1_104' title="bbox 291 5544 1864 5616">
    <p class='ocr_par' dir='ltr' id='par_1_104' title="bbox 291 5544 1864 5616">
     <span class='ocr_line' id='line_1_104' title="bbox 291 5544 1864 5616; baseline 0.001 -20"><span class='ocrx_word' id='word_1_684' title='bbox 291 5547 420 5616; x_wconf 78' lang='grc' dir='ltr'>περὶ</span> <span class='ocrx_word' id='word_1_685' title='bbox 451 5545 669 5616; x_wconf 85' lang='grc' dir='ltr'>χλανίδα</span> <span class='ocrx_word' id='word_1_686' title='bbox 700 5547 793 5616; x_wconf 59' lang='grc' dir='ltr'><strong>και</strong></span> <span class='ocrx_word' id='word_1_687' title='bbox 820 5545 993 5616; x_wconf 75' lang='grc' dir='ltr'>ζώνην</span> <span class='ocrx_word' id='word_1_688' title='bbox 1018 5544 1356 5616; x_wconf 78' lang='grc' dir='ltr'>ἀσχοληθεὶς,</span> <span class='ocrx_word' id='word_1_689' title='bbox 1386 5544 1460 5607; x_wconf 79' lang='grc' dir='ltr'>ὣς</span> <span class='ocrx_word' id='word_1_690' title='bbox 1489 5559 1682 5616; x_wconf 51' lang='grc' dir='ltr'>φασιν]</span> <span class='ocrx_word' id='word_1_691' title='bbox 1714 5547 1864 5597; x_wconf 70' lang='grc' dir='ltr'>ἐπει-</span> 
     </span>
    </p>
   </div>
   <div class='ocr_carea' id='block_1_105' title="bbox 291 5614 1864 5686">
    <p class='ocr_par' dir='ltr' id='par_1_105' title="bbox 291 5614 1864 5686">
     <span class='ocr_line' id='line_1_105' title="bbox 291 5614 1864 5686; baseline -0.002 -16"><span class='ocrx_word' id='word_1_692' title='bbox 291 5614 593 5686; x_wconf 50' lang='grc' dir='ltr'>δῆπειτα,</span> <span class='ocrx_word' id='word_1_693' title='bbox 626 5627 734 5671; x_wconf 85' lang='lat' dir='ltr'><strong>etc.</strong></span> <span class='ocrx_word' id='word_1_694' title='bbox 764 5615 932 5682; x_wconf 85' lang='lat' dir='ltr'><strong>Quem</strong></span> <span class='ocrx_word' id='word_1_695' title='bbox 951 5614 1136 5670; x_wconf 83' lang='lat' dir='ltr'><strong>locum</strong></span> <span class='ocrx_word' id='word_1_696' title='bbox 1163 5614 1398 5684; x_wconf 81' lang='lat' dir='ltr'><strong>pessime</strong></span> <span class='ocrx_word' id='word_1_697' title='bbox 1453 5619 1611 5668; x_wconf 67' lang='lat' dir='ltr'><strong>vertit</strong></span> <span class='ocrx_word' id='word_1_698' title='bbox 1645 5614 1864 5673; x_wconf 84' lang='lat' dir='ltr'><strong>Gretse-</strong></span> 
     </span>
    </p>
   </div>
   <div class='ocr_carea' id='block_1_106' title="bbox 292 5703 402 5740">
    <p class='ocr_par' dir='ltr' id='par_1_106' title="bbox 292 5703 402 5740">
     <span class='ocr_line' id='line_1_106' title="bbox 292 5703 402 5740; baseline 0.009 -1"><span class='ocrx_word' id='word_1_699' title='bbox 292 5703 402 5740; x_wconf 74' lang='lat' dir='ltr'><strong>I’US.</strong></span> 
     </span>
    </p>
   </div>
   <div class='ocr_carea' id='block_1_107' title="bbox 363 5755 1863 5828">
    <p class='ocr_par' dir='ltr' id='par_1_107' title="bbox 363 5755 1863 5828">
     <span class='ocr_line' id='line_1_107' title="bbox 363 5755 1863 5828; baseline 0 -19"><span class='ocrx_word' id='word_1_700' title='bbox 363 5757 473 5828; x_wconf 73' lang='grc' dir='ltr'>(δῖ)</span> <span class='ocrx_word' id='word_1_701' title='bbox 517 5757 872 5811; x_wconf 75' lang='grc' dir='ltr'>Τελειοῦται.</span> <span class='ocrx_word' id='word_1_702' title='bbox 914 5755 968 5810; x_wconf 88' lang='lat' dir='ltr'><strong>ld</strong></span> <span class='ocrx_word' id='word_1_703' title='bbox 1018 5766 1121 5818; x_wconf 85' lang='lat' dir='ltr'><strong>est,</strong></span> <span class='ocrx_word' id='word_1_704' title='bbox 1163 5757 1415 5828; x_wconf 76' lang='lat' dir='ltr'><strong>martyrio</strong></span> <span class='ocrx_word' id='word_1_705' title='bbox 1471 5765 1863 5828; x_wconf 67' lang='lat' dir='ltr'><strong>consummatus</strong></span> 
     </span>
    </p>
   </div>
   <div class='ocr_carea' id='block_1_108' title="bbox 292 5826 1860 5898">
    <p class='ocr_par' dir='ltr' id='par_1_108' title="bbox 292 5826 1860 5898">
     <span class='ocr_line' id='line_1_108' title="bbox 292 5826 1860 5898; baseline 0 -18"><span class='ocrx_word' id='word_1_706' title='bbox 292 5841 385 5894; x_wconf 77' lang='lat' dir='ltr'><strong>est,</strong></span> <span class='ocrx_word' id='word_1_707' title='bbox 411 5826 468 5882; x_wconf 87' lang='lat' dir='ltr'><strong>ut</strong></span> <span class='ocrx_word' id='word_1_708' title='bbox 500 5828 796 5897; x_wconf 80' lang='lat' dir='ltr'><strong>loquuntur</strong></span> <span class='ocrx_word' id='word_1_709' title='bbox 823 5828 1182 5898; x_wconf 78' lang='lat' dir='ltr'><strong>Hieronymus</strong></span> <span class='ocrx_word' id='word_1_710' title='bbox 1213 5837 1265 5883; x_wconf 86' lang='lat' dir='ltr'><strong>et</strong></span> <span class='ocrx_word' id='word_1_711' title='bbox 1295 5827 1539 5884; x_wconf 69' lang='lat' dir='ltr'><strong>liuiinus.</strong></span> <span class='ocrx_word' id='word_1_712' title='bbox 1571 5826 1702 5880; x_wconf 83' lang='lat' dir='ltr'><strong>Nam</strong></span> <span class='ocrx_word' id='word_1_713' title='bbox 1726 5842 1860 5881; x_wconf 83' lang='lat' dir='ltr'><strong>con-</strong></span> 
     </span>
    </p>
   </div>
   <div class='ocr_carea' id='block_1_109' title="bbox 1974 4562 3545 4635">
    <p class='ocr_par' dir='ltr' id='par_1_109' title="bbox 1974 4562 3545 4635">
     <span class='ocr_line' id='line_1_109' title="bbox 1974 4562 3545 4635; baseline -0.003 -17"><span class='ocrx_word' id='word_1_714' title='bbox 1974 4564 2261 4635; x_wconf 82' lang='lat' dir='ltr'><strong>Dionysius</strong></span> <span class='ocrx_word' id='word_1_715' title='bbox 2289 4563 2692 4635; x_wconf 86' lang='lat' dir='ltr'><strong>Alexandrinus</strong></span> <span class='ocrx_word' id='word_1_716' title='bbox 2715 4565 2962 4635; x_wconf 18' lang='lat' dir='ltr'><strong>supraﬁin</strong></span> <span class='ocrx_word' id='word_1_717' title='bbox 3001 4563 3100 4635; x_wconf 80' lang='lat' dir='ltr'><strong>hoc</strong></span> <span class='ocrx_word' id='word_1_718' title='bbox 3148 4563 3284 4615; x_wconf 89' lang='lat' dir='ltr'><strong>libro</strong></span> <span class='ocrx_word' id='word_1_719' title='bbox 3309 4578 3427 4629; x_wconf 90' lang='lat' dir='ltr'><strong>cap.</strong></span> <span class='ocrx_word' id='word_1_720' title='bbox 3457 4562 3545 4623; x_wconf 82' lang='lat' dir='ltr'><strong>ll,</strong></span> 
     </span>
    </p>
   </div>
   <div class='ocr_carea' id='block_1_110' title="bbox 1973 4632 3549 4689">
    <p class='ocr_par' dir='ltr' id='par_1_110' title="bbox 1973 4632 3549 4689">
     <span class='ocr_line' id='line_1_110' title="bbox 1973 4632 3549 4689; baseline -0.004 0"><span class='ocrx_word' id='word_1_721' title='bbox 1973 4638 2071 4689; x_wconf 86' lang='lat' dir='ltr'><strong>sub</strong></span> <span class='ocrx_word' id='word_1_722' title='bbox 2098 4632 2279 4687; x_wconf 84' lang='lat' dir='ltr'><strong>linem.</strong></span> <span class='ocrx_word' id='word_1_723' title='bbox 2308 4634 2481 4686; x_wconf 88' lang='lat' dir='ltr'><strong>Aliam</strong></span> <span class='ocrx_word' id='word_1_724' title='bbox 2511 4634 2774 4686; x_wconf 86' lang='lat' dir='ltr'><strong>rationem</strong></span> <span class='ocrx_word' id='word_1_725' title='bbox 2820 4633 2973 4685; x_wconf 73' lang='lat' dir='ltr'><strong>all&#39;ert</strong></span> <span class='ocrx_word' id='word_1_726' title='bbox 3007 4632 3255 4684; x_wconf 79' lang='lat' dir='ltr'><strong>Clemens</strong></span> <span class='ocrx_word' id='word_1_727' title='bbox 3308 4635 3549 4684; x_wconf 78' lang='lat' dir='ltr'><strong>Alexan-</strong></span> 
     </span>
    </p>
   </div>
   <div class='ocr_carea' id='block_1_111' title="bbox 1973 4700 3547 4772">
    <p class='ocr_par' dir='ltr' id='par_1_111' title="bbox 1973 4700 3547 4772">
     <span class='ocr_line' id='line_1_111' title="bbox 1973 4700 3547 4772; baseline -0.004 -14"><span class='ocrx_word' id='word_1_728' title='bbox 1973 4707 2162 4758; x_wconf 89' lang='lat' dir='ltr'><strong>drinus</strong></span> <span class='ocrx_word' id='word_1_729' title='bbox 2190 4704 2244 4756; x_wconf 90' lang='lat' dir='ltr'><strong>in</strong></span> <span class='ocrx_word' id='word_1_730' title='bbox 2283 4703 2375 4756; x_wconf 93' lang='lat' dir='ltr'><strong>lib.</strong></span> <span class='ocrx_word' id='word_1_731' title='bbox 2413 4718 2467 4756; x_wconf 82' lang='lat' dir='ltr'><strong>Iv</strong></span> <span class='ocrx_word' id='word_1_732' title='bbox 2495 4700 2814 4772; x_wconf 10' lang='lat' dir='ltr'><strong>,Strant&#39;atei,</strong></span> <span class='ocrx_word' id='word_1_733' title='bbox 2851 4718 2972 4772; x_wconf 86' lang='lat' dir='ltr'><strong>pag.</strong></span> <span class='ocrx_word' id='word_1_734' title='bbox 3010 4701 3137 4762; x_wconf 74' lang='grc'>206,</span> <span class='ocrx_word' id='word_1_735' title='bbox 3195 4717 3292 4753; x_wconf 90' lang='lat' dir='ltr'><strong>cur</strong></span> <span class='ocrx_word' id='word_1_736' title='bbox 3341 4713 3547 4771; x_wconf 80' lang='lat' dir='ltr'><strong>marty-</strong></span> 
     </span>
    </p>
   </div>
   <div class='ocr_carea' id='block_1_112' title="bbox 1973 4770 3552 4835">
    <p class='ocr_par' dir='ltr' id='par_1_112' title="bbox 1973 4770 3552 4835">
     <span class='ocr_line' id='line_1_112' title="bbox 1973 4770 3552 4835; baseline -0.003 -7"><span class='ocrx_word' id='word_1_737' title='bbox 1973 4777 2109 4828; x_wconf 90' lang='lat' dir='ltr'><strong>rium</strong></span> <span class='ocrx_word' id='word_1_738' title='bbox 2154 4781 2376 4826; x_wconf 78' lang='lat' dir='ltr'><strong>vocctur</strong></span> <span class='ocrx_word' id='word_1_739' title='bbox 2431 4770 2732 4835; x_wconf 85' lang='grc' dir='ltr'>τελείωσις,</span> <span class='ocrx_word' id='word_1_740' title='bbox 2792 4770 2861 4826; x_wconf 85' lang='lat' dir='ltr'><strong>ob</strong></span> <span class='ocrx_word' id='word_1_741' title='bbox 2910 4772 3286 4824; x_wconf 84' lang='lat' dir='ltr'><strong>excellentiam</strong></span> <span class='ocrx_word' id='word_1_742' title='bbox 3337 4771 3552 4824; x_wconf 83' lang='lat' dir='ltr'><strong>scilicet</strong></span> 
     </span>
    </p>
   </div>
   <div class='ocr_carea' id='block_1_113' title="bbox 1971 4837 3548 4911">
    <p class='ocr_par' dir='ltr' id='par_1_113' title="bbox 1971 4837 3548 4911">
     <span class='ocr_line' id='line_1_113' title="bbox 1971 4837 3548 4911; baseline -0.004 -12"><span class='ocrx_word' id='word_1_743' title='bbox 1971 4837 2502 4900; x_wconf 67' lang='lat' dir='ltr'><strong>Charitatis:Aszxa</strong></span> <span class='ocrx_word' id='word_1_744' title='bbox 2524 4841 2803 4894; x_wconf 85' lang='grc' dir='ltr'>τελείωσιν</span> <span class='ocrx_word' id='word_1_745' title='bbox 2828 4841 2886 4894; x_wconf 84' lang='grc' dir='ltr'><strong>τὸ</strong></span> <span class='ocrx_word' id='word_1_746' title='bbox 2928 4840 3224 4911; x_wconf 76' lang='grc' dir='ltr'>μαρτύριον</span> <span class='ocrx_word' id='word_1_747' title='bbox 3255 4840 3548 4911; x_wconf 83' lang='grc' dir='ltr'>καλοῦμεν,</span> 
     </span>
    </p>
   </div>
   <div class='ocr_carea' id='block_1_114' title="bbox 1969 4910 3548 4983">
    <p class='ocr_par' dir='ltr' id='par_1_114' title="bbox 1969 4910 3548 4983">
     <span class='ocr_line' id='line_1_114' title="bbox 1969 4910 3548 4983; baseline 0.009 -21"><span class='ocrx_word' id='word_1_748' title='bbox 1969 4918 2066 4983; x_wconf 73' lang='grc' dir='ltr'><strong>οὐχ</strong></span> <span class='ocrx_word' id='word_1_749' title='bbox 2095 4917 2356 4983; x_wconf 78' lang='grc' dir='ltr'>οτιτελος</span> <span class='ocrx_word' id='word_1_750' title='bbox 2382 4914 2474 4983; x_wconf 86' lang='grc' dir='ltr'><strong>τοῦ</strong></span> <span class='ocrx_word' id='word_1_751' title='bbox 2515 4911 2628 4983; x_wconf 81' lang='grc' dir='ltr'>βίου</span> <span class='ocrx_word' id='word_1_752' title='bbox 2658 4914 2686 4964; x_wconf 88' lang='grc' dir='ltr'>ὁ</span> <span class='ocrx_word' id='word_1_753' title='bbox 2715 4910 3324 4983; x_wconf 33' lang='grc' dir='ltr'>ἄνθρωποςὲλαίὲεγμὼς</span> <span class='ocrx_word' id='word_1_754' title='bbox 3357 4915 3405 4963; x_wconf 81' lang='grc' dir='ltr'><strong>οἱ</strong></span> <span class='ocrx_word' id='word_1_755' title='bbox 3437 4912 3548 4964; x_wconf 82' lang='grc' dir='ltr'>λοι·</span> 
     </span>
    </p>
   </div>
   <div class='ocr_carea' id='block_1_115' title="bbox 1971 4978 3360 5051">
    <p class='ocr_par' dir='ltr' id='par_1_115' title="bbox 1971 4978 3360 5051">
     <span class='ocr_line' id='line_1_115' title="bbox 1971 4978 3360 5051; baseline -0.002 -14"><span class='ocrx_word' id='word_1_756' title='bbox 1971 4978 2082 5041; x_wconf 70' lang='grc' dir='ltr'>ποῖ,</span> <span class='ocrx_word' id='word_1_757' title='bbox 2119 4981 2232 5034; x_wconf 83' lang='grc' dir='ltr'>ἀλλ’</span> <span class='ocrx_word' id='word_1_758' title='bbox 2259 4984 2340 5034; x_wconf 84' lang='grc' dir='ltr'>ὅτι</span> <span class='ocrx_word' id='word_1_759' title='bbox 2364 4978 2568 5051; x_wconf 80' lang='grc' dir='ltr'>τέλειον</span> <span class='ocrx_word' id='word_1_760' title='bbox 2605 4981 2764 5050; x_wconf 79' lang='grc' dir='ltr'>ἔργον</span> <span class='ocrx_word' id='word_1_761' title='bbox 2789 4978 3009 5051; x_wconf 67' lang='grc' dir='ltr'>ἀγάπης</span> <span class='ocrx_word' id='word_1_762' title='bbox 3040 4978 3360 5043; x_wconf 78' lang='grc' dir='ltr'>ἐνεδείξατο.</span> 
     </span>
    </p>
   </div>
   <div class='ocr_carea' id='block_1_116' title="bbox 2041 5050 3547 5122">
    <p class='ocr_par' dir='ltr' id='par_1_116' title="bbox 2041 5050 3547 5122">
     <span class='ocr_line' id='line_1_116' title="bbox 2041 5050 3547 5122; baseline -0.001 -16"><span class='ocrx_word' id='word_1_763' title='bbox 2041 5053 2151 5122; x_wconf 83' lang='lat'><strong>(58)</strong></span> <span class='ocrx_word' id='word_1_764' title='bbox 2186 5050 2588 5122; x_wconf 62' lang='lat' dir='ltr'><strong>&quot;Hrjllarcdoa</strong></span> <span class='ocrx_word' id='word_1_765' title='bbox 2610 5052 2904 5122; x_wconf 66' lang='grc' dir='ltr'>φοίνικες.</span> <span class='ocrx_word' id='word_1_766' title='bbox 2935 5050 3224 5104; x_wconf 74' lang='grc' dir='ltr'>Ριιωιιιρεε</span> <span class='ocrx_word' id='word_1_767' title='bbox 3272 5053 3360 5122; x_wconf 81' lang='lat' dir='ltr'><strong>hic</strong></span> <span class='ocrx_word' id='word_1_768' title='bbox 3414 5051 3547 5105; x_wconf 88' lang='lat' dir='ltr'><strong>dicit</strong></span> 
     </span>
    </p>
   </div>
   <div class='ocr_carea' id='block_1_117' title="bbox 1969 5120 3549 5186">
    <p class='ocr_par' dir='ltr' id='par_1_117' title="bbox 1969 5120 3549 5186">
     <span class='ocr_line' id='line_1_117' title="bbox 1969 5120 3549 5186; baseline -0.001 -10"><span class='ocrx_word' id='word_1_769' title='bbox 1969 5120 2234 5176; x_wconf 85' lang='lat' dir='ltr'><strong>Eusebius</strong></span> <span class='ocrx_word' id='word_1_770' title='bbox 2267 5120 2484 5176; x_wconf 68' lang='lat' dir='ltr'><strong>Graecos</strong></span> <span class='ocrx_word' id='word_1_771' title='bbox 2513 5123 2601 5186; x_wconf 70' lang='grc' dir='ltr'>(ιιιὶ</span> <span class='ocrx_word' id='word_1_772' title='bbox 2633 5121 2943 5176; x_wconf 70' lang='lat' dir='ltr'><strong>thnicem</strong></span> <span class='ocrx_word' id='word_1_773' title='bbox 2970 5122 3294 5175; x_wconf 87' lang='lat' dir='ltr'><strong>incolebant.</strong></span> <span class='ocrx_word' id='word_1_774' title='bbox 3338 5120 3549 5174; x_wconf 83' lang='lat' dir='ltr'><strong>Paucas</strong></span> 
     </span>
    </p>
   </div>
   <div class='ocr_carea' id='block_1_118' title="bbox 1969 5190 3545 5260">
    <p class='ocr_par' dir='ltr' id='par_1_118' title="bbox 1969 5190 3545 5260">
     <span class='ocr_line' id='line_1_118' title="bbox 1969 5190 3545 5260; baseline 0 -15"><span class='ocrx_word' id='word_1_775' title='bbox 1969 5197 2114 5246; x_wconf 88' lang='lat' dir='ltr'><strong>enim</strong></span> <span class='ocrx_word' id='word_1_776' title='bbox 2144 5207 2336 5245; x_wconf 84' lang='lat' dir='ltr'><strong>nomen</strong></span> <span class='ocrx_word' id='word_1_777' title='bbox 2385 5201 2469 5246; x_wconf 84' lang='lat' dir='ltr'><strong>est</strong></span> <span class='ocrx_word' id='word_1_778' title='bbox 2517 5190 2764 5245; x_wconf 60' lang='lat' dir='ltr'><strong>Griecum</strong></span> <span class='ocrx_word' id='word_1_779' title='bbox 2809 5207 2822 5243; x_wconf 76' lang='grc' dir='ltr'><strong>ι</strong></span> <span class='ocrx_word' id='word_1_780' title='bbox 2865 5191 2987 5260; x_wconf 86' lang='lat' dir='ltr'><strong>Syri</strong></span> <span class='ocrx_word' id='word_1_781' title='bbox 3046 5206 3176 5246; x_wconf 92' lang='lat' dir='ltr'><strong>vero</strong></span> <span class='ocrx_word' id='word_1_782' title='bbox 3226 5191 3308 5243; x_wconf 87' lang='lat' dir='ltr'><strong>vel</strong></span> <span class='ocrx_word' id='word_1_783' title='bbox 3363 5192 3545 5259; x_wconf 90' lang='lat' dir='ltr'><strong>potius</strong></span> 
     </span>
    </p>
   </div>
   <div class='ocr_carea' id='block_1_119' title="bbox 1969 5262 3547 5334">
    <p class='ocr_par' dir='ltr' id='par_1_119' title="bbox 1969 5262 3547 5334">
     <span class='ocr_line' id='line_1_119' title="bbox 1969 5262 3547 5334; baseline -0.002 -18"><span class='ocrx_word' id='word_1_784' title='bbox 1969 5263 2432 5334; x_wconf 67' lang='lat' dir='ltr'><strong>Syrophgenices,</strong></span> <span class='ocrx_word' id='word_1_785' title='bbox 2489 5277 2607 5317; x_wconf 89' lang='lat' dir='ltr'><strong>eam</strong></span> <span class='ocrx_word' id='word_1_786' title='bbox 2657 5268 2858 5334; x_wconf 76' lang='lat' dir='ltr'><strong>urbem</strong></span> <span class='ocrx_word' id='word_1_787' title='bbox 2903 5262 3026 5314; x_wconf 85' lang='lat' dir='ltr'><strong>Dan</strong></span> <span class='ocrx_word' id='word_1_788' title='bbox 3073 5262 3430 5334; x_wconf 81' lang='lat' dir='ltr'><strong>appellabant,</strong></span> <span class='ocrx_word' id='word_1_789' title='bbox 3487 5270 3547 5313; x_wconf 87' lang='grc' dir='ltr'><strong>ιιι</strong></span> 
     </span>
    </p>
   </div>
   <div class='ocr_carea' id='block_1_120' title="bbox 1967 5331 3544 5403">
    <p class='ocr_par' dir='ltr' id='par_1_120' title="bbox 1967 5331 3544 5403">
     <span class='ocr_line' id='line_1_120' title="bbox 1967 5331 3544 5403; baseline -0.003 -16"><span class='ocrx_word' id='word_1_790' title='bbox 1967 5331 2158 5388; x_wconf 79' lang='lat' dir='ltr'><strong>scribit</strong></span> <span class='ocrx_word' id='word_1_791' title='bbox 2187 5333 2553 5403; x_wconf 78' lang='lat' dir='ltr'><strong>Hieronymus</strong></span> <span class='ocrx_word' id='word_1_792' title='bbox 2585 5333 2636 5385; x_wconf 91' lang='lat' dir='ltr'><strong>in</strong></span> <span class='ocrx_word' id='word_1_793' title='bbox 2663 5331 3052 5397; x_wconf 71' lang='lat' dir='ltr'><strong>Qua’slionibus</strong></span> <span class='ocrx_word' id='word_1_794' title='bbox 3102 5337 3157 5385; x_wconf 83' lang='lat' dir='ltr'><strong>in</strong></span> <span class='ocrx_word' id='word_1_795' title='bbox 3201 5331 3460 5403; x_wconf 72' lang='lat' dir='ltr'><strong>Genesim,</strong></span> <span class='ocrx_word' id='word_1_796' title='bbox 3488 5339 3544 5384; x_wconf 81' lang='lat' dir='ltr'><strong>et</strong></span> 
     </span>
    </p>
   </div>
   <div class='ocr_carea' id='block_1_121' title="bbox 1968 5402 3547 5470">
    <p class='ocr_par' dir='ltr' id='par_1_121' title="bbox 1968 5402 3547 5470">
     <span class='ocr_line' id='line_1_121' title="bbox 1968 5402 3547 5470; baseline -0.004 -13"><span class='ocrx_word' id='word_1_797' title='bbox 1968 5403 2023 5457; x_wconf 89' lang='lat' dir='ltr'><strong>in</strong></span> <span class='ocrx_word' id='word_1_798' title='bbox 2049 5404 2187 5458; x_wconf 92' lang='lat' dir='ltr'><strong>libro</strong></span> <span class='ocrx_word' id='word_1_799' title='bbox 2214 5403 2288 5456; x_wconf 83' lang='lat' dir='ltr'><strong>De</strong></span> <span class='ocrx_word' id='word_1_800' title='bbox 2316 5402 2446 5456; x_wconf 77' lang='lat' dir='ltr'><strong>locis</strong></span> <span class='ocrx_word' id='word_1_801' title='bbox 2479 5402 2775 5469; x_wconf 75' lang='lat' dir='ltr'><strong>Hebraicis,</strong></span> <span class='ocrx_word' id='word_1_802' title='bbox 2801 5413 2855 5457; x_wconf 89' lang='lat' dir='ltr'><strong>et</strong></span> <span class='ocrx_word' id='word_1_803' title='bbox 2905 5405 2956 5456; x_wconf 92' lang='lat' dir='ltr'><strong>in</strong></span> <span class='ocrx_word' id='word_1_804' title='bbox 2990 5403 3218 5470; x_wconf 83' lang='lat' dir='ltr'><strong>epistola</strong></span> <span class='ocrx_word' id='word_1_805' title='bbox 3274 5405 3338 5454; x_wconf 87' lang='lat' dir='ltr'><strong>ad</strong></span> <span class='ocrx_word' id='word_1_806' title='bbox 3405 5402 3547 5454; x_wconf 81' lang='lat' dir='ltr'><strong>Eva-</strong></span> 
     </span>
    </p>
   </div>
   <div class='ocr_carea' id='block_1_122' title="bbox 2007 5471 3539 5540">
    <p class='ocr_par' dir='ltr' id='par_1_122' title="bbox 2007 5471 3539 5540">
     <span class='ocr_line' id='line_1_122' title="bbox 2007 5471 3539 5540; baseline -0.002 -13"><span class='ocrx_word' id='word_1_807' title='bbox 2007 5475 2167 5527; x_wconf 90' lang='lat' dir='ltr'><strong>rium.</strong></span> <span class='ocrx_word' id='word_1_808' title='bbox 2199 5474 2342 5528; x_wconf 88' lang='lat' dir='ltr'><strong>Idem</strong></span> <span class='ocrx_word' id='word_1_809' title='bbox 2365 5475 2552 5527; x_wconf 89' lang='lat' dir='ltr'><strong>scribit</strong></span> <span class='ocrx_word' id='word_1_810' title='bbox 2591 5473 2986 5540; x_wconf 79' lang='lat' dir='ltr'><strong>l’hilostorgius</strong></span> <span class='ocrx_word' id='word_1_811' title='bbox 3025 5475 3078 5526; x_wconf 90' lang='lat' dir='ltr'><strong>in</strong></span> <span class='ocrx_word' id='word_1_812' title='bbox 3113 5474 3208 5527; x_wconf 90' lang='lat' dir='ltr'><strong>lib.</strong></span> <span class='ocrx_word' id='word_1_813' title='bbox 3262 5486 3352 5536; x_wconf 82' lang='lat' dir='ltr'><strong>vn,</strong></span> <span class='ocrx_word' id='word_1_814' title='bbox 3406 5487 3454 5524; x_wconf 93' lang='lat' dir='ltr'><strong>c.</strong></span> <span class='ocrx_word' id='word_1_815' title='bbox 3483 5471 3539 5524; x_wconf 82' lang='grc'>5.</span> 
     </span>
    </p>
   </div>
   <div class='ocr_carea' id='block_1_123' title="bbox 2013 5541 3537 5615">
    <p class='ocr_par' dir='ltr' id='par_1_123' title="bbox 2013 5541 3537 5615">
     <span class='ocr_line' id='line_1_123' title="bbox 2013 5541 3537 5615; baseline -0.003 -15"><span class='ocrx_word' id='word_1_816' title='bbox 2013 5559 2144 5615; x_wconf 87' lang='lat' dir='ltr'><strong>0cus_</strong></span> <span class='ocrx_word' id='word_1_817' title='bbox 2167 5545 2480 5615; x_wconf 85' lang='lat' dir='ltr'><strong>Hieronymi</strong></span> <span class='ocrx_word' id='word_1_818' title='bbox 2517 5543 2588 5615; x_wconf 10' lang='lat' dir='ltr'><strong>Die</strong></span> <span class='ocrx_word' id='word_1_819' title='bbox 2639 5545 3016 5613; x_wconf 72' lang='lat' dir='ltr'><strong>quteatiouibus</strong></span> <span class='ocrx_word' id='word_1_820' title='bbox 3077 5545 3157 5615; x_wconf 71' lang='lat' dir='ltr'><strong>ita</strong></span> <span class='ocrx_word' id='word_1_821' title='bbox 3216 5557 3274 5596; x_wconf 88' lang='lat' dir='ltr'><strong>se</strong></span> <span class='ocrx_word' id='word_1_822' title='bbox 3328 5541 3537 5615; x_wconf 81' lang='lat' dir='ltr'><strong>habet:</strong></span> 
     </span>
    </p>
   </div>
   <div class='ocr_carea' id='block_1_124' title="bbox 1964 5613 3536 5682">
    <p class='ocr_par' dir='ltr' id='par_1_124' title="bbox 1964 5613 3536 5682">
     <span class='ocr_line' id='line_1_124' title="bbox 1964 5613 3536 5682; baseline -0.001 -15"><span class='ocrx_word' id='word_1_823' title='bbox 1964 5615 2086 5669; x_wconf 86' lang='lat' dir='ltr'><strong>Dan</strong></span> <span class='ocrx_word' id='word_1_824' title='bbox 2115 5613 2388 5668; x_wconf 74' lang='lat' dir='ltr'><strong>Pltwuices</strong></span> <span class='ocrx_word' id='word_1_825' title='bbox 2412 5614 2677 5682; x_wconf 80' lang='lat' dir='ltr'><strong>oppidum,</strong></span> <span class='ocrx_word' id='word_1_826' title='bbox 2717 5618 2854 5682; x_wconf 82' lang='lat' dir='ltr'><strong>quod</strong></span> <span class='ocrx_word' id='word_1_827' title='bbox 2884 5630 3020 5666; x_wconf 85' lang='lat' dir='ltr'><strong>nunc</strong></span> <span class='ocrx_word' id='word_1_828' title='bbox 3066 5613 3272 5682; x_wconf 75' lang='lat' dir='ltr'><strong>Paucas</strong></span> <span class='ocrx_word' id='word_1_829' title='bbox 3322 5613 3536 5665; x_wconf 85' lang='lat' dir='ltr'><strong>dicitur.</strong></span> 
     </span>
    </p>
   </div>
   <div class='ocr_carea' id='block_1_125' title="bbox 1967 5681 3540 5750">
    <p class='ocr_par' dir='ltr' id='par_1_125' title="bbox 1967 5681 3540 5750">
     <span class='ocr_line' id='line_1_125' title="bbox 1967 5681 3540 5750; baseline -0.003 -12"><span class='ocrx_word' id='word_1_830' title='bbox 1967 5686 2088 5739; x_wconf 82' lang='lat' dir='ltr'><strong>Dan</strong></span> <span class='ocrx_word' id='word_1_831' title='bbox 2117 5696 2291 5738; x_wconf 84' lang='lat' dir='ltr'><strong>autem</strong></span> <span class='ocrx_word' id='word_1_832' title='bbox 2320 5681 2451 5737; x_wconf 74' lang='lat' dir='ltr'><strong>unus</strong></span> <span class='ocrx_word' id='word_1_833' title='bbox 2480 5700 2506 5735; x_wconf 87' lang='lat' dir='ltr'><strong>e</strong></span> <span class='ocrx_word' id='word_1_834' title='bbox 2554 5681 2786 5750; x_wconf 77' lang='lat' dir='ltr'><strong>fontibus</strong></span> <span class='ocrx_word' id='word_1_835' title='bbox 2827 5682 3106 5737; x_wconf 67' lang='lat' dir='ltr'><strong>Iordanis.</strong></span> <span class='ocrx_word' id='word_1_836' title='bbox 3134 5681 3275 5736; x_wconf 87' lang='lat' dir='ltr'><strong>Nam</strong></span> <span class='ocrx_word' id='word_1_837' title='bbox 3313 5693 3362 5736; x_wconf 84' lang='lat' dir='ltr'><strong>et</strong></span> <span class='ocrx_word' id='word_1_838' title='bbox 3401 5682 3540 5735; x_wconf 86' lang='lat' dir='ltr'><strong>alter</strong></span> 
     </span>
    </p>
   </div>
   <div class='ocr_carea' id='block_1_126' title="bbox 1966 5753 3539 5824">
    <p class='ocr_par' dir='ltr' id='par_1_126' title="bbox 1966 5753 3539 5824">
     <span class='ocr_line' id='line_1_126' title="bbox 1966 5753 3539 5824; baseline -0.003 -14"><span class='ocrx_word' id='word_1_839' title='bbox 1966 5769 2180 5810; x_wconf 84' lang='lat' dir='ltr'><strong>vocatur</strong></span> <span class='ocrx_word' id='word_1_840' title='bbox 2204 5755 2318 5817; x_wconf 77' lang='lat' dir='ltr'><strong>lor,</strong></span> <span class='ocrx_word' id='word_1_841' title='bbox 2342 5756 2477 5824; x_wconf 82' lang='lat' dir='ltr'><strong>quod</strong></span> <span class='ocrx_word' id='word_1_842' title='bbox 2510 5756 2884 5819; x_wconf 76' lang='lat' dir='ltr'><strong>interpretatur</strong></span> <span class='ocrx_word' id='word_1_843' title='bbox 2912 5754 3143 5823; x_wconf 78' lang='grc' dir='ltr'>ῥεῖθρον.</span> <span class='ocrx_word' id='word_1_844' title='bbox 3168 5753 3382 5806; x_wconf 79' lang='lat' dir='ltr'><strong>Duobus</strong></span> <span class='ocrx_word' id='word_1_845' title='bbox 3414 5767 3539 5820; x_wconf 83' lang='lat' dir='ltr'><strong>ergo</strong></span> 
     </span>
    </p>
   </div>
   <div class='ocr_carea' id='block_1_127' title="bbox 1967 5825 3542 5897">
    <p class='ocr_par' dir='ltr' id='par_1_127' title="bbox 1967 5825 3542 5897">
     <span class='ocr_line' id='line_1_127' title="bbox 1967 5825 3542 5897; baseline -0.003 -16"><span class='ocrx_word' id='word_1_846' title='bbox 1967 5829 2197 5896; x_wconf 68' lang='lat' dir='ltr'><strong>fontibus</strong></span> <span class='ocrx_word' id='word_1_847' title='bbox 2229 5827 2319 5896; x_wconf 76' lang='lat' dir='ltr'><strong>qui</strong></span> <span class='ocrx_word' id='word_1_848' title='bbox 2342 5829 2484 5880; x_wconf 81' lang='lat' dir='ltr'><strong>haud</strong></span> <span class='ocrx_word' id='word_1_849' title='bbox 2513 5826 2697 5897; x_wconf 78' lang='lat' dir='ltr'><strong>procul</strong></span> <span class='ocrx_word' id='word_1_850' title='bbox 2727 5841 2757 5876; x_wconf 88' lang='lat' dir='ltr'><strong>a</strong></span> <span class='ocrx_word' id='word_1_851' title='bbox 2809 5842 2861 5879; x_wconf 81' lang='lat' dir='ltr'><strong>sc</strong></span> <span class='ocrx_word' id='word_1_852' title='bbox 2906 5825 3129 5892; x_wconf 77' lang='lat' dir='ltr'><strong>distant,</strong></span> <span class='ocrx_word' id='word_1_853' title='bbox 3159 5827 3212 5878; x_wconf 85' lang='lat' dir='ltr'><strong>in</strong></span> <span class='ocrx_word' id='word_1_854' title='bbox 3255 5841 3416 5878; x_wconf 84' lang='lat' dir='ltr'><strong>unum</strong></span> <span class='ocrx_word' id='word_1_855' title='bbox 3463 5825 3542 5877; x_wconf 81' lang='lat' dir='ltr'><strong>ri-</strong></span> 
     </span>
    </p>
   </div>
  </div>
