4114 6406
633 355 738 411 679

1336 350 1602 414 EUSEBII
1636 353 2111 415 CASSARIENSIS
2149 356 2299 413 OPP.
2342 356 2519 413 PARS
2557 356 2597 414 1.
2640 388 2709 398 --
2749 356 3140 413 HISTORICA.
3780 368 3869 423 om

633 478 701 532 ad
743 475 907 546 pedes
929 472 1080 530 Panii
1122 476 1341 540 montis,
1370 476 1551 532 fontes
1581 478 1856 541 visuntur,
1896 493 1960 532 ex
1986 470 2196 547 quibus

2307 494 2378 540 σι,
2398 478 2528 544 φασὶ
2559 478 2710 549 παρὰ
2738 481 2856 541 ταῖς
2886 476 3072 531 αὐτόθι
3092 476 3477 548 δεικνυμέναις
3512 481 3572 533 ἐν
3603 486 3717 547 ταῖς
3752 484 3871 541 ὁπω-

633 566 849 638 proﬂuit
871 564 1140 621 Jordanis.
1170 566 1225 621 In
1257 568 1352 621 bos
1384 566 1521 622 festo
1543 568 1778 637 quodam
1804 569 1892 623 die
1922 569 2202 622 victimam

633 659 827 728 conjici
861 658 1073 713 solitam
1126 672 1247 713 esse
1292 659 1463 725 aiunt,
1510 674 1633 727 quae
1685 658 1920 712 mirabili
1970 659 2203 728 quadam

632 752 893 806 daemonis
920 750 1234 819 operatione
1275 766 1541 819 nusquam
1591 760 1778 821 postea
1813 762 2156 820 compareret
2186 768 2200 807 :

632 857 860 911 eamque
898 856 1010 901 rem
1043 858 1072 895 a
1124 842 1500 911 spectantibus
1548 858 1649 913 pro
1695 842 1891 896 illustri
1939 842 2204 897 miraculo

631 932 821 988 haberi
875 934 1241 987 consucvisse.
1292 932 1538 999 Quodam
1581 934 1746 1004 igitur
1793 943 2034 1003 tempore
2079 948 2201 987 cum

630 1025 883 1079 Asturius
911 1025 995 1079 his
1014 1024 1154 1079 forte
1172 1026 1515 1080 caeremoniis
1540 1026 1849 1091 interesset,
1866 1035 2204 1094 cunctosth

630 1116 986 1171 admiratione
1038 1117 1113 1170 rei
1150 1115 1429 1186 perculsos
1459 1117 1689 1183 videret,
1720 1118 1950 1185 primum
1984 1117 2200 1186 quidem

630 1213 929 1268 czecitatem
955 1210 1097 1279 vulgi
1123 1210 1417 1265 miseratus
1445 1222 1548 1264 est.
1572 1210 1777 1265 Deinde
1810 1210 1984 1265 oculis
2013 1211 2065 1263 iu
2089 1224 2201 1263 cm-

630 1304 740 1359 lum
774 1304 1019 1369 sublatis,
1053 1317 1367 1374 supremum
1411 1304 1651 1357 omnium
1685 1304 1855 1357 Deum
1889 1318 1984 1371 per
2018 1302 2200 1357 Jesum

630 1395 903 1451 Christum
936 1398 1236 1452 obtestatus
1266 1408 1369 1460 est,
1399 1406 1458 1451 ut
1488 1397 1789 1449 daamonem
1841 1394 1991 1449 illum
2020 1393 2201 1464 populi

629 1490 968 1543 seductorem
999 1490 1405 1559 constringeret
1429 1529 1445 1554 ,
1472 1496 1528 1543 et
1556 1503 1585 1541 a
1618 1488 1949 1556 decipiendis
1977 1486 2201 1556 posthac

629 1580 949 1635 mortalibus
983 1580 1264 1635 abstinere
1303 1597 1425 1635 eum
1463 1581 1703 1651 juberet.
1747 1579 1975 1635 Peracta
2007 1594 2198 1648 preca-

628 1672 795 1735 tione,
816 1682 1035 1741 repeute
1054 1672 1331 1726 victimam
1350 1671 1593 1727 fontibus
1614 1682 2002 1742 supernatasse
2023 1673 2195 1738 aiunt;

625 1772 788 1831 atque
818 1762 890 1816 ita
912 1764 1230 1818 miraculum
1261 1764 1394 1834 ipsis
1416 1779 1639 1833 prorsus
1668 1764 2031 1833 intercidisse,
2051 1763 2198 1819 nullo

627 1854 1049 1926 deincepscirca
1070 1856 1211 1909 hunc
1240 1855 1415 1909 lucum
1450 1856 1699 1924 prodigio
1730 1856 1865 1910 viso.

1082 1948 1242 2019 265
1281 1948 1508 2003 CAPUT
1542 1946 1723 2003 XVIII.

627 2036 701 2093 De
731 2050 908 2094 statua
930 2058 1088 2110 quam
1122 2042 1311 2095 mulier
1337 2042 1612 2121 sanguinis
1636 2042 1787 2110 [luxu
1819 2040 2071 2095 laborans
2100 2057 2195 2112 po-

1350 2121 1478 2166 suit.

706 2201 813 2257 Sed
856 2203 1293 2271 quandoquidem
1349 2202 1510 2271 hujus
1553 2202 1703 2259 urbis
1747 2204 2070 2260 mentionem
2124 2202 2201 2259 l'e—

625 2298 830 2360 cimus,
870 2310 974 2348 non
1009 2296 1365 2363 incongruum
1414 2294 1578 2348 fuerit
1614 2310 1728 2348 rem
1759 2298 2051 2363 quamdam
2082 2311 2197 2349 me-

626 2388 799 2443 moria
848 2387 1114 2457 imprimis
1156 2385 1375 2456 dignam
1423 2387 1657 2455 posteris
1701 2389 1935 2441 tradere.
1985 2386 2196 2441 Etenim

625 2480 906 2535 mulierem
954 2478 1099 2532 illam
1153 2477 1436 2546 sanguinis
1499 2478 1762 2545 proﬂuvio
1824 2478 2194 2542 laborantem,

624 2586 785 2641 quant
834 2586 901 2626 ex
948 2569 1119 2625 sacris
1177 2569 1485 2639 Evangeliis
1542 2570 1800 2623 discimus
1836 2584 1866 2623 a
1908 2568 2199 2624 Servatore

624 2673 811 2719 nostro
869 2672 1113 2717 curatam
1170 2661 1358 2728 fuisse,
1407 2675 1475 2715 ex
1521 2661 1624 2715 hac
1664 2662 1886 2715 civitate
1932 2661 2195 2729 originem

626 2756 855 2810 traxisse
900 2755 1102 2819 ferunt,
1160 2755 1487 2824 domumque
1527 2754 1645 2823 ejus
1680 2754 1879 2809 ibidem
1920 2754 2193 2823 conspici;

623 2857 681 2902 et
723 2846 908 2903 collati
946 2847 1000 2901 in
1048 2862 1164 2902 eam
1204 2861 1235 2901 a
1278 2845 1565 2900 Servatore
1611 2852 1798 2901 nostro
1848 2845 2099 2900 beneﬁcii
2135 2846 2199 2899 il-

622 2939 816 2996 lustria
850 2950 1069 2997 exstare
1111 2949 1485 2995 monumenta.
1528 2937 1736 3009 Quippe
1780 2938 1934 3009 juxta
1975 2939 2199 3007 januam

622 3037 817 3091 domus
862 3035 1041 3098 illius,
1084 3050 1234 3090 mnea
1278 3034 1523 3089 mulieris
1569 3032 1771 3099 elIigies
1819 3044 1968 3087 stare
2000 3032 2199 3088 dicitur

2310 571 2482 643 ρείαις
2526 571 2617 625 τοῦ
2659 572 2994 643 καλουμένου
3032 570 3225 624 Πανίου
3262 573 3421 642 ὅρους
3470 580 3697 646 πηγαῖς,
3730 581 3783 643 ἐξ
3808 575 3870 637 ὢν

2306 664 2400 716 καὶ
2432 664 2522 716 τὸν
2546 664 2815 736 Ἰορδάνην
2844 664 3178 736 προχεῖσθαι,
3214 666 3352 718 κατά
3376 683 3504 718 τινα
3539 668 3730 740 ἑορτῆς
3755 675 3862 745 ἡμέ.

2307 772 2407 826 ραν
2463 756 2688 825 σφάγιόν
2732 774 2784 810 τι
2815 754 3246 810 καταϐάλλεσθαι
3280 756 3427 826 (ὅθςῖο
3488 760 3585 811 καὶ
3620 762 3771 816 τοῦτο
3813 772 3868 838 τῇ

2303 845 2398 898 τοῦ
2434 847 2685 918 δαίμονος
2725 848 2947 918 δυνάμει
2995 848 3197 917 ἀφανὲς
3240 848 3493 917 γίνεσθαι
3547 854 3870 922 παραδόξως,

2304 938 2489 1010 θαῦμά
2528 956 2585 992 τε
2626 936 2762 993 εἶναι
2800 940 3119 1012 περιϐόητον
3160 941 3272 1003 τοῖς
3304 942 3549 1013 παροῦσι
3584 944 3645 996 τὸ
3673 950 3872 1018 νινόμε-

2303 1049 2412 1087 νον.
2463 1033 2711 1104 Παρόντα
2764 1034 2809 1087 δ’
2861 1029 2954 1087 οὖν
2999 1052 3126 1087 ποτε
3165 1040 3276 1099 τοῖς
3337 1037 3738 1106 πραττομένοις
3796 1044 3872 1096 τὸν

2304 1122 2605 1197 Ἀστύριον,
2639 1125 2732 1179 καὶ
2774 1125 2834 1179 τὸ
2863 1128 3095 1197 πρᾶγμα
3122 1128 3675 1198 καταπληττομένους
3712 1130 3873 1188 ξδόθτα

2304 1219 2427 1280 τοὺς
2442 1217 2686 1281 πολλοὺς,
2714 1219 2978 1289 οἰκτεῖραι
3007 1219 3107 1289 τῆς
3131 1219 3356 1291 πλάνης,
3390 1223 3637 1276 κᾶπειτα
3661 1226 3872 1281 ἀνανεύ-

2305 1326 2472 1363 σαντα
2514 1312 2591 1374 είς
2637 1310 2882 1381 οὐρανὸν,
2924 1312 3195 1367 ἱκετεῦσαι
3244 1315 3331 1369 διὰ
3378 1316 3627 1388 Χριστοῦ
3679 1318 3766 1371 τὸν
3789 1321 3871 1373 ἐπὶ

2302 1400 2518 1453 πάντων
2543 1398 2693 1465 θεὸν,
2728 1402 2787 1453 τὸ
2812 1402 3107 1457 λαοπλάνον
3140 1405 3411 1477 δαιμόνιον
3447 1408 3750 1476 ἀπελέγξαι
3788 1413 3872 1464 καὶ

2301 1493 2506 1545 παῦσαι
2539 1491 2639 1563 τῆς
2669 1491 2778 1545 τῶν
2804 1494 3104 1565 ἀνθρώπων
3138 1497 3370 1569 ἀπάτης.
3403 1498 3599 1554 Ταῦτα
3628 1500 3685 1553 δέ
3723 1519 3871 1571 φασιν

2300 1582 2615 1654 εὐξαμένου,
2663 1583 2873 1656 ἁθρόως
2920 1584 2981 1638 τὸ
3021 1587 3211 1657 ἱερεῖον
3245 1589 3580 1644 ἐπιπολάσαι
3623 1594 3742 1654 ταῖς
3778 1610 3871 1663 πη-

2298 1680 2441 1744 γαῖς.
2473 1678 2628 1731 Οὕτω
2654 1696 2714 1731 τε
2748 1679 2929 1743 αὐτοῖς
2969 1679 3028 1733 τὸ
3070 1683 3368 1752 παράδοξον
3396 1684 3672 1754 οἴχεσθαι,
3722 1685 3869 1756 μηδεέ

2300 1769 2388 1834 νὸς
2411 1772 2605 1842 μηκέτι
2629 1771 2904 1842 θαύματος
2938 1774 3062 1845 περὶ
3090 1774 3179 1828 τὸν
3214 1778 3378 1829 τόπον
3403 1777 3702 1847 γενομένου
3728 1823 3739 1836 .

2810 1956 3206 2015 ΚΕΦΑΛΑΙΗΝ
3235 1964 3339 2016 IH'.

2438 2048 2578 2119 Περὶ
2612 2049 2728 2122 toﬁ,
2746 2051 3097 2119 ἀνδριάντος
3140 2048 3212 2107 οὗ
3261 2056 3299 2120 ἡ
3331 2046 3743 2122 αίμερῤοοῦσα

2622 2120 2963 2189 ἀνέστησεν
2981 2122 3115 2191 (Nic.
3150 2124 3217 2177 ΙΙ.
3253 2124 3319 2178 Ε.
3360 2120 3431 2191 vi,
3460 2120 3579 2187 15).

2371 2212 2510 2266 Ἀλλ’
2541 2214 2726 2284 ἐπειδὴ
2755 2214 2914 2284 τῆσδε
2952 2217 3050 2287 τῆς
3080 2214 3285 2280 πόλεως
3312 2218 3393 2280 εἰς
3428 2218 3658 2289 μνήμην
3690 2218 3866 2289 ἐλήλυ-

2301 2303 2387 2367 θα,
2427 2306 2526 2357 οὐκ
2554 2304 2698 2370 ἄξιον
2737 2305 2974 2376 ἡγοῦμαι
3020 2307 3305 2378 παρελθεῖν
3342 2309 3603 2381 διήγησιν
3642 2310 3733 2363 καὶ
3767 2316 3867 2376 τοῖς

2303 2398 2420 2468 μεθ’
2454 2400 2602 2468 ἡμᾶς
2642 2398 3071 2469 μνημονεύεσθαι
3118 2400 3291 2464 ἀξίαν.
3330 2401 3439 2473 Τὴν
3476 2403 3591 2476 γάρ
3624 2406 3868 2475 αἱμορρο-

2298 2484 2462 2543 οῦσαν
2490 2488 2598 2558 (60)
2626 2490 2691 2559 ἢν
2736 2490 2801 2542 ὲκ
2845 2488 2953 2542 τῶν
3002 2490 3161 2561 ἱερῶν
3204 2491 3556 2560 Εὐαγγελίων
3604 2494 3738 2563 πρὸς
3782 2493 3864 2547 τοῦ

2302 2580 2550 2651 Σωτῆρος
2577 2579 2731 2650 ἡμῶν
2764 2579 2854 2631 τοῦ
2886 2579 3093 2644 πάθους
3118 2580 3438 2653 ἀπαλλαγὴν
3469 2582 3736 2654 εὕρασθαι
3777 2601 3863 2653 με·

2303 2670 2646 2742 μαθηκαμεν,
2698 2670 2905 2724 ἐνθένδε
2951 2670 3133 2739 ἔλεγον
3171 2673 3463 2742 ὁρμᾶσθαι,
3523 2675 3615 2727 τόν
3648 2692 3705 2727 τε
3732 2670 3862 2727 οἶκον

2299 2763 2467 2831 αὐτῆς
2493 2763 2585 2814 ἐπὶ
2611 2766 2707 2832 τῆς
2736 2762 2941 2825 πόλεως
2968 2762 3294 2826 δείκνυσθαι,
3347 2764 3440 2818 καὶ
3490 2769 3593 2837 τῆς
3643 2767 3744 2818 ὑπὸ
3780 2765 3862 2817 τοῦ

2301 2852 2550 2922 Σωτῆρος
2578 2854 2658 2913 εἰς
2686 2850 2855 2922 αὐτὴν
2876 2852 3190 2922 εὐεργεσίας
3208 2853 3498 2923 θαυμαστά
3521 2857 3753 2927 τρόπαια
3774 2875 3859 2910 πα-

2302 2946 2575 3017 ραμένειν.
2620 2944 2869 2997 Ἐστάναι
2914 2944 3021 3017 γὰρ
3053 2947 3137 3014 ἐφ’
3172 2945 3374 3017 ὑψηλοῦ
3419 2946 3573 3000 λίθου
3618 2948 3747 3018 πρὸς
3775 2948 3860 3017 μὲν

2299 3041 2419 3101 ταῖς
2470 3036 2662 3099 πύλαις
2702 3035 2795 3089 τοῦ
2839 3036 3006 3107 αὐτῆς
3034 3037 3215 3099 οἴκου,
3261 3040 3518 3105 γυναικὸς
3577 3039 3860 3109 ὲκτύπωμα

623 3128 889 3183 columnae
926 3127 1151 3197 lapideae
1196 3128 1479 3196 imposita,
1525 3125 1756 3196 genibus
1790 3122 1946 3180 ﬂexis
1981 3134 2196 3195 proten-

2300 3128 2525 3199 χάλκεον
2552 3130 2643 3183 ἐπὶ
2677 3130 2811 3197 γόνυ
2840 3129 3176 3201 κεκλιμένον,
3220 3132 3313 3185 καὶ
3342 3132 3665 3202 τεταμέναις
3692 3132 3779 3185 ἐπὶ
3808 3131 3859 3182 τὸ

621 3222 809 3291 sisque
864 3220 1112 3275 manibus
1172 3220 1345 3274 instar
1398 3218 1769 3287 supplicantis.
1828 3216 1905 3271 Ex
1970 3218 2198 3271 adverso

622 3321 803 3365 autem
856 3308 1064 3379 eﬂigies
1112 3310 1215 3363 viri
1273 3323 1341 3365 ex
1403 3309 1593 3364 eodem
1648 3308 1865 3364 metallo
1926 3309 2195 3374 conﬂata,

623 3400 817 3455 stantis
886 3416 952 3454 ac
1007 3398 1243 3470 diploide
1295 3400 1553 3455 decenter
1592 3398 1806 3463 induti,
1866 3412 2198 3468 manumque

624 3490 838 3546 mulieri
886 3491 1233 3562 porrigentis.
1286 3490 1366 3544 Ad
1413 3488 1568 3556 cuius
1612 3490 1776 3559 pedes
1822 3490 1874 3544 in
1923 3491 2036 3559 ipsa
2079 3489 2196 3543 basi

626 3584 808 3655 ignota
839 3586 1082 3654 quaedam
1125 3584 1274 3638 nasci
1316 3584 1517 3639 dicitur
1556 3581 1781 3653 planta:
1811 3597 1931 3651 qua:
1968 3582 2035 3636 ad
2077 3581 2199 3635 lim-

626 3675 801 3732 briam
846 3691 1019 3745 usque
1059 3689 1222 3729 tenete
1254 3674 1509 3745 diploidis
1548 3689 1835 3743 assurgens
1868 3672 2197 3743 depellendis

626 3769 804 3825 omnis
848 3768 1061 3839 generis
1105 3768 1309 3823 morbis
1361 3768 1843 3837 prmsentissimum
1895 3765 2193 3819 remedium

622 3869 727 3915 est.
789 3856 938 3912 Hanc
984 3867 1217 3912 statuam
1266 3855 1393 3912 Jesu
1448 3857 1651 3913 Christi
1696 3858 1929 3928 speciem
1992 3856 2197 3911 referre

623 3950 861 4005 aiebant.
902 3949 1098 4003 Mansit
1146 3962 1307 4017 porro
1350 3948 1417 4000 ad
1468 3958 1653 4002 nostra
1706 3962 1875 4017 usque
1912 3956 2191 4017 tempora:

624 4056 831 4112 nosque
860 4042 995 4096 adeo
1025 4042 1212 4094 urbem
1258 4036 1402 4092 illam
1441 4040 1670 4108 ingressi
1700 4079 1715 4103 ,
1764 4040 1937 4107 ipsam
1969 4056 2195 4110 conspeo

624 4134 821 4188 ximus.
862 4131 971 4187 Nec
1006 4146 1132 4185 vero
1183 4131 1488 4185 mirandum
1534 4140 1654 4197 est,
1684 4130 1910 4202 gentiles
1936 4147 1966 4185 a
1994 4132 2197 4187 Serva-

626 4229 743 4275 tore
772 4230 958 4274 nostro
990 4219 1265 4273 beneﬁciis
1293 4219 1517 4274 allectos
1558 4220 1672 4273 haac
1709 4222 2045 4290 praestitisse,
2072 4237 2193 4275 cum

627 4322 679 4368 et
712 4314 1077 4382 apostolorum
1124 4310 1271 4365 Petri
1324 4325 1389 4365 ac
1432 4310 1618 4376 Pauli,
1667 4314 1978 4382 Christique
2024 4315 2195 4383 ipsius

628 4404 798 4473 pictas
830 4404 1112 4473 imagines,
1142 4404 1208 4455 ad
1232 4412 1475 4456 nostram
1519 4418 1692 4471 usque
1726 4404 2042 4458 memoriam
2077 4420 2195 4459 ser-

2302 3220 2534 3291 πρόσθεν
2579 3223 2699 3283 ταῖς
2745 3222 2953 3290 χερσὶν,
2998 3218 3312 3294 ἱκετευούσῃ
3342 3221 3540 3285 ἐοικός.
3584 3220 3780 3273 Τούτου
3812 3220 3859 3271 δὲ

2298 3314 2556 3385 ἄντικρυς
2584 3312 2708 3367 ἄλλο
2735 3314 2835 3383 τῆς
2866 3314 3033 3383 αὐτῆς
3053 3312 3186 3384 ὕλης
3217 3314 3409 3385 ἀνδρὸς
3438 3315 3620 3385 ὄρθιον
3670 3314 3855 3383 σχῆμα,

2296 3402 2536 3457 διπλοΐδα
2566 3404 2805 3471 κοσμίως
2848 3402 3137 3473 περιϐεϐλη
3148 3403 3326 3469 μένον,
3368 3406 3460 3456 καὶ
3486 3403 3587 3471 τὴν
3612 3405 3762 3471 χεῖρα
3798 3404 3856 3468 τῇ

2296 3496 2513 3562 γυναικὶ
2544 3495 2839 3562 προτεῖνον,
2874 3482 2936 3543 οῦ
2972 3490 3121 3561 παρά
3156 3493 3267 3552 τοῖς
3310 3490 3467 3543 ποσὶν
3494 3492 3591 3543 ἐπὶ
3622 3491 3717 3557 τῆς
3746 3490 3857 3558 στή-

2295 3588 2392 3659 λης
2436 3589 2625 3656 αὐτῆς,
2670 3586 2820 3652 ξένον
2859 3603 2909 3638 τι
2959 3583 3186 3655 βοτάνης
3231 3578 3367 3647 εἶδος
3422 3584 3599 3652 φύειν,
3644 3583 3671 3635 ὃ
3716 3581 3859 3652 μέχρι

2296 3682 2388 3735 τοῦ
2425 3680 2730 3753 κρασπέδου
2774 3680 2874 3750 τῆς
2905 3676 2998 3731 τοῦ
3033 3677 3233 3747 χαλκοῦ
3254 3676 3519 3741 διπλοΐδος
3557 3673 3707 3730 ἀνιὸν
3734 3672 3853 3743 (6i),

2296 3770 2735 3843 ἀλεξιφάρμακόν
2773 3787 2826 3821 τι
2876 3769 3143 3822 παντοίων
3200 3768 3519 3838 νοσημάτων
3560 3767 3853 3836 τυγχάνειν.

2298 3862 2497 3918 Τοῦτον
2546 3862 2603 3915 δὲ
2650 3861 2740 3915 τὸν
2782 3858 3075 3931 ἀνδριάντα
3112 3859 3294 3913 είκόνα
3338 3858 3430 3912 τοῦ
3472 3858 3648 3931 Ἰησοῦ
3690 3854 3854 3927 φέρειν

2296 3952 2499 4021 ελεγον.
2528 3953 2748 4022 Ἔμεινε
2773 3951 2828 4002 δὲ
2852 3950 2943 4003 καὶ
2970 3951 3048 4013 εἰς
3075 3950 3238 4021 ἡμᾶς,
3267 3949 3342 4014 ὡς
3367 3951 3459 4003 καὶ
3482 3950 3604 4019 ὄψει
3632 3944 3854 4019 παραλι-

2298 4044 2410 4097 6εῐν
2438 4043 2879 4113 ἐπιδημήσαντας
2902 4041 3098 4103 αὐτοὺς
3122 4044 3186 4112 τῇ
3209 4041 3379 4095 πόλει.
3421 4042 3531 4095 Καὶ
3562 4036 3854 4111 θαυμαστὸν

2296 4136 2445 4189 οὐδὲν
2487 4136 2610 4197 τοὺς
2644 4132 2812 4186 πάλαι
2844 4131 2903 4195 ἐξ
2937 4128 3105 4183 ἐθνῶν
3129 4131 3579 4202 εὐεργετηθέντας
3617 4129 3744 4201 πρὸς
3769 4120 3851 4178 τοῦ

2297 4230 2545 4299 Σωτῆρος
2570 4225 2746 4296 ἡμῶν,
2775 4224 2943 4281 ταῦτα
2969 4225 3341 4294 πεποιηκέναι,
3369 4224 3457 4275 ὅτε
3483 4222 3575 4275 καὶ
3606 4221 3711 4275 τῶν
3738 4220 3851 4271 ἀπο-

2299 4320 2499 4373 στόλων
2544 4318 2709 4371 αὐτοῦ
2748 4317 2845 4380 τὰς
2885 4318 3096 4380 εἰκόνας
3130 4315 3340 4369 Παύλου
3377 4315 3492 4388 καὶ.⁴
3516 4314 3740 4386 Πέτρου,
3769 4306 3851 4360 καὶ

2299 4406 2462 4459 αὐτοῦ
2513 4406 2578 4476 δὴ
2628 4403 2722 4457 τοῦ
2772 4404 3028 4475 Χριστοῦ,
3079 4404 3165 4458 διὰ
3192 4404 3496 4476 χρωμάτων
3542 4405 3601 4456 ὲν
3636 4400 3849 4473 γραφαῖς

628 4506 779 4553 vatas
818 4496 871 4550 iu
905 4496 1104 4551 tabulis
1142 4494 1456 4550 viderimus.
1492 4494 1698 4565 Quippe
1724 4494 1887 4566 prisci
1930 4495 2040 4561 illi,
2070 4498 2195 4552 abs—

2307 4497 2617 4569 σωζομένας
2670 4499 3053 4571 ἱστορήσαμεν,
3115 4496 3191 4560 ὡς
3250 4496 3395 4558 εἰκὸς
3463 4494 3569 4547 τῶν
3628 4487 3847 4546 παλαιῶν

627 4606 733 4661 que
776 4590 884 4645 ullo
928 4586 1240 4644 discrimine
1284 4594 1508 4642 cunctos
1549 4585 1616 4641 de
1660 4600 1719 4641 se
1783 4590 1919 4641 bene
1969 4589 2191 4643 meritos

629 4676 815 4746 gentili
853 4677 1088 4746 quadam
1135 4674 1527 4730 consuetudine
1570 4684 1835 4745 tauquam
1888 4685 2193 4730 servatores

630 4770 805 4823 colere
844 4768 1156 4839 hujusmodi
1195 4768 1494 4822 honoribus
1531 4778 1939 4823 consueverant.

625 4881 801 4936 culum
822 4880 1103 4951 [adet-otia,
1128 4882 1384 4938 Iordanis
1410 4882 1647 4951 deinceps
1670 4883 1987 4950 appellatur.
2015 4883 2186 4939 Porro

627 4952 680 5024 in
709 4955 1091 5024 manuscriptis
1119 4955 1395 5009 codicibus
1433 4952 1592 5013 Μία..
1623 4952 1759 5007 Med.
1795 4969 1858 5008 ac
1903 4954 2036 5009 Fuk.
2075 4957 2187 5008 Πα-

624 5022 737 5075 νίου
768 5023 929 5095 ὅρους
961 5022 1239 5090 scribitur,
1280 5040 1386 5079 non
1438 5038 1536 5093 per
1566 5024 1981 5095 diphthongum,
2039 5038 2095 5080 ut
2134 5030 2188 5081 in

626 5094 813 5149 codice
844 5094 1031 5163 Regio.

698 5163 809 5236 (59)
833 5162 1095 5235 Σφὰγιόν
1118 5181 1172 5219 τι
1202 5165 1697 5220 καταϐάλλεσθαι.
1742 5162 1997 5218 Solebant
2018 5166 2191 5234 genti-

626 5233 708 5289 les
729 5233 982 5305 inlorites
1008 5253 1070 5290 ac
1092 5247 1282 5305 puteos
1315 5252 1449 5305 quos
1470 5236 1742 5297 colebant,
1771 5233 2193 5301 victintas’jace-

628 5320 710 5378 re.
728 5304 1167 5378 HinePubliCOIa
1196 5304 1866 5378 interrogatAugustinum
1892 5305 1944 5359 in
1972 5307 2195 5378 epistola

628 5376 751 5441 l53,
790 5378 834 5431 si
869 5376 991 5431 licet
1015 5378 1083 5431 de
1115 5378 1261 5430 fonte
1285 5375 1499 5439 bibere,
1540 5375 1625 5431 vel
1653 5378 1718 5431 de
1757 5386 1943 5445 puteo,
1988 5376 2075 5430 ubi
2131 5379 2197 5433 de

628 5448 899 5502 sacrilicio
928 5448 1127 5515 aliquid
1160 5445 1383 5500 missum
1417 5455 1522 5501 est.

696 5518 811 5589 (60)
848 5517 967 5586 Τὴν
990 5514 1101 5587 γὰρ
1122 5517 1583 5586 αίμοῤῥοοῦσαν.
1613 5514 1824 5569 Citatur
1852 5515 1938 5569 hic
1976 5515 2190 5589 Eusebii

628 5585 857 5659 loc‘us'in
896 5585 1125 5657 septima
1150 5585 1375 5659 synodo,
1398 5592 1614 5659 actione
1641 5595 1855 5659 quarta,
1900 5601 2021 5655 pag.
2044 5587 2189 5659 7508.

627 5655 763 5731 Vide
797 5674 915 5731 qua:
944 5655 1545 5731 narratPhilostorgius
1580 5658 1632 5711 in
1657 5656 1748 5710 lib.
1786 5670 2019 5724 vu,cap.
2042 5658 2098 5723 5,
2136 5668 2190 5712 et

626 5742 695 5781 ex
724 5728 811 5782 illo
841 5728 1194 5798 Nicephorius.

698 5798 811 5870 (61)
848 5796 1036 5870 Μέχρι
1090 5800 1195 5855 τοῦ
1229 5796 1665 5867 κρασπέδου....
1714 5798 1922 5870 ἁνιόν.
1964 5796 2190 5852 Rulinus

628 5869 983 5926 hunclocum
1044 5873 1118 5926 ita
1174 5870 1463 5935 intellexit,
1512 5871 1667 5932 quasi
1703 5871 1880 5924 t‘lauta
1914 5869 2005 5922 illa
2064 5879 2190 5922 tunc

2297 4587 2730 4661 ἀπαραλλάκτως
2773 4587 2881 4659 (62)
2939 4580 3025 4639 οἷα
3080 4588 3326 4658 σωτῆρας
3373 4583 3555 4652 ἐθνικῇ
3617 4575 3850 4649 συνηθείᾳ

2297 4677 2425 4747 παρ’
2456 4677 2665 4737 ἑαυτοῖς
2698 4674 2882 4726 τοὶτον
2915 4674 3076 4743 τιμᾴν
3097 4670 3361 4721 εἰωθότων
3388 4666 3475 4718 τὸν
3499 4666 3715 4736 τρόπον.

2295 4887 2511 4941 demum
2548 4883 2735 4939 eﬂicax
2766 4884 2831 4938 ad
2866 4885 3138 4939 sanandos
3175 4886 3393 4938 morbos
3420 4897 3539 4937 esse
3564 4881 3841 4947 iurisperit,

2296 4966 2579 5026 postquam
2620 4955 2684 5026 ad
2712 4954 2980 5009 ﬁmbriam
3005 4970 3178 5023 usque
3209 4954 3532 5026 Dominich
3559 4953 3740 5026 vestis
3762 4962 3843 4999 ex—

2298 5020 2584 5081 crevisset.
2621 5024 2793 5090 Quem
2830 5040 3049 5078 sensum
3082 5020 3305 5079 secutus
3345 5033 3429 5075 est
3476 5020 3838 5088 Christupbor—

2298 5111 2485 5169 sonus.
2517 5104 2573 5169 ct
2600 5105 2727 5148 ante
2776 5094 2923 5148 illum
2957 5095 3319 5169 Nicephorus.
3351 5093 3455 5147 Sed
3523 5104 3703 5169 tamen
3732 5098 3838 5169 cui"

2298 5166 2353 5220 id
2384 5165 2647 5219 Eusebius
2678 5177 2865 5231 aperte
2896 5182 2999 5218 non
3032 5165 3199 5227 dicat,
3233 5167 3461 5232 quisque
3503 5178 3599 5233 pro
3630 5165 3840 5233 arbitrio

2299 5250 2401 5291 suo
2424 5244 2643 5289 statuet.
2682 5225 2812 5288 Mihi
2866 5225 3199 5302 probabilius
3253 5225 3737 5302 vitle'ttir,'itlcirco
3784 5225 3840 5276 ab

2298 5305 2533 5361 Eusebio
2558 5300 2877 5359 nominatim
2911 5310 3010 5361 hoc
3036 5305 3275 5358 additum
3313 5303 3497 5367 fuisse,
3518 5302 3654 5369 quod
3684 5300 3837 5370 plallla

2298 5375 2388 5429 illa
2414 5391 2578 5444 supra
2622 5375 2892 5447 [itubriam
2930 5376 3227 5429 Dominicae
3258 5377 3557 5447 vestisgnou
3612 5379 3839 5447 assurge-

2300 5459 2433 5512 ret,
2479 5446 2635 5513 quasi
2699 5446 2841 5500 hanc
2898 5446 3259 5500 reverentiam
3306 5445 3568 5498 exhibens
3620 5444 3834 5495 Dmuillo-

2294 5518 2472 5583 Atque
2500 5519 2570 5570 ita
2606 5519 2746 5569 hunc
2772 5517 2948 5570 locum
2978 5516 3183 5583 accepit
3219 5516 3384 5569 etiam
3408 5514 3757 5584 Nicephords,
3788 5513 3837 5557 υι

2296 5586 2478 5640 videre
2506 5596 2587 5639 est
2623 5586 2675 5639 in
2717 5600 2834 5654 cap.
2868 5587 2935 5640 15
2959 5588 3050 5640 lib.
3087 5601 3161 5639 νι.

2366 5656 2477 5725 (62)
2521 5640 3107 5724 Ἀπαραλζίάκτωςλη
3136 5655 3291 5710 codd.
3320 5653 3692 5725 Regio,’Maz_,,
3722 5640 3833 5725 Euk.

2294 5722 2679 5795 elg‘Savilianu
2750 5728 3009 5781 scribitur
3084 5722 3585 5797 ἁπαραφυλάκτως.
3639 5722 3837 5797 [inlimis

2294 5792 2459 5851 vertit
2490 5798 2870 5865 indifferenter.
2901 5798 3053 5861 Quod
3081 5840 3094 5857 ,
3146 5792 3346 5867 inquit,
3392 5798 3520 5849 mihi
3555 5792 3837 5867 videturne?

2292 5868 2553 5928 qentililia
2587 5857 2959 5923 c'ortsuetudiu'e
2986 5857 3350 5931 indiﬂ'ere'uler
3395 5876 3720 5923 usurpatum.
3746 5857 3836 5919 Εευ
