4114 6406
327 355 330 358 ’
349 346 463 401 683

1350 343 1694 402 HISTORIA“.
1735 339 2288 401 ECCLESIASTICJ‘I
2328 342 2456 398 LIB.
2498 342 2608 397 ΥΠ.

3477 346 3576 399 686

348 458 550 528 όμενος
591 459 618 508 ό
667 453 879 527 Ἰσραὴλ
917 453 1087 519 οὕτως
1134 455 1400 526 ὲδίψησεν,
1448 457 1521 520 ὡς
1555 457 1785 510 Μωῦσοῦ
1827 459 1911 528 μὲι

2029 473 2113 521 ne,
2141 472 2236 527 per
2267 471 2428 526 quam
2461 456 2563 510 iter
2582 455 2841 512 facientes
2871 457 3126 512 lsraelitae
3161 467 3306 515 tanta
3334 465 3577 532 oppressi

349 544 646 615 καταὸοᾷν,
679 546 868 614 ῥυῆναι
913 544 957 597 δ’
991 545 1171 608 αὐτοῖς
1199 546 1346 616 παρὰ
1375 546 1466 599 τοῦ
1498 547 1771 617 θαυμάσια
1807 567 1922 602 ποι-

347 637 539 699 οῦντος
575 636 735 706 μόνου
773 638 837 689 ἐκ
866 636 1066 706 πέτρας
1111 637 1411 708 ἀκροτόμου
1454 639 1612 692 ποτόν
1636 656 1649 669 ·
1705 640 1832 693 ποτὲ
1865 641 1920 694 δὲ

344 728 604 782 τοσοῦτον
636 729 988 800 ὲπλήμμυρεν
1020 729 1151 799 (79.),
1185 729 1260 792 ὡς
1283 732 1458 783 πᾶσαν
1480 731 1574 801 τὴν
1599 733 1918 803 περίχωρον,

347 821 451 884 τὰς
481 838 539 873 τε
567 820 715 884 ὁδοὺς
763 822 855 873 καὶ
892 821 1016 883 τοὺς
1059 821 1259 891 ἀγροὺς
1290 821 1670 885 ὲπικλύσαντα,
1700 826 1798 894 τῆς
1829 825 1921 876 ἐπὶ

346 911 476 963 Νῶε
498 911 793 982 γενομένης
817 910 911 964 τοῦ
941 911 1128 975 ὓδατος
1155 913 1324 983 φορᾶς
1348 914 1643 981 ἐπαγαγεῖν
1670 915 1917 985 ἀπειλήν·

345 1003 438 1055 ἀεὶ
469 1003 526 1056 δὲ
551 1004 740 1074 αἵματι
760 1003 854 1056 καὶ
888 1003 1086 1072 φόνοις,
1112 1005 1204 1056 καὶ
1237 1009 1686 1076 καταποντισμοῖς
1711 1007 1921 1060 κάτεισι

348 1096 743 1166 μεμιασμένος,
792 1094 902 1159 οἶος
951 1096 1054 1149 ὑπὸ
1085 1099 1305 1151 Μωῡσεῖ
1342 1099 1528 1168 γέγονε
1583 1098 1660 1169 τῷ
1701 1099 1917 1171 Φαραὼ.

348 1184 668 1253 μεταϐαλὼν
713 1188 792 1249 εἰς
820 1181 957 1256 αἷμα
982 1187 1074 1242 καὶ
1097 1188 1373 1253 ὲποζέσας.
1412 1192 1518 1244 Καὶ
1549 1196 1697 1245 ποῖον
1727 1192 1918 1261 γένοιτ’

347 1274 418 1328 ἂν
448 1275 540 1327 τοῦ
573 1277 748 1330 πάντα
785 1277 1136 1350 καθαίροντος
1167 1279 1354 1343 ὓδατος
1382 1280 1523 1352 ὕδωρ
1563 1282 1687 1335 ἄλλο
1716 1283 1919 1353 καθάρ-

347 1382 463 1418 σιον
489 1383 502 1430 ;
523 1366 642 1430 Πῶς
664 1367 726 1419 ἂν
748 1369 775 1420 ὁ
793 1366 957 1431 πολὺς
980 1368 1073 1420 καὶ
1091 1369 1390 1441 ἀπέραντος
1412 1372 1716 1445 ἀνθρώποις
1745 1375 1922 1428 Ὠκεα-

345 1459 438 1521 νὸς
460 1458 754 1528 ἐπιχυθεὶς,
792 1459 888 1530 τὴν
919 1459 1120 1531 πικρὰν
1149 1461 1348 1534 ταύτην
1373 1465 1683 1535 ἀποσμήξαι
1719 1464 1917 1519 θάλασ-

349 1566 483 1611 σανς
511 1551 543 1621 ἦ
566 1550 681 1613 πῶς
708 1549 773 1603 ἂν
800 1552 828 1602 ὁ
858 1551 1028 1620 μέγας
1067 1555 1307 1624 ποταμὸς
1345 1558 1372 1609 ὁ
1393 1557 1823 1628 ἐκπορευόμενος
1861 1557 1918 1623 ἐξ

362 1637 542 1708 Ἶεὶδὲμ,
575 1637 671 1702 τὰς
693 1639 960 1710 τέσσαρας
1008 1641 1181 1712 ἀρχὰς
1210 1645 1288 1708 είς
1327 1644 1393 1708 ἃς
1426 1645 1736 1717 ἀφορίζεται
1789 1663 1918 1716 μετ·

348 1730 641 1799 οχετεύσας
670 1732 748 1794 εἰς
769 1730 894 1802 μίαν
917 1731 1009 1784 τοῦ
1035 1733 1206 1802 Γηὼν,
1235 1734 1536 1790 ἀποπλύναι
1555 1735 1614 1789 τὸ
1633 1735 1850 1808 λύθρονς
1884 1736 1914 1808 ἢ

2025 557 2150 601 sunt
2182 546 2297 610 siti,
2325 556 2382 598 lit
2415 545 2675 599 adversus
2701 545 2899 600 Mosem
2930 547 3214 602 vociferari
3242 565 3344 603 non
3371 551 3577 605 desine-

2025 646 2164 702 rent,
2199 638 2375 706 quoad
2413 635 2611 688 virtute
2658 636 2800 689 illius
2826 637 2916 705 qui
2944 638 3089 692 solus
3122 641 3392 695 mirabilia
3428 640 3576 704 facit,

2023 742 2086 780 ex
2117 736 2387 796 praerupta
2429 740 2559 794 rupe
2582 741 2719 794 aqua
2753 726 2882 794 ipsis
2915 727 2979 780 ad
3021 738 3202 794 potum
3235 728 3460 785 efﬂuxit.
3489 729 3578 784 ln-

2025 821 2232 873 terdum
2278 833 2405 873 vero
2447 828 2728 887 tantopere
2777 821 3109 884 exundavit,
3153 828 3209 874 ιιι
3255 823 3580 877 circumsitte

2025 913 2228 984 regioni
2257 913 2466 982 viisque
2492 921 2545 966 et
2578 912 2722 978 agris
2748 911 3000 965 omnibus
3024 912 3340 978 superfusus
3364 953 3377 975 ,
3415 928 3580 981 aqua-

2024 1021 2140 1060 rum
2172 1005 2432 1060 diluvium
2481 1003 2780 1070 cuiusmodi
2827 1003 3158 1070 temporibus
3198 1002 3312 1058 Noe
3362 1005 3573 1066 accidit.

2023 1095 2216 1149 minari
2249 1094 2546 1148 videretur.
2588 1093 2849 1145 Caztcrum
2889 1090 3121 1145 caedibus
3172 1101 3226 1146 et
3271 1108 3480 1157 cruore,
3527 1103 3578 1146 ct

2025 1185 2490 1240 submersionibus
2572 1185 2848 1238 hominum
2923 1185 3192 1238 continuis
3268 1185 3578 1254 inquinatus

2020 1279 2305 1339 evolvitur,
2331 1277 2510 1346 qualis
2532 1276 2656 1330 olim
2687 1291 2714 1329 a
2750 1275 2896 1330 Mosc
2929 1277 3201 1345 priestitus
3233 1285 3315 1331 est
3346 1277 3580 1331 Pharao-

2021 1374 2095 1437 ni,
2141 1373 2192 1425 iu
2243 1369 2558 1440 sanguinem
2611 1383 2905 1423 conversus
2937 1383 3000 1421 ac
3055 1368 3270 1424 fetidus.
3320 1369 3574 1435 Qumuam

2023 1463 2185 1531 igitur
2210 1461 2349 1514 unda
2390 1461 2624 1514 lustrare
2657 1459 2848 1528 poterit
2878 1474 3068 1526 aquam
3109 1473 3212 1527 qua
3245 1459 3424 1512 omnia
3451 1473 3578 1529 pur-

2019 1551 2247 1624 gantur?
2294 1551 2574 1617 Quomodo
2618 1560 2800 1604 vastus
2842 1549 2929 1602 ille
2974 1563 3070 1602 nec
3111 1549 3417 1604 hominibus
3455 1566 3578 1620 per-

2021 1643 2268 1697 meabilis
2306 1642 2589 1707 Oceanus,
2647 1642 2749 1696 hoc
2789 1657 3032 1694 amarum
3077 1640 3297 1709 pelagus
3343 1657 3574 1710 unquam

2022 1733 2367 1788 absterserit?
2391 1733 2496 1787 Aut
2525 1731 2790 1802 quomodo
2834 1733 3019 1801 ingens
3061 1711 3364 1786 ille'lluvius
3388 1732 3476 1800 qui
3511 1747 3573 1785 ex

352 1826 482 1878 πότε
528 1828 558 1879 ό
595 1825 958 1897 τεθολωμένος
1005 1827 1108 1880 ὑπὸ
1149 1829 1257 1881 τῶν
1296 1831 1542 1900 πονηρῶν
1587 1829 1911 1898 πανταχόθεν

2020 1826 2164 1882 Edcu
2193 1825 2428 1893 profluit,
2463 1825 2672 1879 etiamsi
2697 1834 2928 1893 quatuor
2963 1823 3078 1877 illos
3117 1825 3167 1877 in
3211 1840 3345 1894 quos
3384 1825 3575 1880 dividi-

348 1915 760 1986 ἀναθυμιάσεων
786 1917 913 1989 ἀὴρ,
951 1917 1242 1990 εἰλικρινὴς
1267 1920 1508 1986 γένοιτο;
1543 1919 1779 1972 Τοιοῦτοι
1807 1920 1913 1992 γὰρ

348 2007 459 2059 ἀπὸ
491 2009 588 2076 τῆς
613 2009 715 2076 γῆς
747 2007 930 2077 ἀτμοὶ,
965 2008 1060 2060 καὶ
1090 2009 1197 2062 ἀπὸ
1221 2009 1492 2080 Θαλάσσης
1519 2010 1728 2079 ἄνεμοι,
1758 2027 1915 2064 ποτα-

351 2098 468 2168 μῶν
489 2116 545 2150 τε
575 2095 734 2167 αὖραι
764 2100 856 2152 καὶ
884 2099 1115 2171 λιμένων
1134 2101 1416 2172 ἀνιμήσεις
1445 2101 1819 2165 ἀποπνέουσιν,
1840 2101 1914 2164 ὡς

349 2189 672 2259 σηπομένων
712 2191 769 2242 ὲν
809 2193 940 2244 πᾶσι
968 2194 1076 2255 τοῖς
1107 2192 1482 2262 ὑποκειμένοις
1521 2192 1800 2261 στοιχείοις
1828 2209 1914 2247 νε-

348 2281 500 2352 κρῶν
526 2280 724 2352 ἰχῶρας
748 2276 884 2335 εἶναι
912 2281 1008 2345 τὰς
1030 2282 1268 2353 δρόσους.
1307 2278 1437 2334 Εἶτα
1469 2282 1800 2352 θαυμάζουσι
1821 2284 1913 2336 καὶ

343 2371 680 2442 διαποροῦσι,
729 2371 888 2425 πόθεν
932 2373 980 2424 οἱ
1023 2375 1261 2442 συνεχεῖς
1299 2371 1473 2441 λοιμοὶ
1503 2373 1636 2443 (75),
1663 2373 1824 2426 πόθεν
1859 2374 1913 2427 αἱ

347 2462 586 2533 χαλεπαὶ
607 2463 770 2527 νόσοι,
809 2462 969 2516 πόθεν
1000 2466 1053 2516 αἱ
1085 2464 1418 2517 παντοδαπαὶ
1449 2465 1662 2536 φθοραὶ,
1699 2465 1858 2518 πόθεν
1886 2467 1914 2517 ὁ

348 2555 592 2618 ποικίλος
636 2557 728 2609 καὶ
763 2556 926 2618 πολὺς
957 2554 1064 2608 τῶν
1093 2554 1389 2626 ἀνθρώπων
1443 2555 1692 2628 ὄλεθρος·
1745 2557 1829 2610 διὰ
1863 2557 1912 2609 τί

351 2647 548 2717 μηκέτι
587 2647 834 2700 τοσοῦτον
859 2647 1058 2718 πλῆθος
1098 2649 1392 2721 οἰκητόρων
1422 2650 1454 2718 ἡ
1488 2648 1716 2718 μεγίστη
1761 2648 1914 2712 πόλις

346 2742 407 2792 ὲν
453 2741 588 2811 αὐτῇ
620 2739 794 2811 φέρει,
834 2739 943 2793 ἀπὸ
967 2741 1173 2812 νηπίων
1207 2740 1484 2812 ἀρξαμένη
1518 2741 1719 2793 παίδων
1755 2739 1914 2812 μέχρι

345 2831 456 2886 τῶν
486 2833 563 2895 είς
593 2834 758 2905 ἄκρον
784 2832 1183 2901 γεγηρακότων,
1213 2833 1366 2894 ὅσους
1401 2831 1778 2902 ὠμογέροντας
1803 2822 1912 2901 (74)

346 2922 442 2986 οὓς
475 2923 656 2976 ἐκάλει
683 2925 944 2998 πρότερον
966 2925 1124 2988 ὄντας
1148 2923 1368 2995 ἔτρεφεν
1393 2940 1406 2953 ·
1442 2921 1556 2976 ἀλλ’
1589 2925 1636 2975 oi
1659 2939 1915 2994 τεσσαρα-

347 3016 628 3070 γοντοῦται
672 3019 766 3070 καὶ
801 3018 960 3088 μέχρι
1007 3016 1112 3071 τῶν
1144 3017 1507 3088 ἐϐδομήκοντα
1547 3015 1704 3080 ἐτῶν,
1732 3014 1916 3069 τοσοῦ-

347 3125 438 3160 cev
469 3109 706 3172 πλείονες
737 3109 879 3175 τότε,
922 3110 1058 3163 ὥστε
1109 3108 1180 3180 μὴ
1219 3108 1657 3182 συμπληροῦσθαι
1698 3107 1790 3161 νῦν
1823 3109 1911 3162 τὸν

349 3192 577 3264 ἀριθμὸν
619 3195 796 3247 αὐτῶν
821 3196 1340 3267 προσεγγραφέντων
1364 3201 1456 3251 καὶ
1475 3196 1911 3265 ’συγκαταλεγέν-

350 3301 456 3338 των
492 3287 572 3350 είς
597 3286 657 3339 τὺ
690 3287 940 3358 δημόσιον
984 3289 1305 3360 σιτηρέσιον,
1350 3289 1458 3342 τῶν
1487 3289 1593 3344 ἀπὸ
1622 3307 1912 3360 τεσσαρεσ-

348 3375 571 3428 καίδεκα
609 3377 741 3430 ἐτῶν
775 3378 932 3449 μέχρι
963 3378 1069 3432 τῶν
1093 3379 1449 3451 ὀγδοήκονταο
1503 3381 1593 3434 καὶ
1628 3382 1910 3449 γεγόνασιν

347 3463 457 3521 οἷον
485 3467 767 3539 ἡλικιῶται
803 3470 909 3522 τῶν
954 3471 1120 3524 πάλαι
1163 3473 1517 3544 γεραιτάτων,
1566 3475 1612 3525 οἱ
1643 3473 1760 3542 ὄψει
1784 3472 1914 3526 νεώ-

347 3574 516 3611 τατοι.
566 3559 675 3611 Καὶ
715 3558 857 3612 οὕτω
893 3560 1208 3630 μειούμενον
1252 3561 1336 3614 ἀεὶ
1387 3563 1482 3614 καὶ
1531 3560 1912 3632 δαπανώμενον

346 3648 579 3720 δρῶντες
615 3647 674 3702 τὲ
713 3648 805 3702 ἐπὶ
832 3651 934 3719 γῆς
961 3647 1259 3716 ἀνθρώπων
1296 3649 1468 3718 γένος,
1505 3649 1565 3702 οὐ
1601 3649 1909 3719 τρέμουσιν,

349 3740 642 3810 αὐξομένου
690 3740 784 3793 καὶ
827 3739 1219 3811 προκόπτοντος
1274 3740 1368 3793 τοῦ
1417 3739 1708 3802 παντελοῦς
1736 3739 1910 3792 αὐτῶν

348 3827 674 3902 ἀφανισμοῦ.
705 3849 723 3883 s

2017 1926 2101 1970 tur
2147 1917 2350 1982 alveos,
2407 1916 2460 1970 in
2506 1931 2668 1969 uuum
2711 1915 2910 1970 Geouis
2961 1916 3168 1970 alveum
3216 1916 3573 1977 transfundat,

2017 2017 2221 2062 tantam
2253 2010 2394 2063 hanc
2434 2007 2612 2063 abluet
2651 2007 2900 2060 saniem?
2941 2008 3230 2077 Ecquaudo
3253 2009 3572 2064 scelestissio

2015 2101 2116 2154 mis
2157 2099 2512 2170 undecunque
2551 2100 2839 2169 vaporibus
2880 2100 3227 2157 obnubilatus
3268 2118 3382 2168 aer,
3408 2117 3574 2172 purus

2017 2190 2228 2242 tandem
2258 2205 2590 2258 serenusque
2617 2190 2902 2244 reddetur?
2922 2190 3235 2261 llujusmodi
3269 2193 3411 2247 enim
3439 2193 3574 2248 bali-

2018 2290 2100 2335 tus
2133 2293 2198 2334 ex
2232 2291 2413 2345 terra;
2445 2295 2509 2334 ex
2557 2282 2690 2334 mari
2738 2283 2916 2347 venti;
2965 2299 3029 2336 cx
3063 2283 3370 2338 ﬂuminibus
3404 2298 3571 2348 ειη-ω,

2014 2386 2078 2425 ex
2109 2375 2374 2441 portubus
2418 2374 2672 2442 fuligiues
2715 2376 2944 2444 Spirant,
2989 2387 3047 2432 ιιι
3087 2377 3476 2433 tabescentittm
3521 2379 3571 2432 iu

2014 2464 2266 2516 omnibus
2298 2463 2710 2530 subiacentibus
2734 2465 3018 2520 elementis
3043 2468 3366 2521 cadaverum
3396 2468 3574 2521 sanies

2015 2567 2112 2620 pro
2162 2569 2284 2608 rore
2317 2556 2410 2608 sit.
2455 2555 2519 2608 Et
2564 2565 2685 2625 post
2727 2557 2842 2612 hac
2881 2559 3148 2613 mirantur
3199 2569 3253 2613 et
3295 2559 3574 2629 ambigunt

2016 2645 2281 2710 homines,
2319 2648 2585 2702 undenam
2615 2649 2881 2703 continua:
2916 2660 3112 2718 pestes,
3150 2651 3416 2706 undenam
3452 2667 3572 2721 gra-

2015 2748 2106 2788 ves
2137 2735 2305 2789 morbi
2351 2737 2636 2806 omnisque
2684 2741 2897 2808 generis
2940 2740 3107 2803 labes,
3153 2751 3212 2796 et.
3247 2743 3576 2812 multiplices

2015 2827 2259 2896 variique
2307 2829 2582 2882 hominum
2629 2830 2922 2885 interitus:
2959 2832 3086 2900 quid
3132 2848 3311 2888 causa:
3342 2837 3441 2898 sit,
3478 2853 3575 2890 cur

2015 2918 2146 2972 urbs
2175 2918 2405 2973 maxima
2441 2930 2645 2974 tantum
2677 2922 2875 2976 civium
2901 2940 3183 2978 numerum
3210 2929 3438 2996 amplius
3469 2945 3572 2983 non

2015 3008 2176 3073 ferat,
2210 3011 2422 3066 etiamsi
2463 3012 2529 3064 ab
2563 3013 2692 3080 ipsis
2726 3013 3022 3071 infantibus
3059 3019 3123 3070 ad
3157 3019 3456 3088 decrepitos
3488 3036 3576 3072 us.

2015 3115 2119 3170 que
2142 3115 2300 3155 senes
2334 3111 2705 3168 numerentur,
2737 3118 2866 3173 quot
2893 3113 3048 3160 antea
3077 3109 3275 3162 crudos
3314 3123 3474 3162 senes
3499 3109 3576 3162 sic

2020 3202 2238 3246 vocatos
2285 3193 2436 3247 aluit.
2477 3193 2678 3248 Verum
2732 3205 2856 3250 tunc
2907 3201 3164 3267 temporis
3213 3201 3348 3254 adeo
3394 3201 3575 3270 plures

2018 3293 2173 3338 erant
2205 3286 2644 3355 quadragenarii,
2676 3297 2729 3339 et
2757 3303 2917 3356 supra
2951 3288 3049 3344 bos
3082 3305 3250 3359 usque
3274 3291 3337 3345 ad
3363 3302 3576 3362 scplua-

2016 3375 2275 3444 gesimum
2301 3378 2475 3431 a-tatis
2506 3393 2706 3432 annum
2745 3383 3047 3448 progressi,
3082 3392 3140 3435 ut
3184 3399 3442 3440 ntnuerus
3483 3402 3576 3441 eo-

2016 3482 2134 3520 rum
2168 3483 2309 3521 nunc
2335 3470 2534 3537 expleri
2567 3487 2670 3525 non
2697 3474 2866 3541 possit
2895 3473 3146 3541 ascriptis
3173 3473 3297 3529 licet
3324 3485 3377 3529 et
3409 3478 3456 3530 in
3492 3477 3573 3530 al-

2013 3557 2138 3610 bum
2165 3557 2346 3613 relatis
2374 3559 2438 3611 ad
2462 3574 2730 3614 annonam
2758 3576 2820 3614 ex
2852 3561 3064 3630 publico
3087 3562 3454 3632 accipiend.nu
3486 3564 3571 3620 bis

2012 3649 2101 3716 qui
2126 3651 2534 3718 quatuordecim
2573 3667 2745 3707 annos
2790 3653 2898 3706 nati
2932 3663 3084 3716 sunt,
3123 3669 3294 3723 usque
3322 3657 3388 3709 ad
3417 3668 3571 3711 octo-

2012 3741 2282 3808 genarios.
2337 3740 2400 3794 Et
2447 3744 2537 3810 qui
2580 3744 2760 3812 specie
2818 3747 2925 3813 ipsa
2981 3746 3366 3800 adolescentuli
3411 3748 3574 3818 268

2011 3840 2158 3896 sunt,
2191 3833 2426 3901 arquales
2453 3835 2851 3902 quodammodo
2879 3852 3022 3890 nunc
3055 3836 3182 3891 facti
3224 3851 3350 3893 sunt
3387 3855 3570 3895 eorum

347 3926 437 3992 qui
476 3925 602 3978 olim
635 3940 790 3979 senes
846 3935 1021 3981 erant.
1051 3926 1290 3995 Cumque
1327 3926 1379 3979 in
1427 3925 1590 3979 terris
1634 3926 1925 3980 humanum
1967 3940 2136 3994 genus
2189 3935 2468 3996 tantopere
2544 3930 2890 3985 imminutum
2935 3941 2989 3985 et
3040 3942 3414 4004 consumptum
3488 3937 3572 3992 vi-

347 4019 536 4083 deant,
582 4027 903 4088 augescente
953 4019 1005 4072 iu
1057 4018 1174 4072 dies
1197 4029 1251 4071 et
1304 4026 1577 4071 crescente
1628 4017 1866 4086 ipsorum
1908 4020 2148 4073 exseidio
2183 4035 2287 4074 ltOu
2322 4022 2720 4076 intremiscunt.
2762 4043 2778 4075 ι

842 4151 1235 4204 ΚΕΦΑΛΑΙΟΝ
1268 4151 1395 4204 KB'.

345 4263 485 4332 Περὶ
524 4261 632 4330 τῆς
669 4264 1085 4333 ἐπισκεψάσης
1110 4267 1298 4320 νόσου
1338 4262 1476 4334 (Nic.
1505 4262 1575 4316 11.
1603 4261 1668 4316 Ε.
1693 4275 1766 4327 vi,
1793 4261 1903 4331 20).

414 4376 567 4430 Μετά
588 4378 756 4432 ταῦτα
781 4377 1029 4450 λοιμικῆς
1055 4378 1142 4431 τὸν
1176 4377 1411 4448 πόλεμον
1437 4377 1792 4448 διαλαὸούσης
1822 4377 1906 4429 νό-

347 4484 460 4533 σοι»,
493 4473 590 4541 τῆς
619 4489 675 4524 τε
708 4472 897 4542 ἑορτῆς
930 4469 1347 4539 πλησιαζούσης,
1381 4465 1535 4533 αὖθις
1565 4467 1653 4520 διὰ
1694 4468 1904 4538 γραφῆς

344 4564 455 4625 τοῖς
479 4561 722 4631 ἀδελφοῖς
744 4562 938 4633 ὁμιλεῖ,
969 4561 1038 4613 τά
1059 4561 1159 4631 τῆς
1181 4562 1460 4631 συμορορᾶς
1489 4560 1906 4630 ὲπισημαινόμε⁹

416 4775 527 4848 (τε)
567 4775 860 4848 Τοσοῦτον
889 4775 1288 4848 exaratam“.
1321 4774 1584 4848 Τοσορτος
1612 4777 1729 4848 eod.
1763 4773 1895 4843 Reg.

346 4845 473 4915 Quae
509 4845 672 4900 lectio
709 4862 812 4900 non
847 4847 1065 4899 omnino
1101 4845 1409 4915 reﬁcienda.
1457 4845 1667 4915 Reliqui
1720 4853 1898 4896 tamen

347 4913 560 4971 codices
583 4915 718 4969 Μαι.
748 4931 810 4968 ae
835 4915 1002 4981 Med.,
1027 4930 1149 4969 cum
1183 4913 1318 4969 Fuk.
1343 4925 1398 4968 et
1421 4914 1614 4980 Savil.,
1639 4915 1899 4982 scriptum

349 4987 548 5042 ltabent
569 4984 838 5039 τοσοῦτον.

418 5056 528 5177 φῇ)
557 5058 620 5108 Ol
653 5053 931 5137 συτςεχρῖς
951 5057 1167 5124 λοιμοί.
1212 5054 1328 5109 Jam
1359 5054 1481 5107 inde
1511 5068 1540 5106 a
1575 5052 1904 5120 temporibus

418 5147 424 5177 ι
449 5127 484 5177 li
505 5135 561 5177 et
586 5123 879 5177 Volusnam.
906 5127 1019 5177 lues
1043 5135 1211 5177 totum
1235 5139 1366 5177 nene
1393 5126 1578 5177 orbem
1604 5122 1901 5174 Romanum

349 5122 484 5181 Galli
505 5122 561 5179 et
586 5122 879 5190 Volusiani,
906 5127 1019 5178 lues
1043 5122 1211 5178 totum
1235 5139 1366 5193 pene
1393 5126 1578 5177 orbem
1604 5122 1901 5193 Romanum

349 5197 596 5249 vastavit.
626 5195 785 5249 Certe
826 5195 1115 5262 EutrOpius
1159 5191 1513 5262 principatum
1550 5193 1686 5245 Galli
1714 5201 1768 5244 et
1803 5191 1906 5244 Vo-

348 5264 539 5319 lusiaui
593 5264 702 5319 sola
748 5261 1051 5332 pestilentia
1093 5261 1274 5316 uotum
1327 5261 1493 5317 fuisse
1544 5263 1692 5315 dicit.
1741 5261 1905 5314 Addit

349 5335 601 5389 Aurelius
632 5333 839 5399 Victor,
861 5332 1012 5387 Gallo
1037 5333 1431 5401 Volusianoque
1466 5332 1703 5385 favorem
1739 5346 1805 5384 ex
1839 5345 1905 5384 eo

350 5404 630 5472 quesitum
676 5403 859 5466 fuisse,
906 5404 1046 5470 quod
1099 5404 1398 5456 tenuissimi
1445 5401 1707 5472 cujusque
1755 5415 1906 5454 exse-

350 5471 505 5542 quias
524 5473 752 5527 sollicite
775 5475 1131 5527 curavissent.
1160 5473 1234 5525 De
1256 5474 1355 5526 hac
1379 5483 1526 5540 peste
1550 5471 1907 5542 Hieronymus

352 5540 404 5595 in
458 5543 715 5595 Chronico
769 5545 839 5596 ita
897 5544 1086 5595 scribit
1131 5556 1274 5596 anno
1316 5548 1489 5608 primo
1540 5543 1672 5608 imp.
1722 5540 1902 5594 Galli:

352 5611 608 5666 Pestilens
637 5614 848 5664 morbus
876 5612 1066 5664 multas
1096 5613 1255 5665 totius
1276 5612 1413 5664 orbis
1437 5611 1729 5677 provincias
1751 5626 1905 5661 octu-

351 5683 515 5750 pavit,
566 5685 892 5752 maximeque
944 5683 1315 5752 Alexandriam
1372 5693 1417 5733 et
1469 5679 1791 5750 zEgyptum;
1855 5691 1910 5730 ut

353 5754 528 5804 scribit
561 5750 864 5820 Dionysius,
890 5761 937 5804 et
966 5750 1215 5820 Cypriani
1241 5755 1305 5803 de
1325 5753 1647 5806 mortalitate
1675 5752 1815 5802 leuis
1837 5761 1908 5801 est

2546 4153 2775 4210 CAPUT
2827 4155 2988 4211 XXII.

2174 4264 2250 4318 De
2269 4265 2445 4319 morbo
2475 4273 2565 4337 qui
2591 4280 2711 4322 tum
2739 4271 2984 4338 temporis
3007 4286 3277 4341 grassatus
3312 4283 3407 4327 est.

2085 4376 2279 4432 Secuta
2308 4380 2501 4435 dehinc
2536 4395 2657 4450 post
2686 4383 2878 4437 bellum
2907 4395 3056 4453 peste
3077 4424 3092 4449 ,
3138 4402 3259 4440 cum
3309 4388 3575 4456 paschalis

2013 4468 2328 4526 solemnitas
2361 4471 2692 4542 immineret,
2719 4475 2915 4528 iterum
2947 4477 3230 4547 Dionysius
3257 4476 3456 4534 fratres
3481 4496 3574 4549 per

2010 4560 2216 4616 litteras
2239 4563 2498 4619 allocutus
2519 4575 2623 4628 est,
2653 4566 2919 4633 inquibus
2944 4567 3266 4622 calamitatis
3289 4568 3430 4624 illius
3458 4585 3573 4624 rua-

2006 4773 2156 4827 libcr.
2183 4771 2376 4847 Postea
2407 4773 2636 4847 Gallieni
2663 4772 2993 4847 temporibus
3039 4773 3156 4828 lues
3183 4774 3378 4847 iteru_m
3414 4793 3566 4847 gras-

2007 4853 2122 4896 sata
2150 4851 2234 4896 est
2269 4840 2452 4895 Roma:
2485 4852 2540 4895 et
2579 4843 2631 4896 iu
2669 4844 2980 4907 provinciis,
3012 4852 3069 4897 ut
3097 4847 3286 4899 scribit
3312 4840 3481 4902 Pollio
3512 4850 3564 4902 iu

2008 4911 2268 4971 Gallieno,
2291 4921 2343 4964 et
2364 4911 2612 4964 Aurelius
2647 4912 2848 4968 Victor.

2077 4981 2188 5053 (74)
2226 4979 2668 5056 Ὠμοτέρονταςτ
2699 4981 3036 5035 Alexandria:
3089 4983 3460 5056 ὠμογέροντες
3490 4987 3572 5040 di-

2006 5055 2267 5125 cebautur
2292 5068 2321 5102 a
2345 5052 2763 5125 quadragesimo
2786 5066 2925 5125 anno
2949 5068 3118 5120 usque
3142 5052 3210 5107 ad
3235 5052 3571 5125 septuagesi-

2010 5136 2177 5193 mum.
2204 5119 2402 5193 l§orum
2436 5124 2658 5193 nomina
2703 5122 2754 5174 in
2804 5122 2924 5175 albo
2979 5119 3245 5193 descripta
3282 5119 3460 5185 erant:
3507 5141 3573 5178 eo

2009 5192 2151 5258 quod
2213 5181 2482 5259 dnnonam
2536 5191 2804 5259 publicam
2853 5181 3188 5259 acciperent,
3237 5202 3294 5246 ut
3343 5181 3577 5247 testatur

2013 5258 2463 5330 Dionysius.rllis
2505 5268 2772 5327 praeerant
2809 5258 3235 5330 archigerqntes,
3284 5264 3349 5316 de
3376 5263 3573 5330 quibus

2015 5331 2074 5382 fit
2105 5329 2305 5382 mentio
2339 5329 2390 5382 in
2439 5329 2553 5398 lege
2603 5332 2772 5398 prima
2821 5331 3016 5384 Codice
3066 5329 3439 5386 Tlieodosiano
3497 5330 3574 5384 De

2013 5399 2351 5451 Alexandriae
2377 5399 2539 5466 plebis
2567 5400 2895 5461 primatibus.
2923 5398 3039 5455 llue
3067 5401 3229 5455 etiam
3265 5400 3451 5454 referri
3479 5415 3574 5466 po-

2016 5479 2120 5522 test
2139 5469 2281 5535 quod
2303 5470 2491 5523 scribit
2509 5469 2804 5538 Gregorius
2828 5470 2962 5524 Naz.
3008 5472 3059 5524 in
3088 5471 3334 5524 oratione
3361 5470 3453 5534 2i,
3494 5468 3574 5523 De

2014 5538 2074 5592 δ.
2115 5539 2420 5603 Athanasio,
2455 5539 2848 5594 Alexandrinos
2886 5557 2981 5609 per
3011 5555 3168 5594 sexus
3205 5549 3258 5592 et
3283 5550 3489 5604 :etates,
3519 5548 3573 5591 et

2016 5619 2163 5680 artes
2189 5609 2398 5680 solitos
2441 5625 2561 5664 esse
2609 5611 2877 5677 distribui,
2905 5613 3119 5680 quoties
3165 5609 3327 5665 alicui
3357 5613 3570 5664 obviam

2017 5679 2157 5732 irent
2187 5679 2406 5732 honoris
2430 5695 2611 5734 causa.
