4114 6406
619 361 714 416 687

1318 367 1581 425 EUSEBH
1621 368 2096 426 CAESARIENSIS
2132 369 2283 426 OPP.
2324 371 2502 429 PARS
2538 373 2579 429 l.
2617 405 2689 416 —
2726 373 3118 429 HISTORICA.

3766 381 3858 434 688

618 475 951 544 gnitudinem
970 479 1228 534 describit
1245 480 1330 536 his
1347 484 1559 537 verbis:
1586 503 1608 534 ‹
1634 485 1769 538 Aliis
1785 486 1999 556 quidem
2019 487 2162 542 homi

2294 505 2380 549 vo;
2421 487 2565 558 πάθη
2601 487 2688 541 διὰ
2719 487 2952 541 τούτων·
2996 508 3013 539 ι
3051 490 3175 551 Τοῖς
3211 487 3306 558 μὲν
3350 487 3543 550 ἄλλοις
3572 487 3861 562 ἁνθρώπςις

621 573 780 625 nibus
808 584 1047 638 prmsens
1075 571 1176 626 hoc
1205 582 1413 642 tempus
1437 591 1540 628 non
1565 577 1808 631 videatur
1831 592 1952 632 esse
1976 587 2186 647 tempus

619 661 950 717 festivitatis.
978 661 1160 732 Neque
1196 680 1326 719 vero
1357 666 1464 719 illis
1496 677 1705 736 tempus
1736 669 2044 723 festivitatis
2080 680 2186 736 est,

619 771 718 808 nec
750 755 854 808 hoc
882 757 1024 824 quod
1059 771 1086 808 a
1120 757 1276 810 nobis
1299 757 1640 820 celebratur,
1685 775 1785 814 nec
1817 759 1983 814 ullum
2019 761 2184 827 aliud,

620 856 727 896 non
770 843 945 896 dicam
993 860 1176 898 eorum
1225 861 1345 914 qum
1393 846 1639 900 luctuosa
1692 857 1842 914 sunt,
1885 851 1980 903 sed
2021 853 2184 905 etiam

617 949 804 987 eorum
841 951 959 1003 qua:
993 936 1076 988 vel
1112 940 1345 989 maxime
1380 938 1498 990 Izcta
1538 949 1592 992 et
1632 939 1827 994 hilaria
1875 942 2188 996 existiman-

620 1037 726 1077 tur.
763 1025 918 1079 Nunc
953 1025 1168 1094 quidem
1202 1037 1351 1081 certe
1383 1028 1538 1095 plena
1584 1041 1710 1082 sunt
1753 1032 1933 1087 omnia
1977 1035 2184 1088 lamen-

620 1119 880 1171 tationum
913 1133 927 1170 :
956 1117 1139 1187 lugent
1169 1119 1346 1174 cuncti
1391 1136 1404 1172 :
1445 1130 1500 1174 et
1525 1122 1594 1175 ob
1637 1133 1974 1178 mortuorum
2007 1125 2186 1180 homi-

618 1226 743 1262 rnnn
799 1225 859 1263 ac
909 1211 1148 1279 quotidie
1200 1212 1544 1266 morientium
1604 1214 2024 1282 multitudinem,
2073 1227 2181 1270 tnta

618 1303 745 1356 urbs
771 1305 1060 1374 gemitibus
1104 1305 1493 1360 circumsonat.
1544 1307 1776 1362 Prorsus
1822 1310 1967 1362 enim
2019 1320 2080 1364 ut
2118 1311 2184 1366 de

617 1393 990 1463 prirnogeuitis
1012 1394 1389 1466 Egyptiorum
1435 1399 1486 1452 in
1521 1399 1694 1453 sacris
1733 1399 1885 1455 libris
1921 1403 2181 1470 scriptum

617 1482 865 1544 habetur,
905 1485 977 1537 ita
1018 1501 1159 1540 mmc
1204 1503 1418 1558 quoque
1457 1489 1662 1542 clamor
1693 1490 1884 1560 ingens
1913 1493 2182 1546 excitatus

612 1583 717 1625 est.
751 1571 904 1626 Nulla
933 1576 1132 1644 quippe
1167 1575 1358 1632 domus
1384 1590 1462 1631 est
1505 1579 1556 1632 in
1591 1594 1697 1647 qua
1727 1595 1830 1635 non
1859 1581 1932 1636 sit
1966 1583 2180 1651 aliquod

614 1664 792 1720 funus.
825 1667 1000 1736 Atque
1031 1669 1236 1723 utinam
1261 1686 1448 1734 unum,
1475 1670 1740 1726 duntaxat
1765 1673 1818 1727 in
1857 1691 2181 1745 unaquaque

615 1759 772 1811 domo
799 1761 974 1812 esset!
1017 1759 1179 1814 Multa
1210 1746 1428 1829 quidem
1462 1775 1516 1818 et
1546 1769 1740 1821 acerba
1772 1776 1900 1820 ante
1931 1768 2070 1822 hanc
2097 1784 2181 1822 ca-

615 1849 910 1904 lamitatem
959 1854 1114 1907 nobis
1167 1856 1532 1922 contigerunt.
1588 1858 1827 1913 Primum
1877 1861 2018 1913 enim
2082 1877 2180 1913 nos

613 1944 745 1997 urbe
775 1943 1120 2012 expulerunt.
1174 1944 1416 2015 Cumque
1456 1949 1554 2002 soli
1587 1949 1654 2004 ab
1679 1951 1930 2004 omnibus
1963 1950 2179 2019 fugare-

614 2054 732 2089 runr
783 2049 944 2106 atque
994 2037 1450 2107 opprimerentur,
1503 2042 1850 2097 nihilominus
1890 2053 2017 2096 tunc
2044 2060 2179 2113 quo-

610 2145 714 2198 que
742 2132 902 2183 festos
928 2133 1134 2200 egimus
1162 2135 1299 2187 dies.
1325 2133 1512 2200 Quiris
1541 2135 1776 2203 denique
1807 2135 1958 2189 locus
1995 2135 2045 2187 in
2071 2149 2178 2203 quo

609 2223 788 2275 varias
833 2239 1100 2277 atrumnas
1136 2225 1450 2295 singillatim
1489 2227 1854 2295 pertulimus:
1897 2241 2060 2296 ager,
2097 2227 2176 2280 in-

608 2328 794 2382 quam,
831 2315 1107 2380 solitudo;
1153 2319 1339 2383 navis;
1379 2319 1680 2384 stabulum;
1731 2333 1955 2384 carcer,
2010 2319 2177 2371 instar

610 2406 789 2474 templi
828 2407 892 2461 ad
941 2423 1124 2462 sacros
1174 2417 1474 2463 conventus
1530 2413 1864 2480 peragendos
1905 2408 2024 2462 luit.
2069 2407 2172 2462 Sed

605 2500 849 2552 omnium
887 2500 1220 2556 laetissimam
1259 2501 1610 2556 festivitatem
1650 2511 1880 2572 egerunt
1922 2516 2172 2555 consum-

605 2593 732 2644 mati
761 2605 1046 2664 martyres,
1077 2596 1164 2663 qui
1197 2595 1248 2648 in
1285 2595 1425 2648 cmlo
1461 2594 1661 2662 epulati
1704 2605 1850 2648 sunt.
1900 2593 2029 2648 Post
2060 2595 2172 2648 lucc

603 2683 800 2738 bellum
842 2697 899 2740 et
941 2688 1108 2741 futues
1153 2690 1366 2758 excepit
1413 2706 1426 2740 :
1470 2703 1590 2756 quae
1641 2689 1857 2755 quidem
1907 2702 2006 2741 nos
2050 2703 2170 2740 cum

601 2774 892 2840 gentilibus
926 2777 1159 2844 junctim
1187 2780 1528 2848 pertulimus.
1558 2777 1624 2832 Et
1653 2795 1714 2830 ea
1749 2778 1965 2846 quidem
2027 2779 2166 2831 mala

602 2869 795 2937 quibus
839 2883 938 2920 nos
971 2871 1328 2931 attriverant,
1374 2869 1471 2922 soli
1505 2868 1883 2923 sustinuimus.
1912 2867 2045 2934 Quae
2077 2884 2168 2922 au.

601 2972 706 3013 tem
743 2960 842 3030 ipsi
873 2960 974 3013 sibi
1003 2960 1241 3014 vicissim
1281 2960 1579 3014 intulerunt
1613 2974 1675 3012 ac
1709 2959 1848 3025 passi
1886 2971 2035 3025 sunt,
2073 2977 2166 3016 eo-

599 3067 716 3104 rum
751 3058 956 3120 partem
989 3051 1359 3106 toleravimus.
1387 3051 1491 3106 Sed
1526 3067 1711 3106 rursus
1741 3053 2034 3107 oblectavit
2067 3069 2166 3107 nos

2211 1828 2251 1882 B

2287 581 2385 632 οὐκ
2416 579 2480 632 ἂν
2507 579 2674 644 δόξειε
2708 580 2896 650 καιρὸς
2923 581 3117 651 ἑορτῆς
3156 575 3293 632 εἶναι
3329 580 3402 632 τά
3438 581 3705 650 παρόντα.
3745 583 3861 638 Οὐδὲ

2287 671 2432 725 ἔστιν
2478 672 2658 736 αὐτοῖς
2703 671 2823 724 οὔτε
2865 669 3017 734 οὗτος
3062 667 3185 724 οὗτε
3226 689 3308 734 τις
3347 673 3571 742 ἕτερος,
3608 673 3705 741 οὐχ
3731 674 3861 740 ὅπως

2261 762 2394 834 ,τῶν
2443 763 2718 816 ἐπιλῦπων
2766 764 2900 832 (75).
2937 764 3049 817 ἀλλ’
3083 763 3190 816 οὐδ’
3221 763 3275 816 εἴ
3310 782 3396 827 τις
3425 764 3736 834 περιχαρὴς
3765 767 3862 834 (76)

2285 854 2344 907 ὃν
2373 855 2602 926 οἰηθεῖεν
2635 855 2887 926 μάλιστα.
2933 855 3045 908 Νῦν
3082 857 3180 926 μέν
3205 873 3266 924 γε
3301 855 3498 926 θρῆνοι
3530 855 3738 908 πάντα·
3781 858 3864 910 καὶ

2288 947 2532 999 πενθοῦσι
2569 947 2788 1010 πάντες.
2807 947 2900 1000 καὶ
2932 945 3285 1016 περιηχοῦσιν
3307 947 3559 1016 οἰμωγαὶ
3589 946 3689 1015 τὴν
3723 947 3865 1000 πόλιν

2283 1035 2372 1088 διὰ
2407 1036 2466 1088 τὸ
2501 1037 2703 1107 πλῆθος
2735 1036 2840 1088 τῶν
2864 1035 3199 1106 τεθνηκότων
3235 1035 3468 1088 καὶτῶν
3506 1033 3865 1104 ἀποθνησκόν-

2284 1146 2389 1181 των
2414 1129 2698 1200 ὁσημέραι.
2747 1129 2832 1190 Ὠς
2861 1127 2968 1199 γάρ
3004 1128 3096 1180 ἐπὶ
3124 1127 3231 1179 τῶν
3255 1126 3628 1198 πρωτοτόκων
3657 1127 3762 1180 τῶν
3783 1129 3864 1182 Αἰ-

2283 1221 2524 1288 γυπτίων
2553 1221 2880 1292 γέγραπται,
2923 1219 3092 1282 οὕτως
3130 1220 3225 1271 καὶ
3259 1218 3352 1271 νῦν
3381 1217 3627 1288 ἐγενήθη
3665 1221 3863 1291 κραυγὴ

2288 1313 2516 1384 μεγάλη.
2563 1313 2636 1365 Οὐ
2682 1314 2788 1384 γάρ
2817 1314 2964 1364 ἐστιν
2999 1312 3144 1365 οἰκία
3172 1313 3229 1364 ἐν
3322 1313 3425 1364 οῦκ
3462 1311 3618 1363 ἔστιν
3657 1312 3712 1362 ἐν
3739 1312 3863 1383 αὐτῇ

2281 1405 2587 1476 τεθνηκώςο
2638 1405 2733 1457 καὶ
2772 1404 2959 1473 ὄφελόν
3001 1420 3064 1472 γε
3100 1403 3240 1473 (77)·
3290 1401 3467 1455 πολλὰ
3501 1403 3603 1473 μὲν
3629 1402 3736 1473 γὰρ
3782 1406 3865 1456 καὶ

2281 1496 2425 1549 δεινὰ
2445 1498 2538 1550 καὶ
2565 1495 2632 1549 τὰ
2649 1497 2755 1568 πρὸ
2776 1495 2963 1549 τούτου
3000 1513 3061 1548 συ
3070 1495 3398 1566 μϐεϐηκότα.
3430 1493 3662 1564 Πρῶτον
3686 1493 3778 1565 μὲν
3804 1496 3861 1564 ή-

2285 1595 2390 1664 μᾶς
2412 1593 2614 1663 ἤλασαν
2636 1592 2746 1662 (78)
2763 1609 2774 1621 ο
2811 1592 2904 1645 καὶ
2929 1591 3076 1661 μόνοι
3107 1591 3240 1662 πρὸς
3261 1590 3524 1642 ἁπάντων
3553 1587 3862 1658 διωκόμενοι

2281 1689 2374 1740 καὶ
2404 1685 2809 1755 θανατούμενοι,
2856 1683 3191 1754 έορτάσαμεν
3237 1683 3330 1735 κα)⁸
3375 1681 3525 1734 τότε.
3559 1680 3673 1734 Καὶ
3711 1681 3858 1744 πάςό

2279 1783 2378 1850 τῆς
2417 1778 2537 1832 καθ’
2570 1778 2798 1830 ἕκαστον
2831 1775 3060 1844 θλίψεως
3092 1776 3273 1838 τόπος,
3309 1773 3697 1845 πανηγυρικὸν
3741 1774 3859 1842 ἡμῖν

2282 1871 2466 1940 γέγονε
2493 1868 2710 1940 χωρίον,
2744 1867 2930 1938 ἀγρὸς,
2957 1865 3181 1938 ἐρημία,
3215 1867 3367 1929 ναῦς,
3405 1866 3752 1936 πανδοχεῖον,
3784 1864 3858 1916 δε-

2282 1964 2608 2033 σμωτήριον,
2642 1959 3002 2031 φαιδροτάτην
3046 1959 3102 2011 δὲ
3137 1958 3324 2012 πασῶν
3359 1959 3573 2027 ἤγαγον
3597 1957 3787 2027 ἑορτὴν
3815 1957 3856 2008 οἱ

2277 2054 2470 2106 τέλειοι
2507 2051 2780 2124 μάρτυρες
2821 2051 3185 2123 εὐωχηθέντες
3242 2051 3298 2101 ὲν
3339 2049 3580 2121 οὐρανῷ.
3621 2046 3773 2100 Μετὰ
3805 2047 3855 2098 δὲ

2275 2142 2468 2203 ταῦτα,
2490 2141 2720 2212 πόλεμος
2743 2143 2836 2196 κα)⁸
2851 2141 3007 2211 λιμὸς
3027 2138 3286 2192 ἐπέλαϐεν
3305 2154 3317 2166 ·
3343 2137 3379 2190 ἃ
3407 2139 3525 2198 τοῖς
3551 2134 3728 2186 ἔθνεσι
3752 2150 3857 2184 συν-

2275 2233 2658 2304 διηνέγκαμεν,
2694 2233 2840 2303 μόνοι
2867 2233 2962 2303 μὲν
2989 2230 3340 2292 ὑποστάντες,
3367 2230 3472 2281 ὅσα
3494 2229 3630 2298 ἡμῖν
3661 2226 3852 2295 ἐλυμή-

2275 2343 2453 2388 ναντο,
2481 2325 2803 2396 παραπολαύ
2812 2342 3000 2387 σαντες
3019 2324 3073 2376 δὲ
3090 2324 3182 2376 καὶ
3197 2317 3270 2375 ὧν
3295 2321 3563 2392 ἀλλήλους
3584 2318 3854 2390 εἰργάσαν-

2272 2419 2332 2470 τό
2375 2436 2432 2471 τε
2477 2420 2570 2472 καὶ
2621 2417 2953 2470 πεπόνθασί⁸
3011 2416 3103 2468 καὶ
3134 2417 3200 2486 τῇ
3233 2413 3472 2485 Χριστοῦ
3505 2411 3672 2464 πάλιν
3705 2410 3851 2478 ἐνηυ-

2274 2508 2589 2580 φράνθημεν
2619 2509 2830 2580 εἰρήνῃ,
2864 2507 2930 2578 ἢν
2975 2506 3154 2576 μόνοις
3188 2505 3318 2574 ἡμῖν
3347 2502 3542 2555 ἔδωκε.
3582 2498 3850 2571 Βραχυτά-

2271 2620 2370 2673 της
2408 2601 2461 2653 δὲ
2498 2600 2652 2670 ἡμῶν
2682 2617 2738 2651 τε
2775 2599 2868 2652 κα)⁸
2908 2598 3086 2650 αὐτῶν
3115 2597 3382 2666 τυχόντων
3408 2593 3712 2662 ἀναπνοῆς.
3742 2592 3848 2642 ὲπι-

2272 2690 2611 2760 κατέσκηψεν
2656 2691 2688 2760 ἡ
2723 2689 2876 2752 νόσος
2905 2687 3064 2758 αὕτη,
3107 2688 3338 2758 πρᾶγμα
3366 2685 3536 2753 φόϐου
3571 2699 3628 2734 τε
3661 2680 3846 2741 παντὸς

2271 2781 2640 2854 φοϐερώτερον
2675 2781 2924 2844 ἐκείνοις,
2954 2781 3046 2832 καὶ
3070 2778 3352 2848 συμφορᾶς
3383 2773 3708 2846 ἡστινοσοῦν
3732 2787 3842 2840 σχε-

2268 2875 2578 2946 τλιώτερον,
2611 2875 2703 2927 καὶ
2727 2874 2802 2937 ὡς
2833 2873 2962 2937 ἴδιός
2987 2889 3069 2934 τις
3098 2871 3274 2923 αὐτῶν
3291 2867 3601 2938 ἀπήγγειλε
3622 2880 3842 2935 συγγρα-

2269 2969 2420 3035 φεὺς,
2455 2969 2686 3038 πρᾶγμα
2721 2965 2879 3036 μόνον
2908 2964 2972 3035 δὴ
3003 2967 3102 3034 τῆς
3125 2961 3338 3015 πάντων
3367 2960 3586 3022 ἐλπίδος
3607 2961 3842 3029 κρεῖσσον

2267 3059 2583 3129 γενόμενον·
2614 3061 2746 3128 ἡμῖν
2775 3057 2832 3110 δὲ
2860 3057 2920 3110 οὐ
2942 3054 3148 3108 τοιοῦτο
3188 3055 3305 3122 μὲν,
3342 3053 3650 3123 γυμνάσιον
3677 3050 3730 3102 δὲ
3758 3047 3840 3101 καὶ

599 3156 699 3208 pax
733 3140 842 3204 illa,
871 3155 1029 3208 quam
1067 3140 1315 3197 Christus
1365 3142 1520 3196 nobis
1563 3144 1700 3199 solis
1744 3145 1988 3198 indulsit.
2028 3143 2162 3198 Cum

2268 3151 2508 3222 δοκίμιον
2541 3149 2752 3214 οὐδένος
2777 3149 2883 3202 τῶν
2917 3149 3089 3203 ἄλλων
3123 3148 3358 3201 ἔλαττον.
3415 3147 3716 3215 Ἀπέσχετο
3751 3139 3837 3210 μὲν

597 3243 774 3287 autem
809 3233 1130 3286 brevissimo
1169 3235 1428 3303 temporis
1469 3236 1645 3304 spatio
1700 3252 1796 3291 nos
1855 3249 1907 3290 et
1953 3237 2026 3289 illi
2079 3251 2161 3289 re-

595 3330 978 3395 spirassernus,
1015 3337 1238 3395 repente
1275 3327 1472 3396 ingruit
1501 3331 1616 3382 lues
1649 3330 1759 3394 illa,
1783 3331 1910 3398 ipsis
1943 3331 2158 3398 quidem

595 3430 684 3471 res
730 3417 970 3470 omnium
1017 3417 1519 3471 formidolosissima
1567 3420 2156 3475 etealarnitesissima:

593 3519 648 3563 et
680 3524 801 3578 quae
844 3509 955 3563 sola
977 3551 993 3576 ,
1035 3522 1093 3564 ut
1124 3514 1370 3580 proprius
1405 3513 1625 3582 quidam
1661 3514 1897 3583 ipsorum
1931 3515 2162 3581 seriptor

593 3603 757 3674 269
787 3603 1040 3672 loquitur,
1090 3607 1328 3659 omnium
1375 3621 1524 3673 spem
1578 3607 1998 3676 Opinionemque
2070 3623 2161 3660 su-

594 3698 820 3764 peravit.
853 3695 1021 3750 Nobis
1051 3712 1177 3750 vero
1217 3715 1318 3751 non
1354 3699 1615 3763 ejusmodi
1671 3698 1768 3753 fuit
1802 3718 1814 3752 :
1847 3701 1940 3753 sed
1976 3699 2151 3768 potius

595 3789 1032 3844 meditameutum
1089 3789 1355 3860 quoddam
1392 3805 1454 3843 ac
1481 3791 1898 3859 probaruentum
1934 3791 2155 3861 perinde

662 3965 772 4038 (75)
812 3969 932 4035 Οὐχ
967 3966 1125 4032 ὅπως
1152 3966 1269 4020 τῶν
1291 3967 1616 4021 ἐπιλύπων.
1652 3966 1740 4020 Sic
1763 3966 1982 4038 omnino
2017 3967 2158 4018 Scri-

590 4036 824 4092 bendum
858 4051 960 4100 est,
992 4049 1046 4089 ut
1076 4039 1271 4091 habent
1297 4039 1645 4106 rnauuseripti
1679 4039 1896 4090 codices
1921 4036 2058 4088 illuz.
2096 4052 2159 4089 ac

589 4107 755 4170 idem,
789 4122 910 4159 cum
945 4108 1240 4160 Sariliano.
1274 4109 1569 4176 Opponitur
1599 4107 1741 4160 enim
1768 4106 1828 4159 τὸ
1847 4106 2156 4176 errati}:ch

587 4177 665 4247 τῷ
697 4176 1019 4244 περιχαρής
1077 4178 1217 4247 quod
1272 4175 1393 4230 mox
1443 4177 1708 4244 sequitur,
1759 4177 1925 4244 vnlg.,
1955 4175 2156 4229 ἐπιλοί-

588 4246 725 4301 πων.
757 4247 851 4299 Est
875 4258 1053 4299 autem
1100 4246 1556 4315 elegantissimum
1608 4247 1709 4300 hoc
1738 4249 2017 4300 exordium
2055 4248 2155 4299 Pa-

587 4315 1053 4386 schalisepistolai
1081 4314 1202 4368 sive
1216 4317 1478 4369 orationis
1500 4314 1759 4386 Dionysii.
1790 4317 1949 4377 Aliis,
1979 4318 2153 4385 inquit

590 4385 896 4455 Dionysius.
925 4385 1224 4452 inﬁdelibus
1255 4387 1448 4439 scilicet
1496 4403 1556 4439 ac
1597 4385 1896 4454 gentilibus,
1925 4403 2151 4454 prmsens

586 4471 785 4532 tempus
817 4457 1037 4532 minime,
1062 4465 1406 4532 opportunum
1433 4457 1668 4532 videatur
1699 4457 1767 4506 ml
1795 4457 1982 4532 festum
2014 4459 2151 4532 diem

584 4526 972 4595 celebrandum,
995 4525 1184 4595 quippe
1213 4541 1330 4577 cum
1353 4527 1494 4577 luctu
1526 4537 1574 4578 et
1604 4525 1842 4577 lamentis
1867 4525 2017 4593 plena
2044 4527 2150 4578 sint

584 4599 781 4646 omnia.
827 4594 1014 4647 Verum
1059 4611 1150 4648 nec
1195 4597 1357 4647 ullum
1411 4596 1622 4648 omnino
1651 4606 1870 4661 tempus,
1903 4612 2003 4647 non
2031 4597 2148 4648 dico

557 4667 899 4727 luctuosum,
927 4666 1219 4727 cuiusmodi
1249 4662 1344 4717 hoc
1369 4672 1567 4732 tempus
1595 4681 1704 4718 esse
1729 4666 1934 4732 fateor;
1969 4667 2056 4716 ser!
2085 4682 2147 4718 ne

559 4733 906 4788 rlarlissimum
965 4736 1190 4801 quidem.
1225 4736 1327 4786 illis
1363 4735 1678 4794 hominibus,
1715 4736 1766 4787 id
1799 4743 1875 4787 est
1919 4736 2144 4802 inﬁdeli-

582 4806 698 4862 bus,
747 4815 930 4865 aptum
957 4816 1029 4858 est
1069 4806 1136 4855 ml
1185 4804 1516 4872 festivitatem
1552 4807 1932 4858 celebrandam.
1988 4806 2149 4872 [mpii

579 4875 837 4942 siquidem
894 4886 940 4926 et
1001 4874 1125 4926 ntali
1169 4875 1422 4935 homines,
1469 4891 1731 4941 nunquam
1778 4877 1991 4928 omnino
2038 4877 2148 4929 dies

582 4944 744 5011 festos
777 4959 930 5012 agere
963 4956 1201 5011 possunt,
1241 4944 1359 4996 licet
1394 4947 1591 4996 hostias
1631 4945 1916 5003 immolent,
1976 4957 2021 4996 et
2078 4946 2146 4997 li-

579 5018 839 5084 bamenta
871 5014 1116 5082 offerant.
1175 5016 1287 5068 Soli
1341 5021 1529 5066 virtute
1577 5016 1789 5084 prrcditi
1836 5014 1995 5083 festos
2037 5019 2147 5068 dies

578 5093 763 5154 agunt.
810 5083 920 5138 Soli
971 5087 1158 5152 quippe
1196 5085 1362 5153 officio
1391 5083 1705 5154 funguntur,
1758 5096 1804 5139 et
1842 5098 1960 5138 vota
1992 5095 2148 5153 atque

578 5152 882 5224 incruentas
908 5155 1107 5208 hostias
1145 5152 1370 5224 o/ferum
1393 5152 1531 5208 Deo.
1568 5155 1726 5206 Multa
1778 5158 1828 5208 in
1860 5156 1997 5224 hanc
2023 5152 2150 5209 sen-

581 5223 808 5276 tentiain
841 5226 1000 5280 habet
1027 5222 1286 5292 Origenes
1331 5226 1379 5278 iit
1413 5226 1504 5278 lib.
1540 5241 1635 5279 νιιι
1689 5224 1887 5279 Contra
1914 5222 2144 5287 Celsum,

579 5308 698 5365 qua:
747 5303 874 5348 sunt
921 5309 952 5347 e
999 5292 1307 5365 Stoicorum
1336 5295 1669 5364 philosophia
1724 5298 2044 5363 desumpta,
2077 5312 2144 5349 ex

577 5364 776 5432 Quibus
839 5380 1085 5435 magnam
1139 5364 1311 5419 lucem
1370 5365 1567 5432 accipit
1623 5367 1709 5420 hic
1761 5366 2000 5436 Dionysii
2071 5367 2146 5420 lo-

577 5449 692 5487 cus.

645 5504 762 5574 (76)
808 5504 1136 5574 Περιχαρὴς
1181 5504 1254 5574 ὃν
1298 5503 1568 5571 οἰηθεῖεν.
1602 5506 1752 5573 Apud
1786 5505 2142 5573 Nicephorum

578 5573 775 5647 legitur
799 5577 850 5628 εἴ
893 5573 977 5640 τις
1010 5573 1304 5647 περιχαρὴς
1342 5575 1418 5628 ὢν
1449 5575 1678 5647 οἰηθείη,
1711 5578 1839 5641 Quae
1875 5577 2141 5642 scriptura

579 5643 706 5698 ferri
738 5661 840 5698 non
872 5643 1222 5715 potestfciini
1251 5643 1472 5715 tierburn
1499 5643 1709 5715 οἰηθείη
1747 5649 1800 5715 in
1827 5649 2036 5714 passiva
2071 5651 2145 5698 si-

578 5714 922 5785 gniﬁcatione
942 5719 1076 5769 sumi
1097 5732 1198 5770 non
1219 5716 1410 5785 possit.
1434 5714 1582 5769 Dixit
1597 5731 1726 5784 ergo
1744 5714 2026 5785 Dionysius
2049 5733 2144 5769 πε-

577 5784 807 5857 ριχαρὴς
822 5785 880 5841 ὃν
895 5785 1145 5856 οἰηθεῖεν,
1162 5784 1260 5858 pro
1275 5803 1340 5844 eo
1360 5788 1503 5856 quod
1531 5787 1620 5843 alii
1645 5784 1909 5853 dicerent,
1933 5786 1993 5839 ὃν
2007 5787 2142 5840 οῖον-

2186 4495 2231 4552 D

2263 3244 2372 3316 γὰρ
2401 3243 2521 3296 οὐδὲ
2559 3245 2590 3313 ἡ
2601 3243 2736 3313 μῶν,
2764 3241 2930 3312 πολλὴ
2964 3241 3020 3294 δὲ
3044 3239 3264 3311 ἐξῆλθεν
3293 3238 3403 3312 (79)
3437 3241 3519 3302 εἰς
3542 3240 3614 3291 τὰ
3640 3234 3779 3303 ἔθνη.
3814 3249 3832 3284 ι

2264 3335 2482 3397 Τούτοις
2529 3333 2655 3404 ἑξῆς
2699 3333 2945 3404 ἐπιφέρει
2995 3333 3168 3401 λέγων
3198 3350 3211 3362 '
3267 3352 3285 3382 ί
3323 3332 3386 3384 0i
3425 3329 3562 3398 γοῦν
3609 3327 3834 3381 πλεῖστοι

2260 3424 2368 3476 τῶν
2396 3423 2634 3491 ἀδελφῶν
2657 3422 2811 3493 ἡμῶν
2839 3423 2906 3474 δι’
2935 3421 3377 3494 ὑπερϐάλλουσαν
3396 3420 3625 3489 ἀγάπην
3652 3415 3741 3469 καὶ
3763 3430 3834 3481 φι-

2261 3515 2544 3583 λαδελφίαν
2572 3513 2916 3583 ἀφειδοῦντες
2946 3514 3150 3566 ἑαυτῶν
3169 3513 3262 3566 καὶ
3299 3511 3546 3582 ἀλλήλων
3577 3508 3829 3579 ἐχόμενοι,

2261 3606 2682 3669 ἐπισκοποῦντες
2727 3606 3051 3675 ἀφυλάκτως
3092 3606 3217 3668 τοὺς
3251 3603 3560 3666 νοσοῦντας,
3599 3595 3830 3668 λιπαρῶς

2259 3697 2709 3771 ὑπερητούμενοι,
2762 3697 3152 3768 θεραπεύοντες
3201 3697 3258 3748 ὲν
3295 3695 3537 3767 Χριστῷ,
3573 3688 3826 3760 συναπηλ-

2258 3791 2512 3845 λάττοντο
2544 3789 2768 3853 ἐκεινοις
2800 3789 2908 3860 (80)
2941 3786 3454 3859 ἀσμενέστατα,τοῦ
3478 3787 3611 3858 παρ’
3639 3781 3827 3853 ἑτέρων

2267 3983 2326 4018 το
2347 3965 2424 4041 ,δΕέ
2444 3964 2674 4041 VSF???
2697 3983 2892 4041 περιχα
2903 3968 3028 4041 Pila-
3171 4035 3183 4041 -
3361 4036 3373 4041 _
3707 4031 3718 4041 .
3807 4025 3819 4038 .

2336 4031 2456 4104 (77)⁷
2480 4035 2584 4088 Καὶ
2620 4031 2966 4104 ὄρελὶτιῖπίεξ
2988 4035 3270 4104 Turnebus
3310 4036 3374 4085 ad
3401 4050 3555 4088 oram
3602 4031 3718 4104 libri
3747 4031 3818 4080 sui

2336 4055 2448 4104 (Η)
2480 4055 2584 4088 nat
2620 4055 2842 4103 οειεενιρν
2893 4055 2954 4089 ‘8.
2998 4055 3270 4090 lttrttentts
3310 4055 3374 4085 att
3401 4055 3555 4088 oram
3603 4055 3718 4084 Irurr
3747 4055 3816 4080 sui

2261 4108 2567 4178 cmendarit
2610 4106 2703 4158 καὶ
2733 4055 2918 4174 ὄφελόν
2953 4101 3146 4178 γεγεῖς.
3180 4105 3307 4178 Qua;
3341 4112 3518 4178 tamen
3562 4103 3816 4178 scriptura

2265 4177 2316 4228 in
2341 4176 2592 4230 omnibus
2621 4171 2818 4230 nostris
2848 4171 3128 4229 codicibus
3162 4191 3264 4226 non
3293 4174 3512 4240 legitur.
3562 4175 3616 4225 lu
3646 4171 3819 4240 endirc

2265 4246 2432 4313 Hegio
2455 4246 2714 4309 scriptum
2743 4247 2946 4305 inveni,
2982 4247 3075 4298 καὶ
3100 4244 3290 4313 ὄφελόν
3311 4236 3400 4310 γε·
3430 4245 3508 4306 εἰς
3541 4241 3706 4313 πολλὰ
3728 4236 3817 4308 μὲν

2259 4311 2369 4386 γὰρ
2397 4315 2687 4386 και-δεινά,
2719 4317 2855 4369 sicut
2881 4318 3041 4386 etiam
3083 4311 3239 4368 habet
3269 4315 3624 4380 Niceplmrus.
3663 4311 3814 4364 Recte

2262 4384 2424 4448 igitur
2478 4384 2780 4454 Turnebus,
2817 4385 2932 4454 qui.
2963 4386 3075 4438 sola
3114 4386 3551 4453 iutcrpunctione
3601 4388 3810 4441 mutata,

2261 4456 2410 4526 hunc
2437 4455 2691 4526 Dionysiii
2725 4453 2898 4526 locum
2928 4455 3194 4526 restituit,
3224 4464 3279 4506 ut
3306 4455 3438 4509 dixi.
3472 4522 3498 4526 _
3648 4522 3659 4526 _
3733 4516 3778 4526 __

2333 4525 2444 4592 (78)
2496 4518 2734 4592 Πρὦτον
2788 4523 2903 4592 μὲν
2957 4523 3115 4591 ἡμᾶς
3160 4524 3420 4592 ἧλασαν.
3472 4522 3684 4591 Repetit
3733 4518 3810 4571 hic

2262 4595 2566 4664 Dionysius,
2618 4604 2674 4649 et
2713 4595 2867 4663 quasi
2928 4597 3251 4664 eoi-npendio
3301 4604 3584 4648 ermmcrat
3636 4596 3810 4664 cuncta

2257 4681 2375 4734 qua:
2399 4659 2695 4718 Christiani
2733 4659 2882 4732 passi
2936 4659 3151 4734 fuerant
3191 4663 3666 4734 Alexandriazjam
3700 4659 3808 4711 inde

2259 4733 2326 4787 ah
2359 4736 2513 4787 initio
2544 4735 2624 4787 sui
2664 4735 3032 4802 pontiﬁcatus.
3069 4733 3251 4786 Primo
3295 4733 3457 4790 enim.
3503 4734 3690 4799 inquit,
3724 4740 3810 4778 nos

2257 4805 2522 4874 persecuti
2557 4816 2699 4858 sunt.
2737 4803 3172 4858 Persecutionetn
3213 4804 3617 4874 intelligitgqua:
3640 4806 3805 4874 remp-la

2255 4866 2338 4929 est
2361 4891 2506 4928 anno
2536 4876 2722 4928 ultimo
2745 4875 2972 4942 Philippi
2999 4875 3359 4941 imperatoris.
3387 4866 3594 4926 Bellum
3616 4866 3804 4942 deinde,

2255 4946 2354 5008 ait,
2412 4955 2644 4998 seruum
2697 4955 2772 4997 est
2839 4936 3166 4999 intestinum.
3225 4945 3297 4996 De
3341 4946 3441 4997 hoe
3490 4943 3633 4995 civili
3686 4936 3805 4991 bello

2253 5015 2904 5078 Alexandrinorum,vide
2926 5013 3205 5082 epistolam
3235 5013 3472 5083 Dionysii
3505 5014 3570 5063 ad
3598 5008 3801 5083 Fabium

2253 5098 2414 5152 Supra
2445 5084 2494 5136 in
2533 5084 2625 5137 lib.
2652 5100 2726 5146 γι,
2757 5100 2876 5151 cap.
2904 5079 2993 5136 Η.
3026 5083 3221 5136 Deinde
3255 5079 3388 5136 cum'
3409 5084 3701 5153 paululum,
3734 5079 3803 5126 ill-

2254 5155 2390 5221 qnit,
2423 5169 2515 5206 nos
2541 5165 2587 5206 et
2614 5154 2694 5206 illi
2718 5156 3107 5219 quievissemus,
3139 5154 3378 5206 incubuit
3425 5155 3535 5206 lues
3580 5154 3666 5203 illa
3695 5162 3805 5218 gra-

2253 5225 2488 5285 vissima,
2543 5239 2608 5277 ea
2672 5225 2880 5278 scilicet
2933 5239 3053 5292 qua:
3095 5225 3194 5276 sub
3232 5222 3386 5276 Gallo
3430 5234 3484 5277 et
3537 5221 3802 5275 Volusiano

2253 5304 2495 5361 grassata
2527 5303 2631 5352 est.
2663 5310 2784 5348 cum
2829 5295 2940 5363 jam
2980 5302 3140 5347 antea
3197 5298 3297 5346 sub
3337 5294 3499 5348 Decio
3545 5294 3800 5363 erupisset.

2253 5364 2473 5431 Aliquot
2530 5365 2673 5418 enim
2730 5362 2943 5418 diaconi
2997 5379 3062 5416 ea
3121 5373 3272 5432 peste
3331 5362 3634 5432 consumpti
3684 5362 3802 5432 sunt

2252 5425 2588 5500 tem-poribus
2626 5433 2792 5496 Decii,
2847 5443 2905 5486 ut
2941 5441 3086 5503 patet
3121 5425 3185 5487 ex
3217 5433 3445 5500 epistola
3481 5425 3714 5500 Dionysii
3743 5425 3799 5476 ad

2256 5504 2542 5556 Domitium
2567 5515 2620 5556 et
2653 5504 2957 5573 Didyrnum,
2985 5505 3035 5556 in
3072 5519 3192 5570 cap.
3227 5504 3282 5555 ll
3312 5505 3468 5571 hujus
3500 5503 3640 5557 libri.

2322 5573 2432 5641 (79)
2463 5573 2671 5641 Πολλὴ
2697 5564 2767 5625 δέ
2787 5564 3065 5641 ἐξῆλθεν.
3101 5564 3242 5626 Πολύ
3278 5564 3442 5626 00ch
3471 5573 3692 5641 Regius;
3719 5564 3799 5640 sed

2253 5645 2303 5695 in
2333 5639 2552 5711 reliquis
2580 5639 2978 5711 exetnplartbus
3007 5645 3230 5706 Mazar.,
3252 5643 3391 5696 Med.
3425 5661 3489 5696 ac
3521 5639 3650 5695 Fnk.
3683 5639 3798 5692 scri-

2252 5714 2397 5784 bitur
2418 5711 2606 5784 πολλή,
2637 5715 2870 5784 rectius:
2899 5713 3219 5784 subauditur
3243 5714 3387 5784 enim
3421 5714 3597 5776 νόσος.

2321 5782 2428 5854 (80)
2456 5782 3030 5853 Συναπηλλὰττοντο
3057 5783 3332 5849 ἐκείνοις.
3369 5782 3494 5838 Post
3527 5787 3621 5838 has
3661 5790 3793 5834 rores
