4114 6406
306 297 416 352 689

1304 297 1648 354 HISTORIAS
1689 297 2247 356 ECCLESIASTICIE
2283 298 2414 356 LIB.
2451 297 2567 354 VII.

3455 296 3558 354 συθ

294 411 784 484 ἀναπιμπλάμενοι
825 416 1050 480 πάθους,
1085 417 1182 469 καὶ
1219 416 1320 486 τὴν
1352 416 1503 469 νόσον
1544 417 1627 485 ἐφ’
1663 418 1866 470 ὲαυτοὶη

1990 435 2055 472 ac
2084 427 2304 475 caetera.
2346 416 2532 488 Neque
2563 417 2706 472 enim
2744 431 2773 470 a
2806 417 2961 472 nobis
3013 418 3275 475 abstinuit
3303 418 3418 474 lues
3447 420 3556 484 illa,

294 506 550 570 ἕλκοντες
578 509 686 561 ἀπὸ
711 509 814 562 τῶν
845 510 1108 582 πλησίων,
1132 511 1225 563 καὶ
1254 510 1469 573 ἑκόντες
1497 511 1883 581 ἁναμασσόμε-

297 617 380 652 νοι
428 599 528 662 τὰς
567 600 863 671 ἀλγηδόνας
892 602 1022 672 (8i).
1057 603 1166 655 Καὶ
1198 603 1382 657 πολλοὶ
1424 604 1884 674 νοσοκομήσαντες

297 692 397 744 καὶ
429 691 700 764 ῥώσαντες
734 694 973 766 ἑτέρους,
1011 694 1364 766 ἐτελεύτησαν
1403 697 1576 759 αὐτοὶ,
1619 695 1710 749 τὸν
1739 697 1882 748 ὲκεί-

297 802 408 837 νων
437 784 665 839 Θάνατον
694 789 774 850 εἰς
801 790 1025 852 ἑαυτοὺς
1059 790 1548 860 μεταστησάμενοι,
1582 792 1675 843 καὶ
1703 789 1762 843 τὸ
1793 790 1884 862 δη-

297 877 477 947 μῶδες
505 879 652 948 ῥῆμα
682 880 850 951 μόνης
882 881 968 933 ἀεὶ
989 880 1177 934 δοκοῦν
1209 882 1732 954 φιλοφροσύνηςωίὶ)
1763 883 1882 953 ἕχε-

299 969 446 1031 σῦάι,
480 970 623 1042 ἔργῳ
645 971 707 1044 δὴ
727 973 847 1025 τότε
886 973 1240 1045 πληροῦντες,
1272 975 1522 1038 ἀπιόντες
1551 977 1728 1029 αὐτῶν
1751 977 1884 1029 πάν-

295 1077 406 1114 των
437 1063 725 1135 περίψημα
758 1063 886 1136 (85).
929 1067 990 1118 Οἱ
1031 1066 1160 1135 γοῦν
1200 1067 1410 1138 ἄριστοι
1445 1068 1552 1121 τῶν
1594 1071 1723 1140 παρ’
1754 1072 1882 1139 ἡμῖν

294 1155 540 1223 ἀδελφῶν
588 1155 776 1210 τοῦτον
825 1159 913 1212 τὸν
959 1159 1156 1231 τρόπον
1197 1159 1540 1232 ἐξεχώρησαν
1590 1160 1682 1214 τοῦ
1744 1159 1879 1230 βίου,

295 1247 659 1320 πρεσϐύτεροί
690 1266 749 1301 τε
776 1251 919 1314 τινὲς
973 1253 1066 1304 καὶ
1107 1251 1363 1316 διάκονοι,
1387 1254 1481 1305 καὶ
1510 1253 1616 1306 τῶν
1652 1253 1759 1307 ἀπὸ
1787 1253 1880 1306 τοῦ

292 1336 426 1390 λαοῦ
449 1338 568 1391 λίαν
599 1340 1010 1412 ἐπαινούμενοι·
1045 1342 1119 1405 ὡς
1150 1344 1244 1395 καὶ
1269 1344 1362 1397 τοῦ
1385 1343 1617 1398 Θανάτου
1647 1344 1804 1398 τοῦτο
1822 1346 1882 1398 τὸ

292 1424 439 1493 εἶδος
465 1429 552 1482 διὰ
577 1430 775 1501 πολλὴν
798 1432 1074 1485 εὐσέϐειαν
1097 1434 1188 1487 καὶ
1209 1433 1387 1487 πίστιν
1415 1436 1642 1508 ἰσχυράν
1662 1437 1880 1506 γινόμε-

291 1536 403 1582 νον,
445 1519 608 1590 μηδὲν
637 1521 852 1574 ἀποδεῖν
885 1524 1184 1594 μαρτυρίου
1211 1523 1405 1576 δοκεῖν.
1440 1525 1550 1578 Καὶ
1591 1525 1660 1578 τὰ
1691 1526 1880 1596 σώμα-

288 1630 361 1667 τα
411 1613 466 1667 δέ
518 1615 625 1666 τῶν
686 1616 855 1685 ἁγίων
887 1618 1106 1681 ὑπτίαις
1160 1620 1315 1690 χερσὶ
1357 1621 1449 1675 καὶ
1489 1620 1707 1685 κόλποις
1745 1623 1878 1675 ὑπο-

289 1707 680 1778 λαμϐάνοντες,
731 1708 1118 1783 καθαιροῦντες
1156 1729 1215 1764 τε
1254 1714 1380 1776 τοὺς
1416 1712 1746 1784 ὀφθαλμοὺς,
1788 1715 1881 1767 καλ⁵

1986 509 2112 564 licet
2163 508 2454 579 plurimum
2516 510 2568 562 in
2619 508 2849 578 gentiles
2896 518 3137 577 grassata
3185 510 3279 564 sit.
3321 527 3340 561 ι
3391 511 3558 565 Addit

1984 601 2214 656 deinde:
2264 620 2283 652 ε
2325 599 2550 655 Plurimi
2591 600 2810 670 quidem
2846 614 2912 654 ex
2959 598 3226 655 fratribus
3253 602 3454 656 nostris
3488 606 3558 655 ob

1984 694 2204 748 nimiam
2234 694 2582 757 cbaritatem,
2611 709 2794 749 curam
2851 711 3066 750 omnem
3113 697 3341 765 prepria:
3368 697 3558 751 salutis

1983 789 2302 858 ahjicientes
2343 787 2559 858 sibique
2643 798 2830 843 mutuo
2892 791 3361 855 adlnerescentes;
3426 791 3556 844 dum

1983 895 2154 949 aegros
2185 895 2372 934 secure
2398 888 2561 948 atque
2607 880 2868 935 audacter
2920 883 3186 944 invisum,
3246 882 3434 950 eisque
3473 899 3557 935 as-

1983 973 2136 1027 sidue
2183 971 2516 1038 ministrant,
2551 983 2608 1026 et
2654 974 2991 1028 curationem
3030 975 3290 1028 adhibent
3327 975 3378 1027 in
3405 974 3558 1027 Chri-

1982 1077 2089 1128 sto,
2117 1081 2219 1119 una
2257 1080 2378 1119 cum
2411 1065 2518 1120 illis
2565 1065 2762 1119 mortui
2824 1076 2992 1130 sunt;
3064 1066 3297 1118 aliorum
3332 1067 3558 1132 a‘gritu-

1983 1158 2107 1212 diue
2168 1157 2523 1212 libentissime
2564 1173 2684 1212 sese
2731 1156 3038 1227 itttplenles,
3091 1167 3140 1210 et
3189 1158 3555 1228 proximorum

1983 1250 2230 1304 morbum
2289 1249 2344 1304 in
2391 1251 2713 1321 semetipsos
2769 1249 3170 1320 quodammodo
3201 1249 3556 1310 attrahentes,

1981 1343 2300 1413 doloresque
2362 1357 2552 1398 eorum
2611 1352 2800 1413 sponte
2843 1357 2938 1397 sua
2989 1342 3358 1410 exprimentes
3395 1351 3558 1410 atque

1980 1445 2342 1505 extergentes.
2406 1434 2668 1503 Multique
2721 1435 2858 1488 adeo
2892 1433 2988 1503 qui
3048 1433 3182 1488 alios
3226 1442 3559 1503 :rgrotantes

1981 1534 2310 1578 enraverant
2347 1533 2404 1578 et
2453 1525 2504 1578 in
2550 1524 2839 1592 pristinam
2895 1522 3258 1577 valetudinem
3297 1521 3557 1576 restitue-

1983 1623 2124 1677 rant,
2158 1614 2256 1684 ipsi
2313 1615 2662 1679 interierunt,
2721 1622 2951 1668 mortem
2995 1613 3207 1666 illorum
3259 1614 3310 1666 in
3347 1613 3558 1680 seipsos

1984 1710 2362 1775 traducentes;
2406 1709 2740 1778 verbmnque
2795 1707 2927 1762 illud
2978 1709 3201 1776 vulgare
3259 1710 3400 1776 quod
3445 1708 3560 1760 olli-

291 1802 537 1871 στόματα
554 1802 947 1871 συγκλείοντες,
978 1803 1394 1876 ὼμοῃοροῦντές
1410 1824 1467 1858 τε
1485 1807 1577 1859 καὶ
1607 1806 1866 1861 διατιθέν-

1984 1799 2145 1854 ιιῑοετε
2201 1802 2465 1854 duntaxat
2498 1801 2772 1854 comitatis
2819 1800 3087 1854 hactenus
3137 1801 3314 1854 visum
3358 1797 3554 1859 fuerat.

286 1909 383 1957 τες
414 1893 548 1964 (84),
577 1895 1069 1970 προσκολλώμενοι,
1117 1897 1574 1969 συμπλεκόμενοι,
1632 1897 1872 1970 λουτροῖς

285 1999 347 2035 τε
379 1985 473 2036 καὶ
503 1985 972 2059 περιστολαῖς(85)
997 1988 1487 2059 κατακοσμοῦντες,
1513 1989 1648 2059 μετὰ
1682 1990 1874 2062 μικρὸν
1900 2018 1906 2026 -

286 2074 586 2144 ἐτύγχανον
613 2076 718 2128 τῶν
750 2077 902 2140 ἴσων,
930 2078 1015 2131 ἀεὶ
1057 2077 1163 2131 τῶν
1193 2078 1634 2149 ὑπολειπομένων
1673 2082 1873 2148 ἐφεπο-

288 2167 471 2236 μὲνων
504 2171 614 2231 τοῖς
647 2169 752 2240 πρὸ
781 2171 979 2224 αὐτῶν.
1013 2169 1094 2223 Τὰ
1138 2170 1196 2224 δέ
1248 2189 1310 2240 γε
1355 2170 1478 2243 ἔθνη
1513 2174 1619 2225 πᾶν
1654 2173 1875 2225 τούναν-

281 2257 429 2311 τίον·
461 2260 556 2312 καὶ
585 2264 758 2313 νοσεῖν
789 2263 1124 2334 ἀρχομένους
1163 2263 1482 2328 ἀποθοῦντο,
1520 2265 1613 2318 καὶ
1635 2265 1875 2332 ἀπέφευ-

279 2364 382 2417 γον
412 2353 536 2415 τοὺς
565 2351 868 2419 φιλτάτους,
927 2356 1030 2408 κάν
1067 2359 1184 2416 ταῖς
1229 2356 1368 2419 ὁδοῖς
1405 2356 1698 2428 ἐρρίπτουν
1741 2359 1871 2427 ἡμι-

282 2439 508 2510 Θνῆτιεις,
553 2443 646 2496 καὶ
694 2444 920 2516 νεκροὺς
948 2447 1187 2514 ἀτάφους
1217 2447 1731 2513 ἁπεσκυϐαλίζοντο,
1773 2448 1872 2519 τὴν

280 2531 382 2585 τοῦ
413 2532 642 2587 θανάτου
665 2535 899 2589 διάδοσιν
938 2538 1030 2591 καὶ
1050 2538 1333 2593 κοινωνέαν
1362 2540 1776 2610 ἐκτρεπόμενοι,
1807 2541 1872 2611 ἣν

281 2624 389 2677 οὐκ
427 2621 494 2695 ἦν
535 2626 627 2679 καὶ
673 2627 842 2680 πολλὰ
892 2629 1290 2700 μηχανομένοις
1332 2631 1573 2684 ἐκκλῖναι
1616 2631 1814 2702 ῥᾴδιον.
1849 2651 1866 2682 ι

282 2717 442 2770 Μετὰ
482 2719 540 2771 δέ
583 2720 786 2792 ταύτην
824 2721 923 2792 τὴν
955 2722 1263 2793 ἐπιστολὴν,
1295 2724 1722 2794 εἰρηνευσάντων
1764 2723 1872 2776 τῶν

283 2808 430 2862 κατὰ
472 2811 569 2881 τὴν
612 2812 787 2878 πόλιν,
825 2816 938 2877 τοῖς
984 2817 1103 2868 κατ’
1145 2815 1417 2884 Αἴγυπτον
1455 2816 1699 2886 ἀδελφοῖς
1755 2819 1874 2889 ἐορ-

281 2903 545 2972 ταστικὴν
572 2899 728 2968 αὖθις
760 2905 1061 2959 ἐπιστέλλει
1089 2908 1329 2979 γραφὴν,
1352 2908 1445 2961 καὶ
1476 2910 1567 2962 ἐπὶ
1588 2909 1760 2982 ταύτῃ
1788 2909 1875 2963 ἄλ-

281 2991 382 3056 λας
415 2993 704 3067 διαφόρους
734 2998 894 3051 πάλιν
910 2998 1019 3069 (86)
1040 2999 1413 3053 διατευποῦται.
1447 3001 1672 3071 Φέρεται
1702 3001 1756 3053 δέ
1788 3019 1870 3066 τις

280 3084 450 3138 αὑτοῦ
480 3088 572 3140 καὶ
605 3090 730 3159 περὶ
761 3089 1036 3143 Σαδϐάτου
1057 3107 1070 3119 ο
1104 3093 1198 3144 καὶ
1223 3091 1357 3163 ἄλλη
1389 3095 1515 3165 περὶ
1543 3095 1867 3165 γυμνασίου.

1982 1893 2156 1961 reipsa
2183 1893 2560 1962 adimplentes,
2593 1909 2715 1946 cum
2753 1893 2981 1946 aliorum
3032 1893 3335 1962 peripsema
3378 1890 3556 1946 elfeeti

1978 1999 2041 2036 ex
2073 1984 2175 2038 hac
2193 1984 2302 2037 vita
2339 1985 2659 2054 migrarent.
2693 1984 2750 2038 Et
2789 1984 2894 2039 hoc
2924 1984 3141 2053 quidem
3175 1993 3332 2048 pacto
3365 1982 3556 2053 Optimi

1982 2078 2186 2146 quique
2217 2092 2281 2130 ex
2313 2076 2576 2131 fratribus
2617 2077 2845 2144 nostris,
2898 2093 3125 2147 quorum
3159 2077 3398 2131 nonnulli
3433 2091 3556 2147 pre-

1976 2167 2177 2239 sbyteri
2215 2181 2368 2221 erant
2403 2182 2466 2222 ac
2491 2167 2705 2223 diaconi
2731 2208 2744 2232 ,
2799 2178 2853 2222 et
2885 2184 2950 2222 ex
3016 2169 3212 2237 populo
3241 2169 3557 2223 laudatissi-

1977 2275 2095 2312 mus
2116 2260 2343 2328 quisque
2387 2269 2617 2313 mortem
2673 2260 3039 2330 oppetierunt,
3082 2261 3216 2314 adeo
3274 2270 3327 2315 ut
3381 2277 3549 2330 genus

1975 2354 2075 2407 hoc
2119 2354 2308 2408 mortis
2341 2352 2411 2407 ob
2469 2353 2721 2422 pietatem
2784 2352 3013 2422 ﬁdeique
3046 2354 3411 2409 constantiam
3453 2371 3550 2408 ne-

1975 2462 2244 2517 quaquam
2306 2447 2536 2501 inl'erius
2592 2447 2856 2517 martyrio
2918 2457 3233 2502 censeatur.
3299 2446 3365 2500 Hi
3422 2462 3552 2518 ergo

1974 2547 2285 2593 sanctorum
2349 2554 2577 2607 corpora
2636 2539 2843 2608 supinis
2933 2539 3180 2594 manibus
3239 2540 3554 2609 gremiOque

1975 2631 2324 2699 excipientes,
2391 2630 2577 2686 oculos
2639 2631 2746 2684 illis
2776 2640 2946 2685 etora
3008 2632 3345 2698 claudentes,
3400 2632 3552 2699 baiu-

1976 2723 2148 2778 lantes
2191 2722 2380 2776 eadem
2445 2721 2688 2777 humeris
2743 2724 2884 2788 suis,
2912 2733 3341 2787 componentes,
3369 2723 3554 2776 adlue-

1978 2826 2250 2870 resccntes
2306 2814 2434 2879 illis,
2492 2814 2956 2884 complectentes,
2993 2814 3212 2868 lavacro
3271 2823 3325 2867 et
3389 2796 3551 2867 vesti-

1975 2907 2172 2962 mentis
2197 2915 2475 2968 ornantes,
2519 2904 2681 2974 paulo
2740 2913 2859 2972 post
2902 2904 3089 2958 eadem
3135 2901 3309 2957 cilicia
3337 2903 3404 2955 ab
3435 2901 3552 2956 aliis

1975 2998 2254 3054 consecuti
2291 3007 2450 3062 sunt;
2475 3012 2598 3051 cum
2629 2994 2952 3066 superstites
2996 3010 3210 3063 semper
3239 3010 3426 3048 eorum
3457 2994 3550 3063 qui

1977 3099 2368 3162 praecesserant
2419 3091 2664 3158 vestigiis
2730 3089 3066 3142 insisterent.
3130 3086 3372 3142 Gentiles
3423 3101 3552 3140 vero

292 3176 658 3248 Ἐρμάμμωνι
707 3179 762 3231 δέ
803 3180 962 3233 πάλιν
1007 3182 1099 3235 καὶ
1129 3186 1242 3247 τοῖς
1269 3185 1387 3238 κατ’
1417 3185 1689 3253 Αἴγυπτον
1720 3186 1866 3240 ἁδελ-

1976 3201 2200 3255 prorsus
2251 3186 2526 3240 contraria
2593 3184 2678 3239 his
2735 3191 2983 3252 egerunt.
3037 3178 3170 3234 Nam
3219 3189 3413 3245 eteos
3457 3178 3549 3249 qui

279 3271 403 3337 ᾳ-οῖς
448 3269 514 3322 δι’
555 3271 840 3343 ἐπιστολῆς
871 3275 1093 3344 ὁμιλῶν,
1129 3275 1297 3331 πολλά
1335 3294 1394 3329 τε
1436 3277 1570 3332 ἄλλα
1616 3279 1742 3349 περὶ
1768 3279 1864 3350 τῆς

279 3361 470 3415 Δεκὶου
527 3364 620 3417 καὶ¹
677 3364 786 3418 τῶν
851 3368 966 3436 μετ’
1026 3367 1186 3422 αὑτὸν
1252 3366 1533 3434 διεξελθὼν
1600 3389 1862 3442 κακοτρο-

281 3585 335 3638 in
361 3586 547 3661 codice
571 3587 824 3661 Regioet
856 3590 907 3642 iu
933 3590 1170 3644 editione
1198 3590 1333 3645 Rob.
1360 3590 1623 3660 Stephani
1653 3591 1862 3661 apposi-

281 3661 334 3728 ta
354 3666 438 3709 est
461 3658 689 3728 virgula.
726 3659 920 3713 Verum
949 3663 1000 3713 in
1029 3662 1200 3714 tribus
1230 3662 1428 3715 nostris
1458 3658 1861 3728 exemplaribus

280 3726 445 3788 Maz.,
499 3727 640 3783 Med.
694 3739 747 3783 et
791 3729 1090 3784 Fukeliano
1127 3730 1228 3783 alia
1277 3743 1359 3784 est
1395 3726 1690 3785 distinctio.
1725 3731 1858 3784 Nam

282 3807 404 3870 post
433 3813 618 3851 vocem
659 3800 1032 3870 ἁσμενέστατα
1071 3801 1313 3869 apposita
1347 3812 1432 3855 est
1463 3803 1632 3855 media
1667 3801 1859 3855 distin-

279 3868 509 3940 ctioAseu
540 3885 710 3927 mora.
737 3868 885 3936 Quod
918 3868 1366 3940 quidemidcirco
1392 3874 1714 3925 [acuendam
1742 3887 1861 3926 esse

279 3937 436 4010 duxi,
471 3954 536 3991 ne
564 3941 683 4006 quis
719 3942 860 3996 forte
899 3937 1223 4010 suspicetur,
1279 3942 1544 4009 vulgatam
1584 3943 1861 4008 interpun-

280 4008 516 4080 «tionem
553 4020 757 4065 temere
799 4028 862 4065 ac
891 4008 1008 4066 sine
1041 4008 1390 4066 auctoritate
1416 4011 1740 4080 scriptorum
1769 4027 1860 4067 co-

283 4078 462 4130 dicum
487 4095 513 4131 a
544 4081 700 4134 nobis
732 4093 990 4135 mutatam
1018 4082 1204 4136 fuisse.

353 4149 466 4222 (8|)
494 4148 1006 4222 Ἀναμασσόμενοι
1029 4151 1136 4218 τὰς
1169 4151 1533 4221 ἀλγηδόνας.
1564 4150 1780 4221 Langns
1809 4162 1864 4206 et

279 4218 810 4292 Christopborsonus
840 4218 1118 4276 verterunt
1147 4218 1469 4290 mitigantes,
1492 4218 1659 4292 quam
1685 4218 1860 4277 inter-

283 4291 642 4362 pretationem
668 4293 916 4362 equidem
940 4297 1169 4360 probare
1193 4309 1297 4346 non
1319 4291 1557 4362 possunt.
1584 4292 1718 4346 Nam
1741 4294 1865 4345 ἁνα-

283 4359 514 4428 μάσσειν
561 4361 676 4414 sive
713 4359 1010 4433 ἐκμάσσειν
1059 4364 1198 4416 idem
1237 4359 1333 4416 est
1367 4365 1509 4432 quod
1550 4365 1858 4428 exprimere.

281 4439 571 4497 extergere.
629 4434 717 4504 Ait
771 4435 933 4502 igitur
991 4434 1298 4504 Dionysius,
1357 4435 1698 4488 Christianos
1768 4434 1860 4501 qui

1972 3286 2239 3350 aegrotare
2289 3277 2604 3348 inceperant
2668 3276 3147 3342 exturbabant,et
3199 3273 3550 3329 clrarissimos

1975 3369 2347 3442 refugiebant;
2388 3385 2589 3442 eosque
2667 3369 2722 3426 in
2771 3369 2873 3425 viis
2933 3369 3233 3424 semineces
3283 3368 3551 3423 destitue-

1967 3591 2146 3663 ψημα,
2193 3590 2244 3644 id
2293 3600 2376 3647 est
2416 3601 2759 3662 purgamenta
2789 3591 2991 3654 strculi,
3038 3591 3179 3658 quod
3217 3591 3388 3660 magis
3429 3591 3543 3658 pla-

1969 3675 2074 3716 CCI.

2042 3733 2154 3797 (85)
2183 3731 2390 3786 Αὐτῶν
2435 3731 2677 3786 πάντων
2725 3733 3050 3803 περίψημα.
3095 3732 3274 3787 Codex
3323 3732 3459 3784 Med.
3495 3742 3550 3785 et

1972 3803 2106 3855 Maz.
2141 3818 2270 3856 voce
2299 3804 2535 3862 πάντων.
2574 3819 2694 3870 quin
2728 3807 2777 3856 in
2815 3806 3041 3873 vulgatis
3075 3804 3245 3863 deest,
3273 3803 3546 3855 auctiores

1968 3884 2120 3926 sunt.
2152 3879 2423 3938 qiunnodo
2448 3874 2612 3925 etiam
2649 3873 2851 3926 inFuk.
2877 3872 3137 3941 scriptum
3167 3873 3367 3928 inveni.

2044 3942 2153 4012 (st)
2191 3945 2299 3998 Kal
2337 3943 2718 4010 διατιθέντες.
2779 3945 3308 4011 Cliristophorsonus
3361 3943 3541 4006 vertit,

1970 4013 2210 4066 decenter
2238 4027 2504 4075 ornantes,
2554 4015 2712 4068 tnale.
2749 4014 2883 4067 Nam
2918 4015 2981 4067 de
3011 4024 3202 4068 ornatu
3243 4027 3370 4066 mox
3411 4013 3542 4064 sub-

1959 4084 2136 4154 jungit
2180 4086 2486 4154 Dionysius.
2527 4084 2745 4137 [lectius
2795 4086 2955 4152 igitur
2992 4085 3126 4137 verti
3157 4093 3540 4151 componentes,

1965 4155 2235 4224 quomodo
2261 4155 2553 4225 loquuntur
2581 4154 2778 4208 Latini.
2805 4156 2894 4208 Sic
2918 4154 3135 4225 Persius
3169 4169 3182 4206 :

2327 4223 2343 4277 ξ
2385 4263 2400 4278 .
2446 4263 2461 4277 .
2505 4263 2518 4276 .
2562 4228 2872 4295 tandemque
2903 4223 3141 4278 beatulus
3169 4223 3278 4277 alto

2071 4294 2398 4364 Composita:
2425 4295 2577 4356 lecto,
2608 4305 2714 4349 cte.

1965 4365 2324 4436 Hieronymus
2360 4366 2450 4420 lib.
2491 4383 2503 4419 l
2532 4364 2598 4419 In
2629 4365 2975 4436 Iovinianum
3003 4380 3022 4418 :
3056 4364 3453 4436 Compositoqne
3479 4380 3545 4419 ea:

1968 4453 2105 4490 more
2134 4435 2374 4490 cadaveri
2401 4437 2570 4502 seipse
2603 4437 2904 4504 superjecit.
2939 4435 3074 4488 Hinc
3096 4435 3410 4501 compositus
3445 4449 3541 4502 pro

279 4515 457 4564 {egros
494 4503 766 4570 pestilenti
815 4504 1002 4560 morbo
1057 4503 1362 4557 laborantes
1414 4505 1737 4569 invisebant,
1765 4521 1858 4557 ex-
1894 4507 1933 4558 D
1964 4508 2162 4560 sepulto
2217 4508 2353 4574 apud
2399 4503 2675 4573 Virgilium
2729 4503 2782 4559 et
2835 4505 3136 4559 Horatium.
3179 4505 3453 4557 Possidius
3485 4509 3536 4556 in

281 4585 501 4634 pressos
553 4576 937 4640 a‘grotantinm
977 4575 1191 4629 dolores
1239 4574 1292 4626 in
1328 4576 1647 4640 semetipsos
1687 4586 1862 4628 trans-

282 4642 492 4715 tulisse.
521 4642 741 4715 ldeuim
772 4644 1044 4714 signitiCat
1068 4661 1170 4698 vox
1199 4646 1663 4715 ἀναμασσόμενοι,
1698 4644 1748 4696 id
1779 4653 1862 4698 cst

279 4712 532 4784 excipere
574 4714 625 4766 in
663 4728 725 4768 se
761 4712 994 4784 etquasi
1029 4712 1550 4784 cxsugcreﬁralteriits
1586 4715 1855 4784 morbum.

279 4779 426 4856 Idem
454 4793 541 4856 est
576 4785 738 4856 igitur
761 4779 903 4853 quod
930 4794 1084 4839 antea
1115 4779 1254 4838 diiit
1286 4783 1593 4856 Dionysius,
1635 4784 1728 4836 xui.
1760 4783 1859 4854 τὴν

277 4851 437 4905 νόσον
461 4854 546 4922 ἐφ’
581 4851 806 4919 ἑαυτοὺς
829 4856 1095 4920 ἕλκοντες.

352 4924 462 4994 (89.)
517 4925 722 4992 Μόνης
783 4927 1259 4995 φιλοφροσύνης.
1328 4926 1444 4982 Non
1510 4934 1678 4988 recte,
1738 4939 1857 4978 meo

278 4995 496 5060 quidem
560 4996 802 5063 judicio,
871 4999 1142 5051 Masculus
1209 5009 1263 5050 et
1327 4999 1856 5064 Christophorsouus

276 5080 453 5136 verum
501 5066 907 5121 benevolentiam
955 5069 1402 5136 interpretantur,
1433 5083 1554 5121 cum
1598 5066 1855 5135 φιλοφρο-

278 5133 412 5205 σύνη
444 5135 513 5188 sit
537 5139 716 5204 potius
744 5133 1117 5191 benevolentia
1146 5139 1199 5190 in
1224 5153 1475 5193 sermone
1504 5133 1856 5202 etatl'abilita-

279 5214 331 5256 te
386 5208 582 5272 posita,
641 5223 761 5276 qua:
805 5211 1024 5261 comitas
1084 5209 1281 5261 dicitur
1327 5225 1355 5261 a
1387 5208 1611 5262 Latinis.
1650 5207 1854 5261 Gallice

274 5277 466 5346 civilité
527 5286 583 5331 et
639 5278 967 5346 compliment
1050 5293 1326 5332 vocamus.
1385 5280 1612 5334 Videtur
1669 5288 1849 5331 autem

275 5345 391 5420 haec
422 5363 526 5401 vox
559 5345 844 5420 mpth
888 5365 1008 5417 quae
1063 5350 1115 5402 in
1148 5349 1392 5416 epistolis
1447 5349 1598 5402 Pauli
1632 5347 1850 5418 legitur,

272 5419 436 5486 Vulgo
495 5420 664 5472 fuisse
737 5427 803 5473 an
855 5420 1236 5474 Alexandrinis
1286 5429 1569 5488 usurpata,
1635 5419 1850 5488 quoties

271 5503 334 5541 se
363 5491 413 5542 iu
447 5489 866 5543 salutationibus
893 5501 1080 5543 mutuo
1109 5491 1513 5558 compellarent,
1548 5499 1602 5543 et
1627 5505 1845 5556 operam

273 5561 801 5632 atqueobsequium
830 5561 1164 5632 sponderent
1197 5580 1210 5613 :
1251 5560 1388 5629 Ἐγώ
1418 5564 1531 5630 εἰμι
1563 5559 1849 5632 trepidantia

275 5645 394 5702 gon.
421 5630 574 5696 Quod
607 5641 756 5685 certe
793 5631 877 5684 bic
910 5631 1150 5702 Dionysii
1176 5632 1324 5685 locus
1355 5634 1564 5685 videtur
1598 5630 1843 5684 inlinere.

274 5698 388 5773 βῖιεὶ
423 5702 607 5770 potius
631 5702 1012 5769 intelligamus,
1043 5698 1386 5761 Christianos
1412 5703 1573 5768 vulgo
1605 5719 1633 5756 a
1667 5703 1845 5773 genti-

275 5770 413 5827 libus
477 5783 699 5829 vocatos
762 5773 928 5830 fuisse
985 5775 1087 5828 hoc
1144 5774 1382 5841 nomine,
1412 5773 1626 5827 πάντων
1673 5770 1844 5844 ’περί-

1975 4574 2092 4630 Vita
2114 4575 2180 4644 B,
2205 4578 2484 4644 Augustini
2512 4593 2530 4631 :
2559 4576 2847 4644 Confestim
2878 4593 2998 4628 vero
3029 4592 3120 4637 pro
3141 4576 3254 4644 ejus
3278 4591 3540 4627 commen-

1963 4648 2138 4700 danda
2186 4649 2420 4715 corporis
2452 4647 2772 4711 depositione
2805 4646 3038 4698 oblatum
3071 4657 3142 4698 est
3169 4663 3185 4708 ;
3232 4655 3540 4712 perat-taque

1962 4717 2260 4770 solenmiter
2292 4718 2658 4785 exsequiarum
2706 4717 2996 4785 ministerio
3033 4716 3308 4781 insigniter
3339 4731 3543 4781 compo-

1959 4784 2431 4852 situs,tleportatus
2475 4803 2537 4838 ac
2583 4787 2814 4852 sepultus
2846 4799 2940 4840 est.
2976 4784 3051 4838 lla
3087 4787 3231 4838 enim
3267 4786 3462 4854 legitur
3487 4786 3538 4838 in

1960 4857 2149 4911 (:ntlit'c
2173 4857 2546 4912 Mosciaeensi.

2033 4925 2144 4997 (85)
2170 4929 2280 4980 Καὶ
2315 4926 2720 4993 περιστολαῖς.
2751 4925 2859 4982 Nec
2885 4928 3026 4981 banc
3058 4943 3244 4982 vocem
3271 4925 3542 4980 intellexit

1959 4996 2487 5067 ChristOpborsonus
2531 5001 2620 5066 qui
2660 4999 2840 5060 vertit,
2890 4999 3048 5050 linteo
3087 4999 3292 5067 funebri
3322 4996 3538 5050 volvere.

1959 5066 2216 5121 Solebant
2250 5069 2394 5120 enim
2434 5067 2660 5120 Romani
2692 5079 2816 5120 tunc
2853 5066 3112 5136 temporis
3150 5071 3413 5122 cadavera
3449 5081 3543 5118 vo-

1958 5140 2130 5190 stibus
2158 5139 2400 5192 amicire.
2433 5141 2513 5192 Ac
2545 5139 2610 5191 de
2639 5139 2928 5206 gentilibus
2956 5141 3172 5206 quidem
3203 5153 3295 5194 res
3332 5139 3535 5204 protri-

1958 5217 2008 5259 ta
2045 5221 2148 5271 est,
2202 5208 2467 5279 adeant
2499 5210 2762 5276 exemplis
2811 5225 2931 5262 non
2984 5220 3158 5279 egeat.
3212 5209 3360 5276 Ipsos
3411 5222 3539 5279 vero

1956 5279 2298 5331 Christianos
2349 5278 2585 5330 ﬁdelium
2639 5281 2904 5333 t-znlavera
2959 5276 3256 5346 spiendidis
3300 5276 3538 5346 vestibus

1954 5351 2252 5407 obtexisse.
2279 5350 2437 5402 docet
2465 5351 2772 5415 exemplum
2806 5345 3008 5402 Asturii
3046 5351 3097 5403 in
3126 5365 3246 5415 cap.
3278 5350 3343 5400 lti
3376 5345 3539 5414 lmjus

1955 5419 2098 5470 libri.
2144 5419 2504 5490 Hieronymus
2548 5421 2598 5471 in
2634 5419 2912 5488 lipitapltio
2949 5419 3136 5473 Paula:
3189 5438 3207 5476 :
3255 5419 3382 5482 Quis
3422 5419 3536 5490 ino:

1951 5505 2074 5556 pum
2133 5484 2362 5541 moriens
2406 5504 2510 5543 non
2553 5484 2696 5543 illius
2746 5484 3061 5544 vestimentis
3113 5492 3383 5542 obvolutus
3423 5484 3536 5538 est?

1953 5558 2061 5612 Nec
2089 5559 2244 5611 aliter
2273 5559 2655 5626 intelligendus
2682 5571 2763 5614 est
2795 5561 2945 5616 locus
2969 5561 3224 5623 l’ossidii,
3253 5573 3410 5626 quem
3439 5573 3537 5609 an-

1954 5639 2034 5684 tea
2076 5629 2261 5682 citavi.

2020 5700 2132 5770 (86)
2167 5701 2387 5768 Ἄλλας
2409 5700 2733 5770 διαφόρους
2757 5702 2961 5757 πάλιν.
2991 5702 3098 5758 Vox
3127 5699 3414 5772 διατόρους
3442 5699 3541 5754 ade

1951 5771 2097 5827 ditur
2127 5787 2192 5826 ex
2223 5777 2412 5830 codice
2445 5772 2584 5829 Med.
2618 5785 2672 5828 et
2703 5775 2964 5827 .tiazarin.
