  <div class='ocr_page' id='page_1' title='image "/cluster/home/n/w/nwhite01/storage/ocr_20150623/20/hvd.32044073501181/361.png"; bbox 0 0 4114 6406; ppageno 0'>
   <div class='ocr_carea' id='block_1_1' title="bbox 685 326 789 383">
    <p class='ocr_par' dir='ltr' id='par_1_1' title="bbox 685 326 789 383">
     <span class='ocr_line' id='line_1_1' title="bbox 685 326 789 383; baseline 0.01 -1"><span class='ocrx_word' id='word_1_1' title='bbox 685 326 789 383; x_wconf 74' lang='lat'><strong>695</strong></span> 
     </span>
    </p>
   </div>
   <div class='ocr_carea' id='block_1_2' title="bbox 1395 327 3914 398">
    <p class='ocr_par' dir='ltr' id='par_1_2' title="bbox 1395 327 3914 398">
     <span class='ocr_line' id='line_1_2' title="bbox 1395 327 3914 398; baseline 0.005 -12"><span class='ocrx_word' id='word_1_2' title='bbox 1395 327 1666 388; x_wconf 83' lang='lat' dir='ltr'><strong>EUSEBII</strong></span> <span class='ocrx_word' id='word_1_3' title='bbox 1701 329 2174 391; x_wconf 60' lang='lat' dir='ltr'><strong>CAESARIENSIS</strong></span> <span class='ocrx_word' id='word_1_4' title='bbox 2205 333 2358 392; x_wconf 82' lang='lat' dir='ltr'><strong>OPP.</strong></span> <span class='ocrx_word' id='word_1_5' title='bbox 2398 334 2580 392; x_wconf 74' lang='lat' dir='ltr'><strong>PARS</strong></span> <span class='ocrx_word' id='word_1_6' title='bbox 2615 336 2658 391; x_wconf 80' lang='lat' dir='ltr'><strong>l.</strong></span> <span class='ocrx_word' id='word_1_7' title='bbox 2697 364 2767 376; x_wconf 86' lang='lat'><strong>--</strong></span> <span class='ocrx_word' id='word_1_8' title='bbox 2802 334 3197 395; x_wconf 73' lang='lat' dir='ltr'><strong>HISTORICA.</strong></span> <span class='ocrx_word' id='word_1_9' title='bbox 3827 336 3914 398; x_wconf 72' lang='lat' dir='ltr'><strong>69G</strong></span> 
     </span>
    </p>
   </div>
   <div class='ocr_carea' id='block_1_3' title="bbox 682 444 2235 527">
    <p class='ocr_par' dir='ltr' id='par_1_3' title="bbox 682 444 2227 521">
     <span class='ocr_line' id='line_1_3' title="bbox 682 444 2227 521; baseline 0.007 -22"><span class='ocrx_word' id='word_1_10' title='bbox 682 444 906 514; x_wconf 77' lang='lat' dir='ltr'><strong>gatione</strong></span> <span class='ocrx_word' id='word_1_11' title='bbox 932 457 988 501; x_wconf 90' lang='lat' dir='ltr'><strong>et</strong></span> <span class='ocrx_word' id='word_1_12' title='bbox 1014 445 1408 504; x_wconf 87' lang='lat' dir='ltr'><strong>assimilatione</strong></span> <span class='ocrx_word' id='word_1_13' title='bbox 1439 452 1644 506; x_wconf 87' lang='lat' dir='ltr'><strong>sentire</strong></span> <span class='ocrx_word' id='word_1_14' title='bbox 1692 452 2005 521; x_wconf 84' lang='lat' dir='ltr'><strong>patiantur;</strong></span> <span class='ocrx_word' id='word_1_15' title='bbox 2053 456 2149 511; x_wconf 87' lang='lat' dir='ltr'><strong>sed</strong></span> <span class='ocrx_word' id='word_1_16' title='bbox 2180 456 2227 510; x_wconf 89' lang='lat' dir='ltr'><strong>le</strong></span> 
     </span>
    </p>
   </div>
   <div class='ocr_carea' id='block_1_4' title="bbox 2344 444 3917 527">
    <p class='ocr_par' dir='ltr' id='par_1_4' title="bbox 2363 452 3917 527">
     <span class='ocr_line' id='line_1_4' title="bbox 2363 452 3917 527; baseline -0.004 -16"><span class='ocrx_word' id='word_1_17' title='bbox 2363 456 2585 521; x_wconf 81' lang='grc' dir='ltr'><strong>Τούτοις</strong></span> <span class='ocrx_word' id='word_1_18' title='bbox 2632 455 2749 527; x_wconf 86' lang='grc' dir='ltr'>μεθ’</span> <span class='ocrx_word' id='word_1_19' title='bbox 2793 456 2957 527; x_wconf 72' lang='grc' dir='ltr'>ἔτερα</span> <span class='ocrx_word' id='word_1_20' title='bbox 2996 454 3247 525; x_wconf 60' lang='grc' dir='ltr'>ἐπιφέρει</span> <span class='ocrx_word' id='word_1_21' title='bbox 3288 452 3506 522; x_wconf 80' lang='grc' dir='ltr'>λέγων·</span> <span class='ocrx_word' id='word_1_22' title='bbox 3551 469 3572 504; x_wconf 79' lang='grc' dir='ltr'><strong>ι</strong></span> <span class='ocrx_word' id='word_1_23' title='bbox 3617 452 3705 506; x_wconf 81' lang='grc' dir='ltr'>Ἐν</span> <span class='ocrx_word' id='word_1_24' title='bbox 3732 452 3917 523; x_wconf 64' lang='grc' dir='ltr'>μὲνοῦν</span> 
     </span>
    </p>
   </div>
   <div class='ocr_carea' id='block_1_5' title="bbox 680 537 2259 614">
    <p class='ocr_par' dir='ltr' id='par_1_5' title="bbox 680 537 2259 614">
     <span class='ocr_line' id='line_1_5' title="bbox 680 537 2259 614; baseline 0.013 -29"><span class='ocrx_word' id='word_1_25' title='bbox 680 537 767 590; x_wconf 82' lang='lat' dir='ltr'><strong>via</strong></span> <span class='ocrx_word' id='word_1_26' title='bbox 791 538 1037 605; x_wconf 72' lang='lat' dir='ltr'><strong>qumdam</strong></span> <span class='ocrx_word' id='word_1_27' title='bbox 1096 554 1160 596; x_wconf 87' lang='lat' dir='ltr'><strong>ac</strong></span> <span class='ocrx_word' id='word_1_28' title='bbox 1193 542 1461 605; x_wconf 89' lang='lat' dir='ltr'><strong>mortalia,</strong></span> <span class='ocrx_word' id='word_1_29' title='bbox 1500 555 1555 598; x_wconf 91' lang='lat' dir='ltr'><strong>et</strong></span> <span class='ocrx_word' id='word_1_30' title='bbox 1587 544 1770 614; x_wconf 88' lang='lat' dir='ltr'><strong>qualia</strong></span> <span class='ocrx_word' id='word_1_31' title='bbox 1832 561 1978 600; x_wconf 87' lang='lat' dir='ltr'><strong>nunc</strong></span> <span class='ocrx_word' id='word_1_32' title='bbox 2012 547 2259 605; x_wconf 82' lang='lat' dir='ltr'><strong>homines</strong></span> 
     </span>
    </p>
   </div>
   <div class='ocr_carea' id='block_1_6' title="bbox 679 635 2259 709">
    <p class='ocr_par' dir='ltr' id='par_1_6' title="bbox 679 635 2259 709">
     <span class='ocr_line' id='line_1_6' title="bbox 679 635 2259 709; baseline 0.007 -22"><span class='ocrx_word' id='word_1_33' title='bbox 679 648 907 700; x_wconf 77' lang='lat' dir='ltr'><strong>sperare</strong></span> <span class='ocrx_word' id='word_1_34' title='bbox 953 635 1131 692; x_wconf 89' lang='lat' dir='ltr'><strong>solent</strong></span> <span class='ocrx_word' id='word_1_35' title='bbox 1184 637 1237 691; x_wconf 95' lang='lat' dir='ltr'><strong>in</strong></span> <span class='ocrx_word' id='word_1_36' title='bbox 1267 652 1435 709; x_wconf 84' lang='lat' dir='ltr'><strong>regno</strong></span> <span class='ocrx_word' id='word_1_37' title='bbox 1460 638 1551 694; x_wconf 90' lang='lat' dir='ltr'><strong>Dei</strong></span> <span class='ocrx_word' id='word_1_38' title='bbox 1573 641 1817 709; x_wconf 83' lang='lat' dir='ltr'><strong>cogitare</strong></span> <span class='ocrx_word' id='word_1_39' title='bbox 1844 642 2113 708; x_wconf 72' lang='lat' dir='ltr'><strong>jubeant;</strong></span> <span class='ocrx_word' id='word_1_40' title='bbox 2165 660 2259 699; x_wconf 87' lang='lat' dir='ltr'><strong>ne-</strong></span> 
     </span>
    </p>
   </div>
   <div class='ocr_carea' id='block_1_7' title="bbox 678 726 2256 803">
    <p class='ocr_par' dir='ltr' id='par_1_7' title="bbox 678 726 2256 803">
     <span class='ocr_line' id='line_1_7' title="bbox 678 726 2256 803; baseline 0.008 -28"><span class='ocrx_word' id='word_1_41' title='bbox 678 739 835 778; x_wconf 64' lang='lat' dir='ltr'><strong>cesse</strong></span> <span class='ocrx_word' id='word_1_42' title='bbox 896 736 982 779; x_wconf 91' lang='lat' dir='ltr'><strong>est</strong></span> <span class='ocrx_word' id='word_1_43' title='bbox 1027 735 1088 779; x_wconf 91' lang='lat' dir='ltr'><strong>ut</strong></span> <span class='ocrx_word' id='word_1_44' title='bbox 1141 726 1401 783; x_wconf 86' lang='lat' dir='ltr'><strong>adversus</strong></span> <span class='ocrx_word' id='word_1_45' title='bbox 1462 729 1689 784; x_wconf 75' lang='lat' dir='ltr'><strong>fratrem</strong></span> <span class='ocrx_word' id='word_1_46' title='bbox 1757 747 1937 785; x_wconf 90' lang='lat' dir='ltr'><strong>meum</strong></span> <span class='ocrx_word' id='word_1_47' title='bbox 1996 733 2256 803; x_wconf 70' lang='lat' dir='ltr'><strong>Nepotem</strong></span> 
     </span>
    </p>
   </div>
   <div class='ocr_carea' id='block_1_8' title="bbox 676 816 2257 888">
    <p class='ocr_par' dir='ltr' id='par_1_8' title="bbox 676 816 2257 888">
     <span class='ocr_line' id='line_1_8' title="bbox 676 816 2257 888; baseline 0.008 -21"><span class='ocrx_word' id='word_1_48' title='bbox 676 816 835 883; x_wconf 89' lang='lat' dir='ltr'><strong>quasi</strong></span> <span class='ocrx_word' id='word_1_49' title='bbox 861 825 1209 885; x_wconf 60' lang='lat' dir='ltr'><strong>prasentem,</strong></span> <span class='ocrx_word' id='word_1_50' title='bbox 1237 819 1654 888; x_wconf 88' lang='lat' dir='ltr'><strong>disputationem</strong></span> <span class='ocrx_word' id='word_1_51' title='bbox 1718 821 2022 876; x_wconf 87' lang='lat' dir='ltr'><strong>instituam.</strong></span> <span class='ocrx_word' id='word_1_52' title='bbox 2062 844 2081 877; x_wconf 67' lang='grc' dir='ltr'><strong>ι</strong></span> <span class='ocrx_word' id='word_1_53' title='bbox 2117 825 2257 879; x_wconf 88' lang='lat' dir='ltr'><strong>Pau-</strong></span> 
     </span>
    </p>
   </div>
   <div class='ocr_carea' id='block_1_9' title="bbox 675 904 2252 984">
    <p class='ocr_par' dir='ltr' id='par_1_9' title="bbox 675 904 2252 984">
     <span class='ocr_line' id='line_1_9' title="bbox 675 904 2252 984; baseline 0.009 -28"><span class='ocrx_word' id='word_1_54' title='bbox 675 904 756 959; x_wconf 85' lang='lat' dir='ltr'><strong>cis</strong></span> <span class='ocrx_word' id='word_1_55' title='bbox 794 906 988 961; x_wconf 86' lang='lat' dir='ltr'><strong>deinde</strong></span> <span class='ocrx_word' id='word_1_56' title='bbox 1012 907 1486 979; x_wconf 82' lang='lat' dir='ltr'><strong>interpositis,ha:c</strong></span> <span class='ocrx_word' id='word_1_57' title='bbox 1503 910 1810 984; x_wconf 81' lang='lat' dir='ltr'><strong>subjungit:</strong></span> <span class='ocrx_word' id='word_1_58' title='bbox 1850 933 1868 965; x_wconf 81' lang='grc' dir='ltr'><strong>ι</strong></span> <span class='ocrx_word' id='word_1_59' title='bbox 1893 914 2026 969; x_wconf 89' lang='lat' dir='ltr'><strong>Cum</strong></span> <span class='ocrx_word' id='word_1_60' title='bbox 2052 931 2252 980; x_wconf 82' lang='lat' dir='ltr'><strong>essem.</strong></span> 
     </span>
    </p>
   </div>
   <div class='ocr_carea' id='block_1_10' title="bbox 674 997 2252 1077">
    <p class='ocr_par' dir='ltr' id='par_1_10' title="bbox 674 997 2252 1077">
     <span class='ocr_line' id='line_1_10' title="bbox 674 997 2252 1077; baseline 0.006 -26"><span class='ocrx_word' id='word_1_61' title='bbox 674 997 877 1067; x_wconf 84' lang='lat' dir='ltr'><strong>inquit,</strong></span> <span class='ocrx_word' id='word_1_62' title='bbox 934 998 988 1054; x_wconf 92' lang='lat' dir='ltr'><strong>in</strong></span> <span class='ocrx_word' id='word_1_63' title='bbox 1026 999 1347 1055; x_wconf 85' lang='lat' dir='ltr'><strong>Arsinoitica</strong></span> <span class='ocrx_word' id='word_1_64' title='bbox 1393 1002 1738 1071; x_wconf 65' lang='lat' dir='ltr'><strong>praefectura.</strong></span> <span class='ocrx_word' id='word_1_65' title='bbox 1794 1004 1847 1077; x_wconf 87' lang='lat' dir='ltr'><strong>in</strong></span> <span class='ocrx_word' id='word_1_66' title='bbox 1880 1021 1985 1074; x_wconf 91' lang='lat' dir='ltr'><strong>qua</strong></span> <span class='ocrx_word' id='word_1_67' title='bbox 2024 1006 2252 1077; x_wconf 87' lang='lat' dir='ltr'><strong>jampri-</strong></span> 
     </span>
    </p>
   </div>
   <div class='ocr_carea' id='block_1_11' title="bbox 674 1089 2252 1168">
    <p class='ocr_par' dir='ltr' id='par_1_11' title="bbox 674 1089 2252 1168">
     <span class='ocr_line' id='line_1_11' title="bbox 674 1089 2252 1168; baseline 0.007 -26"><span class='ocrx_word' id='word_1_68' title='bbox 674 1089 819 1157; x_wconf 89' lang='lat' dir='ltr'><strong>dem,</strong></span> <span class='ocrx_word' id='word_1_69' title='bbox 864 1103 923 1144; x_wconf 86' lang='lat' dir='ltr'><strong>ut</strong></span> <span class='ocrx_word' id='word_1_70' title='bbox 969 1091 1135 1157; x_wconf 82' lang='lat' dir='ltr'><strong>nosti,</strong></span> <span class='ocrx_word' id='word_1_71' title='bbox 1170 1092 1333 1161; x_wconf 80' lang='grc'><strong>272</strong></span> <span class='ocrx_word' id='word_1_72' title='bbox 1391 1094 1695 1149; x_wconf 84' lang='lat' dir='ltr'><strong>increbruit</strong></span> <span class='ocrx_word' id='word_1_73' title='bbox 1743 1095 1859 1152; x_wconf 73' lang='lat' dir='ltr'><strong>hme</strong></span> <span class='ocrx_word' id='word_1_74' title='bbox 1891 1097 2095 1168; x_wconf 89' lang='lat' dir='ltr'><strong>opinio,</strong></span> <span class='ocrx_word' id='word_1_75' title='bbox 2121 1103 2252 1154; x_wconf 88' lang='lat' dir='ltr'><strong>adeo</strong></span> 
     </span>
    </p>
   </div>
   <div class='ocr_carea' id='block_1_12' title="bbox 672 1183 2248 1252">
    <p class='ocr_par' dir='ltr' id='par_1_12' title="bbox 672 1183 2248 1252">
     <span class='ocr_line' id='line_1_12' title="bbox 672 1183 2248 1252; baseline 0.005 -15"><span class='ocrx_word' id='word_1_76' title='bbox 672 1194 734 1239; x_wconf 86' lang='lat' dir='ltr'><strong>ut</strong></span> <span class='ocrx_word' id='word_1_77' title='bbox 786 1183 1078 1239; x_wconf 80' lang='lat' dir='ltr'><strong>schismata</strong></span> <span class='ocrx_word' id='word_1_78' title='bbox 1128 1193 1181 1239; x_wconf 89' lang='lat' dir='ltr'><strong>et</strong></span> <span class='ocrx_word' id='word_1_79' title='bbox 1212 1184 1543 1252; x_wconf 86' lang='lat' dir='ltr'><strong>integrarum</strong></span> <span class='ocrx_word' id='word_1_80' title='bbox 1589 1184 1957 1243; x_wconf 86' lang='lat' dir='ltr'><strong>Ecclesiarum</strong></span> <span class='ocrx_word' id='word_1_81' title='bbox 1988 1191 2248 1245; x_wconf 77' lang='lat' dir='ltr'><strong>defectio-</strong></span> 
     </span>
    </p>
   </div>
   <div class='ocr_carea' id='block_1_13' title="bbox 672 1274 2251 1349">
    <p class='ocr_par' dir='ltr' id='par_1_13' title="bbox 672 1274 2251 1349">
     <span class='ocr_line' id='line_1_13' title="bbox 672 1274 2251 1349; baseline 0.005 -19"><span class='ocrx_word' id='word_1_82' title='bbox 672 1291 771 1330; x_wconf 90' lang='lat' dir='ltr'><strong>nes</strong></span> <span class='ocrx_word' id='word_1_83' title='bbox 823 1274 1036 1342; x_wconf 80' lang='lat' dir='ltr'><strong>ﬁerent;</strong></span> <span class='ocrx_word' id='word_1_84' title='bbox 1080 1276 1395 1331; x_wconf 75' lang='lat' dir='ltr'><strong>convocatis</strong></span> <span class='ocrx_word' id='word_1_85' title='bbox 1448 1278 1780 1349; x_wconf 67' lang='lat' dir='ltr'><strong>presbyteris</strong></span> <span class='ocrx_word' id='word_1_86' title='bbox 1813 1296 1877 1334; x_wconf 90' lang='lat' dir='ltr'><strong>ac</strong></span> <span class='ocrx_word' id='word_1_87' title='bbox 1933 1282 2251 1338; x_wconf 89' lang='lat' dir='ltr'><strong>doctoribus</strong></span> 
     </span>
    </p>
   </div>
   <div class='ocr_carea' id='block_1_14' title="bbox 671 1368 2248 1447">
    <p class='ocr_par' dir='ltr' id='par_1_14' title="bbox 671 1368 2248 1447">
     <span class='ocr_line' id='line_1_14' title="bbox 671 1368 2248 1447; baseline 0.006 -26"><span class='ocrx_word' id='word_1_88' title='bbox 671 1370 762 1437; x_wconf 92' lang='lat' dir='ltr'><strong>qui</strong></span> <span class='ocrx_word' id='word_1_89' title='bbox 792 1383 888 1437; x_wconf 87' lang='lat' dir='ltr'><strong>per</strong></span> <span class='ocrx_word' id='word_1_90' title='bbox 919 1368 1165 1438; x_wconf 87' lang='lat' dir='ltr'><strong>singulos</strong></span> <span class='ocrx_word' id='word_1_91' title='bbox 1196 1369 1348 1424; x_wconf 83' lang='lat' dir='ltr'><strong>vicos</strong></span> <span class='ocrx_word' id='word_1_92' title='bbox 1388 1369 1651 1425; x_wconf 80' lang='lat' dir='ltr'><strong>fratribus</strong></span> <span class='ocrx_word' id='word_1_93' title='bbox 1679 1373 2073 1444; x_wconf 73' lang='lat' dir='ltr'><strong>przedicabant,</strong></span> <span class='ocrx_word' id='word_1_94' title='bbox 2106 1393 2248 1447; x_wconf 74' lang='lat' dir='ltr'><strong>prte-</strong></span> 
     </span>
    </p>
   </div>
   <div class='ocr_carea' id='block_1_15' title="bbox 670 1458 2247 1533">
    <p class='ocr_par' dir='ltr' id='par_1_15' title="bbox 670 1458 2247 1533">
     <span class='ocr_line' id='line_1_15' title="bbox 670 1458 2247 1533; baseline 0.007 -21"><span class='ocrx_word' id='word_1_95' title='bbox 670 1459 918 1513; x_wconf 79' lang='lat' dir='ltr'><strong>seutibus</strong></span> <span class='ocrx_word' id='word_1_96' title='bbox 948 1459 1074 1513; x_wconf 90' lang='lat' dir='ltr'><strong>item</strong></span> <span class='ocrx_word' id='word_1_97' title='bbox 1117 1458 1379 1513; x_wconf 87' lang='lat' dir='ltr'><strong>fratribus</strong></span> <span class='ocrx_word' id='word_1_98' title='bbox 1423 1460 1514 1531; x_wconf 86' lang='lat' dir='ltr'><strong>qui</strong></span> <span class='ocrx_word' id='word_1_99' title='bbox 1545 1462 1736 1516; x_wconf 82' lang='lat' dir='ltr'><strong>adesse</strong></span> <span class='ocrx_word' id='word_1_100' title='bbox 1777 1463 2082 1533; x_wconf 85' lang='lat' dir='ltr'><strong>voluerant,</strong></span> <span class='ocrx_word' id='word_1_101' title='bbox 2116 1467 2247 1522; x_wconf 87' lang='lat' dir='ltr'><strong>hor-</strong></span> 
     </span>
    </p>
   </div>
   <div class='ocr_carea' id='block_1_16' title="bbox 670 1549 2246 1621">
    <p class='ocr_par' dir='ltr' id='par_1_16' title="bbox 670 1549 2246 1621">
     <span class='ocr_line' id='line_1_16' title="bbox 670 1549 2246 1621; baseline 0.004 -15"><span class='ocrx_word' id='word_1_102' title='bbox 670 1560 815 1606; x_wconf 83' lang='lat' dir='ltr'><strong>tatus</strong></span> <span class='ocrx_word' id='word_1_103' title='bbox 866 1565 982 1605; x_wconf 87' lang='lat' dir='ltr'><strong>sum</strong></span> <span class='ocrx_word' id='word_1_104' title='bbox 1036 1549 1158 1605; x_wconf 91' lang='lat' dir='ltr'><strong>illos</strong></span> <span class='ocrx_word' id='word_1_105' title='bbox 1198 1560 1255 1604; x_wconf 90' lang='lat' dir='ltr'><strong>ut</strong></span> <span class='ocrx_word' id='word_1_106' title='bbox 1299 1566 1361 1604; x_wconf 88' lang='lat' dir='ltr'><strong>ea</strong></span> <span class='ocrx_word' id='word_1_107' title='bbox 1394 1551 1640 1606; x_wconf 90' lang='lat' dir='ltr'><strong>doctrina</strong></span> <span class='ocrx_word' id='word_1_108' title='bbox 1692 1553 1869 1621; x_wconf 84' lang='lat' dir='ltr'><strong>palam</strong></span> <span class='ocrx_word' id='word_1_109' title='bbox 1904 1555 1955 1609; x_wconf 88' lang='lat' dir='ltr'><strong>in</strong></span> <span class='ocrx_word' id='word_1_110' title='bbox 1985 1558 2246 1613; x_wconf 86' lang='lat' dir='ltr'><strong>concione</strong></span> 
     </span>
    </p>
   </div>
   <div class='ocr_carea' id='block_1_17' title="bbox 666 1639 2245 1716">
    <p class='ocr_par' dir='ltr' id='par_1_17' title="bbox 666 1639 2245 1716">
     <span class='ocr_line' id='line_1_17' title="bbox 666 1639 2245 1716; baseline 0.006 -23"><span class='ocrx_word' id='word_1_111' title='bbox 666 1640 1097 1695; x_wconf 79' lang='lat' dir='ltr'><strong>exaiuinaretur.</strong></span> <span class='ocrx_word' id='word_1_112' title='bbox 1135 1639 1379 1710; x_wconf 90' lang='lat' dir='ltr'><strong>Cumque</strong></span> <span class='ocrx_word' id='word_1_113' title='bbox 1414 1642 1558 1696; x_wconf 90' lang='lat' dir='ltr'><strong>hunc</strong></span> <span class='ocrx_word' id='word_1_114' title='bbox 1612 1641 1809 1697; x_wconf 89' lang='lat' dir='ltr'><strong>librum</strong></span> <span class='ocrx_word' id='word_1_115' title='bbox 1843 1655 2099 1716; x_wconf 88' lang='lat' dir='ltr'><strong>tanquam</strong></span> <span class='ocrx_word' id='word_1_116' title='bbox 2128 1664 2245 1704; x_wconf 92' lang='lat' dir='ltr'><strong>scu-</strong></span> 
     </span>
    </p>
   </div>
   <div class='ocr_carea' id='block_1_18' title="bbox 668 1733 2242 1812">
    <p class='ocr_par' dir='ltr' id='par_1_18' title="bbox 668 1733 2242 1812">
     <span class='ocr_line' id='line_1_18' title="bbox 668 1733 2242 1812; baseline 0.007 -27"><span class='ocrx_word' id='word_1_117' title='bbox 668 1743 780 1785; x_wconf 88' lang='lat' dir='ltr'><strong>tum</strong></span> <span class='ocrx_word' id='word_1_118' title='bbox 806 1733 1076 1801; x_wconf 87' lang='lat' dir='ltr'><strong>quoddam</strong></span> <span class='ocrx_word' id='word_1_119' title='bbox 1107 1748 1430 1803; x_wconf 89' lang='lat' dir='ltr'><strong>murumque</strong></span> <span class='ocrx_word' id='word_1_120' title='bbox 1468 1733 1947 1805; x_wconf 78' lang='lat' dir='ltr'><strong>inexpugnabilem</strong></span> <span class='ocrx_word' id='word_1_121' title='bbox 1987 1739 2116 1795; x_wconf 90' lang='lat' dir='ltr'><strong>tnihi</strong></span> <span class='ocrx_word' id='word_1_122' title='bbox 2145 1757 2242 1812; x_wconf 88' lang='lat' dir='ltr'><strong>0p-</strong></span> 
     </span>
    </p>
   </div>
   <div class='ocr_carea' id='block_1_19' title="bbox 2361 543 3917 621">
    <p class='ocr_par' dir='ltr' id='par_1_19' title="bbox 2361 543 3917 621">
     <span class='ocr_line' id='line_1_19' title="bbox 2361 543 3917 621; baseline -0.001 -18"><span class='ocrx_word' id='word_1_123' title='bbox 2361 549 2440 620; x_wconf 82' lang='grc' dir='ltr'><strong>τῷ</strong></span> <span class='ocrx_word' id='word_1_124' title='bbox 2479 549 2819 621; x_wconf 83' lang='grc' dir='ltr'>Ἀρσενοείτῃ</span> <span class='ocrx_word' id='word_1_125' title='bbox 2848 548 2958 617; x_wconf 70' lang='grc'><strong>(94)</strong></span> <span class='ocrx_word' id='word_1_126' title='bbox 2993 548 3303 618; x_wconf 83' lang='grc' dir='ltr'>γενόμενος.</span> <span class='ocrx_word' id='word_1_127' title='bbox 3335 545 3467 598; x_wconf 77' lang='grc' dir='ltr'>ἔνθα</span> <span class='ocrx_word' id='word_1_128' title='bbox 3494 584 3511 607; x_wconf 83' lang='grc'><em>,</em></span> <span class='ocrx_word' id='word_1_129' title='bbox 3538 544 3615 609; x_wconf 88' lang='grc' dir='ltr'>ὠς</span> <span class='ocrx_word' id='word_1_130' title='bbox 3642 543 3800 610; x_wconf 74' lang='grc' dir='ltr'>οἶδας,</span> <span class='ocrx_word' id='word_1_131' title='bbox 3829 549 3917 620; x_wconf 69' lang='grc' dir='ltr'>πρὸ</span> 
     </span>
    </p>
   </div>
   <div class='ocr_carea' id='block_1_20' title="bbox 2360 634 3916 708">
    <p class='ocr_par' dir='ltr' id='par_1_20' title="bbox 2360 634 3916 708">
     <span class='ocr_line' id='line_1_20' title="bbox 2360 634 3916 708; baseline -0.001 -16"><span class='ocrx_word' id='word_1_132' title='bbox 2360 638 2556 692; x_wconf 82' lang='grc' dir='ltr'>πολλοῦ</span> <span class='ocrx_word' id='word_1_133' title='bbox 2579 638 2738 691; x_wconf 81' lang='grc' dir='ltr'>τοῦτο</span> <span class='ocrx_word' id='word_1_134' title='bbox 2762 635 3063 701; x_wconf 71' lang='grc' dir='ltr'><strong>ἐπεπόλαζε</strong></span> <span class='ocrx_word' id='word_1_135' title='bbox 3093 637 3154 690; x_wconf 81' lang='grc' dir='ltr'>τὸ</span> <span class='ocrx_word' id='word_1_136' title='bbox 3183 636 3359 707; x_wconf 91' lang='grc' dir='ltr'>δόγμα</span> <span class='ocrx_word' id='word_1_137' title='bbox 3391 634 3534 706; x_wconf 76' lang='lat'><strong>(95),</strong></span> <span class='ocrx_word' id='word_1_138' title='bbox 3569 635 3645 698; x_wconf 84' lang='grc' dir='ltr'><strong>ὡς</strong></span> <span class='ocrx_word' id='word_1_139' title='bbox 3689 636 3780 688; x_wconf 72' lang='grc' dir='ltr'><strong>καὶ</strong></span> <span class='ocrx_word' id='word_1_140' title='bbox 3820 639 3916 708; x_wconf 65' lang='grc' dir='ltr'>σχί-</span> 
     </span>
    </p>
   </div>
   <div class='ocr_carea' id='block_1_21' title="bbox 2361 725 3917 804">
    <p class='ocr_par' dir='ltr' id='par_1_21' title="bbox 2361 725 3917 804">
     <span class='ocr_line' id='line_1_21' title="bbox 2361 725 3917 804; baseline -0.001 -19"><span class='ocrx_word' id='word_1_141' title='bbox 2361 748 2544 804; x_wconf 83' lang='grc' dir='ltr'>σματα</span> <span class='ocrx_word' id='word_1_142' title='bbox 2594 732 2685 786; x_wconf 78' lang='grc' dir='ltr'><strong>καὶ</strong></span> <span class='ocrx_word' id='word_1_143' title='bbox 2733 729 3069 794; x_wconf 83' lang='grc' dir='ltr'>ἀποστασίας</span> <span class='ocrx_word' id='word_1_144' title='bbox 3095 729 3231 783; x_wconf 83' lang='grc' dir='ltr'>ὅλων</span> <span class='ocrx_word' id='word_1_145' title='bbox 3275 725 3623 798; x_wconf 83' lang='grc' dir='ltr'>Ἑκκλησιῶν</span> <span class='ocrx_word' id='word_1_146' title='bbox 3646 728 3917 796; x_wconf 76' lang='grc' dir='ltr'>γεγονέναι,</span> 
     </span>
    </p>
   </div>
   <div class='ocr_carea' id='block_1_22' title="bbox 2360 819 3919 893">
    <p class='ocr_par' dir='ltr' id='par_1_22' title="bbox 2360 819 3919 893">
     <span class='ocr_line' id='line_1_22' title="bbox 2360 819 3919 893; baseline -0.002 -16"><span class='ocrx_word' id='word_1_147' title='bbox 2360 822 2699 892; x_wconf 80' lang='grc' dir='ltr'><strong>συγκαλέσας</strong></span> <span class='ocrx_word' id='word_1_148' title='bbox 2724 824 2851 887; x_wconf 76' lang='grc' dir='ltr'>τοὺς</span> <span class='ocrx_word' id='word_1_149' title='bbox 2888 821 3289 893; x_wconf 82' lang='grc' dir='ltr'>πρεσϐυτέρους</span> <span class='ocrx_word' id='word_1_150' title='bbox 3328 820 3426 877; x_wconf 74' lang='grc' dir='ltr'>καὶ</span> <span class='ocrx_word' id='word_1_151' title='bbox 3457 819 3809 883; x_wconf 71' lang='grc' dir='ltr'><strong>διδασκάλους</strong></span> <span class='ocrx_word' id='word_1_152' title='bbox 3829 821 3919 874; x_wconf 78' lang='grc' dir='ltr'><strong>τῶν</strong></span> 
     </span>
    </p>
   </div>
   <div class='ocr_carea' id='block_1_23' title="bbox 2357 908 3915 986">
    <p class='ocr_par' dir='ltr' id='par_1_23' title="bbox 2357 908 3915 986">
     <span class='ocr_line' id='line_1_23' title="bbox 2357 908 3915 986; baseline -0.003 -15"><span class='ocrx_word' id='word_1_153' title='bbox 2357 920 2415 971; x_wconf 88' lang='grc' dir='ltr'><strong>ἐν</strong></span> <span class='ocrx_word' id='word_1_154' title='bbox 2447 918 2567 978; x_wconf 87' lang='grc' dir='ltr'>ταῖς</span> <span class='ocrx_word' id='word_1_155' title='bbox 2612 913 2827 986; x_wconf 80' lang='grc' dir='ltr'>κώμαις</span> <span class='ocrx_word' id='word_1_156' title='bbox 2859 913 3103 983; x_wconf 76' lang='grc' dir='ltr'><strong>ἀδελφῶν</strong></span> <span class='ocrx_word' id='word_1_157' title='bbox 3123 954 3137 975; x_wconf 84' lang='grc'>,</span> <span class='ocrx_word' id='word_1_158' title='bbox 3168 914 3454 985; x_wconf 74' lang='grc' dir='ltr'><strong>παρόντων</strong></span> <span class='ocrx_word' id='word_1_159' title='bbox 3485 912 3583 964; x_wconf 74' lang='grc' dir='ltr'>καὶ</span> <span class='ocrx_word' id='word_1_160' title='bbox 3615 910 3724 965; x_wconf 82' lang='grc' dir='ltr'>τῶν</span> <span class='ocrx_word' id='word_1_161' title='bbox 3756 908 3915 981; x_wconf 75' lang='grc' dir='ltr'>βουλο-</span> 
     </span>
    </p>
   </div>
   <div class='ocr_carea' id='block_1_24' title="bbox 2359 1003 3917 1079">
    <p class='ocr_par' dir='ltr' id='par_1_24' title="bbox 2359 1003 3917 1079">
     <span class='ocr_line' id='line_1_24' title="bbox 2359 1003 3917 1079; baseline -0.001 -20"><span class='ocrx_word' id='word_1_162' title='bbox 2359 1007 2533 1079; x_wconf 78' lang='grc' dir='ltr'>μένων</span> <span class='ocrx_word' id='word_1_163' title='bbox 2557 1005 3070 1077; x_wconf 60' lang='grc' dir='ltr'>ἀδελφῶνβημοσίᾳ</span> <span class='ocrx_word' id='word_1_164' title='bbox 3090 1005 3189 1077; x_wconf 72' lang='grc' dir='ltr'>τὴν</span> <span class='ocrx_word' id='word_1_165' title='bbox 3217 1003 3464 1070; x_wconf 71' lang='grc' dir='ltr'>ἐξέτασιν</span> <span class='ocrx_word' id='word_1_166' title='bbox 3492 1003 3816 1074; x_wconf 76' lang='grc' dir='ltr'>ποιήσασθαι</span> <span class='ocrx_word' id='word_1_167' title='bbox 3837 1004 3917 1059; x_wconf 69' lang='grc' dir='ltr'>τοῦ</span> 
     </span>
    </p>
   </div>
   <div class='ocr_carea' id='block_1_25' title="bbox 2353 1095 3917 1170">
    <p class='ocr_par' dir='ltr' id='par_1_25' title="bbox 2353 1095 3917 1170">
     <span class='ocr_line' id='line_1_25' title="bbox 2353 1095 3917 1170; baseline 0.001 -19"><span class='ocrx_word' id='word_1_168' title='bbox 2353 1099 2512 1167; x_wconf 81' lang='grc' dir='ltr'>λόγου</span> <span class='ocrx_word' id='word_1_169' title='bbox 2548 1098 2986 1170; x_wconf 74' lang='grc' dir='ltr'>προετρεψάμην.</span> <span class='ocrx_word' id='word_1_170' title='bbox 3014 1098 3123 1151; x_wconf 73' lang='grc' dir='ltr'><strong>Καὶ</strong></span> <span class='ocrx_word' id='word_1_171' title='bbox 3153 1095 3312 1149; x_wconf 75' lang='grc' dir='ltr'><strong>τοῦτό</strong></span> <span class='ocrx_word' id='word_1_172' title='bbox 3339 1113 3430 1167; x_wconf 87' lang='grc' dir='ltr'><strong>μοι</strong></span> <span class='ocrx_word' id='word_1_173' title='bbox 3470 1096 3848 1163; x_wconf 76' lang='grc' dir='ltr'><strong>προσαγόντων</strong></span> <span class='ocrx_word' id='word_1_174' title='bbox 3866 1095 3917 1152; x_wconf 67' lang='grc' dir='ltr'><strong>τὸ</strong></span> 
     </span>
    </p>
   </div>
   <div class='ocr_carea' id='block_1_26' title="bbox 2354 1189 3914 1263">
    <p class='ocr_par' dir='ltr' id='par_1_26' title="bbox 2354 1189 3914 1263">
     <span class='ocr_line' id='line_1_26' title="bbox 2354 1189 3914 1263; baseline -0.001 -18"><span class='ocrx_word' id='word_1_175' title='bbox 2354 1192 2556 1263; x_wconf 82' lang='grc' dir='ltr'>βιϐλίον</span> <span class='ocrx_word' id='word_1_176' title='bbox 2596 1190 2671 1253; x_wconf 77' lang='grc' dir='ltr'>ὣς</span> <span class='ocrx_word' id='word_1_177' title='bbox 2705 1209 2757 1243; x_wconf 90' lang='grc' dir='ltr'><strong>τι</strong></span> <span class='ocrx_word' id='word_1_178' title='bbox 2793 1191 2955 1243; x_wconf 80' lang='grc' dir='ltr'>ὅπλον</span> <span class='ocrx_word' id='word_1_179' title='bbox 2985 1191 3078 1243; x_wconf 80' lang='grc' dir='ltr'>καὶ</span> <span class='ocrx_word' id='word_1_180' title='bbox 3105 1192 3282 1260; x_wconf 78' lang='grc' dir='ltr'>τεῖχος</span> <span class='ocrx_word' id='word_1_181' title='bbox 3342 1190 3774 1260; x_wconf 79' lang='grc' dir='ltr'>ἀκαταμάχητον</span> <span class='ocrx_word' id='word_1_182' title='bbox 3803 1189 3914 1259; x_wconf 83' lang='grc'><strong>(96),</strong></span> 
     </span>
    </p>
   </div>
   <div class='ocr_carea' id='block_1_27' title="bbox 2354 1278 3914 1351">
    <p class='ocr_par' dir='ltr' id='par_1_27' title="bbox 2354 1278 3914 1351">
     <span class='ocr_line' id='line_1_27' title="bbox 2354 1278 3914 1351; baseline -0.004 -16"><span class='ocrx_word' id='word_1_183' title='bbox 2354 1279 2744 1350; x_wconf 74' lang='grc' dir='ltr'>συγκαθεσθεὶς</span> <span class='ocrx_word' id='word_1_184' title='bbox 2768 1281 2951 1344; x_wconf 81' lang='grc' dir='ltr'>αὐτοῖς</span> <span class='ocrx_word' id='word_1_185' title='bbox 2970 1279 3138 1351; x_wconf 82' lang='grc' dir='ltr'>τριῶν</span> <span class='ocrx_word' id='word_1_186' title='bbox 3160 1279 3286 1349; x_wconf 75' lang='grc' dir='ltr'>ἑξῆς</span> <span class='ocrx_word' id='word_1_187' title='bbox 3309 1278 3540 1350; x_wconf 81' lang='grc' dir='ltr'>ἡμερῶν</span> <span class='ocrx_word' id='word_1_188' title='bbox 3564 1278 3625 1344; x_wconf 78' lang='grc' dir='ltr'>ἐξ</span> <span class='ocrx_word' id='word_1_189' title='bbox 3647 1278 3724 1330; x_wconf 79' lang='grc' dir='ltr'>ἒω</span> <span class='ocrx_word' id='word_1_190' title='bbox 3748 1278 3914 1348; x_wconf 65' lang='grc' dir='ltr'>μέχρις</span> 
     </span>
    </p>
   </div>
   <div class='ocr_carea' id='block_1_28' title="bbox 2351 1372 3913 1446">
    <p class='ocr_par' dir='ltr' id='par_1_28' title="bbox 2351 1372 3913 1446">
     <span class='ocr_line' id='line_1_28' title="bbox 2351 1372 3913 1446; baseline -0.003 -18"><span class='ocrx_word' id='word_1_191' title='bbox 2351 1376 2609 1446; x_wconf 78' lang='grc' dir='ltr'>ἑσπέρας,</span> <span class='ocrx_word' id='word_1_192' title='bbox 2633 1373 2925 1427; x_wconf 79' lang='grc' dir='ltr'>διευθύνειν</span> <span class='ocrx_word' id='word_1_193' title='bbox 2946 1372 3240 1444; x_wconf 71' lang='grc' dir='ltr'>ἐπειράθην</span> <span class='ocrx_word' id='word_1_194' title='bbox 3262 1372 3329 1424; x_wconf 71' lang='grc' dir='ltr'><strong>τὰ</strong></span> <span class='ocrx_word' id='word_1_195' title='bbox 3358 1372 3744 1442; x_wconf 79' lang='grc' dir='ltr'><strong>γεγραμμένα.</strong></span> <span class='ocrx_word' id='word_1_196' title='bbox 3771 1372 3913 1424; x_wconf 81' lang='grc' dir='ltr'>Ἔνθα</span> 
     </span>
    </p>
   </div>
   <div class='ocr_carea' id='block_1_29' title="bbox 2349 1462 3911 1533">
    <p class='ocr_par' dir='ltr' id='par_1_29' title="bbox 2349 1462 3911 1533">
     <span class='ocr_line' id='line_1_29' title="bbox 2349 1462 3911 1533; baseline -0.003 -12"><span class='ocrx_word' id='word_1_197' title='bbox 2349 1467 2444 1521; x_wconf 74' lang='grc' dir='ltr'>καὶ</span> <span class='ocrx_word' id='word_1_198' title='bbox 2473 1467 2533 1520; x_wconf 85' lang='grc' dir='ltr'>τὸ</span> <span class='ocrx_word' id='word_1_199' title='bbox 2564 1465 2821 1529; x_wconf 78' lang='grc' dir='ltr'>εὐσταθὲς</span> <span class='ocrx_word' id='word_1_200' title='bbox 2854 1465 2948 1518; x_wconf 73' lang='grc' dir='ltr'>καὶ</span> <span class='ocrx_word' id='word_1_201' title='bbox 2978 1464 3040 1517; x_wconf 76' lang='grc' dir='ltr'>τὸ</span> <span class='ocrx_word' id='word_1_202' title='bbox 3072 1463 3381 1533; x_wconf 79' lang='grc' dir='ltr'>φιλάληθες,</span> <span class='ocrx_word' id='word_1_203' title='bbox 3411 1463 3510 1515; x_wconf 74' lang='grc' dir='ltr'>καὶ</span> <span class='ocrx_word' id='word_1_204' title='bbox 3536 1462 3601 1514; x_wconf 76' lang='grc' dir='ltr'>τὸ</span> <span class='ocrx_word' id='word_1_205' title='bbox 3630 1463 3911 1532; x_wconf 69' lang='grc' dir='ltr'>εὐπαρακο-</span> 
     </span>
    </p>
   </div>
   <div class='ocr_carea' id='block_1_30' title="bbox 2346 1555 3910 1630">
    <p class='ocr_par' dir='ltr' id='par_1_30' title="bbox 2346 1555 3910 1630">
     <span class='ocr_line' id='line_1_30' title="bbox 2346 1555 3910 1630; baseline -0.003 -17"><span class='ocrx_word' id='word_1_206' title='bbox 2346 1559 2605 1630; x_wconf 77' lang='grc' dir='ltr'>λούθητον</span> <span class='ocrx_word' id='word_1_207' title='bbox 2628 1558 2737 1630; x_wconf 84' lang='lat'><strong>(97)</strong></span> <span class='ocrx_word' id='word_1_208' title='bbox 2757 1559 2851 1611; x_wconf 70' lang='grc' dir='ltr'><strong>καὶ</strong></span> <span class='ocrx_word' id='word_1_209' title='bbox 2878 1556 3093 1611; x_wconf 76' lang='grc' dir='ltr'>συνετὸν</span> <span class='ocrx_word' id='word_1_210' title='bbox 3122 1555 3516 1628; x_wconf 74' lang='grc' dir='ltr'>ὑπερηγάσθην</span> <span class='ocrx_word' id='word_1_211' title='bbox 3539 1555 3650 1608; x_wconf 81' lang='grc' dir='ltr'><strong>τῶν</strong></span> <span class='ocrx_word' id='word_1_212' title='bbox 3676 1555 3910 1625; x_wconf 67' lang='grc' dir='ltr'>ἀδελφῶν,</span> 
     </span>
    </p>
   </div>
   <div class='ocr_carea' id='block_1_31' title="bbox 2345 1648 3911 1720">
    <p class='ocr_par' dir='ltr' id='par_1_31' title="bbox 2345 1648 3911 1720">
     <span class='ocr_line' id='line_1_31' title="bbox 2345 1648 3911 1720; baseline -0.002 -16"><span class='ocrx_word' id='word_1_213' title='bbox 2345 1650 2422 1715; x_wconf 83' lang='grc' dir='ltr'>ὡς</span> <span class='ocrx_word' id='word_1_214' title='bbox 2452 1652 2509 1703; x_wconf 87' lang='grc' dir='ltr'><strong>ἐν</strong></span> <span class='ocrx_word' id='word_1_215' title='bbox 2555 1649 2704 1714; x_wconf 80' lang='grc' dir='ltr'><strong>τάξει</strong></span> <span class='ocrx_word' id='word_1_216' title='bbox 2737 1651 2829 1703; x_wconf 75' lang='grc' dir='ltr'>καὶ</span> <span class='ocrx_word' id='word_1_217' title='bbox 2866 1651 2982 1720; x_wconf 85' lang='grc' dir='ltr'>μετ’</span> <span class='ocrx_word' id='word_1_218' title='bbox 3029 1648 3327 1712; x_wconf 78' lang='grc' dir='ltr'>ἐπιεικείας</span> <span class='ocrx_word' id='word_1_219' title='bbox 3369 1648 3473 1711; x_wconf 80' lang='grc' dir='ltr'><strong>τὰς</strong></span> <span class='ocrx_word' id='word_1_220' title='bbox 3518 1648 3812 1720; x_wconf 74' lang='grc' dir='ltr'><strong>ἐρωτήσεις</strong></span> <span class='ocrx_word' id='word_1_221' title='bbox 3837 1649 3911 1701; x_wconf 81' lang='grc' dir='ltr'>καὶ</span> 
     </span>
    </p>
   </div>
   <div class='ocr_carea' id='block_1_32' title="bbox 2343 1739 3909 1815">
    <p class='ocr_par' dir='ltr' id='par_1_32' title="bbox 2343 1739 3909 1815">
     <span class='ocr_line' id='line_1_32' title="bbox 2343 1739 3909 1815; baseline -0.003 -19"><span class='ocrx_word' id='word_1_222' title='bbox 2343 1743 2443 1807; x_wconf 81' lang='grc' dir='ltr'><strong>τὰς</strong></span> <span class='ocrx_word' id='word_1_223' title='bbox 2473 1745 2861 1815; x_wconf 77' lang='grc' dir='ltr'>ἐπαπορήσεις,</span> <span class='ocrx_word' id='word_1_224' title='bbox 2882 1743 2975 1797; x_wconf 74' lang='grc' dir='ltr'>καὶ</span> <span class='ocrx_word' id='word_1_225' title='bbox 3004 1742 3102 1806; x_wconf 77' lang='grc' dir='ltr'>τὰς</span> <span class='ocrx_word' id='word_1_226' title='bbox 3128 1740 3558 1810; x_wconf 74' lang='grc' dir='ltr'>συγκαταθέσεις</span> <span class='ocrx_word' id='word_1_227' title='bbox 3588 1739 3909 1808; x_wconf 74' lang='grc' dir='ltr'>ἐποιούμεθα,</span> 
     </span>
    </p>
   </div>
   <div class='ocr_carea' id='block_1_33' title="bbox 664 1816 2235 1908">
    <p class='ocr_par' dir='ltr' id='par_1_33' title="bbox 664 1824 2235 1904">
     <span class='ocr_line' id='line_1_33' title="bbox 664 1824 2235 1904; baseline 0.007 -25"><span class='ocrx_word' id='word_1_228' title='bbox 664 1824 995 1895; x_wconf 86' lang='lat' dir='ltr'><strong>posuissent,</strong></span> <span class='ocrx_word' id='word_1_229' title='bbox 1024 1834 1136 1880; x_wconf 90' lang='lat' dir='ltr'><strong>tres</strong></span> <span class='ocrx_word' id='word_1_230' title='bbox 1162 1827 1450 1881; x_wconf 90' lang='lat' dir='ltr'><strong>continuos</strong></span> <span class='ocrx_word' id='word_1_231' title='bbox 1501 1827 1617 1882; x_wconf 90' lang='lat' dir='ltr'><strong>dies</strong></span> <span class='ocrx_word' id='word_1_232' title='bbox 1644 1843 1671 1880; x_wconf 93' lang='lat' dir='ltr'><strong>a</strong></span> <span class='ocrx_word' id='word_1_233' title='bbox 1702 1829 1879 1898; x_wconf 85' lang='lat' dir='ltr'><strong>prima</strong></span> <span class='ocrx_word' id='word_1_234' title='bbox 1930 1830 2051 1888; x_wconf 87' lang='lat' dir='ltr'><strong>luce</strong></span> <span class='ocrx_word' id='word_1_235' title='bbox 2076 1849 2235 1904; x_wconf 78' lang='lat' dir='ltr'><strong>usque</strong></span> 
     </span>
    </p>
   </div>
   <div class='ocr_carea' id='block_1_34' title="bbox 2344 1816 3911 1908">
    <p class='ocr_par' dir='ltr' id='par_1_34' title="bbox 2346 1832 3911 1908">
     <span class='ocr_line' id='line_1_34' title="bbox 2346 1832 3911 1908; baseline -0.004 -19"><span class='ocrx_word' id='word_1_236' title='bbox 2346 1836 2407 1889; x_wconf 72' lang='grc' dir='ltr'>τὸ</span> <span class='ocrx_word' id='word_1_237' title='bbox 2442 1837 2538 1908; x_wconf 73' lang='grc' dir='ltr'>μὲν</span> <span class='ocrx_word' id='word_1_238' title='bbox 2573 1837 2638 1889; x_wconf 83' lang='grc' dir='ltr'><strong>ἐκ</strong></span> <span class='ocrx_word' id='word_1_239' title='bbox 2671 1835 2871 1898; x_wconf 81' lang='grc' dir='ltr'>παντὸς</span> <span class='ocrx_word' id='word_1_240' title='bbox 2908 1836 3112 1906; x_wconf 81' lang='grc' dir='ltr'>τρόπου</span> <span class='ocrx_word' id='word_1_241' title='bbox 3147 1835 3240 1887; x_wconf 73' lang='grc' dir='ltr'>καὶ</span> <span class='ocrx_word' id='word_1_242' title='bbox 3284 1832 3612 1903; x_wconf 72' lang='grc' dir='ltr'>φιλονείκως</span> <span class='ocrx_word' id='word_1_243' title='bbox 3656 1832 3759 1885; x_wconf 80' lang='grc' dir='ltr'>τῶν</span> <span class='ocrx_word' id='word_1_244' title='bbox 3788 1832 3911 1896; x_wconf 75' lang='grc' dir='ltr'><strong>ἅπαξ</strong></span> 
     </span>
    </p>
   </div>
   <div class='ocr_carea' id='block_1_35' title="bbox 664 1917 2245 1991">
    <p class='ocr_par' dir='ltr' id='par_1_35' title="bbox 664 1917 2245 1991">
     <span class='ocr_line' id='line_1_35' title="bbox 664 1917 2245 1991; baseline 0.006 -22"><span class='ocrx_word' id='word_1_245' title='bbox 664 1917 733 1970; x_wconf 89' lang='lat' dir='ltr'><strong>ad</strong></span> <span class='ocrx_word' id='word_1_246' title='bbox 764 1931 1050 1985; x_wconf 83' lang='lat' dir='ltr'><strong>vesperam</strong></span> <span class='ocrx_word' id='word_1_247' title='bbox 1092 1931 1214 1971; x_wconf 91' lang='lat' dir='ltr'><strong>cum</strong></span> <span class='ocrx_word' id='word_1_248' title='bbox 1251 1917 1382 1987; x_wconf 90' lang='lat' dir='ltr'><strong>ipsis</strong></span> <span class='ocrx_word' id='word_1_249' title='bbox 1412 1918 1629 1983; x_wconf 86' lang='lat' dir='ltr'><strong>sedens,</strong></span> <span class='ocrx_word' id='word_1_250' title='bbox 1684 1932 2021 1991; x_wconf 68' lang='lat' dir='ltr'><strong>quaecunque</strong></span> <span class='ocrx_word' id='word_1_251' title='bbox 2073 1923 2127 1977; x_wconf 93' lang='lat' dir='ltr'><strong>in</strong></span> <span class='ocrx_word' id='word_1_252' title='bbox 2180 1940 2245 1978; x_wconf 88' lang='lat' dir='ltr'><strong>eo</strong></span> 
     </span>
    </p>
   </div>
   <div class='ocr_carea' id='block_1_36' title="bbox 663 2007 2242 2079">
    <p class='ocr_par' dir='ltr' id='par_1_36' title="bbox 663 2007 2242 2079">
     <span class='ocr_line' id='line_1_36' title="bbox 663 2007 2242 2079; baseline 0.008 -20"><span class='ocrx_word' id='word_1_253' title='bbox 663 2007 802 2061; x_wconf 90' lang='lat' dir='ltr'><strong>libro</strong></span> <span class='ocrx_word' id='word_1_254' title='bbox 823 2008 1029 2077; x_wconf 86' lang='lat' dir='ltr'><strong>scripta</strong></span> <span class='ocrx_word' id='word_1_255' title='bbox 1061 2019 1239 2074; x_wconf 89' lang='lat' dir='ltr'><strong>erant,</strong></span> <span class='ocrx_word' id='word_1_256' title='bbox 1293 2009 1573 2066; x_wconf 86' lang='lat' dir='ltr'><strong>discutere</strong></span> <span class='ocrx_word' id='word_1_257' title='bbox 1615 2024 1904 2079; x_wconf 77' lang='lat' dir='ltr'><strong>aggressus</strong></span> <span class='ocrx_word' id='word_1_258' title='bbox 1938 2029 2081 2069; x_wconf 88' lang='lat' dir='ltr'><strong>smn.</strong></span> <span class='ocrx_word' id='word_1_259' title='bbox 2105 2015 2242 2072; x_wconf 90' lang='lat' dir='ltr'><strong>Tum</strong></span> 
     </span>
    </p>
   </div>
   <div class='ocr_carea' id='block_1_37' title="bbox 660 2101 2242 2167">
    <p class='ocr_par' dir='ltr' id='par_1_37' title="bbox 660 2101 2242 2167">
     <span class='ocr_line' id='line_1_37' title="bbox 660 2101 2242 2167; baseline 0.008 -15"><span class='ocrx_word' id='word_1_260' title='bbox 660 2114 793 2155; x_wconf 84' lang='lat' dir='ltr'><strong>vero</strong></span> <span class='ocrx_word' id='word_1_261' title='bbox 849 2101 1080 2155; x_wconf 85' lang='lat' dir='ltr'><strong>fratrum</strong></span> <span class='ocrx_word' id='word_1_262' title='bbox 1117 2101 1509 2167; x_wconf 78' lang='lat' dir='ltr'><strong>constantiam,</strong></span> <span class='ocrx_word' id='word_1_263' title='bbox 1573 2112 1627 2156; x_wconf 86' lang='lat' dir='ltr'><strong>et</strong></span> <span class='ocrx_word' id='word_1_264' title='bbox 1677 2101 2120 2160; x_wconf 82' lang='lat' dir='ltr'><strong>ardentissimum</strong></span> <span class='ocrx_word' id='word_1_265' title='bbox 2150 2125 2242 2164; x_wconf 87' lang='lat' dir='ltr'><strong>co-</strong></span> 
     </span>
    </p>
   </div>
   <div class='ocr_carea' id='block_1_38' title="bbox 660 2194 2242 2275">
    <p class='ocr_par' dir='ltr' id='par_1_38' title="bbox 660 2194 2242 2275">
     <span class='ocr_line' id='line_1_38' title="bbox 660 2194 2242 2275; baseline 0.009 -28"><span class='ocrx_word' id='word_1_266' title='bbox 660 2194 983 2264; x_wconf 73' lang='lat' dir='ltr'><strong>guoscendm</strong></span> <span class='ocrx_word' id='word_1_267' title='bbox 1030 2196 1282 2251; x_wconf 83' lang='lat' dir='ltr'><strong>veritatis</strong></span> <span class='ocrx_word' id='word_1_268' title='bbox 1316 2198 1576 2262; x_wconf 88' lang='lat' dir='ltr'><strong>studium,</strong></span> <span class='ocrx_word' id='word_1_269' title='bbox 1635 2210 1690 2255; x_wconf 92' lang='lat' dir='ltr'><strong>et</strong></span> <span class='ocrx_word' id='word_1_270' title='bbox 1714 2201 2049 2258; x_wconf 86' lang='lat' dir='ltr'><strong>docilitatem</strong></span> <span class='ocrx_word' id='word_1_271' title='bbox 2080 2214 2242 2275; x_wconf 89' lang='lat' dir='ltr'><strong>atque</strong></span> 
     </span>
    </p>
   </div>
   <div class='ocr_carea' id='block_1_39' title="bbox 657 2286 2239 2359">
    <p class='ocr_par' dir='ltr' id='par_1_39' title="bbox 657 2286 2239 2359">
     <span class='ocr_line' id='line_1_39' title="bbox 657 2286 2239 2359; baseline 0.009 -20"><span class='ocrx_word' id='word_1_272' title='bbox 657 2286 1070 2356; x_wconf 82' lang='lat' dir='ltr'><strong>intelligentiam</strong></span> <span class='ocrx_word' id='word_1_273' title='bbox 1124 2304 1453 2359; x_wconf 83' lang='lat' dir='ltr'><strong>magnopere</strong></span> <span class='ocrx_word' id='word_1_274' title='bbox 1525 2305 1641 2345; x_wconf 90' lang='lat' dir='ltr'><strong>sum</strong></span> <span class='ocrx_word' id='word_1_275' title='bbox 1718 2295 2038 2350; x_wconf 85' lang='lat' dir='ltr'><strong>admiratus.</strong></span> <span class='ocrx_word' id='word_1_276' title='bbox 2090 2298 2239 2353; x_wconf 81' lang='lat' dir='ltr'><strong>Adeo</strong></span> 
     </span>
    </p>
   </div>
   <div class='ocr_carea' id='block_1_40' title="bbox 658 2380 2239 2459">
    <p class='ocr_par' dir='ltr' id='par_1_40' title="bbox 658 2380 2239 2459">
     <span class='ocr_line' id='line_1_40' title="bbox 658 2380 2239 2459; baseline 0.008 -26"><span class='ocrx_word' id='word_1_277' title='bbox 658 2380 943 2435; x_wconf 84' lang='lat' dir='ltr'><strong>moderate</strong></span> <span class='ocrx_word' id='word_1_278' title='bbox 1007 2391 1061 2435; x_wconf 91' lang='lat' dir='ltr'><strong>et</strong></span> <span class='ocrx_word' id='word_1_279' title='bbox 1116 2382 1311 2437; x_wconf 89' lang='lat' dir='ltr'><strong>ordine</strong></span> <span class='ocrx_word' id='word_1_280' title='bbox 1366 2383 1827 2454; x_wconf 89' lang='lat' dir='ltr'><strong>interrogationes</strong></span> <span class='ocrx_word' id='word_1_281' title='bbox 1889 2388 2239 2459; x_wconf 86' lang='lat' dir='ltr'><strong>rationesque</strong></span> 
     </span>
    </p>
   </div>
   <div class='ocr_carea' id='block_1_41' title="bbox 658 2473 2235 2540">
    <p class='ocr_par' dir='ltr' id='par_1_41' title="bbox 658 2473 2235 2540">
     <span class='ocr_line' id='line_1_41' title="bbox 658 2473 2235 2540; baseline 0.006 -14"><span class='ocrx_word' id='word_1_282' title='bbox 658 2473 963 2540; x_wconf 74' lang='lat' dir='ltr'><strong>dubitandi,</strong></span> <span class='ocrx_word' id='word_1_283' title='bbox 1018 2483 1073 2528; x_wconf 93' lang='lat' dir='ltr'><strong>et</strong></span> <span class='ocrx_word' id='word_1_284' title='bbox 1117 2476 1466 2531; x_wconf 86' lang='lat' dir='ltr'><strong>assensiones</strong></span> <span class='ocrx_word' id='word_1_285' title='bbox 1498 2492 1526 2531; x_wconf 89' lang='lat' dir='ltr'><strong>a</strong></span> <span class='ocrx_word' id='word_1_286' title='bbox 1555 2478 1711 2532; x_wconf 87' lang='lat' dir='ltr'><strong>nobis</strong></span> <span class='ocrx_word' id='word_1_287' title='bbox 1765 2479 1986 2533; x_wconf 84' lang='lat' dir='ltr'><strong>fiebant.</strong></span> <span class='ocrx_word' id='word_1_288' title='bbox 2018 2480 2097 2535; x_wconf 88' lang='lat' dir='ltr'><strong>Ac</strong></span> <span class='ocrx_word' id='word_1_289' title='bbox 2119 2493 2235 2536; x_wconf 90' lang='lat' dir='ltr'><strong>stu-</strong></span> 
     </span>
    </p>
   </div>
   <div class='ocr_carea' id='block_1_42' title="bbox 654 2566 2236 2640">
    <p class='ocr_par' dir='ltr' id='par_1_42' title="bbox 654 2566 2236 2640">
     <span class='ocr_line' id='line_1_42' title="bbox 654 2566 2236 2640; baseline 0.006 -21"><span class='ocrx_word' id='word_1_290' title='bbox 654 2566 808 2620; x_wconf 87' lang='lat' dir='ltr'><strong>diose</strong></span> <span class='ocrx_word' id='word_1_291' title='bbox 832 2566 1049 2635; x_wconf 85' lang='lat' dir='ltr'><strong>quidem</strong></span> <span class='ocrx_word' id='word_1_292' title='bbox 1112 2568 1459 2634; x_wconf 80' lang='lat' dir='ltr'><strong>cavebamus,</strong></span> <span class='ocrx_word' id='word_1_293' title='bbox 1515 2584 1582 2623; x_wconf 86' lang='lat' dir='ltr'><strong>ne</strong></span> <span class='ocrx_word' id='word_1_294' title='bbox 1613 2585 1675 2624; x_wconf 88' lang='lat' dir='ltr'><strong>ea</strong></span> <span class='ocrx_word' id='word_1_295' title='bbox 1706 2586 1826 2640; x_wconf 78' lang='lat' dir='ltr'><strong>qua:</strong></span> <span class='ocrx_word' id='word_1_296' title='bbox 1881 2573 2046 2625; x_wconf 86' lang='lat' dir='ltr'><strong>semel</strong></span> <span class='ocrx_word' id='word_1_297' title='bbox 2081 2574 2236 2629; x_wconf 86' lang='lat' dir='ltr'><strong>nobis</strong></span> 
     </span>
    </p>
   </div>
   <div class='ocr_carea' id='block_1_43' title="bbox 652 2654 2231 2728">
    <p class='ocr_par' dir='ltr' id='par_1_43' title="bbox 652 2654 2231 2728">
     <span class='ocr_line' id='line_1_43' title="bbox 652 2654 2231 2728; baseline 0.006 -21"><span class='ocrx_word' id='word_1_298' title='bbox 652 2654 1006 2725; x_wconf 88' lang='lat' dir='ltr'><strong>placuissent,</strong></span> <span class='ocrx_word' id='word_1_299' title='bbox 1052 2658 1269 2712; x_wconf 90' lang='lat' dir='ltr'><strong>tametsi</strong></span> <span class='ocrx_word' id='word_1_300' title='bbox 1305 2658 1438 2712; x_wconf 84' lang='lat' dir='ltr'><strong>falsa</strong></span> <span class='ocrx_word' id='word_1_301' title='bbox 1494 2673 1619 2715; x_wconf 87' lang='lat' dir='ltr'><strong>esse</strong></span> <span class='ocrx_word' id='word_1_302' title='bbox 1674 2662 2231 2728; x_wconf 85' lang='lat' dir='ltr'><strong>deprehemlerentur,</strong></span> 
     </span>
    </p>
   </div>
   <div class='ocr_carea' id='block_1_44' title="bbox 653 2747 2229 2820">
    <p class='ocr_par' dir='ltr' id='par_1_44' title="bbox 653 2747 2229 2820">
     <span class='ocr_line' id='line_1_44' title="bbox 653 2747 2229 2820; baseline 0.004 -19"><span class='ocrx_word' id='word_1_303' title='bbox 653 2747 1015 2815; x_wconf 86' lang='lat' dir='ltr'><strong>pertinaciter</strong></span> <span class='ocrx_word' id='word_1_304' title='bbox 1031 2747 1449 2805; x_wconf 83' lang='lat' dir='ltr'><strong>delenderemus</strong></span> <span class='ocrx_word' id='word_1_305' title='bbox 1481 2768 1495 2803; x_wconf 89' lang='lat'><strong>:</strong></span> <span class='ocrx_word' id='word_1_306' title='bbox 1535 2765 1635 2804; x_wconf 88' lang='lat' dir='ltr'><strong>nec</strong></span> <span class='ocrx_word' id='word_1_307' title='bbox 1688 2749 1922 2807; x_wconf 88' lang='lat' dir='ltr'><strong>aliorum</strong></span> <span class='ocrx_word' id='word_1_308' title='bbox 1955 2752 2229 2820; x_wconf 58' lang='lat' dir='ltr'><strong>objectio-</strong></span> 
     </span>
    </p>
   </div>
   <div class='ocr_carea' id='block_1_45' title="bbox 651 2838 2229 2914">
    <p class='ocr_par' dir='ltr' id='par_1_45' title="bbox 651 2838 2229 2914">
     <span class='ocr_line' id='line_1_45' title="bbox 651 2838 2229 2914; baseline 0.005 -22"><span class='ocrx_word' id='word_1_309' title='bbox 651 2854 747 2893; x_wconf 85' lang='lat' dir='ltr'><strong>nes</strong></span> <span class='ocrx_word' id='word_1_310' title='bbox 781 2838 1331 2911; x_wconf 85' lang='lat' dir='ltr'><strong>subterfugiebamns.</strong></span> <span class='ocrx_word' id='word_1_311' title='bbox 1377 2842 1483 2897; x_wconf 89' lang='lat' dir='ltr'><strong>Sed</strong></span> <span class='ocrx_word' id='word_1_312' title='bbox 1508 2842 1682 2912; x_wconf 89' lang='lat' dir='ltr'><strong>quoad</strong></span> <span class='ocrx_word' id='word_1_313' title='bbox 1724 2842 1840 2897; x_wconf 84' lang='lat' dir='ltr'><strong>ﬁeri</strong></span> <span class='ocrx_word' id='word_1_314' title='bbox 1881 2854 2112 2914; x_wconf 86' lang='lat' dir='ltr'><strong>poterat,</strong></span> <span class='ocrx_word' id='word_1_315' title='bbox 2163 2846 2229 2900; x_wconf 88' lang='lat' dir='ltr'><strong>ad</strong></span> 
     </span>
    </p>
   </div>
   <div class='ocr_carea' id='block_1_46' title="bbox 649 2931 2230 3009">
    <p class='ocr_par' dir='ltr' id='par_1_46' title="bbox 649 2931 2230 3009">
     <span class='ocr_line' id='line_1_46' title="bbox 649 2931 2230 3009; baseline 0.007 -26"><span class='ocrx_word' id='word_1_316' title='bbox 649 2945 713 2983; x_wconf 85' lang='lat' dir='ltr'><strong>ea</strong></span> <span class='ocrx_word' id='word_1_317' title='bbox 747 2931 813 2986; x_wconf 88' lang='lat' dir='ltr'><strong>de</strong></span> <span class='ocrx_word' id='word_1_318' title='bbox 857 2931 1057 3001; x_wconf 90' lang='lat' dir='ltr'><strong>quibus</strong></span> <span class='ocrx_word' id='word_1_319' title='bbox 1098 2934 1341 2988; x_wconf 81' lang='lat' dir='ltr'><strong>inStituta</strong></span> <span class='ocrx_word' id='word_1_320' title='bbox 1374 2944 1492 2989; x_wconf 90' lang='lat' dir='ltr'><strong>erat</strong></span> <span class='ocrx_word' id='word_1_321' title='bbox 1529 2935 1825 3004; x_wconf 88' lang='lat' dir='ltr'><strong>disputatio</strong></span> <span class='ocrx_word' id='word_1_322' title='bbox 1872 2938 2026 3004; x_wconf 89' lang='lat' dir='ltr'><strong>eniti,</strong></span> <span class='ocrx_word' id='word_1_323' title='bbox 2059 2953 2230 3009; x_wconf 88' lang='lat' dir='ltr'><strong>eaque</strong></span> 
     </span>
    </p>
   </div>
   <div class='ocr_carea' id='block_1_47' title="bbox 650 3021 2228 3085">
    <p class='ocr_par' dir='ltr' id='par_1_47' title="bbox 650 3021 2228 3085">
     <span class='ocr_line' id='line_1_47' title="bbox 650 3021 2228 3085; baseline 0.004 -8"><span class='ocrx_word' id='word_1_324' title='bbox 650 3021 894 3077; x_wconf 79' lang='lat' dir='ltr'><strong>stabilire</strong></span> <span class='ocrx_word' id='word_1_325' title='bbox 958 3024 1330 3081; x_wconf 87' lang='lat' dir='ltr'><strong>conabamur:</strong></span> <span class='ocrx_word' id='word_1_326' title='bbox 1381 3026 1465 3079; x_wconf 89' lang='lat' dir='ltr'><strong>sin</strong></span> <span class='ocrx_word' id='word_1_327' title='bbox 1508 3036 1690 3080; x_wconf 87' lang='lat' dir='ltr'><strong>autem</strong></span> <span class='ocrx_word' id='word_1_328' title='bbox 1750 3029 2056 3084; x_wconf 86' lang='lat' dir='ltr'><strong>rationibus</strong></span> <span class='ocrx_word' id='word_1_329' title='bbox 2100 3045 2228 3085; x_wconf 87' lang='lat' dir='ltr'><strong>eon-</strong></span> 
     </span>
    </p>
   </div>
   <div class='ocr_carea' id='block_1_48' title="bbox 649 3116 2222 3190">
    <p class='ocr_par' dir='ltr' id='par_1_48' title="bbox 649 3116 2222 3190">
     <span class='ocr_line' id='line_1_48' title="bbox 649 3116 2222 3190; baseline 0.006 -22"><span class='ocrx_word' id='word_1_330' title='bbox 649 3116 774 3169; x_wconf 88' lang='lat' dir='ltr'><strong>victi</strong></span> <span class='ocrx_word' id='word_1_331' title='bbox 806 3132 1073 3183; x_wconf 87' lang='lat' dir='ltr'><strong>essemus,</strong></span> <span class='ocrx_word' id='word_1_332' title='bbox 1098 3133 1206 3173; x_wconf 88' lang='lat' dir='ltr'><strong>non</strong></span> <span class='ocrx_word' id='word_1_333' title='bbox 1236 3119 1471 3187; x_wconf 83' lang='lat' dir='ltr'><strong>pudebat</strong></span> <span class='ocrx_word' id='word_1_334' title='bbox 1505 3134 1603 3174; x_wconf 90' lang='lat' dir='ltr'><strong>nos</strong></span> <span class='ocrx_word' id='word_1_335' title='bbox 1638 3129 1849 3175; x_wconf 87' lang='lat' dir='ltr'><strong>mutare</strong></span> <span class='ocrx_word' id='word_1_336' title='bbox 1875 3123 2222 3190; x_wconf 87' lang='lat' dir='ltr'><strong>sententiam,</strong></span> 
     </span>
    </p>
   </div>
   <div class='ocr_carea' id='block_1_49' title="bbox 649 3206 2227 3281">
    <p class='ocr_par' dir='ltr' id='par_1_49' title="bbox 649 3206 2227 3281">
     <span class='ocr_line' id='line_1_49' title="bbox 649 3206 2227 3281; baseline 0.004 -19"><span class='ocrx_word' id='word_1_337' title='bbox 649 3217 703 3262; x_wconf 90' lang='lat' dir='ltr'><strong>et</strong></span> <span class='ocrx_word' id='word_1_338' title='bbox 755 3206 877 3264; x_wconf 91' lang='lat' dir='ltr'><strong>aliis</strong></span> <span class='ocrx_word' id='word_1_339' title='bbox 925 3211 1199 3265; x_wconf 85' lang='lat' dir='ltr'><strong>assentiri.</strong></span> <span class='ocrx_word' id='word_1_340' title='bbox 1249 3210 1388 3278; x_wconf 86' lang='lat' dir='ltr'><strong>Quin</strong></span> <span class='ocrx_word' id='word_1_341' title='bbox 1440 3212 1616 3281; x_wconf 87' lang='lat' dir='ltr'><strong>potius</strong></span> <span class='ocrx_word' id='word_1_342' title='bbox 1688 3227 1809 3267; x_wconf 89' lang='lat' dir='ltr'><strong>cum</strong></span> <span class='ocrx_word' id='word_1_343' title='bbox 1879 3215 2015 3269; x_wconf 89' lang='lat' dir='ltr'><strong>bona</strong></span> <span class='ocrx_word' id='word_1_344' title='bbox 2060 3215 2227 3269; x_wconf 88' lang='lat' dir='ltr'><strong>animi</strong></span> 
     </span>
    </p>
   </div>
   <div class='ocr_carea' id='block_1_50' title="bbox 649 3298 2223 3373">
    <p class='ocr_par' dir='ltr' id='par_1_50' title="bbox 649 3298 2223 3373">
     <span class='ocr_line' id='line_1_50' title="bbox 649 3298 2223 3373; baseline 0.006 -23"><span class='ocrx_word' id='word_1_345' title='bbox 649 3298 1010 3366; x_wconf 88' lang='lat' dir='ltr'><strong>conscientia,</strong></span> <span class='ocrx_word' id='word_1_346' title='bbox 1044 3301 1250 3371; x_wconf 87' lang='lat' dir='ltr'><strong>absque</strong></span> <span class='ocrx_word' id='word_1_347' title='bbox 1285 3300 1387 3355; x_wconf 83' lang='lat' dir='ltr'><strong>ulla</strong></span> <span class='ocrx_word' id='word_1_348' title='bbox 1441 3302 1814 3368; x_wconf 89' lang='lat' dir='ltr'><strong>simulatione,</strong></span> <span class='ocrx_word' id='word_1_349' title='bbox 1847 3306 2103 3373; x_wconf 83' lang='lat' dir='ltr'><strong>expansis</strong></span> <span class='ocrx_word' id='word_1_350' title='bbox 2156 3306 2223 3359; x_wconf 90' lang='lat' dir='ltr'><strong>ad</strong></span> 
     </span>
    </p>
   </div>
   <div class='ocr_carea' id='block_1_51' title="bbox 650 3389 2230 3467">
    <p class='ocr_par' dir='ltr' id='par_1_51' title="bbox 650 3389 2230 3467">
     <span class='ocr_line' id='line_1_51' title="bbox 650 3389 2230 3467; baseline 0.003 -22"><span class='ocrx_word' id='word_1_351' title='bbox 650 3389 818 3445; x_wconf 84' lang='lat' dir='ltr'><strong>Deum</strong></span> <span class='ocrx_word' id='word_1_352' title='bbox 850 3391 1128 3458; x_wconf 87' lang='lat' dir='ltr'><strong>cordibus,</strong></span> <span class='ocrx_word' id='word_1_353' title='bbox 1152 3407 1491 3464; x_wconf 69' lang='lat' dir='ltr'><strong>quaecunque</strong></span> <span class='ocrx_word' id='word_1_354' title='bbox 1541 3396 1865 3451; x_wconf 87' lang='lat' dir='ltr'><strong>certissimis</strong></span> <span class='ocrx_word' id='word_1_355' title='bbox 1892 3396 2230 3467; x_wconf 85' lang='lat' dir='ltr'><strong>argumentis</strong></span> 
     </span>
    </p>
   </div>
   <div class='ocr_carea' id='block_1_52' title="bbox 2345 1924 3907 2000">
    <p class='ocr_par' dir='ltr' id='par_1_52' title="bbox 2345 1924 3907 2000">
     <span class='ocr_line' id='line_1_52' title="bbox 2345 1924 3907 2000; baseline -0.004 -18"><span class='ocrx_word' id='word_1_356' title='bbox 2345 1928 2609 1993; x_wconf 73' lang='grc' dir='ltr'>δοξάντων</span> <span class='ocrx_word' id='word_1_357' title='bbox 2666 1927 3047 2000; x_wconf 76' lang='grc' dir='ltr'>περιέχεσθαι,</span> <span class='ocrx_word' id='word_1_358' title='bbox 3092 1928 3142 1980; x_wconf 83' lang='grc' dir='ltr'><strong>εί</strong></span> <span class='ocrx_word' id='word_1_359' title='bbox 3183 1927 3277 1982; x_wconf 74' lang='grc' dir='ltr'><strong>καὶ</strong></span> <span class='ocrx_word' id='word_1_360' title='bbox 3326 1925 3399 1997; x_wconf 74' lang='grc' dir='ltr'>μὴ</span> <span class='ocrx_word' id='word_1_361' title='bbox 3440 1925 3717 1995; x_wconf 80' lang='grc' dir='ltr'>φαίνοιντο</span> <span class='ocrx_word' id='word_1_362' title='bbox 3758 1924 3907 1997; x_wconf 75' lang='grc' dir='ltr'>ὀρθῶς</span> 
     </span>
    </p>
   </div>
   <div class='ocr_carea' id='block_1_53' title="bbox 2346 2016 3909 2091">
    <p class='ocr_par' dir='ltr' id='par_1_53' title="bbox 2346 2016 3909 2091">
     <span class='ocr_line' id='line_1_53' title="bbox 2346 2016 3909 2091; baseline -0.004 -18"><span class='ocrx_word' id='word_1_363' title='bbox 2346 2020 2557 2091; x_wconf 69' lang='grc' dir='ltr'>ἔχοντα,</span> <span class='ocrx_word' id='word_1_364' title='bbox 2579 2020 3072 2091; x_wconf 79' lang='grc' dir='ltr'>παραιτησάμενοι,</span> <span class='ocrx_word' id='word_1_365' title='bbox 3095 2020 3230 2090; x_wconf 81' lang='grc' dir='ltr'>μήτε</span> <span class='ocrx_word' id='word_1_366' title='bbox 3259 2018 3315 2071; x_wconf 81' lang='grc' dir='ltr'>δὲ</span> <span class='ocrx_word' id='word_1_367' title='bbox 3339 2019 3440 2081; x_wconf 70' lang='grc' dir='ltr'><strong>τὰς</strong></span> <span class='ocrx_word' id='word_1_368' title='bbox 3469 2016 3778 2084; x_wconf 78' lang='grc' dir='ltr'>ἀντιλογίας</span> <span class='ocrx_word' id='word_1_369' title='bbox 3797 2018 3909 2069; x_wconf 67' lang='lat' dir='ltr'><strong>iam-</strong></span> 
     </span>
    </p>
   </div>
   <div class='ocr_carea' id='block_1_54' title="bbox 2346 2106 3905 2182">
    <p class='ocr_par' dir='ltr' id='par_1_54' title="bbox 2346 2106 3905 2182">
     <span class='ocr_line' id='line_1_54' title="bbox 2346 2106 3905 2182; baseline -0.003 -19"><span class='ocrx_word' id='word_1_370' title='bbox 2346 2110 2707 2182; x_wconf 85' lang='grc' dir='ltr'>στελλόμενοι,</span> <span class='ocrx_word' id='word_1_371' title='bbox 2753 2110 2866 2164; x_wconf 77' lang='grc' dir='ltr'>ἀλλ’</span> <span class='ocrx_word' id='word_1_372' title='bbox 2897 2112 2955 2173; x_wconf 88' lang='grc' dir='ltr'><strong>ἐς</strong></span> <span class='ocrx_word' id='word_1_373' title='bbox 2999 2111 3122 2162; x_wconf 83' lang='grc' dir='ltr'>ὅσον</span> <span class='ocrx_word' id='word_1_374' title='bbox 3162 2106 3271 2162; x_wconf 77' lang='grc' dir='ltr'>οἷόν</span> <span class='ocrx_word' id='word_1_375' title='bbox 3302 2125 3361 2162; x_wconf 89' lang='grc' dir='ltr'><strong>τε</strong></span> <span class='ocrx_word' id='word_1_376' title='bbox 3408 2108 3523 2161; x_wconf 86' lang='grc' dir='ltr'>τῶν</span> <span class='ocrx_word' id='word_1_377' title='bbox 3554 2107 3905 2179; x_wconf 74' lang='grc' dir='ltr'>προκειμένων</span> 
     </span>
    </p>
   </div>
   <div class='ocr_carea' id='block_1_55' title="bbox 2343 2198 3907 2272">
    <p class='ocr_par' dir='ltr' id='par_1_55' title="bbox 2343 2198 3907 2272">
     <span class='ocr_line' id='line_1_55' title="bbox 2343 2198 3907 2272; baseline -0.003 -19"><span class='ocrx_word' id='word_1_378' title='bbox 2343 2199 2683 2255; x_wconf 80' lang='grc' dir='ltr'>ἐπιϐατεύειν</span> <span class='ocrx_word' id='word_1_379' title='bbox 2703 2199 2812 2272; x_wconf 87' lang='lat'><strong>(98)</strong></span> <span class='ocrx_word' id='word_1_380' title='bbox 2832 2200 2924 2255; x_wconf 77' lang='grc' dir='ltr'><strong>καὶ</strong></span> <span class='ocrx_word' id='word_1_381' title='bbox 2944 2199 3232 2271; x_wconf 78' lang='grc' dir='ltr'>κρατύνειν</span> <span class='ocrx_word' id='word_1_382' title='bbox 3254 2199 3394 2253; x_wconf 75' lang='grc' dir='ltr'>αὐτὰ</span> <span class='ocrx_word' id='word_1_383' title='bbox 3414 2199 3767 2270; x_wconf 74' lang='grc' dir='ltr'>πειρώμενοι,</span> <span class='ocrx_word' id='word_1_384' title='bbox 3793 2198 3907 2267; x_wconf 73' lang='grc' dir='ltr'>μήτε</span> 
     </span>
    </p>
   </div>
   <div class='ocr_carea' id='block_1_56' title="bbox 2340 2289 3905 2365">
    <p class='ocr_par' dir='ltr' id='par_1_56' title="bbox 2340 2289 3905 2365">
     <span class='ocr_line' id='line_1_56' title="bbox 2340 2289 3905 2365; baseline -0.003 -19"><span class='ocrx_word' id='word_1_385' title='bbox 2340 2295 2389 2346; x_wconf 81' lang='grc' dir='ltr'><strong>εί</strong></span> <span class='ocrx_word' id='word_1_386' title='bbox 2441 2289 2598 2362; x_wconf 80' lang='grc' dir='ltr'>λόγος</span> <span class='ocrx_word' id='word_1_387' title='bbox 2626 2295 2791 2365; x_wconf 80' lang='grc' dir='ltr'>αἱρεῖ,</span> <span class='ocrx_word' id='word_1_388' title='bbox 2830 2291 3256 2364; x_wconf 84' lang='grc' dir='ltr'>μεταπείθεσθαι</span> <span class='ocrx_word' id='word_1_389' title='bbox 3288 2293 3383 2345; x_wconf 72' lang='grc' dir='ltr'>καὶ</span> <span class='ocrx_word' id='word_1_390' title='bbox 3426 2290 3805 2362; x_wconf 81' lang='grc' dir='ltr'>συνομολογεῖν</span> <span class='ocrx_word' id='word_1_391' title='bbox 3837 2292 3905 2342; x_wconf 69' lang='grc' dir='ltr'><strong>αἶ-</strong></span> 
     </span>
    </p>
   </div>
   <div class='ocr_carea' id='block_1_57' title="bbox 2338 2380 3904 2456">
    <p class='ocr_par' dir='ltr' id='par_1_57' title="bbox 2338 2380 3904 2456">
     <span class='ocr_line' id='line_1_57' title="bbox 2338 2380 3904 2456; baseline -0.004 -19"><span class='ocrx_word' id='word_1_392' title='bbox 2338 2384 2609 2456; x_wconf 78' lang='grc' dir='ltr'>δούμενοι,</span> <span class='ocrx_word' id='word_1_393' title='bbox 2654 2384 2769 2438; x_wconf 77' lang='grc' dir='ltr'>ἀλλ’</span> <span class='ocrx_word' id='word_1_394' title='bbox 2822 2384 3214 2456; x_wconf 80' lang='grc' dir='ltr'>εὐσυνειδήτως</span> <span class='ocrx_word' id='word_1_395' title='bbox 3255 2384 3350 2436; x_wconf 75' lang='grc' dir='ltr'>καὶ</span> <span class='ocrx_word' id='word_1_396' title='bbox 3390 2382 3787 2453; x_wconf 85' lang='grc' dir='ltr'>ἀνυποκρίτως,</span> <span class='ocrx_word' id='word_1_397' title='bbox 3829 2380 3904 2431; x_wconf 66' lang='grc' dir='ltr'><strong>καὶ</strong></span> 
     </span>
    </p>
   </div>
   <div class='ocr_carea' id='block_1_58' title="bbox 2336 2472 3902 2548">
    <p class='ocr_par' dir='ltr' id='par_1_58' title="bbox 2336 2472 3902 2548">
     <span class='ocr_line' id='line_1_58' title="bbox 2336 2472 3902 2548; baseline -0.004 -17"><span class='ocrx_word' id='word_1_398' title='bbox 2336 2480 2457 2541; x_wconf 86' lang='grc' dir='ltr'>ταῖς</span> <span class='ocrx_word' id='word_1_399' title='bbox 2503 2476 2753 2548; x_wconf 83' lang='grc' dir='ltr'>καρδίαις</span> <span class='ocrx_word' id='word_1_400' title='bbox 2799 2476 2936 2547; x_wconf 73' lang='grc' dir='ltr'>πρὸς</span> <span class='ocrx_word' id='word_1_401' title='bbox 2973 2477 3064 2529; x_wconf 79' lang='grc' dir='ltr'>τὸν</span> <span class='ocrx_word' id='word_1_402' title='bbox 3110 2476 3242 2529; x_wconf 81' lang='grc' dir='ltr'>Θεὸν</span> <span class='ocrx_word' id='word_1_403' title='bbox 3283 2476 3641 2546; x_wconf 77' lang='grc' dir='ltr'>ήπλωμέναις</span> <span class='ocrx_word' id='word_1_404' title='bbox 3686 2472 3902 2538; x_wconf 68' lang='grc' dir='ltr'><strong>ι99),τὰ</strong></span> 
     </span>
    </p>
   </div>
   <div class='ocr_carea' id='block_1_59' title="bbox 2335 2564 3900 2636">
    <p class='ocr_par' dir='ltr' id='par_1_59' title="bbox 2335 2564 3900 2636">
     <span class='ocr_line' id='line_1_59' title="bbox 2335 2564 3900 2636; baseline -0.003 -15"><span class='ocrx_word' id='word_1_405' title='bbox 2335 2572 2455 2632; x_wconf 83' lang='grc' dir='ltr'>ταῖς</span> <span class='ocrx_word' id='word_1_406' title='bbox 2494 2568 2796 2634; x_wconf 78' lang='grc' dir='ltr'>ἀποδείξεσι</span> <span class='ocrx_word' id='word_1_407' title='bbox 2828 2569 2921 2621; x_wconf 78' lang='grc' dir='ltr'>καὶ</span> <span class='ocrx_word' id='word_1_408' title='bbox 2964 2567 3332 2632; x_wconf 84' lang='grc' dir='ltr'>διδασκαλίαις</span> <span class='ocrx_word' id='word_1_409' title='bbox 3360 2569 3472 2621; x_wconf 81' lang='grc' dir='ltr'>τῶν</span> <span class='ocrx_word' id='word_1_410' title='bbox 3498 2568 3672 2636; x_wconf 76' lang='grc' dir='ltr'>ἁγίων</span> <span class='ocrx_word' id='word_1_411' title='bbox 3698 2564 3900 2635; x_wconf 77' lang='grc' dir='ltr'>Γραφῶν</span> 
     </span>
    </p>
   </div>
   <div class='ocr_carea' id='block_1_60' title="bbox 2336 2656 3898 2732">
    <p class='ocr_par' dir='ltr' id='par_1_60' title="bbox 2336 2656 3898 2732">
     <span class='ocr_line' id='line_1_60' title="bbox 2336 2656 3898 2732; baseline -0.002 -19"><span class='ocrx_word' id='word_1_412' title='bbox 2336 2659 2765 2730; x_wconf 82' lang='grc' dir='ltr'>συνιστανόμενα</span> <span class='ocrx_word' id='word_1_413' title='bbox 2794 2660 3236 2732; x_wconf 85' lang='grc' dir='ltr'>καταδεχόμενοι.</span> <span class='ocrx_word' id='word_1_414' title='bbox 3274 2662 3383 2714; x_wconf 74' lang='grc' dir='ltr'><strong>Καὶ</strong></span> <span class='ocrx_word' id='word_1_415' title='bbox 3405 2660 3566 2724; x_wconf 80' lang='grc' dir='ltr'>τέλος</span> <span class='ocrx_word' id='word_1_416' title='bbox 3588 2662 3617 2713; x_wconf 85' lang='grc' dir='ltr'>ὅ</span> <span class='ocrx_word' id='word_1_417' title='bbox 3640 2676 3697 2712; x_wconf 89' lang='grc' dir='ltr'><strong>τε</strong></span> <span class='ocrx_word' id='word_1_418' title='bbox 3725 2658 3815 2728; x_wconf 79' lang='grc' dir='ltr'>τῆς</span> <span class='ocrx_word' id='word_1_419' title='bbox 3836 2656 3898 2710; x_wconf 80' lang='grc' dir='ltr'>δι-</span> 
     </span>
    </p>
   </div>
   <div class='ocr_carea' id='block_1_61' title="bbox 2331 2750 3898 2824">
    <p class='ocr_par' dir='ltr' id='par_1_61' title="bbox 2331 2750 3898 2824">
     <span class='ocr_line' id='line_1_61' title="bbox 2331 2750 3898 2824; baseline -0.002 -19"><span class='ocrx_word' id='word_1_420' title='bbox 2331 2752 2499 2824; x_wconf 78' lang='grc' dir='ltr'>δαχῆς</span> <span class='ocrx_word' id='word_1_421' title='bbox 2531 2752 2737 2823; x_wconf 74' lang='grc' dir='ltr'>ταύτης</span> <span class='ocrx_word' id='word_1_422' title='bbox 2772 2752 3011 2823; x_wconf 79' lang='grc' dir='ltr'>ἀρχηγὸς</span> <span class='ocrx_word' id='word_1_423' title='bbox 3060 2755 3153 2807; x_wconf 79' lang='grc' dir='ltr'><strong>καὶ</strong></span> <span class='ocrx_word' id='word_1_424' title='bbox 3195 2754 3495 2823; x_wconf 77' lang='grc' dir='ltr'>εἰσηγητὴς</span> <span class='ocrx_word' id='word_1_425' title='bbox 3538 2755 3568 2806; x_wconf 88' lang='grc' dir='ltr'><strong>ό</strong></span> <span class='ocrx_word' id='word_1_426' title='bbox 3598 2750 3898 2820; x_wconf 74' lang='grc' dir='ltr'>καλούμενος</span> 
     </span>
    </p>
   </div>
   <div class='ocr_carea' id='block_1_62' title="bbox 2332 2839 3897 2917">
    <p class='ocr_par' dir='ltr' id='par_1_62' title="bbox 2332 2839 3897 2917">
     <span class='ocr_line' id='line_1_62' title="bbox 2332 2839 3897 2917; baseline -0.003 -20"><span class='ocrx_word' id='word_1_427' title='bbox 2332 2845 2640 2917; x_wconf 85' lang='grc' dir='ltr'>Κορακίων,</span> <span class='ocrx_word' id='word_1_428' title='bbox 2664 2845 2721 2897; x_wconf 84' lang='grc' dir='ltr'><strong>ἐν</strong></span> <span class='ocrx_word' id='word_1_429' title='bbox 2750 2844 2970 2916; x_wconf 78' lang='grc' dir='ltr'>ἐπηκόῳ</span> <span class='ocrx_word' id='word_1_430' title='bbox 3001 2845 3218 2899; x_wconf 78' lang='grc' dir='ltr'>πάντων</span> <span class='ocrx_word' id='word_1_431' title='bbox 3238 2845 3345 2899; x_wconf 83' lang='grc' dir='ltr'>τῶν</span> <span class='ocrx_word' id='word_1_432' title='bbox 3377 2845 3666 2917; x_wconf 81' lang='grc' dir='ltr'>παρόντων</span> <span class='ocrx_word' id='word_1_433' title='bbox 3687 2839 3897 2910; x_wconf 71' lang='grc' dir='ltr'>ἀδελφῶν</span> 
     </span>
    </p>
   </div>
   <div class='ocr_carea' id='block_1_63' title="bbox 2330 2935 3897 3010">
    <p class='ocr_par' dir='ltr' id='par_1_63' title="bbox 2330 2935 3897 3010">
     <span class='ocr_line' id='line_1_63' title="bbox 2330 2935 3897 3010; baseline -0.002 -23"><span class='ocrx_word' id='word_1_434' title='bbox 2330 2935 2645 3006; x_wconf 81' lang='grc' dir='ltr'>ὡμολόγησε</span> <span class='ocrx_word' id='word_1_435' title='bbox 2665 2938 2757 2990; x_wconf 72' lang='grc' dir='ltr'>καὶ</span> <span class='ocrx_word' id='word_1_436' title='bbox 2776 2935 3169 3008; x_wconf 79' lang='grc' dir='ltr'>διεμαρτύρατο</span> <span class='ocrx_word' id='word_1_437' title='bbox 3191 2938 3341 3009; x_wconf 82' lang='grc' dir='ltr'>ἡμῖν,</span> <span class='ocrx_word' id='word_1_438' title='bbox 3363 2939 3563 3010; x_wconf 79' lang='grc' dir='ltr'>μηκέτι</span> <span class='ocrx_word' id='word_1_439' title='bbox 3576 2935 3743 3005; x_wconf 82' lang='grc' dir='ltr'>τούτῳ</span> <span class='ocrx_word' id='word_1_440' title='bbox 3757 2948 3897 3003; x_wconf 79' lang='grc' dir='ltr'>προσ-</span> 
     </span>
    </p>
   </div>
   <div class='ocr_carea' id='block_1_64' title="bbox 2332 3023 3896 3100">
    <p class='ocr_par' dir='ltr' id='par_1_64' title="bbox 2332 3023 3896 3100">
     <span class='ocr_line' id='line_1_64' title="bbox 2332 3023 3896 3100; baseline -0.002 -21"><span class='ocrx_word' id='word_1_441' title='bbox 2332 3027 2505 3092; x_wconf 80' lang='grc' dir='ltr'>έξειν,</span> <span class='ocrx_word' id='word_1_442' title='bbox 2545 3027 2679 3099; x_wconf 79' lang='grc' dir='ltr'>μηδὲ</span> <span class='ocrx_word' id='word_1_443' title='bbox 2706 3026 3045 3093; x_wconf 66' lang='grc' dir='ltr'>διαλέξει-σθαι</span> <span class='ocrx_word' id='word_1_444' title='bbox 3085 3029 3213 3100; x_wconf 76' lang='grc' dir='ltr'>περὶ</span> <span class='ocrx_word' id='word_1_445' title='bbox 3258 3029 3473 3092; x_wconf 76' lang='grc' dir='ltr'>τούτου,</span> <span class='ocrx_word' id='word_1_446' title='bbox 3533 3027 3668 3099; x_wconf 83' lang='grc' dir='ltr'>μηδὲ</span> <span class='ocrx_word' id='word_1_447' title='bbox 3715 3023 3896 3095; x_wconf 76' lang='grc' dir='ltr'>μεμνῆ-</span> 
     </span>
    </p>
   </div>
   <div class='ocr_carea' id='block_1_65' title="bbox 2335 3113 3893 3192">
    <p class='ocr_par' dir='ltr' id='par_1_65' title="bbox 2335 3113 3893 3192">
     <span class='ocr_line' id='line_1_65' title="bbox 2335 3113 3893 3192; baseline -0.005 -20"><span class='ocrx_word' id='word_1_448' title='bbox 2335 3119 2476 3183; x_wconf 84' lang='grc' dir='ltr'>σθαι,</span> <span class='ocrx_word' id='word_1_449' title='bbox 2513 3119 2646 3192; x_wconf 84' lang='grc' dir='ltr'>μηδὲ</span> <span class='ocrx_word' id='word_1_450' title='bbox 2672 3118 2900 3186; x_wconf 81' lang='grc' dir='ltr'>διδάξειν</span> <span class='ocrx_word' id='word_1_451' title='bbox 2920 3159 2934 3181; x_wconf 88' lang='grc'><em>,</em></span> <span class='ocrx_word' id='word_1_452' title='bbox 2963 3119 3037 3183; x_wconf 86' lang='grc' dir='ltr'><strong>ὼς</strong></span> <span class='ocrx_word' id='word_1_453' title='bbox 3073 3120 3272 3184; x_wconf 77' lang='grc' dir='ltr'>ἱκανῶς</span> <span class='ocrx_word' id='word_1_454' title='bbox 3304 3120 3410 3173; x_wconf 80' lang='grc' dir='ltr'>ὑπὸ</span> <span class='ocrx_word' id='word_1_455' title='bbox 3447 3119 3558 3172; x_wconf 83' lang='grc' dir='ltr'>τῶν</span> <span class='ocrx_word' id='word_1_456' title='bbox 3587 3113 3893 3184; x_wconf 78' lang='grc' dir='ltr'>ἀντιλεχθέν-</span> 
     </span>
    </p>
   </div>
   <div class='ocr_carea' id='block_1_66' title="bbox 2333 3206 3892 3283">
    <p class='ocr_par' dir='ltr' id='par_1_66' title="bbox 2333 3206 3892 3283">
     <span class='ocr_line' id='line_1_66' title="bbox 2333 3206 3892 3283; baseline -0.006 -18"><span class='ocrx_word' id='word_1_457' title='bbox 2333 3229 2442 3265; x_wconf 90' lang='grc' dir='ltr'><strong>των</strong></span> <span class='ocrx_word' id='word_1_458' title='bbox 2476 3212 2785 3283; x_wconf 48' lang='grc' dir='ltr'>ᾑρημένος</span> <span class='ocrx_word' id='word_1_459' title='bbox 2826 3211 2935 3265; x_wconf 85' lang='grc' dir='ltr'><strong>τῶν</strong></span> <span class='ocrx_word' id='word_1_460' title='bbox 2974 3229 3032 3265; x_wconf 88' lang='grc' dir='ltr'><strong>τε</strong></span> <span class='ocrx_word' id='word_1_461' title='bbox 3072 3211 3247 3266; x_wconf 80' lang='grc' dir='ltr'>ἄλλων</span> <span class='ocrx_word' id='word_1_462' title='bbox 3281 3209 3530 3281; x_wconf 80' lang='grc' dir='ltr'>ἀδελφῶν</span> <span class='ocrx_word' id='word_1_463' title='bbox 3573 3212 3622 3262; x_wconf 78' lang='grc' dir='ltr'>οἱ</span> <span class='ocrx_word' id='word_1_464' title='bbox 3660 3206 3892 3277; x_wconf 74' lang='grc' dir='ltr'>παρόντες</span> 
     </span>
    </p>
   </div>
   <div class='ocr_carea' id='block_1_67' title="bbox 2334 3300 3886 3374">
    <p class='ocr_par' dir='ltr' id='par_1_67' title="bbox 2334 3300 3886 3374">
     <span class='ocr_line' id='line_1_67' title="bbox 2334 3300 3886 3374; baseline -0.005 -19"><span class='ocrx_word' id='word_1_465' title='bbox 2334 3302 2551 3373; x_wconf 80' lang='grc' dir='ltr'>ἔχαιρον</span> <span class='ocrx_word' id='word_1_466' title='bbox 2584 3303 2675 3355; x_wconf 74' lang='grc' dir='ltr'>ἐπὶ</span> <span class='ocrx_word' id='word_1_467' title='bbox 2716 3305 2781 3374; x_wconf 78' lang='grc' dir='ltr'><strong>τῇ</strong></span> <span class='ocrx_word' id='word_1_468' title='bbox 2816 3301 3117 3373; x_wconf 70' lang='grc' dir='ltr'>κοινολογίᾳ</span> <span class='ocrx_word' id='word_1_469' title='bbox 3150 3302 3245 3355; x_wconf 73' lang='grc' dir='ltr'>καὶ</span> <span class='ocrx_word' id='word_1_470' title='bbox 3280 3304 3347 3373; x_wconf 81' lang='grc' dir='ltr'>τῇ</span> <span class='ocrx_word' id='word_1_471' title='bbox 3380 3302 3520 3372; x_wconf 84' lang='grc' dir='ltr'>πρὸς</span> <span class='ocrx_word' id='word_1_472' title='bbox 3554 3300 3753 3360; x_wconf 60' lang='grc' dir='ltr'>πᾶντας</span> <span class='ocrx_word' id='word_1_473' title='bbox 3780 3311 3886 3363; x_wconf 83' lang='grc' dir='ltr'>συγ·</span> 
     </span>
    </p>
   </div>
   <div class='ocr_carea' id='block_1_68' title="bbox 2334 3393 3507 3466">
    <p class='ocr_par' dir='ltr' id='par_1_68' title="bbox 2334 3393 3507 3466">
     <span class='ocr_line' id='line_1_68' title="bbox 2334 3393 3507 3466; baseline -0.002 -18"><span class='ocrx_word' id='word_1_474' title='bbox 2334 3394 2635 3450; x_wconf 79' lang='grc' dir='ltr'>καταϐάσει</span> <span class='ocrx_word' id='word_1_475' title='bbox 2668 3394 2744 3466; x_wconf 81' lang='grc' dir='ltr'><strong>(Ι)</strong></span> <span class='ocrx_word' id='word_1_476' title='bbox 2772 3395 2865 3450; x_wconf 70' lang='grc' dir='ltr'>καὶ</span> <span class='ocrx_word' id='word_1_477' title='bbox 2893 3393 3249 3449; x_wconf 81' lang='grc' dir='ltr'>συνδιαθὲσει.</span> <span class='ocrx_word' id='word_1_478' title='bbox 3293 3412 3311 3446; x_wconf 74' lang='grc' dir='ltr'><strong>ι</strong></span> <span class='ocrx_word' id='word_1_479' title='bbox 3504 3410 3507 3411; x_wconf 58' lang='grc'><strong><em>⁷</em></strong></span> 
     </span>
    </p>
   </div>
   <div class='ocr_carea' id='block_1_69' title="bbox 647 3476 3888 3555">
    <p class='ocr_par' dir='ltr' id='par_1_69' title="bbox 647 3476 3888 3555">
     <span class='ocr_line' id='line_1_69' title="bbox 647 3476 3888 3555; baseline -0.002 -17"><span class='ocrx_word' id='word_1_480' title='bbox 647 3494 703 3538; x_wconf 88' lang='lat' dir='ltr'><strong>et</strong></span> <span class='ocrx_word' id='word_1_481' title='bbox 737 3485 1060 3539; x_wconf 74' lang='lat' dir='ltr'><strong>auctoritate</strong></span> <span class='ocrx_word' id='word_1_482' title='bbox 1101 3501 1270 3541; x_wconf 83' lang='lat' dir='ltr'><strong>sacrae</strong></span> <span class='ocrx_word' id='word_1_483' title='bbox 1300 3485 1600 3555; x_wconf 71' lang='lat' dir='ltr'><strong>Scriptum</strong></span> <span class='ocrx_word' id='word_1_484' title='bbox 1631 3487 1955 3543; x_wconf 83' lang='lat' dir='ltr'><strong>confirmata</strong></span> <span class='ocrx_word' id='word_1_485' title='bbox 1987 3500 2191 3551; x_wconf 87' lang='lat' dir='ltr'><strong>essent,</strong></span> <span class='ocrx_word' id='word_1_486' title='bbox 2226 3486 2678 3555; x_wconf 76' lang='lat' dir='ltr'><strong>suscipiebamus.</strong></span> <span class='ocrx_word' id='word_1_487' title='bbox 2715 3483 2955 3539; x_wconf 88' lang='lat' dir='ltr'><strong>Tandem</strong></span> <span class='ocrx_word' id='word_1_488' title='bbox 2986 3486 3219 3555; x_wconf 88' lang='lat' dir='ltr'><strong>denique</strong></span> <span class='ocrx_word' id='word_1_489' title='bbox 3244 3484 3493 3548; x_wconf 89' lang='lat' dir='ltr'><strong>Coracio,</strong></span> <span class='ocrx_word' id='word_1_490' title='bbox 3522 3482 3615 3554; x_wconf 91' lang='lat' dir='ltr'><strong>qui</strong></span> <span class='ocrx_word' id='word_1_491' title='bbox 3641 3479 3787 3547; x_wconf 88' lang='lat' dir='ltr'><strong>hujus</strong></span> <span class='ocrx_word' id='word_1_492' title='bbox 3810 3476 3888 3528; x_wconf 87' lang='lat' dir='ltr'><strong>do-</strong></span> 
     </span>
    </p>
   </div>
   <div class='ocr_carea' id='block_1_70' title="bbox 646 3577 3887 3650">
    <p class='ocr_par' dir='ltr' id='par_1_70' title="bbox 646 3577 3887 3650">
     <span class='ocr_line' id='line_1_70' title="bbox 646 3577 3887 3650; baseline -0.002 -16"><span class='ocrx_word' id='word_1_493' title='bbox 646 3580 838 3635; x_wconf 76' lang='lat' dir='ltr'><strong>ctrina:</strong></span> <span class='ocrx_word' id='word_1_494' title='bbox 894 3591 1088 3633; x_wconf 86' lang='lat' dir='ltr'><strong>auctor</strong></span> <span class='ocrx_word' id='word_1_495' title='bbox 1135 3588 1190 3634; x_wconf 79' lang='lat' dir='ltr'><strong>et</strong></span> <span class='ocrx_word' id='word_1_496' title='bbox 1266 3580 1490 3650; x_wconf 88' lang='lat' dir='ltr'><strong>signifer</strong></span> <span class='ocrx_word' id='word_1_497' title='bbox 1551 3579 1766 3645; x_wconf 87' lang='lat' dir='ltr'><strong>fuerat,</strong></span> <span class='ocrx_word' id='word_1_498' title='bbox 1807 3581 2157 3636; x_wconf 86' lang='lat' dir='ltr'><strong>audientibus</strong></span> <span class='ocrx_word' id='word_1_499' title='bbox 2204 3581 2419 3636; x_wconf 88' lang='lat' dir='ltr'><strong>cunctis</strong></span> <span class='ocrx_word' id='word_1_500' title='bbox 2448 3580 2539 3649; x_wconf 88' lang='lat' dir='ltr'><strong>qui</strong></span> <span class='ocrx_word' id='word_1_501' title='bbox 2568 3581 2797 3633; x_wconf 89' lang='lat' dir='ltr'><strong>aderant</strong></span> <span class='ocrx_word' id='word_1_502' title='bbox 2823 3577 3105 3644; x_wconf 89' lang='lat' dir='ltr'><strong>fratribus,</strong></span> <span class='ocrx_word' id='word_1_503' title='bbox 3137 3578 3409 3647; x_wconf 90' lang='lat' dir='ltr'><strong>pollicitus</strong></span> <span class='ocrx_word' id='word_1_504' title='bbox 3433 3578 3593 3632; x_wconf 85' lang='lat' dir='ltr'><strong>nobis</strong></span> <span class='ocrx_word' id='word_1_505' title='bbox 3642 3586 3694 3630; x_wconf 91' lang='lat' dir='ltr'><strong>et</strong></span> <span class='ocrx_word' id='word_1_506' title='bbox 3725 3579 3887 3627; x_wconf 80' lang='lat' dir='ltr'><strong>conte-</strong></span> 
     </span>
    </p>
   </div>
   <div class='ocr_carea' id='block_1_71' title="bbox 647 3666 3886 3743">
    <p class='ocr_par' dir='ltr' id='par_1_71' title="bbox 647 3666 3886 3743">
     <span class='ocr_line' id='line_1_71' title="bbox 647 3666 3886 3743; baseline -0.004 -16"><span class='ocrx_word' id='word_1_507' title='bbox 647 3681 824 3728; x_wconf 82' lang='lat' dir='ltr'><strong>status</strong></span> <span class='ocrx_word' id='word_1_508' title='bbox 845 3681 953 3737; x_wconf 89' lang='lat' dir='ltr'><strong>est,</strong></span> <span class='ocrx_word' id='word_1_509' title='bbox 984 3688 1042 3727; x_wconf 88' lang='lat' dir='ltr'><strong>se</strong></span> <span class='ocrx_word' id='word_1_510' title='bbox 1066 3673 1401 3743; x_wconf 89' lang='lat' dir='ltr'><strong>inposterum</strong></span> <span class='ocrx_word' id='word_1_511' title='bbox 1431 3674 1569 3728; x_wconf 86' lang='lat' dir='ltr'><strong>hanc</strong></span> <span class='ocrx_word' id='word_1_512' title='bbox 1595 3673 1907 3743; x_wconf 86' lang='lat' dir='ltr'><strong>opinionem</strong></span> <span class='ocrx_word' id='word_1_513' title='bbox 1942 3673 2323 3743; x_wconf 77' lang='lat' dir='ltr'><strong>amplexurum</strong></span> <span class='ocrx_word' id='word_1_514' title='bbox 2382 3691 2486 3729; x_wconf 90' lang='lat' dir='ltr'><strong>non</strong></span> <span class='ocrx_word' id='word_1_515' title='bbox 2545 3688 2687 3742; x_wconf 79' lang='lat' dir='ltr'><strong>esse,</strong></span> <span class='ocrx_word' id='word_1_516' title='bbox 2714 3687 2814 3731; x_wconf 89' lang='lat' dir='ltr'><strong>nec</strong></span> <span class='ocrx_word' id='word_1_517' title='bbox 2865 3671 2932 3727; x_wconf 89' lang='lat' dir='ltr'><strong>de</strong></span> <span class='ocrx_word' id='word_1_518' title='bbox 2966 3688 3029 3727; x_wconf 84' lang='lat' dir='ltr'><strong>ea</strong></span> <span class='ocrx_word' id='word_1_519' title='bbox 3082 3670 3507 3740; x_wconf 86' lang='lat' dir='ltr'><strong>disputaturum,</strong></span> <span class='ocrx_word' id='word_1_520' title='bbox 3561 3684 3660 3722; x_wconf 91' lang='lat' dir='ltr'><strong>nec</strong></span> <span class='ocrx_word' id='word_1_521' title='bbox 3704 3666 3886 3719; x_wconf 86' lang='lat' dir='ltr'><strong>locutu-</strong></span> 
     </span>
    </p>
   </div>
   <div class='ocr_carea' id='block_1_72' title="bbox 648 3751 3884 3836">
    <p class='ocr_par' dir='ltr' id='par_1_72' title="bbox 648 3751 3884 3836">
     <span class='ocr_line' id='line_1_72' title="bbox 648 3751 3884 3836; baseline -0.005 -17"><span class='ocrx_word' id='word_1_522' title='bbox 648 3780 793 3829; x_wconf 87' lang='lat' dir='ltr'><strong>rum,</strong></span> <span class='ocrx_word' id='word_1_523' title='bbox 822 3780 923 3820; x_wconf 89' lang='lat' dir='ltr'><strong>nec</strong></span> <span class='ocrx_word' id='word_1_524' title='bbox 954 3765 1151 3835; x_wconf 90' lang='lat' dir='ltr'><strong>populo</strong></span> <span class='ocrx_word' id='word_1_525' title='bbox 1190 3766 1607 3835; x_wconf 70' lang='lat' dir='ltr'><strong>prredicaturum</strong></span> <span class='ocrx_word' id='word_1_526' title='bbox 1635 3780 1649 3830; x_wconf 94' lang='lat'><strong>;</strong></span> <span class='ocrx_word' id='word_1_527' title='bbox 1692 3765 1890 3835; x_wconf 89' lang='lat' dir='ltr'><strong>quippe</strong></span> <span class='ocrx_word' id='word_1_528' title='bbox 1922 3765 2014 3835; x_wconf 90' lang='lat' dir='ltr'><strong>qui</strong></span> <span class='ocrx_word' id='word_1_529' title='bbox 2046 3764 2378 3832; x_wconf 83' lang='lat' dir='ltr'><strong>argumentis</strong></span> <span class='ocrx_word' id='word_1_530' title='bbox 2407 3765 2671 3836; x_wconf 83' lang='lat' dir='ltr'><strong>oppositis</strong></span> <span class='ocrx_word' id='word_1_531' title='bbox 2693 3764 2827 3819; x_wconf 89' lang='lat' dir='ltr'><strong>satis</strong></span> <span class='ocrx_word' id='word_1_532' title='bbox 2846 3778 3119 3833; x_wconf 88' lang='lat' dir='ltr'><strong>superque</strong></span> <span class='ocrx_word' id='word_1_533' title='bbox 3147 3764 3431 3817; x_wconf 89' lang='lat' dir='ltr'><strong>convictus</strong></span> <span class='ocrx_word' id='word_1_534' title='bbox 3456 3760 3673 3816; x_wconf 77' lang='lat' dir='ltr'><strong>fuisset.</strong></span> <span class='ocrx_word' id='word_1_535' title='bbox 3699 3751 3884 3810; x_wconf 58' lang='lat' dir='ltr'><strong>Fratri.</strong></span> 
     </span>
    </p>
   </div>
   <div class='ocr_carea' id='block_1_73' title="bbox 647 3854 3882 3931">
    <p class='ocr_par' dir='ltr' id='par_1_73' title="bbox 647 3854 3882 3931">
     <span class='ocr_line' id='line_1_73' title="bbox 647 3854 3882 3931; baseline -0.002 -18"><span class='ocrx_word' id='word_1_536' title='bbox 647 3859 747 3917; x_wconf 89' lang='lat' dir='ltr'><strong>bus</strong></span> <span class='ocrx_word' id='word_1_537' title='bbox 770 3870 950 3916; x_wconf 91' lang='lat' dir='ltr'><strong>autem</strong></span> <span class='ocrx_word' id='word_1_538' title='bbox 972 3859 1063 3930; x_wconf 87' lang='lat' dir='ltr'><strong>qui</strong></span> <span class='ocrx_word' id='word_1_539' title='bbox 1091 3860 1342 3924; x_wconf 88' lang='lat' dir='ltr'><strong>aderant,</strong></span> <span class='ocrx_word' id='word_1_540' title='bbox 1376 3860 1491 3915; x_wconf 61' lang='lat' dir='ltr'><strong>haec</strong></span> <span class='ocrx_word' id='word_1_541' title='bbox 1515 3860 1810 3931; x_wconf 87' lang='lat' dir='ltr'><strong>disputatio</strong></span> <span class='ocrx_word' id='word_1_542' title='bbox 1841 3871 1897 3916; x_wconf 92' lang='lat' dir='ltr'><strong>et</strong></span> <span class='ocrx_word' id='word_1_543' title='bbox 1944 3861 2188 3916; x_wconf 87' lang='lat' dir='ltr'><strong>omnium</strong></span> <span class='ocrx_word' id='word_1_544' title='bbox 2231 3862 2374 3917; x_wconf 89' lang='lat' dir='ltr'><strong>inter</strong></span> <span class='ocrx_word' id='word_1_545' title='bbox 2398 3877 2457 3918; x_wconf 89' lang='lat' dir='ltr'><strong>se</strong></span> <span class='ocrx_word' id='word_1_546' title='bbox 2484 3860 2855 3917; x_wconf 83' lang='lat' dir='ltr'><strong>reconciliatio</strong></span> <span class='ocrx_word' id='word_1_547' title='bbox 2889 3869 3052 3929; x_wconf 87' lang='lat' dir='ltr'><strong>atque</strong></span> <span class='ocrx_word' id='word_1_548' title='bbox 3101 3858 3387 3915; x_wconf 84' lang='lat' dir='ltr'><strong>consensio</strong></span> <span class='ocrx_word' id='word_1_549' title='bbox 3422 3872 3529 3913; x_wconf 90' lang='lat' dir='ltr'><strong>non</strong></span> <span class='ocrx_word' id='word_1_550' title='bbox 3585 3854 3882 3910; x_wconf 82' lang='lat' dir='ltr'><strong>mediocrem</strong></span> 
     </span>
    </p>
   </div>
   <div class='ocr_carea' id='block_1_74' title="bbox 646 3954 1253 4023">
    <p class='ocr_par' dir='ltr' id='par_1_74' title="bbox 646 3954 1253 4023">
     <span class='ocr_line' id='line_1_74' title="bbox 646 3954 1253 4023; baseline -0.007 -14"><span class='ocrx_word' id='word_1_551' title='bbox 646 3954 829 4010; x_wconf 77' lang='lat' dir='ltr'><strong>attulit</strong></span> <span class='ocrx_word' id='word_1_552' title='bbox 856 3954 1204 4023; x_wconf 84' lang='lat' dir='ltr'><strong>voluptatem.</strong></span> <span class='ocrx_word' id='word_1_553' title='bbox 1233 3974 1253 4005; x_wconf 73' lang='grc' dir='ltr'><strong>ι</strong></span> 
     </span>
    </p>
   </div>
   <div class='ocr_carea' id='block_1_75' title="bbox 1220 4048 1643 4105">
    <p class='ocr_par' dir='ltr' id='par_1_75' title="bbox 1220 4048 1643 4105">
     <span class='ocr_line' id='line_1_75' title="bbox 1220 4048 1643 4105; baseline 0.005 -2"><span class='ocrx_word' id='word_1_554' title='bbox 1220 4048 1449 4105; x_wconf 77' lang='lat' dir='ltr'><strong>CAPUT</strong></span> <span class='ocrx_word' id='word_1_555' title='bbox 1478 4049 1643 4105; x_wconf 76' lang='lat' dir='ltr'><strong>XXV.</strong></span> 
     </span>
    </p>
   </div>
   <div class='ocr_carea' id='block_1_76' title="bbox 1089 4139 1790 4211">
    <p class='ocr_par' dir='ltr' id='par_1_76' title="bbox 1089 4139 1790 4211">
     <span class='ocr_line' id='line_1_76' title="bbox 1089 4139 1790 4211; baseline 0.003 -18"><span class='ocrx_word' id='word_1_556' title='bbox 1089 4139 1166 4193; x_wconf 78' lang='lat' dir='ltr'><strong>De</strong></span> <span class='ocrx_word' id='word_1_557' title='bbox 1197 4141 1422 4201; x_wconf 70' lang='lat' dir='ltr'><strong>Joannis</strong></span> <span class='ocrx_word' id='word_1_558' title='bbox 1452 4140 1790 4211; x_wconf 73' lang='lat' dir='ltr'><strong>Apocalypsi.</strong></span> 
     </span>
    </p>
   </div>
   <div class='ocr_carea' id='block_1_77' title="bbox 717 4298 2216 4370">
    <p class='ocr_par' dir='ltr' id='par_1_77' title="bbox 717 4298 2216 4370">
     <span class='ocr_line' id='line_1_77' title="bbox 717 4298 2216 4370; baseline 0.001 -17"><span class='ocrx_word' id='word_1_559' title='bbox 717 4298 921 4355; x_wconf 83' lang='lat' dir='ltr'><strong>Deinde</strong></span> <span class='ocrx_word' id='word_1_560' title='bbox 971 4299 1250 4370; x_wconf 81' lang='lat' dir='ltr'><strong>aliquanto</strong></span> <span class='ocrx_word' id='word_1_561' title='bbox 1304 4310 1428 4369; x_wconf 88' lang='lat' dir='ltr'><strong>post</strong></span> <span class='ocrx_word' id='word_1_562' title='bbox 1507 4302 1575 4355; x_wconf 92' lang='lat' dir='ltr'><strong>de</strong></span> <span class='ocrx_word' id='word_1_563' title='bbox 1644 4300 1996 4356; x_wconf 82' lang='lat' dir='ltr'><strong>Revelatione</strong></span> <span class='ocrx_word' id='word_1_564' title='bbox 2045 4299 2216 4357; x_wconf 75' lang='lat' dir='ltr'><strong>Joan-</strong></span> 
     </span>
    </p>
   </div>
   <div class='ocr_carea' id='block_1_78' title="bbox 717 4483 2229 4559">
    <p class='ocr_par' dir='ltr' id='par_1_78' title="bbox 717 4483 2229 4559">
     <span class='ocr_line' id='line_1_78' title="bbox 717 4483 2229 4559; baseline 0.011 -26"><span class='ocrx_word' id='word_1_565' title='bbox 717 4486 830 4559; x_wconf 70' lang='grc'><strong>(96)</strong></span> <span class='ocrx_word' id='word_1_566' title='bbox 870 4488 967 4541; x_wconf 77' lang='lat' dir='ltr'><strong>&#39;Er</strong></span> <span class='ocrx_word' id='word_1_567' title='bbox 991 4486 1111 4556; x_wconf 81' lang='grc' dir='ltr'><strong>μὲν</strong></span> <span class='ocrx_word' id='word_1_568' title='bbox 1130 4483 1244 4542; x_wconf 75' lang='grc' dir='ltr'><strong>οὖν</strong></span> <span class='ocrx_word' id='word_1_569' title='bbox 1275 4486 1356 4559; x_wconf 81' lang='grc' dir='ltr'>τῷ</span> <span class='ocrx_word' id='word_1_570' title='bbox 1397 4488 1797 4559; x_wconf 80' lang='grc' dir='ltr'>Ἀρσενοείτῃ.</span> <span class='ocrx_word' id='word_1_571' title='bbox 1840 4489 2034 4547; x_wconf 78' lang='lat' dir='ltr'><strong>Mirum</strong></span> <span class='ocrx_word' id='word_1_572' title='bbox 2059 4504 2145 4549; x_wconf 91' lang='lat' dir='ltr'><strong>est</strong></span> <span class='ocrx_word' id='word_1_573' title='bbox 2175 4494 2229 4550; x_wconf 91' lang='lat' dir='ltr'><strong>in</strong></span> 
     </span>
    </p>
   </div>
   <div class='ocr_carea' id='block_1_79' title="bbox 644 4559 2227 4630">
    <p class='ocr_par' dir='ltr' id='par_1_79' title="bbox 644 4559 2227 4630">
     <span class='ocr_line' id='line_1_79' title="bbox 644 4559 2227 4630; baseline 0.004 -16"><span class='ocrx_word' id='word_1_574' title='bbox 644 4564 822 4630; x_wconf 84' lang='lat' dir='ltr'><strong>tribus</strong></span> <span class='ocrx_word' id='word_1_575' title='bbox 875 4559 1078 4630; x_wconf 89' lang='lat' dir='ltr'><strong>nostris</strong></span> <span class='ocrx_word' id='word_1_576' title='bbox 1124 4559 1401 4630; x_wconf 70' lang='lat' dir='ltr'><strong>endit-ibus</strong></span> <span class='ocrx_word' id='word_1_577' title='bbox 1446 4573 1502 4614; x_wconf 90' lang='lat' dir='ltr'><strong>et</strong></span> <span class='ocrx_word' id='word_1_578' title='bbox 1556 4562 1695 4628; x_wconf 89' lang='lat' dir='ltr'><strong>apud</strong></span> <span class='ocrx_word' id='word_1_579' title='bbox 1748 4561 2113 4630; x_wconf 81' lang='lat' dir='ltr'><strong>Nicephorum</strong></span> <span class='ocrx_word' id='word_1_580' title='bbox 2160 4581 2227 4620; x_wconf 86' lang='lat' dir='ltr'><strong>ac</strong></span> 
     </span>
    </p>
   </div>
   <div class='ocr_carea' id='block_1_80' title="bbox 646 4629 2227 4699">
    <p class='ocr_par' dir='ltr' id='par_1_80' title="bbox 646 4629 2227 4699">
     <span class='ocr_line' id='line_1_80' title="bbox 646 4629 2227 4699; baseline 0.006 -18"><span class='ocrx_word' id='word_1_581' title='bbox 646 4629 1001 4699; x_wconf 72' lang='lat' dir='ltr'><strong>Ptolemmum</strong></span> <span class='ocrx_word' id='word_1_582' title='bbox 1036 4629 1109 4699; x_wconf 90' lang='lat' dir='ltr'><strong>ita</strong></span> <span class='ocrx_word' id='word_1_583' title='bbox 1150 4629 1274 4699; x_wconf 85' lang='lat' dir='ltr'><strong>legi.</strong></span> <span class='ocrx_word' id='word_1_584' title='bbox 1303 4646 1425 4684; x_wconf 91' lang='lat' dir='ltr'><strong>cum</strong></span> <span class='ocrx_word' id='word_1_585' title='bbox 1459 4640 1672 4683; x_wconf 87' lang='lat' dir='ltr'><strong>constet</strong></span> <span class='ocrx_word' id='word_1_586' title='bbox 1700 4629 2051 4687; x_wconf 88' lang='lat' dir='ltr'><strong>scribendum</strong></span> <span class='ocrx_word' id='word_1_587' title='bbox 2103 4649 2227 4690; x_wconf 88' lang='lat' dir='ltr'><strong>esse</strong></span> 
     </span>
    </p>
   </div>
   <div class='ocr_carea' id='block_1_81' title="bbox 655 4697 2225 4772">
    <p class='ocr_par' dir='ltr' id='par_1_81' title="bbox 655 4697 2225 4772">
     <span class='ocr_line' id='line_1_81' title="bbox 655 4697 2225 4772; baseline 0.005 -19"><span class='ocrx_word' id='word_1_588' title='bbox 655 4697 1020 4772; x_wconf 64' lang='lat' dir='ltr'><strong>‘Apatvoeitn.</strong></span> <span class='ocrx_word' id='word_1_589' title='bbox 1052 4698 1143 4753; x_wconf 85' lang='lat' dir='ltr'><strong>Sic</strong></span> <span class='ocrx_word' id='word_1_590' title='bbox 1191 4697 1337 4754; x_wconf 76' lang='lat' dir='ltr'><strong>cnim</strong></span> <span class='ocrx_word' id='word_1_591' title='bbox 1366 4700 1510 4755; x_wconf 89' lang='lat' dir='ltr'><strong>dicta</strong></span> <span class='ocrx_word' id='word_1_592' title='bbox 1541 4710 1627 4756; x_wconf 85' lang='lat' dir='ltr'><strong>est</strong></span> <span class='ocrx_word' id='word_1_593' title='bbox 1653 4703 1769 4757; x_wconf 67' lang='lat' dir='ltr'><strong>hate</strong></span> <span class='ocrx_word' id='word_1_594' title='bbox 1803 4704 2126 4772; x_wconf 68' lang='lat' dir='ltr'><strong>prazl‘eetura</strong></span> <span class='ocrx_word' id='word_1_595' title='bbox 2156 4706 2225 4761; x_wconf 89' lang='lat' dir='ltr'><strong>ab</strong></span> 
     </span>
    </p>
   </div>
   <div class='ocr_carea' id='block_1_82' title="bbox 641 4769 1123 4835">
    <p class='ocr_par' dir='ltr' id='par_1_82' title="bbox 641 4769 1123 4835">
     <span class='ocr_line' id='line_1_82' title="bbox 641 4769 1123 4835; baseline -0.004 -12"><span class='ocrx_word' id='word_1_596' title='bbox 641 4769 876 4829; x_wconf 76' lang='lat' dir='ltr'><strong>Arsinoe</strong></span> <span class='ocrx_word' id='word_1_597' title='bbox 914 4769 1123 4835; x_wconf 79' lang='lat' dir='ltr'><strong>regina.</strong></span> 
     </span>
    </p>
   </div>
   <div class='ocr_carea' id='block_1_83' title="bbox 714 4838 2224 4910">
    <p class='ocr_par' dir='ltr' id='par_1_83' title="bbox 714 4838 2224 4910">
     <span class='ocr_line' id='line_1_83' title="bbox 714 4838 2224 4910; baseline 0.007 -18"><span class='ocrx_word' id='word_1_598' title='bbox 714 4838 826 4910; x_wconf 77' lang='lat'><strong>(95)</strong></span> <span class='ocrx_word' id='word_1_599' title='bbox 887 4838 1243 4900; x_wconf 78' lang='grc' dir='ltr'>Ἐπεπόλιιζε</span> <span class='ocrx_word' id='word_1_600' title='bbox 1285 4840 1351 4893; x_wconf 79' lang='grc' dir='ltr'>τὸ</span> <span class='ocrx_word' id='word_1_601' title='bbox 1380 4840 1589 4910; x_wconf 74' lang='grc' dir='ltr'>δόγμα.</span> <span class='ocrx_word' id='word_1_602' title='bbox 1616 4841 1832 4909; x_wconf 86' lang='lat' dir='ltr'><strong>Langus</strong></span> <span class='ocrx_word' id='word_1_603' title='bbox 1860 4853 1915 4897; x_wconf 89' lang='lat' dir='ltr'><strong>et</strong></span> <span class='ocrx_word' id='word_1_604' title='bbox 1950 4844 2224 4902; x_wconf 82' lang='lat' dir='ltr'><strong>Musculus</strong></span> 
     </span>
    </p>
   </div>
   <div class='ocr_carea' id='block_1_84' title="bbox 640 4910 2221 4977">
    <p class='ocr_par' dir='ltr' id='par_1_84' title="bbox 640 4910 2221 4977">
     <span class='ocr_line' id='line_1_84' title="bbox 640 4910 2221 4977; baseline 0.003 -12"><span class='ocrx_word' id='word_1_605' title='bbox 640 4910 1101 4977; x_wconf 81' lang='lat' dir='ltr'><strong>interpretantur,</strong></span> <span class='ocrx_word' id='word_1_606' title='bbox 1145 4913 1376 4964; x_wconf 78' lang='lat' dir='ltr'><strong>emersit.</strong></span> <span class='ocrx_word' id='word_1_607' title='bbox 1455 4913 1986 4976; x_wconf 76' lang='lat' dir='ltr'><strong>Christophorsonus</strong></span> <span class='ocrx_word' id='word_1_608' title='bbox 2041 4926 2221 4971; x_wconf 88' lang='lat' dir='ltr'><strong>autem</strong></span> 
     </span>
    </p>
   </div>
   <div class='ocr_carea' id='block_1_85' title="bbox 640 4978 2221 5051">
    <p class='ocr_par' dir='ltr' id='par_1_85' title="bbox 640 4978 2221 5051">
     <span class='ocr_line' id='line_1_85' title="bbox 640 4978 2221 5051; baseline 0.005 -21"><span class='ocrx_word' id='word_1_609' title='bbox 640 4981 807 5051; x_wconf 86' lang='lat' dir='ltr'><strong>vertit</strong></span> <span class='ocrx_word' id='word_1_610' title='bbox 880 4978 1078 5051; x_wconf 72' lang='lat' dir='ltr'><strong>prodiit</strong></span> <span class='ocrx_word' id='word_1_611' title='bbox 1114 4981 1167 5033; x_wconf 85' lang='lat' dir='ltr'><strong>in</strong></span> <span class='ocrx_word' id='word_1_612' title='bbox 1210 4980 1399 5051; x_wconf 77' lang='lat' dir='ltr'><strong>lucent.</strong></span> <span class='ocrx_word' id='word_1_613' title='bbox 1452 4981 1562 5051; x_wconf 79' lang='lat' dir='ltr'><strong>Ego</strong></span> <span class='ocrx_word' id='word_1_614' title='bbox 1610 4998 1739 5035; x_wconf 85' lang='lat' dir='ltr'><strong>vero</strong></span> <span class='ocrx_word' id='word_1_615' title='bbox 1793 4983 1955 5037; x_wconf 80' lang='lat' dir='ltr'><strong>nmini</strong></span> <span class='ocrx_word' id='word_1_616' title='bbox 1994 4994 2221 5049; x_wconf 78' lang='lat' dir='ltr'><strong>vertere,</strong></span> 
     </span>
    </p>
   </div>
   <div class='ocr_carea' id='block_1_86' title="bbox 640 5048 2222 5115">
    <p class='ocr_par' dir='ltr' id='par_1_86' title="bbox 640 5048 2222 5115">
     <span class='ocr_line' id='line_1_86' title="bbox 640 5048 2222 5115; baseline 0.003 -12"><span class='ocrx_word' id='word_1_617' title='bbox 640 5048 961 5112; x_wconf 77' lang='lat' dir='ltr'><strong>increbruit,</strong></span> <span class='ocrx_word' id='word_1_618' title='bbox 998 5062 1105 5115; x_wconf 90' lang='lat' dir='ltr'><strong>quo</strong></span> <span class='ocrx_word' id='word_1_619' title='bbox 1142 5065 1303 5103; x_wconf 87' lang='lat' dir='ltr'><strong>sensu</strong></span> <span class='ocrx_word' id='word_1_620' title='bbox 1338 5048 1604 5107; x_wconf 78' lang='lat' dir='ltr'><strong>Eusebius</strong></span> <span class='ocrx_word' id='word_1_621' title='bbox 1648 5054 1789 5107; x_wconf 88' lang='lat' dir='ltr'><strong>hanc</strong></span> <span class='ocrx_word' id='word_1_622' title='bbox 1844 5068 2029 5109; x_wconf 86' lang='lat' dir='ltr'><strong>vocem</strong></span> <span class='ocrx_word' id='word_1_623' title='bbox 2064 5048 2222 5109; x_wconf 52' lang='lat' dir='ltr'><strong>usur-é</strong></span> 
     </span>
    </p>
   </div>
   <div class='ocr_carea' id='block_1_87' title="bbox 636 5116 1442 5191">
    <p class='ocr_par' dir='ltr' id='par_1_87' title="bbox 636 5116 1442 5191">
     <span class='ocr_line' id='line_1_87' title="bbox 636 5116 1442 5191; baseline 0.004 -19"><span class='ocrx_word' id='word_1_624' title='bbox 636 5131 732 5191; x_wconf 86' lang='lat' dir='ltr'><strong>pat</strong></span> <span class='ocrx_word' id='word_1_625' title='bbox 764 5120 818 5191; x_wconf 84' lang='lat' dir='ltr'><strong>in</strong></span> <span class='ocrx_word' id='word_1_626' title='bbox 845 5134 961 5191; x_wconf 82' lang='lat' dir='ltr'><strong>cap.</strong></span> <span class='ocrx_word' id='word_1_627' title='bbox 1001 5116 1071 5172; x_wconf 73' lang='lat'><strong>29</strong></span> <span class='ocrx_word' id='word_1_628' title='bbox 1106 5120 1264 5191; x_wconf 84' lang='lat' dir='ltr'><strong>hujus</strong></span> <span class='ocrx_word' id='word_1_629' title='bbox 1299 5121 1442 5175; x_wconf 86' lang='lat' dir='ltr'><strong>libri.</strong></span> 
     </span>
    </p>
   </div>
   <div class='ocr_carea' id='block_1_88' title="bbox 713 5188 2221 5263">
    <p class='ocr_par' dir='ltr' id='par_1_88' title="bbox 713 5188 2221 5263">
     <span class='ocr_line' id='line_1_88' title="bbox 713 5188 2221 5263; baseline 0.002 -19"><span class='ocrx_word' id='word_1_630' title='bbox 713 5188 825 5261; x_wconf 75' lang='lat'><strong>(96)</strong></span> <span class='ocrx_word' id='word_1_631' title='bbox 876 5189 1391 5263; x_wconf 61' lang='grc' dir='ltr'><strong>ΪΑκᾳζαμάλητον.</strong></span> <span class='ocrx_word' id='word_1_632' title='bbox 1453 5189 1630 5255; x_wconf 50' lang='lat' dir='ltr'><strong>Vulg&quot;</strong></span> <span class='ocrx_word' id='word_1_633' title='bbox 1684 5193 1912 5263; x_wconf 78' lang='grc' dir='ltr'>ἄμαχον.</span> <span class='ocrx_word' id='word_1_634' title='bbox 1975 5195 2221 5263; x_wconf 81' lang='lat' dir='ltr'><strong>Scriptu-</strong></span> 
     </span>
    </p>
   </div>
   <div class='ocr_carea' id='block_1_89' title="bbox 639 5257 2219 5323">
    <p class='ocr_par' dir='ltr' id='par_1_89' title="bbox 639 5257 2219 5323">
     <span class='ocr_line' id='line_1_89' title="bbox 639 5257 2219 5323; baseline 0.001 -6"><span class='ocrx_word' id='word_1_635' title='bbox 639 5278 757 5317; x_wconf 81' lang='lat' dir='ltr'><strong>ratu</strong></span> <span class='ocrx_word' id='word_1_636' title='bbox 788 5257 947 5316; x_wconf 76' lang='lat' dir='ltr'><strong>codd.</strong></span> <span class='ocrx_word' id='word_1_637' title='bbox 995 5257 1139 5315; x_wconf 82' lang='lat' dir='ltr'><strong>Med.</strong></span> <span class='ocrx_word' id='word_1_638' title='bbox 1171 5257 1223 5313; x_wconf 56' lang='lat' dir='ltr'><strong>et</strong></span> <span class='ocrx_word' id='word_1_639' title='bbox 1251 5261 1387 5313; x_wconf 77' lang='lat' dir='ltr'><strong>Mal.</strong></span> <span class='ocrx_word' id='word_1_640' title='bbox 1426 5257 1748 5316; x_wconf 78' lang='lat' dir='ltr'><strong>admisimus</strong></span> <span class='ocrx_word' id='word_1_641' title='bbox 1791 5257 1847 5315; x_wconf 82' lang='grc' dir='ltr'>ιίὶ</span> <span class='ocrx_word' id='word_1_642' title='bbox 1888 5266 2045 5323; x_wconf 74' lang='lat' dir='ltr'><strong>longe</strong></span> <span class='ocrx_word' id='word_1_643' title='bbox 2101 5257 2219 5319; x_wconf 75' lang='lat' dir='ltr'><strong>rec-</strong></span> 
     </span>
    </p>
   </div>
   <div class='ocr_carea' id='block_1_90' title="bbox 642 5332 2219 5453">
    <p class='ocr_par' dir='ltr' id='par_1_90' title="bbox 642 5332 2219 5453">
     <span class='ocr_line' id='line_1_90' title="bbox 642 5332 2219 5453; baseline 0.004 -70"><span class='ocrx_word' id='word_1_644' title='bbox 642 5334 840 5453; x_wconf 71' lang='lat' dir='ltr'><strong>tsiore&#39;tn</strong></span> <span class='ocrx_word' id='word_1_645' title='bbox 890 5347 905 5399; x_wconf 90' lang='lat'><strong>;</strong></span> <span class='ocrx_word' id='word_1_646' title='bbox 968 5332 1051 5384; x_wconf 85' lang='lat' dir='ltr'><strong>sic</strong></span> <span class='ocrx_word' id='word_1_647' title='bbox 1100 5334 1267 5385; x_wconf 88' lang='lat' dir='ltr'><strong>etiam</strong></span> <span class='ocrx_word' id='word_1_648' title='bbox 1330 5332 1592 5385; x_wconf 85' lang='lat' dir='ltr'><strong>scribitur</strong></span> <span class='ocrx_word' id='word_1_649' title='bbox 1652 5332 1708 5386; x_wconf 88' lang='lat' dir='ltr'><strong>in</strong></span> <span class='ocrx_word' id='word_1_650' title='bbox 1755 5336 1911 5388; x_wconf 87' lang='lat' dir='ltr'><strong>codd.</strong></span> <span class='ocrx_word' id='word_1_651' title='bbox 1976 5334 2112 5389; x_wconf 81' lang='lat' dir='ltr'><strong>Fuk.</strong></span> <span class='ocrx_word' id='word_1_652' title='bbox 2163 5345 2219 5389; x_wconf 87' lang='lat' dir='ltr'><strong>et</strong></span> 
     </span>
     <span class='ocr_line' id='line_1_91' title="bbox 687 5418 813 5453; baseline 0 0"><span class='ocrx_word' id='word_1_653' title='bbox 687 5418 769 5453; x_wconf 81' lang='lat' dir='ltr'><strong>avi</strong></span> <span class='ocrx_word' id='word_1_654' title='bbox 800 5441 813 5453; x_wconf 93' lang='lat'><strong>.</strong></span> 
     </span>
    </p>
   </div>
   <div class='ocr_carea' id='block_1_91' title="bbox 639 5403 813 5457">
    <p class='ocr_par' dir='ltr' id='par_1_91' title="bbox 639 5403 813 5457">
     <span class='ocr_line' id='line_1_92' title="bbox 639 5403 813 5457; baseline -0.017 0"><span class='ocrx_word' id='word_1_655' title='bbox 639 5403 813 5457; x_wconf 77' lang='lat' dir='ltr'><strong>Savil.</strong></span> 
     </span>
    </p>
   </div>
   <div class='ocr_carea' id='block_1_92' title="bbox 708 5418 2216 5543">
    <p class='ocr_par' dir='ltr' id='par_1_92' title="bbox 708 5418 2216 5543">
     <span class='ocr_line' id='line_1_93' title="bbox 708 5418 2216 5543; baseline 0 -17"><span class='ocrx_word' id='word_1_656' title='bbox 859 5473 1507 5540; x_wconf 71' lang='grc' dir='ltr'>Εὐπαρακολούθητον.</span> <span class='ocrx_word' id='word_1_657' title='bbox 1575 5472 1833 5528; x_wconf 79' lang='lat' dir='ltr'><strong>Felieiter</strong></span> <span class='ocrx_word' id='word_1_658' title='bbox 1901 5475 2031 5529; x_wconf 89' lang='lat' dir='ltr'><strong>mihi</strong></span> <span class='ocrx_word' id='word_1_659' title='bbox 2087 5490 2216 5528; x_wconf 83' lang='lat' dir='ltr'><strong>ver-</strong></span> 
     </span>
    </p>
   </div>
   <div class='ocr_carea' id='block_1_93' title="bbox 636 5543 2215 5617">
    <p class='ocr_par' dir='ltr' id='par_1_93' title="bbox 636 5543 2215 5617">
     <span class='ocr_line' id='line_1_94' title="bbox 636 5543 2215 5617; baseline 0.001 -20"><span class='ocrx_word' id='word_1_660' title='bbox 636 5543 770 5597; x_wconf 81' lang='lat' dir='ltr'><strong>tisse</strong></span> <span class='ocrx_word' id='word_1_661' title='bbox 806 5544 997 5596; x_wconf 85' lang='lat' dir='ltr'><strong>videor</strong></span> <span class='ocrx_word' id='word_1_662' title='bbox 1035 5544 1384 5617; x_wconf 70' lang='lat' dir='ltr'><strong>docilitatem.</strong></span> <span class='ocrx_word' id='word_1_663' title='bbox 1438 5543 1567 5617; x_wconf 78' lang='lat' dir='ltr'><strong>Nam</strong></span> <span class='ocrx_word' id='word_1_664' title='bbox 1604 5545 2034 5617; x_wconf 79' lang='grc' dir='ltr'>παρακολουθεῖν</span> <span class='ocrx_word' id='word_1_665' title='bbox 2087 5560 2215 5615; x_wconf 78' lang='lat' dir='ltr'><strong>pio-</strong></span> 
     </span>
    </p>
   </div>
   <div class='ocr_carea' id='block_1_94' title="bbox 635 5613 2216 5682">
    <p class='ocr_par' dir='ltr' id='par_1_94' title="bbox 635 5613 2216 5682">
     <span class='ocr_line' id='line_1_95' title="bbox 635 5613 2216 5682; baseline 0.002 -18"><span class='ocrx_word' id='word_1_666' title='bbox 635 5616 761 5682; x_wconf 84' lang='lat' dir='ltr'><strong>prie</strong></span> <span class='ocrx_word' id='word_1_667' title='bbox 788 5614 1050 5667; x_wconf 89' lang='lat' dir='ltr'><strong>dicuntur</strong></span> <span class='ocrx_word' id='word_1_668' title='bbox 1079 5613 1379 5673; x_wconf 82' lang='lat' dir='ltr'><strong>auditores,</strong></span> <span class='ocrx_word' id='word_1_669' title='bbox 1410 5614 1501 5681; x_wconf 84' lang='lat' dir='ltr'><strong>qui</strong></span> <span class='ocrx_word' id='word_1_670' title='bbox 1531 5613 1755 5669; x_wconf 84' lang='lat' dir='ltr'><strong>sensum</strong></span> <span class='ocrx_word' id='word_1_671' title='bbox 1807 5613 2099 5670; x_wconf 78' lang='lat' dir='ltr'><strong>verborum</strong></span> <span class='ocrx_word' id='word_1_672' title='bbox 2126 5633 2216 5667; x_wconf 85' lang='lat' dir='ltr'><strong>as-</strong></span> 
     </span>
    </p>
   </div>
   <div class='ocr_carea' id='block_1_95' title="bbox 638 5682 2215 5762">
    <p class='ocr_par' dir='ltr' id='par_1_95' title="bbox 638 5682 2215 5762">
     <span class='ocr_line' id='line_1_96' title="bbox 638 5682 2215 5762; baseline 0.008 -31"><span class='ocrx_word' id='word_1_673' title='bbox 638 5696 980 5762; x_wconf 55' lang='grc' dir='ltr'><strong>εει-ψειιιιιιιιἸ</strong></span> <span class='ocrx_word' id='word_1_674' title='bbox 1010 5682 1147 5762; x_wconf 80' lang='lat' dir='ltr'><strong>Male</strong></span> <span class='ocrx_word' id='word_1_675' title='bbox 1182 5698 1315 5750; x_wconf 87' lang='lat' dir='ltr'><strong>ergo</strong></span> <span class='ocrx_word' id='word_1_676' title='bbox 1356 5682 1628 5762; x_wconf 62' lang='lat' dir='ltr'><strong>Masculus</strong></span> <span class='ocrx_word' id='word_1_677' title='bbox 1674 5697 1729 5742; x_wconf 89' lang='lat' dir='ltr'><strong>et</strong></span> <span class='ocrx_word' id='word_1_678' title='bbox 1767 5686 2215 5762; x_wconf 77' lang='lat' dir='ltr'><strong>Cbristopbmso-</strong></span> 
     </span>
    </p>
   </div>
   <div class='ocr_carea' id='block_1_96' title="bbox 639 5754 1620 5824">
    <p class='ocr_par' dir='ltr' id='par_1_96' title="bbox 639 5754 1620 5824">
     <span class='ocr_line' id='line_1_97' title="bbox 639 5754 1620 5824; baseline 0.001 -15"><span class='ocrx_word' id='word_1_679' title='bbox 639 5770 743 5810; x_wconf 85' lang='lat' dir='ltr'><strong>nus</strong></span> <span class='ocrx_word' id='word_1_680' title='bbox 768 5756 1072 5824; x_wconf 70' lang='lat' dir='ltr'><strong>obsequium</strong></span> <span class='ocrx_word' id='word_1_681' title='bbox 1109 5754 1448 5823; x_wconf 83' lang='lat' dir='ltr'><strong>interpretati</strong></span> <span class='ocrx_word' id='word_1_682' title='bbox 1475 5768 1620 5811; x_wconf 88' lang='lat' dir='ltr'><strong>sunt.</strong></span> 
     </span>
    </p>
   </div>
   <div class='ocr_carea' id='block_1_97' title="bbox 2255 4215 2305 4273">
    <p class='ocr_par' dir='ltr' id='par_1_97' title="bbox 2255 4215 2305 4273">
     <span class='ocr_line' id='line_1_98' title="bbox 2255 4215 2305 4273; baseline 0 0"><span class='ocrx_word' id='word_1_683' title='bbox 2255 4215 2305 4273; x_wconf 90' lang='lat' dir='ltr'><strong>D</strong></span> 
     </span>
    </p>
   </div>
   <div class='ocr_carea' id='block_1_98' title="bbox 2841 4020 3404 4098">
    <p class='ocr_par' dir='ltr' id='par_1_98' title="bbox 2841 4020 3404 4098">
     <span class='ocr_line' id='line_1_99' title="bbox 2841 4020 3404 4098; baseline 0.005 -3"><span class='ocrx_word' id='word_1_684' title='bbox 2841 4043 3238 4097; x_wconf 75' lang='grc' dir='ltr'><strong>ΚΕΦΛΛΑΙΟΝ</strong></span> <span class='ocrx_word' id='word_1_685' title='bbox 3277 4020 3404 4098; x_wconf 77' lang='lat' dir='ltr'><strong>KE&#39;.</strong></span> 
     </span>
    </p>
   </div>
   <div class='ocr_carea' id='block_1_99' title="bbox 2362 4122 3855 4273">
    <p class='ocr_par' dir='ltr' id='par_1_99' title="bbox 2362 4122 3855 4273">
     <span class='ocr_line' id='line_1_100' title="bbox 2362 4122 3855 4273; baseline -0.009 -80"><span class='ocrx_word' id='word_1_686' title='bbox 2362 4138 2501 4207; x_wconf 76' lang='grc' dir='ltr'>Περὶ</span> <span class='ocrx_word' id='word_1_687' title='bbox 2549 4134 2661 4205; x_wconf 82' lang='grc' dir='ltr'>τῆς</span> <span class='ocrx_word' id='word_1_688' title='bbox 2704 4133 3485 4273; x_wconf 41' lang='grc' dir='ltr'><strong>Ἰωάννοιξ1”Αὸ⁴ἒοκΆύψεως</strong></span> <span class='ocrx_word' id='word_1_689' title='bbox 3518 4131 3658 4203; x_wconf 80' lang='lat' dir='ltr'><strong>(Nic.</strong></span> <span class='ocrx_word' id='word_1_690' title='bbox 3690 4130 3754 4182; x_wconf 85' lang='lat' dir='ltr'><strong>H.</strong></span> <span class='ocrx_word' id='word_1_691' title='bbox 3798 4122 3855 4179; x_wconf 82' lang='grc' dir='ltr'><strong>Ε.</strong></span> 
     </span>
    </p>
   </div>
   <div class='ocr_carea' id='block_1_100' title="bbox 2395 4277 3874 4369">
    <p class='ocr_par' dir='ltr' id='par_1_100' title="bbox 2395 4277 3874 4369">
     <span class='ocr_line' id='line_1_101' title="bbox 2395 4277 3874 4369; baseline -0.009 -14"><span class='ocrx_word' id='word_1_692' title='bbox 2395 4294 2509 4355; x_wconf 78' lang='grc' dir='ltr'><strong>Εἶθ’</strong></span> <span class='ocrx_word' id='word_1_693' title='bbox 2543 4296 2670 4369; x_wconf 79' lang='grc' dir='ltr'><strong>ἑξῆς</strong></span> <span class='ocrx_word' id='word_1_694' title='bbox 2696 4295 2903 4359; x_wconf 73' lang='grc' dir='ltr'>ὑποϐὰς</span> <span class='ocrx_word' id='word_1_695' title='bbox 2937 4296 3064 4366; x_wconf 72' lang='grc' dir='ltr'><strong>περ)⁵</strong></span> <span class='ocrx_word' id='word_1_696' title='bbox 3089 4295 3188 4366; x_wconf 78' lang='grc' dir='ltr'>τῆς</span> <span class='ocrx_word' id='word_1_697' title='bbox 3212 4277 3631 4367; x_wconf 71' lang='grc' dir='ltr'>’Λποκαλύψεως</span> <span class='ocrx_word' id='word_1_698' title='bbox 3662 4293 3874 4348; x_wconf 74' lang='grc' dir='ltr'>Ἰωάννου</span> 
     </span>
    </p>
   </div>
   <div class='ocr_carea' id='block_1_101' title="bbox 2410 4482 3872 4567">
    <p class='ocr_par' dir='ltr' id='par_1_101' title="bbox 2410 4482 3872 4567">
     <span class='ocr_line' id='line_1_102' title="bbox 2410 4482 3872 4567; baseline -0.007 -20"><span class='ocrx_word' id='word_1_699' title='bbox 2410 4491 2541 4567; x_wconf 32' lang='grc' dir='ltr'>(σε),</span> <span class='ocrx_word' id='word_1_700' title='bbox 2568 4489 2697 4545; x_wconf 78' lang='grc' dir='ltr'><strong>Τῶν</strong></span> <span class='ocrx_word' id='word_1_701' title='bbox 2746 4486 3150 4567; x_wconf 75' lang='grc' dir='ltr'>προκειμένων</span> <span class='ocrx_word' id='word_1_702' title='bbox 3179 4486 3587 4567; x_wconf 43' lang='grc' dir='ltr'>ἐπιϐατεύειν.</span> <span class='ocrx_word' id='word_1_703' title='bbox 3635 4482 3872 4567; x_wconf 63' lang='lat' dir='ltr'><strong>Musculus</strong></span> 
     </span>
    </p>
   </div>
   <div class='ocr_carea' id='block_1_102' title="bbox 2331 4556 3871 4629">
    <p class='ocr_par' dir='ltr' id='par_1_102' title="bbox 2331 4556 3871 4629">
     <span class='ocr_line' id='line_1_103' title="bbox 2331 4556 3871 4629; baseline -0.005 -14"><span class='ocrx_word' id='word_1_704' title='bbox 2331 4556 2725 4627; x_wconf 78' lang='lat' dir='ltr'><strong>vertit,insture</strong></span> <span class='ocrx_word' id='word_1_705' title='bbox 2747 4556 3039 4629; x_wconf 72' lang='lat' dir='ltr'><strong>preposito.</strong></span> <span class='ocrx_word' id='word_1_706' title='bbox 3084 4558 3253 4629; x_wconf 55' lang='lat' dir='ltr'><strong>nullm</strong></span> <span class='ocrx_word' id='word_1_707' title='bbox 3289 4557 3491 4611; x_wconf 89' lang='lat' dir='ltr'><strong>rectius</strong></span> <span class='ocrx_word' id='word_1_708' title='bbox 3520 4556 3871 4629; x_wconf 55' lang='lat' dir='ltr'><strong>quantilhris-</strong></span> 
     </span>
    </p>
   </div>
   <div class='ocr_carea' id='block_1_103' title="bbox 2332 4625 3919 4704">
    <p class='ocr_par' dir='ltr' id='par_1_103' title="bbox 2332 4625 3919 4704">
     <span class='ocr_line' id='line_1_104' title="bbox 2332 4625 3919 4704; baseline -0.007 -17"><span class='ocrx_word' id='word_1_709' title='bbox 2332 4625 2720 4704; x_wconf 78' lang='lat' dir='ltr'><strong>tuphorsonns.</strong></span> <span class='ocrx_word' id='word_1_710' title='bbox 2747 4625 2851 4700; x_wconf 79' lang='lat' dir='ltr'><strong>qui</strong></span> <span class='ocrx_word' id='word_1_711' title='bbox 2874 4630 3033 4684; x_wconf 87' lang='lat' dir='ltr'><strong>vertit</strong></span> <span class='ocrx_word' id='word_1_712' title='bbox 3059 4647 3074 4683; x_wconf 89' lang='lat'><strong>:</strong></span> <span class='ocrx_word' id='word_1_713' title='bbox 3108 4625 3187 4681; x_wconf 84' lang='lat' dir='ltr'><strong>Ea</strong></span> <span class='ocrx_word' id='word_1_714' title='bbox 3210 4643 3329 4692; x_wconf 71' lang='lat' dir='ltr'><strong>qum</strong></span> <span class='ocrx_word' id='word_1_715' title='bbox 3355 4639 3505 4681; x_wconf 84' lang='lat' dir='ltr'><strong>erant</strong></span> <span class='ocrx_word' id='word_1_716' title='bbox 3540 4625 3606 4680; x_wconf 72' lang='lat' dir='ltr'><strong>ab</strong></span> <span class='ocrx_word' id='word_1_717' title='bbox 3632 4626 3741 4679; x_wconf 76' lang='lat' dir='ltr'><strong>aliis</strong></span> <span class='ocrx_word' id='word_1_718' title='bbox 3765 4639 3868 4689; x_wconf 84' lang='lat' dir='ltr'><strong>pra-</strong></span> <span class='ocrx_word' id='word_1_719' title='bbox 3908 4636 3919 4650; x_wconf 90' lang='lat'><strong><em>&#39;</em></strong></span> 
     </span>
    </p>
   </div>
   <div class='ocr_carea' id='block_1_104' title="bbox 2326 4702 2792 4773">
    <p class='ocr_par' dir='ltr' id='par_1_104' title="bbox 2326 4702 2792 4773">
     <span class='ocr_line' id='line_1_105' title="bbox 2326 4702 2792 4773; baseline -0.006 -15"><span class='ocrx_word' id='word_1_720' title='bbox 2326 4702 2525 4773; x_wconf 72' lang='lat' dir='ltr'><strong>posito,</strong></span> <span class='ocrx_word' id='word_1_721' title='bbox 2567 4702 2792 4773; x_wconf 79' lang='lat' dir='ltr'><strong>munire.</strong></span> 
     </span>
    </p>
   </div>
   <div class='ocr_carea' id='block_1_105' title="bbox 2398 4762 3867 4846">
    <p class='ocr_par' dir='ltr' id='par_1_105' title="bbox 2398 4762 3867 4846">
     <span class='ocr_line' id='line_1_106' title="bbox 2398 4762 3867 4846; baseline -0.013 -17"><span class='ocrx_word' id='word_1_722' title='bbox 2398 4762 2522 4846; x_wconf 31' lang='lat'><strong>(99).</strong></span> <span class='ocrx_word' id='word_1_723' title='bbox 2563 4770 2987 4846; x_wconf 63' lang='grc' dir='ltr'>Ἠπλωμέναις.</span> <span class='ocrx_word' id='word_1_724' title='bbox 3025 4769 3148 4846; x_wconf 63' lang='lat' dir='ltr'><strong>[l_ic_</strong></span> <span class='ocrx_word' id='word_1_725' title='bbox 3173 4783 3392 4846; x_wconf 82' lang='lat' dir='ltr'><strong>quoque</strong></span> <span class='ocrx_word' id='word_1_726' title='bbox 3428 4768 3693 4846; x_wconf 67' lang='lat' dir='ltr'><strong>Musculus</strong></span> <span class='ocrx_word' id='word_1_727' title='bbox 3722 4762 3867 4819; x_wconf 75' lang='lat' dir='ltr'><strong>multo</strong></span> 
     </span>
    </p>
   </div>
   <div class='ocr_carea' id='block_1_106' title="bbox 2333 4839 3861 4915">
    <p class='ocr_par' dir='ltr' id='par_1_106' title="bbox 2333 4839 3861 4915">
     <span class='ocr_line' id='line_1_107' title="bbox 2333 4839 3861 4915; baseline -0.009 -16"><span class='ocrx_word' id='word_1_728' title='bbox 2333 4839 2543 4915; x_wconf 78' lang='lat' dir='ltr'><strong>rectius</strong></span> <span class='ocrx_word' id='word_1_729' title='bbox 2570 4839 2765 4915; x_wconf 41' lang='lat' dir='ltr'><strong>vertit,</strong></span> <span class='ocrx_word' id='word_1_730' title='bbox 2811 4857 2975 4911; x_wconf 89' lang='lat' dir='ltr'><strong>quam</strong></span> <span class='ocrx_word' id='word_1_731' title='bbox 3020 4839 3551 4915; x_wconf 78' lang='lat' dir='ltr'><strong>Christophorsonus</strong></span> <span class='ocrx_word' id='word_1_732' title='bbox 3585 4839 3861 4915; x_wconf 84' lang='lat' dir='ltr'><strong>et_Laugus.</strong></span> 
     </span>
    </p>
   </div>
   <div class='ocr_carea' id='block_1_107' title="bbox 2324 4910 3863 4977">
    <p class='ocr_par' dir='ltr' id='par_1_107' title="bbox 2324 4910 3863 4977">
     <span class='ocr_line' id='line_1_108' title="bbox 2324 4910 3863 4977; baseline -0.01 -9"><span class='ocrx_word' id='word_1_733' title='bbox 2324 4913 2460 4968; x_wconf 83' lang='lat' dir='ltr'><strong>Nam</strong></span> <span class='ocrx_word' id='word_1_734' title='bbox 2490 4910 3015 4977; x_wconf 76' lang='lat' dir='ltr'><strong>Christophorsnnus</strong></span> <span class='ocrx_word' id='word_1_735' title='bbox 3052 4910 3234 4975; x_wconf 74' lang='lat' dir='ltr'><strong>vertit,</strong></span> <span class='ocrx_word' id='word_1_736' title='bbox 3284 4910 3431 4975; x_wconf 82' lang='lat' dir='ltr'><strong>puris</strong></span> <span class='ocrx_word' id='word_1_737' title='bbox 3467 4926 3593 4976; x_wconf 79' lang='lat' dir='ltr'><strong>erga</strong></span> <span class='ocrx_word' id='word_1_738' title='bbox 3635 4910 3863 4977; x_wconf 63' lang='lat' dir='ltr'><strong>0311&quot;th</strong></span> 
     </span>
    </p>
   </div>
   <div class='ocr_carea' id='block_1_108' title="bbox 2324 4972 3864 5051">
    <p class='ocr_par' dir='ltr' id='par_1_108' title="bbox 2324 4972 3864 5051">
     <span class='ocr_line' id='line_1_109' title="bbox 2324 4972 3864 5051; baseline -0.012 -13"><span class='ocrx_word' id='word_1_739' title='bbox 2324 4985 2651 5051; x_wconf 80' lang='lat' dir='ltr'><strong>simplicibus</strong></span> <span class='ocrx_word' id='word_1_740' title='bbox 2684 4972 2898 5033; x_wconf 79' lang='lat' dir='ltr'><strong>animis.</strong></span> <span class='ocrx_word' id='word_1_741' title='bbox 2948 4985 3121 5046; x_wconf 86' lang='lat' dir='ltr'><strong>Atque</strong></span> <span class='ocrx_word' id='word_1_742' title='bbox 3156 4972 3228 5031; x_wconf 75' lang='lat' dir='ltr'><strong>ita</strong></span> <span class='ocrx_word' id='word_1_743' title='bbox 3266 4972 3383 5031; x_wconf 76' lang='lat' dir='ltr'><strong>fere</strong></span> <span class='ocrx_word' id='word_1_744' title='bbox 3418 4972 3647 5045; x_wconf 37' lang='lat' dir='ltr'><strong>[.an&#39;gus.</strong></span> <span class='ocrx_word' id='word_1_745' title='bbox 3684 4972 3864 5051; x_wconf 46' lang='lat' dir='ltr'><strong>Abhin-</strong></span> 
     </span>
    </p>
   </div>
   <div class='ocr_carea' id='block_1_109' title="bbox 2322 5045 3859 5117">
    <p class='ocr_par' dir='ltr' id='par_1_109' title="bbox 2322 5045 3859 5117">
     <span class='ocr_line' id='line_1_110' title="bbox 2322 5045 3859 5117; baseline -0.005 -8"><span class='ocrx_word' id='word_1_746' title='bbox 2322 5045 2509 5109; x_wconf 75' lang='lat' dir='ltr'><strong>Seulus</strong></span> <span class='ocrx_word' id='word_1_747' title='bbox 2552 5062 2699 5106; x_wconf 87' lang='lat' dir='ltr'><strong>recte</strong></span> <span class='ocrx_word' id='word_1_748' title='bbox 2748 5052 3135 5117; x_wconf 85' lang='lat' dir='ltr'><strong>interpretatus</strong></span> <span class='ocrx_word' id='word_1_749' title='bbox 3176 5059 3279 5113; x_wconf 86' lang='lat' dir='ltr'><strong>est,</strong></span> <span class='ocrx_word' id='word_1_750' title='bbox 3334 5052 3578 5103; x_wconf 83' lang='lat' dir='ltr'><strong>cordibus</strong></span> <span class='ocrx_word' id='word_1_751' title='bbox 3626 5053 3688 5102; x_wconf 83' lang='lat' dir='ltr'><strong>ad</strong></span> <span class='ocrx_word' id='word_1_752' title='bbox 3722 5045 3859 5117; x_wconf 58' lang='lat' dir='ltr'><strong>Deum</strong></span> 
     </span>
    </p>
   </div>
   <div class='ocr_carea' id='block_1_110' title="bbox 2321 5116 3857 5192">
    <p class='ocr_par' dir='ltr' id='par_1_110' title="bbox 2321 5116 3857 5192">
     <span class='ocr_line' id='line_1_111' title="bbox 2321 5116 3857 5192; baseline -0.012 -14"><span class='ocrx_word' id='word_1_753' title='bbox 2321 5124 2591 5191; x_wconf 66' lang='lat' dir='ltr'><strong>expansis.</strong></span> <span class='ocrx_word' id='word_1_754' title='bbox 2649 5121 2754 5175; x_wconf 83' lang='lat' dir='ltr'><strong>Sed</strong></span> <span class='ocrx_word' id='word_1_755' title='bbox 2802 5134 2855 5173; x_wconf 90' lang='lat' dir='ltr'><strong>et</strong></span> <span class='ocrx_word' id='word_1_756' title='bbox 2898 5116 3057 5181; x_wconf 83' lang='lat' dir='ltr'><strong>longe</strong></span> <span class='ocrx_word' id='word_1_757' title='bbox 3096 5130 3221 5171; x_wconf 79' lang='lat' dir='ltr'><strong>ante</strong></span> <span class='ocrx_word' id='word_1_758' title='bbox 3283 5117 3579 5192; x_wconf 82' lang='lat' dir='ltr'><strong>Musculum</strong></span> <span class='ocrx_word' id='word_1_759' title='bbox 3644 5116 3857 5192; x_wconf 73' lang='lat' dir='ltr'><strong>Ruﬁnus,</strong></span> 
     </span>
    </p>
   </div>
   <div class='ocr_carea' id='block_1_111' title="bbox 2326 5183 3858 5259">
    <p class='ocr_par' dir='ltr' id='par_1_111' title="bbox 2326 5183 3858 5259">
     <span class='ocr_line' id='line_1_112' title="bbox 2326 5183 3858 5259; baseline -0.007 -12"><span class='ocrx_word' id='word_1_760' title='bbox 2326 5183 2477 5247; x_wconf 69' lang='lat' dir='ltr'><strong>recte</strong></span> <span class='ocrx_word' id='word_1_761' title='bbox 2523 5194 2666 5246; x_wconf 89' lang='lat' dir='ltr'><strong>hunc</strong></span> <span class='ocrx_word' id='word_1_762' title='bbox 2695 5191 2870 5245; x_wconf 90' lang='lat' dir='ltr'><strong>locum</strong></span> <span class='ocrx_word' id='word_1_763' title='bbox 2918 5198 3271 5259; x_wconf 70' lang='lat' dir='ltr'><strong>exposuerat,</strong></span> <span class='ocrx_word' id='word_1_764' title='bbox 3315 5190 3596 5259; x_wconf 73' lang='lat' dir='ltr'><strong>patefactis</strong></span> <span class='ocrx_word' id='word_1_765' title='bbox 3648 5183 3858 5243; x_wconf 71' lang='lat' dir='ltr'><strong>cordibus</strong></span> 
     </span>
    </p>
   </div>
   <div class='ocr_carea' id='block_1_112' title="bbox 2320 5263 3832 5332">
    <p class='ocr_par' dir='ltr' id='par_1_112' title="bbox 2320 5263 3832 5332">
     <span class='ocr_line' id='line_1_113' title="bbox 2320 5263 3832 5332; baseline 0 -15"><span class='ocrx_word' id='word_1_766' title='bbox 2320 5263 2454 5317; x_wconf 85' lang='lat' dir='ltr'><strong>Deo.</strong></span> <span class='ocrx_word' id='word_1_767' title='bbox 2848 5326 2925 5332; x_wconf 87' lang='lat'>__</span> <span class='ocrx_word' id='word_1_768' title='bbox 3016 5329 3053 5332; x_wconf 86' lang='lat'>__</span> <span class='ocrx_word' id='word_1_769' title='bbox 3162 5330 3167 5332; x_wconf 15' lang='grc' dir='ltr'><strong>Α</strong></span> <span class='ocrx_word' id='word_1_770' title='bbox 3535 5330 3577 5332; x_wconf 23' lang='grc' dir='ltr'>η</span> <span class='ocrx_word' id='word_1_771' title='bbox 3821 5319 3832 5332; x_wconf 64' lang='grc'><em>,</em></span> 
     </span>
    </p>
   </div>
   <div class='ocr_carea' id='block_1_113' title="bbox 2393 5326 3859 5403">
    <p class='ocr_par' dir='ltr' id='par_1_113' title="bbox 2393 5326 3859 5403">
     <span class='ocr_line' id='line_1_114' title="bbox 2393 5326 3859 5403; baseline -0.005 -18"><span class='ocrx_word' id='word_1_772' title='bbox 2393 5334 2469 5403; x_wconf 89' lang='grc'><strong>(1)</strong></span> <span class='ocrx_word' id='word_1_773' title='bbox 2511 5326 2977 5401; x_wconf 78' lang='grc' dir='ltr'>Συγκαταϐἁσὲι.</span> <span class='ocrx_word' id='word_1_774' title='bbox 3002 5329 3127 5403; x_wconf 79' lang='lat' dir='ltr'><strong>Hoc</strong></span> <span class='ocrx_word' id='word_1_775' title='bbox 3159 5330 3275 5384; x_wconf 84' lang='lat' dir='ltr'><strong>ioco</strong></span> <span class='ocrx_word' id='word_1_776' title='bbox 3304 5330 3704 5403; x_wconf 75' lang='grc' dir='ltr'>συγκατάϐασις</span> <span class='ocrx_word' id='word_1_777' title='bbox 3730 5326 3859 5403; x_wconf 58' lang='lat' dir='ltr'><strong>poni:</strong></span> 
     </span>
    </p>
   </div>
   <div class='ocr_carea' id='block_1_114' title="bbox 2319 5387 3853 5471">
    <p class='ocr_par' dir='ltr' id='par_1_114' title="bbox 2319 5387 3853 5471">
     <span class='ocr_line' id='line_1_115' title="bbox 2319 5387 3853 5471; baseline -0.006 -14"><span class='ocrx_word' id='word_1_778' title='bbox 2319 5387 2409 5457; x_wconf 54' lang='lat' dir='ltr'><strong>tur‘</strong></span> <span class='ocrx_word' id='word_1_779' title='bbox 2441 5387 2548 5455; x_wconf 79' lang='lat' dir='ltr'><strong>non</strong></span> <span class='ocrx_word' id='word_1_780' title='bbox 2582 5387 2678 5470; x_wconf 66' lang='lat' dir='ltr'><strong>pro</strong></span> <span class='ocrx_word' id='word_1_781' title='bbox 2715 5402 3139 5469; x_wconf 86' lang='lat' dir='ltr'><strong>dispensatione,</strong></span> <span class='ocrx_word' id='word_1_782' title='bbox 3187 5403 3283 5455; x_wconf 78' lang='lat' dir='ltr'><strong>sed</strong></span> <span class='ocrx_word' id='word_1_783' title='bbox 3328 5387 3425 5470; x_wconf 66' lang='lat' dir='ltr'><strong>pro</strong></span> <span class='ocrx_word' id='word_1_784' title='bbox 3457 5399 3780 5471; x_wconf 72' lang='grc' dir='ltr'>συμϐιϐάσει,</span> <span class='ocrx_word' id='word_1_785' title='bbox 3811 5387 3853 5440; x_wconf 71' lang='lat' dir='ltr'><strong>id</strong></span> 
     </span>
    </p>
   </div>
   <div class='ocr_carea' id='block_1_115' title="bbox 2318 5472 3851 5533">
    <p class='ocr_par' dir='ltr' id='par_1_115' title="bbox 2318 5472 3851 5533">
     <span class='ocr_line' id='line_1_116' title="bbox 2318 5472 3851 5533; baseline -0.003 -9"><span class='ocrx_word' id='word_1_786' title='bbox 2318 5487 2425 5530; x_wconf 78' lang='lat' dir='ltr'><strong>est.</strong></span> <span class='ocrx_word' id='word_1_787' title='bbox 2459 5472 2727 5531; x_wconf 87' lang='lat' dir='ltr'><strong>unitione,</strong></span> <span class='ocrx_word' id='word_1_788' title='bbox 2757 5473 2917 5525; x_wconf 85' lang='lat' dir='ltr'><strong>utsic</strong></span> <span class='ocrx_word' id='word_1_789' title='bbox 2954 5472 3155 5533; x_wconf 78' lang='lat' dir='ltr'><strong>diCam,</strong></span> <span class='ocrx_word' id='word_1_790' title='bbox 3196 5483 3250 5525; x_wconf 82' lang='lat' dir='ltr'><strong>ct</strong></span> <span class='ocrx_word' id='word_1_791' title='bbox 3288 5474 3851 5533; x_wconf 51' lang='lat' dir='ltr'><strong>recom&#39;iltalione.illIn</strong></span> 
     </span>
    </p>
   </div>
   <div class='ocr_carea' id='block_1_116' title="bbox 2317 5531 3853 5613">
    <p class='ocr_par' dir='ltr' id='par_1_116' title="bbox 2317 5531 3853 5613">
     <span class='ocr_line' id='line_1_117' title="bbox 2317 5531 3853 5613; baseline 0.002 -19"><span class='ocrx_word' id='word_1_792' title='bbox 2317 5557 2451 5597; x_wconf 81' lang='lat' dir='ltr'><strong>voce</strong></span> <span class='ocrx_word' id='word_1_793' title='bbox 2477 5542 2647 5613; x_wconf 87' lang='lat' dir='ltr'><strong>utitur</strong></span> <span class='ocrx_word' id='word_1_794' title='bbox 2678 5542 2963 5613; x_wconf 78' lang='lat' dir='ltr'><strong>Dionysius</strong></span> <span class='ocrx_word' id='word_1_795' title='bbox 2982 5531 3151 5613; x_wconf 74' lang='lat' dir='ltr'><strong>paulo</strong></span> <span class='ocrx_word' id='word_1_796' title='bbox 3179 5558 3359 5608; x_wconf 76' lang='lat' dir='ltr'><strong>supra.</strong></span> <span class='ocrx_word' id='word_1_797' title='bbox 3400 5544 3495 5595; x_wconf 70' lang='lat' dir='ltr'><strong>mi.</strong></span> <span class='ocrx_word' id='word_1_798' title='bbox 3525 5531 3853 5613; x_wconf 61' lang='lat' dir='ltr'><strong>mp6t6_i:°?‘</strong></span> 
     </span>
    </p>
   </div>
   <div class='ocr_carea' id='block_1_117' title="bbox 2314 5608 3849 5684">
    <p class='ocr_par' dir='ltr' id='par_1_117' title="bbox 2314 5608 3849 5684">
     <span class='ocr_line' id='line_1_118' title="bbox 2314 5608 3849 5684; baseline -0.007 -19"><span class='ocrx_word' id='word_1_799' title='bbox 2314 5630 2385 5665; x_wconf 88' lang='grc' dir='ltr'><strong>σα</strong></span> <span class='ocrx_word' id='word_1_800' title='bbox 2414 5613 2540 5674; x_wconf 74' lang='grc' dir='ltr'>τοὺς</span> <span class='ocrx_word' id='word_1_801' title='bbox 2590 5608 3137 5684; x_wconf 61' lang='grc' dir='ltr'>ἀντιδιατιθεμένους.</span> <span class='ocrx_word' id='word_1_802' title='bbox 3169 5614 3368 5667; x_wconf 79' lang='lat' dir='ltr'><strong>Eodem</strong></span> <span class='ocrx_word' id='word_1_803' title='bbox 3395 5629 3560 5684; x_wconf 68' lang='lat' dir='ltr'><strong>senisu</strong></span> <span class='ocrx_word' id='word_1_804' title='bbox 3596 5608 3780 5666; x_wconf 74' lang='lat' dir='ltr'><strong>Paulus</strong></span> <span class='ocrx_word' id='word_1_805' title='bbox 3807 5614 3849 5649; x_wconf 77' lang='grc' dir='ltr'>ιη</span> 
     </span>
    </p>
   </div>
   <div class='ocr_carea' id='block_1_118' title="bbox 2320 5681 3849 5754">
    <p class='ocr_par' dir='ltr' id='par_1_118' title="bbox 2320 5681 3849 5754">
     <span class='ocr_line' id='line_1_119' title="bbox 2320 5681 3849 5754; baseline 0.003 -18"><span class='ocrx_word' id='word_1_806' title='bbox 2320 5683 2491 5747; x_wconf 73' lang='lat' dir='ltr'><strong>Epist.</strong></span> <span class='ocrx_word' id='word_1_807' title='bbox 2537 5684 2609 5754; x_wconf 60' lang='lat' dir='ltr'><strong>ad</strong></span> <span class='ocrx_word' id='word_1_808' title='bbox 2653 5681 2952 5740; x_wconf 69' lang='lat' dir='ltr'><strong>Colosscus.</strong></span> <span class='ocrx_word' id='word_1_809' title='bbox 2992 5700 3110 5754; x_wconf 83' lang='lat' dir='ltr'><strong>cap.</strong></span> <span class='ocrx_word' id='word_1_810' title='bbox 3164 5700 3223 5750; x_wconf 85' lang='grc' dir='ltr'>ιι,</span> <span class='ocrx_word' id='word_1_811' title='bbox 3267 5683 3624 5754; x_wconf 69' lang='grc' dir='ltr'>συμϐιϐἀξειν</span> <span class='ocrx_word' id='word_1_812' title='bbox 3661 5690 3705 5735; x_wconf 85' lang='lat' dir='ltr'><strong>cl</strong></span> <span class='ocrx_word' id='word_1_813' title='bbox 3737 5686 3849 5741; x_wconf 65' lang='grc' dir='ltr'><strong>(ι’-’μ’</strong></span> 
     </span>
    </p>
   </div>
   <div class='ocr_carea' id='block_1_119' title="bbox 2316 5751 2762 5825">
    <p class='ocr_par' dir='ltr' id='par_1_119' title="bbox 2316 5751 2762 5825">
     <span class='ocr_line' id='line_1_120' title="bbox 2316 5751 2762 5825; baseline 0.004 -19"><span class='ocrx_word' id='word_1_814' title='bbox 2316 5751 2579 5825; x_wconf 74' lang='grc' dir='ltr'>ϐ.ϐασμ⁴5ν</span> <span class='ocrx_word' id='word_1_815' title='bbox 2610 5754 2762 5809; x_wconf 77' lang='lat' dir='ltr'><strong>dixit.</strong></span> 
     </span>
    </p>
   </div>
  </div>
