4114 6406
335 296 457 354 697

1348 287 1697 346 HISTORIA}
1737 284 2299 344 ECCLESIASTICE
2338 287 2468 344 LIB.
2511 287 2625 344 VII.

3495 285 3597 349 698

334 413 443 472 ταῦ
461 413 518 468 τά
544 427 717 483 φησι·
754 429 773 463 ι
813 408 969 473 Τινὲς
1002 408 1100 480 μὲν
1132 402 1228 463 οὖν
1255 408 1365 462 τῶν
1397 409 1505 478 πρὸ
1541 409 1697 479 ἡμῶν
1732 406 1897 479 ῆθέτη

1998 407 2115 469 ,nis
2171 408 2247 462 ita
2330 407 2572 462 scribit:
2628 424 2647 458 ι
2710 404 2963 462 Nonnulli
3019 407 3239 477 quidem
3291 418 3363 465 ex
3405 408 3477 466 iis
3514 405 3611 481 qui

336 523 444 561 σαν
459 490 562 558 ’καὶ
589 500 959 557 ἀνεσκεύασαν
987 500 1161 570 πάντη
1186 499 1248 552 τὸ
1278 498 1503 569 βιϐλίον,
1542 497 1664 551 καθ’
1696 498 1926 551 ἕκαστον

335 596 632 668 κεφάλαιον
650 591 1037 656 διευθύνοντες,
1050 590 1326 659 ἅγνωστόν
1347 607 1405 643 τε
1427 590 1521 643 καὶ
1542 588 1925 656 ἀσυλλόγιστον

332 688 757 757 ἀποφαίνοντες·
789 682 1078 753 ψεύδεσθαί
1100 698 1158 734 τε
1181 681 1280 751 τὴν
1308 678 1638 750 ἐπιγραφήν.
1677 677 1921 731 Ἰωάννου

330 780 448 851 γὰρ
472 780 573 832 οὒκ
605 775 745 831 εἶναι
785 775 1031 844 λέγουσιν
1059 790 1072 804 ’
1105 771 1218 826 ἀλλ’
1247 770 1354 827 οὐδ’
1388 769 1729 839 ἀποκάλυψιν
1762 763 1919 833 εἶναι,

328 871 434 941 τὴν
467 867 682 939 σφοδρῷ
704 865 799 919 καὶ
833 867 997 934 παχεῖ
1018 862 1440 934 κεκαλυμμένην
1464 860 1543 932 τῷ
1569 862 1670 932 τῆς
1701 860 1922 929 ἀγνοίας

328 960 796 1032 παραπετάσματι
829 956 927 1027 (2)·
946 955 1042 1009 καὶ
1067 956 1164 1026 οὐχ
1194 957 1343 1019 ὅπως
1366 954 1475 1008 τῶν
1508 954 1819 1008 ἀποστόλων
1842 973 1922 1008 τι-

328 1053 424 1115 να,
458 1052 573 1106 ἀλλ’
604 1051 713 1104 οὐδ’
741 1050 878 1113 ὅλως
905 1048 1012 1101 τῶν
1033 1047 1204 1115 ἁγίων
1231 1048 1262 1119 ἢ
1295 1046 1402 1099 τῶν
1433 1046 1541 1100 ἀπὸ
1566 1046 1666 1116 τῆς
1694 1046 1920 1120 Ἐκκλη-

329 1147 454 1209 σίας
494 1145 682 1199 τούτου
729 1142 1011 1212 γεγονέναι
1056 1140 1283 1212 ποιητὴν
1326 1140 1418 1193 τοῦ
1466 1143 1914 1212 συγγράμματος.

325 1237 605 1309 Κήρινθον
648 1236 704 1289 δὲ
735 1236 828 1289 τὸν
872 1235 967 1288 καὶ
1008 1235 1105 1287 ἀπ’
1145 1233 1353 1286 ἐκείνου
1387 1232 1678 1303 κληθεῖσαν
1709 1234 1916 1304 Κηριν-

321 1328 522 1398 θιανὴν
548 1328 955 1398 συστησάμενον
984 1325 1217 1397 αἵρεσιν,
1242 1324 1552 1390 ἀξιόπιστον
1586 1326 1916 1396 ἐπιφημίσαι

322 1420 630 1492 θελήσαντα
655 1418 732 1490 τῷ
757 1417 950 1472 ἑαυτοῦ
978 1416 1255 1487 πλάσματι
1287 1416 1475 1488 ὄνομα.
1506 1418 1549 1469 Τ
1551 1416 1674 1470 οὖτο
1705 1416 1812 1490 γὰρ
1845 1411 1919 1470 εἷ-

321 1528 412 1566 ναι
436 1511 539 1582 τῆς
564 1511 907 1573 διδασκαλίας
935 1508 1100 1563 αὐτοῦ
1129 1509 1188 1562 τὸ
1216 1509 1413 1579 δόγμα,
1432 1511 1671 1580 ἐπίγειον
1696 1510 1914 1564 ἔσεσθαι

321 1600 422 1671 τὴν
450 1600 545 1655 τοῦ
573 1601 807 1673 Χριστοῦ
826 1601 1119 1671 βασιλείαν,
1145 1600 1237 1654 καλ.
1256 1594 1331 1653 ῶν
1345 1601 1505 1665 αὐτὸς
1517 1601 1757 1674 ὠρέγετο
1769 1602 1916 1672 φιλο-

323 1692 578 1764 σώματος
610 1692 684 1749 ὢν
715 1694 809 1746 καὶ
832 1693 973 1747 πάνυ
994 1695 1269 1764 σαρκικὸς,
1306 1695 1363 1747 ὲν
1391 1694 1601 1758 τούτοις
1630 1696 1910 1768 ὀνειροπο-

2027 514 2128 553 nos
2174 508 2616 569 praecesserunt,
2671 498 2871 554 librum
2922 500 3067 554 hunc
3114 502 3469 569 repudiarunt
3515 518 3610 573 pe-

2026 591 2176 646 nitus
2255 605 2322 646 ac
2389 591 2731 656 refutarunt,
2804 593 3015 662 singula
3095 592 3213 663 ejus
3273 595 3449 664 capita
3518 610 3605 652 re.

2024 681 2321 748 fellentes,
2387 697 2623 752 eumque
2672 681 2879 753 absque
2934 684 3043 739 ullo
3099 701 3261 740 sensu
3322 698 3377 741 et
3441 686 3607 740 ratio-

2023 774 2299 839 cinatione
2361 775 2622 844 scriptum
2692 790 2814 831 esse
2901 786 3289 833 monstrantes.
3347 779 3428 833 Ad
3487 781 3602 834 haec

2025 864 2187 935 273
2223 866 2630 935 inscriptionem
2659 867 2781 922 libri
2819 867 3009 922 falsam
3035 884 3154 923 esse
3185 870 3390 924 dicunt.
3417 871 3603 940 Neque

2021 958 2164 1010 enim
2193 968 2473 1011 auctorem
2506 959 2623 1029 ejus
2659 973 2781 1014 esse
2810 958 3096 1013 Joannem.
3131 961 3236 1015 Sed
3265 977 3437 1030 neque
3478 977 3598 1015 eam

2010 1049 2433 1104 'llevelationem
2467 1066 2608 1114 esse,
2644 1052 2843 1121 quippe
2874 1069 2995 1123 qum
3031 1063 3136 1106 tant
3167 1068 3357 1108 crasso
3381 1063 3600 1122 tamque

2018 1153 2192 1207 Opaco
2243 1139 2567 1207 ignorantiae
2620 1143 2851 1195 obducta
2906 1144 2976 1197 sit
3007 1144 3143 1199 velo.
3186 1144 3250 1196 Et
3298 1161 3402 1197 non
3438 1144 3599 1197 modo

2019 1224 2386 1293 apostolorum
2417 1228 2713 1291 nemiuem,
2740 1232 2834 1284 sed
2868 1246 2936 1285 ne
2964 1232 3129 1284 ullum
3166 1233 3436 1300 quideme
3470 1248 3603 1286 san-

2016 1317 2120 1369 ctis
2147 1329 2200 1369 et
2230 1318 2624 1375 ecclesiasticis
2673 1322 2805 1377 viris
2840 1322 2998 1389 hujus
3034 1323 3201 1377 libelli
3254 1324 3594 1379 conditorem

2015 1410 2184 1464 fuisse
2223 1409 2518 1469 allirmant.
2546 1412 2865 1469 Cerinthum
2912 1418 3078 1482 enim,
3109 1418 3198 1485 qui
3245 1418 3480 1473 nominis
3511 1419 3596 1474 sui

2016 1512 2220 1556 sectam
2257 1502 2548 1571 caullavit,
2597 1523 2719 1561 cum
2762 1524 2970 1578 magnae
3022 1510 3365 1565 auctoritatis
3399 1528 3595 1567 nomen

2014 1595 2081 1646 ad
2112 1592 2416 1667 faciendam
2447 1597 2604 1650 fidem
2652 1602 2975 1654 commentis
3008 1602 3122 1654 suis
3162 1601 3324 1656 vellet
3354 1601 3599 1674 prtefige-

2016 1700 2093 1748 re,
2112 1683 2338 1741 Joannis
2366 1688 2576 1742 titulum
2603 1690 2753 1758 operi
2784 1707 2885 1746 suo
2912 1692 3193 1748 indidisse.
3218 1693 3431 1764 Quippe
3455 1695 3597 1749 hanc

318 1760 432 1836 λείν
449 1785 569 1854 (ε’),
590 1782 828 1848 ἔσεσθαι,
847 1760 1085 1856 γαστρὸς
1107 1786 1200 1838 καὶ
1227 1784 1337 1838 τῶν
1366 1785 1471 1839 ὑπὸ
1499 1760 1754 1857 γαστέρα.
1771 1786 1897 1860 πλη-

2011 1776 2253 1833 Cerinthi
2301 1779 2610 1849 opinionem
2648 1780 2859 1847 fuisse,
2907 1799 3131 1853 regnum
3179 1784 3380 1838 Christi
3420 1796 3596 1839 terre-

323 1879 571 1946 σμοναῖς,
596 1876 842 1930 τουτέστι
862 1877 1049 1941 σιτίοις
1078 1878 1172 1930 καὶ
1201 1880 1406 1944 ποτοῖς,
1437 1878 1531 1933 καὶ
1551 1879 1780 1950 γάμοις,
1815 1881 1910 1935 καὶ

317 1967 388 2021 δι’
414 1961 490 2022 ὧν
524 1968 898 2043 εὐφημότερον
930 1968 1104 2024 ταῦτα
1140 1969 1293 2041 ᾠήθη
1325 1972 1659 2041 ποριεῖσθαι,
1696 1974 1909 2043 ἑορταῖς

318 2060 415 2113 καὶ
451 2059 682 2125 θυσίαις,
713 2062 808 2113 καὶ
841 2061 1050 2132 ἱερείων
1078 2066 1333 2131 σφαγαῖς.
1380 2061 1519 2131 Ἐγὼ
1545 2063 1603 2117 δὲ
1644 2063 1908 2134 ἀθετῆσαι

320 2150 424 2222 μὲν
456 2152 556 2206 οὐκ
586 2152 651 2206 ἂν
678 2151 1012 2225 τολμήσαιμι
1055 2153 1116 2206 τὸ
1148 2153 1351 2224 βιΰλίον
1371 2195 1386 2219 ,
1420 2154 1628 2209 πολλῶν
1662 2156 1793 2210 αὐτὸ
1820 2155 1906 2211 διὰ

316 2244 559 2315 σπουδῆς
606 2246 839 2315 ἑχόντων
868 2245 1143 2315 ἀδελφῶν,
1180 2246 1402 2317 μείζονα
1450 2247 1505 2300 δὲ
1546 2248 1644 2319 τῆς
1668 2247 1903 2318 ἐμαυτοῦ

313 2338 635 2408 φρονήσεως
656 2336 755 2409 τὴν
791 2337 1057 2408 ὑπόληψιν
1094 2338 1191 2410 τὴν
1221 2340 1351 2411 περὶ
1391 2340 1556 2394 αὑτοῦ
1587 2340 1901 2410 λαμϐάνων,

311 2430 706 2502 κεκρυμμένην
739 2425 878 2484 εἷναί
905 2447 1026 2483 τινα
1055 2432 1149 2484 καὶ
1176 2430 1627 2505 θαυμασιωτέραν
1654 2433 1752 2505 τὴν
1780 2433 1902 2487 καθ’

309 2523 543 2576 ἕκαστον
569 2522 795 2594 ἐκδοχὴν
818 2522 1205 2595 ὑπολαμϐάνω.
1227 2524 1335 2577 Καὶ
1355 2524 1464 2596 γὰρ
1488 2526 1536 2577 εἰ
1557 2525 1630 2596 μὴ
1657 2526 1899 2597 συνίημι,

307 2608 428 2664 ἀλλ’
475 2610 687 2664 ὑπονοῶ
716 2628 779 2681 γε
810 2610 935 2665 νοῦν
973 2629 1095 2666 τινα
1137 2612 1432 2684 βαθύτερον
1477 2616 1756 2684 ἐγκεῖσθαι
1790 2619 1901 2681 τοῖς

308 2703 574 2773 ῥήμασιν.
600 2704 713 2756 Οὐκ
733 2703 846 2775 ἰδίῳ
861 2704 1033 2758 ταῦτα
1058 2704 1271 2776 μετρῶν
1295 2706 1387 2760 καὶ
1412 2707 1611 2779 κρίνων
1633 2708 1897 2781 λογισμῷ,

306 2794 494 2849 πίστει
519 2796 577 2850 δὲ
607 2796 767 2851 πλέον
793 2797 1005 2870 νέμων,
1040 2799 1346 2872 ὑψηλότερα
1373 2802 1404 2873 ἢ
1437 2801 1528 2855 ὑπ’
1561 2802 1697 2872 ἐμοῦ
1726 2821 1894 2858 καταο

303 2886 582 2960 ληφθῆναι
624 2889 916 2961 νενόμικαν
959 2894 1052 2945 καὶ
1092 2894 1191 2946 οὐκ
1236 2893 1622 2964 ἀποδοκιμάζω
1653 2894 1827 2949 ταῦτα
1861 2895 1898 2950 ἀ

306 2982 389 3054 μὴ
417 2981 757 3054 συνεώρακα,
780 2984 1045 3055 θαυμάζω
1064 2985 1120 3039 δὲ
1145 2985 1348 3057 μᾶλλον
1363 2988 1444 3040 ὅτι
1469 2986 1541 3060 μὴ
1558 2989 1651 3041 καὶ
1680 2985 1837 3042 εἶδον.
1870 3011 1890 3042 ι

322 3074 448 3125 Ἐπὶ
472 3071 680 3136 τούτοις
707 3075 806 3145 τὴν
833 3074 961 3143 ὅλην
996 3076 1095 3146 τῆς
1137 3075 1557 3146 ’Λποκαλύψεως
1600 3076 1894 3148 βασανίσας
1924 3107 1968 3167 C

304 3166 529 3236 γραφὴν
548 3205 563 3230 ,
596 3166 859 3220 ἀδύνατον
909 3165 964 3218 δὲ
993 3167 1162 3238 αὐτὴν
1185 3168 1328 3222 κατά
1343 3168 1438 3239 τὴν
1462 3169 1748 3240 πρόχειρον
1769 3172 1896 3225 ἀπο-

302 3256 488 3321 δ;ίξας
516 3257 752 3313 νοεῖσθαι
777 3258 1035 3323 διάνοιαν,
1069 3259 1319 3331 ἐπιφέρει
1347 3259 1523 3328 λέγων
1543 3277 1556 3289 ·
1584 3278 1603 3312 ι
1640 3260 1896 3315 Συντελέ-

307 3366 410 3413 σας
437 3348 501 3421 δὴ
530 3351 727 3417 πᾶσαν,
751 3351 826 3415 ὡς
852 3354 1046 3417 εἰπεῖν,
1075 3353 1174 3423 τὴν
1208 3354 1568 3425 προφητείαν,
1598 3354 1891 3427 μακαρίζει

300 3439 333 3491 δ
361 3442 648 3512 πρηφήτης
673 3440 798 3505 τούς
834 3458 894 3494 τε
933 3441 1302 3511 φυλάσσοντας
1336 3442 1537 3515 αὐτὴν,
1573 3445 1666 3496 καὶ
1693 3443 1756 3515 δὴ
1799 3443 1892 3497 καὶ

301 3533 329 3584 ἑ
340 3533 514 3586 αυτόν.
539 3553 556 3583 ι
570 3534 855 3605 Μακάριος
867 3532 939 3601 γά
943 3551 996 3605 ρ,
1016 3551 1087 3606 φη
1097 3534 1201 3597 σἰν,
1216 3536 1244 3586 ὀ
1261 3535 1441 3607 τηρῶν
1454 3536 1579 3597 τοὺς
1591 3533 1777 3602 λόγους
1788 3533 1889 3604 τῆς

300 3623 638 3695 προφητείας
667 3624 761 3676 τοῦ
795 3624 998 3694 βιϐλίου
1031 3624 1222 3678 τούτου
1250 3642 1261 3657 ·
1305 3645 1324 3677 ι
1366 3624 1522 3693 κάγὼ
1569 3626 1819 3694 Ἰωάννης
1860 3627 1889 3678 ὁ

302 3713 516 3784 βλέπων
548 3716 641 3768 καὶ
666 3717 880 3770 ἀκούων
903 3716 1098 3771 ταῦτα.
1132 3714 1428 3779 Καλεῖσθαι
1474 3716 1573 3787 μὲν
1599 3712 1691 3768 οὖν
1726 3715 1887 3768 αὐτὸν

313 3807 585 3879 Ἰωάννην,
620 3811 715 3863 καὶ
736 3806 874 3863 εἶναι
898 3811 997 3882 τὴν
1026 3809 1242 3882 γραφὴν
1267 3811 1513 3863 Ἰωάννου
1543 3809 1765 3881 ταύτην,
1788 3811 1886 3862 οὐκ

299 3899 531 3971 ἀντερῶ.
578 3902 758 3970 Ἀγίου
796 3902 895 3973 μὲν
924 3901 1033 3972 γάρ
1060 3897 1199 3955 εἷναί
1227 3917 1371 3963 τινος
1407 3902 1502 3955 καλ⁵
1529 3900 1883 3954 θεοπνεύστου

302 3992 559 4047 συναινῶ.
597 3994 671 4047 Οὐ
717 3995 823 4067 μὴν
858 3994 1056 4067 ῥᾳδίως
1095 3996 1162 4049 ἂν
1204 3994 1498 4066 συνθείμην
1524 3993 1713 4047 τοῦτον
1747 3990 1885 4048 εἶναι

296 4084 391 4138 τὸν
428 4085 744 4153 ἀπόστολον,
770 4087 861 4141 τὸν
896 4088 1009 4140 υἱὸν
1048 4087 1357 4152 Ζεϐεδαίου,
1386 4088 1475 4141 τὸν
1521 4086 1748 4157 ἀδελφὸν
1790 4089 1886 4142 Ἰα-

298 4176 480 4233 κώεου
503 4218 517 4240 ,
553 4171 613 4232 οὗ
651 4179 711 4232 τὸ
739 4178 1069 4248 Εὑαγγέλιον
1113 4181 1175 4233 τὸ
1214 4180 1354 4234 κατὰ
1397 4181 1649 4251 Ἰωάννην
1701 4180 1886 4249 ἐπιγε-

294 4269 637 4340 γραμμένον,
658 4272 753 4325 καὶ
778 4272 1111 4343 ἡἘπιστολὴ
1128 4274 1161 4344 ἡ
1179 4272 1474 4345 Καθολική.
1500 4273 1881 4345 Τεκμαίρομαι

293 4361 407 4432 γὰρ
442 4361 505 4415 ἐκ
531 4380 590 4415 τε
632 4362 725 4416 τοῦ
761 4362 914 4428 ἔθους
966 4365 1262 4436 ἑκατέρων,
1301 4365 1394 4419 καὶ
1426 4363 1520 4418 τοῦ
1554 4363 1662 4418 τῶν
1708 4362 1879 4433 λόγων

2000 1887 2139 1925 num
2183 1870 2422 1927 futurum
2458 1892 2473 1927 :
2509 1883 2566 1928 et
2612 1875 2665 1929 in
2715 1875 2781 1930 iis
2828 1877 3069 1930 maxime
3105 1877 3270 1932 rebus
3305 1894 3440 1947 quas
3478 1878 3595 1947 ipse

2011 1970 2197 2031 utpote
2255 1962 2516 2028 carnalis,
2545 1975 2600 2017 et
2646 1964 3012 2035 voluptatibus
3071 1968 3319 2036 corporis
3373 1967 3593 2022 deditus

2007 2055 2278 2125 praecipue
2304 2058 2758 2127 concupiscebat,
2796 2060 3070 2114 haesurum
3101 2078 3115 2114 :
3154 2061 3207 2113 in
3254 2062 3462 2115 ventris
3483 2063 3595 2116 sci-

2007 2146 2140 2201 licet
2174 2158 2232 2202 et
2269 2163 2456 2202 eorum
2490 2164 2615 2218 quae
2643 2150 2746 2204 sub
2782 2162 2976 2203 ventre
3023 2162 3154 2205 sunt
3198 2153 3492 2221 satietate,
3538 2154 3593 2209 id

2007 2249 2109 2306 est,
2150 2239 2204 2292 itt
2241 2239 2377 2293 cibis
2410 2257 2474 2294 ac
2514 2241 2723 2310 poculis
2747 2282 2762 2306 ,
2801 2242 2853 2295 in
2891 2244 3098 2312 nuptiis
3123 2255 3177 2298 et
3208 2245 3261 2298 in
3296 2246 3362 2299 iis
3392 2247 3592 2315 quibus

2008 2328 2109 2382 ista
2160 2328 2438 2384 honestius
2470 2331 2652 2398 parari
2703 2346 2864 2400 posse
2897 2332 3287 2400 existimabat,
3327 2335 3481 2389 festis
3508 2336 3592 2390 ni-

2006 2423 2203 2475 mirum
2249 2433 2304 2476 et
2334 2424 2622 2479 sacriliciis
2653 2464 2670 2489 ,
2712 2435 2766 2477 et
2813 2425 3111 2480 hostiarum
3146 2431 3586 2487 mactationibus.

2007 2513 2118 2582 Ego
2148 2529 2274 2568 vero
2304 2515 2503 2569 librum
2532 2517 2684 2570 illum
2736 2520 2960 2586 rejicere
2996 2519 3220 2574 omnino
3250 2537 3356 2576 non
3388 2524 3585 2587 ausim,

2001 2608 2308 2678 prtesertim
2344 2624 2467 2662 cum
2519 2611 2674 2663 multi
2725 2627 2790 2666 ex
2826 2614 3088 2667 fratribus
3131 2630 3253 2665 eum
3288 2615 3466 2683 magni
3505 2614 3588 2668 fa-

2002 2700 2167 2753 ciant.
2200 2698 2307 2753 Sed
2340 2699 2651 2769 hujusmodi
2685 2703 2751 2757 de
2794 2703 2889 2758 illo
2933 2704 3244 2773 opinionem
3272 2706 3587 2775 concipiens

2000 2791 2156 2860 quasi
2181 2807 2374 2846 sensus
2404 2792 2510 2847 mei
2543 2795 2762 2847 modum
2791 2797 3021 2850 excedat
3048 2837 3063 2862 ,
3099 2812 3357 2851 arcanam
3388 2813 3585 2867 quam-

1999 2884 2122 2936 dam
2157 2882 2423 2952 planeque
2465 2883 2845 2940 admirabilem
2899 2888 3234 2956 singularqu
3277 2905 3461 2944 rerum
3502 2890 3584 2944 in-

2001 2974 2357 3043 telligentiatn
2393 2975 2570 3031 latere
2599 2976 2879 3033 existimo.
2908 2977 3043 3033 Nam
3069 2982 3171 3035 etsi
3202 2982 3319 3049 ipse
3358 2998 3465 3036 non
3497 2981 3581 3035 in-

2003 3065 2230 3136 telligo,
2264 3069 2513 3136 suspicor
2543 3079 2723 3123 tamen
2755 3071 3008 3125 altiorem
3038 3072 3327 3140 quemdam
3359 3089 3579 3128 sensum

1998 3160 2178 3213 verbis
2206 3161 2452 3216 subesse.
2486 3162 2673 3232 anue
2718 3180 2827 3216 non
2866 3180 2984 3217 meo
3024 3164 3196 3232 ipsius
3230 3162 3439 3232 judicio
3471 3183 3584 3221 tite-

1999 3250 2103 3303 tior
2138 3264 2302 3320 atque
2338 3253 2549 3308 aestimo
2583 3275 2595 3309 :
2633 3256 2730 3308 sed
2766 3254 2890 3322 plus
2934 3256 3059 3309 ﬁdei
3105 3259 3372 3323 tribuens,
3412 3258 3583 3314 subli-

1996 3344 2167 3397 miora
2201 3359 2320 3399 esse
2349 3360 2548 3401 censeo
2569 3362 2733 3417 quam
2770 3358 2827 3401 ut
2857 3364 2887 3401 a
2923 3364 3011 3404 me
3042 3351 3433 3420 percipiantur.
3471 3351 3581 3406 Nec

1992 3450 2060 3490 ea
2111 3440 2420 3493 condemno
2458 3453 2580 3508 qua:
2634 3438 2947 3509 intelligere
2994 3456 3103 3496 nou
3156 3442 3343 3512 potui,
3390 3460 3578 3499 verum

1993 3529 2119 3585 inde
2160 3531 2409 3587 admiror
2442 3534 2621 3604 magis
2657 3538 2802 3604 quod
2848 3552 3050 3606 capere
3100 3554 3203 3594 non
3255 3556 3497 3610 possunt.
3552 3560 3574 3594 ο

1990 3622 2120 3677 Post
2178 3622 2293 3679 haec
2350 3626 2565 3695 integro
2619 3625 2996 3683 Revelationis
3035 3628 3180 3683 libro
3222 3637 3532 3687 examinato
3560 3674 3576 3698 ,

1990 3726 2279 3786 postquam
2328 3719 2678 3787 apertissime
2711 3721 2970 3784 ostendit,
3012 3737 3136 3776 eum
3161 3739 3388 3793 prorsus
3415 3727 3576 3780 intel-

1989 3809 2081 3879 ligi
2114 3826 2218 3863 non
2247 3824 2407 3878 posse
2426 3811 2583 3880 juxta
2624 3813 2848 3867 obvium
2877 3815 3168 3869 verborum
3193 3832 3437 3883 sensum,
3463 3820 3576 3877 haec

1988 3901 2251 3972 subjicit:
2292 3921 2311 3953 ι
2349 3903 2613 3959 Absoluta
2659 3905 2878 3959 demum
2914 3908 3169 3960 universa
3217 3910 3575 3977 przedictione

1991 4014 2087 4053 sua
2115 4040 2129 4064 ,
2157 3998 2425 4068 propheta
2460 3997 2649 4052 beatos
2693 4000 3014 4068 pronuntiat
3061 4010 3175 4077 tum
3205 4014 3299 4056 eos
3328 4004 3418 4072 qui
3450 4022 3569 4059 eam

1987 4090 2344 4155 servaverint,
2363 4101 2472 4144 tum
2488 4090 2745 4158 seipsum.
2771 4108 2792 4144 ι
2823 4090 3043 4156 Beatus,
3064 4093 3258 4162 inquit,
3277 4096 3366 4164 qui
3392 4108 3574 4152 servat

1988 4187 2152 4240 verba
2204 4184 2503 4256 prophetiae
2542 4183 2665 4239 libri
2722 4184 2879 4251 hujus
2909 4202 2924 4239 :
2961 4194 3014 4239 et
3064 4201 3166 4254 ego
3197 4188 3310 4256 ipse
3333 4185 3572 4243 Joannes

1985 4280 2078 4350 qui
2112 4281 2228 4333 haec
2264 4277 2373 4331 vidi
2425 4285 2591 4345 atque
2634 4277 2839 4331 audivi.
2883 4294 2903 4328 ι
2939 4275 3202 4332 Joannem
3238 4278 3400 4347 igitur
3429 4280 3573 4334 hunc

1984 4370 2194 4435 vocari,
2231 4378 2285 4421 et
2314 4367 2512 4422 librant
2546 4382 2575 4420 a
2604 4366 2819 4422 Joanne
2855 4368 3120 4436 scriptum
3148 4383 3271 4423 esse
3295 4408 3311 4432 ,
3342 4384 3448 4422 non
3485 4370 3570 4423 in-

292 4454 491 4519 εῖδους,
510 4456 603 4509 καὶ
629 4457 727 4529 τῆς
746 4457 839 4510 τοῦ
862 4457 1068 4528 βιϐλίου
1095 4456 1435 4529 διεξαγωγῆς
1461 4458 1761 4529 λεγομένης
1783 4458 1879 4531 (5),

1998 4461 2165 4516 licior.
2196 4459 2398 4514 Fateor
2427 4459 2571 4513 enim
2607 4459 2785 4513 sancti
2820 4457 3097 4526 cujusdam
3130 4470 3185 4514 et
3219 4460 3406 4514 divino
3445 4460 3571 4531 Spi-

298 4545 374 4618 μὴ
406 4548 496 4601 τὸν
528 4549 690 4604 αὑτὸν
723 4545 882 4605 εἶναι.
931 4552 988 4605 '0
1029 4551 1129 4623 μὲν
1160 4550 1269 4622 γὰρ
1303 4550 1694 4623 εὐαγγελιστὴς
1723 4553 1882 4606 οὐδα-

296 4639 399 4710 μοῦ
428 4640 489 4693 τὸ
511 4640 681 4713 ὄνομα
712 4643 877 4697 αὐτοῦ
908 4645 1312 4716 παρεγγράφει,
1330 4643 1450 4696 οὐδὲ
1471 4644 1735 4715 κηρύσσει
1755 4647 1881 4698 ἐαυ-

290 4731 384 4785 τὸν
405 4771 419 4796 ,
449 4731 572 4786 οὔτε
613 4733 700 4788 διά
724 4734 817 4788 τοῦ
842 4736 1175 4804 Εὐαγγελίου
1194 4777 1208 4800 ,
1239 4736 1362 4790 οὔτε
1391 4736 1476 4789 διὰ
1504 4737 1602 4808 τῆς
1637 4737 1883 4790 Ἐπιστο-

290 4824 411 4895 λῆς.
460 4846 479 4878 ι
516 4823 631 4881 Εἶθ’
660 4828 892 4893 ὑποϐὰς,
928 4830 1091 4883 πάλιν
1134 4829 1315 4885 ταῦτα
1349 4830 1527 4899 λέγει·
1568 4848 1586 4881 t
1628 4831 1879 4900 Ἰωάννης

291 4916 349 4971 δὲ
368 4917 489 4971 οὐδὲ
513 4918 589 4983 ὡς
615 4922 741 4993 περὶ
770 4921 964 4976 ἑαυτοῦ
990 4923 1110 4976 οὐδὲ
1138 4924 1213 4987 ὼς
1238 4925 1365 4996 περὶ
1395 4924 1582 4996 ἑτέρου
1600 4941 1614 4954 '
1648 4925 1676 4976 ὁ
1703 4924 1758 4977 δὲ
1778 4925 1876 4996 τὴν

302 5009 669 5083 Ἀποκάλυψιν
695 5014 931 5087 γράψας,
963 5015 1126 5080 εὐθύς
1158 5034 1217 5069 τε
1251 5016 1442 5070 ἑαυτὸν
1476 5019 1534 5070 ἐν
1566 5018 1706 5089 ἀρχῇ
1742 5034 1876 5089 προ-

282 5116 287 5119 .
362 5126 439 5197 (9.)
512 5129 786 5199 Ἀγνοιας
835 5132 1369 5204 παραπετάσματι,
1414 5134 1645 5205 Nicepb.
1705 5137 1879 5192 habet

293 5198 591 5251 ἀγνωσίας.

332 5214 367 5240 ν
402 5218 429 5247 ιν
577 5240 591 5253 .

335 5199 906 5348 ξέίῗὲῗέιροξτολεῖν.
939 5273 1290 5348 Seribendunt
1317 5276 1525 5348 videtur
1549 5276 1882 5348 ὀνειροπολεῖ

289 5344 375 5390 vel
408 5340 777 5432 ὠνειροπόλειἶ
820 5342 1141 5432 lfaulo’pust
1179 5348 1268 5400 ubi
1320 5346 1599 5432 legebatur
1640 5340 1875 5432 εὖθμμό-

284 5423 468 5478 τερον,
497 5414 777 5466 eitiendavi
807 5414 1202 5486 εὐφημότερον,
1235 5432 1296 5470 ex
1324 5414 1480 5472 codd.
1512 5417 1673 5481 Maz.,
1710 5414 1871 5479 nec,

290 5476 426 5533 Fuk.
467 5492 530 5555 et,
557 5482 748 5555 Savil.,
778 5485 977 5555 quibus
1009 5489 1264 5539 suscribtt
1302 5487 1657 5555 Nicephorus,
1686 5500 1739 5541 et
1769 5490 1874 5542 Eu-

288 5552 632 5625 setnnsipse
666 5553 719 5606 in
758 5552 894 5608 libro
917 5570 1000 5621 ιιι,
1061 5571 1180 5625 cap.
1237 5557 1325 5622 ‘27,
1367 5552 1456 5612 ubi
1508 5562 1653 5612 hunc
1685 5559 1860 5612 locutu

286 5616 799 5690 Dionysii‘adducit.

359 5690 436 5768 l5)
468 5692 840 5769 Afﬁﬁaw‘rﬁc
857 5695 1209 5765 λεγομένης.
1243 5698 1355 5769 lloe
1385 5701 1706 5755 vocabulum
1737 5716 1856 5766 pro-

286 5764 465 5831 prium
510 5764 612 5819 luit
657 5764 955 5837 rethorum,
975 5764 1033 5823 ut
1082 5782 1186 5825 vox
1218 5770 1310 5826 illa
1339 5768 1639 5843 λεγομένης
1670 5788 1697 5825 a
1733 5764 1858 5828 Dio-

1990 4553 2098 4610 ritu
2148 4553 2313 4607 alllati
2346 4553 2449 4606 viri
2496 4552 2549 4605 id
2582 4567 2721 4620 opus
2747 4566 2884 4605 esse.
2923 4550 3028 4605 Sed
3075 4553 3217 4606 hunc
3248 4553 3421 4621 ipsum
3447 4568 3568 4607 esse

1986 4645 2290 4715 aposwlom
2314 4689 2328 4711 ,
2362 4644 2608 4699 Zebediei
2639 4643 2807 4696 tilium
2830 4685 2845 4709 ,
2876 4640 3066 4697 Jacobi
3114 4642 3338 4698 fratrem
3364 4660 3379 4710 ;
3410 4645 3568 4716 cujus

1984 4750 2069 4793 est
2100 4738 2455 4808 Evangelium
2490 4738 2620 4791 illud
2663 4737 2805 4806 quod
2847 4736 3153 4790 secundum
3185 4734 3446 4792 Joannem
3484 4740 3565 4792 in-

1984 4831 2267 4893 scribitur,
2302 4838 2357 4883 et
2389 4828 2631 4899 Epistula
2667 4828 2958 4892 catholica,
2986 4828 3128 4881 haud
3155 4828 3315 4882 facile
3342 4844 3565 4884 conces-

1983 4924 2172 4979 serim.
2210 4920 2345 4975 Nam
2374 4938 2442 4976 ex
2476 4921 2760 4988 utriusque
2792 4921 2953 4988 genio
2980 4929 3035 4973 et
3078 4918 3251 4974 forma
3282 4921 3560 4992 loquendi,
3644 4943 3653 4952 -

1983 5026 2041 5072 et
2068 5030 2135 5070 ex
2165 5013 2331 5067 libelli
2365 5010 2529 5083 274
2558 5013 2721 5066 totius
2758 5015 2924 5068 ductu
2961 5030 3025 5067 ac
3055 5016 3433 5084 dispositione,
3454 5032 3558 5070 non

1988 5135 2144 5206 nysio
2176 5133 2427 5206 adjuncta
2464 5131 2597 5206 satis
2646 5132 2871 5185 indicat.
2917 5131 2985 5206 Et
3034 5132 3309 5206 Museulus
3340 5133 3553 5198 quidem

1986 5202 2272 5258 tractatum
2298 5204 2424 5255 libri
2459 5204 2871 5270 interpretatur.
2906 5202 3430 5271 Christophorsonus
3459 5220 3556 5256 au—

1988 5287 2093 5329 tem
2128 5275 2444 5326 discursum.
2504 5272 2613 5340 Ego
2652 5272 3549 5344 διεξαγωγὴνἱιίειιιᾼθεεθᾷιεεμδεο.

1983 5346 2126 5423 quod
2161 5345 2572 5423 dispesitionem
2600 5345 2715 5423 sive
2748 5341 3257 5423 oixovopigv.nNai_ti
3298 5341 3549 5423 διεξαγαο

1981 5411 2118 5484 γεῖν,
2160 5416 2296 5467 idem
2320 5424 2402 5467 est
2425 5430 2489 5467 ac
2522 5412 2765 5494 διοικεῖν.
2793 5427 2846 5469 ut
2879 5411 3071 5494 scribit
3097 5416 3316 5468 Suidas.
3363 5411 3547 5494 lfossis

1979 5483 2141 5539 etiam
2188 5485 2533 5551 interpretari
2581 5486 2810 5540 formam
2852 5496 2906 5539 et
2956 5485 3224 5538 rationem
3269 5483 3542 5551 scribendi

1977 5573 2071 5610 seu
2100 5550 2496 5616 characterem,
2521 5557 2663 5622 quod
2693 5558 2987 5610 confirmat
3014 5556 3324 5624 Dionysius.
3361 5550 3544 5606 Primo

1968 5629 2114 5697 enim
2141 5624 2250 5679 ἀπὸ
2274 5624 2370 5677 τοῦ
2402 5624 2566 5697 ῆθους
2611 5629 2804 5696 probat
2845 5626 3227 5697 Apocalypsim
3279 5640 3382 5677 non
3420 5640 3543 5697 esse

1967 5695 2212 5776 Joannis
2241 5694 2497 5776 apostoli.
2541 5694 2756 5776 peiude
2791 5713 2857 5751 ex
2895 5694 3131 5776 stylo‘et
3176 5694 3354 5776 fortuna
3400 5696 3540 5752 scri-

1965 5769 2165 5835 bendi;
2197 5767 2253 5825 id
2283 5776 2393 5836 est,
2419 5782 2487 5823 ex
2520 5767 2757 5825 dictione
2791 5778 2958 5837 atque
2983 5767 3288 5824 sententiis.
