4114 6406
641 293 746 350 699

1358 283 1635 342 EUSEBII
1673 280 2142 340 C‘ESABIENSJS
2179 281 2329 343 OPP.
2372 282 2554 342 PARS
2588 287 2634 344 Ῑ.
2665 319 2748 366 .-
2781 281 3177 343 HlSI‘ORICA.

3824 282 3909 337 Tun

638 425 811 469 unum
845 407 1212 478 eamdemque
1233 406 1559 476 scriptorem
1600 421 1720 463 esse
1755 404 2005 474 coniicio.
2028 403 2213 476 Quippt

2335 404 2523 458 τάσσει
2541 422 2554 435 ο
2591 403 2956 474 Ἀποκάλυψις
2988 402 3159 475 Ἰησοῦ
3191 402 3435 473 Χριστοῦ
3465 404 3533 470 ἣν
3561 400 3756 455 ἔδωκεν
3785 405 3912 474 αὖτῴ

638 500 979 573 evangelista
1026 498 1249 571 quidem
1298 497 1492 555 nullibi
1538 513 1735 554 nomen
1774 512 1930 552 suum
1972 496 2219 558 ascribit.

640 612 743 654 nec
784 595 1119 667 semetipso,
1156 603 1253 649 aut
1292 595 1350 650 in
1384 593 1679 665 Evangelio
1705 631 1722 659 ,
1753 602 1847 647 aut
1894 592 1947 646 in
1984 590 2223 660 Epistula

638 689 928 761 praedicat.
987 707 1006 742 ι
1053 688 1121 742 Ει
1162 687 1327 758 paulo
1362 696 1485 757 post
1509 686 1735 742 subdit:
1773 703 1792 737 ‹
1825 683 2065 741 Joannes
2094 700 2224 739 vero

638 793 944 849 nusquam,
979 792 1079 833 nec
1110 785 1367 846 tauquam
1402 777 1470 832 de
1505 776 1687 847 seipso
1722 791 1821 830 nec
1863 784 2124 846 tanquam
2157 776 2224 830 de

639 872 834 927 altero.
865 870 1053 927 Atille
1095 869 1188 941 qui
1240 868 1654 925 Revelati-tnem
1697 869 1956 939 scripsit,
1995 869 2051 924 in
2109 871 2224 939 ipso

638 963 826 1019 statim
880 963 1107 1020 exordio
1160 977 1359 1018 nomen
1411 977 1567 1017 suum
1620 962 1845 1034 praeﬁgit
1908 977 2032 1018 cum
2081 965 2157 1016 ait
2205 981 2220 1017 :

646 1074 668 1109 ι
704 1054 987 1111 Revelatio
1014 1054 1140 1111 Jesu
1169 1054 1373 1112 Christi
1404 1070 1569 1125 quam
1616 1055 1764 1110 dedit
1798 1055 1899 1125 ipsi
1946 1064 2006 1109 ιιι
2043 1055 2222 1125 palam

638 1145 849 1202 faceret
889 1146 1064 1200 servis
1134 1146 1248 1202 suis
1292 1146 1564 1207 celeriter.
1614 1155 1671 1200 et
1723 1145 2050 1215 signiﬁcavit
2099 1147 2225 1202 mit-

641 1248 760 1295 tens
821 1253 918 1309 per
969 1238 1222 1308 angelum
1293 1254 1451 1293 suunt
1498 1236 1694 1294 Joanni
1745 1254 1906 1293 servo
1946 1253 2087 1305 suo,
2130 1240 2223 1309 qui

641 1331 969 1389 testiﬁcatus
1028 1332 1124 1402 est]
1171 1330 1403 1387 Verbum
1441 1330 1536 1386 Dei
1584 1340 1639 1387 et
1675 1331 2051 1387 testimonium
2108 1331 2224 1400 ejus

640 1434 977 1492 quaecunque
1024 1421 1178 1475 vidit.
1221 1438 1240 1472 ι
1319 1420 1401 1474 Ad
1470 1422 1584 1476 harc
1641 1418 1940 1491 Epistolam
1988 1422 2217 1477 scribit:

646 1530 671 1567 r
706 1510 982 1579 Joannes,
1010 1512 1223 1584 inquit,
1268 1526 1473 1585 septem
1533 1515 1794 1571 Ecclesiis
1836 1531 1959 1587 qua:
1995 1527 2118 1571 sunt
2167 1518 2219 1573 in

637 1603 788 1661 Asia.
846 1605 1036 1660 Gratia
1082 1606 1234 1661 vobis
1276 1615 1330 1660 et
1358 1624 1484 1677 pax.
1525 1626 1547 1662 ι
1583 1607 1953 1679 Evangelistes
1979 1624 2106 1665 vero
2153 1624 2222 1665 ne

639 1697 920 1755 catholicae
964 1700 1183 1771 quidem
1213 1700 1470 1770 Epistula:
1510 1716 1707 1756 nomen
1750 1716 1909 1759 suum
1960 1702 2216 1775 praeﬁxit,

638 1792 733 1845 sed
765 1791 975 1860 absque
1023 1791 1130 1847 ulla
1163 1795 1454 1848 verborum
1499 1796 1731 1865 ambage
1757 1797 1825 1851 ab
1873 1796 1989 1865 ipso
2021 1796 2217 1852 divina:

638 1880 1006 1939 Revelationis
1031 1887 1292 1955 mysterio
1314 1902 1541 1942 exorsus
1563 1896 1646 1942 est
1677 1905 1692 1942 :
1723 1905 1743 1939 ι
1774 1886 1928 1954 Quod
1958 1886 2058 1942 l‘uit
2085 1927 2102 1954 ,
2136 1889 2219 1943 in-

637 1975 781 2044 quit,
842 1977 911 2029 ab
975 1974 1175 2031 initio:
1213 1978 1357 2045 quod
1408 1979 1717 2034 audivimus
1743 2020 1759 2046 ,
1802 1980 1945 2049 quod
1985 1981 2218 2036 vidimus

634 2067 813 2125 oculis
868 2069 1090 2124 nostris.
1132 2090 1152 2123 ι
1205 2072 1285 2126 0b
1350 2072 1657 2141 hujusmodi
1713 2072 1858 2129 enim
1907 2073 2216 2131 Rcvelatio-

637 2175 759 2216 nem
794 2160 1013 2217 Petrum
1047 2163 1310 2221 Dominus
1361 2167 1580 2222 beatum
1614 2168 1936 2237 praedicavit
1967 2170 2054 2225 his
2095 2186 2218 2226 ver-

635 2253 719 2308 bis
755 2272 769 2308 :
802 2273 822 2307 (
859 2254 1060 2312 Beatus
1094 2272 1152 2312 es
1182 2297 1197 2322 ,
1251 2259 1437 2314 Simon
1486 2260 1557 2314 ﬁli
1601 2259 1753 2316 Jonze
1780 2301 1795 2326 ,
1828 2262 1953 2331 quia
1996 2277 2125 2319 caro
2164 2272 2217 2318 et

633 2347 853 2415 sanguis
901 2364 1009 2403 non
1064 2350 1332 2405 revelavit
1387 2351 1506 2417 tibi,
1536 2353 1632 2407 sed
1668 2352 1832 2407 Pater
1860 2369 2013 2409 meus
2036 2356 2129 2424 qui
2158 2355 2213 2410 itt

632 2437 785 2493 etelis
828 2448 929 2494 est.
965 2460 985 2491 ι
1038 2437 1144 2496 Sed
1191 2456 1366 2511 neque
1409 2442 1462 2496 in
1512 2443 1750 2499 secunda
1790 2458 1852 2498 ac
1878 2444 2061 2510 tertia,
2094 2459 2217 2515 qua:

630 2526 827 2585 Joanni
871 2533 1031 2602 vulgo
1074 2533 1447 2599 ascribuntur,
1494 2534 1775 2605 Epistolis,
1809 2536 2061 2606 quamvis
2091 2536 2216 2592 bre-

633 2621 895 2687 vissimis,
923 2620 1152 2679 Joannis
1172 2626 1492 2681 vocabulum
1524 2636 1759 2696 prostat,
1795 2644 1983 2683 verum
2009 2630 2215 2698 absque

632 2713 745 2768 ullo
802 2715 1026 2770 nomine
1074 2713 1269 2771 Senior
1308 2718 1650 2774 inscribitur.
1696 2719 1851 2775 Alter
1894 2731 2077 2776 autem
2122 2723 2216 2779 ille

631 2820 740 2860 non
775 2806 912 2861 satis
944 2806 1138 2862 habuit
1168 2810 1388 2865 nomine
1433 2825 1533 2865 suo
1562 2811 1736 2867 semel
1765 2813 1913 2868 edito
1940 2818 2215 2872 narratio-

632 2909 758 2948 nem
796 2896 1050 2966 deinceps
1080 2901 1335 2970 prosequi
1368 2917 1382 2954 :
1412 2900 1507 2954 sed
1544 2900 1736 2955 iterum
1769 2904 1968 2971 repetit
1997 2924 2011 2959 :
2049 2925 2067 2957 ι
2100 2907 2214 2980 Ego

628 2983 900 3053 Joannes,
954 2983 1127 3043 fiater
1169 2999 1223 3045 et
1258 3007 1483 3047 consors
1533 3002 1712 3048 vester
1765 2995 1820 3049 in
1864 2998 2213 3056 tribulatione

2326 495 2495 563 δεῖξαι
2526 498 2636 560 τοῖς
2661 496 2867 560 δούλοις
2894 494 3057 549 αὑτοῦ
3084 497 3141 549 ὲν
3167 496 3341 567 τάχει.
3362 496 3477 549 Καὶ
3501 494 3776 565 ἐσήμανεν
3800 497 3911 551 ἁπο-

2328 589 2540 654 στείλας
2586 590 2675 644 διὰ
2704 588 2799 643 τοῦ
2831 589 3063 659 ἀγγέλου
3098 589 3262 642 αὑτοῦ
3290 587 3368 661 τῷ
3395 587 3580 660 δούλῳ
3613 589 3774 642 αὐτοῦ
3817 592 3890 645 Ἰω

2326 676 2461 750 άννῃ
2488 717 2503 740 ,
2551 676 2610 741 ὃς
2655 676 3006 748 ἐμαρτύρησε
3046 676 3137 731 τὸν
3187 677 3358 746 Λόγον
3402 676 3504 730 τοῦ
3544 675 3682 729 Θεοῦ
3714 679 3801 732 καὶ
3829 681 3909 752 τήν

2328 767 2632 840 μαρτυρίαν
2661 767 2826 821 αὑτοῦ
2856 770 2955 821 ὅσα
2978 764 3169 822 εἶδεν.»
3186 764 3319 822 Εἶτα
3340 769 3444 823 καὶ
3455 769 3782 841 Ἐπιστολὴν
3796 776 3911 843 γρά-

2325 875 2433 928 φει’
2456 877 2473 910 t
2497 860 2746 931 Ἰωάννης
2769 862 2886 923 ταῖς
2911 859 3050 915 ἑπτά
3082 858 3433 930 Ἐκκλησίαις
3456 860 3581 922 ταῖς
3598 860 3657 911 ἐν
3678 863 3741 931 τῇ
3758 861 3907 934 Ἀσίᾳ,

2324 951 2482 1023 γάρις
2516 951 2643 1022 ὑμῖν
2672 952 2769 1007 καὶ
2800 952 3015 1023 εἰρήνη.
3052 972 3069 1003 ι
3091 951 3149 1004 '0
3176 951 3233 1004 δέ
3264 968 3326 1020 γε
3352 951 3779 1024 εὐαγγελιστὴς,
3805 956 3909 1009 οὐδὲ

2323 1048 2728 1120 τῆςκαθολικῆς
2744 1048 3031 1119 ἐπιστολῆς
3054 1064 3088 1100 1.
3098 1047 3405 1121 ροέγραψεν
3431 1045 3637 1100 ἑαυτοῦ
3659 1048 3720 1100 τὸ
3739 1049 3906 1121 ὄνομα,

2323 1139 2459 1193 ἀλλὰ
2487 1140 2795 1213 ἁπερίττως
2830 1139 2925 1194 ἀπ’
2959 1140 3124 1194 αὐτοῦ
3157 1140 3250 1193 τοῦ
3289 1141 3606 1213 μυστηρίου
3645 1141 3743 1212 τῆς
3778 1143 3909 1209 θείας

2336 1232 2748 1303 Ἀποκαλύψεως
2790 1232 3008 1304 ἤρξατο·
3042 1253 3058 1285 t
3094 1235 3161 1286 Ὃ
3202 1228 3269 1305 ἦν
3297 1233 3392 1286 ἀπ’
3431 1234 3638 1305 ἀρχῆς,
3661 1232 3690 1285 ὃ
3730 1236 3909 1305 ἀκηκό-

2323 1341 2357 1377 α
2365 1342 2483 1395 μεν,
2503 1324 2531 1377 ὂ
2546 1323 2869 1396 ἑωράκαμεν
2901 1328 3013 1389 τοῖς
3029 1324 3326 1396 ὀφθαλμοῖς
3349 1326 3541 1397 ἡμῶν.
3557 1344 3576 1377 ι
3613 1325 3737 1379 Ἐπὶ
3758 1328 3907 1401 ταύτῃ

2322 1416 2431 1488 γάρ
2448 1419 2513 1489 τῇ
2556 1415 2921 1487 Ἀποκαλύψει
2953 1419 3048 1471 καὶ
3077 1419 3106 1471 ὁ
3134 1416 3337 1488 Κύριος
3363 1417 3462 1470 τὸν
3479 1417 3696 1490 Πέτρον
3721 1420 3908 1489 ἐμακά-

2326 1525 2474 1580 ρισεν
2519 1508 2710 1563 εἰπών·
2747 1531 2765 1562 ι
2792 1510 3079 1582 Μακάριος
3128 1506 3199 1573 εἴ,
3242 1510 3429 1582 Σίμων
3487 1509 3599 1583 βάρ
3645 1510 3903 1575 Ἰωνᾶ,ὃτι

2325 1601 2462 1674 σὰρξ
2489 1604 2583 1657 καὶ
2609 1597 2748 1675 αἷμα
2772 1603 2873 1657 οὐκ
2898 1602 3217 1672 ἀποκάλυψέ
3249 1619 3353 1667 σοι,
3386 1601 3512 1656 ἀλλ’
3538 1604 3569 1656 ό
3598 1602 3784 1676 Πατήρ
3817 1622 3905 1675 μου

2321 1696 2350 1747 ὁ
2377 1696 2644 1768 οὐράνιος.
2672 1716 2690 1750 ι
2712 1697 2854 1750 Ἀλλ’
2879 1696 2998 1751 οὐδὲ
3027 1698 3085 1751 ἐν
3100 1698 3166 1768 τῇ
3191 1695 3424 1769 δευτέρᾳ
3441 1696 3730 1770 φερομένῃ
3754 1697 3904 1753 Ἰωάν-

2323 1807 2414 1842 νου
2435 1791 2529 1845 καὶ
2556 1791 2733 1864 τρίτη,
2762 1791 2937 1845 καίτοι
2965 1789 3245 1861 βραχείαις
3275 1787 3470 1854 οὔσαις
3511 1789 3862 1854 Ἐπιστολαῖς,
3879 1792 3904 1844 6

2339 1880 2591 1953 Ἰωάννης
2619 1881 2878 1953 ὀνομαστὶ
2901 1881 3210 1953 πρόκειται,
3235 1879 3371 1935 ἀλλὰ
3408 1879 3706 1952 ἀνώνυμος
3735 1883 3761 1934 ό
3777 1885 3901 1949 Πρε·

2326 1976 2618 2043 σϐύτερος
2645 1975 2977 2047 γέγραπται.
3009 1961 3176 2037 Οὗτος
3199 1972 3257 2027 δέ
3284 1989 3348 2042 γε
3374 1973 3503 2025 οὐδὲ
3520 1969 3790 2043 αὔταρκες
3806 1972 3902 2025 ἐνό-

2327 2085 2482 2139 μισεν
2509 2068 2741 2133 εἰσάπαξ
2767 2068 2956 2122 ἑαυτὸν
2993 2067 3298 2139 ὀνομάσας,
3327 2064 3649 2138 διηγεῖσθαι
3678 2064 3745 2118 τὰ
3770 2064 3897 2135 ἑξῆς,

2323 2162 2458 2215 ἀλλὰ
2498 2163 2660 2217 πάλιν
2688 2161 3074 2233 ἀναλαμϐάνει·
3106 2182 3124 2216 t
3166 2162 3306 2232 Ἐγὼ
3352 2162 3617 2233 Ἰωάννης
3644 2162 3672 2213 ό
3698 2160 3899 2229 ἀδελφὸς

2322 2252 2495 2324 ὑμῶν,
2530 2255 2626 2307 καὶ
2654 2253 3010 2324 συγκοινωνὸς
3035 2257 3093 2307 έν
3110 2257 3175 2327 τῇ
3195 2254 3369 2326 θλίψει
3400 2254 3501 2309 καὶ⁵
3528 2252 3793 2325 βασιλείᾳ,
3821 2253 3898 2306 καὶ

2323 2347 2381 2400 ὲν
2410 2347 2652 2419 ὑπομονῇ
2690 2346 2885 2418 Ἰησοῦ,
2917 2347 3180 2419 ἐγενόμην
3225 2347 3283 2400 ὲν
3322 2349 3389 2419 τῇ
3422 2350 3579 2419 νήσῳ
3609 2348 3677 2418 τῇ
3703 2344 3896 2398 καλου-

2326 2439 2461 2513 μένῃ
2494 2440 2722 2513 Πάτμῳ,
2745 2440 2832 2494 διὰ
2860 2440 2951 2494 τὸν
2975 2440 3144 2509 Λόγον
3174 2439 3267 2494 τοῦ
3293 2439 3430 2493 Θεοῦ
3462 2440 3565 2493 καὶ
3584 2439 3687 2509 τὴν
3720 2453 3897 2508 μαρτυ-

2324 2532 2444 2604 ρίαν
2483 2532 2677 2604 Ἰησοῦ.
2701 2553 2719 2586 ι
2756 2534 2867 2587 Καὶ
2894 2533 2959 2605 δὴ
2991 2534 3085 2587 καὶ
3115 2532 3249 2605 πρὸς
3272 2532 3351 2603 τῷ
3372 2532 3524 2586 τέλει
3553 2531 3726 2584 ταῦτα
3767 2524 3889 2582 εἷπε·

2327 2644 2344 2675 ι
2367 2625 2651 2698 Μακάριος
2678 2628 2706 2679 6
2728 2624 2909 2697 τηρῶν
2941 2626 3065 2689 τοὺς
3092 2625 3283 2694 λόγους
3305 2622 3406 2693 τῆς
3443 2622 3785 2697 προφητείας
3815 2618 3891 2674 τοῦ

2322 2716 2529 2788 βιϐλίου
2561 2717 2772 2775 τοῦτου.
2793 2716 2964 2788 Κάγὼ
3002 2718 3255 2789 Ἰωάννης
3279 2719 3308 2771 ό
3335 2716 3555 2788 βλέπων
3582 2717 3676 2770 καὶ
3702 2713 3889 2767 ἁκοὼνδ

2318 2807 2509 2862 ταῦτα.
2534 2830 2552 2861 ι
2577 2796 2697 2863 ’Ότι
2716 2809 2813 2881 μὲν
2833 2805 2925 2863 οὖν
2951 2809 3203 2881 Ἰωάννης
3234 2810 3378 2862 ἐστὶν
3400 2811 3429 2862 ὁ
3455 2808 3635 2863 ταῦτα
3664 2806 3887 2879 γράφων,

2319 2900 2469 2972 αὑτῷ
2493 2901 2701 2971 λέγοντι
2733 2901 3050 2955 πιστευτέον
3069 2919 3082 2932 ο
3119 2904 3267 2965 ποῖος
3295 2900 3351 2954 δὲ
3379 2895 3559 2967 οὗτος,
3596 2900 3800 2971 ἄδηλον.
3823 2898 3883 2951 05

2319 2994 2427 3067 γὰρ
2460 2991 2612 3049 εἶπεν
2643 2994 2835 3049 ἑαυτὸν
2871 2990 3030 3058 εἶναι,
3063 2993 3137 3058 ὡς
3161 2996 3218 3047 ὲν
3245 2993 3325 3066 τῷ
3358 2993 3683 3064 Εὑαγγελίῳ
3716 2990 3887 3046 πολλα-

628 3086 684 3131 et
718 3092 882 3148 regno
917 3087 973 3133 et
1005 3080 1058 3134 in
1119 3082 1378 3151 patientia
1415 3082 1582 3152 Jesu;
1631 3085 1707 3141 lui
1758 3087 1812 3142 in
1860 3090 2036 3146 insula
2093 3107 2213 3162 quae

2319 3087 2436 3159 χοῦ,
2466 3088 2555 3141 τὸν
2584 3088 2941 3160 ἠγαπημένον
2979 3087 3084 3141 ὑπὸ
3106 3085 3200 3141 τοῦ
3235 3086 3442 3159 Κυρίου
3482 3084 3749 3159 μαθητὴν,
3781 3081 3882 3137 οὐδὲ

628 3167 850 3224 Patmos
886 3182 1133 3239 vocatur,
1169 3184 1391 3245 propter
1441 3176 1679 3232 Verbum
1731 3179 1823 3233 Dei
1858 3189 1914 3235 et
1967 3183 2213 3239 testimo-

2319 3180 2409 3233 τὸν
2432 3179 2658 3249 ἀδελφὸν
2699 3179 2980 3245 Ἰακώϐου,
3008 3180 3129 3233 οὐδὲ
3162 3182 3251 3234 τὸν
3294 3180 3577 3250 αὐτόπτην
3618 3179 3711 3232 καὶ
3740 3176 3884 3245 αὐτή-

630 3260 780 3313 nium
831 3259 981 3316 Jesu.
1024 3282 1042 3314 ι
1086 3262 1153 3319 Ει
1219 3265 1319 3320 sub
1373 3265 1535 3319 linem
1587 3265 1714 3323 libri
1748 3284 1939 3326 rursus
1967 3272 2082 3328 haec
2116 3275 2214 3330 ad-

630 3353 713 3407 dit
744 3371 759 3408 :
792 3371 814 3406 ι
857 3353 1055 3412 Beatus
1086 3357 1176 3426 qui
1202 3366 1385 3414 servat
1427 3357 1590 3413 verba
1634 3362 1931 3431 prophetia:
1958 3365 2081 3420 libri
2112 3368 2212 3422 hu-

622 3442 713 3511 jus
741 3485 758 3511 ,
826 3455 881 3501 et
926 3461 1026 3517 ego
1071 3447 1311 3505 Joannes
1358 3449 1452 3520 qui
1503 3450 1619 3505 haec
1685 3452 1795 3508 vidi
1843 3465 1901 3509 et
1950 3457 2153 3516 audivi.
2188 3478 2208 3512 ι

627 3534 890 3590 Joannem
922 3538 1090 3608 igitur
1117 3555 1240 3596 esse
1285 3555 1568 3600 auctorem
1621 3544 1782 3613 hujus
1823 3546 1988 3614 libri,
2024 3548 2213 3620 ipsi'id

631 3626 921 3683 aliirmanti
953 3630 1284 3686 credendum
1337 3645 1442 3689 est.
1486 3636 1593 3692 Sed
1631 3638 1884 3707 quisnam
1919 3639 2009 3694 ille
2045 3640 2214 3698 fuerit

627 3717 889 3787 Joannes,
924 3723 1218 3782 incertum.
1244 3725 1432 3795 Neque
1459 3729 1602 3784 enim
1632 3732 1870 3801 seipsum
1903 3748 2025 3788 esse
2056 3735 2208 3801 dicit,

629 3811 773 3867 sicut
812 3812 866 3868 in
898 3813 1191 3887 Evangelio
1221 3818 1417 3888 saepius
1446 3820 1669 3889 dicitur,
1696 3822 2026 3893 discipulum
2059 3826 2211 3882 illum

630 3917 792 3971 quem
834 3905 1026 3960 dilexit
1076 3906 1359 3974 Dominus,
1395 3920 1490 3964 aut
1522 3912 1670 3966 illum
1706 3914 1795 3983 qui
1826 3930 1991 3985 supra
2020 3929 2213 3986 pectus

631 3995 847 4053 Domini
883 4000 1151 4067 recubuit,
1182 4012 1271 4056 aut
1303 4003 1528 4058 lratretu
1557 4003 1743 4061 Jacobi
1777 4025 1791 4063 :
1823 4017 1917 4062 aut
1948 4008 2097 4063 illum
2120 4013 2214 4065 de-

629 4089 796 4159 nique
830 4092 925 4159 qui
970 4091 1261 4148 Dominum
1310 4094 1448 4149 vidit
1498 4106 1665 4166 atque
1713 4099 1948 4155 audivit.
1989 4099 2212 4171 Aliquid

627 4183 1001 4239 enim'horum
1033 4200 1154 4253 qua:
1189 4199 1490 4242 memorata
1527 4199 1655 4244 sunt
1678 4204 1831 4246 certe
1878 4192 2133 4255 dixisset,
2166 4194 2213 4248 si

627 4273 868 4343 seipsutu
922 4276 1127 4346 liquido
1178 4278 1440 4335 voluisset
1497 4284 1808 4338 ostendere.
1858 4284 1968 4340 Sed
2021 4286 2211 4340 horum

627 4365 849 4434 quidem
882 4367 1016 4423 nihil
1044 4370 1229 4439 posuit
1263 4384 1278 4425 :
1317 4370 1536 4425 fratrem
1561 4389 1689 4428 vero
1715 4376 1978 4432 duntaxat
2007 4386 2062 4433 et
2090 4392 2214 4433 con-

2318 3290 2444 3326 κοον
2471 3271 2565 3325 τοῦ
2606 3272 2809 3345 Κυρίου
2845 3272 3155 3343 γενόμενον.
3192 3268 3327 3325 Εἷπε
3360 3271 3472 3345 γὰρ
3509 3273 3577 3327 ἄν
3619 3288 3671 3324 τι
3704 3269 3880 3323 τούτων

2318 3367 2423 3422 τῶν
2458 3364 2969 3438 προδεδηλωμένων,
3002 3363 3187 3434 σαφῶς
3214 3364 3405 3417 ἑαυτὸν
3449 3364 3749 3436 ἐμφανίσαι
3776 3360 3878 3431 βου-

2315 3457 2559 3529 λόμενος.
2608 3457 2767 3511 Ἀλλά
2794 3457 3000 3512 τούτων
3030 3458 3128 3528 μὲν
3154 3456 3327 3510 οὐδέν.
3377 3455 3633 3526 Ἀδελφδν
3659 3454 3713 3507 δὲ
3741 3455 3770 3522 ή
3779 3450 3877 3523 μῶν

2317 3551 2411 3604 καὶ
2446 3550 2806 3619 συγκοινωνὸν
2839 3545 2959 3603 εἶπε
3004 3549 3098 3603 καὶ
3146 3549 3397 3622 μάρτυρα
3435 3547 3639 3622 Ἰησοῦ,
3671 3547 3759 3601 καὶ
3793 3560 3880 3617 μα-

2315 3643 2509 3715 κάριον
2536 3645 2627 3696 ἐπὶ
2656 3646 2722 3713 τῇ
2756 3643 2855 3715 θέᾳ
2894 3643 2988 3696 καὶ
3013 3644 3149 3715 ἀκοῇ
3179 3643 3287 3697 τῶν
3317 3642 3731 3713 ἀποκαλύψεων.
3761 3635 3877 3692 Πολ-

2314 3733 2440 3798 λοὺς
2463 3733 2519 3786 δὲ
2547 3732 2870 3804 ὁμωνύμους
2908 3733 3128 3804 Ἰωάννῃ
3153 3731 3229 3803 τῷ
3254 3732 3539 3805 άποστόλῳ
3576 3728 3773 3801 νομίζω
3802 3743 3878 3795 γε·

2314 3825 2549 3896 γονέναι,
2579 3826 2628 3879 οἳ
2657 3824 2745 3878 διὰ
2776 3825 2869 3897 τὴν
2892 3825 3028 3896 πρὸς
3060 3826 3265 3877 ἐκεῖνον
3291 3826 3534 3897 ἀγάπην,
3562 3824 3656 3878 καὶ
3684 3823 3739 3874 τὸ
3769 3819 3876 3871 θαυ-

2317 3918 2509 3989 μάζειν
2544 3919 2639 3972 καὶ
2665 3916 2880 3989 ζηλοῦν,
2909 3916 3259 3989 ἁγαπηθῆναί
3290 3934 3349 3970 τε
3382 3917 3586 3988 ὁμοίως
3614 3912 3755 3983 αὐτῷ
3778 3909 3875 3982 βού-

2313 4010 2501 4064 λεσθαι
2526 4010 2631 4064 ὑπὸ
2662 4008 2757 4062 τοῦ
2795 4007 2999 4081 Κυρίου
3026 4048 3041 4073 ,
3071 4008 3167 4061 καὶ
3206 4008 3304 4079 τὴν
3334 4007 3650 4080 ἐπωνυμίαν
3681 4004 3768 4075 τὴν
3794 4002 3873 4054 αὐ-

2312 4100 2411 4171 τὴν
2444 4100 2782 4170 ἠσπάσαντο.
2824 4100 3035 4171 Ὥσπερ
3066 4099 3162 4153 καὶ¹
3188 4101 3216 4153 ὁ
3252 4097 3462 4162 Παῦλος
3505 4099 3672 4161 πολὺς
3712 4094 3795 4149 καὶ
3817 4091 3869 4161 δὴ

2314 4196 2407 4248 καὶ
2430 4196 2459 4247 6
2497 4193 2702 4264 Πέτρος
2750 4195 2807 4246 ὲν
2852 4194 2964 4255 τοῖς
3011 4191 3121 4244 τῶν
3166 4190 3370 4245 πιστῶν
3413 4193 3604 4245 παισὶν
3636 4184 3868 4258 ὀνομάζε·

2312 4304 2401 4340 ται
2436 4284 2531 4357 (ί).
2567 4286 2722 4337 Ἔστι
2768 4284 2865 4355 μὲν
2904 4281 2997 4336 οῦν
3038 4283 3133 4336 καὶ
3165 4283 3350 4355 ἕτερος
3388 4283 3642 4355 Ἰωάννης
3681 4284 3733 4333 ἐν
3765 4279 3865 4338 ταῖς

2315 4380 2552 4455 Πράξεσι
2596 4380 2704 4434 τῶν
2747 4379 3061 4433 ἀποστόλων
3096 4381 3126 4432 ό
3177 4380 3493 4451 ἐπικληθεὶς
3532 4381 3775 4451 Μάρκος’
3818 4372 3866 4426 ὂν

630 4468 831 4514 sortem
854 4458 1018 4530 275
1048 4470 1293 4517 nostrum
1323 4478 1444 4520 sese
1471 4465 1781 4535 appellavit,
1811 4476 1867 4523 et
1898 4477 2089 4526 testem
2117 4468 2209 4525 Je-

2319 4473 2597 4547 Βαρνάϐας
2643 4474 2738 4526 καὶ
2777 4471 2990 4535 Παῦλος
3025 4474 3239 4533 ἑαυτοῖς
3284 4472 3733 4546 συμπαρέλαϐον,
3758 4463 3864 4535 περὶ

631 4562 731 4612 su;
760 4547 974 4606 beatum
1010 4552 1247 4624 denique
1279 4557 1350 4612 ob
1383 4558 1554 4613 visam
1585 4567 1751 4630 atque
1797 4562 2042 4618 auditam
2099 4564 2206 4619 lle-

628 4637 971 4698 velatiouem.
1030 4645 1111 4700 Ac
1178 4646 1445 4718 plurimos
1510 4652 1729 4722 quidem
1789 4652 1961 4710 fuisse
2010 4656 2207 4726 opinor

621 4726 818 4787 Joanni
865 4735 1114 4803 apostolo
1160 4741 1547 4809 cognomines,
1577 4744 1668 4813 qui
1709 4755 1930 4815 propter
1962 4728 2206 4819 singula-

623 4837 739 4877 rem
770 4838 899 4894 erga
934 4826 1084 4882 illum
1128 4829 1563 4890 benevolentiam
1587 4873 1603 4900 ,
1654 4847 1709 4890 et
1740 4839 1886 4906 quod
1929 4839 2204 4896 hominem

521 4946 527 4953 ο
623 4913 958 4972 mirarentur
984 4933 1049 4975 ac
1073 4921 1417 4990 suspicerent
1441 4965 1457 4989 ,
1487 4934 1543 4980 et
1569 4926 1798 4995 perinde
1826 4944 1891 4983 ac
1922 4930 2010 4985 ille
2037 4946 2067 4985 a
2102 4930 2208 4987 Do-

621 5004 772 5061 mino
807 5007 958 5080 diligi
998 5012 1290 5079 ambirent,
1318 5015 1419 5072 hoc
1452 5032 1869 5088 cognomentum
1907 5022 2203 5079 adamave-

621 5097 1234 5169 rint:quemadmodum
1257 5122 1324 5162 ex
1347 5108 1584 5164 lidelium
1603 5110 1793 5166 liberis
1821 5113 2019 5167 multos
2049 5112 2197 5170 Pauli

695 5211 944 5299 (ιη-’Ἑν
981 5218 1124 5299 ,τοῖς
1178 5220 1298 5299 τῶνς
1345 5224 1855 5299 πιστῶνμπαισὶν
1904 5229 2199 5299 ὀνομάζε-

621 5284 749 5370 ἰαὶ..
780 5284 1063 5370 Nptandus
1100 5284 1191 5345 est
1249 5293 1336 5347 hic
1389 5296 1632 5370 Dionysii
1670 5284 2203 5370 _locu_s_deantiqua

621 5354 1064 5439 Christianorum
1104 5354 1633 5439 c0ttsuettltlltte,:qtti
1664 5368 1812 5423 Petri
1840 5354 2133 5439 Paulique;
2151 5379 2207 5425 et

623 5426 856 5510 filiorum
926 5439 1242 5510 sanctorum
1292 5426 1529 5510 nomine
1563 5426 1755 5493 liberis
1804 5440 1919 5495 suis
1962 5426 2206 5510 impone-

625 5493 783 5577 halm!
808 5500 1175 5577 “up-hom?“
1200 5518 1266 5577 ἕω
1301 5503 1696 5577 benevolentia:
1742 5493 1927 5573 causa,
1964 5493 2095 5565 illiti
2117 5493 2203 5566 "ut

626 5564 785 5621 liberi
811 5570 894 5623 sui
918 5569 1213 5646 Deocltari
1240 5576 1565 5646 acceptique
1608 5588 1813 5644 essent,
1862 5564 1994 5635 non?
2025 5564 2206 5638 minus

624 5651 790 5720 quant
824 5641 1003 5721 sancti
1032 5641 1390 5721 illi_fuerant._
1416 5641 1553 5721 lli—nc
1592 5641 1842 5721 estquod
1870 5650 2201 5721 Chrysosto-

624 5722 753 5791 ntus
779 5713 840 5791 in_
862 5718 1007 5765 torno
1042 5713 1242 5791 primo,
1269 5714 1326 5772 in
1377 5719 1640 5791 oratione
1655 5713 1730 5791 de
1746 5731 1936 5776 sancto
1961 5713 2197 5791 hieletio,

629 5779 996 5838 Antiochenos
1021 5779 1169 5841 tanta
1193 5784 1567 5845 benevolentia
1594 5788 1867 5847 Meletium
1888 5779 2198 5865 complexos

2310 4560 2371 4620 οὗ
2394 4567 2487 4621 καὶ
2503 4565 2662 4620 πάλιν
2684 4564 2882 4633 λέγει’(
2907 4560 3065 4635 Εἶχον
3087 4563 3144 4617 δὲ
3169 4565 3262 4618 καὶ
3293 4565 3547 4637 Ἰωάννην
3564 4562 3814 4635 ὑπηρέτην
3842 4577 3858 4609 t

2311 4659 2374 4711 El
2406 4658 2463 4711 δὲ
2486 4650 2638 4720 οὗτος
2664 4658 2693 4709 6
2714 4654 2932 4727 γράψας
2958 4655 3104 4707 ἐστὶν
3125 4694 3140 4717 ,
3167 4654 3266 4707 οὐκ
3305 4652 3372 4707 ἂν
3404 4655 3569 4727 φαίην
3594 4672 3605 4684 ·
3633 4651 3743 4707 οὐδὲ
3768 4648 3860 4716 γάρ

2289 4749 2536 4821 ,ἀφῖχθαι
2564 4751 2658 4803 σὺν
2692 4749 2875 4811 αὐτοῖς
2902 4748 2982 4810 είς
3010 4746 3106 4818 τὴν
3133 4747 3315 4800 Ἀσίαν
3342 4746 3666 4819 γέγραπται.
3689 4764 3707 4796 ι
3728 4737 3859 4795 Ἀλλά

2310 4842 2634 4913 ἀναχθέντες
2670 4840 2786 4911 μὲν,
2813 4840 2996 4912 φησιν,
3030 4838 3137 4893 ἀπὸ
3166 4840 3265 4910 τῆς
3290 4840 3476 4909 Πάφου
3503 4844 3553 4894 οἱ
3589 4839 3706 4910 περὶ
3734 4831 3856 4888 Παῦ-

2306 4934 2417 4999 λον,
2451 4930 2614 5006 ἦλθον
2659 4934 2737 4998 είς
2765 4932 2983 5003 Πέργην
3010 4930 3109 5002 τῆς
3152 4931 3497 5003 Παμφυλίας.
3542 4931 3775 4997 Ἰωάννης
3809 4920 3880 4975 δὲ-

2303 5028 2668 5100 ἀποχωρήσας
2689 5026 2782 5081 ἀπ’
2809 5024 3008 5088 αὐτῶν,
3025 5022 3361 5095 ὑπέστρεψεν
3382 5026 3463 5087 είς
3493 5019 3848 5094 Ἰεροσόλυμα-ι

2309 5115 2499 5170 Ἀλλον
2542 5116 2600 5169 δέ
2638 5132 2758 5168 τινα
2786 5110 2941 5186 οἴμαι
2966 5112 3074 5166 τῶν
3117 5114 3175 5165 ὲν
3218 5113 3373 5186 Ἀσίᾳ
3397 5114 3723 5187 γενομένων·
3751 5102 3853 5161 ἐπεὶ

2309 5246 2433 5285 esse
2462 5232 2681 5298 scribit,
2733 5240 2791 5285 ut
2843 5238 3100 5299 parentes
3146 5229 3335 5284 liberis
3368 5230 3482 5284 suis
3513 5244 3711 5299 noman
3731 5222 3847 5279 illius

2310 5297 2676 5379 itttponereu},
2725 5297 3097 5379 quon—uomunt
3135 5297 3741 5379 suntn‘ejtts‘_prmsettl.ia
3769 5307 3848 5379 εδ·

2308 5360 2589 5449 ονιὶιιτθηι.
2621 5360 2763 5449 idem
2812 5372 3262 5449 Chrysostomus,
3311 5360 3536 5427 hontil'ia
3580 5373 3641 5427 ﬁl
3688 5368 3737 5449 in
3770 5360 3849 5449 Gf-

2310 5459 2373 5496 ue
2387 5443 2509 5509 sim,
2543 5442 2821 5497 auditores
2844 5457 2976 5497 suos
3011 5444 3288 5505 hortatur.
3323 5451 3382 5495 ut
3415 5458 3524 5498 non
3555 5442 3744 5512 quaevis
3769 5447 3846 5487 tto-

2311 5514 2456 5585 tniua
2491 5525 2695 5585 temere
2718 5512 3064 5585 acpfortuito,
3102 5526 3203 5567 nec
3237 5526 3464 5585 avorum
3512 5523 3605 5567 aut
3651 5517 3844 5585 proavi?

2311 5580 2453 5648 rlltn,
2487 5593 2579 5637 aut
2608 5583 2902 5637 illustrium
2935 5583 3207 5642 virorum.
3240 5583 3333 5638 sed
3360 5580 3670 5639 sanctorum
3695 5580 3842 5649 potius

2310 5654 2592 5708 hominum
2647 5653 2739 5723 qui
2790 5652 3084 5708 virtutibus
3118 5652 3474 5719 refulserunt,
3531 5653 3843 5724 liberisslfls

2310 5727 2594 5796 imponant
2626 5721 3045 5793 appellationes,
3077 5734 3136 5779 ut
3166 5738 3355 5780 eorum
3389 5723 3639 5796 exemplo
3668 5721 3729 5777 ad
3761 5721 3844 5767 vir-

2311 5806 2477 5851 tutcttt
2509 5795 2888 5852 incendantur.
