4114 6406
249 364 350 420 τοι

1238 363 1588 420 HISTORIA]
1627 362 2180 420 ECCLESIASTIC.’E
2223 365 2350 421 LIB.
2393 366 2504 422 VII.

3413 369 3517 422 70).

251 481 346 533 καὶ
393 477 487 532 δύο
530 479 690 548 φασιν
739 481 795 532 ἐν
851 479 1060 550 Ἐφέσῳ
1102 479 1354 549 γενέσθαι
1413 483 1708 553 μνήματα,
1749 481 1842 534 καὶ⁸

1964 482 2199 550 ’etrique
2232 483 2542 538 nominibus
2589 483 2888 553 appellatos
2917 486 3186 541 videmus.
3230 484 3326 540 Est
3355 484 3514 538 etiam

249 573 514 645 ἑκάτερον
559 573 801 626 Ἰωάννου
832 571 1104 640 λέγεσθαι.
1138 574 1249 627 Καὶ
1277 573 1386 627 ἀπὸ
1413 574 1523 627 τῶν
1553 574 1838 645 νοημάτων

249 667 308 720 δὲ
338 667 434 720 καὶ
471 665 580 719 τῶν
627 666 884 737 ῥημάτων
919 666 1011 719 καὶ
1059 667 1159 738 τῆς
1185 668 1489 734 συντάξεως
1517 669 1593 740 (5)
1637 668 1836 732 αὐτῶν,

250 757 482 820 εἰκότως
519 756 705 829 ἕτερος
750 753 904 824 οὗτος
945 759 1074 830 παρ’
1127 762 1332 813 ἐκεῖνον
1385 760 1836 832 ὑπονοηθήσεται.

251 849 547 920 Συνᾲδουσι
598 849 698 919 μὲν
730 848 839 920 γάρ
884 849 1134 920 ἀλλήλοις
1185 850 1246 903 τὸ
1289 850 1617 919 Εὑαγγέλιον
1666 851 1762 904 καὶ
1803 852 1836 921 ή

265 939 578 1012 Ἐπιστολὴ,
613 939 809 1011 ὁμοίως
835 957 895 993 τε
924 941 1198 1013 ἄρχονται.
1235 943 1308 995 Τὸ
1340 943 1438 1013 μέν
1487 959 1671 1012 φησιν,
1697 960 1715 994 ι
1752 943 1842 996 Ἐν

252 1034 402 1104 ἀρχῇ
418 1029 485 1104 ἦν
513 1035 540 1086 6
569 1033 756 1102 Λόγος·
772 1053 790 1085 ι
811 1033 964 1104 ήδέ,‹
981 1036 1043 1087 Ὃ
1068 1030 1136 1105 ἦν
1156 1036 1458 1107 άπαρχῆς.»
1481 1036 1554 1089 Τὸ
1574 1035 1672 1106 μέν
1686 1053 1839 1106 φησι,

259 1142 283 1176 ι
305 1125 417 1178 Καὶ
452 1128 479 1179 6
513 1125 685 1195 Λόγος
714 1127 850 1199 σὰρξ
883 1128 1120 1195 ἐγένετο,
1153 1131 1245 1183 καὶ
1275 1131 1582 1201 ἐσκήνωσεν
1606 1133 1663 1183 ἐν
1690 1132 1840 1200 ἡμῖν,

255 1217 353 1268 καὶ
383 1216 727 1287 ἐθεασάμεθα
757 1218 854 1291 τὴν
889 1219 1044 1283 δόξαν
1077 1219 1274 1284 αὐτοῦ,
1305 1221 1462 1284 δόξαν
1493 1221 1568 1284 ὡς
1609 1222 1845 1288 Μονογε-

253 1305 384 1369 νοῦς
418 1309 568 1378 παρὰ
595 1309 826 1380 Πατρὸςο
852 1330 870 1362 ι
905 1310 1014 1381 ἡδὲ
1041 1311 1112 1364 τά
1144 1309 1281 1364 αὺτά
1315 1311 1531 1382 σμικρῷ
1565 1309 1842 1381 παρηλλα-

255 1398 455 1467 γμένα·
493 1417 509 1449 ι
543 1403 606 1452 Ὃ
638 1401 972 1472 ἀκηκόαμεν,
1002 1402 1030 1455 ὃ
1053 1403 1376 1474 ἑωράκαμεν
1409 1406 1519 1467 τοῖς
1551 1402 1845 1473 ὀφθαλμοῖς

254 1489 440 1560 ἡμῶν,
467 1491 495 1543 ὃ
538 1491 911 1563 ἐθεασάμεθα,
945 1493 1040 1547 καὶ
1071 1497 1124 1546 αἱ
1156 1497 1336 1565 χεῖρες
1369 1495 1524 1565 ἡμῶν
1565 1494 1848 1565 ἐψηλάφη-

262 1593 383 1643 σαν,
402 1581 637 1652 περὶτοῦ
660 1583 831 1652 Λόγου
857 1583 958 1654 τῆς
980 1583 1143 1655 ζωῆς·
1171 1585 1312 1654 καὶὴ
1337 1584 1447 1656 ζωὴ
1470 1585 1806 1658 ἐφανερώθη.
1824 1607 1840 1637 ι

275 1674 464 1729 Ταῦτα
490 1676 597 1748 γὰρ
629 1678 1090 1749 προανακρούεται
1120 1678 1532 1750 διατεινόμενος,
1554 1679 1628 1743 ὡς
1650 1681 1707 1732 ἐν
1739 1683 1850 1743 τοῖς

261 1766 391 1836 ἑξῆς
415 1767 647 1838 ἐδήλωσε
672 1771 805 1840 πρὸς
824 1770 950 1833 τοὺς
981 1771 1080 1825 οὐκ
1111 1772 1168 1823 ἐν
1200 1773 1364 1843 σαρκὶ
1399 1772 1706 1841 φάσκοντας
1729 1772 1850 1843 ἐλη-

1940 573 2078 627 alius
2106 572 2349 628 Joannes
2389 574 2442 627 in
2475 573 2700 628 Actibus
2729 575 3120 644 apostolorum,
3161 581 3518 642 cognomento

1942 665 2179 730 Marcus,
2202 683 2362 736 quem
2389 667 2666 722 Barnabas
2694 676 2748 722 et
2774 667 2976 724 Paulus
3009 668 3264 723 comitem
3296 664 3398 719 sibi
3433 663 3521 715 ad-

1935 755 2254 824 iunxerunt.
2289 758 2364 813 De
2399 774 2507 828 quo
2537 758 2699 814 etiam
2737 775 2922 814 rursus
2951 759 3147 815 dicitur
3173 759 3219 792 "'
3247 776 3261 812 :
3297 775 3315 808 ι
3339 755 3518 809 Habe-

1943 850 2072 904 bant
2128 859 2306 905 autem
2363 851 2630 907 Joannem
2681 853 3014 908 ministrum.
3050 871 3068 904 ›
3103 853 3185 906 An
3219 851 3304 906 hic
3336 849 3406 905 sit
3429 848 3519 917 qui

1947 941 2358 998 Revelationem
2388 945 2631 1015 scripsit,
2656 945 2787 999 mihi
2815 960 2918 998 non
2952 944 3141 1014 liquet.
3169 941 3354 1011 Neque
3375 941 3519 994 enim

1947 1048 2051 1086 una
2087 1048 2210 1088 cum
2244 1033 2351 1088 illis
2400 1034 2454 1088 in
2506 1035 2691 1089 Asiam
2726 1037 2939 1090 venisse
2974 1035 3315 1105 perhibetur.
3356 1049 3375 1082 ι
3413 1030 3522 1084 Sed

1946 1136 2067 1176 cum
2123 1123 2448 1190 solvissent,
2494 1124 2702 1194 inquit.
2741 1142 2771 1179 a
2827 1127 3032 1196 Papho,
3065 1125 3265 1179 Paulus
3305 1122 3523 1193 quidem

1948 1210 2157 1281 Pergen
2222 1213 2552 1286 Pamphyliae
2599 1217 2872 1287 profectus
2934 1226 3054 1282 est;
3103 1213 3340 1270 Joannes
3392 1225 3524 1266 vero

1946 1303 2231 1361 discedens
2264 1308 2330 1361 ab
2377 1309 2502 1374 illis,
2537 1325 2785 1365 reversus
2815 1321 2896 1364 est
2927 1309 3351 1378 Hierosolymam
3387 1303 3475 1358 ιδ’.
3498 1321 3517 1355 ι

1946 1394 2122 1450 Alium
2160 1399 2321 1470 igitur
2345 1416 2465 1456 esse
2516 1416 2714 1456 censeo
2746 1422 2759 1456 :
2792 1417 2954 1455 unum
2984 1401 3196 1456 scilicet
3221 1413 3409 1453 eorum
3434 1397 3526 1465 qui

1949 1494 2004 1549 in
2039 1494 2166 1548 Asia
2193 1497 2398 1549 versati
2432 1505 2578 1551 sunt.
2627 1495 2740 1550 Duo
2781 1495 2922 1550 enim
2957 1495 3096 1565 apud
3136 1493 3406 1562 Ephesum
3443 1505 3528 1546 se-

1950 1587 2136 1654 pulcra
2172 1586 2338 1641 fuisse
2375 1587 2687 1652 traduntur,
2720 1598 3013 1655 utrumque
3054 1586 3278 1641 Joannis
3311 1584 3530 1638 nomine

1953 1678 2298 1744 insignitum.
2336 1677 2415 1731 Ex
2443 1679 2731 1732 sententiis
2759 1692 2978 1746 quoque
3017 1686 3070 1730 et
3107 1692 3171 1730 ex
3199 1675 3382 1730 verbis
3437 1691 3531 1732 eo-

1957 1782 2190 1838 rumque
2226 1768 2606 1831 collocatione,
2637 1767 2797 1820 facile
2829 1766 3120 1833 conjicitur
3162 1767 3305 1819 hunc
3347 1765 3413 1819 ab
3440 1765 3530 1820 illo

258 1835 478 1914 λυθέναι
494 1835 601 1914 ⁷τὸν
622 1835 842 1932 Κύριον
860 1863 926 1916 δι’
948 1863 982 1917 ἃ
1009 1865 1101 1918 καὶ
1119 1835 1354 1935 συνῆιρεν
1379 1835 1671 1936 ἐπιμελῶς,
1690 1835 1716 1918 ί(
1739 1835 1848 1920 Καὶ

1964 1863 2224 1918 diversum
2257 1860 2446 1916 fuisse.
2501 1859 2636 1914 Nam
2671 1859 3020 1929 Evangelium
3067 1869 3121 1913 et
3161 1858 3395 1928 Epistula
3428 1857 3531 1912 sibi

260 1950 290 2004 ὃ
325 1952 649 2024 ἑωράκαμεν
685 1954 1070 2027 μαρτυροῦμεν
1091 1995 1104 2019 ,
1137 1958 1230 2010 καὶ
1272 1958 1686 2029 ἀπαγγέλλομεν
1719 1960 1846 2030 ὑμῖν

261 2045 360 2115 τὴν
389 2044 536 2117 ζωὴν
565 2046 662 2116 τῆν
690 2046 927 2111 αἰώνιον,
957 2048 1078 2117 ἥτις
1102 2044 1168 2119 ἦν
1200 2049 1335 2121 πρὸς
1362 2049 1450 2102 τὸν
1484 2051 1721 2122 Πατέρα,
1757 2053 1849 2104 καὶ

263 2135 584 2210 ἐφανερώθη
607 2139 741 2207 ἡμῖν
762 2153 773 2164 ·
801 2135 829 2189 ὃ
859 2137 1182 2210 ἑωράκαμεν
1207 2139 1298 2191 καὶ
1323 2138 1662 2211 ἀκηκόαμεν,
1682 2142 1852 2209 ἀπαγ-

264 2228 528 2300 γέλλομεν
578 2230 720 2300 ὑμῖν.
756 2249 775 2282 ι
805 2231 1024 2300 Ἐχεται
1056 2231 1220 2284 αὑτοῦ
1269 2233 1362 2284 καὶ
1393 2232 1501 2285 τῶν
1541 2233 1850 2303 προθέσεων

264 2319 366 2371 οὐκ
400 2320 717 2388 ἀφίσταται.
743 2321 841 2373 Διά
869 2322 927 2375 δέ
961 2321 1066 2375 τῶν
1101 2324 1280 2377 αὐτῶν
1322 2324 1627 2392 κεφαλαίων
1654 2326 1728 2396 (6)
1759 2327 1852 2379 καὶ

265 2413 550 2483 ὀνομάτων
596 2414 775 2467 πάντα
818 2413 1186 2485 διεξέρχεταιο
1247 2409 1320 2469 ὧν
1368 2434 1488 2470 τινα
1540 2418 1635 2488 μὲν
1695 2421 1854 2488 ἡμεῖς

268 2506 550 2576 συντόμως
569 2507 955 2578 ὑπομνήσομεν
982 2507 1077 2579 (7).
1127 2509 1184 2561 Ὀ
1207 2509 1262 2561 δὲ
1286 2509 1568 2580 προσεχῶς
1594 2511 1855 2582 ἐντυγχά-

267 2615 398 2661 νων,
431 2599 650 2669 εὑρήσει
683 2600 741 2652 ἐν
770 2599 1018 2672 ἐκατέρῳ
1048 2599 1249 2672 πολλὴν
1277 2601 1376 2672 τὴν
1416 2602 1589 2672 ζωὴν,
1631 2603 1762 2656 πολὺ
1795 2604 1855 2656 τὸ

271 2689 412 2759 φῶς,
448 2691 759 2763 ἀποτροπὴν
799 2692 892 2745 τοῦ
923 2693 1178 2757 σκότους,
1220 2695 1416 2764 συνεχῆ
1448 2695 1545 2765 τὴν
1575 2695 1854 2766 ἀλήθειαν,

269 2783 373 2854 τὴν
421 2783 612 2856 χάριν,
645 2784 741 2856 τὴν
773 2786 978 2856 χαρὰν,
1024 2786 1122 2858 τὴν
1152 2787 1332 2858 σάρκα
1374 2789 1465 2840 καὶ
1503 2789 1564 2841 τὸ
1595 2783 1732 2860 αἷμα
1764 2789 1856 2843 τοῦ

272 2878 483 2948 Κυρίου
506 2919 518 2941 9
553 2879 652 2948 τὴν
680 2879 858 2950 κρίσιν
878 2922 891 2944 ,
919 2879 1017 2952 τὴν
1047 2881 1236 2948 ἄφεσιν
1267 2881 1376 2934 τῶν
1407 2882 1689 2954 ἁμαρτιῶν
1714 2924 1726 2947 ,
1761 2884 1858 2954 τὴν

276 2970 415 3039 πρὸς
439 2971 584 3039 ἡμᾶς
606 2972 827 3042 ἀγάπην
856 2971 948 3024 τοῦ
975 2971 1131 3033 Θεοῦ,
1153 2972 1250 3044 τὴν
1278 2973 1411 3044 πρὸς
1427 2974 1689 3046 ἀλλήλους
1713 2976 1744 3045 ἡ
1754 2977 1860 3044 μᾶς

276 3061 501 3131 ἀγάπης
526 3062 768 3132 ἐντολὴν,
786 3062 861 3125 ὼς
885 3063 1064 3127 πάσας
1084 3064 1162 3117 δεῖ
1187 3065 1480 3136 φυλάσσειν
1500 3066 1598 3130 τὰς
1621 3067 1856 3132 ἐντολάς⁸

274 3153 306 3204 ὁ
351 3153 569 3224 ἐλεγχος
596 3153 686 3207 τοῦ
723 3155 927 3225 κόσμου
963 3156 1036 3226 (8)
1058 3196 1072 3220 ,
1104 3156 1198 3209 τοῦ
1237 3157 1482 3211 διαϐόλου
1504 3199 1517 3222 ,
1548 3159 1643 3211 τοῦ
1685 3160 1860 3212 Ἀντι-

277 3244 521 3315 χρίστου,
554 3249 585 3317 ἡ
620 3248 921 3316 ἐπαγγελία
945 3248 1038 3301 τοῦ
1069 3249 1223 3317 ἁγίου
1255 3250 1591 3321 Πνεύματος,
1625 3253 1656 3322 ἡ
1689 3250 1862 3304 υἱοθε-

280 3337 375 3390 σία
405 3339 497 3391 τοῦ
525 3339 660 3393 Θεοῦ
680 3381 694 3402 ,
731 3342 763 3412 ἡ
797 3341 970 3394 διόλου
1007 3341 1188 3405 πίστις
1224 3343 1380 3413 ἡμῶν
1413 3343 1805 3413 ἁπαιτουμένη,
1833 3344 1862 3397 ό

279 3431 470 3502 Πατὴρ
485 3434 578 3486 καὶ
591 3436 619 3487 6
636 3434 763 3496 Υἱὸς
782 3435 1075 3506 πανταχοῦ·
1095 3436 1187 3489 καὶ⁴
1205 3437 1341 3500 ὅλως
1353 3437 1439 3490 διά
1457 3439 1669 3490 πάντων
1694 3454 1862 3508 χαρα-

280 3524 657 3594 κτηρίζοντας,
679 3524 777 3580 ἕνα
791 3526 884 3580 καὶ
901 3526 991 3580 τὸν
1002 3527 1161 3580 αὐτὸν
1184 3531 1411 3600 πνορᾷν
1427 3529 1519 3582 τοῦ
1543 3546 1599 3582 τε
1625 3530 1866 3599 Εὐάγγε-

279 3614 399 3671 λίου
410 3618 607 3688 καὶτῆς
621 3620 938 3691 Ἐπιστολῆς
949 3621 1135 3692 χρῶτα
1147 3622 1792 3694 πρόκειται.Ἀλλοιοτάτη
1809 3623 1866 3677 δὲ

284 3709 380 3764 καὶ
399 3708 523 3781 ξένη
542 3712 692 3782 παρὰ
707 3712 878 3766 ταῦτα
899 3715 930 3782 ἠ
950 3714 1334 3784 ’Λποκάλυφιφ
1356 3717 1489 3786 μήτε
1516 3716 1865 3787 ἐφαπτομένη

288 3804 428 3874 μήτε
449 3804 737 3873 γειτνιῶσα
757 3806 960 3859 τούτων
996 3806 1184 3876 μηδενὶ
1213 3806 1416 3876 σχεδὸν,
1431 3808 1505 3871 ὡς
1521 3810 1717 3871 εἰπεῖν,
1738 3807 1870 3877 μηδέ

288 3894 556 3965 συλλαϐὴν
584 3897 720 3969 πρὸς
746 3898 888 3952 αὑτά
911 3899 1092 3970 κοινὴν
1114 3899 1309 3968 ἔχουσα
1328 3916 1341 3929 ·
1371 3899 1485 3952 ἀλλ’
1509 3899 1626 3951 οὐδέ
1652 3901 1870 3970 μνήμην

284 3986 411 4041 τινὰ
434 3988 554 4042 οὐδὲ
575 3988 800 4054 ἔννοιαν,
819 3989 990 4061 οῦτεὴ
1017 3990 1295 4062 Ἐπιστολὴ
1319 3990 1419 4059 τῆς
1454 3989 1869 4060 Ἀποκαλύψεως

288 4079 436 4151 ἔχει·
468 4081 542 4134 ἐῶ
571 4083 680 4154 γὰρ
714 4084 774 4135 τὸ
803 4083 1148 4151 Εὐαγγέλιον·
1186 4081 1308 4136 οῦτε
1339 4083 1435 4153 τῆς
1482 4082 1801 4147 Ἐπιστολῆς
1832 4085 1864 4154 ή

305 4175 696 4245 Ἀποκάλυψις·
728 4175 940 4228 Παύλου
970 4174 1057 4229 διὰ
1093 4175 1200 4229 τῶν
1229 4174 1524 4228 ἐπιστολῶν
1557 4176 1868 4245 ὑποφήναν-

291 4267 384 4330 τός
408 4283 460 4318 τι
487 4266 578 4318 καὶ
609 4266 737 4336 περὶ
763 4265 870 4319 τῶν
918 4264 1312 4334 ἀποκαλύψεων
1355 4263 1542 4327 αὐτοῦ,
1578 4263 1643 4328 ἀς
1664 4267 1762 4318 οὐκ
1791 4267 1876 4318 ὲν-

293 4358 504 4429 έγραψε
535 4357 656 4412 καθ’
677 4357 863 4421 αὑτάς.
884 4359 1005 4411 Ἔτι
1031 4357 1087 4411 δὲ
1116 4358 1209 4411 καὶ⁸
1232 4358 1330 4428 τῆς
1357 4359 1608 4430 φράσεως
1637 4355 1736 4428 τὴν
1763 4355 1876 4411 δια-

369 4540 416 4574 “
447 4541 570 4596 Act.
599 4557 716 4596 xm.
795 4542 860 4574 ⁸⁸⁸
883 4540 1022 4598 Ibid.

373 4707 450 4790 (Si)
479 4710 598 4790 βαι
646 4708 765 4766 ἀπὸ
807 4709 928 4790 τῷν
975 4707 1408 4790 νοημάτων-ρὲ
1441 4709 1538 4762 καὶ
1572 4708 1877 4790 ῥημάτων,
1913 4710 1957 4768 D

301 4780 542 4847 καὶτῆς
632 4780 982 4846 συντάξεως
1027 4780 1247 4836 αὐτῶν.
1311 4779 1424 4833 Hoc
1469 4786 1763 4833 secundum
1799 4787 1883 4832 est

305 4861 711 4923 argumentum,
754 4866 863 4919 quo
917 4853 1203 4923 Dionysius
1261 4849 1687 4923 Alexandrinus
1718 4849 1884 4915 conji-

305 4917 506 4981 ciebat,
551 4917 940 4992 Apocalypsim
986 4917 1444 4992 et'Evangelium
1493 4917 1720 4992 Joannis
1772 4935 1877 4973 non

307 4993 470 5048 unius
505 4989 962 5062 scriptoris'opus
1014 5008 1154 5046 esse.
1218 4991 1458 5062 Primum
1511 4989 1878 5062 enimat-gu-

310 5073 551 5116 mentum
584 5063 728 5132 quod
765 5063 816 5115 id
866 5060 1158 5132 probabat,
1207 5061 1410 5131 petitur
1442 5060 1792 5132 egimoribus
1824 5071 1879 5114 et

310 5133 556 5187 instituto
591 5131 883 5202 utriusque
905 5134 1210 5201 scriptoris,
1245 5140 1302 5184 ut
1334 5132 1450 5202 ipse
1478 5131 1882 5202 Dionysius__in-

311 5203 549 5274 sinuavit
580 5203 664 5256 his
708 5200 889 5258 verbis
917 5222 930 5258 :
964 5200 1495 5274 Τεκμαίρομαιγάρ
1519 5200 1582 5253 ἐκ
1612 5217 1669 5252 τε
1703 5200 1796 5274 τοῦ
1826 5200 1888 5270 ἧ-

313 5273 442 5337 θους
473 5274 770 5346 ἑκατέρων.
807 5275 869 5327 Ει
903 5275 1002 5328 boc
1027 5271 1650 5346 quidemargumentum
1682 5273 1747 5324 ad
1777 5271 1890 5324 haec

315 5360 490 5413 usque
531 5341 695 5399 verba
731 5359 851 5412 quae
882 5341 1057 5412 supra
1084 5343 1387 5412 posuimus,
1422 5341 1713 5411 Dionysius
1742 5357 1892 5394 exse-

316 5426 478 5470 cutus
509 5424 614 5470 cst.
652 5415 801 5468 Nunc
839 5431 969 5468 vero
1005 5414 1235 5468 alterum
1270 5422 1650 5480 argumentum
1689 5426 1888 5480 propo-

318 5487 420 5551 nit,
453 5502 519 5540 ex
554 5487 732 5540 verbis
761 5495 816 5538 et
847 5486 1135 5540 sententiis
1166 5484 1449 5551 utriusque
1491 5482 1798 5549 scriptoris,
1828 5489 1884 5534 et

318 5573 383 5609 ex
419 5557 784 5610 collocatione
816 5555 1130 5609 verborum.
1159 5553 1253 5607 Sic
1280 5555 1426 5606 enim
1466 5568 1586 5604 cum
1617 5551 1884 5605 Cicerone

319 5628 648 5695 interpretor
690 5641 874 5681 vocem
930 5624 1075 5677 illam
1103 5623 1414 5695 ησύνταξιν.
1481 5623 1622 5695 Vide
1664 5615 1886 5695 elegait-

321 5691 590 5752 tissimum
611 5697 811 5751 librum
833 5695 1070 5764 Dionysii
1099 5693 1216 5748 lial.
1237 5694 1378 5761 Περὶ
1398 5691 1750 5764 συντάξεως
1765 5693 1896 5745 ὀνο-

324 5767 555 5832 μάτων.
587 5768 904 5834 Quanquam
932 5762 1035 5818 hoc
1075 5768 1192 5819 loco
1225 5762 1494 5826 σύνταξις,
1543 5773 1649 5816 tam
1680 5773 1898 5834 senten-

325 5840 559 5907 tiarum,
619 5833 782 5908 quam
841 5839 1128 5893 verborum
1202 5835 1612 5906 dispositionem
1684 5833 1896 5889 videtur

1951 1965 2144 2011 mutuo
2181 1963 2528 2020 consonant,
2564 1963 2618 2008 et
2664 1954 2852 2008 eodem
2892 1952 3180 2006 ordiuntur
3205 1951 3388 2005 modo.
3441 1949 3532 2004 Sic

1950 2048 2094 2103 enim
2123 2048 2313 2118 incipit
2343 2047 2694 2117 Evangelinm
2745 2059 2760 2098 :
2792 2063 2808 2095 ι
2857 2040 2915 2096 In
2955 2043 3225 2113 principio
3257 2052 3373 2097 erat
3406 2042 3535 2096 Ver-

1953 2141 2098 2196 bum.
2132 2161 2150 2192 ι
2220 2140 2453 2210 Epistula
2504 2155 2630 2194 vero
2663 2157 2674 2192 :
2720 2157 2737 2189 ι
2775 2137 2925 2204 Quod
2992 2136 3092 2190 fuit
3123 2136 3188 2188 ab
3216 2136 3386 2189 initio.
3428 2154 3445 2186 ι
3478 2135 3530 2187 In

1956 2236 2047 2290 illo
2079 2236 2280 2289 dicitur
2308 2249 2322 2286 :
2364 2251 2382 2284 ι
2432 2234 2497 2287 Ει
2529 2231 2764 2287 Verbum
2795 2247 2926 2286 caro
2962 2231 3163 2285 factum
3201 2239 3318 2292 est,
3350 2239 3403 2282 ct
3434 2230 3530 2283 ha-

1955 2326 2146 2380 bitavit
2208 2325 2259 2377 in
2310 2323 2484 2376 nobis.
2536 2322 2600 2375 Et
2661 2322 2899 2375 vidimus
2949 2320 3172 2390 gloriam
3231 2318 3387 2386 ejus,
3419 2319 3535 2388 glo-

1956 2419 2092 2473 riam
2147 2416 2301 2486 quasi
2355 2414 2623 2486 Unigeniti
2665 2430 2694 2468 a
2729 2413 2911 2467 Patre.
2950 2433 2966 2464 ι
3015 2411 3139 2466 llaec
3177 2426 3306 2465 vero
3342 2414 3533 2464 eadem

1957 2511 2118 2565 habet
2145 2553 2157 2576 ,
2194 2509 2471 2577 paulisper
2525 2517 2734 2561 tantum
2786 2507 3112 2560 immutata:
3149 2522 3167 2556 ι
3205 2504 3359 2570 Quod
3392 2502 3538 2556 audi-

1959 2601 2134 2655 vimus
2157 2640 2170 2664 ,
2223 2599 2365 2667 quod
2417 2598 2652 2653 vidimus
2675 2597 2848 2652 oculis
2879 2597 3101 2659 nostris,
3137 2595 3281 2665 quod
3311 2609 3538 2663 perspe-

1960 2693 2174 2760 ximus,
2243 2701 2297 2745 et
2373 2707 2563 2746 manus
2631 2701 2829 2745 nostra:
2881 2696 3405 2750 contrectavcrunt,
3471 2687 3538 2738 de

1963 2785 2138 2840 Verbo
2193 2786 2312 2839 vitm
2341 2802 2353 2837 :
2387 2793 2441 2837 et
2492 2784 2596 2837 vita
2650 2782 2994 2836 manifestata
3048 2789 3155 2834 est.
3190 2799 3208 2833 ι
3251 2779 3372 2832 Haec
3394 2777 3538 2831 enim

1964 2879 2054 2933 ille
2085 2877 2244 2932 veluti
2288 2875 2671 2930 modulationis
2719 2874 2966 2944 proludia
3003 2872 3307 2942 prazmittit,
3347 2873 3542 2926 adver-

1962 2984 2053 3024 sus
2081 2982 2175 3022 eos
2202 2966 2292 3038 qui
2327 2967 2607 3021 Christum
2639 2966 2691 3020 in
2723 2980 2889 3019 carne
2934 2964 3221 3018 advenisse
3250 2965 3540 3033 negabant,

1964 3071 2020 3114 ttt
2045 3061 2097 3114 iu
2129 3057 2486 3126 sequentibus
2512 3057 2766 3111 ostendit.
2793 3054 3159 3122 Quamobrem
3186 3055 3251 3110 de
3277 3053 3541 3107 industria

1887 3179 1931 3236 ε
1965 3153 2244 3224 subjunxit
2276 3171 2288 3206 :
2329 3170 2344 3203 t
2386 3151 2452 3204 Et
2475 3150 2618 3220 quod
2649 3150 2883 3204 vidimus
2931 3158 3217 3213 testamur,
3249 3156 3303 3202 et
3333 3161 3546 3200 annuu-

1965 3250 2160 3304 tiatnns
2204 3244 2354 3298 vobis
2408 3243 2572 3296 vitam
2621 3250 2913 3306 aeternam,
2968 3255 3087 3310 qure
3115 3247 3237 3294 erat
3279 3238 3420 3308 apud
3445 3235 3550 3292 Pa-

1968 3353 2102 3395 trem
2141 3347 2196 3392 et
2235 3337 2480 3407 apparuit
2535 3334 2707 3389 nobis.
2765 3334 2917 3401 Quod
2980 3333 3214 3386 vidimus
3252 3339 3307 3385 et
3336 3331 3549 3384 audivi-

1970 3446 2113 3493 mus,
2175 3424 2558 3480 annuntiamns
2618 3424 2790 3477 vobis.
2831 3443 2849 3476 ι
2907 3423 3055 3476 Adeo
3081 3432 3225 3475 totus
3257 3437 3321 3475 ex
3353 3436 3410 3474 se
3436 3420 3551 3489 ipse

1974 3521 2190 3593 pendet,
2225 3528 2329 3574 eta
2363 3518 2827 3587 propositionibus
2871 3516 2984 3571 suis
3020 3531 3087 3570 ne
3131 3515 3301 3569 latum
3331 3515 3548 3584 quidem

1974 3627 2204 3684 unguem
2240 3611 2508 3675 discedit;
2539 3611 2631 3665 sed
2658 3611 2847 3664 iisdem
2886 3624 3020 3679 pene
3047 3608 3316 3676 capitibus
3342 3622 3406 3658 ac
3432 3620 3556 3658 ver-

1974 3705 2058 3761 bis
2096 3711 2290 3758 cuncta
2319 3703 2684 3771 prosequitur.
2718 3703 2792 3756 Ex
2825 3703 3021 3770 quibus
3047 3716 3145 3754 nos
3172 3699 3389 3768 quidem
3418 3713 3556 3751 non-

1973 3798 2120 3853 nulla
2160 3794 2803 3866 brevitersnggeremus.
2837 3794 2937 3858 Qui
2977 3807 3103 3845 vero
3131 3800 3336 3845 attente
3375 3789 3552 3858 perle-

1973 3893 2132 3964 gerit,
2172 3893 2225 3947 in
2254 3903 2484 3960 utroque
2515 3888 2709 3959 saepius
2740 3887 2924 3949 vitam,
2957 3885 3120 3955 276
3147 3884 3344 3946 lucem,
3375 3882 3555 3953 fugant

1979 3985 2364 4051 tenebrarum;
2414 3981 2727 4051 frequenter
2759 3978 3040 4032 veritatem
3067 4017 3081 4041 ,
3117 3975 3346 4046 gratiam
3373 4013 3388 4038 ,
3418 3989 3556 4038 gau-

1978 4077 2148 4142 dium,
2179 4092 2400 4132 carnem
2431 4083 2485 4129 et
2511 4072 2835 4142 sanguinem
2865 4069 3097 4134 Domini,
3125 4066 3409 4139 judicium,
3437 4079 3558 4135 pec-

1978 4178 2222 4224 catorum
2258 4165 2672 4228 remissionem;
2720 4160 2813 4214 Dei
2865 4175 2994 4227 erga
3045 4174 3143 4214 nos
3188 4156 3557 4222 dilectionem,

1985 4259 2343 4314 mutmeinter
2374 4274 2471 4313 nos
2500 4231 2810 4312 dilectionis
2835 4263 3160 4324 praeceptum
3189 4269 3203 4306 :
3230 4261 3285 4306 et
3305 4250 3556 4303 universa

1989 4365 2260 4426 praecepta
2298 4352 2564 4408 servanda
2603 4367 2724 4408 esse
2753 4349 3006 4420 reperiet.
3042 4347 3124 4402 Ad
3169 4345 3282 4400 haec
3307 4344 3561 4398 condem-

1985 4700 2471 4772 comprehendere.
2503 4695 2676 4750 Porro
2695 4707 2773 4772 ex
2809 4691 2931 4772 hoc.
2959 4690 3076 4772 loco
3109 4695 3358 4772 apparet,
3390 4702 3565 4772 quau-

1993 4757 2177 4842 topere
2212 4773 2265 4826 in
2298 4770 2491 4842 critica
2527 4765 2861 4842 exercitatus
2909 4759 3073 4814 fuerit
3124 4760 3410 4842 Dionysius
3446 4757 3567 4838 Ale-

1995 4828 2317 4897 xandrinus.
2369 4838 2582 4906 Quippe
2616 4835 2892 4903 proprium
2936 4840 3018 4906 e_st
3060 4828 3257 4894 critici,
3315 4829 3382 4882 de
3426 4829 3566 4881 scri-

1990 4915 2095 4983 ptis
2137 4901 2696 4983 veteruttt'ju'tl'icare,
2721 4901 2983 4983 etquod.
3021 4915 3208 4954 verum
3248 4915 3307 4952 ac
3346 4913 3560 4983 germa-

1987 4969 2142 5050 itum,
2177 4982 2320 5052 quod
2357 4969 2605 5050 Spurium
2642 4989 2704 5028 ac
2737 4969 3080 5028 subdititium
3131 4985 3267 5051 opus
3314 4971 3406 5033 sit,
3458 4969 3568 5022 dis-

1988 5068 2229 5108 cernere.

2069 5125 2146 5196 (ὃ)
2193 5122 2316 5177 Τῶν
2345 5115 2936 5196 αὐτῶν-κεφαλαίων.
2980 5110 3242 5193 Periodos
3281 5123 3374 5164 seu
3405 5123 3573 5196 mem-

1999 5181 2094 5250 bra
2127 5181 2391 5247 orationis
2427 5181 2708 5255 intelligit,
2739 5187 2937 5253 quibus
2986 5183 3198 5255 integer
3251 5181 3573 5255 sensnsab-

1998 5249 2249 5319 Solvitur.
2298 5264 2388 5316 Sic
2441 5249 2802 5324 initio'bnjtis
2841 5253 3034 5320 capitis
3063 5249 3201 5304 dixit
3228 5249 3567 5324 Δυἰωιιγδὶιιει,

2000 5335 2123 5389 καθ’
2149 5332 2380 5387 ἕκαστον
2425 5319 2728 5397 κεφάλαιον
2770 5319 3160 5397 -διευθύνοντες
3218 5319 3390 5376 Graeci
3423 5335 3574 5389 περι-

2001 5408 2174 5478 κοπὴν
2201 5405 2367 5457 etiam
2405 5393 2591 5478 dicunt
2617 5414 2632 5462 ;
2663 5395 2844 5478 Latini
2872 5393 3195 5478 capital-um.

2064 5458 2141 5545 (7)I
2195 5458 2678 5545 ’Υπομν-ήσομείζε
2735 5466 2907 5545 (_]odd.
2938 5458 3352 5545 'Med-icazusﬁet
3397 5458 3577 5545 illasq-

1996 5529 2148 5602 rinu's
2175 5529 2594 5614 ὑπομνήσωμεν.
2626 5537 3012 5614 Magistamen
3041 5535 3215 5603 placet
3249 5529 3382 5586 Fuk.
3413 5530 3574 5586 codd.

1998 5627 2052 5672 ct
2085 5617 2252 5672 savii.
2285 5610 2581 5682 scriptura.
2618 5610 3036 5682 ὑπεμνήσαμεν.

2076 5671 2504 5754 (8)7'Ev187’550g‘
2571 5679 2679 5754 τοῦ
2731 5671 3007 5747 ’κόὰμὸιμ
3077 5671 3572 5754 (ξοηᾷεηιηηιὶρηριη

2003 5741 2727 5824 verti,rectius',"ut'opinor,
2758 5741 2918 5824 quain
2948 5745 3386 5824 reprobationcm.
3413 5741 3573 5794 Getae

2004 5813 2338 5887 Glossarium
2373 5813 2525 5881 vetus
2549 5813 3194 5893 Eleum:interpretatur
3223 5813 3511 5884 judicium.
