4114 6406
650 330 755 386 707

1353 321 1623 380 EUSEBII
1662 320 2132 378 CJESABIENSIS
2166 320 2317 376 ΟΡΡ.
2358 320 2535 377 PARS
2570 320 2615 376 Ῑ.
2654 351 2727 363 —
2765 317 3157 378 HISTORICA.

3839 322 3937 378 708

651 446 896 515 regebat,
926 451 980 498 et
1001 441 1346 498 Theotecnus
1381 441 1471 510 qui
1512 440 1904 496 Caesariensem
1933 440 2008 494 illi
2046 439 2212 495 1ἰηίιί-

2332 438 2379 491 >ὑ
2428 438 2536 510 μὴν
2587 437 2724 493 ἀλλὰ
2765 438 2860 492 καὶ
2899 441 2998 511 τῆς
3031 441 3089 492 ὲν
3133 436 3561 510 Ἱεροσολύμοις
3617 432 3938 506 Ἐκκλησίας

651 554 794 595 mam
847 535 1263 591 administrabat
1292 550 1307 589 :
1349 533 1615 589 Maximus
1673 540 1958 602 praeterea.
1989 532 2079 602 qui
2108 530 2213 584 Bo-

649 641 918 686 strensem
952 626 1253 682 Ecclesiam
1281 641 1490 681 summa
1522 640 1644 679 cum
1672 624 1829 678 laude
1872 624 2213 692 gubernavit.

651 722 953 778 Sescentos
978 732 1194 788 quoque
1223 716 1359 771 alios
1387 717 1481 786 qui
1511 731 1616 769 una
1643 729 1767 769 cum
1796 713 2133 783 presbyteris
2163 723 2219 768 et

650 813 898 869 diaeonis
916 825 982 865 eo
1006 808 1406 871 conﬂuxerunt,
1434 820 1775 875 nequaquam
1811 804 2030 859 difﬁcile
2058 803 2220 858 fuerit

650 918 960 960 recensere.
988 889 1188 953 Verum
1213 899 1265 953 bi
1289 912 1425 966 quos
1448 896 1582 962 dixi,
1608 896 1852 951 illustres
1877 910 1987 963 pra:
2008 892 2220 948 caeteris

649 995 1011 1052 habebantur.
1043 990 1309 1045 Omnibus
1339 989 1501 1058 igitur
1538 988 1691 1041 vario
1727 995 1967 1055 tempore
1991 985 2221 1039 diversi-

649 1088 812 1142 mode
845 1100 911 1139 ac
951 1097 1325 1152 smpenumero
1355 1082 1408 1136 in
1445 1094 1609 1134 unum
1664 1078 2011 1140 coeuntibus.
2038 1077 2222 1131 multae

649 1178 1043 1248 disputationes
1063 1183 1117 1229 et
1140 1172 1469 1242 quaestiones
1493 1174 1547 1228 in
1578 1187 1685 1227 uno
1717 1185 1934 1240 quoque
1964 1184 2220 1225 consessu

649 1271 867 1341 agitata:
902 1277 1052 1335 sunt,
1081 1284 1203 1322 cum
1237 1268 1364 1322 hinc
1408 1266 1811 1321 Samosatensis
1868 1262 2062 1318 Paulus
2095 1264 2226 1332 dog-

649 1364 812 1419 matis
836 1362 917 1417 sui
950 1361 1243 1415 novitatem
1281 1358 1556 1413 occultare
1589 1357 1766 1412 adhuc
1817 1357 2103 1418 niteretur,
2159 1356 2225 1410 il-

649 1455 761 1509 linc
787 1454 1098 1510 sacerdotes
1125 1452 1374 1507 haeresim
1406 1450 1550 1504 illius
1576 1459 1630 1503 et
1658 1450 1916 1503 adversus
1942 1445 2220 1502 Christum

650 1548 1039 1619 blasphemiam
1075 1546 1349 1600 denudare
1379 1552 1542 1612 atque
1568 1542 1620 1595 in
1656 1541 1893 1595 medium
1927 1540 2224 1608 producere

653 1639 981 1694 laborarent.
1012 1637 1146 1691 Dum
1181 1637 1296 1690 haec
1321 1643 1578 1705 aguntur,
1602 1631 1894 1703 Dionysius
1919 1641 2222 1686 extremum

654 1732 799 1786 diem
834 1731 987 1795 obiit,
1019 1742 1162 1782 anno
1189 1727 1523 1797 principatus
1572 1724 1808 1780 Gallieni
1860 1723 2181 1777 duodecimo
2206 1759 2223 1785 ,

655 1838 778 1877 cum
833 1820 1176 1875 Alexandriae
1219 1818 1588 1887 episcopatum
1624 1814 2011 1885 septemdecim
2068 1813 2227 1867 annis

655 1911 997 1966 obtinuisset.
1026 1909 1079 1963 ln
1105 1906 1220 1977 ejus
1260 1908 1435 1962 locum
1466 1907 1795 1975 subrogatus
1816 1914 1896 1959 est
1936 1902 2222 1958 Maximus.

654 2008 726 2060 At
752 2003 1027 2059 Gallienus
1057 2000 1284 2071 imperio
1333 2014 1427 2068 per
1470 1997 1777 2067 quindecim
1814 1996 2104 2051 continuos
2132 2011 2230 2048 an-

659 2112 759 2152 nos
792 2094 1188 2158 administrate,
1223 2091 1509 2147 Claudium
1562 2084 1935 2143 successorem
1989 2087 2225 2157 reliquit.

661 2188 762 2255 Qui
790 2203 911 2242 cum
935 2186 1206 2241 biennium
1233 2180 1632 2253 imperavisset,
1656 2179 1948 2234 Aureliano
1977 2178 2229 2249 deinceps

662 2279 886 2335 tradidit
913 2279 1301 2349 principatum.

1216 2460 1443 2517 CAPUT
1487 2457 1680 2514 XXIX.

703 2579 951 2645 Qualiter
972 2575 1179 2630 Paulus
1206 2576 1471 2645 convictus
1510 2590 1541 2625 τι
1570 2570 1871 2645 Male/tione
1904 2570 2205 2640 presbytero

833 2651 922 2719 qui
961 2649 1107 2715 prius
1146 2647 1375 2711 sapitista
1408 2643 1608 2712 fuerat,
1643 2641 1919 2694 abdicatus
1950 2650 2052 2693 est.
2116 2698 2121 2703 ς

738 2800 906 2869 llujus
938 2797 1272 2869 temporibus
1298 2803 1566 2863 postrema
1593 2793 1831 2862 synodus
1860 2792 2231 2847 innumerabi-

666 2895 796 2949 lium
846 2892 961 2947 fere
987 2892 1360 2961 episeOporum
1408 2899 1731 2956 congregata
1761 2895 1865 2951 eet,
1899 2885 1950 2939 in
2002 2900 2106 2953 qua
2138 2900 2235 2939 au-

665 3002 783 3044 ctor
812 2985 902 3041 ille
922 2983 1143 3039 nefaria'
1172 2981 1313 3052 apud
1339 2980 1685 3034 Antiochiam
1717 2979 1985 3032 haereseos
2012 2976 2230 3042 Paulus,

666 3078 945 3133 convictus
971 3085 1027 3129 et
1059 3076 1128 3128 ab
1167 3073 1419 3127 omnibus
1462 3068 1913 3125 manifestissime
1944 3070 2237 3138 deprehen-

2330 530 2630 601 Ὑμέναιος,
2657 531 2756 602 τῆς
2787 548 2849 584 τε
2880 531 3083 603 ὁμόρου
3108 529 3314 604 ταύτης
3343 527 3730 600 Καισαρείας
3762 528 3941 582 Θεότε-

2317 638 2474 686 κνος,
2511 621 2761 693 Μάξιμος
2789 622 2867 676 ἔτι
2896 624 3033 696 πρὸς
3068 623 3308 689 τούτοις,
3360 621 3491 675 τῶν
3524 619 3683 675 κατὰ
3709 619 3939 692 Βόστραν

2318 713 2374 767 δὲ
2410 715 2504 768 καὶ
2530 708 2682 779 οὗτος
2714 714 2958 786 ἀδελφῶν
2985 715 3299 789 διατερεπῶς
3326 716 3545 787 ἡγεῖτο
3572 730 3589 745 ’
3633 713 3863 783 μυρίους
3888 732 3940 768 τε

2319 803 2511 868 ἄλλους
2544 804 2644 857 οὐκ
2682 803 2748 859 ἂν
2793 805 3069 877 ἀπορήσαι
3105 821 3187 868 τις
3234 805 3359 875 ἃμα
3396 798 3829 873 πρεσϐυτέροις
3858 802 3940 856 καὶ

2320 896 2620 960 διακόνοις,
2667 897 2765 967 τῆς
2802 897 2971 969 αὐτῆς
3002 880 3185 951 ’ἕνεκεν
3226 896 3426 960 αἰτίας
3464 896 3532 949 ὲν
3565 897 3640 965 τῇ
3688 909 3942 964 προειρη-

2325 986 2458 1058 μένῃ
2498 986 2647 1041 πόλει
2677 987 2927 1058 τηνικάδε
2972 988 3464 1060 συγκροτηθέντας
3509 985 3943 1057 ἀπαριθμούμε-

2321 1096 2430 1142 νος.
2474 1079 2634 1133 Ἀλλὰ
2653 1079 2858 1133 τούτων
2883 1096 2947 1149 γε
2974 1082 3023 1133 οἱ
3053 1080 3287 1151 μάλιστα
3306 1083 3630 1150 ἐπιφανεῖς
3652 1080 3767 1133 οἵδε
3789 1075 3940 1150 ἦσαν.

2322 1170 2551 1223 Πάντων
2579 1166 2672 1224 οὖν
2698 1170 2837 1223 κατὰ
2854 1171 3080 1242 καιροὺς
3096 1170 3372 1242 διαφόρως
3410 1170 3545 1242 (16)
3568 1171 3673 1224 καὶ
3690 1169 3943 1236 πολλάκις

2323 1263 2416 1317 ἐπὶ
2458 1263 2622 1317 ταύτὸ
2662 1263 2981 1330 συνιόντων,
3030 1262 3177 1333 λόγοι
3220 1265 3312 1318 καὶ
3344 1265 3643 1335 ζητήσεις
3675 1262 3801 1317 καθ’
3822 1264 3940 1318 ἑκά-

2325 1370 2457 1425 στην
2500 1352 2845 1409 ὰνεκινοῦντο
2874 1353 3121 1419 σύνοδον,
3162 1355 3271 1408 τῶν
3307 1357 3414 1427 μὲν
3454 1354 3619 1425 ἀμφὶ
3645 1351 3747 1406 τὸν
3771 1354 3940 1424 Σαμο-

2327 1447 2493 1501 σατέα
2521 1445 2588 1500 τὰ
2617 1446 2719 1517 τῆς
2750 1447 3083 1520 ἐτεροδοξίας
3109 1447 3487 1518 ἐπικρύπτειν
3522 1447 3614 1500 ἔτι
3641 1447 3744 1501 καὶ
3773 1464 3938 1518 παρα·

2326 1537 2694 1592 καλύπτεσθαι
2739 1537 3128 1609 πειρωμένων,
3161 1538 3272 1591 τῶν
3315 1539 3371 1592 δὲ
3430 1536 3817 1607 ἀπογυμνοῦν
3853 1538 3936 1590 καὶ

2328 1630 2408 1692 εἰς
2435 1629 2668 1702 φανερὸν
2695 1630 2847 1699 ἄγειν
2875 1630 2973 1701 τὴν
3020 1630 3244 1701 αἵρεσιν
3270 1630 3367 1683 καὶ
3413 1628 3532 1701 τὴν
3583 1631 3672 1692 είς
3708 1629 3931 1701 Χριστόν

2331 1719 2677 1791 βλασφημίαν
2732 1719 2929 1786 αὐτοῦ,
2979 1720 3065 1773 διὰ
3118 1721 3351 1792 σπουδῆς
3389 1720 3795 1789 ποιουμένων.
3852 1720 3931 1773 Ἐν

2328 1808 2501 1880 τούτῳ
2525 1810 2581 1862 δὲ
2605 1806 2875 1875 Διονύσιος
2906 1809 3128 1881 τελευτᾷ
3147 1850 3162 1874 ,
3206 1809 3346 1863 κατὰ
3371 1809 3801 1863 τὺ”δωδέκατον
3823 1809 3929 1875 ἔτος

2328 1903 2425 1973 τῆς
2451 1900 2742 1973 Γαλλιηνοῦ
2777 1901 3069 1972 βασιλείας,
3104 1902 3343 1976 προστὰς
3374 1902 3491 1973 τῆς
3524 1904 3659 1956 κατ’
3690 1901 3927 1967 Ἀλεξάν-

2328 1993 2511 2065 δρειαν
2543 1995 2846 2066 ἐπισκοπῆς
2872 1994 3048 2049 ἔτεσιν
3081 1992 3454 2049 ἑπτακαίδεκα
3480 2009 3497 2024 ⁸
3529 1994 3845 2065 διαδέχεται
3874 1994 3923 2048 δὲ

2329 2086 2488 2141 αὑτὸν
2536 2086 2808 2157 Μάξιμος.
2865 2087 3158 2159 Γαλλιηνοΰ
3207 2088 3263 2142 δὲ
3316 2087 3402 2157 ἐφ’
3450 2087 3614 2150 ὅλοις
3670 2089 3926 2150 ἐνιαυτοῖς

2331 2180 2715 2234 πεντεκαίδεκα
2737 2181 2834 2251 τὴν
2850 2178 3021 2252 ἀρχὴν
3043 2180 3472 2251 κεκρατηκότος,
3490 2178 3781 2242 Κλαύδιος
3809 2195 3925 2232 κατ-

2331 2272 2462 2342 έστη
2507 2271 2768 2342 διάδοχος.
2803 2271 3063 2344 Δεύτερον
3094 2272 3150 2326 δὲ
3198 2265 3351 2337 οὗτος
3379 2268 3630 2326 διελθὼν
3660 2270 3805 2334 ἔτος.
3831 2270 3924 2324 A6-

2334 2362 2571 2436 ρηλιανῷ
2604 2363 2923 2435 μεταδίδωσι
2954 2363 3050 2435 τὴν
3079 2364 3393 2436 ἡγεμονίαν.

2836 2457 3229 2511 ΚΕΦΑΛᾹΙΟΝ
3266 2459 3395 2512 KB'.

2337 2546 2528 2615 Ὅπως
2555 2550 2589 2602 ὁ
2613 2547 2855 2616 Παῦλος
2882 2548 3187 2618 ἐλεγχθεὶς
3215 2548 3334 2601 ὑπὸ
3360 2547 3742 2618 Μαλχίωνός
3774 2561 3919 2611 τινος

2403 2639 2854 2780 ῗίτόΕσοφιέἓῗν
2906 2638 3331 2707 πρεσϐυτέρου,
3361 2637 3759 2707 ἐξεκηρύχθη
3772 2637 3920 2709 (Nic)

2464 2747 2478 2762 .
2572 2748 2585 2761 .
2622 2724 2713 2771 vt,
2813 2753 2825 2762 .

2464 2747 2478 2762 .
2521 2724 2585 2761 ιι.
2622 2724 2825 2771 νΙ.Ζδ).

2407 2800 2544 2855 Καθ’
2570 2802 2629 2856 ὃν
2670 2801 2782 2869 (17)
2808 2800 3125 2864 τελευταίας
3155 2799 3638 2873 συγκροτηθείσης
3662 2797 3911 2853 πλείστων

2336 2892 2474 2945 ὅσων
2499 2891 2811 2945 ἐπισκόπων
2850 2891 3065 2945 συνόδου
3085 2930 3100 2954 ,
3130 2890 3401 2964 φωραθεὶς
3441 2893 3543 2945 καὶ
3578 2891 3722 2963 πρὸς
3750 2889 3912 2943 ἁπάν-

2336 2999 2445 3036 των
2466 2983 2567 3055 ἥδη
2596 2982 2783 3053 σαφῶς
2809 2981 3216 3051 καταγνωσθεὶς
3241 2981 3585 3054 ἑτεροδοξίαν
3610 2984 3640 3037 ό
3664 2983 3765 3051 τῆς
3786 2978 3910 3033 κατὰ

2351 3075 2681 3145 Ἀντιόχειαν
2714 3074 2975 3145 αἱρέσεως
3002 3073 3261 3145 ἀρχηγὸς,
3287 3076 3385 3145 τῆς
3427 3075 3538 3128 ὑπὸ
3569 3074 3668 3127 τὸν
3699 3070 3910 3143 ούρανδν

668 3186 763 3224 sus
784 3168 902 3224 falsi
934 3167 1200 3238 dogmatis
1235 3180 1378 3226 reus,
1417 3165 1483 3217 ah
1514 3161 1768 3215 universa
1794 3176 1915 3229 qua:
1961 3163 2061 3216 sub
2094 3162 2235 3218 caelo

2338 3167 2630 3237 καθολικῆς
2682 3165 3007 3236 Ἐκκλησίας
3064 3166 3521 3237 ἀποκηρύττεται.
3578 3163 3823 3219 Μάλιστα
3864 3161 3907 3214 δ’

667 3273 754 3316 est
780 3260 1018 3315 Ecclesia
1042 3257 1309 3313 catholica
1330 3254 1640 3310 eliminatos
1669 3265 1770 3307 est.
1804 3252 2082 3322 Pra-cipue
2109 3267 2239 3309 vero

669 3353 821 3406 illum
848 3350 1111 3420 coarguit,
1140 3358 1192 3402 et
1222 3349 1391 3402 latere
1424 3345 1730 3415 cupientem
1767 3343 2068 3399 confutavit
2102 3344 2239 3399 Mal-

671 3445 832 3499 chion
862 3442 1105 3513 quidam,
1136 3442 1220 3494 vir
1247 3438 1673 3502 disertissimus,
1708 3437 1905 3508 quippe
1933 3438 2026 3506 qui
2061 3438 2240 3508 sophi-

672 3536 824 3590 sticac
845 3534 983 3603 apud
1018 3530 1356 3585 Antiochiam
1389 3526 1588 3583 schola:
1616 3526 1928 3597 praefuerat,
1965 3535 2019 3582 et
2049 3529 2139 3598 qui
2167 3532 2237 3585 ob

674 3651 931 3706 scribitur
961 3651 1014 3704 in
1038 3665 1104 3705 eo
1127 3650 1334 3713 codice,
1361 3663 1481 3702 cum
1511 3647 1709 3717 vulgati
1735 3646 1954 3703 codices
1983 3647 2233 3703 Nicoma-

675 3722 836 3776 cbnm
865 3722 1170 3789 prmferanl.
1198 3718 1272 3772 Ita
1304 3719 1464 3774 etiam
1495 3720 1752 3789 scriptum
1782 3717 2036 3789 inveniin
2069 3720 2240 3776 altero

677 3807 784 3846 non
824 3786 1051 3846 minoris
1093 3788 1439 3857 antiquitatis
1470 3788 1658 3843 codice
1699 3786 1758 3857 (ζ.
1791 3786 2027 3842 Justelli.

749 3860 861 3931 (l6)
895 3862 1057 3915 Κατὰ
1093 3855 1334 3926 καιροὺς
1364 3858 1676 3931 διαφόρως.
1715 3855 1917 3931 Omnes
1946 3859 2115 3931 nostri
2149 3875 2241 3914 co.

678 3927 829 3986 dices
847 3927 963 3986 uno
989 3946 1252 3985 consensu
1293 3927 1675 3999 habentuxatd
1725 3927 1949 3999 καιρούς
1993 3930 2238 3999 (vulgati,

679 4001 914 4072 καιρόν).
945 4001 1129 4072 Itaque
1156 3999 1380 4072 libenter
1406 3997 1700 4052 scriberem
1727 3997 1870 4058 κατὰ
1884 3997 2120 4072 καιροὺς
2130 4000 2245 4072 δια-

681 4067 903 4142 φόρους,
940 4067 1239 4142 cuiusmodi
1277 4081 1520 4142 errorem
1548 4082 1723 4142 _sup_ra
1752 4067 2078 4142 notavimus.
2120 4071 2241 4124 Plu-

682 4136 772 4196 res
798 4150 944 4211 certe
988 4136 1193 4211 synodi
1235 4139 1497 4197 adversus
1548 4136 1771 4190 Paulum
1825 4138 2240 4211 Samo_satenum

683 4210 917 4265 diversis
945 4207 1280 4277 temporibus
1325 4216 1662 4277 congregata:
1692 4214 1840 4273 sunt,
1885 4217 1942 4259 ut
1974 4207 2243 4263 Eusebius

684 4280 1017 4347 Rufinusque
1067 4285 1352 4347 testantur.
1398 4277 1552 4342 Quod
1603 4285 1781 4330 autem
1844 4278 2090 4345 sequitur
2149 4279 2243 4333 καὶ

2338 3258 2498 3310 αὐτὸν
2550 3256 2779 3320 εὐθύνας
2841 3257 3309 3327 ἐπικρυπτόμενον
3356 3256 3611 3327 διήλεγξε
3664 3253 3905 3324 Μαλχίων

2341 3349 2453 3420 (l8)
2479 3389 2492 3410 ,
2544 3348 2683 3419 ἀνὴρ
2721 3347 2791 3401 τά
2835 3364 2894 3400 τε
2938 3346 3071 3400 ἄλλα
3115 3347 3314 3416 λόγιος,
3360 3349 3455 3402 καὶ
3507 3345 3767 3416 σοφιστοῦ
3810 3342 3905 3396 τῶν

2341 3443 2426 3495 ἐπ’
2472 3441 2798 3511 Ἀντιοχείας
2838 3439 3161 3511 Ἑλληνικῶν
3201 3440 3606 3512 παιδευτηρίων
3645 3436 3904 3509 διατριϐῆς

2344 3532 2640 3604 προεστὼς,
2682 3532 2743 3584 οὔ
2783 3530 2888 3603 μὴν
2923 3531 3057 3585 ἀλλὰ
3102 3533 3197 3585 καὶ
3242 3533 3308 3585 δι’
3334 3531 3784 3604 ὑπερϐάλλουσαν
3817 3530 3905 3599 τῆς

2346 3670 2436 3707 nos
2462 3651 2586 3720 160,
2614 3653 2678 3703 ab
2712 3650 3015 3705 orthodoxis
3042 3653 3293 3717 episcopis
3313 3648 3899 3720 anathematgcondam-

2350 3734 2494 3776 nato.
2527 3718 2774 3789 Scriptus
2804 3722 3018 3789 estihie
3063 3722 3276 3776 liba-llus
3312 3722 3599 3775 consulatu
3628 3718 3898 3773 Theodosii

2347 3792 2576 3860 Augusti
2632 3788 2731 3845 xm
2788 3798 2842 3844 et
2902 3788 3262 3845 Valentiniani
3298 3807 3382 3855 Ill,
3417 3805 3566 3845 anno
3624 3797 3891 3860 antequam

2346 3857 2586 3933 synodus
2632 3861 2686 3933 in
2733 3861 2866 3933 urbe
2908 3860 3119 3929 Epheso
3147 3870 3581 3933 congregaretur.
3605 3860 3689 3914 Ab
3725 3872 3785 3911 eo
3816 3857 3896 3928 igi-

2352 3931 2441 3985 tur
2471 3931 2749 3984 consulatu
2799 3932 2842 3982 si
2892 3940 3042 3984 retro
3089 3931 3461 3985 numeraveris
3500 3943 3678 3984 annos
3701 3936 3896 3993 centum

2351 4012 2406 4054 et
2436 4002 2719 4069 sexaginta
2746 4000 2968 4060 solidos.
3000 4000 3209 4055 incides
3242 4002 3295 4053 in
3324 3996 3888 4069 eonsulat‘umAClaudii

2348 4080 2404 4125 et
2448 4061 2687 4130 Patevrni,
2723 4072 2814 4139 qui
2870 4078 2954 4123 est
3002 4084 3180 4124 almus
3234 4069 3433 4124 Christi
3495 4070 3627 4124 270.
3682 4061 3890 4139 Eroiude

2348 4141 2590 4212 synodus
2620 4135 2958 4212 Apti'ocliena
3007 4139 3062 4212 in
3112 4154 3217 4209 qua
3264 4140 3557 4193 damnatus
3589 4147 3673 4194 est
3694 4135 3887 4212 ﬂauius,
3943 4179 3967 4210 .

2348 4204 2606 4263 convenit
2645 4208 2874 4263 Claudio
2914 4217 2969 4263 et
3018 4204 3252 4263 Paterno
3292 4224 3462 4275 coss.,
3514 4224 3662 4264 anno
3709 4204 3886 4261 Christi

2347 4280 2475 4334 270.
2504 4278 2681 4347 Atque
2713 4279 2787 4333 ita
2816 4283 2969 4348 ponit
3010 4277 3284 4334 Marianus
3324 4280 3521 4334 Seotus
3551 4290 3609 4335 et
3653 4276 3889 4348 Herman-

684 4343 986 4427 §011&XI€._
1019 4348 1069 4402 id
1104 4345 1593 4427 minime_otiosutlt
1624 4355 1721 4427 ,εει
1771 4360 1836 4398 ac
1888 4343 2241 4427 superﬂuum.
2275 4371 2321 4427 ι)
2349 4364 2452 4405 nos
2475 4343 2879 4427 Contractus_'in
2908 4346 3204 4427 Chronico_._
3225 4349 3577 4427 Sedﬁomnem
3612 4343 3886 4427 dubitatio:

686 4418 819 4474 Nam
860 4429 912 4474 et
938 4418 1118 4488 plures
1142 4417 1378 4488 diversis
1400 4414 1742 4488 temporibus
1774 4414 2007 4488 synodos
2030 4429 2248 4488 coactas

688 4490 858 4543 fuisse
888 4485 962 4543 ait
994 4486 1280 4551 Eusebius,
1314 4496 1367 4541 et
1397 4485 1451 4539 in
1486 4485 2034 4556 unaquaquesynodo
2067 4487 2249 4556 plures

689 4559 857 4614 fuisse
890 4557 1159 4613 sessiones
1191 4558 1305 4612 sive
1332 4556 1599 4628 actiones.
1630 4553 1811 4608 Prima
1836 4553 2248 4628 quidem'syno-

690 4632 793 4683 dus
826 4628 1128 4683 Antiochiae
1167 4639 1354 4680 contra
1395 4624 1618 4695 Paulum
1646 4633 1969 4695 congregata
1999 4637 2081 4680 est
2112 4624 2253 4681 anuo

689 4699 919 4753 Gallieni
946 4712 1045 4761 xu,
1078 4695 1162 4750 cui
1202 4697 1455 4766 pra‘sedit
1494 4693 1883 4766 Firmiliauus}
1914 4696 1979 4749 de
1999 4712 2105 4766 qua
2131 4697 2253 4752 vide

690 4768 980 4824 Baronium
1007 4767 1073 4819 ad
1097 4763 1294 4821 animm
1333 4765 1533 4820 Christi
1564 4763 1672 4818 εδει
1697 4774 1749 4819 et
1771 4764 1898 4819 266.

763 4838 874 4909 (l7)
905 4838 1057 4909 Kao:
1076 4836 1167 4891 ὅν.
1198 4835 1490 4909 Subaudiri
1534 4843 1712 4909 potest
1749 4834 1959 4909 καιρόν,
1987 4837 2254 4909 quomodo

693 4904 838 4978 loqui
868 4907 1307 4978 soletEusebius.
1338 4904 1491 4971 Quod
1510 4907 1555 4958 si
1585 4904 1707 4974 quis
1735 4904 2075 4978 Δὺρηλιανόν
2104 4906 2256 4978 malit

693 4976 994 5048 intelligere
1018 5019 1034 5045 ,
1090 4977 1340 5048 equidem
1378 4989 1486 5028 non
1538 4976 1883 5048 magnOpere'
1919 4976 2251 5047 repugnabo.

695 4992 1034 5048 intelligere,
1090 4992 1340 5047 equidem
1378 4992 1486 5028 non
1538 4992 1866 5098 magno‘pere
1919 4992 2251 5047 repugnabo.

695 5047 803 5103 Sed
839 5063 905 5102 ex
942 5048 1027 5102 his
1061 5048 1241 5102 verbis
1274 5047 1324 5099 id
1363 5053 1573 5100 tantum
1624 5060 1725 5098 con
1773 5047 1817 5099 ci
1862 5054 2058 5115 potest,
2093 5060 2258 5116 syno-

644 5139 655 5145 ·
696 5121 821 5175 dum
876 5118 1269 5172 Antiochenam
1313 5116 1538 5169 exordio
1584 5117 1920 5186 principatus
1972 5116 2252 5170 Aureliani

697 5189 1007 5257 contigisse.
1034 5187 1264 5241 Proinde
1292 5200 1396 5238 non
1421 5187 1696 5257 assentior
1718 5185 1974 5257 Beronio,
2004 5186 2097 5257 qui
2119 5186 2258 5240 hanc

699 5252 963 5331 synodum
988 5258 1152 5312 refert
1184 5270 1327 5308 anno
1358 5270 1392 5331 ιι
1423 5252 1721 5331 Aureliani.
1750 5254 1855 5331 §ed
1886 5252 2104 5331 Baro—aii
2130 5268 2257 5309 sen-

699 5324 923 5384 tentiam
954 5342 1175 5396 prorsus
1209 5328 1407 5396 evertit
1431 5325 1720 5396 concilium
1753 5324 2102 5396 Ephesiuum,
2129 5339 2250 5395 pag.

697 5399 828 5463 ἥδ,
856 5394 1178 5453 ιιὶιίῬιιυίιιε
1210 5394 1600 5450 Samosatenus
1628 5394 1913 5463 damnatus
1939 5395 2140 5449 dicitur
2168 5394 2261 5447 an-

702 5482 755 5524 te
785 5483 958 5523 annos
986 5475 1202 5521 centum
1232 5475 1287 5519 et
1315 5466 1617 5535 sexaginta.
1668 5462 1760 5517 Sic
1804 5466 1945 5519 enim
1967 5533 1977 5535 μ
1999 5466 2160 5518 habet
2195 5464 2261 5518 li-

702 5537 875 5593 bellus
920 5536 1336 5593 coutestationis
1375 5533 1504 5589 ele’ri
1529 5533 2118 5604 Constantinopolitani
2155 5550 2253 5603 pu-

701 5608 839 5663 blice
874 5610 927 5663 in
963 5607 1203 5663 Ecclesia
1245 5604 1592 5676 propositus,
1616 5605 1764 5676 good
1805 5603 2088 5659 Nestorius
2121 5605 2261 5676 ejus-

700 5681 816 5733 dem
847 5680 1121 5734 sententia:
1146 5678 1214 5732 sit
1247 5672 1366 5730 cuni
1400 5672 1577 5731 Paulo
1603 5672 1968 5740 Samosateno,
1997 5682 2118 5730 ante
2145 5672 2258 5728 ἀη-

2356 4419 2704 4490 nemadimit
2740 4418 2966 4488 epistola
3012 4419 3274 4490 synodica
3331 4419 3556 4490 Patrum
3598 4410 3882 4490 Antiochfni

2351 4489 2592 4552 concilii,
2617 4503 2739 4557 qua:
2768 4481 2930 4543 inissa
2959 4481 3083 4542 esse
3106 4490 3306 4543 dicitur
3333 4490 3398 4542 ad
3456 4487 3763 4557 Dionysium
3795 4481 3887 4557 βο-

2354 4573 2570 4612 manum
2612 4552 2947 4627 episc0pnm.
2981 4557 3113 4613 Cum
3165 4558 3312 4613 enim
3350 4568 3566 4613 constet
3598 4552 3881 4627 Dionysium

2352 4642 2569 4698 papam,
2610 4624 2879 4698 mortuum
2922 4642 3043 4683 esse
3079 4629 3365 4685 consulatu
3397 4628 3604 4683 Claudii
3633 4637 3686 4681 et
3722 4624 3881 4678 Pater.

2356 4696 2519 4751 ni'vu
2546 4697 2660 4753 Cal.
2714 4696 3018 4759 Ianuarias.
3049 4699 3341 4754 concilium
3379 4699 3764 4753 Antiochenum
3814 4703 3884 4743 se-

2355 4769 2469 4822 rius
2507 4768 2731 4822 omnino
2787 4770 3106 4838 congregari
3161 4783 3271 4823 non
3305 4770 3501 4838 potuit.
3544 4770 3611 4822 At
3652 4760 3880 4821 Baronius

2354 4837 2445 4909 ιιιιί
2479 4838 2770 4909 concilium
2809 4836 3215 4909 Antiochenam
3276 4836 3491 4893 confert
3540 4839 3807 4909 insanum
3835 4840 3880 4909 ,ιι

2353 4907 2658 4969 Aureliani.
2691 4921 2915 4962 necesse
2947 4907 3141 4963 habuit
3174 4908 3552 4977 pontificatum
3587 4902 3807 4977 Dionysii
3835 4902 3877 4951 in

2355 4991 2476 5030 eum
2507 4992 2677 5045 usque
2708 4992 2908 5031 annum
2954 4970 3270 5045 producere.
3319 4987 3507 5033 contra
3538 4977 3697 5045 fidem
3720 4970 3874 5045 'libro-_

2358 5061 2476 5099 rum
2510 5037 2899 5114 pontificalium
2948 5037 3165 5103 Damasi
3191 5037 3576 5102 et‘Anastasii.
3606 5044 3734 5112 Quid
3759 5037 3876 5114 (111091

2360 5107 2523 5171 ιιιιιιο’
2544 5116 2903 5190 u_Aur_eliani
2923 5117 3120 5172 bellum
3147 5120 3199 5171 iu
3222 5118 3446 5190 Oriente
3476 5107 3681 5190 gestum
3706 5107 3785 5190 est

2355 5200 2547 5241 versus
2580 5187 2898 5250 Z‘enobiam,
2937 5197 3093 5256 capta
3151 5202 3275 5242 cum
3323 5187 3445 5242 aliis
3470 5183 3688 5242 urbibus
3719 5183 3876 5237 Antio-

2357 5256 2505 5319 chia,
2534 5258 2669 5328 adeo
2721 5267 2780 5310 ut
2813 5258 3055 5328 synodus
3102 5259 3480 5328 episcoporum
3516 5272 3583 5312 eo
3612 5267 3741 5310 anno
3778 5261 3877 5304 con-

2358 5327 2567 5395 gregari
2605 5340 2709 5379 non
2746 5327 3004 5393 potuerit.

2428 5395 2539 5464 (ιδ)
2572 5391 2877 5465 Malliana
2912 5396 3170 5451 Leontius
3192 5397 3245 5451 in
3282 5397 3423 5451 libro
3450 5394 3684 5452 iContra
3723 5391 3875 5465 Νςξιᾳ-

2360 5457 2529 5536 τξιιήι,
2545 5457 3032 5536 atl‘ert'i‘ragmenta
3048 5468 3291 5535 quaedam
3317 5482 3383 5522 ex
3401 5468 3748 5536 disputatione
3764 5457 3873 5536 Hal:

2359 5524 2573 5588 chioois
2624 5524 2883 5590 adversus
2938 5524 3162 5590 Paulum
3240 5524 3692 5592 Samosatensem.
3748 5524 3872 5599 Λριέά

2360 5604 2749 5658 Theodoritum
2802 5605 2856 5658 in
2912 5604 3006 5661 lib.
3036 5622 3071 5661 ιι
3123 5609 3512 5662 Ηωνειὶεαηιηι
3566 5605 3871 5660 Fabulor“,

2359 5673 2646 5747 Μολαχίων
2679 5675 2942 5732 scribitur
2982 5679 3265 5733 mendose.
3308 5678 3407 5733 llic
3453 5693 3519 5735 ex
3551 5674 3873 5734 confutationo
