4132 6418
319 329 421 388 709

1319 335 1670 392 lllS'l'Olil/E
1712 337 2265 394 ECCLESlASTlCIE
2308 338 2436 392 ΜΒ.
2480 336 2593 393 Ἧι.
2663 365 2674 376 ·

3479 345 3582 399 710

316 450 394 510 είς
422 448 656 518 Χριστὸν
705 453 940 516 πίστεως
966 454 1296 524 γνηςιότητα
1317 495 1330 516 ,
1382 457 1776 528 πρεσϐυτερίου
1808 459 1874 528 τῆ

2012 459 2132 513 tidei
2163 460 2327 529 279
2380 460 2709 514 Christianae
2765 459 3160 530 sinceritatem,
3216 461 3269 516 in
3319 461 3439 530 ejus
3475 461 3580 516 loci

314 539 502 594 αὐτόθι
545 545 836 613 παροικίας
855 545 1154 617 ἠξιωμένος
1176 563 1190 577 ⁸
1231 540 1386 612 οὗτός
1409 549 1473 616 γέ
1505 567 1583 601 τοι
1613 552 1903 620 ἐπισημει-

309 630 558 700 ουμένων
599 634 996 705 ταχυγρὰςτων,
1029 637 1256 706 ζήτησιν
1285 639 1421 707 πρὸς
1453 639 1612 692 αὑτὸν
1639 641 1901 710 ἐνστησά-

315 739 477 793 μενος
502 725 568 794 ἢν
595 728 688 778 καὶ
711 728 789 790 είς
809 727 967 798 δεῦρο
990 728 1297 800 φερομένην
1324 727 1504 799 ἴσμεν,
1531 730 1692 799 μόνος
1715 731 1899 801 ἴσχυσε

309 811 419 864 τῶν
468 813 642 866 ἄλλων
693 816 985 886 κρυψίνουν
1028 817 1158 871 ὅντα
1196 819 1288 872 καὶ
1336 818 1612 890 ἀπατηλὸν
1667 823 1930 893 φοράσαι-

309 904 402 956 τόν
435 905 740 976 ἄνθρωπον.

852 1000 1246 1052 ΚΕΦΑΛΛΙΟΝ
1278 1002 1354 1055 Λ’.

309 1095 449 1161 Περὶ
473 1093 745 1160 τῆςκατὰ
780 1094 1022 1146 Παύλου
1039 1092 1370 1158 ἐπιστολῆς
1401 1094 1522 1149 τῶν
1551 1097 1896 1152 ἐπισκόπων

707 1164 846 1233 (Nic.
877 1163 946 1215 Il.
978 1164 1037 1216 ις.
1067 1180 1140 1224 γι,
1172 1164 1263 1224 ea,
1304 1165 1416 1230 ao).

381 1253 528 1310 Μίαν
560 1254 623 1326 δὴ
653 1252 745 1308 οὖν
772 1256 836 1307 ἐκ
870 1258 1053 1325 κοινῆς
1086 1255 1311 1327 γνώμης
1344 1259 1390 1310 οἱ
1425 1259 1516 1311 ἐπὶ
1549 1260 1713 1312 ταύτὸ
1757 1277 1892 1329 συγ-

306 1347 697 1418 κεκροτημένοι
736 1347 990 1416 ποιμένες
1027 1347 1450 1419 διαχαράξαντες
1491 1352 1776 1423 ἐπιστολὴν
1816 1357 1893 1419 εἰς

307 1439 601 1510 πρόσωπον
663 1438 752 1491 τοῦ
805 1456 863 1492 τε
907 1439 1192 1509 Ῥωμαίων
1246 1443 1546 1495 ἐπισκόπου
1588 1445 1888 1510 Διονυσίου,

304 1532 401 1586 καὶ
427 1531 678 1601 Μαξίμου
712 1531 804 1584 τοῦ
837 1533 957 1585 κατ’
997 1533 1420 1605 Ἀλεξάνδρειαν,
1451 1537 1541 1588 ἐπὶ
1575 1538 1752 1602 πάσας
1786 1539 1894 1592 δια-

303 1623 612 1694 πέμπονται
661 1624 758 1686 τὰς
807 1624 1108 1695 ἐπαρχίας,
1145 1625 1241 1696 τὴν
1280 1627 1456 1678 αὐτῶν
1500 1629 1731 1699 σπουδὴν
1778 1634 1891 1694 τοῖς

303 1717 440 1769 πᾶσι
473 1717 710 1787 φανερὰν
741 1716 1112 1781 καθιετάντες,
1160 1719 1251 1771 καὶ
1283 1722 1375 1771 τοῦ
1406 1720 1618 1774 Παύλου
1654 1721 1748 1792 τὴν
1775 1723 1889 1776 διά-

304 1825 537 1879 στροφον
583 1809 937 1879 ἐτεροδοξίαν,
984 1811 1238 1881 ἐλέγχους
1279 1830 1338 1865 τε
1379 1813 1470 1865 καὶ
1498 1815 1791 1885 ἐρωτήσεις
1822 1815 1886 1879 ἃς

2009 551 2246 606 Ecclesia
2286 551 2610 621 presbyterii
2652 552 2909 604 honorem
2939 561 3055 604 erat
3105 561 3449 609 consecutus.
3486 553 3586 608 llic

2007 641 2174 711 igitur
2209 643 2473 697 adversus
2508 642 2734 696 Paulum
2772 652 3023 711 suscepta
3067 643 3450 712 disputatione,
3483 661 3580 700 ex-

2004 733 2333 800 cipientibus
2366 745 2560 787 cuncta
2601 735 2834 788 notariis
2861 744 3003 802 (qum
3035 736 3252 804 quidem
3288 737 3581 804 disputatio

2001 825 2294 879 etiamnum
2331 827 2570 896 exstat),
2605 829 2849 883 occultos
2910 829 3148 883 hominis
3197 843 3390 884 sensus
3430 830 3580 885 frau-

2001 917 2204 986 desque
2232 917 2490 986 detegere
2513 919 2662 973 solus
2691 919 2930 972 omnium
2965 921 3157 973 valuit.

2570 1011 2796 1066 CAPUT
2837 1011 3006 1065 XXX.

2280 1101 2356 1157 De
2379 1103 2601 1172 epistola
2638 1105 2829 1173 synodi
2859 1118 3042 1158 contra
3078 1104 3326 1161 Paulum.

2069 1260 2269 1316 Omnes
2310 1265 2493 1333 itaque
2551 1263 2602 1317 iu
2660 1280 2824 1318 unum
2865 1268 3173 1334 congregati
3245 1269 3522 1324 antistites
3555 1311 3572 1336 ,

1999 1369 2158 1407 unatn
2193 1369 2259 1408 ex
2291 1356 2566 1409 comnmni
2590 1358 2858 1411 sententia
2885 1360 2951 1412 ad
2982 1359 3291 1428 Dionysium
3315 1359 3574 1416 Romana:

1996 1445 2149 1499 urbis
2179 1445 2523 1514 episcopum,
2581 1454 2636 1500 et
2685 1446 2750 1499 ad
2804 1447 3095 1502 Maximum
3147 1449 3572 1504 Alexandrinum

1995 1537 2337 1604 scripserunt
2380 1537 2666 1607 epistolam
2707 1579 2722 1602 ,
2758 1554 2988 1608 eamque
3037 1541 3101 1592 ad
3139 1556 3326 1595 omnes
3381 1542 3575 1596 deinde

1995 1628 2306 1698 provincias
2334 1631 2780 1693 transmiserunt,
2818 1641 2928 1684 tum
2966 1641 3019 1684 ut
3054 1633 3289 1686 studimn
3325 1649 3480 1687 suum
3510 1650 3574 1688 ac

1993 1717 2326 1786 diligentiam
2383 1718 2636 1772 omnibus
2677 1720 3043 1787 declararent,
3100 1731 3211 1774 tum
3254 1733 3307 1776 ιιι
3344 1738 3572 1793 perver-

1994 1826 2110 1864 sum
2143 1811 2295 1866 Pauli
2322 1813 2539 1883 dogma,
2594 1813 2998 1868 confutationes
3037 1829 3254 1884 quoque
3284 1826 3338 1868 et
3379 1816 3568 1884 dispu-

304 1895 442 1966 πρὸς
485 1895 648 1949 αὑτὸν
691 1897 1148 1966 ἀνακεκινήκασι,
1186 1899 1279 1952 καὶ
1313 1900 1390 1953 ἔτι
1423 1901 1513 1954 τὸν
1553 1905 1727 1956 πάντα
1777 1905 1877 1974 βίον

1993 1905 2223 1956 lationes
2253 1904 2514 1958 adversus
2545 1904 2695 1958 illum
2734 1905 2970 1970 habitas,
3001 1915 3366 1974 cunctamque
3395 1907 3573 1959 homi-

299 2003 359 2040 τε
393 1988 489 2040 καὶ
527 1986 727 2058 τρόπον
765 1988 857 2042 τοῦ
897 1989 1087 2060 ἀνδρὸς
1126 1990 1472 2061 διηγούμενοι
1499 2009 1510 2021 ·
1549 1994 1609 2057 ἐξ
1637 1987 1710 2046 ὧν
1745 1996 1882 2066 μνή-

303 2096 411 2149 μης
445 2079 630 2132 ἕνεκεν
658 2080 837 2144 καλῶς
866 2080 930 2134 ἂν
947 2081 1052 2152 ἔχοι
1073 2081 1274 2146 ταύτας
1303 2084 1480 2137 αὐτῶν
1505 2087 1594 2138 ἐπὶ
1623 2086 1715 2139 τοῦ
1746 2105 1886 2159 παρ-

298 2172 453 2233 όντος
496 2171 724 2225 διελθεῖν
767 2172 863 2236 τὰς
907 2176 1117 2242 φωνάς’

374 2285 392 2313 ι
419 2265 675 2335 Διονυσίῳ
693 2265 782 2318 καὶ
800 2266 1034 2337 Μαξίμῳ
1051 2268 1142 2320 καὶ
1159 2270 1268 2330 τοῖς
1287 2269 1425 2322 κατὰ
1443 2269 1539 2340 τὴν
1557 2272 1705 2324 οίκου
1714 2273 1882 2344 μένην

298 2355 435 2407 πᾶσι
452 2355 877 2426 συλλειτουργοῖς
892 2359 1044 2428 ἡμῶν
1058 2360 1375 2423 ἐπισκόποις
1392 2362 1484 2415 καὶ
1498 2363 1763 2434 πρεσϐυτέ
1773 2384 1883 2434 ροις

296 2448 392 2500 καὶ
423 2448 710 2512 διακόνοις,
746 2449 840 2502 καὶ
863 2452 1007 2521 πάσῃ
1037 2455 1102 2522 τῇ
1137 2453 1237 2505 ὑπὸ
1259 2453 1348 2506 τὸν
1372 2455 1598 2522 οὐρανὸν
1621 2457 1878 2530 καθολικῇ

308 2537 628 2611 Ἐκκλησία,
657 2540 873 2603 Ἕλενος
898 2542 992 2595 καὶ
1021 2543 1326 2612 Ὑμέναιος,
1363 2547 1456 2598 καὶ
1483 2546 1757 2616 Θεόφιλος,
1789 2551 1883 2604 καὶ

296 2630 612 2696 Θεότεκνος,
633 2633 1006 2704 καὶΜὸἑιμος,
1028 2636 1289 2706 Πρόκλος,
1309 2638 1558 2708 Νικόμας
1577 2641 1666 2693 καὶ
1697 2642 1882 2695 Αἰλια-

295 2724 386 2789 νὸς
405 2726 640 2795 (19),κα“ι
656 2727 885 2791 Παῦλος,
905 2728 997 2780 καὶ
1017 2727 1281 2793 Βώλανος,
1301 2730 1761 2804 καὶΠρωτογένης
1790 2735 1882 2787 καὶ

306 2817 505 2888 Ἱέραξ,
527 2820 619 2871 καὶ
643 2818 918 2889 Εὐτὺχιος,
935 2820 1028 2873 καὶ
1057 2820 1352 2892 Θεόδωρος,
1381 2823 1475 2875 καὶ
1490 2823 1770 2893 Μαλχίων.
1792 2826 1880 2877 καὶ

296 2908 547 2971 Λούκιος,
567 2908 660 2960 καὶ
693 2911 740 2960 οἱ
771 2908 945 2961 λοιποὶ
969 2910 1167 2972 πάντες
1191 2913 1238 2962 οἱ
1277 2911 1372 2963 σὺν
1403 2913 1534 2982 ἡμῖν
1559 2915 1881 2984 παροικοῧνο

295 3017 388 3062 τες
401 3000 500 3062 τὰς
515 3001 679 3067 ἐγγὺς
701 3000 880 3064 πόλεις
902 3001 993 3053 καὶ
1019 3001 1144 3071 ἔθνη
1163 3001 1452 3056 ἐπίσκοποι
1474 3005 1566 3056 καὶ
1581 3005 1881 3074 πρεσϐύτε-

297 3110 403 3164 ροι,
438 3092 533 3145 καὶ
564 3092 817 3150 διάκονοι.
857 3094 950 3146 καὶ
991 3095 1045 3146 αἱ
1084 3093 1397 3165 Ἑκκλησίαι
1434 3094 1544 3166 (20)
1590 3097 1681 3149 τοῦ
1721 3097 1854 3151 Θεοῦ

296 3188 603 3256 ἀγαπητοῖς
631 3185 878 3252 ἀδελφοῖς
899 3187 955 3239 ὲν
987 3185 1174 3256 Κυρίῳ
1196 3187 1428 3256 χαίρειν.
1458 3205 1475 3237 ι
1503 3187 1722 3252 Τούτοις
1742 3187 1878 3258 μετὰ

297 3279 507 3349 βραχέα
549 3277 860 3346 ἐπιλέγουσι
908 3277 1111 3330 ταῦτα·
1160 3297 1177 3328 ι
1204 3279 1622 3351 Ἐπεστέλλομεν
1662 3282 1718 3335 δὲ
1761 3284 1876 3354 ἅμα

293 3370 391 3426 καὶ
413 3371 832 3442 παρεκαλοῦμεν
863 3369 1087 3433 πολλοὺς
1119 3370 1212 3423 καὶ
1254 3370 1361 3424 τῶν
1399 3373 1616 3444 μακρὰν
1652 3375 1874 3427 ἐπισκό-

296 3482 412 3517 πων
434 3504 447 3528 ,
490 3465 581 3516 ἐπὶ
613 3463 709 3533 τὴν
742 3463 1035 3534 θεραπείαν
1073 3466 1171 3534 τῆς
1214 3464 1588 3536 θανατηφόρου
1619 3467 1873 3522 διδασκα-

290 3553 432 3616 λίας,
461 3552 649 3623 ὥσπερ
669 3552 762 3604 καὶ
784 3551 1055 3604 Διονύσιον
1081 3553 1170 3605 τὸν
1202 3554 1292 3605 ἐπὶ
1317 3555 1414 3623 τῆς
1451 3554 1874 3627 Ἀλεξανδρείας,

292 3646 751 3717 παὶΦιρμιλιανὸν
784 3645 873 3698 τὸν
899 3645 1006 3697 ἀπὸ
1039 3647 1136 3715 τῆς
1164 3645 1581 3709 Καππαδοκίας,
1613 3649 1738 3710 τους
1775 3667 1876 3719 μα-

291 3740 552 3808 καρίτας·
584 3733 657 3792 ὧν
693 3741 720 3792 ό
773 3739 868 3808 μὲν
909 3736 1220 3790 ἐπέστειλεν
1262 3740 1341 3801 εἰς
1384 3738 1481 3808 τὴν
1525 3740 1871 3810 Ἀντιόχειαν,

290 3832 384 3885 τὸν
425 3831 668 3902 ἡγεμόνα
696 3834 795 3902 τῆς
827 3831 1034 3900 πλάνης
1067 3829 1185 3882 οὐδὲ
1230 3832 1584 3902 προσρήτεως
1612 3831 1870 3897 ἀξιώσας,

293 3925 413 3978 οὐδὲ
452 3923 588 3995 πρὸς
639 3924 927 3995 πρόσωπον
974 3922 1191 3994 γράψας
1238 3921 1388 3991 αὖτῴ
1435 3922 1580 3993 (2¹)ν
1627 3923 1764 3976 ἀλλὰ
1807 3927 1871 3995 τῇ

291 4019 557 4090 παροικίᾳ
591 4017 738 4088 πάσῃ
776 4013 843 4090 ἧς
887 4017 980 4069 καὶ
1023 4015 1085 4068 τὸ
1124 4015 1456 4086 ἀντίγραφον
1497 4015 1870 4086 ὑπετάξαμεν

290 4113 320 4166 ὁ
351 4110 406 4162 δὲ
445 4109 794 4182 Φιρμιλιανὺς
827 4110 920 4162 καὶ
963 4108 1052 4173 δὶς
1086 4107 1445 4178 ἀφικόμενος,
1492 4106 1735 4174 κατέγνω
1772 4108 1871 4178 μὲν

289 4202 398 4257 τῶν
452 4202 542 4255 ὑπ’
587 4201 796 4254 ἐκείνου
849 4199 1382 4270 καινοτομουμένων,
1443 4198 1518 4262 ὡς
1571 4199 1726 4268 ἴσμεν
1782 4200 1876 4252 καὶ

293 4293 679 4367 μαρτυροῦμεν
700 4294 748 4346 οἱ
773 4293 1223 4365 παραγενόμενοι,
1254 4294 1348 4346 καὶ
1369 4291 1516 4346 ἄλλοι
1547 4293 1731 4346 πολλοὶ
1759 4311 1875 4346 συν-

293 4387 490 4450 ίσασιν,
521 4385 987 4456 ἐπαγγειλαμένου
1029 4386 1082 4439 δὲ
1129 4385 1548 4456 μεταθήσεσθαι,
1578 4385 1873 4449 πιστεύσας

289 4481 385 4535 καὶ
417 4480 644 4543 ἐλπίσας
671 4481 798 4535 ἄνευ
828 4478 973 4542 τινὸς
1005 4497 1068 4532 πε
1079 4479 1130 4550 ρὶ
1165 4479 1255 4531 τὸν
1285 4478 1440 4547 λόγον
1469 4478 1730 4548 λοιδορίας
1759 4478 1870 4547 (⁸22)

1989 1994 2072 2049 nis
2099 1995 2267 2048 vitam
2311 2011 2372 2049 ac
2411 2013 2588 2050 mores
2630 2008 2987 2066 exponerent.
3024 1997 3194 2052 Porro
3232 1998 3462 2068 ipsumet
3498 1999 3566 2052 il-

1986 2087 2162 2140 lorum
2194 2088 2382 2152 verba,
2413 2089 2478 2140 ad
2531 2099 2840 2156 perpetuam
2875 2100 3212 2158 posterorum
3249 2093 3566 2145 memoriam

1986 2196 2090 2233 non
2126 2181 2523 2233 incommodum
2557 2181 2721 2234 fuerit
2757 2181 2845 2236 hic
2877 2181 3104 2236 referre.

2061 2290 2079 2323 ι
2119 2272 2373 2342 Dionysio
2403 2283 2456 2325 et
2480 2271 2734 2334 Maximo,
2768 2280 2822 2326 et
2853 2272 3104 2326 omnibus
3133 2286 3228 2341 per
3248 2272 3566 2326 universum

1984 2364 2168 2419 orbem
2193 2365 2584 2418 comministris
2615 2364 2836 2426 nostris,
2869 2363 3142 2432 episcopis
3165 2403 3179 2426 ,
3222 2365 3567 2434 presbyteris

1984 2467 2036 2512 et
2067 2458 2351 2518 diaconis;
2415 2467 2467 2509 et
2513 2456 2776 2509 universa:
2808 2454 3064 2509 Ecclesia:
3117 2455 3411 2510 catholicae
3444 2472 3566 2526 qua:

1985 2547 2083 2601 sub
2112 2547 2249 2601 caelo
2279 2556 2379 2608 cst,
2417 2544 2648 2598 llclenus
2676 2552 2729 2597 et
2774 2542 3120 2612 llymenams,
3172 2542 3512 2609 Theophilus
3543 2583 3559 2609 ,

1985 2638 2343 2702 'l‘heotecnus,
2370 2639 2657 2701 Maximus,
2681 2637 2965 2698 Proculus,
2987 2635 3262 2698 Nicomas,
3292 2635 3565 2708 Elianus,

1986 2731 2202 2797 Paulus,
2227 2731 2487 2794 Bolanus,
2529 2730 2866 2797 Protogenes
2893 2767 2908 2792 ,
2963 2725 3162 2780 llierax
3191 2766 3207 2790 ,
3239 2727 3566 2797 liutycbius,

1983 2823 2298 2878 Theodorus
2328 2833 2381 2877 et
2408 2822 2697 2887 Malchiou,
2732 2820 3026 2880 etLucius,
3058 2827 3112 2872 et
3149 2807 3340 2887 reliqui
3376 2833 3564 2873 Omnes

1982 2916 2070 2982 qui
2111 2915 2394 2969 nobiscum
2424 2921 2549 2966 sunt
2577 2913 2878 2965 vicinarum
2912 2911 3124 2963 urbiutn
3155 2921 3209 2964 et
3241 2910 3557 2979 provincia-

1984 3023 2099 3060 rum
2155 3006 2413 3075 episc0pi,
2450 3004 2755 3074 presbyteri
2812 3017 2876 3056 ac
2915 3001 3165 3067 diaconi;
3217 3014 3268 3056 et
3310 3001 3566 3057 Ecclesiae

1986 3099 2100 3165 Dei,
2151 3097 2492 3152 charissimis
2551 3095 2817 3150 fratribus
2851 3095 2902 3148 in
2963 3093 3190 3148 Domino
3241 3094 3498 3148 salutem.
3537 3114 3558 3148 ι

1983 3191 2176 3246 Paucis
2209 3190 2402 3244 deinde
2432 3189 2756 3257 interiectis,
2778 3188 3260 3257 hmc'subjungunt
3290 3203 3303 3240 :
3345 3205 3365 3238 ι
3406 3186 3556 3242 Scri-

1983 3283 2189 3351 psimus
2243 3283 2408 3335 etiam
2441 3281 2506 3335 ad
2542 3280 2854 3351 complures
2897 3280 3180 3349 episcopos
3214 3279 3427 3349 longius
3452 3280 3560 3334 dis-

1983 3375 2138 3437 sitos,
2164 3387 2367 3441 eosque
2397 3372 2601 3426 hortati
2634 3386 2827 3425 sumus
2873 3379 2931 3423 ut
2979 3370 3044 3424 ad
3085 3369 3321 3423 exitialis
3359 3369 3563 3423 doctri-

1986 3481 2066 3520 nte
2090 3465 2336 3520 morbum
2359 3465 2657 3518 curandum
2689 3464 3034 3517 accederent.
3066 3461 3198 3514 Nam
3239 3469 3294 3514 et
3331 3461 3396 3514 ad
3430 3460 3559 3515 Dio-

1979 3558 2191 3627 nysium
2243 3556 2696 3622 Alexandrinum,
2730 3565 2788 3610 et
2825 3555 2890 3608 ad
2941 3555 3316 3610 Firmilianum
3347 3553 3562 3624 Cappa-

1979 3649 2150 3704 docia:
2173 3648 2691 3712 antistitem,beata:
2723 3646 3117 3701 recordationis
3142 3648 3310 3712 viros,
3344 3645 3557 3701 litteras

1977 3739 2243 3793 dedimus.
2279 3738 2518 3804 Quorum
2552 3736 2640 3790 ille
2669 3735 2888 3804 scripsit
2915 3736 3132 3802 quidem
3161 3735 3507 3789 Antiochiam
3536 3759 3551 3806 ;

1979 3831 2069 3886 sed
2093 3829 2297 3885 erroris
2327 3828 2520 3883 ducem
2558 3846 2623 3882 ne
2676 3828 3003 3882 salutatione
3051 3828 3270 3896 quidem
3305 3827 3556 3897 dignatus

1980 3931 2098 3988 est;
2134 3935 2313 3990 neque
2359 3921 2425 3975 ad
2472 3936 2594 3974 eum
2638 3920 2980 3982 nominatim,
3019 3934 3203 3971 verum
3235 3922 3300 3971 ad
3334 3919 3553 3972 univer-

1979 4030 2092 4070 sam
2119 4013 2563 4068 Antiochensium
2597 4011 2898 4066 Ecclesiam
2943 4011 3154 4066 litteras
3187 4027 3312 4065 suas
3332 4011 3552 4074 direxit,

1976 4123 2206 4176 quarum
2238 4107 2404 4161 etiam
2433 4107 2737 4174 exemplum
2766 4104 2852 4159 hic
2890 4104 3240 4170 subjecimus.
3281 4103 3554 4160 Firmilia—

1975 4212 2076 4256 nus
2097 4216 2229 4256 vero
2260 4215 2382 4254 cum
2419 4199 2504 4254 bis
2555 4197 2906 4252 Antiochiam
2956 4197 3192 4250 venisset
3218 4238 3232 4261 ,
3268 4196 3555 4254 damnavit

1977 4293 2196 4361 quidem
2252 4289 2523 4359 dogmatis
2554 4289 2622 4341 ab
2659 4287 2752 4341 illo
2803 4285 2998 4341 invecti
3031 4287 3352 4349 novitatem,
3379 4296 3438 4340 ut
3468 4300 3552 4342 te-

1979 4393 2187 4438 stamur
2213 4371 2378 4453 280
2412 4397 2511 4436 nos
2551 4381 2644 4450 qui
2673 4379 2965 4444 adfuimus,
2991 4387 3046 4433 et
3095 4379 3186 4435 alii
3219 4380 3400 4448 plures
3425 4396 3553 4451 per-

1981 4478 2108 4530 inde
2148 4494 2210 4530 ac
2249 4453 2348 4530 nos
2402 4475 2606 4543 optime
2641 4484 2864 4527 norunt.
2893 4471 3000 4527 Sed
3039 4487 3161 4526 cum
3199 4473 3287 4528 ille
3319 4482 3553 4528 mutatu-

290 4619 439 4674 Pauli
483 4617 822 4672 Samosaleni
859 4626 1060 4670 tantam
1113 4617 1340 4685 gloriam
1377 4618 1587 4679 retulit,
1614 4625 1675 4669 ut
1705 4632 1767 4670 ea
1798 4613 1865 4668 de
1894 4617 1944 4675 ι)
1970 4626 2112 4667 settle
2144 4615 2299 4666 etiam
2319 4613 2488 4685 plebis
2504 4612 2744 4685 maxima
2783 4622 2955 4680 parte,
2997 4621 3104 4662 etc.
3157 4608 3303 4663 ldem
3350 4609 3548 4680 legitur

290 4705 451 4744 causa
481 4689 534 4742 in
565 4688 883 4755 menologiis
911 4687 1221 4742 Graecorum
1246 4687 1501 4742 meruerit
1529 4688 1863 4752 consecrari,

294 4761 382 4813 die
412 4774 581 4812 xxvm
611 4759 883 4812 Octobris.

336 4776 382 4812 le
412 4774 581 4812 XXVIII
611 4773 883 4812 UCIODI‘IS.

421 4828 473 4861 n\
517 4828 789 4861 Διἰιηνιζη
839 4828 980 4861 ὶῖιιῐη
1059 4828 1363 4861 ΑῐοηῖοηυΑρ-
1418 4828 1473 4861 1η
1516 4828 1666 4861 οηιῖιι-
1710 4828 1774 4861 M-

293 4986 400 5040 que
434 4969 712 5024 jEliamtm
741 4977 920 5031 vocat,
954 4981 1115 5037 atque
1157 4971 1232 5024 ita
1285 4969 1415 5040 fere,
1441 4967 1773 5040 Nicephorus
1804 4977 1872 5040 _ct

295 5037 606 5112 Syncellus.
630 5040 900 5112 Caeterum
924 5039 1517 5112 Athanasius_in_libro_
1543 5037 1616 5095 De
1644 5038 1862 5112 synodi:

295 5108 520 5166 Arimini
570 5121 617 5163 et
674 5110 952 5169 Seleuciw,
989 5119 1218 5163 testatur
1261 5109 1312 5162 in
1353 5110 1454 5163 hac
1487 5108 1705 5177 Synodo
1755 5124 1854 5161 va

294 5183 465 5237 fuisse
489 5182 678 5236 Patres
733 5181 824 5249 qui
865 5178 1088 5232 Paulum
1129 5179 1567 5233 Samosatensem
1600 5179 1867 5245 deposue-

295 5263 443 5307 l’lllll.

363 5320 479 5387 (ΞΟ)
524 5322 874 5374 Ἐπίσκοποι
899 5318 1000 5372 καὶ
1036 5319 1422 5387 πρεσϐύτεροι
1451 5317 1546 5369 καὶ
1575 5316 1862 5378 διάκονοι,

292 5393 390 5447 καὶ
423 5390 881 5458 αὶἘκκλησιάι.
951 5389 1192 5443 Notanda
1249 5401 1332 5443 est
1387 5389 1650 5458 imprimis
1705 5388 1865 5454 hujus

292 5464 537 5532 epistolae.
575 5457 882 5529 inscriptio,
925 5475 1046 5526 qua:
1070 5475 1178 5512 non
1228 5461 1401 5513 solum
1461 5457 1860 5532 episcoporum,

293 5527 389 5587 sed
430 5527 868 5601 presbyterorum
895 5542 950 5585 et
976 5533 1349 5593 diac0norum,
1383 5529 1724 5601 :ttql_te_ade0
1746 5527 1867 5601 ple-

299 5605 384 5656 bis
417 5596 1124 5671 i'psitts'nomeupraeﬁxum
1178 5601 1439 5671 continuet.
1469 5596 1670 5671 Eodem
1705 5597 1867 5671 plane

295 5666 457 5726 modo
501 5674 557 5726 in
602 5674 746 5725 Actis
803 5666 1235 5738 Cortltattigensis
1275 5669 1483 5736 synodi,
1518 5670 1602 5720 cui
1652 5666 1868 5733 prwfuit

294 5745 601 5812 Cyprianus
629 5757 642 5793 :
673 5742 805 5794 Cum
844 5743 899 5793 in
931 5737 1093 5794 unum
1139 5737 1867 5812 Cartltngine__convenissent

292 5808 523 5885 episcopi
582 5813 820 5883 plurimi,
856 5828 976 5865 cum
1019 5813 1331 5880 presbyteris
1357 5819 1403 5860 et
1437 5808 1704 5872 diaconis,
1728 5823 1865 5875 pra:-

1975 4687 2027 4738 in
2059 4685 2290 4735 concilio
2315 4683 2669 4736 Eliberitatto.

2039 4754 2151 4823 (21)
2177 4752 2330 4805 Οὐδὲ
2359 4753 2509 4819 πρὸς
2533 4751 2858 4823 πρόσωπονξ
2902 4747 3139 4823 γράψας
3387 4749 3544 4805 Falsa

1967 4809 2052 4878 esi
2082 4809 2724 4893 igiturAacsupposititia
2775 4809 3275 4893 epist'ola'Diotiysii
3303 4809 3544 4893 Alexan-
3599 4809 3613 4850 ‘

1968 4889 2113 4948 drini
2143 4895 2211 4947 ad
2245 4889 2467 4945 Paulum
2491 4889 2986 4956 Samosatensem,
3009 4904 3127 4956 qua-
3158 4889 3297 4941 edita
3347 4899 3432 4943 est
3488 4891 3541 4943 in

1971 4975 2117 5019 tomo
2162 4963 2232 5017 XI
2263 4961 2604 5014 Bibliotheca:
2632 4971 2935 5010 sanctorum
2967 4955 3187 5010 I’utrnm
3221 4975 3323 5012 una
3359 4976 3482 5013 cum
3511 4975 3542 5013 x

1967 5033 2433 5105 propositionibus
2500 5029 2646 5105 Pauli
2693 5028 3173 5105 _b‘atnosatcnsis,‘
3203 5040 3258 5105 _et
3300 5030 3541 5105 Dionysii

1965 5097 2032 5158 ad
2064 5097 2159 5160 eas
2191 5101 2653 5169 reSponsionibus.
2693 5097 2826 5169 Nam
2868 5097 3055 5149 Patres
3085 5098 3301 5167 quidem
3345 5097 3534 5152 Antio-

1965 5176 2120 5228 cheni
2159 5166 2400 5232 concilii,
2459 5170 2730 5224 allirmant
2784 5166 3110 5237 Dionysium
3156 5185 3260 5222 non
3323 5170 3542 5223 dedisse

1965 5246 2176 5297 litteras
2206 5244 2272 5294 ad
2327 5241 2574 5301 Paulum,
2613 5239 2706 5291 sed
2758 5247 2963 5289 tantum
2994 5238 3058 5289 ad
3103 5237 3401 5292 Ecclesiam
3432 5241 3540 5290 An-

1966 5315 2319 5368 tiochensem.
2349 5309 2405 5364 ln
2431 5311 2518 5365 illa
2559 5319 2732 5362 autem
2770 5308 2991 5377 cpistola
3023 5323 3142 5372 quae
3175 5308 3410 5376 Dionysii
3442 5323 3539 5360 no-

1965 5386 2110 5436 mine
2139 5383 2412 5450 publicata
2449 5389 2552 5441 est,
2591 5380 2876 5450 Dionysius
2907 5378 2990 5430 bis
3034 5377 3200 5429 Paulo
3253 5378 3541 5450 scripsisse

1964 5448 2181 5512 dicitur.
2222 5453 2326 5505 St'tl
2377 5467 2476 5506 nec
2518 5451 2690 5518 styltts
2745 5448 2986 5517 epistola:
3041 5463 3102 5500 ac
3149 5449 3536 5518 rostratisionis,

1963 5523 2190 5593 reliquis
2227 5523 2464 5590 Dionysii
2521 5517 2763 5593 scriptis
2798 5518 3102 5586 respondet.
3150 5517 3347 5593 itaque
3386 5531 3538 5593 _opus

1964 5586 2097 5648 illud
2129 5586 2492 5646 adulterinum
2533 5605 2674 5651 esse,
2715 5589 2784 5641 ob
2831 5603 2924 5639 eas
2964 5601 3099 5654 quas
3131 5586 3241 5638 dixi
3298 5587 3540 5640 rationes

1963 5666 2096 5718 mihi
2128 5664 2447 5733 persuadeo,
2495 5660 2620 5733 licet
2657 5658 2920 5733 Baronius
2950 5672 3073 5710 eam
3122 5658 3408 5723 epistolam
3442 5672 3540 5727 pro

1963 5750 2089 5788 vera
2123 5730 2187 5787 ac
2221 5745 2473 5799 germana
2507 5730 2539 5782 lt
2565 5730 2780 5799 alitterit.

2035 5805 2146 5875 (22)
2209 5794 2379 5856 Ἄνευ
2428 5801 2587 5864 τινες
2637 5797 2767 5864 πείλὶ
2826 5794 2931 5849 τὸν
2983 5795 3170 5865 λόγον
3212 5795 3533 5866 λοιδορίας.
