4114 6406
281 293 393 350 713

2741 216 2766 244 δ

1257 245 1610 342 tusroma;
1649 282 2207 339 ECCLES‘lASTlC/E
2251 281 2375 336 LIB.
2421 283 2531 337 vn.
3411 286 3514 340 7”,

279 411 384 479 οὐχ
425 410 501 469 ὡς
528 408 760 480 Χριστοῦ
793 406 1062 478 μαθητὴς,
1098 405 1364 476 σήκρητόν
1399 422 1459 456 τε
1494 403 1603 474 (52)
1627 443 1642 467 ,
1667 403 1854 474 ὥσπερ

1960 402 2140 458 studio
2191 412 2557 463 consectatur,
2605 401 2734 455 nihil
2783 401 2925 454 aliud
2959 416 3120 470 quam
3149 403 3360 456 inanem
3394 406 3511 472 glo-

281 503 334 554 oi
389 502 483 554 τοῦ
535 503 736 568 κόσμου
779 501 1034 570 ἄρχοντες
1059 539 1072 560 ,
1126 497 1262 567 ἔχων
1306 515 1365 549 τε
1414 498 1504 550 καὶ
1555 494 1850 566 ὀνομάζων,

290 591 468 644 παίων
499 590 557 642 δὲ
601 593 666 661 τῇ
710 592 850 662 χειρὶ
895 591 983 643 τὸν
1016 591 1217 660 μηρὸν,
1263 591 1356 642 καὶ
1397 589 1458 641 τὸ
1498 588 1644 658 βῆμα
1688 589 1854 658 ἀράτ-

284 700 398 736 των
459 684 570 744 τοῖς
633 681 756 733 ποσὶ
783 720 797 742 ,
861 681 954 733 καὶ
1013 685 1124 742 τοῖς
1187 681 1260 752 μὴ
1328 679 1644 742 ἐπαινοῦσι,
1721 679 1852 749 μηδὲ

287 774 482 844 ὥσπερ
511 776 566 827 ὲν
588 777 698 836 τοῖς
727 773 970 844 θεάτροις
993 773 1329 826 κατασείουσι
1351 775 1468 835 ταῖς
1487 771 1696 833 ὀθόναις
1719 772 1852 840 (55),

294 865 420 935 μηδ’
447 861 678 917 ὲκὸοῶσι
701 879 757 914 τε
797 863 889 914 καὶ
922 861 1229 931 ἀναπηδῶσι
1273 860 1413 913 κατᾶ
1447 861 1513 913 τὰ
1557 860 1696 912 αὐτὰ
1743 861 1853 922 τοῖς

289 957 430 1026 ἀμφ’
491 954 648 1008 αὐτὸν
696 953 1016 1016 στασιώταις
1059 953 1279 1023 ἀνδράσι
1329 971 1386 1005 τε
1443 953 1540 1006 καὶ
1592 952 1849 1021 γυναίοις,

292 1047 549 1116 ἀκόσμως
579 1043 747 1108 οὕτως
779 1044 1165 1116 ἀκροωμένοις,
1194 1045 1305 1106 τοῖς
1334 1043 1376 1094 δ’
1405 1039 1495 1096 οῦν
1528 1044 1604 1106 ὡς
1628 1045 1684 1095 ἐν
1720 1041 1852 1112 οἴκῳ

292 1136 430 1190 Θεοῦ
470 1135 859 1208 σεμνοπρεπῶς
891 1137 984 1188 καὶ
1024 1135 1296 1196 εὐτάκτως
1323 1133 1630 1196 ἀκούουσιν,
1676 1135 1850 1186 ἐπιτι-

296 1227 412 1296 μῶν
446 1229 540 1281 καὶ
578 1228 890 1298 ἐνυϐρίζων,
924 1228 1016 1280 καὶ
1047 1229 1125 1289 εἰς
1155 1229 1279 1290 τοὺς
1310 1225 1640 1288 ἀπελθόντας
1666 1227 1729 1278 ἐκ
1757 1225 1850 1278 τοῦ

294 1314 412 1385 βίου
446 1315 629 1368 τούτου
671 1316 936 1386 παροινῶν
965 1314 1233 1386 ἐξηγητάς
1261 1316 1353 1369 τοῦ
1386 1316 1540 1383 λόγου
1583 1315 1852 1385 φορτικῶς

294 1410 354 1461 ὲν
381 1408 460 1478 τῷ
492 1406 674 1475 κοινῷ,
718 1407 812 1458 καὶ
840 1405 1326 1476 μεγαλορᾕονῶν
1354 1409 1480 1478 περὶ
1503 1406 1722 1469 ἑαυτοῦ,
1754 1423 1852 1459 κα-

294 1497 475 1569 θάπερ
523 1499 625 1551 οὐκ
675 1496 988 1564 ἐπίσκοπος,
1047 1498 1180 1551 ἀλλὰ
1236 1499 1494 1568 σοφιστὴς
1539 1497 1633 1550 καὶ
1687 1497 1846 1565 γόης’

290 1590 542 1658 ψαλμοὺς
580 1590 636 1643 δὲ
664 1590 789 1654 τοὺς
835 1591 934 1660 μὲν
969 1593 1049 1654 εἰς
1089 1591 1179 1643 τὸν
1211 1590 1411 1661 Κύριον
1452 1589 1606 1659 ήμῶν
1647 1587 1850 1659 Ἰησοῦν

292 1681 528 1751 Χριστὸν
574 1680 819 1744 παύσας,
859 1681 934 1744 ὡς
972 1681 1036 1752 δὴ
1083 1682 1380 1754 νεωτέρους
1435 1681 1528 1733 καὶ
1573 1681 1851 1752 νεωτέρων

284 1770 501 1841 ἀνδρῶν
555 1775 976 1842 συγγράμματα,
1031 1773 1111 1834 εἰς
1162 1771 1349 1824 ἑαυτὸν
1395 1771 1452 1823 δὲ
1501 1772 1558 1824 ὲν
1605 1771 1740 1842 μέσῃ
1783 1774 1847 1841 τῇ
1882 1755 1926 1808 Β

307 1862 619 1934 Ἐκκλησία,
653 1867 714 1933 τῇ
761 1863 966 1932 μεγάλῃ
988 1862 1079 1915 τοῦ
1110 1864 1300 1933 Πάσχα
1344 1861 1521 1933 ἡμέρᾳ
1550 1861 1857 1934 ψαλμῳδείν

293 1954 556 2018 γυναῖκας
589 1953 1034 2022 παρασκευάζων,
1065 1945 1138 2002 ὧν
1165 1954 1258 2006 καὶ
1290 1951 1524 2014 ἀκούσας
1545 1952 1609 2005 ἄν
1636 1969 1720 2014 τις
1745 1950 1860 2025 φρί-

294 2042 467 2109 ξειεν·
515 2041 601 2096 οἷα
647 2044 898 2107 καὶτοὺς
940 2043 1279 2106 θωπεύοντας
1331 2043 1490 2095 αὐτὸν
1531 2044 1859 2107 ἐπισκόπους

291 2136 403 2188 τῶν
433 2133 644 2206 ὁμόρων
678 2136 860 2208 ἀγρῶν
890 2136 1000 2204 (54)
1029 2153 1086 2188 τε
1125 2137 1218 2188 καὶ
1257 2134 1481 2198 πόλεων,
1513 2136 1604 2188 καὶ
1626 2134 1860 2206 πρέσϐυς-

291 2227 484 2297 τέρους
513 2229 567 2279 ὲν
593 2231 714 2291 ταῖς
743 2227 877 2298 πρός
909 2228 998 2280 τὸν
1027 2227 1151 2279 λαὸν
1182 2226 1419 2296 ὁμιλίαις
1441 2227 1660 2297 καθίησι
1683 2225 1859 2280 διαλέ-

299 2319 517 2385 γεσθαι.
547 2319 648 2371 Τὸν
681 2319 776 2389 μὲν
796 2319 903 2389 γὰρ
927 2319 1051 2372 Υἱὸν
1080 2318 1173 2370 τοῦ
1203 2318 1336 2372 Θεοῦ
1370 2321 1429 2372 οὐ
1457 2319 1701 2388 βούλεται
1737 2335 1860 2370 συν-

289 2409 575 2478 ομολογεῖν
617 2408 673 2475 ἐξ
721 2409 947 2480 οὐρανοῦ
978 2409 1411 2479 κατεληλυθέναι,
1455 2411 1539 2462 ἵνα
1567 2427 1617 2461 τι
1662 2407 1861 2479 προλα-

291 2502 482 2564 ϐόντες
508 2502 614 2554 τῶν
637 2500 936 2571 μελλόντων
961 2501 1336 2572 γραφήσεσθαι
1362 2500 1558 2570 θῶμεν·
1584 2501 1677 2552 καὶ
1704 2499 1860 2552 τοῦτο

290 2595 353 2645 οὗ
400 2594 542 2663 λόγῳ
593 2592 732 2662 ψιλῷ
785 2591 1098 2663 ῥηθήσεται,
1156 2593 1268 2645 ἀλλ’
1305 2592 1364 2656 ἐξ
1409 2589 1483 2646 ὧν
1537 2591 1859 2662 ἐπέμψαμεν

292 2685 698 2755 ὑπομνημάτων
731 2685 840 2754 (55)
867 2685 1137 2738 δείκνυται
1171 2683 1519 2753 πολλαχόθεν,
1543 2684 1640 2753 οὐχ
1661 2684 1859 2753 ἥκιστα

291 2777 358 2847 δὴ
404 2778 534 2829 ὅπου
581 2776 724 2844 λέγει
771 2776 975 2846 Ἰησοῦν
1009 2776 1243 2848 Χριστὸν
1283 2775 1546 2829 κάτωθεν.
1590 2776 1652 2826 Οἱ
1691 2774 1746 2826 δὲ
1780 2775 1858 2836 εἰς

293 2871 459 2922 αὑτὸν
483 2869 772 2937 ψάλλοντες
812 2870 905 2921 καὶ
937 2868 1372 2939 ἐγκωμιάζοντες
1399 2870 1454 2920 ἐν
1477 2867 1554 2938 τῷ
1584 2865 1718 2936 λαῷ,
1763 2866 1860 2932 ἄγ-

292 2956 454 3023 γελον
481 2956 568 3008 τὸν
595 2957 765 3026 ἀσεϐῆ
789 2957 1103 3009 διδάσκαλον
1134 2957 1336 3009 ἑαυτῶν
1360 2955 1419 3021 ἐξ
1444 2955 1671 3028 οὐρανοῦ
1696 2972 1858 3009 κατε-

292 3047 579 3117 ληλυθέναι
611 3049 844 3116 λέγουσι.
879 3051 987 3101 Καὶ
1040 3049 1212 3102 ταῦτα
1241 3051 1299 3102 οὐ
1330 3048 1546 3108 κωλύει,
1589 3048 1723 3101 ἀλλὰ
1765 3049 1858 3101 καὶ

293 3139 606 3209 λεγομένοις
641 3141 900 3211 πάρεστιν
927 3144 954 3193 ὁ
985 3143 1348 3213 ὑπερήφανος.
1387 3143 1495 3206 Τὰς
1531 3143 1585 3195 δὲ
1616 3142 1861 3195 συνεισά-

294 3249 461 3294 κτους
509 3232 614 3303 (36)
661 3233 822 3285 αὑτοῦ
862 3238 1145 3301 γυναῖκας,
1199 3235 1273 3296 ὡς
1331 3236 1618 3305 Ἀντιοχεῖς
1664 3233 1862 3305 ὀνομά-

297 3410 428 3463 dunt
476 3410 661 3464 Patres
705 3412 1020 3467 Antiochcni
1054 3413 1262 3466 concilii
1299 3413 1350 3466 in
1392 3409 1559 3465 Paulo
1598 3413 1848 3480 episcopo

296 3483 621 3543 Antiochize,
660 3498 761 3534 non
800 3485 939 3548 quod
966 3485 1215 3536 thronum
1255 3483 1524 3538 habuerit.
1569 3483 1677 3536 lloc
1703 3486 1844 3535 enim

298 3551 512 3616 insigne
542 3562 659 3615 erat
689 3552 1084 3619 episcoporum,
1114 3565 1170 3606 ut
1219 3553 1268 3605 iu
1305 3553 1501 3605 throno
1544 3568 1637 3605 seu
1670 3554 1852 3607 cathe-

299 3628 398 3670 dra
431 3621 699 3676 sederent.
733 3623 830 3687 Qui
857 3623 1096 3687 nmsjam
1128 3625 1248 3676 inde
1279 3624 1345 3675 ab
1377 3623 1685 3689 apostolicis
1714 3633 1854 3674 tem-

299 3690 524 3754 poribus
559 3691 860 3744 invaluerat
892 3695 944 3744 in
975 3693 1231 3746 Ecclesia.
1265 3692 1422 3745 Certe
1455 3691 1637 3745 Jacobi
1671 3692 1853 3744 lratris

301 3757 514 3812 Domini
559 3760 829 3832 thronum,
879 3763 1264 3832 Hierosolymis
1317 3761 1491 3815 adhuc
1547 3779 1640 3814 sua
1691 3772 1854 3832 relate.

298 3840 575 3883 servatum
614 3831 777 3887 fuisse
807 3841 1036 3887 testatur
1060 3830 1322 3886 Eusebius
1354 3833 1403 3884 in
1437 3834 1612 3897 capite
1645 3830 1729 3892 18,
1759 3847 1851 3883 Stt-

303 3915 421 3964 pra.
453 3902 508 3952 Id
544 3903 704 3969 igitur
732 3907 784 3956 in
827 3905 990 3958 Paulo
1023 3911 1285 3957 damnant
1328 3902 1610 3956 memorati
1640 3901 1852 3960 Patres,

303 3972 444 4034 quod
477 3974 704 4023 tribunal
756 3975 856 4026 sibi
902 3979 1105 4027 exstrui
1153 3984 1396 4027 curasset
1428 3972 1478 4025 in
1515 3971 1772 4033 ecclesia,
1803 3982 1856 4022 et

306 4040 446 4089 ineo
472 4042 717 4094 thronum
743 4044 1022 4097 sublimem
1047 4045 1146 4098 sibi
1168 4043 1459 4096 statuisset.
1492 4043 1658 4095 Recte
1681 4041 1859 4106 itaque

308 4109 530 4162 Ruﬁnus
563 4113 704 4164 hunc
737 4112 912 4165 locum
947 4115 1015 4166 ita
1043 4115 1235 4167 vertit:
1264 4113 1327 4164 In
1353 4114 1569 4164 ecclesia
1598 4122 1716 4164 vero
1753 4117 1852 4163 tri-

304 4180 464 4229 bunal
500 4182 598 4231 sibi
631 4182 789 4233 multo
819 4184 978 4235 altius
1008 4201 1163 4250 quam
1193 4185 1362 4250 fuerat
1388 4184 1604 4244 exstrui,
1635 4193 1680 4233 et
1713 4184 1856 4234 (ltro-

305 4263 430 4320 rium
475 4254 528 4299 in
575 4252 940 4304 excelsioribus
970 4254 1214 4304 collocari
1241 4251 1408 4320 jubet.
1464 4253 1708 4318 EpiscOpi
1738 4255 1855 4319 qui-

303 4317 426 4389 dem
456 4321 712 4372 sedebant
744 4321 794 4372 in
825 4322 1082 4376 cathedra
1115 4317 1270 4388 paulo
1303 4317 1693 4389 altiore’qiiam
1739 4317 1858 4375 reli-

1955 494 2088 545 riam
2115 502 2357 556 captans,
2386 499 2439 543 et
2457 505 2700 559 pompam
2723 488 2998 551 all'cctans,
3027 492 3509 559 atquelinjnsmmli

1954 584 2160 636 artibus
2190 582 2400 634 animos
2432 583 2802 649 imperitorum
2853 583 3323 649 perterrel'aciens.
3378 584 3508 637 Nam

1954 682 2007 726 et
2035 675 2267 726 tribunal
2294 682 2348 726 et
2373 673 2654 726 sublimem
2677 672 2953 734 thronum,
2988 686 3091 725 non
3121 684 3178 726 ut
3200 675 3400 728 Christi
3431 677 3514 728 di-

1954 765 2190 832 scipulus
2215 765 2314 819 sibi
2349 765 2459 832 ipse
2477 764 2796 830 c0nstruxit,
2815 773 2868 817 et
2893 773 3184 828 secretum,
3205 767 3424 834 perinde
3450 783 3513 820 ac

1954 856 2239 909 saeculares
2262 857 2628 924 magistratus,
2647 856 2718 908 ita
2732 855 3059 923 appellatum
3078 857 3286 908 habuit.
3302 858 3378 911 Ad
3399 859 3510 912 lucc

1956 945 2129 999 femur
2159 962 2316 999 manu
2366 955 2644 1015 percutere
2676 956 2728 999 et
2755 946 2990 1000 tribunal
3043 948 3267 1016 pedibus
3300 949 3513 1017 pulsare

1953 1037 2112 1106 281
2145 1037 2351 1089 solitus.
2390 1037 2489 1091 Eos
2509 1053 2637 1090 vero
2663 1037 2754 1107 qui
2785 1054 2890 1098 non
2919 1038 3218 1102 laudarent,
3249 1055 3347 1093 nec
3377 1049 3434 1090 ut
3461 1041 3512 1092 in

1955 1126 2183 1180 theatris
2229 1127 2342 1180 ﬁeri
2393 1128 2528 1182 solet
2562 1131 2739 1181 oraria
2776 1137 3148 1191 concuterent,
3191 1145 3363 1197 neque
3409 1147 3511 1182 una

1951 1235 2075 1273 cum
2100 1218 2403 1274 fautoribus
2429 1220 2618 1289 ipsius,
2647 1221 2779 1274 viris
2807 1235 2870 1275 ac
2896 1219 3230 1274 mulierculis
3264 1222 3516 1275 indecore

1952 1313 2382 1366 auscultantibus
2432 1313 2805 1366 exclamarent
2843 1322 3008 1381 atque
3066 1313 3364 1374 exsilirent,
3420 1314 3512 1367 sed

1952 1422 2072 1459 cum
2101 1406 2365 1473 gravitate
2399 1420 2462 1459 ac
2498 1407 2760 1460 modestia
2785 1406 2924 1460 sicut
2956 1406 3008 1457 in
3038 1407 3197 1460 domo
3237 1406 3330 1464 Dei
3360 1405 3517 1464 decet

1952 1497 2223 1563 audirent,
2271 1498 2584 1566 increpabat
2627 1506 2680 1552 et
2726 1498 3066 1552 contumeliis
3113 1497 3398 1555 alliciebat.
3451 1503 3516 1556 Et.

1953 1587 2088 1641 alios
2116 1589 2330 1656 quidem
2367 1589 2503 1658 legis
2529 1600 2726 1644 nostra:
2752 1591 2998 1644 doctores
3019 1590 3127 1660 iam
3167 1595 3272 1647 vita
3301 1596 3516 1647 functos

1953 1679 2260 1747 petulanter
2295 1680 2346 1732 in
2377 1680 2638 1734 concione
2663 1681 2941 1737 lacerabat
2967 1703 2979 1737 :
3016 1683 3082 1737 de
3113 1700 3169 1738 se
3191 1695 3369 1737 autem
3403 1685 3516 1752 ipse

1959 1769 2240 1838 magniﬁce
2267 1769 2607 1839 loquebatur,
2643 1787 2748 1826 non
2790 1784 2848 1827 ut
2870 1790 3175 1844 episcopus,
3206 1778 3300 1830 sed
3343 1788 3402 1829 ut
3431 1795 3518 1827 Mt-

1957 1861 2133 1926 phista
2169 1861 2384 1928 quidam
2424 1870 2479 1915 et
2520 1864 2800 1931 impostor.
2833 1867 2971 1933 Quin
3002 1869 3163 1922 etiam
3203 1869 3436 1937 psalmos
3465 1872 3515 1924 in

1960 1952 2220 2005 honorem
2277 1953 2484 2007 Domini
2539 1953 2664 2010 Jesu
2698 1958 2896 2013 Christi
2944 1960 3065 2012 cani
3115 1961 3323 2023 solitos,
3365 1964 3516 2028 quasi

1959 2042 2199 2097 novellos
2227 2052 2282 2096 et
2326 2058 2357 2095 a
2410 2046 2805 2100 recentioribds
2850 2047 3157 2114 hominibus
3185 2051 3520 2116 compositos

1960 2133 2213 2188 abolevit.
2242 2131 2496 2190 Mulieres
2520 2147 2699 2192 autem
2737 2153 2932 2207 magno
2967 2137 3187 2194 Pascha:
3210 2140 3295 2194 die
3326 2142 3378 2194 in
3409 2157 3521 2194 me-

1959 2228 2044 2280 dia
2068 2228 2299 2282 ecclesia
2335 2228 2576 2295 psalmos
2609 2233 2868 2299 quosdam
2897 2245 3094 2286 canere
3127 2233 3194 2285 ad
3234 2233 3318 2286 sui
3351 2233 3521 2300 ipsius

1958 2316 2166 2370 laudem
2209 2318 2474 2384 instituit;
2520 2322 2660 2390 quod
2689 2321 2903 2390 quidem
2937 2323 3280 2378 audientibus
3331 2325 3524 2378 horro-

1959 2424 2072 2462 rem
2096 2409 2287 2463 merito
2312 2411 2619 2466 incesserit.
2653 2412 2945 2482 Episcopos
2975 2428 3188 2481 quoque
3217 2413 3523 2468 vicinorum

1960 2514 2216 2568 pagorum
2246 2510 2302 2556 et
2341 2503 2624 2557 civitatum
2645 2543 2660 2565 ,
2701 2520 2802 2559 nec
2837 2519 2942 2558 non
2975 2515 3028 2559 et
3063 2505 3407 2575 presbyteros
3436 2523 3525 2560 as-

1961 2599 2260 2644 sentatores
2311 2608 2442 2648 suos
2488 2594 2760 2656 submisit,
2791 2595 2882 2663 qui
2919 2595 2970 2647 in
3013 2595 3127 2649 suis
3171 2596 3238 2649 ad
3269 2596 3522 2664 populum

1959 2682 2312 2737 concionibus
2334 2684 2520 2738 eadem
2548 2683 2614 2738 dc
2638 2685 2755 2753 ipso
2783 2684 3161 2753 praadicarent.
3186 2685 3396 2739 Etenim
3430 2685 3523 2740 Fi-

1964 2772 2092 2826 lium
2126 2774 2217 2829 Dei
2252 2789 2282 2828 c
2307 2775 2446 2830 coelo
2480 2776 2825 2830 descendisse
2855 2776 3135 2832 nobiscum
3166 2777 3410 2833 conﬁteri
3443 2795 3525 2832 re-

1962 2864 2098 2926 nuit,
2125 2875 2185 2918 ut
2215 2865 2415 2935 aliquid
2444 2865 2618 2921 obiter
2647 2868 3038 2935 praemittamus
3062 2884 3127 2924 ex
3153 2868 3218 2923 iis
3242 2886 3360 2938 qua:
3383 2869 3523 2924 infra

1961 2955 2182 3010 uberius
2215 2970 2575 3025 exponentur.
2625 2954 2808 3026 Neque
2858 2959 2910 3011 id
2953 2958 3182 3028 simplici
3227 2962 3527 3015 assertione

1963 3055 2171 3114 nostra,
2209 3049 2300 3102 sed
2336 3064 2400 3103 ex
2433 3049 2563 3118 ipsis
2591 3065 2708 3118 qua:
2742 3049 2808 3104 ad
2837 3065 2929 3104 vos
2953 3049 3197 3104 misimus
3221 3054 3384 3119 gestis
3417 3069 3524 3106 non

1965 3139 2136 3194 semel
2183 3139 2508 3203 declaratur,
2563 3140 2798 3194 maxime
2847 3155 2975 3194 vero
3033 3140 3121 3195 ubi
3176 3141 3306 3196 dicit
3343 3138 3528 3196 Jesum

1968 3233 2238 3288 Christum
2269 3250 2298 3290 e
2328 3244 2470 3290 terra
2505 3242 2683 3287 ortum
2733 3232 2919 3288 fuisse.
2953 3235 3022 3286 At
3064 3248 3192 3287 vero
3224 3234 3298 3286 illi
3349 3240 3441 3304 qtti
3474 3237 3524 3287 in

1959 3428 2105 3466 mum
2147 3413 2387 3467 omnium
2447 3411 2622 3465 oraria
2673 3411 2884 3466 dedisse
2933 3410 3130 3480 populo
3174 3409 3415 3464 Romano
3459 3411 3526 3463 ad

1955 3482 2218 3536 favorem.
2244 3483 2565 3536 Aurelianus
2595 3482 2754 3546 igitur
2789 3483 2838 3534 id
2863 3489 3146 3546 acceperat
3169 3483 3237 3533 ab
3265 3482 3518 3535 Orienta-

1962 3553 2122 3613 libus.
2173 3554 2265 3620 qui
2314 3553 2470 3622 longe
2523 3561 2650 3622 ante
2699 3553 2870 3618 ipsum
2920 3551 3120 3622 orariis
3145 3552 3213 3622 ad
3252 3566 3370 3603 eam
3415 3567 3526 3604 rem

1962 3619 2281 3683 utebantur,
2330 3633 2384 3675 ut
2411 3619 2593 3674 Vdecet
2633 3621 2720 3674 hic
2769 3624 2937 3682 locus,
2970 3629 3020 3673 et
3066 3619 3428 3672 Philostratus
3474 3622 3526 3672 in

1960 3707 2082 3758 cap.
2116 3694 2171 3753 5,
2201 3692 2295 3745 lib.
2331 3707 2345 3743 ι
2379 3692 2451 3744 De
2481 3693 2585 3743 vita
2638 3690 2920 3756 Apollonii,
2948 3694 3170 3757 loquens
3194 3691 3259 3743 de
3293 3691 3532 3742 Tarsen-

1961 3761 2133 3819 sibus.
2163 3772 2215 3814 et.
2249 3761 2341 3814 Dio
2364 3761 2455 3813 lib.
2486 3776 2573 3812 ωιι
2605 3760 2656 3811 in
2696 3761 2820 3812 ﬁne.

2031 3831 2145 3899 (54)
2189 3825 2586 3894 Ἐπισκόπους
2614 3827 2732 3880 τῶν
2775 3827 3005 3897 ὁμόρων
3045 3825 3260 3894 ἀγρῶν.
3287 3897 3293 3899 Α
3320 3828 3526 3881 Chore-

1963 3897 2210 3968 piscopos
2260 3901 2561 3966 intelligere
2619 3901 2849 3951 videtur.
2896 3899 3007 3969 ldos
3054 3913 3196 3953 ennn
3247 3897 3530 3969 distinguit

1962 3969 2186 4036 epistola
2212 3969 2279 4021 ab
2313 3969 2587 4036 episeopis
2621 3969 2856 4020 urbium.
2891 3967 3002 4024 Hos
3031 3972 3193 4036 igitur
3225 3972 3274 4021 in
3311 3967 3528 4025 concio-

1967 4039 2124 4091 nibus
2158 4040 2221 4089 ad
2260 4039 2540 4106 populum,
2577 4038 2776 4090 similia
2823 4060 2884 4094 ae
2926 4043 3175 4093 mulieres
3221 4041 3339 4093 illas
3383 4043 3527 4105 psal-

1965 4109 2097 4162 trias
2135 4109 2201 4162 de
2232 4107 2395 4160 Paulo
2421 4108 2903 4178 «lixisseasseruiit
2940 4110 3148 4171 Patres,
3184 4113 3326 4178 qtiod
3363 4111 3526 4164 Chri-

1961 4178 2357 4234 stophorsonus
2382 4191 2486 4230 non
2513 4175 2800 4234 intellexit.

2032 4195 2357 4302 ’gllOl‘SOllllS
2382 4195 2486 4230 non
2514 4195 2800 4234 InlCUCXIL

2032 4250 2049 4319 (
2091 4248 2145 4310 5)
2185 4245 2662 4319 Ὑπομνημάτων.
2713 4250 2866 4315 Quod
2897 4263 3055 4316 supra
3091 4249 3524 4308 observavimus.

1959 4317 2146 4372 errare
2175 4317 2335 4387 vulgo
2367 4319 2692 4386 interpretes
2725 4325 2777 4373 in
2811 4319 2971 4387 hujus
3008 4324 3155 4372 vocis
3206 4320 3526 4385 explicatio-

300 4388 397 4456 qui
448 4391 762 4459 presbyteri,
791 4401 848 4442 ut
877 4386 1128 4445 dicemus
1148 4394 1213 4444 ad
1244 4391 1340 4445 lib.
1379 4407 1408 4443 Χ
1435 4431 1448 4447 .
1486 4386 1576 4444 sed
1625 4390 1854 4444 tribunal
1891 4386 1934 4437 D
1963 4405 2048 4447 ne.
2082 4390 2133 4441 id
2167 4386 2512 4459 pel‘SpiCTmm
2549 4390 2606 4440 lit
2642 4389 2742 4442 hoc
2776 4386 2913 4442 loco.
2963 4388 3096 4440 Nam
3145 4398 3198 4441 et
3230 4387 3443 4455 Langus
3473 4401 3528 4441 et

301 4470 412 4508 non
449 4460 732 4511 habebant.
760 4460 946 4514 Postea
975 4477 1101 4514 vero
1138 4461 1477 4514 invaluerunt
1509 4461 1706 4513 absidae
1736 4478 1860 4530 gra-

307 4529 445 4578 data;
473 4538 523 4579 et
557 4532 829 4589 exhedrze,
862 4536 926 4582 de
971 4532 1164 4598 quibus
1207 4531 1524 4583 Ambrosius
1567 4530 1860 4597 loquuntur

305 4599 753 4668 et_Augustiuus
801 4619 813 4653 :
860 4616 978 4667 quae
1043 4603 1258 4668 quidem
1294 4615 1323 4652 a
1357 4604 1610 4654 tribunali
1667 4617 1859 4668 parum

306 4663 642 4722 dtﬂ'erebaul.

379 4734 668 4807 (32)_Vulg.
697 4737 1088 4807 σήκρητονδέ
1111 4749 1162 4793 et
1192 4754 1315 4792 mox
1345 4739 1537 4792 παίων
1564 4756 1644 4792 τε.
1680 4738 1733 4790 ln
1769 4753 1863 4792 co-

307 4796 426 4879 dice
472 4796 901 4879 ΜςιῑξΜιξιξῘιιὶ
941 4809 1072 4864 Fuk.
1114 4811 1304 4878 legitur
1329 4811 1598 4879 σὴκρητόν
1647 4825 1728 4871 τε,
1775 4825 1860 4862 re-

307 4876 742 4948 ctiusutOpinor.
762 4877 864 4932 Sed
889 4896 1006 4932 usus
1028 4876 1305 4948 legendum
1329 4876 1602 4931 εδιίπαὶων
1631 4879 1708 4936 δέ,
1734 4894 1860 4942 ιιοιι,

307 4945 863 5021 tttvulgoeditumest,
881 4966 958 5001 τε.
979 4945 1127 5002 lliiiie
1158 4949 1461 5021 locum_uou
1487 4950 1865 5021 iiitelletteruut

307 5017 626 5081 interpretes
659 5021 927 5071 .\lusculus
979 5031 1031 5071 et
1086 5017 1634 5084 Christophorsouus.
1668 5020 1862 5072 Secre—

309 5091 420 5159 tum
454 5088 727 5151 proprium
780 5099 896 5141 erat
929 5091 1342 5155 magistratuum
1378 5099 1432 5140 et
1464 5091 1730 5159 majorum
1768 5089 1860 5156 ju-

307 5154 515 5230 dicum;
552 5159 950 5230 tocus‘sta'hcet
999 5154 1225 5230 interior
1256 5154 1562 5230 _pr:etorii,'
1602 5154 1863 5230 cancellis

306 5227 567 5286 mmiitus.
602 5242 665 5278 ac
697 5227 828 5279 velis
857 5229 1108 5294 obpansis
1162 5227 1422 5288 inclusus,
1459 5229 1510 5279 in
1550 5243 1657 5296 quo
1689 5229 1862 5296 magi-

305 5296 845 5365 stratussedebant.
892 5300 1014 5348 dum
1048 5312 1261 5352 reorum
1316 5311 1512 5349 causas
1565 5313 1864 5365 cognosce—

308 5361 609 5484 ;eqt.8¥ide
637 5379 756 5432 quae
785 5368 961 5420 notavi
997 5369 1064 5421 ad
1105 5370 1282 5420 Amm.
1312 5365 1608 5420 Marcellini
1637 5361 1738 5420 ῑιι).
1771 5382 1862 5428 xv,

343 5445 429 5484 ει...
523 5471 540 5484 .

305 5444 429 5499 pag.
452 5444 540 5486 δι.

377 5501 489 5574 (5'5)
519 5505 914 5558 Κατασειόυσι
943 5505 1071 5571 ταῖς
1096 5507 1352 5571 ὀθόναις.
1377 5506 1628 5560 Solebant
1659 5504 1786 5558 olim
1813 5506 1865 5558 in

309 5569 902 5646 theatrisspectatores
945 5580 995 5628 in
1025 5569 1238 5646 signum
1281 5569 1482 5630 favoris
1515 5579 1696 5646 orat-ia
1730 5591 1866 5628 con-

307 5651 509 5718 rutcre.
550 5643 685 5718 r\_’tde
723 5660 844 5718 qua;
872 5643 1454 5718 notavit'Casaubonus
1481 5649 1550 5718 ad
1576 5644 1865 5712 Vopiscum

309 5713 362 5764 in
401 5714 714 5767 Aureliano.
750 5713 848 5769 Ubi
886 5715 1145 5786 Vopiscus
1189 5718 1321 5770 dicit
1370 5716 1720 5770 Aurelianum
1758 5718 1870 5783 pri-

585 5804 858 5866 PATROL.
905 5806 1022 5867 Cn.
1070 5808 1214 5868 XX.

1962 4459 2234 4512 Musonius
2273 4469 2327 4512 et
2358 4458 2888 4525 Christophorsonus
2930 4461 3329 4510 commentarios
3356 4462 3526 4512 inter-

1962 4529 2155 4595 pretati
2215 4539 2361 4591 sunt,
2415 4544 2538 4582 cum
2589 4540 2708 4580 acta
2737 4544 2831 4582 seu
2882 4539 3023 4595 gesta
3071 4539 3280 4579 vertere
3321 4528 3529 4579 debuis-

1961 4609 2099 4651 sent.
2168 4599 2300 4652 Acta
2356 4610 2535 4652 autem
2593 4599 2684 4650 illa
2740 4599 2929 4667 synodi
2987 4597 3343 4667 Antiochense
3393 4599 3524 4649 nilul

1961 4669 2103 4721 aliud
2131 4679 2289 4721 erant
2322 4682 2484 4735 quam
2541 4665 2844 4735 diSputaiio
2896 4665 3210 4718 Malchionis
3261 4667 3526 4717 adversus

1962 4738 2183 4790 Paulum
2224 4739 2660 4800 Samosatenum,
2680 4752 2802 4804 quae
2831 4751 2877 4804 ai
2906 4737 3130 4787 notariis
3161 4745 3384 4802 excepta
3413 4735 3528 4785 fue-

1965 4817 2070 4867 rat,
2094 4817 2150 4859 ut
2177 4823 2342 4875 supra
2367 4808 2501 4860 dixit
2533 4803 2811 4860 Eusebius.
2844 4803 2918 4856 Ex
2947 4806 3010 4856 iis
3038 4806 3186 4875 Actis
3218 4805 3524 4875 testimonia

1963 4880 2202 4941 quaedam
2229 4872 2431 4944 profert
2460 4878 2717 4930 Leontius
2745 4876 3031 4944 Byzantius
3060 4875 3109 4925 in
3141 4873 3237 4928 lib.
3290 4887 3349 4925 ιιι
3389 4872 3527 4931 Cori-

1964 4956 2045 4998 ιω
2091 4944 2418 5007 Nestorium,
2465 4962 2634 5012 eaque
2680 4947 3010 5011 distinguere
3040 4945 3250 4994 videtur
3283 4960 3310 4992 ιι
3345 4944 3526 5009 (Περιι-

1967 5015 2170 5068 tatione
2207 5017 2520 5069 Malchionis
2550 5026 2736 5079 contra
2772 5013 3020 5074 Paulum,
3066 5016 3155 5065 ubi
3206 5014 3369 5064 etiam
3428 5018 3526 5064 do-

1965 5096 2083 5138 ctus
2112 5087 2378 5152 interpres
2412 5087 2813 5138 commentarios
2848 5083 3030 5137 vertit.

2036 5154 2148 5226 (36)
2180 5151 2640 5222 Συνεισάλιτους.
2663 5156 2801 5226 Quid
2830 5163 3012 5208 essent
3048 5151 3386 5226 omnicana:
3410 5166 3528 5226 tnu-

1966 5221 2148 5287 licres,
2171 5227 2284 5295 jam
2311 5228 2516 5293 pridem
2547 5228 2752 5295 notavit
2778 5223 3012 5277 Joannes
3071 5221 3283 5290 Longus
3318 5224 3399 5271 vir
3426 5223 3527 5273 do-

1965 5293 2239 5349 ctissimus
2266 5301 2330 5346 ad
2373 5295 2570 5347 librum
2600 5311 2649 5347 vi
2712 5293 2997 5360 Nirephori
3031 5294 3272 5362 cap._oU,
3299 5301 3354 5342 et
3395 5299 3528 5362 post

1968 5367 2114 5418 illum
2155 5366 2350 5417 Beatus
2384 5365 2678 5417 Rhenanus
2705 5367 2769 5416 ad
2798 5364 2994 5416 librqu
3036 5377 3104 5414 vn
3136 5360 3336 5412 Ruﬁni.
3376 5360 3527 5425 Quo-

1969 5451 2086 5487 rum
2113 5436 2283 5487 doctis
2312 5437 2780 5487 observationibus
2809 5432 2942 5486 nihil
2969 5444 3051 5485 est
3077 5432 3218 5499 quod
3244 5429 3525 5480 addamus.

1970 5505 2286 5567 Huiusmodi
2343 5504 2595 5557 mulieres
2619 5523 2647 5555 a
2682 5504 2896 5556 clericis
2930 5505 3090 5571 vulgo
3126 5514 3342 5571 sorores
3367 5513 3530 5571 _voca-_-

1969 5577 2186 5629 bantur.
2221 5571 2280 5625 ld
2317 5590 2400 5625 mc
2442 5574 2626 5627 docuit
2657 5590 2826 5626 canon
2852 5574 2884 5625 5
2937 5569 3149 5624 concilii
3179 5569 3401 5626 Niczcni,
3437 5569 3524 5635 qui

1972 5647 2023 5695 in
2065 5645 2430 5714 vetustissimo
2466 5645 2652 5697 codice
2697 5643 3182 5714 Corbeiensiihanc
3239 5643 3403 5714 hartel
3436 5655 3531 5714 iu-

1972 5713 2318 5780 scriptionem
2352 5728 2365 5764 :
2396 5711 2474 5766 De
2534 5713 2964 5777 subiutroductis,
3014 5713 3083 5763 ια’
3119 5717 3218 5772 est,
3267 5706 3554 5774 adoptiui:-

3223 5797 3303 5858 23
