4132 6418
635 319 738 374 7.5

1339 319 1609 378 EUSEBll
1649 321 1845 378 CASSA
1855 321 2126 380 RIENS‘IS
2164 323 2184 378 (

2288 330 2314 376 ’.
2356 323 2536 378 PARS
2573 323 2615 380 Ι.
2657 355 2720 365 -
2763 321 3152 380 lliSTORlCA.
3769 323 3861 376 736

626 435 744 502 ejus
773 436 1036 491 honorem
1066 437 1302 506 psalmos
1335 452 1558 504 canunt,
1581 451 1636 497 et
1660 456 1842 497 coram
1867 443 2062 513 populo
2084 459 2184 499 eun

2313 444 2485 508 ζουσι,
2523 442 2617 498 καὶ
2657 441 2762 496 τῶν
2801 445 2928 514 περὶ
2970 443 3130 498 αὐτὸν
3164 440 3545 515 πρεσϐυτέρων
3577 443 3669 498 καὶ
3698 442 3862 498 eme.

626 528 1012 597 depraedicant,
1049 527 1226 598 ipsum
1260 547 1420 601 quem
1461 533 1754 602 impietatis
1779 534 2057 591 doctorem
2102 537 2199 591 ha-

625 617 888 682 buerunt.
943 622 1194 690 angelum
1249 637 1369 677 esse
1418 624 1605 680 dicunt
1653 641 1682 681 e
1725 627 1864 682 ctelo
1894 627 2193 697 delapsum.

626 707 800 781 Atque
831 713 942 766 hzec
973 712 1058 768 ille
1080 715 1320 770 omnium
1347 716 1624 771 hominum
1653 719 2072 786 superbissimus
2090 736 2198 776 non

627 803 896 871 prohibet,
926 805 1018 860 sed
1051 807 1279 862 interest
1313 808 1428 877 ipse
1459 824 1583 864 cum
1617 810 1896 866 dicuntur.
1946 811 2083 879 Quid
2113 813 2200 867 hic

627 895 834 950 referre
857 897 1588 967 attinetsubintrmluctas,nt
1614 904 1940 959 Antiocheni
1972 916 2195 968 vocant,

626 987 899 1054 mulieres,
949 999 1057 1044 tam
1091 991 1259 1060 ipsius
1290 1008 1452 1062 quam
1503 995 1942 1065 presbyterorum
1981 995 2098 1065 ejus
2136 1011 2199 1052 ac

624 1080 1017 1136 diacono'rum?
1044 1082 1096 1137 ln
1128 1084 1330 1152 quibus
1372 1100 1479 1140 non
1529 1087 1630 1139 hoc
1679 1085 1875 1151 solum,
1906 1089 1999 1142 sed
2029 1087 2194 1143 etiam

625 1170 726 1223 alia
764 1171 1084 1227 insanabilia
1147 1174 1399 1239 crimina,
1447 1189 1682 1243 quorum
1715 1177 1972 1232 conscius
2013 1187 2098 1233 est
2142 1190 2198 1234 et

622 1276 850 1332 quorum
870 1265 1014 1332 ipsos
1040 1279 1161 1320 reos
1181 1280 1302 1322 esse
1329 1267 1584 1332 convicit,
1607 1267 1961 1324 nihilominus
1986 1270 2197 1338 tegitac

623 1355 947 1420 dissimulat,
973 1365 1029 1410 ut
1050 1355 1170 1413 illos
1195 1358 1298 1413 sibi
1322 1358 1585 1414 obnoxios
1612 1361 1806 1416 habeat
1831 1379 1844 1416 :
1875 1371 2041 1432 utque
2067 1364 2192 1418 dum

622 1447 724 1501 sibi
756 1448 887 1518 ipsis
919 1459 1188 1518 metuunt,
1225 1451 1398 1523 ipsum
1432 1453 1503 1508 ob
1537 1467 1599 1507 ea
1630 1467 1751 1524 quze
1787 1455 1951 1524 impie
1991 1450 2103 1526 agit
2130 1473 2195 1512 ac

623 1538 864 1607 loquitur
886 1555 1146 1599 accusare
1177 1558 1283 1599 non
1313 1545 1568 1601 audeant.
1613 1549 1691 1601 Ad
1725 1548 1840 1603 lnec
1867 1549 2074 1605 divitiis
2102 1567 2194 1606 eos

623 1630 988 1702 locupletavit.
1024 1634 1188 1702 Cujus
1214 1637 1292 1693 rei
1319 1652 1484 1693 causa
1524 1639 1590 1692 ab
1616 1639 1682 1694 iis
1708 1641 1798 1710 qui
1833 1641 1960 1696 talia
1993 1658 2192 1699 concu-

622 1725 836 1788 piscunt
870 1737 1082 1782 amatur
1113 1737 1278 1797 atque
1296 1729 1610 1798 suspicitur.
1653 1731 1817 1799 Quid,
1855 1735 2189 1806 iuquam,at-

623 1816 757 1869 tinet
785 1817 897 1872 inec
920 1819 1195 1876 scribere?
1229 1819 1444 1877 Scimus
1469 1826 1675 1894 utique,
1708 1825 1911 1914 fratre;
1947 1827 2190 1883 dilectis-
2225 1819 2266 1874 Β

619 1907 764 1974 simi,
813 1908 1126 1980 episcopum
1179 1923 1237 1968 et
1286 1913 1604 1971 universum
1653 1907 1885 1982 clerum,
1927 1921 2192 1974 bonorum

619 2017 842 2071 operum
867 2004 1175 2076 exemplum
1202 2005 1531 2063 multitudini
1566 2011 1809 2080 prmbere
1838 2012 2055 2067 debere.
2090 2011 2194 2067 Ne-

615 2109 724 2163 que
754 2095 885 2151 illud
939 2097 1275 2166 ignoramus,
1310 2111 1445 2171 quot
1473 2117 1538 2156 ex
1582 2102 1846 2169 ejusmodi
1901 2103 2192 2159 mulierum

616 2187 980 2243 contubernio
1011 2191 1209 2257 partim
1241 2191 1294 2246 in
1316 2207 1560 2264 praeceps
1588 2192 1722 2264 lapsi
1747 2193 1878 2259 sint,
1908 2196 2103 2265 partim
2140 2199 2189 2250 in

615 2281 980 2350 suspicionem
1008 2282 1280 2337 venerint.
1298 2281 1487 2353 Itaque
1516 2285 1730 2340 etiamsi
1753 2284 1879 2354 quis
1908 2301 2191 2342 concesse-

616 2372 689 2426 rit
727 2371 859 2426 nihil
896 2371 962 2426 ab
998 2388 1064 2427 eo
1095 2383 1255 2444 turpe
1293 2373 1457 2445 282
1492 2373 1780 2438 committi,
1827 2374 2189 2445 suspicionem

618 2476 793 2517 tamen
826 2479 948 2534 qua:
985 2465 1110 2520 inde
1157 2467 1307 2521 nasci
1357 2467 1518 2532 solet,
1559 2466 1719 2522 vitari
1751 2467 2071 2536 oportebat,
2125 2484 2191 2524 ne

613 2570 941 2624 quemquam
964 2555 1283 2622 oﬂ‘enderet,
1316 2571 1451 2612 neve
1479 2558 1694 2628 aliquos
1725 2559 1792 2611 ad
1826 2557 2188 2612 imitationem

615 2646 695 2697 sui
725 2655 1066 2715 provocaret.
1098 2647 1217 2712 Quo
1237 2649 1380 2702 enim
1419 2650 1577 2703 modo
1613 2645 1918 2714 increjzabit
1944 2645 2108 2700 alium
2137 2652 2191 2700 et

615 2737 927 2793 admonebit
970 2748 1084 2794 uta
1126 2738 1481 2810 frequentiori
1526 2738 1767 2794 mulieris
1796 2737 2188 2792 consuetudine

614 2829 907 2896 abstineat,
943 2846 1010 2886 ne
1053 2832 1197 2886 forte
1247 2841 1472 2888 corruat
1509 2832 1649 2887 sicut
1689 2830 1954 2902 scriptum
1983 2841 2106 2885 est:
2143 2828 2189 2885 ls

612 2923 704 2991 qui
731 2937 894 2997 unam
927 2924 1144 2993 quidem
1169 2924 1282 2993 jam
1316 2925 1542 2992 dimisit,
1578 2925 1715 2980 duas
1743 2940 1872 2980 vero
1899 2933 2062 2979 aetate
2086 2923 2186 2979 llo-

613 3023 796 3071 rentes
846 3023 902 3073 et
939 3017 1111 3072 forma
1139 3018 1468 3089 conspicuas
1511 3033 1694 3074 secum
1744 3017 1932 3085 habet,
1964 3026 2018 3074 et
2052 3032 2187 3088 quo-

610 3126 826 3179 cunque
871 3109 1239 3180 proficiscitur
1291 3111 1690 3177 circumducit;
1759 3111 1921 3180 idque
1972 3109 2184 3165 deliciis

613 3203 858 3258 diﬂlnens
907 3213 961 3257 et
995 3202 1168 3273 epulis
1206 3216 1326 3261 sese
1362 3203 1724 3274 ingurgitans.
1764 3196 1859 3257 His
1897 3203 1963 3259 de
2003 3205 2185 3258 causis

609 3311 799 3352 omnes
825 3297 1038 3365 quidem
1069 3295 1209 3365 apud
1239 3309 1298 3350 se
1332 3294 1584 3364 privatim
1622 3295 1989 3364 ingetniscunt
2019 3305 2184 3364 atque

609 3387 884 3456 suspirant
913 3404 927 3440 :
961 3386 1055 3440 sed
1092 3387 1390 3455 potentiam
1423 3385 1540 3454 ejus
1573 3401 1638 3441 ac
1673 3387 2012 3457 tyrannidem
2044 3387 2181 3441 adeo

609 3477 989 3541 reformidant,
1020 3486 1080 3529 ut
1101 3491 1359 3531 accusare
1390 3475 1537 3530 illum
1563 3492 1667 3530 non
1690 3477 1944 3532 audeant.
1979 3475 2179 3532 Verum

609 3571 676 3624 de
709 3570 796 3625 his
824 3570 967 3625 sicut
1009 3577 1165 3625 antea
1207 3567 1466 3632 diximus.
1501 3570 1904 3626 exantinaverit
1944 3569 2181 3627 fortasse

609 3665 807 3734 aliquis
829 3675 882 3719 et
909 3665 960 3718 in
996 3663 1262 3733 judicium
1293 3666 1568 3718 vocaverit
1597 3663 1869 3719 hominem
1896 3663 2179 3719 catholicae

605 3757 984 3826 professionis,
1019 3755 1288 3825 nobisque
1331 3754 1457 3812 fidei
1486 3770 1546 3810 ae
1590 3754 1876 3811 ministerii
1917 3754 2180 3810 societate

607 3839 981 3916 eunjttnctum.
1012 3850 1094 3904 Ab
1124 3850 1227 3904 hoc
1253 3864 1386 3904 vero
1417 3851 1508 3918 qui
1542 3849 1754 3918 prodito
1776 3858 1942 3919 atque
1969 3847 2181 3916 ejurato

606 3943 889 4011 religionis
918 3950 1118 3998 nostra:
1158 3941 1426 4012 mysterio
1469 3941 1536 3995 ad
1565 3940 1952 3996 exsecrandum
1997 3947 2179 3995 trans-

605 4163 896 4216 soraribns.
926 4161 1006 4215 Ex
1043 4163 1238 4229 quibus
1267 4160 1582 4229 esplicanda
1605 4167 1690 4214 est
1716 4157 1798 4229 les
1831 4156 2170 4229 llonorii_44,

608 4234 659 4284 in
705 4235 891 4286 codice
935 4224 1168 4294 'l'heod.,
1210 4231 1276 4284 de
1323 4224 1589 4297 episcopis
1651 4239 1707 4282 et
1751 4227 1965 4281 clericis
1996 4246 2008 4280 :
2035 4224 2173 4279 Eum

595 4303 694 4371 qui
725 4302 1050 4370 probabilem
1093 4299 1676 4371 sa’culondisciplinam
1714 4300 1842 4365 agit,
1877 4299 2170 4371 decolorttri

604 4368 870 4425 consortio
908 4372 1128 4424 sororia:
1157 4369 1526 4436 appellationis
1564 4385 1668 4421 non
1695 4370 1860 4430 decet,
1918 4378 2025 4421 etc.
2082 4368 2172 4420 Sic

2307 553 2433 600 νων,
2467 531 2548 599 οἷς
2578 535 2672 588 καὶ
2698 535 2855 589 τοῦτο
2888 536 2982 588 καὶ
3013 534 3081 587 τὰ
3113 534 3248 587 ἄλλα
3282 535 3654 604 ἁμαρτήματα
3684 534 3860 590 ἀνίατα

2306 627 2433 682 ὄντα
2467 627 2824 699 συγκρύπτει,
2855 627 3107 693 συνειδὼς
3139 627 3233 680 xui.
3265 626 3488 695 ἐλέγξας
3509 627 3656 693 ὅπως
3681 628 3860 692 αὐτοὺς

2307 719 2589 791 ὑπόχρεως
2635 720 2755 792 ἔχῃ.
2809 721 2934 791 περὶ
2969 713 3041 772 ὧν
3084 718 3260 786 λόγοις
3313 720 3407 770 καὶ
3454 717 3633 788 ἔργοις
3680 717 3859 778 ἀδικεῖ,

2309 811 2384 882 μὴ
2429 811 2741 883 τολμῶντας
2787 813 3108 881 κατηγορεῖν
3150 809 3228 880 τῷ
3266 809 3386 862 καθ’
3431 809 3656 872 ἑαυτοὺς
3694 808 3857 879 φόϐῳ·

2306 903 2442 957 ἀλλὰ
2485 905 2577 957 καὶ
2610 902 2894 967 πλουσίους
2928 903 3231 971 ἀπέφηνεν·
3276 901 3359 970 ἐφ’
3405 894 3448 969 ᾧ
3490 899 3627 973 πρὸς
3656 895 3761 954 τῶν
3798 901 3862 958 τὰ

2303 995 2528 1052 τοιαῦτα
2566 995 2868 1068 ζηλούντων
2908 994 3138 1064 φιλεῖται
3188 995 3280 1046 καὶ
3328 991 3691 1064 Θαυμὰξεται’
3723 992 3772 1046 τί
3802 992 3860 1046 ἂν

2304 1089 2475 1142 ταῦτα
2520 1085 2859 1162 γράῲοιμενς
2929 1086 3300 1157 Ἐπιστάμεοα
3336 1085 3413 1149 δὲ,
3460 1085 3746 1156 ἀγαπητοὶ,
3786 1086 3861 1138 ὅτι

2303 1185 2394 1237 τὸν
2441 1184 2734 1236 ἐπίσκοπον
2775 1181 2868 1235 καὶ
2915 1182 2974 1233 τὸ
3028 1181 3288 1250 ἱερατεῖον
3337 1179 3484 1233 ἅπαν
3529 1177 3859 1251 παράδειγμα

2304 1270 2443 1328 εἶναι
2484 1273 2568 1327 δεῖ
2597 1273 2672 1344 τῷ
2703 1271 2895 1343 πλήθει
2937 1271 3152 1333 πάντων
3186 1267 3366 1321 καλῶν
3399 1267 3606 1340 ἔργων·
3636 1266 3728 1320 καὶ
3749 1265 3857 1318 οὐδὲ

2304 1367 2478 1418 ἐκεῖνο
2522 1361 2842 1434 ἀγνοοῦμεν,
2878 1362 2990 1414 ὅσοι
3036 1359 3139 1412 ὑπὸ
3171 1357 3265 1411 τοῦ
3297 1358 3634 1426 συνεισάγειν
3665 1357 3861 1419 ἑαυτοῖς

2302 1460 2563 1529 γυναῖκας
2585 1455 2857 1519 ἐξέπεσον·
2888 1456 2934 1506 οἱ
2963 1452 3006 1505 δ’
3042 1449 3504 1520 ὑπωπτεόθησανο
3538 1449 3676 1503 ὥστε
3707 1451 3795 1504 καὶ
3815 1451 3860 1502 εί

2301 1552 2414 1623 δοίη
2446 1550 2555 1621 (37)
2594 1565 2679 1612 τις
2725 1543 2870 1616 αὐτῷ
2921 1542 2980 1598 τὸ
3025 1545 3189 1615 μηδὲν
3229 1542 3456 1611 ἀσελγὲς
3501 1546 3690 1608 ποιεῖν,
3737 1542 3862 1596 ἀλλὰ

2300 1646 2397 1716 τήν
2438 1660 2502 1711 γε
2554 1640 2809 1694 ὑπόνοιαν
2859 1642 2958 1709 τὴν
3006 1639 3071 1690 ὲκ
3108 1637 3202 1691 τοῦ
3245 1637 3489 1690 τοιούτου
3552 1637 3859 1709 πράγματος

2302 1737 2574 1808 φυομένην
2617 1735 2783 1806 ἐχρῆν
2824 1732 3205 1804 εὐλαϐηθῆναι,
3258 1731 3331 1802 μή
3366 1748 3484 1782 τινα
3528 1729 3857 1803 σκανδαλίσῃ.

2295 1833 2419 1896 τοὺς
2463 1831 2519 1884 δὲ
2568 1830 2660 1884 καὶ
2714 1827 2996 1900 μιμεῖσθαι
3048 1825 3438 1898 προτρέψηται.
3482 1823 3609 1890 Πῶς
3652 1824 3756 1896 γὰρ
3799 1823 3860 1877 ἂν

2297 1917 2641 1989 ἐπιπλήξειεν
2693 1917 2726 1988 ἢ
2786 1915 3156 1985 νουθετήσειεν
3204 1915 3422 1987 ἕτερον,
3475 1914 3551 1985 μὴ
3602 1929 3860 1984 συγκατα-

2296 2011 2502 2066 ϐαίνειν
2545 2010 2799 2063 ὲπιπλέον
2839 2009 2918 2072 εἰς
2947 2008 3142 2061 ταύτὸν
3185 2008 3400 2077 γυναικὶ
3432 2005 3506 2078 μὴ
3551 2005 3733 2076 stic:ij
3766 2022 3860 2074 φυ-

2293 2101 2648 2173 λαττόμενον,
2697 2100 2773 2163 ὡς
2804 2099 3113 2170 γέγραπται
3166 2098 3296 2169 ('58),
3340 2099 3398 2163 ὃς
3446 2115 3530 2161 τις
3588 2099 3714 2169 μίαν
3769 2097 3861 2166 μὲν

2294 2193 2600 2265 ἀπέστησεν
2639 2193 2758 2266 ἤδη,
2799 2192 2891 2246 δύο
2932 2192 2988 2245 δὲ
3035 2191 3389 2262 ἀκμαζούσας
3439 2191 3530 2242 καὶ
3577 2189 3859 2259 εὐπρεπεῖς

2291 2289 2390 2359 τὴν
2419 2285 2540 2356 ὄψιν
2572 2285 2684 2356 ἔχει
2725 2284 2842 2356 μεθ’
2884 2283 3098 2348 ἑαυτοῦ,
3135 2283 3238 2336 κᾶν
3267 2281 3402 2353 ἀπίῃ
3436 2299 3562 2349 που,
3607 2297 3862 2351 συμπερι-

2293 2376 2469 2448 φέρει,
2523 2375 2618 2429 καὶ
2670 2374 2842 2428 ταῦτα
2903 2372 3124 2445 τρυφῶν
3187 2373 3280 2426 καὶ
3331 2370 3858 2444 ὑπερεμπιμπλάμε-

2291 2487 2378 2534 νος
2414 2469 2562 2540 (59);
2612 2461 2711 2520 Ὧν
2753 2468 2915 2521 ἓνεκα
2961 2467 3275 2530 στενάζουσι
3321 2466 3418 2536 μὲν
3457 2465 3554 2518 καὶ
3595 2464 3860 2536 ὀδύρονται

2292 2564 2491 2626 πάντες
2543 2561 2675 2616 καθ’
2716 2562 2961 2624 ἑαυτοὺς,
3001 2559 3143 2612 οὕτω
3202 2559 3259 2612 δὲ
3306 2557 3404 2630 τὴν
3448 2557 3737 2629 τυραννίδα
3776 2555 3861 2608 καὶ

2289 2649 2604 2702 δυναστείαν
2644 2647 2808 2702 αὑτοῦ
2855 2648 3212 2718 πεφόϐηνται,
3259 2646 3401 2700 ὥστε
3428 2648 3753 2719 κατηγορεῖν
3792 2646 3860 2716 μὴ

2289 2741 2511 2813 τολμᾷν.
2560 2740 2720 2794 Ἀλλὰ
2759 2742 2932 2795 ταῦτα
2965 2743 3084 2812 μὲν,
3125 2742 3202 2805 ὡς
3248 2743 3684 2814 προειρήκαμεν,
3717 2739 3862 2793 εὔθυ-

2289 2850 2378 2886 νεν
2414 2833 2478 2886 ἄν
2522 2849 2604 2895 τις
2641 2832 2732 2887 τὸν
2778 2833 2968 2904 ἄνδρα,
3008 2834 3070 2886 τὸ
3112 2831 3244 2901 γοῦν
3289 2833 3549 2905 φρόνημα
3587 2829 3861 2887 καθολικὶν

2288 2922 2497 2996 ἔχοντα,
2535 2925 2629 2980 καὶ
2663 2923 3274 2996 συείκαταριθμούμενον
3306 2927 3457 2994 ἡμῖν,
3495 2925 3590 2979 τὸν
3629 2924 3682 2978 δὲ
3719 2921 3859 2993 ἐξορ-

2288 3016 2596 3087 χησάμενον
2631 3015 2692 3070 τό
2736 3019 3034 3088 μυστήριον
3069 3017 3164 3070 καὶ
3191 3017 3618 3088 ὲμπομπεύοντα
3652 3017 3758 3088 (40)
3796 3013 3856 3085 τῇ

2293 3109 2466 3182 μιαρᾷ
2489 3107 2698 3179 αἱρέσει
2729 3110 2793 3179 τῇ
2845 3109 3088 3179 Ἀρτεμᾷ
3115 3107 3199 3178 (τί
3227 3109 3334 3180 γὰρ
3359 3109 3417 3162 οὐ
3447 3109 3556 3181 χρὴ
3596 3109 3744 3179 μόλις
3773 3106 3858 3158 τὸν

2295 3202 2503 3273 πατέρα
2537 3200 2700 3255 αὐτοῦ
2747 3201 2982 3272 δηλῶσαι
3005 3204 3057 3270 ;)
3097 3202 3248 3256 οὐδὲν
3286 3202 3396 3255 δεῖν
3432 3202 3718 3274 ἡγούμεθα
3748 3198 3859 3253 τοὺ-

2293 3310 2401 3348 των
2433 3295 2560 3357 τοὺς
2595 3292 2884 3364 λογισμοὺς
2928 3296 3199 3348 ἀπαιτεῖν.
3250 3312 3267 3344 ι
3303 3289 3418 3346 Εἶτ’
3457 3294 3550 3347 επὶ
3591 3292 3732 3346 τέλει
3765 3289 3858 3357 τῆς

2290 3388 2581 3458 ἐπιπολῆς
2617 3387 2767 3441 ταῦτ’
2795 3387 3172 3457 ἐπιλέγουσινο
3211 3407 3230 3440 ι
3285 3387 3742 3458 Ἦναγκάσθημεν
3771 3379 3858 3438 οὖν

2288 3479 2741 3551 ἀντιτασσόμενον
2785 3479 2948 3533 αὐτὸν
2988 3478 3066 3550 τῷ
3111 3478 3228 3550 Θεῷ
3277 3479 3368 3532 καὶ
3404 3480 3481 3550 μὴ
3529 3479 3741 3532 εἴκοντα
3775 3479 3858 3529 ὲκδ

2287 3571 2640 3643 κηρύξαντες,
2675 3569 2861 3641 ἓτερον
2889 3569 3004 3624 ἀντ’
3037 3570 3202 3624 αὐτοῦ
3234 3573 3300 3641 τῇ
3333 3569 3598 3642 καθολικῇ
3641 3567 3857 3637 Ἐκκλη·

2287 3666 2378 3738 σία
2427 3664 2764 3734 καταστῆσαι
2813 3662 3110 3716 ἐπίσκοπον
3157 3661 3292 3715 Θεοῦ
3342 3662 3590 3734 προνοίᾳ,
3641 3661 3717 3724 ὡς
3770 3675 3857 3711 πε-

2285 3757 2576 3829 πείσμεθα,
2609 3756 2700 3808 τὸν
2735 3755 2826 3810 τοῦ
2867 3756 3171 3827 μακαρίτου
3207 3754 3318 3826 (41)
3353 3748 3736 3828 Δημητριανοῦ
3768 3752 3855 3805 καὶ

2288 3849 2566 3918 ἐπιφανῶς
2608 3847 2938 3920 προστάντος
2971 3846 3078 3918 πρὸ
3108 3845 3296 3900 τούτου
3330 3845 3430 3917 τῆς
3463 3847 3638 3916 αὐτῆς
3678 3861 3854 3917 παροι-

2289 3940 2412 4005 κίας
2452 3938 2566 3994 υἱὸν
2603 3938 2806 4009 Δόμνον
2855 3937 3026 3994 ἅπασι
3066 3939 3178 4000 τοῖς
3225 3938 3529 4007 πρέπουσιν
3581 3935 3854 4004 ἐπισκὸπῳ

2619 4117 2650 4133 κ

2282 4157 2420 4214 Maz.
2436 4156 2636 4212 etFuk.
2657 4158 2912 4212 scribitur
2930 4156 3554 4228 ὑπερεμπιμπλάμενος,
3579 4170 3740 4228 qua_m
3766 4169 3852 4206 vo-

2278 4240 2394 4297 cem
2438 4243 2542 4281 non
2575 4228 2957 4283 intellexerunt
2993 4224 3334 4296 interpretes.
3375 4224 3630 4297 Arguunt
3674 4224 3850 4279 Patres

2280 4296 2528 4367 Paulum,
2567 4300 2707 4366 quod
2760 4297 3030 4351 formosas
3061 4297 3345 4367 _mulieres
3405 4296 3625 4367 semper
3675 4308 3849 4350 secum

2277 4365 2543 4430 haberet;
2587 4365 2757 4436 idque
2783 4368 2911 4422 luxu
2975 4365 3243 4427 difﬂuens.
3291 4370 3343 4421 in
3380 4365 3705 4434 vino—atque
3727 4380 3853 4434 epu-

603 4441 770 4494 etiam
800 4443 1012 4495 devota:
1042 4440 1151 4494 Deo
1190 4440 1427 4506 virgines
1456 4439 1717 4509 quosdam
1742 4436 1842 4492 sibi
1872 4447 2171 4492 extra-neos
2202 4445 2247 4498 υ
2278 4437 2346 4492 lis
2379 4451 2495 4509 sese
2515 4439 3013 4509 ingurgitans,qtt:e
3046 4438 3284 4509 libidinis
3308 4437 3748 4509 incetttiva_5ttnt.

604 4511 993 4581 adjungebant.
1043 4525 1180 4580 quos
1245 4509 1703 4581 fratre_s__vocare
1755 4515 2168 4581 consueverant.

604 4577 798 4648 Quiam'
812 4577 1105 4650 nequitiam
1132 4579 1446 4650 perstringit
1468 4579 1834 4650 Hieronymus
1861 4579 1910 4632 itt
1945 4577 2171 4650 epistola

605 4645 671 4705 :t'tl
741 4645 1089 4705 Eustochium
1132 4645 1201 4703 de
1260 4645 1506 4704 custodia
1563 4645 1894 4717 virginitatis
1931 4664 1945 4699 :
1978 4645 2174 4700 Frater

603 4735 835 4772 sororem
869 4722 1115 4789 virginem
1140 4722 1350 4776 deserit.
1381 4717 1629 4775 Cwlibem
1654 4719 1854 4787 spernit
1889 4720 2033 4787 virga
2053 4733 2174 4786 ger-

603 4803 854 4843 manum:
883 4790 1103 4857 fratrem
1136 4793 1323 4860 quierit
1364 4801 1691 4844 extraneum.
1742 4789 1810 4842 Et
1844 4805 1962 4860 cunt
2005 4789 2058 4840 in
2087 4804 2174 4840 eo-

602 4863 720 4911 dem
753 4863 1019 4928 proposito
1047 4858 1158 4914 esse
1205 4877 1259 4913 se
1293 4860 1563 4923 simulent,
1602 4868 1845 4927 quaerunt
1880 4858 2173 4912 alienorum

600 4928 840 4991 spiritale
866 4930 1138 4994 solatium,
1166 4941 1218 4983 nt
1257 4933 1399 4985 domi
1433 4931 1654 4983 habeant
1679 4930 1892 4984 carnale
1919 4943 2173 4981 commer-

601 5001 760 5054 cium.
787 4999 1112 5055 Dicebantur
1137 5001 1302 5054 etiam
1335 5012 1738 5056 commattentes
1758 4997 2020 5067 ejusmodi
2051 5013 2170 5067 tnu-

599 5076 782 5122 lieres.
812 5068 904 5126 Sic
931 5070 1077 5124 enim
1125 5071 1444 5126 inscribitur
1474 5087 1648 5126 canon
1696 5066 1798 5124 ille
1833 5069 2046 5124 concilii
2078 5066 2171 5121 Ni-

603 5139 742 5192 eaeni
781 5141 832 5193 in
885 5139 1257 5195 vetustissimo
1305 5142 1426 5196 cod.
1480 5142 1541 5196 (ἰ.
1570 5139 1802 5203 Justelli,
1829 5138 1905 5194 De
1946 5153 2172 5192 camma-

597 5209 858 5263 nentlbus.
878 5212 1156 5280 Agapetas
1177 5224 1393 5279 quoque
1415 5226 1507 5265 eas
1531 5212 1796 5267 vocabant
1818 5220 1952 5265 teste
1981 5207 2171 5280 l-liero—

596 5294 765 5350 nymo
788 5280 840 5334 in
859 5279 1000 5334 dicta
1013 5281 1258 5346 epistola,
1283 5283 1374 5350 ιιὴί
1400 5283 1668 5350 acerrime
1691 5282 1741 5336 in
1759 5297 1850 5336 eas
1873 5279 2166 5350 invehitur.

668 5352 781 5419 (57)
819 5351 922 5417 Ὧς
939 5350 1138 5419 τεκαὶ
1170 5352 1223 5402 εὶ
1267 5349 1420 5416 δοίη.
1451 5349 1670 5405 Rectius
1704 5354 1754 5405 in
1779 5351 1966 5405 codice
1993 5347 2128 5402 Maz.
2151 5387 2169 5413 ,

496 5461 508 5476 .
596 5421 732 5476 Fuk.
757 5418 811 5477 et
838 5423 978 5476 Med.
1013 5418 1209 5492 legitur
1234 5419 1310 5485 ὥς
1335 5423 1381 5474 τ’
1408 5423 1456 5474 εἰ
1483 5422 1576 5474 καὶ
1597 5421 1733 5490 δοίη.
1771 5421 1948 5490 Atque
1973 5420 2044 5472 ita
2080 5420 2166 5471 Μ-

892 5503 949 5546 et
983 5491 1300 5563 Syncellus,
1335 5493 1435 5546 nisi
1483 5494 1624 5560 quod
1662 5492 2026 5560 apostrophen
2062 5505 2167 5544 non

634 5580 642 5588 ρ
670 5563 680 5589 ι
1027 5562 1032 5563 ,

594 5562 923 5710 ξ’δῖξέῗπος
947 5629 1288 5710 τέτραπται..
1317 5627 1574 5710 intelligit
1603 5630 1780 5686 locum
1816 5630 1906 5701 qui
1936 5631 2165 5685 habetur

592 5703 643 5754 in
680 5716 800 5767 cap.
830 5717 936 5754 xxv
965 5703 1352 5755 Ecclesiastici.

665 5770 779 5842 (ὃν)
814 5770 963 5840 Vulg.
996 5771 1616 5842 ὑπερεμπιπλάμενος.
1652 5771 1841 5827 Melius
1886 5772 1940 5826 in
1978 5770 2168 5828 codice
2195 5845 2212 5852 Δ,

2345 4507 2458 4577 (40)
2511 4505 3039 4578 Ἐθὶπομπεύονταη
3088 4506 3422 4576 Nicephorus
3475 4520 3532 4562 et
3575 4505 3849 4578 Syncellus

2278 4574 2477 4632 habent
2502 4574 2985 4649 ἐμπομπεύσαντα,
3018 4577 3124 4649 Sed
3157 4574 3230 4649 _lll—
3262 4580 3451 4632 codice
3500 4574 3640 4632 Mai.
3662 4619 3677 4643 ,
3719 4574 3845 4631 Fuk.

2275 4663 2340 4719 ac
2365 4649 2506 4719 Med.
2538 4647 2977 4719 ‘eptourrabovca
3005 4647 3266 4702 scribitur
3285 4691 3299 4715 ,
3330 4649 3557 4702 rectius.
3587 4649 3845 4719 Caeterum

2276 4718 2328 4773 in
2360 4718 2518 4786 hujus
2543 4717 2647 4774 loci
2681 4717 2930 4774 versimie
2956 4719 3311 4788 corrigendns
3356 4729 3438 4772 est
3485 4717 3719 4785 Rufinus
3751 4717 3850 4788 hoc

2276 4793 2437 4843 modo
2469 4807 2484 4843 :
2509 4788 2611 4842 Hic
2632 4805 2748 4842 vero
2776 4791 2869 4860 qui
2899 4787 3146 4857 abjnrato
3165 4789 3289 4857 ﬁdei
3311 4791 3565 4858 mysterio
3595 4792 3666 4860 ad
3686 4787 3848 4855 pollu-

2274 4860 2531 4914 tissimam
2556 4877 2611 4914 se
2643 4858 2868 4913 Artenam
2893 4860 3133 4914 literesim
3165 4861 3406 4912 contulit.
3442 4860 3509 4913 Et
3545 4858 3705 4927 paulo
3735 4862 3848 4927 post

2275 4930 2362 4982 ubi
2395 4931 2643 5004 leguntur
2669 4931 2783 5004 hpr
2804 4931 2972 5004 verba
2999 4948 3011 4982 :
3040 4927 3143 5004 llic
3166 4945 3285 4982 vero
3319 4931 3409 5004 qui
3433 4926 3695 5004 indignus.
3713 4926 3850 4978 habi-

2273 5008 2358 5054 tus
2378 4998 2585 5054 estesse
2605 5001 2658 5052 in
2688 4999 2925 5054 Ecclesia
2951 4999 3230 5064 catholica,
3253 4998 3532 5053 anathema
3567 4998 3844 5052 scribatur.

2275 5071 2417 5141 Lego
2452 5073 2679 5145 attenta:
2699 5071 2913 5145 scribat,
2954 5081 3014 5145 u_t
3046 5069 3163 5123 fere
3183 5070 3449 5145 scriptum
3500 5071 3706 5123 habent
3747 5067 3846 5145 duo

2275 5139 2624 5195 vetustissimi
2671 5140 2910 5195 codices.
2968 5139 3045 5194 Es
3104 5140 3302 5209 quibus
3343 5140 3507 5194 etiam
3567 5139 3844 5206 sequentia

2272 5212 2591 5279 corrigenda
2631 5221 2755 5263 sunt
2804 5211 2857 5263 in
2895 5211 3040 5264 hunc
3083 5211 3336 5264 modum:
3370 5210 3600 5263 Artemte
3637 5209 3844 5279 scribat,

2271 5293 2318 5334 et
2344 5276 2488 5334 illius
2518 5282 2732 5334 [Heresis
2763 5291 3044 5334 sectatores
3067 5282 3112 5333 ei
3138 5282 3541 5334 communicent.
3583 5278 3677 5334 Sic
3708 5276 3844 5333 enim

2274 5351 2438 5404 habet
2461 5351 2709 5406 Graecum
2741 5353 3018 5419 exemplar
3039 5351 3303 5420 epistolae,
3344 5365 3411 5405 ex
3434 5365 3543 5420 quo
3575 5350 3691 5420 haec
3715 5360 3842 5401 con-

2273 5435 2426 5494 rersa
2461 5433 2606 5494 sunt.
2646 5421 2950 5494 Atqueuita
2998 5419 3519 5494 diserteuscriptum
3555 5419 3721 5494 h_abet
3757 5428 3844 5494 vt;-

2274 5493 2604 5546 tustissitnus
2633 5493 2803 5545 codex
2833 5490 3008 5545 Ilttfini
3042 5492 3095 5544 in
3125 5490 3448 5545 bibliotheca
3481 5491 3542 5546 S.
3570 5489 3840 5544 Germani.

2344 5561 2456 5630 (41)
2504 5560 2612 5616 Τοῦ
2643 5562 2994 5630 μακαρίτου.
3021 5561 3074 5613 ltt
3115 5562 3310 5616 codice
3361 5554 3840 5630 Mcdicmo,Fuke~

2274 5623 2502 5685 tia'no'et
2539 5623 2839 5695 Maiarino,
2879 5637 2939 5690 et‘
2978 5633 3116 5698 apud
3148 5632 3510 5699 Nicephorum
3541 5641 3596 5683 et
3626 5623 3843 5699 Syncel-

2273 5701 2395 5776 ιυιιιΔ
2432 5700 2626 5776 legitur
2667 5700 2759 5754 τοῦ
2793 5703 3081 5776 μακαρίου,
3109 5717 3209 5759 nec
3264 5703 3490 5758 multum
3525 5699 3693 5757 refert
3729 5700 3842 5747 ιιιΐο

2273 5772 2433 5828 modo
2455 5773 2746 5829 scribatur.
