4114 6406
661 400 764 452 719

1246 392 1285 410 θ
1370 392 1640 449 EUSEBII
1680 393 2163 450 CAISARIENSIS
2202 392 2351 448 OPP.
2396 392 2578 448 PARS
2616 394 2660 449 ι.
2703 424 2769 433 -
2810 391 3213 448 HISTORICA.
3850 397 3940 451 τεο

662 532 858 587 magna
894 531 1015 570 cum
1069 513 1227 570 laude
1261 516 1508 569 eamdem
1539 516 1678 570 rexit
1709 515 2032 581 Ecclesium,
2072 517 2245 571 lilium

2352 514 2605 584 βασιλεὺς
2626 514 2937 585 ἐντευχθεὶς
2968 514 3322 585 Αύρηλιανὸς,
3355 514 3683 569 αἰσιώτατα
3714 516 3837 588 περὶ
3873 523 3927 576 οὗ

662 611 967 673 Domuum;
1013 610 1189 663 virum
1223 610 1479 664 omnibus
1521 624 1643 678 qua
1680 610 1997 679 episcopum
2051 611 2248 665 decent

660 704 878 758 dotibus
903 712 1250 758 exornatum.
1285 703 1439 769 Quod
1475 703 1696 772 quidem
1740 702 1946 757 idcirco
1977 702 2131 757 vobis
2165 704 2243 756 si-

657 794 1062 866 gniﬁcavimus,
1095 804 1155 847 ut
1185 804 1241 849 et
1272 796 1339 848 ad
1373 810 1496 849 eum
1522 794 1799 860 scribatis,
1822 807 1878 849 et
1907 794 1976 848 ab
2002 809 2067 849 eo
2094 808 2248 849 com-

659 886 1054 941 municatorias
1096 885 1311 940 litteras
1340 885 1647 955 accipiatis.
1683 883 1781 940 Hic
1814 900 1945 940 vero
1981 885 2047 938 ad
2071 886 2245 939 ‘Arte-

657 992 803 1032 mam
835 978 1059 1045 scribat,
1102 978 1154 1032 si
1207 977 1383 1043 lubet;
1416 987 1470 1031 et
1498 978 1905 1047 qui'Artemam
1935 987 2241 1039 sectantur,

657 1085 782 1125 cum
821 1084 887 1123 eo
928 1071 1349 1125 communicent.
1384 1070 1447 1123 Et
1486 1071 1599 1125 haec
1645 1069 1865 1138 quidem
1904 1084 1933 1123 a
1968 1069 2125 1123 nobis
2159 1070 2247 1122 hic

660 1163 836 1218 relata
860 1163 998 1217 sint.
1026 1164 1192 1232 Igitur
1215 1180 1336 1216 cum
1367 1161 1567 1218 Paulus
1601 1180 1626 1215 ιι
1661 1172 1809 1217 recta
1843 1161 1948 1216 ﬁde
1992 1161 2151 1215 simul
2191 1173 2246 1215 et

657 1257 975 1327 episcopatu
1007 1257 1327 1319 excidisset,
1347 1258 1607 1319 Domnus,
1628 1256 1911 1310 utdictum
1941 1263 2042 1319 est,
2076 1254 2247 1309 admi-

658 1350 1041 1404 nistrationem
1097 1349 1489 1404 Antiochensis
1512 1349 1774 1405 Ecclesiae
1823 1350 2091 1419 suscepit.
2135 1349 2244 1405 Sed

657 1456 781 1495 cum
819 1441 1019 1496 Paulus
1052 1457 1082 1495 e
1118 1442 1278 1495 domo
1328 1441 1572 1496 ecclesia:
1615 1441 1927 1498 nullatenus
1980 1445 2246 1498 excedere

658 1534 859 1599 vellet,
882 1533 1258 1603 interpellatus
1284 1534 1581 1603 imperator
1597 1534 1924 1591 Aurelianus
1943 1535 2247 1591 rectissime

662 1630 764 1680 hoc
806 1626 1078 1695 negotium
1112 1624 1455 1692 dijudicavit,
1485 1625 1551 1680 iis
1592 1627 1812 1681 domum
1861 1626 2002 1681 tradi
2050 1627 2243 1696 prmci~

659 1720 836 1788 piens,
864 1718 1061 1785 quibus
1090 1718 1255 1773 Italici
1281 1718 1603 1773 Christianae
1638 1718 1923 1789 religionis
1968 1718 2245 1774 antistites

658 1821 714 1863 et
758 1811 1039 1865 Romanus
1070 1812 1361 1880 episcopus
1407 1811 1731 1865 scriberent.
1784 1810 1896 1866 Hoc
1947 1812 2107 1866 modo
2160 1812 2246 1865 vir

659 1920 822 1971 supra
862 1914 1198 1957 memoratus
1222 1920 1345 1957 cum
1376 1919 1592 1958 summo
1615 1903 1880 1959 dedecore
1908 1918 2003 1973 per
2019 1902 2246 1958 sazcula-
2278 1881 2320 1935 Β

660 2011 776 2051 rem
800 2006 1125 2065 potestatem
1156 1996 1224 2049 ab
1254 1995 1491 2051 ecclesia
1519 1995 1980 2071 exturbatusest:
2018 1996 2098 2048 Ac
2138 2006 2246 2047 tum

658 2089 881 2159 quidem
913 2104 1039 2161 erga
1071 2099 1286 2144 nostros
1320 2089 1483 2161 283
1519 2089 1600 2144 sic
1631 2086 1861 2143 affectus
1904 2097 2023 2141 erat
2070 2088 2249 2141 Aure—

658 2184 861 2238 lianus.
884 2181 1155 2237 Processu
1194 2197 1322 2236 vero
1357 2182 1621 2251 temporis
1650 2180 1808 2235 aliter
1835 2182 1901 2235 de
1932 2179 2089 2234 nobis
2118 2194 2245 2234 seu-

663 2278 824 2341 tiens,
865 2276 1227 2347 quorumdam
1255 2275 1502 2330 consiliis
1531 2273 1700 2345 cmpit
1733 2272 1937 2344 impelli
1968 2282 2028 2327 ut
2061 2288 2249 2342 perse-

660 2369 937 2424 cutionem
961 2369 1223 2423 adversus
1247 2376 1465 2423 nostros
1498 2375 1887 2421 commoveret.
1920 2364 2157 2433 'Jamque
2183 2379 2246 2417 ea

660 2461 727 2513 de
767 2474 825 2531 re
874 2458 1075 2515 multus
1109 2459 1310 2529 ubique
1351 2472 1537 2513 rumor
1562 2459 1946 2529 spargebatur.
1974 2456 2081 2512 Sed
2123 2472 2245 2511 eum

658 2560 908 2621 paratum
931 2552 1067 2620 jam,
1092 2562 1146 2607 ct
1166 2552 1482 2621 compositis
1499 2562 1694 2606 contra
1731 2565 1831 2604 nos
1854 2550 2073 2615 edictis,
2095 2558 2153 2604 ut
2175 2552 2245 2604 ita

659 2646 915 2709 dixerim,
930 2646 1389 2709 subseribentem,
1409 2644 1615 2712 ultaest
1633 2643 1814 2698 divina
1831 2643 2065 2711 iustitia,
2086 2645 2244 2712 quasi

656 2738 956 2792 constricto
993 2738 1177 2792 cubito
1220 2750 1475 2792 conatum
1516 2738 1633 2806 ejus
1685 2736 2016 2806 reprimens,
2050 2735 2245 2790 simul-

657 2846 763 2898 que
789 2808 1043 2883 omnibus
1093 2830 1438 2899 apertissime
1468 2828 1784 2894 ostendens,
1821 2827 1954 2881 nihil
2004 2843 2241 2896 unquam

658 2923 817 2989 hujus
849 2923 1037 2977 mundi
1078 2923 1420 2993 principibus
1451 2924 1715 2976 adversus
1740 2920 1944 2975 Christi
1968 2920 2248 2976 ‘Ecclesias

655 3014 844 3079 licere,
872 3015 972 3068 nisi
1001 3015 1393 3085 propugnatrix
1413 3013 1506 3069 Dei
1536 3016 1757 3069 dextera
1784 3029 1986 3069 arcano
2009 3015 2245 3083 quodam

656 3100 980 3164 acchesti
1021 3107 1229 3176 judicio
1263 3108 1327 3161 ad
1369 3109 1784 3177 castigationem
1827 3118 1883 3161 et
1910 3106 2247 3163 emendatio-

658 3218 784 3257 nem
817 3212 1081 3265 nostram,
1115 3203 1314 3271 quibus
1357 3202 1459 3271 ipsi
1493 3203 1669 3255 visum
1707 3209 1794 3255 est
1827 3200 2161 3269 temporibus
2194 3200 2247 3255 id

2350 606 2625 678 πρακτέου
2654 605 2919 674 διείληφε,
2949 605 3158 669 τούτοις
3179 609 3361 677 νεῖμαι
3393 610 3765 677 προστάττων
3780 610 3865 663 τὸν
3885 609 3942 664 οἷ-
3980 674 3981 677 η

2348 714 2461 761 κον,
2480 695 2563 761 οἷς
2582 698 2648 751 ἂν
2669 698 2718 750 οἱ
2746 697 2890 750 κατὰ
2913 697 3009 768 τὴν
3048 698 3276 753 Ἰταλίαν
3299 701 3397 752 καὶ
3420 698 3529 769 τὴν
3563 700 3849 770 Ῥωμαίων
3868 704 3943 757 πό-

2347 790 2429 842 λιν
2451 791 2741 843 ἐπίσκοποι
2765 789 2858 842 τοῦ
2876 790 3144 861 δόγματος
3172 792 3581 847 ὲπιοτέλλοιεν.
3616 792 3777 845 οὓτω
3790 795 3945 865 δῆταὸ

2350 881 2724 953 προδηλωθεὶς
2754 883 2895 954 ἀνὴρ
2941 883 3081 954 μετὰ
3113 886 3212 955 τῆς
3256 885 3510 956 ἐσχάτης
3554 884 3822 957 αἰσχύνης
3857 888 3945 944 ὑπὸ

2347 973 2449 1043 τῆς
2496 974 2768 1044 κοσμικῆς
2812 974 2989 1045 ἀρχῆς
3038 974 3385 1041 ἐξελαύνεται
3430 975 3549 1047 τῆς
3612 977 3943 1048 Ἐκκλησίας.

2348 1080 2599 1143 Τοιοῦτος
2646 1081 2746 1151 μέν
2778 1083 2840 1150 γέ
2866 1100 2948 1146 τις
2977 1080 3045 1154 ἦν
3072 1084 3133 1137 τὸ
3158 1086 3419 1156 τηνικάδε
3453 1086 3596 1157 περὶ
3624 1088 3777 1157 ἡμᾶς
3802 1090 3829 1141 ὀ
3855 1089 3945 1143 Δύο

2349 1173 2633 1244 ρηλια.νός⁸
2676 1173 2971 1245 προϊούσης
3002 1175 3045 1227 δ’
3090 1177 3239 1248 αὑτῷ
3271 1180 3369 1249 τῆς
3415 1180 3633 1249 ἀρχῆς,
3670 1180 3875 1235 ἀλλοῖόν
3903 1201 3947 1237 τι

2349 1265 2479 1336 περὶ
2509 1265 2666 1336 ἡμῶν
2700 1269 2999 1339 φρονήσας,
3036 1269 3137 1341 ἤδη
3170 1271 3282 1323 τισὶ
3330 1271 3588 1341 βουλαῖς,
3631 1271 3710 1335 ὡς
3752 1272 3816 1325 ἂν
3841 1274 3945 1329 διω-

2347 1357 2486 1428 γμὸν
2523 1358 2645 1411 καθ’
2680 1360 2839 1431 ἡμῶν
2872 1362 3135 1433 ὲγείρειεν
3158 1363 3501 1417 ἀνεκινεῖτο·
3537 1363 3718 1427 πολύς
3744 1383 3803 1418 τε
3829 1362 3891 1437 ἦν
3917 1371 3944 1421 ὁ

2348 1448 2500 1519 παρὰ
2540 1450 2674 1501 πᾶσι
2702 1439 2832 1521 περὶ
2860 1451 3050 1505 τούτου
3085 1452 3261 1521 λόγος.
3294 1456 3596 1509 Μέλλοντα
3633 1455 3694 1507 δὲ
3727 1455 3824 1527 ἤδη
3865 1460 3944 1511 καὶ

2350 1542 2535 1611 σχεδὸν
2566 1545 2741 1597 εἰπεῖν
2766 1546 2877 1608 τοῖς
2904 1544 3026 1598 καθ’
3053 1546 3208 1617 ἡμῶν
3229 1549 3570 1620 γράμμασιν
3598 1550 3943 1621 ὖποσημειού-

2352 1652 2530 1705 μενον,
2568 1633 2687 1688 θεία
2717 1636 2956 1706 μέτεισιν
2979 1638 3126 1709 δίκη,
3159 1642 3449 1711 μονονουχὶ
3483 1641 3548 1706 ἐξ
3571 1640 3840 1708 ἀγκώνων
3860 1640 3943 1711 τῆς

2348 1727 2715 1799 ἐγχειρήσεως
2760 1727 2921 1779 αὐτὸν
2966 1728 3368 1799 ἁποόεσμοῦσα,
3410 1730 3709 1803 λαμπρῶς
3743 1749 3802 1785 τε
3847 1736 3941 1795 τοῖς

2350 1824 2484 1875 πᾶσι
2539 1823 2772 1893 συνορᾷν
2826 1824 3183 1895 παριστῶσα,
3230 1824 3305 1889 ὡς
3361 1824 3577 1879 οὔποτε
3639 1826 3835 1895 γένοιτ’
3888 1827 3941 1880 ἂν

2352 1910 2601 1984 ῥᾳστώνη
2638 1914 2750 1976 τοῖς
2781 1912 2875 1967 τοῦ
2918 1914 3035 1985 βίου
3069 1916 3297 1987 ἄρχουσι
3341 1918 3489 1970 κατά
3525 1916 3643 1970 τῶν
3683 1916 3779 1969 τοῦ
3823 1918 3939 1989 Χρι-

2352 2003 2478 2057 στοῦ
2502 2004 2835 2075 ἐκκλησιῶν,
2872 2006 2945 2077 μὴ
2972 2008 3093 2078 οὐχὶ
3120 2009 3217 2078 τῆς
3248 2008 3589 2081 ύπερμάχου
3624 2009 3809 2080 χειρὸς
3839 2008 3942 2080 θείᾳ

2350 2099 2445 2150 καὶ
2470 2098 2706 2169 οὐρανίῳ
2744 2099 2952 2171 κρίσει,
2980 2100 3229 2164 παιδείας
3260 2102 3425 2155 ἕνεκα
3458 2103 3564 2155 καὶ
3593 2102 3936 2172 ἐπιστροφῆς,

2351 2189 2470 2243 καθ’
2497 2189 2589 2253 οὓς
2616 2190 2682 2243 ἂν
2716 2190 2855 2261 αὑτὴ
2889 2190 3174 2261 δοκιμάζοι
3214 2194 3466 2263 καιροὺς,
3503 2194 3663 2247 τοῦτ’
3693 2194 3939 2246 ἐπιτελεῖ-

2352 2280 2475 2333 σθαι
2524 2280 2934 2352 συγχωρούσης.
2973 2283 3158 2335 Ἔτεσι
3205 2282 3336 2350 γοῦν
3370 2283 3430 2347 ἒξ
3475 2285 3839 2356 κρατήσαντα
3862 2283 3939 2337 τὸν

2350 2372 2684 2443 Ᾱύρηλιανὸν
2730 2372 3034 2443 διαδέχεται
3084 2372 3324 2443 Προϐοςο
3385 2377 3483 2428 καὶ
3534 2375 3733 2429 τοῦτον
3787 2375 3937 2446 δήπου

2350 2466 2461 2527 τοῖς
2514 2464 2648 2528 ἴσοις
2695 2460 3156 2535 ἐπικατασχόντα,
3211 2466 3396 2537 Κάρος
3451 2469 3579 2539 ἅμα
3634 2484 3753 2530 τοις
3801 2467 3937 2519 παισὶ

2350 2557 2574 2628 Καρίνῳ
2622 2556 2716 2608 καὶ
2758 2556 3121 2628 Νουμεριανῷ
3169 2556 3477 2628 διαδέχεται
3515 2558 3636 2628 (45)
3659 2576 3677 2588 '
3715 2557 3868 2613 πάλιν
3893 2559 3934 2609 τ’

2350 2645 2415 2703 αὖ
2449 2652 2541 2703 καὶ
2566 2649 2769 2702 τούτων
2793 2648 2908 2702 οὐδ’
2940 2649 3082 2712 ὅλοις
3114 2650 3292 2719 τρισὶν
3322 2652 3598 2715 ἐνιαυτοῖς
3636 2648 3935 2720 διαγενομέ⁴

2348 2757 2474 2802 νων,
2512 2739 2719 2810 μέτεισι
2753 2738 2822 2790 τὰ
2845 2738 2946 2808 τῆς
2973 2740 3269 2810 ἡγεμονίας
3311 2743 3391 2803 εἰς
3435 2741 3826 2812 Διοκλητιανὸν
3852 2744 3932 2793 ναὶ

2348 2832 2473 2894 τοὺς
2510 2832 2626 2902 μετ’
2664 2832 2824 2884 αὑτὸν
2855 2832 3300 2902 εἰσποιηθέντας’
3353 2836 3441 2903 ἐφ’
3479 2829 3562 2889 ὧν
3592 2836 3622 2886 ὁ
3656 2835 3776 2887 καθ’
3805 2835 3932 2906 ἡμᾶς

2351 2924 2687 2978 συντελεῖται
2713 2925 2954 2995 διωγμὸς
2992 2925 3125 2996 (46),
3162 2928 3256 2980 καὶ
3285 2929 3318 2999 ἡ
3350 2930 3473 2981 κατ’
3517 2927 3689 2984 αὑτὸν
3716 2929 3825 2980 ’τῶν
3854 2928 3930 2979 ἐκ·

2350 3016 2585 3086 κλησιῶν
2623 3016 2962 3088 καθαίρεσις.
3022 3019 3181 3072 Ἀλλὰ
3218 3020 3329 3090 γὰρ
3368 3021 3559 3093 μικρῷ
3595 3022 3787 3074 τούτου
3816 3020 3929 3091 πρὸ·

2350 3126 2506 3178 τερον
2558 3110 2649 3162 τὸν
2698 3111 2791 3163 ἐπὶ
2844 3112 3062 3183 Ῥώμης
3108 3114 3405 3168 ἐπίσκοπον
3449 3115 3734 3169 Διονύσιον
3772 3114 3929 3167 ἔτεσιν

2350 3203 2505 3256 ἐννέα
2550 3203 2825 3257 διελθόντα
2860 3205 2959 3275 τὴν
3000 3205 3372 3278 λειτουργίαν,
3405 3207 3722 3279 διαδέχεται
3759 3204 3924 3276 Φῆλιξ.

659 3297 778 3351 tieri
835 3284 1168 3366 permisérit.
1228 3297 1400 3351 Porro
1436 3311 1558 3351 cum
1606 3294 1934 3349 Aurelianus
1978 3296 2247 3352 sexennio
2296 3296 2585 3366 imperium
2638 3299 2929 3362 tenuisset,
2982 3300 3036 3353 in
3062 3299 3177 3368 ejus
3206 3301 3381 3355 locum
3407 3300 3684 3356 Successit
3709 3297 3918 3353 Probus.

656 3392 764 3461 Qui
789 3392 1016 3445 totidem
1050 3392 1208 3446 annis
1242 3392 1452 3462 imperii
1482 3390 1960 3445 administratione
1991 3389 2339 3459 perfunctus,
2373 3390 2572 3445 Carum
2604 3407 2726 3445 cum
2754 3392 2954 3447 Carino
2980 3402 3035 3448 et
3061 3391 3392 3448 Numeriano
3415 3394 3544 3449 ﬁliis
3575 3405 3923 3446 successorem

660 3486 904 3555 reliquit.
934 3484 996 3540 lli
1031 3502 1153 3541 cum
1189 3502 1253 3541 ne
1280 3488 1573 3542 triennium
1604 3486 1827 3555 quidem
1897 3501 1949 3538 tu
2002 3484 2317 3554 principatu
2349 3485 2684 3555 explessent,
2731 3501 2914 3540 rermn
2968 3502 3179 3541 summa
3222 3487 3402 3542 delata
3443 3496 3531 3541 est
3582 3484 3918 3544 Diocletiano,

659 3589 840 3656 iisque
873 3584 965 3653 qui
996 3596 1187 3655 postea
1215 3588 1279 3639 ad
1308 3586 1520 3654 imperii
1578 3583 1901 3637 societatem
1949 3582 2104 3635 asciti
2165 3589 2311 3636 sunt.
2367 3582 2608 3648 Quorum
2642 3583 2983 3651 temporibus
3014 3584 3249 3637 maxima
3278 3583 3363 3637 illa
3404 3593 3723 3637 nostrorum
3758 3590 3919 3648 perse-

658 3683 1130 3752 cutio,‘simulque
1165 3681 1525 3735 ecclesiarum
1578 3679 1797 3735 eversio.
1836 3686 2161 3747 perpetrata
2194 3688 2304 3732 est.
2345 3677 2614 3733 Caeterum
2646 3681 2807 3747 paulo
2834 3686 2958 3732 ante
2992 3679 3107 3733 lucc
3141 3688 3384 3749 tempora
3418 3688 3643 3733 mortuo
3671 3675 3917 3745 Dionysio.

657 3781 750 3851 qui
784 3794 977 3834 novem
1015 3776 1174 3830 annis
1202 3774 1457 3827 Romamn
1484 3774 1636 3825 urbis
1656 3771 2026 3840 episcOpatutn
2067 3770 2499 3835 administrarat,
2528 3769 2686 3823 Felix
2722 3770 2774 3823 iu
2816 3769 2932 3838 ejus
2965 3770 3142 3823 locum
3174 3770 3499 3824 substitutus
3531 3778 3641 3824 est.

1218 3865 1448 3922 CAPUT
1488 3863 1680 3917 ΧΧΧΙ.

2867 3859 3263 3914 ΚΕΦΑΛΑΙΟΝ
3301 3862 3444 3914 ΛᾹ’.’

661 3966 739 4020 De
786 3963 1200 4018 Mauichworum
1244 3975 1421 4014 errore
1465 3958 1555 4028 qui
1601 3966 1724 4010 tunc
1770 3958 1999 4025 primunt
2033 3964 2247 4010 exortus

2350 3954 2491 4028 Περὶ
2523 3950 2630 4019 τῆς
2643 3950 2780 4028 Δτῶφζ
2809 3951 3536 4028 Μανιχαίωιχςὲξτερρδόξου
3566 3944 3915 4028 διαστροφῆς

1405 4042 1499 4082 εει.

722 4130 927 4182 'Iisdem
962 4124 1307 4195 temporibus
1349 4122 1435 4177 ille
1469 4122 1667 4175 merito
1702 4120 1883 4175 dictus
1926 4118 2144 4182 Manes,
2194 4118 2246 4171 id

659 4234 744 4278 est
788 4222 1051 4285 furiosus,
1111 4219 1202 4287 qui
1264 4216 1653 4271 daamouiacam
1709 4212 1958 4268 hieresim
2012 4212 2247 4265 nominis

662 4315 745 4369 sui
773 4313 1039 4376 condidit,
1067 4320 1309 4364 armatus
1340 4310 1574 4371 insania,
1608 4309 1676 4362 ab
1692 4306 2005 4361 adversario
2030 4305 2122 4358 Dei
2148 4302 2247 4357 Sa-

667 4419 790 4460 tana
831 4406 899 4457 ad
936 4404 1229 4457 multorum
1278 4401 1558 4455 hominum
1607 4398 1905 4468 perniciem
1953 4396 2246 4465 productus

659 4510 761 4552 est.
797 4497 895 4551 llic
943 4498 995 4549 in
1041 4494 1292 4547 universa
1322 4491 1537 4545 vivendi
1585 4490 1797 4544 ratione
1837 4504 1961 4543 cum
1996 4501 2248 4542 sermone

663 4590 782 4657 ipso
808 4597 920 4641 tum
953 4586 1196 4639 moribus
1225 4583 1514 4645 barbarus,
1547 4591 1603 4635 et
1631 4587 1821 4649 suapte
1847 4589 2043 4631 natura
2077 4576 2248 4630 furio-

657 4697 759 4737 sus
806 4697 869 4736 ac
921 4682 1331 4739 dzemoniacns,
1389 4676 1474 4731 his
1514 4685 1879 4730 consentanea
1931 4686 2245 4742 aggressus,

644 4776 903 4844 ‘seipsum
937 4773 1213 4829 Christum
1247 4773 1452 4840 ﬁngere
1484 4770 1736 4824 instituit.
1769 4766 1832 4820 Et
1857 4781 1999 4852 nunc
2026 4764 2242 4833 quidem

657 4866 1002 4922 Paracletum
1056 4881 1136 4927 se,
1193 4864 1481 4932 ipsumque
1534 4860 1800 4929 Spiritum
1845 4867 2092 4912 sanctum
2125 4868 2246 4910 esse

659 4956 1013 5026 praedicabat,
1040 4962 1236 5023 prmter
1264 4952 1529 5005 iusauiatu
1563 4951 1817 5018 superbia
1843 4948 2011 5002 etiam
2043 4948 2240 5002 elatus.

2421 4022 2551 4089 ἄρτι
2584 4023 2717 4075 τότε
2749 4021 3092 4091 ἀρξαμένης
3130 4021 3267 4091 (Nic.
3303 4021 3376 4075 Η.
3407 4022 3471 4077 Ε.
3527 4040 3604 4087 vr,
3640 4022 3851 4090 31,52).

2435 4116 2522 4166 Ἐν
2554 4114 2726 4184 τούτῳ
2759 4115 2852 4167 καὶ
2883 4118 2910 4167 ὁ
2944 4115 3150 4177 Man/ai;
3182 4116 3281 4177 τὰς
3316 4116 3538 4185 φρένας,
3572 4113 3912 4185 ὲπώνυμόςτε

2349 4207 2448 4278 τῆς
2485 4206 2853 4277 δαιμονιώδης
2903 4206 3167 4276 αἱρέσεως
3214 4184 3493 4278 (47),τὴν
3529 4207 3628 4261 τοῦ
3681 4184 3911 4273 λογισμοῦ

2351 4300 2714 4371 παρατροπὴν
2743 4298 3137 4363 καθωπλίζετο,
3171 4299 3267 4353 τοῦ
3296 4299 3550 4370 δαίμονος
3576 4297 3735 4353 αὐτοῦ
3760 4297 3908 4365 δήπου

2349 4390 2443 4443 τοῦ
2485 4389 2759 4461 θεομάχου
2804 4391 3022 4443 Σατανᾶ
3064 4390 3159 4442 ἐπὶ
3204 4390 3351 4463 λύμῃ
3391 4390 3605 4444 πολλῶν
3647 4391 3734 4441 τὸν
3763 4384 3909 4453 ἄνδρα

2353 4482 2813 4555 προϐεϐλημένου.
2845 4481 3130 4555 Βάρϐαρος
3162 4483 3299 4553 δῆτα
3332 4484 3423 4537 τὸν
3451 4482 3565 4553 βίον
3602 4480 3743 4551 αὐτῷ
3784 4476 3905 4545 λόγῳ

2351 4575 2446 4627 καὶ
2472 4574 2688 4646 τρόπῳ,
2719 4575 2819 4645 τήν
2850 4591 2909 4626 τε
2946 4573 3107 4643 φύσιν
3141 4574 3452 4645 δαιμονικός
3484 4593 3571 4639 τις
3599 4574 3672 4627 ὢν
3704 4571 3787 4626 καὶ
3820 4584 3905 4637 μαι

2351 4667 2575 4737 νιὼδης,
2606 4667 2874 4721 ἀκόλουθα
2913 4667 3125 4731 τούτοις
3166 4668 3454 4739 ἐγχειρῶν,
3501 4666 3729 4740 Χριστὸν
3763 4659 3901 4715 αὑτὸν

2354 4759 2729 4831 μορφάζεσθαι
2782 4760 3060 4830 ἐπειρᾶτο,
3115 4760 3236 4812 τοτὲ
3287 4760 3386 4830 μὲν
3438 4759 3527 4814 τὸν
3576 4754 3899 4829 Παράκλητον

2349 4853 2444 4907 καὶ
2470 4853 2603 4906 αὐτὸ
2631 4854 2693 4906 τὸ
2740 4851 2965 4924 Πνεῦμα
3008 4852 3069 4905 τὸ
3111 4853 3266 4917 ἅγιον
3299 4853 3461 4916 αὐτὸς
3501 4853 3687 4906 ἑαυτὸν
3718 4851 3894 4911 ἀνακη-

2350 4944 2578 5017 ρύττων,
2615 4948 2710 5000 καὶ
2743 4946 3079 5017 τυφούμενος
3108 4962 3172 5013 γε
3206 4946 3298 4998 ἐπὶ
3339 4948 3405 5016 τῇ
3439 4944 3607 5015 μανίᾳ
3640 4942 3765 5013 (48),
3794 4934 3895 4988 τοτὲ

660 5050 815 5102 Νῆις
834 5062 980 5109 vero,
1002 5048 1153 5114 quasi
1183 5045 1463 5105 Christus,
1485 5042 1773 5096 duodecim
1803 5039 2105 5110 discipulos
2123 5035 2247 5091 novi

2349 5038 2403 5091 δὲ
2434 5033 2523 5092 οἷα
2552 5039 2807 5107 Χριστὸς,
2844 5037 3090 5109 μαθητὰς
3121 5036 3327 5090 δώδεκα
3368 5038 3653 5100 κοινωνοὺς
3680 5033 3770 5099 τῆς
3797 5043 3894 5080 και-

660 5140 929 5209 dogtnatis
950 5147 1232 5193 consortes
1251 5135 1505 5206 eligebat.
1544 5133 1676 5187 Cum
1709 5132 1872 5202 igitur
1895 5130 2031 5185 l'alsa
2064 5141 2118 5184 et
2143 5131 2244 5183 im-

731 5326 843 5401 (d5)
878 5322 1640 5401 Novyepratfcdﬁtadézstqt.
1666 5321 1879 5401 Ultima
1901 5335 2003 5401 κίοι
2034 5320 2183 5376 abest
2212 5337 2240 5373 τι

659 5390 836 5453 tribus
867 5390 1376 5451 nostris'codieihus
1402 5390 1561 5453 una...
1583 5393 1724 5446 Med.
1757 5402 1811 5445 et
1842 5390 1999 5453 Fuk.,
2019 5402 2073 5445 et
2100 5402 2249 5446 recte

658 5469 947 5523 subaudiri
1003 5478 1176 5537 potest
1216 5483 1337 5520 cum
1387 5466 1501 5537 jam
1561 5465 1920 5537 praecesserit.
1963 5464 2018 5517 In
2058 5464 2249 5537 iisdem

658 5540 963 5601 codicibus,
999 5532 1225 5606 perinde
1255 5552 1317 5589 ac
1362 5532 1413 5588 in
1452 5534 1731 5606 Saviliano
1764 5536 2037 5606 scriptum
2070 5532 2250 5606 inveni

657 5612 775 5680 ἅμα
825 5603 1013 5662 παισὶν
1058 5609 1281 5679 Καρίνῳ
1320 5607 1415 5659 καὶ
1441 5603 1797 5676 Νουμεριανῷ
1839 5606 1955 5661 sine
2001 5603 2252 5659 articulo.

657 5683 788 5733 Item
819 5680 876 5733 δέ
899 5697 997 5733 που
1037 5696 1139 5732 non
1172 5680 1389 5750 aqum).

733 5752 843 5821 (46)
893 5751 945 5802 '0
978 5752 1108 5803 καθ’
1137 5744 1364 5819 ἡμᾶς...
1401 5746 1672 5821 διωγμός.
1696 5746 1787 5801 Sic
1824 5746 1886 5821 in
1922 5746 2084 5821 codd.
2105 5744 2248 5800 Med.

659 5830 715 5874 et
744 5818 902 5873 'Maz.
935 5823 1165 5887 legitur.
1210 5832 1375 5874 recte.
1422 5818 1704 5884 Quomodo
1765 5819 1927 5888 etiam
1982 5819 2248 5888 scriptum

656 5892 863 5949 habent
886 5893 1043 5948 codd.
1075 5890 1209 5948 Fuit.
1230 5903 1283 5950 et
1308 5890 1472 5961 Savil.
1509 5889 1685 5962 Vulg.,
1714 5887 1892 5960 ἡμῶν.

2346 5134 2602 5204 νοτομίας
2652 5132 2999 5205 αἱρούμενος.
3053 5131 3310 5203 Δόγματά
3357 5149 3421 5201 γε
3468 5131 3575 5202 μὴν
3624 5124 3779 5201 ψευδῆ
3817 5119 3893 5174 καὶ

2427 5321 2538 5393 (47)
2558 5320 2713 5387 Vulg.
2731 5322 3155 5391 ὃαιμονιώὸους
3170 5320 3467 5390 αἱρέσεως.
3490 5320 3545 5374 In
3564 5318 3736 5393 codice
3751 5305 3888 5393 Ηξβξθ

2355 5377 3147 5465 εςῦἰὺῖιιιιοΑνδάιμονώσης,νυ(
3177 5377 3387 5465 ιιῦηιυίι
3425 5377 3593 5465 etiam
3628 5386 3749 5465 Rob.

2356 5462 2585 5535 phanus.
2621 5462 2725 5535 Sed
2742 5459 2814 5535 ςεη
2854 5459 3223 5535 vetuistissimo
3263 5462 3451 5535 codice
3494 5459 3882 5535 Mazariugsﬁrj:

2353 5528 2504 5605 ptum
2535 5533 2711 5605 inveni
2735 5532 3408 5605 anmwdmng,quomodo
3444 5531 3605 5587 etiam
3653 5528 3882 5596 Icgiturm

2359 5603 2519 5657 codd.
2549 5602 2663 5657 Fuk
2709 5618 2772 5657 ac
2805 5602 3102 5660 Saviliauo.

2429 5674 2541 5743 (48)
2588 5675 2964 5742 Τυφούμενός
2997 5692 3061 5743 γε
3082 5674 3179 5727 ἐπὶ
3219 5671 3295 5743 τῇ
3310 5674 3514 5744 μανίᾳ.
3560 5670 3702 5744 Hunc
3735 5662 3880 5744 locat"

2357 5738 2462 5798 non
2498 5738 2878 5798 intellexerunt
2912 5738 3519 5812 interprctesfliulinus
3562 5742 3756 5810 quidem
3784 5738 3882 5812 νέιξς

2357 5816 2421 5866 tit
2446 5825 2493 5868 et
2527 5815 2695 5868 elatus
2730 5816 2957 5869 insania.
3006 5803 3098 5870 Sic
3154 5816 3298 5869 enim
3335 5816 3533 5868 habent
3576 5803 3876 5866 manuscripli

2360 5887 2594 5951 codices.
2628 5885 2735 5954 Nec
2768 5886 2926 5943 aliter
2964 5884 3239 5943 Masculus
3278 5896 3331 5942 et
3381 5878 3873 5951 Christophorsouul-
