4114 6406
282 339 385 396 721

1284 343 1634 401 HISTORUE
1679 345 2242 403 ECCLESIASTICE
2281 345 2410 401 LIB.
2452 343 2567 399 VII.

3455 339 3558 394 722

276 459 417 515 ἄθεα
460 460 525 513 ὲκ
566 460 772 533 μυρίων
817 461 927 515 τῶν
960 461 1236 532 πρόπαλαι
1283 462 1673 536 ἁπεσὸηκυιῶν
1717 466 1861 537 αἱρέι

1979 466 2066 534 pia
2093 465 2342 532 dogmata
2373 478 2439 518 ex
2461 462 2626 516 variis
2648 460 2950 516 haeresibus
2965 459 3294 532 jampridem
3315 459 3558 515 exstinc-

275 569 424 607 σεων
453 552 565 623 (49)
599 555 1070 626 συμπεφορημένα
1103 553 1396 620 καττύσας,
1430 559 1507 614 ὲκ·
1521 558 1620 629 τῆς
1645 559 1870 630 Περσῶν

274 645 373 698 ἐπὶ
403 647 506 716 τὴν
538 645 661 699 καθ’
691 647 841 716 ἡμᾶς
886 647 1212 718 οἰκουμένην
1252 647 1446 721 ὥσπερ
1477 649 1600 703 τινὰ
1631 650 1869 721 θανατη-

273 739 450 812 φόρον
499 738 576 792 ἱὸν
623 739 996 812 ὲξωμόρξατο·
1059 742 1151 808 ἀφ’
1207 734 1268 794 οὗ
1323 741 1387 813 δὴ
1440 741 1502 796 τὸ
1553 744 1870 814 Μανιχαίων

273 831 543 896 δυσσεϐὲς
572 831 766 903 ὄνομα,
802 835 916 896 τοῖς
942 832 1156 896 πολλοῖς
1199 834 1366 887 εἰσέτι
1403 833 1511 888 νῦν
1532 834 1866 900 ἐπιπολάζει.

274 925 522 995 τοιαύτη
559 925 656 995 μὲν
684 922 779 978 οὖν
807 927 840 996 ἡ
880 927 976 978 καὶ
1005 926 1166 995 τῆσδε
1199 926 1296 996 τῆς
1338 926 1871 998 ψευδωνύμου-γνώ-

281 1037 424 1084 σεως
454 1019 731 1083 ὑπόθεσις,
766 1019 910 1072 κατὰ
948 1021 1074 1084 τοὺς
1105 1019 1506 1091 δεδηλωμένους
1534 1021 1868 1091 ὑποφυείσης

277 1113 530 1185 χρόνους.

797 1207 1194 1259 ΚΕΦΑΛΑΙΟΝ
1243 1206 1365 1259 AB’.

278 1298 420 1366 Περὶ
463 1297 584 1351 τῶν
621 1297 752 1368 amo?
804 1296 962 1368 ἡμᾶς
1004 1298 1228 1364 αὐτοὺς
1279 1298 1736 1367 διαστρεφόντων
1776 1299 1872 1352 ὲκ·-

351 1367 809 1438 κλησιαστικῶν
844 1367 1110 1437 ἀνδρῶν,
1142 1371 1303 1435 τίνες
1351 1387 1416 1422 τε
1467 1368 1664 1423 αὐτῶν
1692 1368 1872 1438 μέχρι

352 1437 484 1510 ζῇς-
499 1439 617 1492 τῶν
659 1439 1006 1504 ἐκκλησιῶν
1056 1439 1407 1508 πολιορκίας
1439 1437 1868 1510 ἔμειναν-(διε.

353 1509 427 1562 Η.
457 1508 523 1562 Ε.
559 1527 633 1571 vt,
663 1510 752 1572 54,
775 1510 888 1578 57).

357 1600 498 1653 Καθ’
546 1599 641 1664 οὓς
672 1600 881 1672 Φήλικα
919 1601 1019 1673 τῆς
1061 1602 1349 1672 Ῥωμαίων
1383 1601 1693 1672 προστάντα
1749 1601 1870 1653 ’Ex-

279 1691 514 1764 κληςξας
567 1692 711 1746 ἔτεσι
759 1693 944 1754 πέντε,
997 1693 1325 1763 Εὑτυχιανδς
1381 1692 1714 1763 διαδέχεται·
1763 1692 1870 1745 οὐδ’

1974 562 2042 615 tis
2073 558 2202 612 hinc
2233 557 2360 613 inde
2404 556 2633 611 collecta
2679 553 3143 616 consarcinasset,
3173 568 3236 607 ea
3296 561 3554 622 tanquam

1973 656 2134 710 letale
2178 655 2453 724 quoddam
2489 653 2638 706 virus
2681 665 2746 704 ex
2793 648 3014 703 Perside
3055 647 3223 720 284
3270 649 3323 702 iu
3367 645 3556 701 orbem

1973 748 2278 801 Romanum
2323 744 2533 801 eﬂ'udit.
2582 743 2659 797 Ex
2709 756 2818 810 quo
2858 740 3084 808 impium
3138 738 3558 792 Manichaeorum

1974 853 2168 893 nomen
2194 848 2466 898 exortum,
2496 835 2680 890 multis
2709 834 2763 887 in
2793 832 2926 887 locis
2947 832 3014 886 ad
3039 830 3183 884 hunc
3213 843 3385 898 usque
3415 828 3557 881 diem

1973 932 2258 986 exuberat.
2315 927 2589 998 Ejusmodi
2652 924 2752 978 fuit
2809 923 2966 994 origo
3029 920 3355 975 adulterinae
3413 917 3562 972 illius

1973 1025 2258 1088 doctrinae,
2277 1036 2396 1092 quae
2417 1036 2577 1089 supra
2609 1017 2928 1072 memoratis
2953 1011 3291 1084 temporibus
3312 1009 3556 1067 emersit.

2504 1203 2733 1258 CAPUT
2777 1200 2994 1255 XXXII.

1975 1298 2051 1352 De
2083 1298 2208 1352 ciris
2237 1296 2603 1351 ecclesiasticis
2638 1295 2726 1360 qui
2761 1305 2936 1348 nostra
2971 1302 3125 1346 a'tate
3165 1293 3478 1360 ﬂoruerunt,
3506 1299 3554 1341 et

2041 1371 2260 1438 quinam
2296 1385 2360 1421 ea:
2392 1367 2517 1432 ipsis
2566 1381 2725 1434 usque
2759 1364 2827 1419 ad
2858 1365 3180 1419 eversionem
3214 1362 3554 1416 ecclesiarum
3639 1421 3642 1424 ς

2043 1438 2423 1507 superfuerint.

2046 1593 2160 1660 Qua
2199 1603 2519 1663 tempestate
2553 1608 2673 1647 cum
2709 1593 2860 1648 Felix
2889 1594 3127 1662 quinque
3158 1594 3318 1648 annis
3356 1591 3560 1647 Roma-

1977 1702 2100 1740 nam
2145 1686 2504 1755 gubernasset
2543 1685 2868 1748 Ecclesiam,
2911 1685 3283 1756 Eutycbianus
3332 1685 3384 1738 in
3437 1685 3557 1755 ejus

277 1783 421 1846 ὅλοις
447 1783 502 1836 δὲ
539 1784 703 1856 μησὶν
737 1779 893 1848 οὗτος
923 1783 1056 1838 δέκα
1111 1785 1226 1855 (50)
1259 1785 1642 1861 διαγενόμενος
1663 1825 1677 1850 ,
1725 1785 1764 1837 Γ
1769 1784 1861 1854 alii;

1977 1777 2152 1831 locmn
2180 1779 2467 1832 successit.
2497 1776 2596 1843 Qui
2622 1777 2708 1832 vix
2735 1779 2924 1832 decem
2953 1778 3232 1832 mensibus
3264 1779 3316 1831 in
3349 1778 3558 1846 episco-

278 1876 360 1946 τῷ
387 1874 511 1928 καθ’
543 1877 689 1946 ἡμᾶς
730 1875 1049 1937 καταλείπει
1075 1877 1167 1930 τὸν
1199 1877 1416 1948 κλῆρον.
1446 1877 1556 1930 Καὶ
1593 1876 1784 1938 τούτου
1813 1875 1870 1929 δὲ

279 1970 426 2044 ἀμφὶ
458 1969 525 2023 τὰ
559 1971 959 2030 πεντεκαίδεκα·
985 1971 1077 2044 ἔτη
1111 1972 1466 2044 προστάντος,
1501 1971 1871 2044 Μαρκελλῖνος

278 2062 518 2134 κατέστη
549 2063 821 2134 διάδοχος,
843 2064 900 2117 ὃν
941 2065 1032 2124 καὶ.
1054 2063 1215 2116 αὐτὸν
1238 2066 1265 2117 ὁ
1289 2063 1526 2134 διωγμὸς
1548 2064 1865 2154 κατείληφεε

279 2157 440 2209 Κατὰ
464 2156 652 2208 τούσδε
678 2157 776 2228 τῆς
815 2155 1132 2226 Ἀντιοχέων
1165 2158 1471 2228 ἐπισκοπῆς
1505 2158 1640 2227 μετὰ
1668 2157 1870 2228 Δόμνον

284 2251 529 2321 ἡγήσατο
561 2248 821 2320 Τίμαιος·
857 2250 915 2302 ὃν
947 2251 974 2302 ὁ
1018 2251 1139 2304 καθ’
1179 2253 1324 2321 ἡμᾶς
1358 2251 1628 2315 διεδέξατο
1669 2251 1872 2322 Κύριλ-

274 2342 387 2406 λος.
417 2342 556 2395 Καθ’
586 2342 644 2394 δν
671 2341 945 2414 Δωρόθεον
978 2343 1090 2412 (Eii)
1121 2345 1411 2416 πρεσϐείου
1445 2345 1539 2403 τοῦ
1573 2345 1713 2398 κατὰ
1755 2347 1872 2408 Ἀνέ-

272 2435 520 2504 τιόχειαν
546 2434 852 2514 ἠξιωμένον
877 2435 986 2488 τῶν
1015 2436 1271 2508 τηνικάδε
1305 2436 1483 2506 λόγιον
1511 2437 1678 2509 ἄνδρα
1704 2438 1872 2507 ἔγνω-

279 2545 403 2598 μεν.
444 2529 738 2592 Φιλόκαλος
780 2529 824 2581 δ’
859 2524 1011 2593 οὗτος
1040 2531 1168 2602 περὶ
1199 2531 1265 2584 τὰ
1300 2530 1420 2585 θεῖα
1471 2532 1733 2601 γεγονὼς,
1775 2531 1872 2585 καὶ

274 2620 378 2688 τῆς
422 2617 687 2688 Ἐὁραὶων
734 2618 1047 2692 ἐπεμελήθη
1100 2619 1380 2693 γλώττης,
1415 2621 1490 2685 ὡς
1537 2623 1628 2676 καὶ
1681 2623 1872 2685 αὑταῖς

275 2710 402 2770 ταῖς
446 2707 764 2780 Ἐδραῖκαῖς
793 2712 1032 2782 γραφαῖς
1075 2713 1456 2783 ἐπιστημόνως
1495 2713 1866 2783 ἐντυγχάνειν.

277 2793 391 2850 Ἦν
409 2799 453 2852 δ’
483 2795 636 2865 οὗτος
673 2801 784 2854 τῶν
813 2803 1050 2873 μάλιστα
1084 2803 1407 2875 ἐλευθερίων
1455 2805 1589 2875 (52),
1629 2822 1868 2876 προπαι-

276 2888 428 2953 δείας
465 2909 523 2944 τε
555 2895 655 2962 τῆς
686 2893 808 2947 καθ’
850 2893 1117 2965 Ἕλληνας
1157 2895 1258 2948 οὐκ
1293 2897 1544 2966 ἄμοιρος,
1574 2896 1670 2968 τὴν
1707 2896 1869 2967 φύσιν

279 2978 338 3033 δὲ
389 2981 561 3047 ἄλλως
594 2984 868 3056 εὐνοῦχος,
904 2986 1049 3040 οὕτω
1096 2987 1357 3057 πεφυκὼς
1407 2988 1465 3054 ἐξ
1504 2990 1672 3061 αὐτῆς
1712 2991 1868 3059 γενέ-

280 3092 452 3138 σεως·
493 3074 568 3138 ὡς
598 3075 690 3129 καὶ
725 3074 950 3145 βασιλέα
983 3076 1074 3130 διὰ
1113 3076 1271 3131 τοῦτο
1303 3075 1412 3131 οἷόν
1451 3096 1503 3133 τι
1537 3077 1864 3153 παράδοξον,

277 3167 443 3221 αὐτὸν
486 3166 894 3231 οἰκειώσασθαι,
945 3169 1039 3223 καὶ
1088 3169 1319 3240 τιμῆσαί
1356 3189 1420 3240 γε
1460 3173 1728 3242 ἐπιτροπῇ
1768 3173 1870 3243 τῆς

1975 1881 2103 1941 patu
2126 1873 2444 1932 transactis,
2475 1871 2626 1936 (Iaio,
2657 1870 2748 1939 qui
2785 1879 2968 1924 nostra
2995 1879 3156 1924 aetate
3184 1871 3339 1935 vixit,
3371 1870 3552 1924 sedem

1973 1979 2126 2018 Suam
2150 1962 2491 2031 rcliquit.Hic
2514 1978 2634 2018 eum
2659 1963 2813 2016 anuis
2836 1963 3058 2016 circiter
3101 1963 3414 2033 quindecim
3447 1962 3556 2016 Ec-

1975 2058 2152 2113 clesia:
2184 2051 2508 2125 prml‘nisset,
2529 2071 2903 2111 successorem
2936 2057 3127 2110 babuit
3147 2055 3515 2110 Marcellinum
3541 2073 3554 2109 :

1974 2150 2025 2204 in
2057 2148 2212 2216 cujus
2260 2149 2424 2203 etiam
2460 2160 2700 2218 tempora
2742 2149 2934 2202 incidit
2983 2150 3308 2218 persecutio.
3362 2148 3556 2202 Iisdem

1979 2240 2315 2314 temporibus
2344 2242 2697 2295 Autiocbeum
2721 2241 2980 2295 Ecclesiae
3012 2251 3131 2309 post
3167 2241 3432 2296 Domuum
3467 2241 3559 2294 Τί-

1977 2352 2144 2390 murus
2174 2336 2392 2404 priel'uit
2421 2353 2435 2389 :
2461 2335 2546 2388 cui
2569 2335 2832 2388 successit
2865 2345 3053 2388 nostra
3090 2335 3350 2388 memoria
3383 2333 3559 2406 Cyril-

1973 2427 2077 2482 lus.
2119 2427 2230 2480 Sub
2269 2428 2370 2481 hoc
2417 2425 2748 2482 Dorotbeum
2784 2427 2958 2479 virum
2999 2425 3404 2494 doctissimum,
3445 2426 3555 2480 An-

1975 2518 2241 2572 tioebenaa
2275 2528 2403 2571 tunc
2441 2517 2698 2572 Ecclesiae
2749 2520 3130 2589 presbyterum
3178 2518 3552 2586 cognovimus.

1973 2609 2074 2676 Qui
2111 2625 2232 2665 cum
2269 2610 2704 2665 studiosissimus
2734 2621 2879 2665 esset
2917 2626 3198 2666 sacrarum
3237 2611 3556 2681 Scriptura-

1976 2719 2116 2770 rum,
2155 2702 2483 2758 Hebraicam
2513 2719 2729 2773 quoque
2758 2705 2996 2777 linguam
3023 2704 3308 2770 addidicit,
3340 2705 3478 2760 adeo
3502 2713 3560 2759 ut

1974 2799 2120 2865 ipsos
2148 2798 2312 2852 etiam
2354 2796 2653 2853 Hebraicos
2685 2799 2903 2854 codices
2952 2799 3283 2869 peritissime
3327 2798 3556 2869 legeret.

1974 2887 2211 2942 Eratbic
2238 2888 2455 2958 ingenio
2474 2889 2766 2944 admodum
2792 2890 3030 2954 liberali.
3060 2903 3116 2946 et
3142 2891 3560 2946 humanioribus

1972 2979 2273 3050 disciplinis
2290 2982 2533 3050 apprime
2551 2984 2831 3052 eruditus;
2853 2993 3109 3039 caeterum
3135 2985 3203 3038 ab
3221 2983 3338 3055 ipso
3366 2983 3561 3038 matris

1974 3085 2129 3132 utero
2168 3082 2470 3131 eunuchus.
2501 3076 2656 3132 Unde
2686 3089 2740 3132 et
2771 3079 3070 3148 imperator
3102 3089 3358 3147 tanquam
3393 3076 3560 3130 mira-

1972 3168 2095 3222 culo
2119 3168 2550 3238 obsmpel'aelus,
2582 3185 2705 3224 eum
2728 3171 2779 3225 in
2817 3171 3239 3226 familiaritatem
3276 3185 3430 3224 suam
3463 3169 3556 3222 ad-

276 3256 425 3319 κατὰ
462 3257 634 3330 Τύρον
682 3257 950 3330 ἁλουργοῆ
995 3261 1192 3333 βαφῆς.
1235 3263 1451 3325 Τούτου,
1487 3263 1722 3334 μετρίως
1766 3263 1861 3330 τὰς

1971 3261 2150 3325 scivit,
2179 3270 2234 3315 et
2266 3261 2444 3331 bapbii
2465 3263 2610 3332 quod
2638 3272 2721 3317 est
2748 3265 2888 3333 apud
2916 3264 3120 3337 Tyrum
3145 3273 3554 3334 procuratorem

276 3347 503 3421 Γραφὰς
530 3351 622 3404 ἐπὶ
645 3353 744 3421 τῆς
784 3346 1110 3423 Ἐκκλησίας
1137 3353 1494 3424 διηγουμένου
1530 3353 1865 3424 κατηκούσα-

353 3512 466 3584 (l9)
519 3515 959 3582 Ἆπεσϐηκυιῶν
1011 3517 1320 3584 αἱρέσεων.
1355 3519 1412 3570 1η
1479 3517 1637 3575 codd.
1688 3515 1866 3584 Mam,

279 3583 421 3659 neu.
467 3598 531 3659 Διιι
574 3583 708 3659 Enk.
740 3583 1196 3659 Ascriptumuest:
1243 3588 1336 3659 καὶ
1383 3589 1446 3640 ὲκ
1500 3587 1706 3659 μυρίων
1755 3583 1864 3642 τῶν

279 3655 556 3730 πρόπαλαι
583 3655 974 3730 ἀπεσϐηκότων
1003 3657 1176 3730 ἀθέων
1210 3658 1468 3730 αἱρέσεων
1501 3655 1865 3730 ουμπεφορη-

281 3697 439 3798 μξνα.
473 3726 580 3780 Nec
606 3729 764 3780 aliter
786 3697 984 3796 iegisse
1004 3729 1219 3783 videtur
1247 3697 1496 3798 inlimis,
1514 3697 1616 3798 quti-
1636 3697 1727 3783 si:
1745 3697 1867 3784 :8:-

280 3771 348 3850 trit
379 3814 393 3850 :
424 3797 682 3864 Dogmata
703 3771 872 3851 stult;
904 3771 1132 3869 etvimpia
1168 3771 1210 3852 α⁸
1231 3771 1862 3869 άὲυεηίευλιὲτειὶσῖδίξιιὶ

273 3869 394 3937 jam
433 3869 581 3929 prius
611 3869 860 3937 exstincti
906 3867 1150 3937 fuerant,
1193 3878 1435 3922 mutuam
1486 3867 1859 3924 disseminans.

353 3937 467 4007 (50)
505 3939 708 4006 Μησὶν
735 3934 914 4010 ο-ὗτρςέ
952 3938 1120 4010 δέκα.
1149 3939 1260 3993 lmo
1288 3939 1657 4010 Eutycbiapus
1704 3941 1862 3995 annis

280 4018 427 4072 octo,
455 4010 731 4064 mensibus
753 4009 1006 4063 undecim
1049 4009 1347 4064 Romanam
1378 4009 1519 4063 rexit
1539 4009 1856 4074 Ecclesium,

279 4089 339 4132 ιιι
372 4088 459 4133 est
497 4079 569 4143 ,in
602 4091 783 4134 vetere
825 4079 965 4135 libro
1012 4079 1088 4133 De
1125 4081 1458 4148 pontificibus
1495 4079 1770 4144 liomrmis,
1805 4082 1857 4136 in

279 4164 391 4216 quo
419 4150 546 4202 anni
580 4149 894 4221 pontiﬁcum
943 4167 995 4204 a-
1023 4149 1232 4204 Callisti
1277 4152 1618 4218 pontilicatu,
1656 4161 1715 4206 ut
1744 4151 1852 4221 jam

279 4221 416 4284 dixi,
453 4222 656 4290 optime
702 4220 896 4288 digesti
925 4229 1070 4287 sunt,
1117 4237 1212 4290 per
1246 4224 1494 4276 consules
1526 4223 1627 4275 sub
1659 4220 1852 4290 quibus

279 4291 472 4345 sedere
519 4300 804 4360 ceperunt
859 4291 1051 4346 et-sub
1101 4291 1299 4359 quibus
1333 4293 1631 4348 desierunt.
1686 4293 1856 4346 Euse-

279 4362 402 4415 bius
429 4361 590 4431 igitur
610 4371 747 4435 octo_
766 4376 940 4435 annos
969 4363 1171 4416 ademit
1197 4361 1562 4433 Eutycbiano.
1598 4371 1654 4417 et
1685 4362 1856 4435 Xysto

275 4447 373 4484 eos
410 4445 688 4498 perperam
736 4431 957 4502 largitus
987 4442 1092 4497 est,
1126 4443 1183 4486 ut
1214 4431 1375 4499 supra
1410 4435 1616 4487 uolavi.

364 4503 476 4572 (5|)
529 4504 843 4572 Δωρόθεον.
915 4505 1179 4558 Barouius
1247 4504 1299 4555 in
1366 4503 1738 4556 Notatiouibus
1788 4505 1854 4556 ad

277 4569 720 4644 Martyrologium
752 4571 1076 4638 Romanum,
1132 4574 1272 4627 hunc
1299 4574 1620 4626 Dorutbemu
1643 4575 1856 4644 presbye

282 4642 454 4696 ternuit
506 4643 836 4706 Antiochiae,
873 4645 1126 4698 eumdem
1179 4659 1300 4698 esse
1336 4645 1565 4698 credidit
1597 4659 1719 4696 eum
1755 4642 1861 4699 Do-

279 4715 472 4783 rotbeo
494 4711 621 4783 Tyri
651 4714 991 4783 presbytero.
1015 4715 1172 4783 cujus
1215 4715 1415 4768 mentio
1450 4713 1618 4767 litdie
1645 4714 1857 4768 5'men-

278 4784 355 4836 sis
382 4781 554 4838 Junii.
582 4783 750 4848 Quem
783 4781 998 4838 Baronii
1037 4781 1284 4838 errorem
1313 4785 1426 4853 jam
1463 4785 1669 4837 notavit
1699 4783 1860 4836 Blon-

279 4854 450 4925 deIIus
474 4854 526 4905 in
547 4853 806 4925 Apologia
826 4872 922 4925 pro
949 4857 1215 4910 sententia
1239 4853 1572 4925 Hieronymi,
1593 4870 1714 4925 pag.
1729 4853 1854 4908 274.

279 4921 384 4977 Sed
440 4921 782 4978 dumalium
826 4921 1212 4993 —reprebendit
1268 4921 1612 4986 Blondcllus,
1667 4921 1858 4978 ἦιιιιΙιυ

277 4994 496 5058 gravius
544 4994 772 5063 ipsemet
827 4997 1049 5050 erravit.
1109 4998 1435 5051 Dnrotbeum
1495 4998 1638 5048 enim
1675 4997 1851 5049 Antio-

277 5066 531 5136 cliensem
560 5067 955 5134 presbyterum,
979 5069 1043 5120 de
1059 5082 1165 5136 qtto
1191 5067 1277 5121 hic
1312 5067 1550 5135 loquitur
1572 5066 1856 5132 Eusebius,

277 5134 554 5204 confundit
586 5151 710 5189 cum
769 5137 1042 5191 Durotbeo
1077 5134 1424 5191 “cubiculario
1474 5138 1604 5204 imp.
1643 5136 1853 5190 Diocle-

280 5203 436 5277 tiani.
466 5205 618 5277 cujus
673 5209 990 5277 martyrium
1044 5208 1372 5262 describitur
1408 5211 1476 5261 ab
1533 5203 1761 5261 Eusebio
1797 5207 1852 5261 in

278 5274 377 5348 lib.
410 5291 523 5348 ιἰιι.
555 5275 668 5348 Ego
697 5274 828 5330 vero
859 5293 963 5330 nou
993 5277 1183 5331 dubito
1233 5279 1363 5348 quin
1389 5278 1498 5332 duo
1526 5277 1727 5330 fuerint
1761 5279 1856 5331 Do-

276 5346 487 5418 rotbei;
520 5344 654 5400 alter
683 5349 967 5418 presbyter
997 5344 1419 5415 Antiochensis;
1453 5349 1592 5402 alter
1629 5349 1848 5408 cubicu-

277 5413 446 5469 larius
492 5413 779 5489 eunucbus
818 5413 1159 5489 Diocletiani.
1200 5418 1364 5489 quue
1406 5413 1730 5484 certissimis
1760 5433 1851 5472 ar-

280 5486 553 5560 gumentis
579 5485 765 5560 astrui
798 5499 994 5558 potest.
1047 5487 1234 5560 Primo
1258 5485 1404 5545 enim
1449 5491 1733 5560 presbyter
1765 5490 1852 5544 ille

278 5556 663 5630 _A__utiocbensis
691 5556 898 5630 martyr
927 5576 1030 5614 non
1061 5559 1184 5614 fuit.
1221 5560 1380 5615 Certe
1414 5556 1676 5614 Eusebius
1707 5560 1756 5614 id
1784 5561 1849 5613 de

276 5625 369 5677 illo
391 5642 499 5702 non
531 5627 684 5702 dicit,
718 5625 896 5702 neque.
928 5633 981 5702 iu
1020 5632 1120 5684 hoc
1146 5631 1286 5693 loco,
1310 5647 1489 5702 neque
1519 5631 1571 5684 in
1599 5631 1690 5683 lib.
1727 5645 1849 5691 rm,

274 5710 395 5763 cap.
438 5697 540 5770 13,Δ
561 5697 650 5751 ubi
679 5697 1082 5756 ecclesiasticos
1131 5702 1275 5756 viros
1336 5697 1580 5756 recenset
1622 5702 1713 5770 qui
1761 5701 1847 5754 illa

275 5767 658 5845 persecutione
705 5773 1025 5845 martyrium
1083 5772 1476 5845 subierantrfrt
1527 5767 1707 5845 tamen
1744 5770 1849 5826 Lu-

275 5839 490 5892 cianutu
535 5839 954 5899 Antiochensem
987 5845 1365 5915 presbyterum
1399 5844 1506 5899 illic
1547 5843 1796 5903 uetniuat
1831 5858 1845 5897 :

1973 3353 2277 3410 constituit.
2321 3354 2474 3410 lluuc
2524 3372 2622 3410 nos
2655 3372 2843 3414 sacras
2883 3356 3200 3428 Scripturas
3242 3358 3295 3411 in
3328 3355 3560 3411 ecclesia

1976 3532 2085 3572 non
2105 3517 2414 3573 emissurus
2466 3517 2651 3586 utique
2685 3517 3013 3571 Dorotbenm
3040 3516 3356 3585 magismuu
3375 3530 3555 3580 suum,

1973 3591 2017 3644 si
2053 3589 2099 3643 is
2153 3588 2470 3658 martyrium
2507 3587 2836 3658 pertuli-sset.
2883 3587 3084 3658 Deinde
3115 3586 3411 3658 presbyter
3448 3587 3559 3639 An-

1976 3659 2263 3713 tiochenus
2297 3656 2602 3712 Dorotbeus
2654 3659 2738 3712 vir
2770 3657 2871 3710 fuit
2921 3656 3149 3722 nobilis,
3187 3665 3236 3710 et
3279 3656 3562 3723 magistra-

1977 3739 2088 3783 tum
2124 3729 2293 3798 gessit
2352 3741 2655 3796 antequam
2691 3729 2982 3798 presbyter
3025 3728 3198 3781 ﬂeret.
3233 3727 3394 3798 Alter
3427 3743 3557 3780 vero

1971 3797 2277 3853 Dorotbeus
2298 3799 2510 3853 servilis
2541 3797 2641 3852 luit
2667 3797 3028 3860 conditionis,
3057 3806 3245 3863 utpote
3274 3797 3553 3850 cubicula-

1973 3870 2085 3923 rius
2131 3870 2434 3924 cuuucbus.
2487 3868 2724 3937 Denique
2763 3869 2912 3936 prior
2939 3869 3025 3923 ille
3075 3868 3394 3931 Dorotbeus,
3433 3881 3556 3933 pre-

1970 3939 2158 4010 sbyter
2184 3939 2285 3994 fuit
2324 3940 2661 4009 temporibus
2714 3939 2899 4008 Cyrilli
2926 3938 3164 4007 episcopi
3201 3937 3552 4010 Aritiocliciii.

1968 4006 2201 4082 Cy'rillrus
2223 4019 2403 4082 autem
2437 4006 2627 4065 sedere
2655 4006 2822 4078 ςαξρἰ
2845 4010 2916 4063 ab
2944 4006 3087 4082 anno
3119 4022 3168 4082 ιν
3206 4008 3335 4082 imp.
3368 4006 3549 4082 Drobi,

1971 4077 2281 4150 mansitque
2304 4081 2368 4134 ad
2396 4097 2596 4135 anmun
2630 4077 2801 4148 usque
2845 4095 2955 4135 xm
3002 4077 3342 4150 Diocletiani.
3372 4077 3549 4150 Pona-

1964 4167 2085 4206 mus
2145 4149 2319 4222 igitur
2359 4151 2682 4205 Dorotbeum
2737 4154 3113 4220 presbyterum
3175 4149 3544 4222 fuisse_circa

1962 4217 2191 4276 exordia
2239 4221 2588 4293 episcopatus
2639 4221 2850 4293 Cyrilli,
2899 4217 2952 4276 id
2999 4230 3082 4293 est
3117 4222 3216 4275 sub
3251 4217 3430 4293 Probo
3459 4231 3554 4274 aut

1959 4293 2061 4346 sub
2093 4293 2253 4348 Caro.
2314 4291 2454 4346 Fieri
2506 4309 2610 4346 non
2679 4291 2856 4362 potest
2905 4301 2963 4346 ut
2996 4292 3136 4345 idem
3171 4300 3356 4360 postea
3390 4291 3554 4345 fuerit

1960 4363 2330 4418 cubicularius
2359 4361 2701 4418 Diocletiani.
2734 4361 2924 4432 Neque
2951 4362 3097 4417 enim
3127 4377 3194 4416 ex
3216 4363 3552 4433 presbyteris

1967 4433 2102 4487 iiunt
2131 4433 2473 4497 cubicularii,
2507 4448 2629 4488 cum
2663 4449 2765 4489 nec
2805 4434 3176 4488 ecclesiastica
3211 4431 3414 4502 regula,
3452 4449 3552 4487 nec

1962 4503 2102 4560 ratio
2131 4507 2245 4572 ipsa
2278 4505 2330 4559 id
2349 4502 2509 4559 ferat.
2531 4503 2740 4572 Qu'ippe
2772 4505 3074 4574 presbyteri
3107 4503 3307 4558 liebaut
3340 4512 3550 4557 matura

1959 4574 2071 4643 jam
2123 4583 2298 4628 :etate.
2354 4575 2433 4628 Ad
2467 4573 2783 4629 cubiculum
2829 4573 3011 4628 autem
3059 4573 3363 4643 principum
3397 4578 3548 4641 pueri

1965 4652 2060 4698 aut
2086 4645 2467 4699 adolescentes
2499 4646 2718 4699 formosi
2744 4645 3108 4711 eligebantur.
3137 4645 3290 4711 Quod
3317 4644 3361 4697 si
3395 4645 3548 4698 dixe-

1963 4715 2040 4769 ris
2070 4714 2396 4769 Dorotbeum
2451 4715 2756 4784 principatu
2809 4716 3130 4770 Diocletiani
3181 4715 3384 4769 factum
3428 4732 3549 4770 esst:

1962 4789 2363 4857 presbyterum,
2391 4788 2581 4841 eadem
2616 4795 2801 4841 manet
2829 4785 3150 4851 dillicultas;
3185 4787 3456 4857 quomodo
3480 4801 3548 4840 ex
3605 4815 3610 4820 -

1963 4855 2279 4926 presbytero
2304 4857 2477 4911 factus
2505 4858 2576 4911 sit
2603 4857 2991 4910 cubicularius.
3019 4857 3227 4926 Quippe
3267 4871 3334 4910 ex
3382 4855 3549 4909 Euse-

1963 4926 2050 4977 bio
2077 4927 2306 4994 aliisque
2349 4939 2583 4992 constat,
2618 4928 2948 4981 Dorotbeum
2982 4929 3106 4980 dum
3153 4936 3296 4982 esset
3321 4928 3548 4980 cubicu-

1961 4995 2129 5049 larius
2187 5009 2242 5050 ct
2293 4998 2344 5050 in
2391 5001 2515 5068 airla
2569 4998 2874 5068 principum
2923 5011 3269 5058 versaretur,
3318 4997 3551 5052 subiisse

1962 5068 2308 5139 martyrium.
2365 5067 2578 5122 Fefellii
2623 5067 2978 5139 Blondellum,
3013 5071 3190 5139 primo
3217 5069 3436 5136 quidem
3473 5071 3550 5122 si-

1961 5136 2506 5210 militudonominum
2527 5157 2539 5192 :
2559 5138 2754 5193 deinde
2787 5142 2933 5209 quod
2975 5136 3203 5210 uterque
3231 5140 3548 5210 eunuchus.

1961 5216 2188 5279 uterque
2242 5209 2442 5264 cbarus
2503 5207 2819 5279 imperatori
2865 5210 3037 5266 fuisse
3074 5207 3296 5266 dicitur.
3344 5207 3547 5263 Verum

1957 5276 2397 5338 animadvertere
2429 5276 2693 5336 debuerat
2746 5279 3072 5347 Blondellus,
3107 5283 3225 5338 lieri
3254 5296 3362 5334 non
3389 5295 3546 5349 posse

1959 5358 2017 5411 ut
2053 5350 2194 5423 idem
2235 5351 2396 5405 simul
2421 5361 2578 5407 esset
2625 5351 2908 5423 presbyter
2933 5362 2990 5408 et
3013 5352 3385 5409 cubicularius
3424 5365 3438 5404 :
3472 5352 3546 5423 si-

1954 5419 2069 5501 mut
2098 5435 2288 5501 sacras
2312 5424 2526 5478 litteras
2550 5423 2603 5476 in
2626 5419 2867 5486 ecclesia
2905 5435 3224 5494 exponeret,
3251 5432 3302 5478 et
3333 5423 3386 5490 in
3420 5420 3541 5474 aula

1956 5493 2266 5562 principum
2296 5503 2631 5548 versaretur.

2028 5561 2146 5635 (δῖ)
2188 5562 2312 5618 Τῶν
2332 5564 2604 5634 μάλιστα
2646 5566 3018 5635 ἐλευθερίων.
3057 5565 3225 5634 Magis
3271 5562 3444 5635 placet
3480 5577 3542 5613 ea

1955 5632 2398 5703 lectio‘quam‘in
2434 5639 2593 5692 codd.
2648 5637 2787 5692 Med.
2853 5632 2905 5692 et
2954 5635 3088 5690 Maz.
3138 5632 3335 5703 reperi,
3369 5634 3418 5686 id
3457 5642 3544 5686 est

1953 5703 2245 5760 liberaliter
2287 5708 2672 5762 educutns.Sic
2705 5718 2852 5764 certe
2885 5709 3080 5772 legitur
3111 5706 3276 5761 etiam
3301 5706 3353 5760 in
3384 5703 3544 5759 codd.

1956 5773 2088 5830 Fuit.
2128 5787 2180 5832 ct
2225 5778 2520 5836 Suviliauo.
2567 5779 2720 5850 Vulg.
2758 5777 3076 5850 ἐλευθέρων.

2757 5979 2937 6095 ,Γ
