4114 6406
247 332 392 389 7‘29
1285 341 1633 397 HISTORIAE
1675 341 2225 401 ECCLESIASTICE
2265 347 2391 401 LIB.
2435 348 2546 403 νη.
3425 354 3538 411 730·

260 451 431 520 ειετά
477 453 762 524 ἰσημερίαν
794 452 1033 524 ἐαρινὴν,
1065 453 1354 524 μεσοῦντος
1377 455 1472 507 τοῦ
1513 456 1729 527 πρώτου
1761 473 1856 526 μη-

1970 461 2190 513 mensis.
2221 459 2272 512 ld
2307 472 2486 514 autem
2515 464 2781 534 contingit
2810 479 2930 519 cum
2955 466 3036 521 sol
3065 469 3292 535 primam
3319 480 3527 538 partem

253 549 396 607 νὸς·
420 544 580 598 τοῦτο
597 545 654 599 δὲ
677 546 1043 616 εΰρίσκεσθαι,
1066 547 1127 600 τδ
1145 548 1360 619 πρῶτον
1384 551 1574 620 τμῆμα
1598 549 1692 601 τοῦ
1713 548 1856 619 ἡλια-

1963 553 2176 615 solaris,
2202 563 2309 616 aut,
2328 539 2384 609 ut
2404 556 2623 623 quidam
2657 558 2958 617 nominant.
2977 559 3385 614 zodFaCicirculi
3416 577 3532 629 per-

259 635 408 698 κοῦ,
442 636 580 704 ind»;
611 654 754 701 τινες
786 638 966 691 αὐτῶν
1004 638 1310 711 ὠνόμασαν,
1345 639 1619 712 ζωοφόρου
1661 639 1856 697 κύκλου

1962 645 2152 697 currit.
2180 643 2341 697 Addit
2387 655 2644 713 praeterea
2698 647 3063 712 Aristobulus,
3105 651 3156 702 in
3201 649 3527 706 celebranda

261 725 578 812 διεξιόντρς
624 728 794 800 ἡλίου.
834 731 891 782 Ὀ
937 731 992 783 δὲ
1045 732 1447 801 Ἀριστόϐουλος
1487 731 1858 804 προστίθησιν,

263 817 362 879 ὡς
392 818 480 887 εἴη
510 818 812 888 ὲξανάγκης
842 824 909 890 τῇ
942 821 1049 872 τῶν
1085 820 1446 893 διαϐατηρίων
1477 821 1633 890 ἑορτῇ
1663 821 1735 891 μὴ
1769 819 1862 888 μό-

267 924 378 960 νον
405 909 498 961 τὸν
545 910 692 980 ἥλιον
728 910 788 963 τὸ
837 912 1146 981 ἰσημερινὸν
1190 909 1602 982 διαπορεύεσθαι
1644 911 1858 980 τμῆμα,

270 1002 382 1052 καὶ
407 1001 506 1071 τὴν
540 1001 768 1072 σελήνην
794 1002 872 1058 δέ.
909 1003 1029 1055 Τῶν
1063 1003 1171 1074 γὰρ
1207 1003 1532 1075 ἰσημερινῶν
1559 1004 1860 1073 τμημάτων

271 1092 459 1145 ὄντων
485 1092 598 1155 δύο,
629 1091 722 1146 τοῦ
754 1095 851 1163 μὲν
881 1094 1119 1164 ἐαρινοῦ,
1143 1094 1237 1147 τοῦ
1263 1094 1319 1146 δὲ
1350 1093 1740 1164 μετοπωρινοῦ,
1767 1093 1860 1146 καὶ

273 1183 722 1255 διαμετρούντων
757 1184 979 1253 ἄλληλα,
1007 1184 1247 1254 δοθείσης
1271 1203 1328 1238 τε
1350 1186 1447 1255 τῆς
1473 1184 1581 1237 τῶν
1602 1185 1859 1256 διαϐατητ-

280 1277 424 1345 ρίων
457 1275 668 1346 ἡμέρας
699 1278 764 1346 τῇ
807 1276 1371 1348 τεσσαρεσκαιδεκάτῃ
1413 1274 1507 1327 τοῦ
1541 1275 1706 1346 μηνὸς
1739 1274 1856 1346 μεθ’

278 1367 557 1435 ἑσπέραν,
614 1365 894 1435 ἑστήξεται
942 1365 1038 1434 μὲν
1088 1365 1282 1434 σελήνη
1333 1364 1428 1434 τὴν
1474 1367 1718 1418 ἐναντίαν
1767 1367 1860 1418 καὶ

276 1459 578 1528 διάμετρον
607 1457 684 1527 τῷ
729 1457 862 1528 ἡλίῳ
912 1458 1118 1510 στάσιν.
1164 1458 1371 1527 Ὥσπερ
1414 1453 1506 1509 οὖν
1551 1457 1754 1521 ἔξεστιν
1801 1459 1857 1510 ἐν

277 1555 406 1615 ταῖς
459 1551 810 1621 πανσελήνοις
849 1552 1011 1621 ὁρᾷν·
1058 1550 1270 1603 ἔσονται
1309 1549 1364 1602 δὲ
1397 1552 1424 1603 6
1468 1551 1586 1621 μὲν,
1619 1548 1756 1601 κατά
1795 1548 1858 1601 τὸ

281 1645 502 1714 ἐαρινὴν
549 1643 859 1715 ἰσημερινὸν
891 1645 919 1695 6
949 1643 1099 1712 ἥλιος
1129 1643 1343 1712 τμῆμα,
1377 1645 1409 1713 ἡ
1443 1643 1518 1704 δὲ,
1555 1642 1857 1711 ἐξάνάγκης

281 1738 427 1790 κατά
459 1738 519 1789 τὸ
548 1735 945 1807 φθινοπωρινὸν
1007 1735 1318 1805 ἰσημερινὸν
1369 1735 1402 1805 ἡ
1461 1734 1673 1804 σελήνη.
1723 1729 1854 1787 Οἶδα

1963 735 2202 803 paschali
2232 735 2530 790 festivitate
2574 739 2886 792 necessario
2921 739 2974 791 id
3027 741 3254 808 requiri,
3304 753 3365 796 ut
3422 758 3530 796 non

1962 827 2121 880 modo
2150 826 2248 887 sol,
2303 827 2394 880 sed
2455 837 2510 881 et
2576 827 2697 881 luna
2755 843 3088 899 segmentum
3150 832 3530 900 zequinoctiale

1962 927 2260 984 percurrat.
2299 915 2431 970 Nam
2460 933 2580 971 cum
2615 921 2718 973 duo
2736 922 2841 974 sint
2884 933 3156 992 segmenta
3191 924 3532 992 aequinoctia-
3562 938 3564 940 '

1962 1007 2054 1070 lia,
2085 1006 2313 1062 alterum
2340 1024 2589 1071 vernmn,
2614 1011 2845 1065 alter-nm
2883 1013 3222 1080 antumnaie;
3255 1031 3428 1083 eaque
3459 1033 3526 1071 ex

1960 1100 2222 1154 diametro
2251 1099 2350 1153 sibi
2411 1102 2649 1155 vicissim
2708 1105 2991 1172 opposita:
3044 1121 3272 1176 cumque
3305 1119 3528 1175 quarta-

1959 1191 2163 1245 decima
2191 1193 2305 1248 dies
2331 1195 2532 1249 mensis
2559 1196 2624 1248 ad
2652 1211 2937 1265 vesperum
2972 1199 3208 1268 paschali
3252 1200 3390 1256 festo
3439 1219 3529 1255 as-

1957 1281 2163 1349 signata
2195 1283 2286 1342 sit,
2315 1284 2438 1337 luna
2465 1285 2682 1353 quidem
2723 1302 2786 1340 ex
2825 1288 3053 1341 adverso
3099 1291 3198 1343 soli
3235 1293 3522 1352 consistet,

1959 1373 2409 1439 quemadmodum
2437 1376 2618 1428 videre
2649 1388 2730 1430 est
2761 1378 2812 1430 in
2851 1361 3182 1446 pleitilttniis.
3210 1383 3387 1436 Actol
3417 1385 3530 1450 qui-

1959 1465 2078 1518 dem
2131 1481 2352 1518 vernum
2394 1467 2769 1532 mquinoctiale
2832 1481 3172 1538 segmentum
3228 1474 3524 1536 obtinebit,

1959 1557 2082 1611 luna
2109 1573 2239 1611 vero
2265 1568 2599 1625 segmentum
2631 1561 2954 1614 autumnalis
2994 1563 3303 1631 mquinoctii
3337 1580 3528 1619 neces.-

1957 1650 2101 1703 sario
2129 1649 2436 1718 occupabit.
2471 1649 2596 1705 Scio
2637 1660 2690 1704 et
2723 1651 2826 1704 alia
2862 1652 3028 1705 multa
3085 1655 3152 1707 ab
3195 1655 3382 1709 iisdem
3417 1665 3528 1709 tra-

1961 1739 2036 1805 di,
2063 1740 2256 1806 partim
2299 1739 2619 1806 prohabiiia,
2642 1741 2837 1809 partim
2858 1741 3178 1797 certissimis
3198 1743 3528 1796 demonstra-

281 1829 515 1880 πλεῖστα
550 1828 640 1880 καὶ
672 1826 802 1880 ἄλλα
851 1827 987 1896 πρὸς
1040 1825 1218 1878 αὐτῶν
1243 1825 1526 1894 λεγόμενα,
1564 1825 1718 1878 τοῦτο
1754 1826 1852 1896 μὲν

1960 1831 2193 1885 tionibus
2223 1831 2497 1895 conclusa,
2520 1833 2716 1901 quibus
2737 1847 2794 1886 se
2823 1843 3009 1900 putant
3039 1834 3322 1888 evidenter
3340 1845 3527 1888 osten-

281 1919 508 1981 πιθανὰ,
541 1919 696 1971 τοῦτο
734 1918 788 1969 δὲ
826 1916 966 1969 κατὰ
992 1916 1086 1979 τὰς
1117 1917 1383 1988 κυριακάς
1418 1917 1713 1979 ἀποδείξεις
1739 1917 1847 1986 (66)

280 2008 582 2075 προϊόντα,
623 2008 686 2059 δι’
735 2001 808 2058 ὧν
870 2006 1218 2077 παριστάνειν
1266 2006 1556 2075 πειρῶνται
1602 2006 1696 2076 τὴν
1755 2006 1848 2060 τοῦ

279 2101 479 2169 Πάσχα
524 2101 617 2152 καὶ
662 2100 770 2151 τῶν
815 2099 1036 2168 ἀζύμων
1081 2098 1272 2170 ἑορτὴν
1315 2099 1422 2151 δεῖν
1473 2101 1688 2162 πάντως
1735 2102 1848 2170 μετ’

281 2191 575 2260 ἰσημερίαν
616 2188 873 2257 ἄγεσθαι·
921 2189 1155 2259 παρίημι
1197 2189 1252 2242 δὲ
1296 2189 1394 2252 τὰς
1443 2190 1692 2254 τοιαύτας
1743 2191 1850 2244 τῶν

277 2285 610 2350 ἀποδείξεων
651 2284 780 2346 ὕλας
825 2283 1103 2337 ἁπαιτῶν·
1139 2278 1182 2350 ᾧ
1214 2282 1325 2353 (67)
1377 2282 1702 2355 περιῄρηται
1755 2285 1850 2354 μὲν

274 2379 340 2430 τὸ
373 2378 468 2428 ἐπὶ
490 2376 584 2428 τοῦ
611 2377 886 2439 Μωῦσέως
916 2376 1062 2446 νόμῳ
1088 2376 1366 2446 κάλυμμα,
1403 2375 1851 2447 ἀνακεκαλυμμέ-

276 2487 355 2539 νῳ
387 2468 445 2521 δὲ
478 2467 555 2537 τῷ
590 2467 862 2538 προσώπῳ
892 2467 1074 2520 λοιπον
1099 2468 1196 2538 ἤδη
1227 2469 1460 2539 Χριστὸν
1485 2471 1575 2522 καὶ
1611 2470 1680 2524 τὰ
1714 2471 1848 2540 Χρι-

279 2559 408 2612 στοῦ
435 2560 520 2612 ἀεὶ
549 2558 1000 2628 κατοπτρίζεσθαι
1025 2559 1320 2630 μαθήματά
1342 2577 1398 2612 τε
1419 2561 1510 2613 καὶ
1532 2561 1846 2632 παθήματα.

277 2652 387 2704 Τοῦ
435 2653 491 2704 δὲ
525 2651 612 2704 τὸν
653 2650 866 2723 πρῶτον
904 2651 1032 2722 παρ’
1079 2652 1349 2723 Ἑϐραίοις
1388 2652 1530 2722 μῆνα
1571 2655 1696 2725 περὶ
1731 2657 1852 2723 ἰση-

282 2741 481 2812 μερίαν
505 2737 662 2806 εἶναι,
701 2741 1078 2812 παραστατικά
1103 2743 1197 2794 καὶ
1229 2741 1295 2794 τὰ
1329 2743 1386 2794 ὲν
1418 2742 1501 2813 τῷ
1545 2743 1710 2814 Ἑνὼχ
1737 2744 1848 2813 (68)

284 2833 601 2904 μαθήματα.
629 2852 647 2883 ι
709 2833 818 2885 Καὶ
864 2833 1230 2904 ἀριθμητικὰς
1282 2833 1336 2886 δὲ
1392 2835 1776 2889 καταλέλοιπεν
1823 2838 1852 2889 6

282 2926 446 2987 αύτὺς
491 2927 546 2976 ἐν
587 2925 728 2988 ὅλοις
769 2924 900 2978 δέκα
935 2925 1356 2996 συγγράμμασιν
1389 2927 1692 2996 εἰσαγωγὰς
1721 2927 1848 2998 (69),

281 3019 379 3070 καὶ
408 3017 542 3071 ἀλλα
572 3017 838 3087 δείγματα
865 3018 962 3088 τῆς
996 3019 1121 3089 περὶ
1150 3018 1215 3071 τὰ
1239 3017 1355 3070 θεῖα
1379 3019 1572 3088 σχολῆς
1601 3037 1659 3072 τε
1688 3017 1851 3071 αὑτοῦ

1952 1922 2101 1983 dere,
2120 1921 2328 1975 Pascha
2349 1933 2398 1975 et
2417 1921 2608 1974 festum
2627 1923 2950 1990 Azymorum
2969 1924 3191 1976 omnino
3209 1935 3325 1992 post
3355 1924 3528 1992 tequi-

1953 2013 2192 2064 noctium
2240 2025 2359 2065 esse
2384 2011 2795 2064 celebrandum.
2838 2009 3033 2064 Verum
3064 2011 3366 2079 hujusmodi
3429 2013 3527 2066 de-

1953 2104 2404 2156 monstrationem
2479 2103 2688 2170 copiam
2760 2105 2982 2169 exigere
3044 2104 3524 2169 praetermittimus,

1949 2196 2144 2261 quibus
2194 2191 2434 2246 velamen
2481 2191 2726 2246 Mosaicae
2789 2194 2924 2262 legis
2972 2194 3206 2248 ablatum
3273 2206 3355 2249 est
3406 2213 3420 2249 :
3471 2206 3525 2251 et

1949 2284 2144 2350 quibus
2167 2284 2400 2337 revelata
2426 2285 2536 2351 jam
2559 2283 2698 2339 facie
2746 2285 3026 2340 Christum
3059 2285 3374 2355 Christique
3420 2289 3518 2339 do-

1952 2376 2181 2430 ctrinam
2220 2385 2271 2430 et
2300 2377 2610 2445 passionem
2649 2387 2906 2446 tanquam
2943 2377 2994 2430 in
3021 2377 3238 2446 speculo
3274 2379 3526 2446 deinceps

1953 2465 2146 2520 intueri
2184 2465 2327 2520 licet.
2369 2466 2632 2520 Cancrum
2684 2468 2915 2536 primum
2953 2483 3191 2522 mensem
3241 2468 3379 2536 apud
3420 2469 3517 2523 fle.

1951 2561 2123 2615 bra-os
2171 2561 2314 2614 circa
2364 2561 2744 2627 aequinoctium
2789 2559 3027 2627 incipere
3073 2560 3356 2613 manifeste
3396 2576 3522 2613 ron-

1952 2653 2207 2716 vincitur,
2241 2651 2323 2704 vel
2355 2667 2420 2706 ex
2448 2651 2513 2704 iis
2548 2651 2831 2721 prteceptis
2872 2667 2990 2720 quae
3020 2651 3070 2704 in
3113 2651 3248 2704 libro
3303 2651 3524 2706 Henorlt

1954 2746 2224 2815 leguntur.
2274 2742 2414 2798 Idem
2468 2759 2630 2812 porro
2681 2744 2961 2798 Anatolius
3024 2743 3186 2798 etiam
3229 2743 3411 2797 decem
3457 2745 3528 2797 li-

1952 2840 2078 2893 bros
2125 2837 2516 2890 institutionum
2563 2836 3061 2903 arithmeticarum,
3110 2835 3274 2889 multa
3314 2851 3528 2904 quoque

1953 2930 2054 2983 alia
2089 2944 2200 2983 sua:
2236 2928 2288 2982 in
2339 2927 2513 2981 sacris
2546 2925 2770 2980 Litteris
2801 2927 3091 2996 diligentiae
3123 2939 3288 2996 atque
3328 2929 3529 2982 doctri-

1956 3037 2037 3076 nae
2068 3021 2235 3090 288
2281 3028 2629 3072 monumenta
2666 3018 2821 3072 nobis
2890 3020 3126 3086 reliquit.
3169 3020 3304 3075 iluic
3352 3021 3527 3076 Theo-

283 3110 379 3160 καὶ
407 3107 780 3178 πολυπειρίας.
806 3108 991 3178 Τούτῳ
1036 3108 1248 3179 πρῶτος
1277 3112 1304 3162 6
1337 3109 1434 3179 τῆς
1482 3110 1850 3164 Παλαιστινῶν

1960 3122 2166 3175 tecnus,
2192 3109 2457 3163 Caesarea:
2515 3107 2809 3161 Palaestina
2845 3109 3150 3177 episcopus,
3176 3109 3380 3178 primus
3415 3126 3529 3163 ma—

284 3200 618 3271 Καισαρείας
640 3200 934 3264 ἐπίσκοπος
960 3200 1277 3265 Θεότεκνος,
1312 3205 1498 3272 χεῖρας
1524 3204 1601 3266 εἰς
1633 3205 1854 3256 ἐπισκοη-

285 3293 396 3360 πὴν
429 3291 755 3354 ὲπιτέθεικε,
789 3292 1031 3362 διάδοχον
1061 3292 1255 3346 ἑαυτοῦ
1293 3292 1429 3363 μετά
1471 3292 1720 3364 τελευτὴν
1753 3311 1850 3348 πο-

287 3383 520 3455 ριεῖσθαι
548 3387 614 3455 τῇ
653 3384 755 3454 ίδία
790 3383 1048 3454 παροικίᾳ
1075 3383 1465 3454 προμνώμενος
1488 3384 1618 3454 (70).
1655 3386 1762 3438 Καὶ
1788 3385 1853 3458 δὴ

284 3479 381 3529 ἐπὶ
413 3477 639 3548 σμικρόν
663 3494 780 3528 τινα
803 3477 989 3546 χρόνον
1010 3477 1176 3546 ἄμφω
1201 3477 1298 3546 τῆς
1323 3476 1491 3546 αὐτῆς
1510 3475 1854 3548 προύστησαν

298 3568 765 3637 Ἐκκλησίας(71)·
801 3567 934 3620 ἀλλά
984 3567 1092 3636 γὰρ
1131 3568 1221 3620 ἐπὶ
1260 3567 1357 3639 τὴν
1400 3567 1722 3638 Ἀντιόχειαν
1759 3568 1856 3640 τῆς

283 3661 430 3714 κατά
462 3660 672 3714 Παύλου
704 3661 918 3714 συνόδου
948 3659 1238 3731 καλούσης,
1268 3661 1367 3730 τὴν
1384 3659 1688 3713 Λαοδικέων
1708 3659 1858 3713 πόλιν

285 3749 498 3823 παριὼν
519 3751 628 3823 (72)
670 3750 804 3823 πρὸς
849 3751 956 3804 τῶν
998 3751 1240 3820 ἁδελῳῶν
1278 3749 1461 3804 αὐτόθι
1505 3749 1858 3822 κοιμηθέντος

364 3949 512 4020 (66)’
551 3948 847 4017 Κυριακὰς
899 3949 1291 4020 ἁποδείξειςμ
1332 3949 1850 4020 Cltristopltorsonus

286 4018 463 4075 vertit
485 4032 646 4091 ratas.
673 4022 797 4091 WSic
837 4020 1018 4091 κυρίαι
1061 4021 1208 4085 δόξαι
1245 4019 1494 4091 dicuntur
1538 4034 1568 4072 a
1624 4018 1851 4091 Grtncis.‘

288 4091 516 4144 Rufinus
544 4089 887 4142 validissimos
907 4089 1217 4142 assertione:
1249 4089 1432 4142 vertit.

356 4160 468 4230 (67)
510 4157 663 4226 Vulg.
692 4158 843 4224 ὕλας
868 4159 967 4213 ἀπ’
991 4149 1305 4230 αιὺτῶνῶν.
1333 4157 1756 4230 Nostriquinque
1773 4174 1859 4230 co-

288 4225 567 4285 dices'uno
596 4225 859 4281 consensu
898 4230 1153 4297 scriptun:
1194 4229 1391 4280 habent
1432 4225 1562 4290 ὕλας
1587 4227 1855 4282 ἀπαιτῶν.

290 4301 396 4354 Sed
416 4302 467 4353 in
493 4299 678 4352 codice
707 4298 874 4366 Regio
889 4302 1075 4351 eadem
1100 4314 1255 4350 tuanu
1280 4298 1586 4366 adnotatur,
1612 4298 1859 4351 scriben-

289 4371 414 4423 dmu
459 4384 579 4423 esse
622 4369 718 4420 ἀπ’
773 4365 972 4448 αύτῶν.
1021 4369 1179 4420 Certe
1230 4367 1336 4448 ἀπ’,
1364 4365 1544 4448 αὐτῶν
1580 4367 1858 4448 legendum

1957 3221 2058 3260 nus
2084 3202 2360 3271 imposuit,
2407 3216 2638 3270 eumque
2687 3201 2998 3269 episcopum
3051 3201 3323 3254 ordinavit
3358 3222 3371 3256 :
3403 3218 3526 3256 suc-

1957 3309 2227 3351 cessorem
2275 3293 2421 3348 illum
2480 3292 2736 3346 Ecclesia:
2786 3307 2897 3347 suae
2949 3293 3305 3362 despondeas.
3353 3294 3527 3346 Ambo

1959 3398 2111 3441 certe
2159 3386 2558 3454 aliquantisper
2602 3385 2844 3438 eamdem
2889 3383 3175 3438 ecclesiam
3227 3383 3386 3436 simul
3429 3399 3526 3451 gu-

1960 3480 2276 3531 bernarunt.
2312 3475 2504 3529 Postea
2537 3490 2664 3528 vero
2689 3489 2810 3528 cum
2838 3490 2960 3528 eum
2994 3475 3233 3545 synodus
3259 3475 3526 3531 adversus

1958 3567 2183 3621 Paulum
2221 3578 2546 3636 congregata
2584 3566 2922 3619 Antiochiam
2966 3575 3267 3632 evocassct,
3297 3580 3392 3636 per
3432 3583 3526 3619 ur-

1959 3660 2084 3714 bem
2119 3657 2440 3713 Laodiceam
2471 3659 2576 3712 iter
2607 3657 2836 3720 faciens,
2867 3673 2895 3709 a
2930 3656 3195 3712 fratribus
3237 3658 3382 3712 illius
3423 3659 3526 3714 loci

1961 3760 2175 3805 mortuo
2202 3760 2326 3804 tunc
2353 3749 2588 3804 Eusebio
2628 3748 2881 3804 detentus
2911 3758 3011 3803 est.
3043 3748 3304 3804 Defuncto
3333 3750 3526 3804 deinde

1959 3957 2126 4002 mant.
2161 3948 2297 4013 Quin
2333 3946 2496 4000 etiam
2535 3945 2587 3999 in
2623 3946 2808 4000 codice
2842 3946 3010 4014 Regio
3041 3945 3140 4000 hoc
3162 3947 3427 4001 scbolium
3456 3949 3522 4003 ad

1960 4023 2256 4085 marginem
2288 4018 2480 4088 legitur
2512 4035 2524 4070 :
2553 4015 2826 4088 προξενῶν
2850 4015 3336 4088 προμνηστεύεται.

2032 4089 2142 4158 (71)
2166 4089 2368 4158 ’Ἄμφω
2396 4085 2506 4154 τῆς
2523 4085 2712 4153 αὐτῆς
2732 4085 3128 4156 προῦστησαν
3143 4088 3524 4153 Ἐκκλησίας.

1949 4156 2016 4219 in
2045 4156 2248 4210 codice
2302 4157 2434 4210 Maz.
2475 4160 2586 4210 hate
2613 4167 2868 4209 notantur
2906 4161 2970 4209 ad
3025 4158 3318 4226 marginem
3359 4174 3373 4210 :
3406 4159 3528 4220 Πῶς

1962 4229 2056 4298 καὶ
2089 4227 2320 4280 ἐνταῦθα
2352 4226 2478 4296 μίας
2492 4226 2803 4298 ἐπισκοπῆς
2832 4226 2924 4298 δύρ
2957 4224 3321 4298 προύστησαν.
3348 4227 3398 4278 ld
3424 4225 3525 4290 est,

1972 4296 2102 4350 Vide
2129 4295 2389 4366 quomodo
2429 4297 2590 4349 etiam
2634 4298 2716 4349 hic
2750 4295 2840 4350 tuti
2870 4295 3120 4350 Ecclesiae
3163 4295 3266 4349 duo
3299 4298 3529 4364 prmitie-

1967 4378 2090 4420 runt
2133 4369 2382 4436 episcopi.
2424 4367 2675 4434 lntelligit
2714 4379 2892 4420 autem
2936 4367 3254 4420 scitoliastes
3303 4369 3530 4420 Alexan-

288 4456 432 4504 esse,
465 4455 529 4522 en:
559 4442 913 4508 sequentibus
948 4447 1191 4502 apparet.
1227 4435 1344 4489 Nisi
1363 4441 1504 4522 enim
1535 4435 1606 4488 ita
1642 4438 1856 4522 legeris,
1892 4465 1934 4522 υ
1965 4440 2119 4518 drum
2152 4435 2168 4502 ,
2218 4437 2319 4522 qui.
2356 4453 2478 4518 .una
2537 4437 2973 4522 CllllilnNitl'CiSSO
3036 4436 3540 4522 Hierosolymorum,

289 4498 650 4577 quo-referes.
681 4526 741 4562 ea
783 4525 900 4573 qua:
937 4498 1237 4578 séqtiuntur
1263 4507 1424 4560 verba
1467 4498 1541 4578 ὧν
1595 4498 1862 4578 περίῄρηζ

285 4598 398 4639 ται.
432 4591 538 4633 etc.
574 4578 679 4632 Sed
723 4595 886 4637 nunc,
910 4593 965 4629 re
1015 4577 1278 4629 attentius
1321 4577 1626 4630 examinata
1655 4577 1677 4639 ,
1719 4582 1861 4630 seri-

289 4651 524 4703 bendum
561 4664 752 4701 censeo
786 4647 916 4710 ὖλας
956 4645 1232 4700 ἀπαιτῶνο
1257 4639 1302 4714 ᾧ
1333 4644 1702 4716 περιῄρηται,
1756 4659 1860 4701 etc.

291 4719 454 4786 quue
480 4727 533 4770 et
563 4733 755 4786 sensus
787 4729 837 4768 et
867 4728 1162 4786 syntaxeos
1195 4719 1330 4770 ratio
1359 4718 1616 4784 postulat.
1699 4777 1704 4784 ,

361 4784 471 4856 (68)
523 4787 619 4840 Ἐν
644 4785 719 4850 τῷ
759 4784 965 4854 Ἑνώχ.
1005 4785 1164 4841 Liber
1198 4787 1381 4840 Enoch
1409 4789 1606 4840 citatttr
1641 4802 1669 4838 a
1727 4784 1862 4839 Juda

288 4858 341 4910 in
378 4855 609 4926 Epistula
661 4863 940 4910 canonica.
993 4856 1124 4909 Erat
1165 4855 1305 4909 iiber
1333 4857 1714 4924 apocrypltus,
1768 4872 1864 4926 nec

291 4925 437 4980 inter
470 4927 759 4991 canonicos
815 4926 1159 4980 llebr:eorum
1217 4927 1385 4979 libros
1432 4935 1699 4992 receptus.
1757 4925 1863 4978 Sed

292 5007 470 5051 tamen
500 4997 750 5064 apostoli,
790 5013 1085 5063 eorumque
1113 4998 1365 5062 exemplo
1399 4997 1607 5063 antiqui
1651 4995 1860 5057 Patres,

296 5068 601 5122 testimonia
637 5081 701 5119 ex
728 5068 1053 5136 apocrypbis
1081 5069 1323 5136 proferre
1357 5083 1461 5118 non
1510 5066 1861 5136 dubitarunt;

292 5153 352 5190 ea
393 5137 600 5189 scilicet
631 5151 751 5203 qua:
778 5135 842 5188 ad
879 5135 1224 5188 astruetidam
1261 5137 1539 5188 teritaletn
1585 5135 1860 5198 facerent,

291 5223 357 5259 ex
388 5206 455 5260 iis
479 5207 762 5273 eligentes.
799 5206 930 5258 Vide
961 5205 1248 5274 Georgium
1275 5204 1583 5274 Syncellum
1620 5207 1670 5256 in
1699 5204 1866 5274 Citra-

289 5277 567 5400 Eico,luhi
610 5275 943 5328 luculentum
979 5273 1346 5352 fragmentum
1397 5273 1554 5328 aﬂert
1602 5289 1669 5327 ex
1710 5273 1865 5328 libris

340 5361 436 5398 noc
464 5363 502 5400 ι.

340 5361 502 5400 110011.

365 5417 473 5484 (69)
505 5414 900 5482 Ἀριθμητικὰς
936 5413 1284 5484 εἰσαγωγάς.
1329 5414 1556 5468 Exstant
1605 5413 1865 5482 hodieque

295 5487 435 5567 inter
475 5484 885 5567 ,θεολοχούμενα
931 5485 1028 5555 τῆς
1063 5484 1458 5567 ἀριθμητικῆς,
1507 5496 1759 5551 excerpta
1799 5497 1866 5536 ex

293 5555 449 5609 libris
475 5553 710 5607 'Anatolii
753 5553 1160 5607 Institutionunt
1191 5553 1666 5608 arithmeticarum.

366 5623 477 5694 (70)
520 5623 962 5694 Προμνώμενος.
997 5622 1051 5675 lu
1086 5626 1242 5694 codd.
1277 5625 1438 5685 liled.,
1486 5621 1788 5694 Fnk.,Sav.
1814 5629 1867 5676 et

250 5731 251 5734 η
297 5694 432 5748 Mal.
461 5692 662 5762 legitur
696 5692 1074 5765 προνούμενος.
1140 5692 1243 5748 Sed
1292 5697 1489 5748 rectior
1530 5703 1614 5746 est
1657 5693 1866 5765 vulgata

297 5765 476 5832 iulio.
523 5761 683 5834 quam
722 5761 1131 5835 codcx'liegitts
1169 5774 1220 5818 cl
1282 5765 1613 5833 Nicephorus
1668 5761 1856 5816 conﬁr-

1965 4508 2246 4574 episc0pus
2294 4507 2415 4569 fuit,
2480 4517 2534 4560 ut
2573 4507 2628 4560 in
2667 4507 2806 4560 libro
2837 4523 2890 4560 tv
2957 4517 3186 4559 testatur
3245 4507 3526 4562 Eusebius.

1969 4577 2090 4631 Ilaec
2149 4587 2275 4630 sunt
2323 4577 2687 4630 vetustissima
2730 4576 2971 4643 exempla
3022 4577 3419 4644 coadjutorum,
3470 4588 3530 4631 ut

1966 4664 2110 4702 nunc
2135 4656 2354 4707 vocant,
2381 4649 2774 4715 episcoporum.
2821 4645 2920 4710 Qui
2973 4659 3093 4698 cum
3130 4647 3194 4696 ad
3232 4647 3524 4699 sublevan-

1967 4721 2088 4769 dam
2151 4718 2521 4785 episcoporum
2583 4725 2920 4768 senectutem
2986 4715 3222 4768 instituti
3294 4716 3525 4781 primunt

1967 4784 2219 4848 fuissent,
2262 4803 2318 4838 re
2341 4796 2522 4849 postea
2564 4785 2614 4837 in
2665 4784 3114 4837 consuetudinem
3152 4800 3328 4845 versa,
3384 4785 3524 4838 nulla

1967 4859 2297 4910 necessitate
2326 4857 2375 4908 id
2411 4856 2680 4923 exigente,
2717 4870 2812 4922 per
2838 4855 3062 4920 gratiam
3099 4866 3153 4907 et
3179 4855 3527 4909 ambitionem

1967 4927 2139 4980 creari
2169 4940 2402 4992 erepere.
2433 4927 2516 4977 cui
2554 4923 2714 4986 malo,
2737 4940 2802 4976 ne
2829 4923 3037 4993 longius
3069 4935 3332 4990 serperet,
3358 4941 3533 4978 reme-

1969 4997 2112 5048 dimn
2147 4991 2374 5050 attulere
2403 4994 2586 5047 Patres
2616 4994 2830 5046 concilii
2862 4991 3222 5048 Sa'rdicensis.

2038 5066 2146 5136 (ΤΞ)
2187 5062 2722 5136 Λαοδικέωνγπόιίιν
2750 5061 2994 5136 παριών.
3029 5064 3171 5117 Idem
3202 5065 3270 5136 de,
3301 5064 3530 5119 Eusebio

1966 5133 2331 5190 Alexandrino
2380 5134 2564 5188 retulit
2614 5133 2879 5186 Eusebius
2935 5135 2987 5186 in
3045 5134 3311 5202 principio
3373 5137 3530 5203 hujus

1970 5205 2195 5274 capitis:
2233 5203 2380 5257 illum
2419 5202 2646 5268 scilicet,
2667 5218 2792 5274 cum
2833 5203 2899 5258 ad
2938 5205 3200 5274 synodum
3234 5202 3530 5258 Antioche-

1968 5273 2092 5343 nam
2151 5289 2270 5343 qua:
2323 5274 2588 5344 adversus
2658 5273 2879 5326 Paulum
2940 5273 3269 5344 congregata
3321 5275 3528 5344 fuerat,

1969 5341 2243 5412 proiectus
2266 5353 2446 5407 esset,
2481 5343 2535 5397 in
2566 5345 2740 5398 reditu
2781 5341 3068 5412 excepluni
3115 5341 3231 5397 ease
3327 5341 3527 5396 Laodi-

1968 5414 2242 5478 censibus,
2295 5413 2522 5483 ejusque
2578 5414 2679 5468 loci
2731 5414 3041 5482 episc0pum
3095 5413 3317 5468 factum.
3377 5412 3530 5467 Nunc

1968 5499 2099 5537 vero
2129 5486 2268 5538 idem
2298 5485 2488 5538 scribit
2529 5483 2596 5538 de
2629 5483 2920 5536 Anatolio:
2947 5483 3088 5550 quod
3128 5483 3270 5534 nulla
3320 5483 3531 5536 ratione

1969 5553 2182 5607 defendi
2224 5569 2383 5623 posse
2417 5553 2545 5606 mibi
2572 5553 2806 5606 videtur.
2835 5555 2986 5618 Quod
3015 5553 3057 5606 si
3085 5551 3206 5619 quis
3229 5553 3394 5623 dicat,
3417 5552 3528 5623 Eu-

1968 5625 2178 5677 sebium
2203 5621 2385 5691 paucis
2416 5624 2602 5677 diebtts
2645 5631 2766 5691 post
2803 5623 3197 5675 ordinatiooent
3241 5621 3350 5673 fato
3401 5622 3529 5691 fun-

1970 5702 2115 5745 ctum
2152 5690 2355 5759 fuisse,
2382 5694 2539 5761 eique
2587 5690 2897 5746 Anatolium
2937 5692 3225 5744 succedere
3267 5690 3525 5758 potuisse,

1973 5764 2348 5818 auctoritatem
2375 5761 2686 5832 Hieronymi
2716 5763 2763 5816 ei
2791 5774 3152 5830 opponemus,
3201 5762 3290 5830 qui
3321 5775 3463 5816 anno
3485 5777 3528 5816 tt
