4114 6406
615 338 712 396 751

1319 341 1591 400 ευεεθιι
1628 341 2114 402 CESARIENSIS
2151 344 2304 403 OPP.
2344 345 2527 404 PARS
2565 348 2607 404 1.
2645 380 2718 391 -
2754 349 3147 410 HISTORlCA.

3764 365 3861 423 753

609 471 702 517 tus
731 469 786 519 et
811 461 1011 518 ardore
1033 459 1156 518 fidei
1178 459 1704 530 incitatus,edictum
1729 463 1860 519 illud
1888 464 1941 517 in
1970 463 2177 535 publica

2293 465 2664 538 ὑποκινηθεὶς,
2696 469 2944 542 διαπύρῳ
2992 489 3053 526 τε
3104 473 3423 549 ἐφορμήσας
3472 478 3544 547 τῇ
3592 474 3785 546 πίστει,
3810 484 3866 539 ὲν

606 564 664 610 et
695 553 889 610 illustri
937 554 1086 611 urbis
1117 552 1237 611 loco
1269 554 1488 610 allixum
1522 556 1793 621 detraxit,
1835 566 1889 611 ct
1923 566 2182 626 tanquam

607 647 834 717 impium
869 661 934 703 ac
959 647 1253 703 scelestum
1288 647 1546 703 manibus
1586 649 1701 704 suis
1735 649 2067 719 discerpsit:
2099 651 2182 704 id-

605 755 711 811 que
752 742 964 797 duobus
1000 740 1424 812 imperatoribus
1451 742 1505 797 in
1545 743 1737 797 eadem
1766 744 1902 799 urbe
1938 759 2183 798 commo-

606 832 884 900 rantibus,
935 846 1169 903 quorum
1212 832 1355 888 alter
1393 834 1578 889 senior
1603 835 1900 905 Augustus,
1942 836 2182 905 primum

602 928 748 984 inter
788 942 977 983 omnes
1036 925 1251 997 imperii
1294 928 1521 996 gradum
1548 967 1564 994 ,
1600 928 1740 983 alter
1773 944 1899 984 vero
1931 940 2180 999 quartum

602 1019 910 1075 obtinebat.
957 1016 1059 1073 Hie
1097 1018 1265 1090 igitur
1300 1034 1422 1073 cum
1476 1022 1688 1090 primus
1731 1021 1975 1077 omnium
2018 1022 2072 1076 in
2117 1038 2181 1078 ea

601 1112 828 1169 civitate
855 1109 1165 1182 ltujusmodi
1201 1109 1444 1167 facinore
1477 1110 1859 1180 inclaruisset;
1898 1114 2080 1167 statim
2115 1129 2181 1169 ea

599 1203 864 1277 supplicia
900 1219 1194 1275 perpessus
1242 1219 1365 1274 quae
1394 1214 1516 1275 post
1556 1214 1764 1260 tantam
1809 1206 2091 1260 audaciam
2130 1207 2181 1261 ei

601 1298 891 1371 inﬂigenda
907 1313 1030 1354 esse
1056 1297 1315 1354 credibile
1335 1309 1476 1367 erat,
1506 1298 1747 1354 laetitiam
1781 1316 1845 1353 ac
1878 1300 2183 1370 tranquilli-

601 1400 768 1448 tatem
792 1390 958 1447 animi
976 1404 1148 1460 usque
1175 1391 1242 1445 ad
1278 1389 1525 1446 ultitnum
1551 1392 1799 1462 spiritum
1818 1393 2177 1447 conservavit.

1213 1505 1442 1565 CAPUT
1482 1506 1569 1562 Vl.

880 1599 962 1657 De
994 1600 1063 1655 iis
1093 1599 1185 1671 qui
1218 1600 1274 1653 in
1295 1600 1495 1671 palatio
1529 1599 1896 1654 versabantur.

666 1758 871 1818 Verum
897 1775 1012 1833 pra:
1042 1758 1298 1817 omnibus
1333 1760 1425 1831 qui
1459 1775 1698 1831 unquam
1724 1760 1839 1816 sive
1870 1760 2008 1830 apud
2029 1759 2182 1816 Gne-

2289 563 2559 631 προςρανεῖ
2583 562 2676 616 καὶ
2703 563 2940 636 δημοσίᾳ
2969 566 3253 637 κειμένην,
3278 567 3354 631 ὡς
3378 568 3608 624 ἀνοσίαν
3630 573 3723 626 καὶ
3752 576 3867 630 ἀσε-

2287 652 2559 726 ϐεστάτην
2599 654 2803 709 ἀνελὼν
2839 657 3140 730 σπαράττει
3172 660 3284 731 (8),
3313 660 3457 714 δυεῖν
3501 663 3865 734 ὲπιπαρόντων

2287 747 2428 800 κατά
2459 746 2559 819 τὴν
2588 748 2757 821 αὐτὴν
2792 750 2945 804 πόλιν
2971 751 3256 822 βασιλέων,
3284 753 3377 808 τοῦ
3407 771 3469 807 τε
3503 757 3865 827 πρεσϐυτάτου

2286 838 2394 891 τῶν
2428 840 2620 908 ἄλλων,
2651 841 2745 895 καὶ
2770 842 2862 896 τοῦ
2895 843 2986 897 τὸν
3009 844 3267 918 τέταρτον
3300 846 3408 900 ἀπὸ
3436 846 3634 901 τούτου
3659 850 3757 919 τῆς
3779 852 3869 923 ἀρ·

2285 931 2387 1003 χῆς
2415 934 2837 1004 ἐπικρατοῦντος
2872 935 3100 1008 βαθμόν.
3147 938 3286 993 Ἀλλ’
3317 933 3474 1006 οὗτος
3521 941 3627 1012 μὲν
3650 942 3756 995 τῶν
3779 962 3866 1016 τη·

2285 1024 2467 1079 νικάδε
2498 1025 2715 1098 πρῶτος
2744 1027 2932 1082 τοῦτον
2953 1029 3261 1103 διαπρέψας
3294 1033 3385 1087 τὸν
3417 1033 3648 1105 τρόπον,
3673 1034 3787 1105 ἅμα
3812 1054 3866 1090 τε

2282 1117 2530 1185 τοιαῦτα,
2557 1115 2644 1175 οἶα
2668 1122 2761 1176 καὶ
2794 1122 2940 1187 εἰκὸς
2968 1120 3057 1196 ἧν,
3086 1126 3383 1197 ὑπομείνας
3408 1127 3487 1192 ὡς
3525 1126 3595 1182 ἂν
3638 1129 3730 1183 ἐπὶ
3764 1148 3866 1183 τοι-

2282 1210 2426 1283 ούτῳ
2454 1211 2782 1284 τολμήματι.
2823 1214 2884 1268 τὸ
2912 1214 3119 1269 ἄλυπον
3159 1219 3254 1271 καὶ
3281 1219 3564 1291 ἀτάραχον
3596 1222 3677 1284 εἰς
3710 1220 3867 1293 αὐτὴν

2281 1302 2597 1359 τελευταίαν
2626 1304 2946 1378 διετήρησεν
2978 1308 3271 1382 ἀναπνοήν.
3557 1301 3580 1321 ⁸

2807 1513 3204 1569 ΚΕΦΑΛΑΙΟΝ
3242 1518 3331 1585 εῖν.

2460 1608 2601 1676 Περὶ
2629 1604 2747 1659 τῶν
2772 1608 2925 1680 κατὰ
2947 1607 3091 1680 τοὺς
3106 1609 3474 1678 βασιιικοὺς
3504 1611 3719 1680 012501;;-

2791 1679 2932 1750 (Νῆα.
2968 1678 3036 1730 Η.
3067 1679 3133 1733 Ε.
3166 1697 3255 1743 ιιι,
3283 1681 3360 1753 5).

2352 1769 2575 1824 Πάντων
2619 1769 2676 1824 δὲ
2715 1771 2829 1824 ὅσοι
2860 1771 2969 1826 τῶν
3010 1772 3229 1827 πώποτε
3258 1773 3632 1845 ἀνυμνοῦνται
3659 1774 3863 1848 θαυμά-

598 1871 697 1911 cos
744 1852 860 1911 sive
901 1854 1043 1924 apud
1078 1852 1351 1908 Barbaros
1392 1853 1759 1909 admiratione
1800 1853 1949 1920 digni
2006 1865 2061 1908 et
2105 1855 2175 1910 ob

2279 1878 2382 1915 σιοι
2413 1860 2506 1916 καί⁸
2534 1862 2622 1916 ἐπ’
2656 1862 2881 1936 ἀνδρεία
2911 1863 3250 1936 βεϐοημένοι,
3284 1837 3395 1918 εἴτε
3443 1867 3580 1939 παρ’
3614 1837 3861 1939 Ἕλλησιν

598 1947 971 2003 fortitudinem
1020 1944 1264 2001 celebres
1311 1946 1662 2012 exstiterunt,
1707 1944 1974 2016 gloriosos
2013 1956 2178 2015 atque

595 2040 836 2097 illustres
863 2039 955 2095 Dei
979 2049 1248 2110 martyres
1266 2052 1326 2093 ea
1355 2047 1649 2109 tempestas
1681 2037 1819 2103 tulit,
1846 2037 2176 2093 Dorotheum

594 2134 807 2192 scilicet
830 2141 886 2190 et
912 2132 1158 2204 reliquos
1183 2132 1548 2189 cubicularios
1578 2145 1804 2203 pueros.
1830 2130 1932 2199 Qui
1961 2132 2175 2187 tametsi

593 2228 793 2284 summi
824 2224 1052 2284 honoris
1100 2224 1459 2297 pratrogativa
1497 2226 1569 2280 ab
1617 2227 2043 2293 imperatoribus
2079 2240 2173 2282 or-

592 2320 707 2376 nati
738 2327 948 2385 essent,
980 2332 1085 2374 nec
1108 2318 1288 2373 minus
1318 2320 1386 2373 ab
1408 2318 1598 2373 iisdem
1630 2317 1985 2388 diligerentur
2011 2332 2193 2388 quam'

594 2413 734 2480 filii;
782 2412 982 2483 probra
1011 2421 1191 2469 tamen
1239 2426 1339 2483 pro
1371 2411 1571 2482 pietate
1615 2410 1878 2477 tolerata,
1918 2410 2080 2482 297
2120 2422 2177 2466 et

593 2521 868 2563 aerumnas
888 2548 904 2574 ,
933 2521 997 2563 ac
1036 2507 1251 2561 diversa
1285 2504 1478 2560 mortis
1503 2518 1706 2575 genera
1738 2505 1998 2563 adversus
2030 2504 2177 2576 ipsos

593 2602 902 2675 excogitata
927 2640 943 2668 ,
991 2599 1218 2671 majoris
1256 2613 1449 2655 revera
1499 2598 1660 2669 pretii
1699 2612 1822 2654 esse
1863 2598 2171 2664 duxerunt,

592 2710 758 2766 quam
792 2694 1024 2766 gloriam
1053 2708 1120 2749 ac
1148 2693 1375 2749 delicias
1407 2691 1571 2763 hujus
1599 2691 1807 2747 saeculi.
1831 2690 2036 2746 llorum
2068 2691 2173 2762 igi-

593 2798 685 2847 tur
723 2789 885 2844 unius
914 2788 1177 2844 duntaxat
1205 2784 1294 2841 ltic
1318 2785 1527 2840 exitum
1571 2783 1806 2842 referam
1829 2824 1845 2850 ,
1890 2795 1947 2839 ut
1981 2801 2046 2840 ex
2081 2785 2175 2839 illo

592 2880 828 2938 lectores
863 2877 1145 2950 conjicere
1174 2877 1391 2949 possint
1419 2876 1546 2947 quid
1592 2875 1822 2947 reliquis
1850 2876 2171 2948 contigerit.

593 2972 900 3032 Productus
928 2970 1094 3029 estin
1132 2969 1369 3027 medium
1409 2968 1630 3040 quidam
1667 2969 1912 3033 illorum,
1949 2970 2002 3024 in
2036 2970 2174 3026 urbe

590 3070 840 3140 superius
867 3056 1165 3123 memorata
1192 3107 1207 3131 ,
1233 3078 1417 3120 coram
1448 3063 1515 3118 iis
1553 3077 1699 3134 quos
1733 3063 1845 3117 dixi
1877 3064 2173 3136 imperato-

590 3162 764 3217 ribus.
789 3158 1094 3229 Jussusque
1120 3155 1226 3210 diis
1246 3154 1589 3218 sacrificare;
1622 3170 1747 3208 cum
1781 3154 1833 3208 id
1866 3153 2167 3224 pertinaci-

593 3261 677 3309 ter
706 3258 1009 3315 recusaret,
1052 3248 1253 3303 nudato
1279 3259 1515 3316 corpore
1548 3244 1796 3299 sublimis
1840 3244 1949 3299 tolli
1973 3246 2168 3314 pacci-

591 3346 764 3419 pitur,
792 3352 846 3400 et
887 3341 1208 3398 verberibus
1249 3337 1465 3393 concidi
1499 3337 1681 3408 quoad
1726 3337 1944 3391 tandem
1976 3337 2061 3392 vel
2089 3338 2172 3391 in-

504 3454 511 3463 '
591 3439 739 3497 vitus
767 3436 936 3507 jussis
975 3436 1401 3504 obtemperaret.
1429 3429 1542 3487 Sed
1562 3445 1697 3487 cum
1742 3429 2174 3501 ille,bujusmodi

593 3530 886 3589 tormentis
932 3526 1387 3593 excarnificatus,
1431 3523 1488 3579 in
1523 3523 1713 3580 eadem
1756 3522 2026 3578 sententia
2080 3521 2174 3576 lir-
2218 3544 2223 3549 -

595 3640 720 3682 mus
746 3630 1118 3695 permaneret,
1145 3620 1278 3691 ipsis
1298 3617 1411 3690 jam
1449 3617 1669 3674 ossibus
1698 3613 2173 3681 denudatis,com-

593 3718 825 3773 mixtum
859 3713 973 3769 sale
1004 3720 1221 3768 acetum
1265 3708 1672 3767 tabescentibus
1708 3708 1956 3779 corporis
2003 3723 2175 3762 mem-

595 3809 710 3865 bris
744 3806 1079 3862 infuderunt.
1107 3802 1257 3871 Quos
1295 3801 1514 3858 dolores
1545 3816 1669 3856 cum
1713 3800 1806 3856 ille
1840 3800 2004 3856 etiam
2040 3800 2176 3855 tole-

595 3896 1048 3968 raret,cralicula
1080 3894 1337 3963 deinceps
1351 3901 1408 3950 et
1429 3892 1639 3963 ignisin
1666 3890 1901 3946 medium
1928 3890 2171 3946 alIertur.

593 3995 664 4050 Et
694 3990 939 4063 reliquias
978 3988 1224 4059 corporis
1260 3984 1449 4057 ipsius,
1481 3985 1655 4041 instar
1686 3983 1932 4040 carnium
1955 3999 2077 4055 quae
2106 3983 2173 4037 ad

600 4088 785 4144 cibum
815 4093 1097 4157 parantur,
1128 4081 1253 4152 igne
1277 4088 1476 4157 assatze
1498 4089 1662 4156 sunt;
1680 4079 1841 4149 idque
1867 4093 1973 4133 non
2010 4078 2175 4134 simul

596 4197 665 4239 ac
698 4152 889 4245 semel,
923 4177 1019 4233 sed
1050 4152 1344 4246 paulatim;
1376 4186 1446 4227 ne
1467 4152 1681 4228 scilicet
1715 4171 1884 4226 celeri
1906 4172 2054 4228 exitu
2080 4171 2176 4228 de-

597 4275 943 4346 fungeretur.
974 4268 1088 4323 Nec
1120 4265 1408 4323 carnifices
1434 4265 1525 4334 qui
1563 4279 1687 4320 eum
1735 4279 1867 4334 rogo
1901 4265 2175 4336 imposue-

595 4376 758 4433 rant,
803 4362 1079 4420 dimittere
1116 4359 1264 4415 illum
1310 4357 1653 4422 sinebantur,
1688 4357 1791 4413 nisi
1831 4358 1983 4429 prius
2007 4356 2176 4428 jussis

596 4470 720 4535 post
768 4466 845 4513 tot
882 4454 1159 4511 cruciatus
1197 4450 1583 4523 acquievisset.
1619 4448 1815 4504 Verum
1863 4449 1950 4505 ille
1990 4448 2047 4503 in
2083 4465 2176 4504 ea-

595 4559 722 4614 dem
752 4569 967 4625 semper
998 4549 1268 4610 sententia
1303 4560 1667 4619 perseverans
1690 4584 1706 4608 ,
1740 4545 1913 4600 victor
1944 4544 2077 4614 ipsis
2120 4545 2173 4598 in

2277 1953 2385 2007 εἴτε
2430 1953 2578 2025 παρά
2615 1954 2944 2028 βαρϐάροις,
2987 1956 3166 2021 θείους
3204 1958 3434 2029 ἤνεγκεν
3467 1960 3496 2012 ὁ
3549 1961 3741 2031 καιρὲις
3772 1960 3859 2016 καὶ

2275 2044 2593 2132 διαπρεπεῖς
2627 2046 2932 2120 μάρτυρας,
2955 2050 3082 2113 τοὺς
3112 2050 3254 2121 ἀμφὶ
3282 2050 3373 2103 τὸν
3400 2051 3687 2123 Δωρόθεον
3714 2049 3858 2119 βασι-

2275 2135 2461 2201 λικοὺς
2486 2137 2699 2203 παῖδας,
2736 2139 2784 2192 οἳ
2827 2140 2921 2193 καὶ⁵
2946 2140 3047 2211 τῆς
3079 2141 3341 2196 ἀνωτάτω
3370 2142 3542 2214 τιμῆς
3572 2144 3724 2214 παρὰ
3753 2147 3856 2208 τοῖς

2274 2230 2559 2294 δεσπόταις
2586 2230 2898 2303 ἠξιωμένοι,
2935 2235 3172 2305 γνησίων
3197 2253 3256 2289 τε
3295 2237 3477 2300 αὐτοῖς
3509 2237 3750 2289 διαθέσει
3780 2238 3857 2289 τέ-

2275 2341 2416 2377 κνων
2453 2324 2514 2377 οὐ
2563 2324 2904 2395 λειπόμενοι,
2961 2326 3181 2397 μείζονα
3231 2328 3461 2385 πλοῦτον
3514 2329 3594 2392 ὡς
3654 2329 3856 2399 ἀληθῶς

2273 2418 2508 2489 ἥγηνται
2551 2419 2651 2490 τῆς
2676 2420 2768 2472 τοῦ
2806 2419 2921 2491 βίου
2968 2420 3124 2491 δόξης
3165 2422 3263 2475 ικαὶ
3298 2423 3518 2494 τρυφῆς
3563 2424 3691 2486 τοὺς
3724 2422 3856 2495 ὑπὲρ

2274 2510 2553 2574 εὐσεϐείας
2577 2509 2911 2581 ὀνειδισμούς
2934 2529 2993 2565 τε
3019 2512 3113 2565 καὶ⁸
3147 2513 3364 2577 πόνους,
3386 2514 3480 2568 καὶ
3516 2514 3648 2578 τοὺς
3676 2531 3853 2567 κεκαι-

2273 2618 2472 2673 νουργη
2482 2602 2676 2673 μένους
2707 2603 2793 2656 ἐπ’
2836 2602 3018 2668 αὐτοῖς
3050 2601 3125 2675 (9)
3156 2604 3537 2679 πολυτρόπους
3564 2604 3849 2668 θανάτουςο

2274 2687 2349 2748 ὧν
2375 2695 2493 2759 ἑνός
2524 2713 2667 2760 τινος
2703 2696 2799 2767 οἴῳ
2828 2697 3093 2768 κέχρηται
3144 2698 3475 2770 μνησθέντες
3516 2698 3599 2771 τῷ
3624 2698 3716 2752 τοῦ
3746 2697 3848 2768 βίου

2275 2787 2438 2854 τέλει,
2468 2792 2690 2842 σκοπεῖν
2713 2789 2773 2854 ἐξ
2801 2790 2967 2844 αὐτοῦ
2995 2790 3088 2845 καὶ
3122 2790 3190 2845 τὰ
3217 2794 3330 2855 τοῖς
3358 2791 3546 2856 ἄλλοις
3587 2789 3849 2862 συμϐεϐη-

2274 2879 2430 2944 κότα,
2458 2882 2570 2944 τοῖς
2597 2882 2983 2953 ἐντυγχάνουσι
3016 2883 3412 2956 καταλείψομεν
3433 2901 3446 2915 ·
3479 2884 3648 2956 ἧγετό
3667 2901 3748 2947 τις
3776 2885 3848 2948 είς

2277 2971 2441 3043 μέσον
2475 2972 2614 3027 κατά
2648 2973 2746 3046 τὴν
2774 2976 3177 3049 προειρημένην
3204 2977 3379 3043 πόλιν,
3412 2978 3498 3048 ἐφ’
3530 2972 3607 3032 ὧν
3635 2975 3850 3049 δεδηλώ-

2272 3078 2451 3134 καμεν
2495 3064 2791 3136 ἀρχόντων.
2829 3064 2992 3120 Θύειν
3032 3066 3096 3139 δὴ
3134 3063 3227 3122 οὖν
3262 3069 3647 3142 προσταχθεὶς,
3676 3069 3748 3133 ὡς
3773 3071 3847 3123 ἐν-

2276 3154 2476 3221 ίστατο,
2501 3156 2702 3227 γυμνὸς
2732 3159 3024 3231 μετάρσιος
3051 3160 3280 3233 ἀρθῆναι
3306 3161 3609 3225 κελεύεται,
3645 3161 3847 3233 μάστιξί

2277 3261 2337 3297 τε
2366 3245 2425 3299 τὸ
2452 3248 2558 3301 πᾶν
2594 3246 2750 3319 σῶμα
2780 3249 3220 3315 καταξαίνεσθαι,
3244 3252 3421 3305 εἰσότε
3448 3254 3726 3325 ἡττηθεὶς,
3754 3254 3846 3307 κᾶν

2275 3336 2425 3392 ἄκων
2458 3337 2517 3391 τὸ
2540 3341 3008 3412 προσταττόμενον
3034 3344 3328 3414 ποιήσειεν.
3370 3344 3457 3408 Ὠς
3480 3344 3541 3399 δὲ
3569 3346 3661 3398 καὶ
3689 3344 3845 3398 ταῦτα

2273 3434 2498 3505 πάσχων
2538 3435 2893 3508 ἀδιάτρεπτος
2915 3433 3004 3509 ἦν,
3032 3437 3152 3502 ὅξος
3181 3438 3364 3493 λοιπὸν
3389 3441 3488 3513 ἤδη
3519 3440 3630 3494 τῶν
3661 3441 3845 3493 ὀστέων

2275 3528 2718 3600 ὑποφαινομένων
2751 3530 2915 3584 αὑτοῦ
2950 3532 3047 3585 σὺν
3079 3532 3172 3586 καὶ
3196 3531 3353 3586 ἅλατι
3386 3533 3678 3605 φύραντες,
3718 3531 3843 3586 κατὰ

2273 3617 2380 3672 τῶν
2402 3617 2774 3675 διασαπέντων
2797 3619 2890 3673 τοῦ
2916 3619 3170 3692 σώματος
3204 3623 3388 3695 μερῶν
3410 3624 3626 3695 ἐνέχεον
3651 3641 3664 3654 ·
3698 3623 3767 3685 ὡς
3791 3621 3842 3673 δὲ

2274 3710 2368 3765 καὶ
2396 3712 2601 3774 ταύτας
2626 3712 2818 3765 ἐπάτει
2840 3712 2940 3776 τὰς
2961 3712 3278 3784 ἀλγηδόνας,
3308 3717 3515 3789 ἐσχάρα
3542 3713 3841 3769 τούντεῦθεν

2274 3804 2369 3857 καὶ
2403 3803 2514 3877 πῦρ
2545 3805 2625 3868 είς
2651 3804 2815 3876 μέσον
2858 3805 3085 3859 εἵλκετο.
3122 3808 3233 3861 Καὶ
3263 3807 3440 3880 κρεῶν
3472 3807 3746 3879 ἐδωδίμων
3774 3804 3841 3858 δίο

2273 3911 2377 3967 κην
2417 3896 2487 3950 τά
2516 3895 2742 3967 λείψανα
2775 3895 2925 3967 αὐτῷ
2963 3897 3059 3951 τοῦ
3096 3897 3346 3970 σώματος
3394 3900 3500 3953 ὑπὸ
3542 3900 3634 3953 τοῦ
3684 3896 3838 3968 πυρὸς

2273 3990 2372 4042 οὐκ
2396 3990 2475 4053 είς
2507 3988 2726 4062 ἄθρουν,
2757 3989 2833 4054 ὼς
2866 3990 2932 4044 ἂν
2963 3989 3037 4061 μὴ
3064 3991 3340 4063 συντόμως
3364 3990 3727 4062 ἀπαλλαγείη,
3752 4005 3839 4041 κα-

2273 4079 2343 4134 τὰ
2364 4078 2534 4152 βραχὺ
2557 4079 2613 4134 δὲ
2642 4080 2979 4152 ἀνηλίσκετο,
2997 4082 3057 4135 οὐ
3083 4082 3345 4155 πρότερον
3366 4085 3575 4137 ἀνεῖναι
3594 4082 3699 4136 τῶν
3729 4082 3837 4133 ἐπι-

2274 4171 2529 4226 τιθέντων
2558 4173 2717 4226 αὐτὸν
2745 4176 2809 4245 τῇ
2849 4177 2995 4247 πυρᾷ
3045 4166 3509 4248 συγχωρουμένων
3545 4174 3689 4248 (10),
3720 4171 3835 4245 πρὶν

2276 4269 2342 4322 ἃν
2388 4270 2481 4322 καὶ
2514 4267 2651 4347 μετά
2693 4268 2925 4323 τοσαῦτα
2952 4274 3059 4334 τοῖς
3105 4272 3599 4343 προστασσομένοις
3642 4268 3833 4323 ἐπινεύ-

2278 4376 2437 4414 σειεν.
2480 4361 2537 4414 'U
2565 4361 2610 4415 δ’
2637 4361 2806 4434 ἀπρὶξ
2847 4363 3102 4433 ἐχόμενος
3125 4364 3221 4432 τῆς
3254 4365 3561 4436 προθέσεως
3584 4405 3599 4429 ,
3624 4361 3830 4433 νικηφό-

2281 4471 2371 4524 ρος
2401 4455 2458 4507 ὲν
2482 4455 2668 4518 αὐταῖς
2693 4458 2811 4518 ταῖς
2839 4455 3091 4526 βασάνοις
3114 4456 3361 4510 ἀπέδωκε
3388 4458 3485 4529 τὴν
3512 4457 3705 4528 ψυχήν.
3728 4455 3831 4507 Τοι-

2277 4543 2432 4598 οῦτον
2453 4545 2562 4598 τῶν
2593 4545 2884 4615 βασιλικῶν
2910 4546 3027 4610 ἐνὸς
3050 4547 3108 4600 τὸ
3137 4548 3435 4620 μαρτύριον
3462 4549 3681 4602 παίδων.
3708 4544 3833 4607 ἄξιον

599 4646 890 4707 termentis
928 4643 1165 4699 animam
1200 4636 1499 4695 exhalavit.
1540 4635 1857 4707 liujusmodi
1889 4632 1996 4689 fuit
2029 4651 2175 4690 mar-

2280 4637 2355 4702 ὼς
2382 4636 2552 4701 ὅντως
2580 4636 2687 4708 (ll)
2717 4636 2931 4709 καὶτῆς
2952 4638 3319 4711 προσηγορίας
3339 4656 3352 4670 ³
3382 4639 3588 4713 Πέτρος
3604 4639 3706 4711 γὰρ
3722 4640 3834 4689 sxa-

671 4827 748 4901 (8)
767 4823 1122 4901 Σθιτιιράτζρειἶ
1133 4821 1323 4879 Edicta
1349 4819 1739 4901 imperatorum
1773 4827 1830 4873 et
1852 4815 2179 4901 epjistolaeuin

596 4887 789 4960 charta
814 4887 1326 4968 praescribebantur.
1352 4887 1492 4945 Hinc
1524 4889 1675 4968 lflilus
1706 4890 1759 4944 in
1794 4889 2019 4959 epistola
2073 4887 2183 4944 264

604 4972 682 5029 ait
727 4961 974 5024 chartam
1008 4964 1334 5036 simpliciter
1369 4961 1551 5041 vocari
1600 4975 1722 5030 qua:
1769 4975 1845 5041 ex.
1885 4972 2093 5041 papyro
2127 4971 2184 5041 et

603 5041 816 5117 glutino
853 5031 1137 5117 compacta
1180 5034 1449 5117 eSt;._sed_
1488 5044 1773 5117 postquam
1816 5031 2181 5117 imperatoris

602 5101 1063 5181 subscriptionem
1116 5106 1370 5181 _accepit,
1438 5101 1605 5181 tunc.
1645 5101 1829 5156 vocari
1894 5114 2113 5181 sacram
2159 5116 2175 5155 :

615 5168 712 5240 Ἕκ
736 5168 990 5244 παπύρου
1046 5176 1143 5233 καὶ
1197 5168 1393 5244 κόλλης
1429 5172 1637 5244 χάρτης
1692 5168 2175 5244 κατασκευασθεὶς,

640 5257 809 5327 ἀρτης
839 5240 1263 5327 ψιλρςμκαλεζται
1280 5263 1294 5277 ο
1320 5316 1331 5327 ⁸
1349 5240 1487 5299 ὲπάν
1501 5240 1576 5327 ςδὲ
1595 5240 2179 5327 ’ὑπογραφὴχοδέξηται

640 5273 809 5327 αρτ-ης
839 5273 993 5323 ψιΛος
1017 5273 1263 5307 Iuliarum.
1282 5273 1293 5277 '
1349 5273 1487 5299 ιτιιιν
1518 5273 1576 5297 υτ.
1612 5273 2177 5326 υἰιυιμυιψιγνμςσθιηυιι

601 5273 896 5398 βασιλέως,
934 5320 1091 5394 δῆλον
1142 5318 1219 5382 ὡς
1271 5316 1451 5398 σάκρα
1491 5314 1989 5398 ὀνομάζεταιηὲιο
2032 5326 2177 5398 enim

609 5381 896 5468 tegendum
924 5381 1031 5461 es't,
1062 5407 1167 5468 non
1202 5398 1262 5443 ut
1304 5390 1357 5468 iu
1382 5381 1504 5468 'tns.
1537 5381 1724 5468 codice
1759 5382 2016 5468 scribitur
2048 5381 2180 5468 ράρ-

607 5453 702 5523 κᾶί
729 5466 955 5521 Sacram
992 5453 1140 5518 enim
1173 5458 1444 5515 vocabant
1474 5456 1819 5524 imperatoris
1856 5453 2177 5524 Epistulam,

606 5549 670 5593 ut
702 5536 888 5591 videre
909 5543 995 5591 est
1016 5533 1071 5588 in
1095 5531 1245 5587 Actis
1275 5526 1491 5585 concilii
1515 5523 1999 5589 Chalcedonensis,
2028 5534 2094 5593 _et
2121 5523 2181 5579 in

606 5591 850 5664 Novellis
879 5603 1196 5677 Iustiniani,
1226 5612 1301 5677 et.
1322 5601 1376 5655 in
1413 5596 1693 5677 Glossario
1744 5597 1989 5677 Nomico.
2027 5591 2176 5677 Idem

608 5692 827 5749 quoque
859 5684 1089 5730 testatur
1124 5664 1814 5749 Ammianusittlibz'xxn,
1845 5666 1932 5749 b_is
1954 5664 2176 5749 verbis:

615 5736 642 5802 ἱ
661 5736 1054 5817 Replicatoque
1078 5742 1356 5817 volumine
1378 5737 1568 5798 edicti.
1593 5754 1613 5790 ι
1639 5736 1774 5794 Nam
1798 5737 2048 5795 volumen
2071 5748 2181 5792 non

611 5813 810 5877 dicitur
836 5817 940 5875 nisi
965 5813 1032 5874 ile
1054 5813 1260 5873 charta.

2354 4819 2431 4889 (9)
2462 4818 3093 4889 Κεκαινουργημένους
3141 4820 3234 4873 ἐπ’
3288 4820 3512 4887 αὐτοῖς.
3569 4820 3714 4889 Vulg.
3748 4815 3832 4871 αὖ·

2279 4888 2427 4953 τούς.
2457 4890 2512 4943 In
2539 4889 2700 4943 codd.
2738 4888 3074 4955 Hed.,Maz.,
3110 4889 3248 4946 Fuk.
3286 4900 3336 4944 et
3371 4890 3497 4945 Sav.
3538 4893 3731 4944 rectius
3764 4891 3829 4939 le—

2280 4962 2428 5031 gitur
2464 4961 2550 5012 ἐπ’
2602 4960 2805 5031 αὐτοῖς.
2862 4961 2956 5015 Sic
3008 4962 3151 5014 enim
3185 4962 3391 5015 vitatur
3445 4960 3748 5031 κακοφωνία
3773 4972 3827 5011 ex

2282 5030 2455 5102 nimia
2488 5030 2808 5097 repetitione
2848 5046 2942 5102 ob;
2975 5031 3218 5102 syllaba).

2350 5101 2466 5170 (10)
2493 5097 3026 5170 Συγχωρουμένωνζ
3074 5099 3184 5155 Nec
3223 5098 3579 5168 Nicephorus,
3622 5114 3716 5156 nec
3755 5097 3827 5150 in-

2282 5169 2551 5240 terpretes
2594 5169 2773 5240 lianc
2860 5184 3047 5225 vocem
3128 5172 3549 5236 intellexerunt;
3655 5169 3828 5240 quippe

2276 5241 2371 5310 qui
2407 5254 2518 5322 .non
2561 5239 3046 5322 animadverterint
3087 5256 3274 5297 vocem
3323 5241 3711 5315 συγχωρεῖσθαι
3751 5239 3825 5293 bis

2275 5311 2490 5382 passive
2517 5311 2675 5382 sumi.
2722 5380 2732 5382 _
2820 5379 2840 5382 ῃ
3055 5332 3097 5382 Α·

2349 5379 2460 5451 (Η)
2484 5379 2679 5445 Ἄξιον
2701 5380 2783 5446 ὡς
2809 5379 3011 5447 ὄντως.
3045 5379 3405 5437 Scribendum
3432 5383 3643 5438 videtur
3669 5376 3820 5444 ἀξίου.

2275 5452 2546 5525 Refertur;
2566 5454 2711 5505 enim
2761 5452 2914 5525 adid
2935 5452 3121 5525 ﬁtted
3146 5455 3443 5520 praecessit,
3489 5455 3625 5517 ἑνός.
3661 5451 3822 5525 Porto

2276 5523 2345 5578 de
2373 5522 2476 5577 hoc
2514 5520 2773 5592 Petroret
2820 5521 2886 5575 de
2934 5518 3211 5592 Dorotheo
3260 5518 3548 5592 praeposito
3590 5518 3819 5578 cubiculi.

2277 5592 2582 5663 Gorgonio,
2619 5591 2849 5663 aliisque
2878 5591 3226 5663 cubiculariis
3253 5591 3346 5662 qui
3392 5603 3521 5647 tunc
3549 5594 3667 5648 caesi
3693 5595 3815 5663 stult.

2279 5657 2570 5789 vide'bActa
2602 5657 2873 5735 passidnis
2919 5662 3065 5719 ludis
3099 5668 3155 5720 et
3184 5657 3408 5720 Doiuute
3447 5665 3533 5721 die
3563 5676 3684 5717 xxvi
3726 5657 3816 5711 Dc-

2280 5747 2399 5789 cem
2446 5748 2538 5789 ris.

2280 5747 2538 5792 cele'lS.
