4114 6406
313 338 427 391 ’755

1273 336 1619 394 ΗίειτοῐὶΙᾸΞ
1660 333 2224 393 ΕΕΟῌῘΞΙΑΞΤΕᾸΞ
2266 332 2392 388 LIB.
2439 331 2574 386 VIII.

3455 323 3558 376 75$

307 457 464 510 λεῖπε
512 458 584 510 Οὑ
612 459 828 529 χείρονα
869 459 923 512 δὲ
951 460 1044 512 καὶ
1073 459 1138 512 τὰ
1173 460 1311 512 κατᾶ
1351 461 1477 524 τοὺς
1506 461 1724 525 λοιποὺς
1747 461 1887 524 ὄντα,

2003 459 2201 532 tyrium
2230 456 2386 509 unius
2411 469 2476 508 ex
2509 449 2852 521 imperatoris
2877 447 3246 512 cubiculariis,
3281 444 3425 517 digni
3444 459 3563 513 pro-

305 546 473 615 λόγου
519 549 818 618 φειδόμενοι
851 552 1218 622 συμμετρίας,
1253 551 1675 622 παραλείψομεν,
1704 551 1894 605 τοσοῦο

305 656 404 692 ’τον
441 639 933 711 ίστορήσαντες,ὡς
963 643 992 694 ὃ
1019 659 1081 711 γε
1112 644 1383 713 Δωρόθεος
1413 646 1503 697 καὶ
1527 643 1555 694 ὁ
1591 645 1892 715 Γορτύνιος,

307 731 523 798 ἑτέροις
563 732 678 801 ἃμα
722 732 928 785 πλείοσι
962 734 1062 804 τῆς
1111 733 1394 806 βασιλικῆς
1434 736 1732 800 οἰκετείας,
1758 736 1894 807 μετὰ

305 825 441 885 τοὺς
470 822 841 894 πολυτρόπους
867 825 1084 893 ἀγῶνας
1115 826 1295 898 βρόχῳ
1325 827 1420 898 τὴν
1456 826 1600 898 ζωὴν
1631 828 1894 898 μεταλλά-

310 908 524 975 ξαντες,
554 913 652 981 τῆς
680 912 864 965 ἐνθέου
905 914 1059 985 νίκης
1099 915 1481 986 ἀπηνέγκαντο
1513 917 1761 988 βραδεῖα.
1807 918 1894 970 Ἑν

305 1000 486 1071 τούτῳ
509 1001 606 1070 τῆς
632 1001 772 1055 κατὰ
799 1003 1166 1074 Νικομήδειαν
1195 1005 1519 1078 Ἐκκλησίας
1546 1009 1571 1060 ό
1597 1007 1895 1078 τηνικαῦτα

308 1091 591 1161 προεστὼς
619 1093 900 1164 Ἀνθεμος,
931 1094 1017 1148 διὰ
1046 1095 1145 1167 τὴν
1184 1098 1264 1161 είς
1292 1099 1525 1170 Χριστὸν
1569 1099 1891 1172 μαρτυρίαν,

303 1182 406 1253 τὴν
433 1184 672 1257 κεφαλὴν
707 1186 1106 1258 ἀποτέμνεταιο
1143 1188 1318 1260 τούτῳ
1354 1190 1410 1243 δὲ
1455 1190 1656 1261 πλῆθος
1699 1191 1894 1262 ἄθρουν

309 1273 605 1345 μαρτύρων
636 1276 1014 1347 προστίθεται,
1043 1279 1143 1332 οὐκ
1184 1275 1280 1331 οἶδ’
1318 1281 1465 1342 ὅπως
1508 1281 1565 1333 ὲν
1605 1283 1716 1343 τοῖς
1753 1280 1895 1335 κατᾶ

302 1365 406 1434 τὴν
441 1366 803 1438 Νικομήδειαν
830 1368 1136 1438 βασιλείοις,
1166 1374 1442 1444 πυρκαϊᾶς
1475 1373 1584 1447 (19.)
1616 1375 1672 1427 ἐν
1706 1375 1895 1440 αὐταῖς

303 1454 372 1526 δὴ
405 1460 524 1520 ταῖς
562 1459 798 1530 ἡμέραις
837 1461 1101 1534 ἀφθείσης
1128 1480 1142 1494 ’
1184 1464 1250 1534 ἥν
1281 1464 1404 1518 καθ’
1445 1466 1697 1520 ὑπόνοιαν
1725 1465 1892 1538 ψευδῆ

305 1547 447 1619 πρὸς
475 1549 581 1602 τῶν
611 1551 894 1622 ἡμετέρων
917 1554 1328 1626 ὲπιχειρηθῆναι
1351 1556 1508 1626 λόγου
1529 1557 1892 1621 διαδοθέντος,

304 1642 560 1712 παγγενῆ
591 1645 830 1714 σωρηδὸν
858 1645 1121 1717 βασιλικῷ
1151 1649 1378 1720 νεύματι
1414 1651 1521 1704 τῶν
1554 1652 1679 1723 τῇδε
1711 1652 1893 1706 θεοσε-

305 1731 441 1795 εῶν,
469 1733 517 1784 οἱ
553 1733 649 1803 μὲν
684 1733 825 1802 ξίφει
851 1737 1306 1805 κατεσφάττοντο,
1329 1742 1377 1793 οἱ
1406 1741 1462 1794 δὲ
1483 1741 1568 1796 διὰ
1594 1742 1764 1812 πυρὸς
1787 1745 1900 1797 ἑτεο

303 1822 566 1877 λειούντο.
605 1825 731 1878 Ὅτε
777 1825 934 1894 λόγος
980 1826 1124 1898 ἔχει,
1157 1829 1434 1902 προθυμία
1477 1831 1599 1903 θεία
1638 1833 1748 1886 τινὶ
1796 1837 1890 1888 καὶ

303 1915 551 1987 ἀρρήτῳ,
579 1917 774 1988 ἄνδρας
803 1918 918 1988 ἅμα
943 1918 1186 1987 γυναιξὶν
1216 1919 1310 1972 ἐπὶ
1340 1921 1438 1994 τὴν
1476 1922 1656 1992 πυρὰν
1690 1923 1890 1979 καθαλ-

303 2007 528 2060 λεσθαι·
573 2007 829 2078 δήσαντες
867 2008 924 2061 δὲ
965 2009 1016 2062 οἱ
1062 2009 1244 2080 δήμιοι
1289 2009 1415 2065 ἄλλο
1457 2029 1508 2064 τι
1555 2012 1758 2081 πλῆθος
1802 2015 1893 2066 ἐπὶ

307 2099 566 2167 σκάφαις,
595 2101 705 2162 τοῖς
735 2099 1040 2163 θαλαττίοις
1069 2102 1465 2173 ἐναπέῤῥιπτον
1509 2101 1706 2173 βυθοῖς.
1754 2107 1892 2170 Τοὺς

304 2189 364 2244 δέ
394 2208 456 2258 γε
485 2190 795 2259 βασιλικοὺς
821 2193 956 2262 μετὰ
997 2194 1224 2247 θάνατον
1259 2195 1483 2259 παῖδας,
1523 2199 1591 2267 γῇ
1624 2197 1763 2250 κατὰ
1794 2199 1893 2270 τῆς

306 2281 694 2352 προσηκούσης
719 2283 939 2354 κηδείας
969 2286 1372 2357 παραδοθέντας
1393 2326 1406 2347 ,
1441 2283 1596 2351 αὖθις
1631 2288 1688 2354 ἐξ
1727 2290 1895 2361 ὑπαρ-

304 2371 411 2442 χῆς
463 2372 821 2442 ἀνορύξαντες
854 2376 1216 2447 ὲναπορῤῖψαι
1263 2375 1508 2449 θαλάσσῃ
1559 2379 1653 2431 καὶ⁴
1695 2380 1892 2443 αὐτοὺς

305 2463 473 2534 ᾤοντο
500 2464 606 2518 δεῖν
651 2466 700 2518 οἱ
745 2467 1120 2537 νενομισμένοι
1161 2468 1456 2533 δεσπόται,
1503 2470 1577 2533 ὡς
1620 2469 1684 2523 ἂν
1719 2471 1792 2542 μὴ
1833 2473 1890 2525 ἐν

309 2557 586 2624 μνήμασιν
615 2555 1009 2628 ἀποκειμένους
1034 2561 1580 2633 προσκυνοῖένλτινες,
1615 2561 1769 2625 θεοὺς
1797 2564 1893 2616 αὖ”

306 2648 454 2709 τοὺς,
490 2646 563 2709 ὥς
585 2664 646 2716 γε
680 2648 867 2719 ᾤοντο,
898 2649 1255 2720 λογιζόμενοι.
1291 2652 1398 2704 Καὶ
1427 2651 1494 2706 τὰ
1544 2653 1643 2723 μὲν
1673 2655 1764 2706 ἐπὶ
1791 2655 1892 2725 τῆς

308 2736 680 2807 Νικομηδείας
698 2740 839 2793 κατὰ
870 2738 967 2812 τὴν
987 2741 1159 2813 ἀρχὴν
1187 2743 1614 2798 ἀποτελεσθέντα
1637 2745 1730 2798 τοῦ
1764 2745 1891 2799 διω-

308 2829 474 2898 γμοῦ,
505 2832 746 2885 τοιαῦτα.
790 2833 903 2886 Οὐκ
935 2837 1014 2898 είς
1046 2835 1256 2906 μακρὸν
1294 2835 1350 2889 δὲ
1390 2836 1590 2910 ἐτέρων
1633 2838 1771 2891 κατὰ
1793 2840 1892 2910 τὴν

310 2920 602 2991 Μελιτινὴν
625 2923 737 2991 (l5)
764 2923 905 2976 οὕτω
930 2923 1269 2995 καλουμένην
1297 2925 1500 2996 χώραν,
1525 2926 1618 2979 καὶ
1643 2922 1708 2979 αὖ
1731 2928 1892 2980 πάλιν

311 3009 486 3063 ἄλλων
515 3014 655 3080 dirupi.
686 3014 782 3086 τὴν
822 3016 1020 3087 Συρίαν
1054 3016 1161 3087 (14)
1207 3017 1500 3089 ὲπιφυῆναι
1539 3022 1603 3091 τῇ
1651 3018 1893 3094 βασιλείᾳ

309 3104 754 3174 πεπειραμένων,
787 3107 914 3169 τοὺς
947 3107 1252 3176 πανταχόσε
1280 3108 1384 3162 τῶν
1416 3110 1718 3182 ἐκκλησιῶν
1753 3128 1890 3182 προ-

311 3195 554 3258 εστῶτας
610 3197 852 3267 εἱρκταῖς
901 3199 993 3252 καὶ
1036 3199 1254 3270 δεσμοῖς
1301 3202 1504 3272 ὲνεῖραι
1561 3202 1889 3273 πρόσταγμα

312 3285 502 3352 ὲσοίτα
535 3285 823 3356 βασιλικόν.
857 3291 962 3344 Καὶ
995 3287 1062 3361 ἦν
1095 3294 1127 3362 ὴ
1157 3291 1253 3345 θέα
1289 3292 1396 3346 τῶν
1425 3293 1518 3346 ἐπὶ
1550 3292 1760 3356 τούτοις
1800 3311 1889 3362 γι·-

312 3379 552 3444 νομένων
588 3382 766 3434 πᾶσαν
806 3382 1053 3454 διήγησιν
1085 3384 1489 3455 ὑπεραίρουσα,
1523 3385 1716 3457 μυρίου
1755 3385 1890 3457 πλή-

313 3468 443 3532 Θους
470 3472 528 3524 ἐν
555 3473 714 3525 παντὶ
742 3473 889 3545 τόπῳ
923 3475 1404 3547 καθειργνυμένου,
1429 3478 1522 3531 καὶ
1549 3477 1618 3531 τὰ
1641 3478 1887 3550 πανταχῆ

312 3562 660 3636 δεσμωτήρια
683 3567 1022 3637 ἀνδροφόνοις
1043 3570 1135 3622 καὶ⁸
1160 3587 1220 3622 τυ
1230 3569 1535 3642 μϐωρύχοις
1559 3571 1725 3624 πάλαι
1758 3571 1889 3642 πρό-

313 3673 470 3726 τερον
509 3658 986 3731 ἐπεσκευασμένα,
1027 3662 1144 3715 τότε
1191 3661 1537 3734 πληρούντων
1578 3665 1888 3718 ἐπισκόπων

387 3836 499 3908 (l2)
537 3838 857 3908 Πυρκατᾶς.
897 3841 972 3894 De
1010 3841 1114 3896 hoc
1165 3843 1412 3896 incendio
1457 3843 1598 3910 quo'l
1637 3839 1886 3896 Nicome-

315 3908 419 3981 dia:
453 3913 681 3981 conligit
710 3926 856 3964 anno
899 3929 912 3964 ι
943 3914 1353 3978 persecutionis,
1382 3908 1504 3966 vide
1539 3914 1746 3966 illustre
1777 3923 1884 3966 tes-

318 3980 976 4037 timoniunrConstantini
1017 3983 1144 4050 imp.
1175 3983 1228 4036 in
1261 3983 1520 4038 Oratione
1559 3983 1626 4038 ad
1662 3993 1882 4037 sancto-

316 4063 435 4101 rum
468 4061 666 4104 emtum
701 4052 876 4117 capite
899 4053 1209 4118 penultimo.

389 4120 500 4188 (l5)
539 4121 697 4176 Κατὰ
729 4119 845 4188 τὴν·
888 4121 1233 4189 Melana-air.
1275 4121 1330 4176 In
1377 4123 1743 4177 vetustissimo
1793 4136 1877 4175 σοι

314 4188 435 4264 dice
471 4190 601 4244 Maz.
631 4188 1198 4264 scribiturMsltriqu
1225 4203 1451 4264 accentu
1485 4195 1536 4246 in
1564 4192 1878 4262 pennltima.

317 4258 462 4314 Urbs
487 4271 540 4314 ct
572 4262 719 4328 regio
749 4261 823 4315 ita
867 4263 1008 4316 dicta
1049 4273 1134 4317 est
1155 4258 1233 4317 'in
1267 4263 1477 4316 minore
1506 4258 1781 4321 Armenia.
1824 4271 1883 4316 ut

311 4329 422 4403 jam
475 4333 678 4384 notavi.
714 4330 884 4403 Porro
936 4333 1001 4403 de
1051 4344 1279 4403 tyranno
1325 4335 1416 4402 qui
1454 4333 1505 4386 in
1547 4349 1611 4388 ea
1660 4334 1881 4402 regione

317 4401 600 4464 imperium
632 4401 879 4470 arripuit,
923 4402 1054 4454 nihil
1075 4401 1212 4463 legi.

386 4472 497 4541 (lt)
538 4474 767 4525 Ἅλλων
792 4471 938 4541 ἀμφὶ
975 4473 1090 4540 τὴν
1121 4474 1361 4541 Συρίαν.
1394 4473 1692 4542 Eugenium
1728 4471 1873 4527 intel-

313 4539 451 4603 ligit,
480 4539 567 4609 qui
605 4544 655 4594 in
691 4539 846 4612 Syria
878 4539 1345 4612 breviadtnotlum
1401 4539 1644 4612 tempore
1694 4555 1881 4612 tyran-

315 4614 493 4662 nidem
542 4611 741 4675 gessit.
796 4611 1320 4668 'I‘nlam'historiam
1379 4611 1564 4666 narrat
1619 4611 1880 4668 Libanius

318 4691 428 4732 tum
460 4681 508 4732 in
547 4685 806 4736 Oratione
832 4685 897 4736 ad
929 4683 1292 4736 Theodosium
1325 4694 1447 4752 post
1482 4683 1880 4738 reconciliatio-

317 4765 461 4822 nem,
506 4767 629 4820 pag.
665 4752 789 4815 4H,
819 4763 929 4806 tum
971 4754 1022 4807 in
1053 4753 1384 4815 Antiochico,
1423 4770 1545 4822 pag.
1587 4753 1713 4807 565.
1748 4752 1880 4817 Qui-

318 4819 416 4869 bus
437 4819 744 4890 iungendus
774 4835 854 4876 est
879 4823 1026 4876 locus
1050 4823 1290 4890 ejusdem
1315 4819 1523 4876 Libauii
1547 4840 1610 4877 ex
1635 4827 1882 4878 oratione

315 4890 380 4962 rid
422 4889 785 4944 Theodosium
827 4893 892 4946 de
924 4889 1188 4945 seditione
1216 4894 1573 4955 Antiochena,
1598 4910 1720 4962 pag.
1753 4895 1876 4948 399.

315 4957 444 5010 Erat
490 4961 710 5027 quidam
786 4963 1036 5016 tribunus
1093 4964 1376 5027 Seleuci-.e,
1437 4957 1881 5030 ιιοιιιὶιίιίιέιιεο-

315 5030 462 5102 nius,
523 5032 614 5101 qui
670 5030 930 5102 militibus
995 5034 1309 5101 quingentis,
1355 5044 1479 5087 erat
1534 5036 1877 5102 praepositus.

313 5095 410 5152 Ilis
454 5095 588 5166 aptis
621 5101 674 5154 id
715 5095 1026 5172 injunctqu
1056 5095 1195 5168 erat,
1219 5095 1308 5156 'ut'
1329 5118 1392 5158 os
1425 5095 1616 5172 portus
1645 5095 1879 5156 aditum-

312 5184 418 5237 que
445 5181 792 5242 excavarent.
832 5171 1029 5225 Milites
1055 5188 1178 5228 cum
1207 5175 1296 5228 diu
1332 5171 1606 5242 noctuque
1643 5174 1761 5227 sine
1799 5173 1881 5226 in-

317 5240 655 5314 termissione
673 5239 1006 5314 laborarent,
1024 5258 1166 5314 aegre
1195 5245 1246 5298 id
1266 5239 1880 5314 lerentes,pr:epositum

315 5324 472 5362 suum
507 5311 574 5382 ad
622 5312 910 5379 imperium
945 5311 1332 5380 capessendum
1367 5311 1696 5382 compellunt
1736 5327 1883 5366 mor-

313 5386 434 5454 tenr
457 5381 770 5439 minitantes
821 5384 924 5437 nisi
957 5384 1084 5452 ipsis
1122 5399 1403 5438 assensum
1440 5381 1724 5454 praeberet.
1767 5382 1882 5454 Hoc

311 5450 473 5523 niodo
511 5463 734 5509 coactus
780 5450 1054 5515 tribunus,
1091 5468 1325 5523 purpura
1349 5468 1412 5506 ex
1441 5450 1742 5508 'simulacro
1786 5452 1878 5506 Dei

312 5520 613 5593 cuiuspiam
639 5524 886 5593 abrepta,
915 5520 1211 5591 imperator
1228 5524 1530 5589 salutatur;
1555 5539 1675 5577 mox
1697 5523 1884 5577 Antio-

312 5592 493 5663 chiam
527 5608 648 5662 qua:
691 5592 800 5648 tum
832 5593 1082 5663 praesidio
1111 5594 1540 5663 tnilitumrvacua
1571 5602 1708 5655 erat,
1735 5603 1882 5663 ratus

312 5659 357 5711 si
413 5659 680 5733 eam'sibi
726 5659 1018 5733 adjungere
1061 5673 1260 5730 posset,
1315 5662 1604 5732 plurimum
1651 5662 1881 5730 inceptis

313 5730 677 5797 profuturam,
720 5730 914 5790 subito
945 5735 1133 5798 tendit,
1179 5730 1406 5802 eamque
1451 5735 1594 5788 circa
1627 5748 1878 5788 occasum

317 5802 448 5857 Solis
476 5813 724 5877 occupat.
749 5805 820 5860 At
851 5805 1064 5871 milites,
1078 5804 1235 5861 solita
1257 5821 1352 5878 per
1383 5813 1557 5862 totum
1586 5804 1689 5859 iter
1715 5803 1876 5858 lasci-

2001 550 2142 606 lecto
2167 564 2263 602 suo
2291 545 2528 600 nomine.
2557 541 2751 598 Petrus
2772 542 2915 595 enim
2944 540 3032 594 ille
3056 537 3374 594 vocabatur.
3407 533 3560 589 Reli-

2000 656 2227 712 quorum
2270 653 2396 692 vero
2428 634 2685 705 martyria
2717 633 2887 687 nihilo
2916 631 3196 693 inferiora,
3231 639 3410 684 tamen
3432 629 3560 683 bre-

2000 733 2183 789 vitatis
2224 731 2405 786 studio
2454 729 2541 783 hic
2585 728 2918 783 omittemus.
2966 724 3020 780 Id
3065 733 3274 778 tantum
3313 720 3565 776 retulisse

1997 824 2258 890 sulliciet,
2297 823 2440 893 quod
2481 821 2784 875 Dorotbeus
2817 830 2871 874 et
2917 817 3224 886 Gorgonius
3269 831 3376 870 una
3433 829 3562 870 cum

1997 913 2117 966 aliis
2148 912 2394 982 pluribus
2422 911 2511 980 qui
2546 911 2598 964 in
2624 909 2828 979 palatio
2863 909 3283 973 ministrabant,
3315 915 3437 976 post
3461 920 3564 960 cu-

1993 1004 2188 1072 jusque
2212 1002 2355 1056 modi
2383 1001 2708 1065 certamina,
2729 1001 2880 1054 elisis
2907 999 3096 1070 laqueo
3127 999 3392 1062 faucibus,
3421 995 3562 1052 divi-

1998 1112 2078 1150 na:
2104 1097 2340 1149 victoria:
2375 1095 2652 1165 prmmium
2679 1094 2854 1162 adepti
2889 1100 3037 1147 sunt.
3072 1089 3225 1144 Tunc
3252 1091 3418 1145 etiam
3449 1089 3565 1145 An-

1999 1187 2487 1247 thimus,Ecclesi:e
2531 1185 2957 1241 Nicomediensis
2984 1182 3303 1254 episcopus,
3333 1182 3402 1236 ob
3431 1197 3566 1236 con-

1996 1280 2285 1338 fessionem
2315 1281 2518 1334 Cbristi
2558 1281 2610 1335 in
2651 1279 2837 1334 eadem
2881 1279 3013 1332 urbe
3057 1277 3234 1346 capite
3281 1283 3565 1329 truncatus

1996 1380 2096 1427 est.
2135 1370 2270 1426 IIuic
2294 1370 2547 1440 adjuncta
2576 1381 2658 1424 est
2691 1371 2878 1438 ingens
2921 1377 3223 1440 martyrum
3253 1365 3560 1420 multitudo.

1997 1463 2205 1532 Quippe
2235 1462 2424 1516 iisdem
2473 1461 2884 1524 diebus,nescio
2924 1475 3032 1529 quo
3067 1476 3195 1515 casu
3222 1499 3238 1523 ,
3274 1460 3327 1514 in
3364 1460 3565 1529 palatio

1995 1555 2290 1609 excitatum
2326 1561 2444 1609 erat
2484 1552 2815 1608 incendium.
2856 1554 3025 1624 Cujus
3058 1568 3179 1606 cum
3217 1563 3434 1608 nostros
3467 1564 3565 1603 au-

1995 1661 2175 1706 ctores
2213 1649 2379 1705 fuisse
2424 1646 2666 1717 publicus
2713 1665 2899 1704 rumor
2943 1649 3075 1703 l'alsa
3125 1648 3437 1717 suspicione
3480 1645 3566 1714 ja-

1996 1753 2237 1808 ctasset,
2287 1745 2558 1814 imperiali
2595 1743 2744 1812 jussu
2801 1750 3063 1811 quotquot
3119 1741 3228 1796 illic
3277 1747 3436 1795 erant
3471 1740 3562 1794 Del

1994 1837 2260 1903 cultores,
2302 1837 2600 1891 acervatim
2626 1852 2748 1890 cum
2779 1835 2893 1888 suis
2927 1833 3181 1899 familiis,
3222 1832 3311 1887 alii
3360 1832 3562 1903 gladio,

1992 1929 2222 1984 ﬂammis
2263 1929 2354 1982 alii
2391 1926 2698 1996 consumpti
2744 1925 2976 1994 periere.
3020 1924 3174 1978 Tunc
3203 1924 3381 1977 divina
3430 1937 3565 1990 qua-

1994 2019 2116 2073 dam
2159 2017 2444 2071 alacritate
2490 2030 2609 2084 qua:
2659 2015 2842 2070 verbis
2884 2013 3145 2083 explicari
3200 2026 3304 2067 non
3350 2019 3562 2080 potest,

1993 2108 2193 2162 conciti
2222 2108 2320 2160 viri
2350 2105 2510 2160 simul
2537 2121 2601 2160 ac
2647 2105 2923 2172 mulieres,
2965 2105 3016 2159 in
3057 2104 3337 2158 ardentem
3375 2116 3563 2167 rogum

1993 2199 2248 2256 insiliisse
2285 2199 2565 2254 dicuntur.
2611 2198 2778 2268 298
2808 2198 2960 2252 Alios
2992 2211 3208 2266 quoque
3249 2196 3567 2249 innumera-

1991 2292 2128 2346 biles
2153 2293 2362 2345 vinctos
2397 2297 2453 2345 et
2480 2291 2701 2360 scaphis
2729 2291 3030 2356 impositos,
3053 2286 3340 2342 carniﬁces
3365 2285 3419 2339 in
3441 2299 3567 2355 pro-

1991 2377 2213 2432 fundum
2250 2392 2397 2432 mare
2437 2378 2736 2448 proiecere.
2785 2378 2888 2432 Sed
2929 2388 2984 2432 et
3011 2391 3243 2446 corpora
3287 2376 3562 2442 regiorum

1992 2470 2478 2534 cubiculariorum,
2518 2485 2636 2538 qua:
2667 2479 2786 2539 post
2814 2478 3043 2523 mortem
3074 2468 3417 2524 convenienti
3449 2479 3565 2521 tra-

1992 2559 2103 2614 dita
2133 2558 2351 2614 fuerant
2380 2558 2696 2628 sepulturaz,
2740 2557 2840 2628 ipsi
2874 2571 3064 2611 eorum
3102 2554 3328 2626 legitimi
3359 2553 3562 2607 domini

1991 2651 2109 2707 erui
2133 2664 2197 2705 ex
2221 2650 2472 2720 sepulcro
2499 2661 2553 2705 et
2582 2651 2634 2705 in
2666 2665 2811 2704 mare
2835 2649 3022 2720 projici
3054 2656 3306 2718 oportere
3331 2658 3566 2700 censue-

1995 2751 2141 2810 runt,
2174 2759 2241 2797 ne
2265 2745 2388 2814 quis
2418 2743 2538 2799 illos
2578 2742 2842 2812 sepulcris
2882 2741 3164 2808 conditos,
3196 2753 3298 2810 pro
3329 2739 3432 2793 diis
3454 2776 3472 2804 ,
3507 2744 3568 2791 ut

1994 2837 2093 2906 ipsi
2134 2837 2352 2906 quidem
2401 2836 2786 2906 opinabantur,
2833 2844 3132 2904 reputans,
3189 2832 3243 2886 in
3291 2839 3564 2901 posterum

1993 2930 2266 2983 adoraret.
2294 2929 2359 2982 Et
2385 2929 2498 2982 hmc
2517 2928 2734 2997 quidem
2764 2927 2817 2982 in
2850 2927 2969 2997 ipso
2991 2925 3386 2996 persecutionis
3413 2940 3568 2980 exor-

1993 3019 2081 3074 dio
2103 3017 2433 3074 Nicomediae
2456 3027 2603 3088 gesta
2629 3028 2775 3072 sunt.
2809 3017 3078 3074 Gtc-terum
3109 3017 3269 3087 paulo
3289 3025 3409 3087 post
3441 3032 3564 3072 cum

1993 3113 2082 3167 alii
2114 3114 2164 3167 in
2210 3112 2446 3166 Melitina
2483 3112 2754 3167 Armenite
2786 3113 3023 3184 regione,
3060 3112 3150 3166 alii
3184 3111 3236 3166 in
3273 3111 3431 3182 Syria
3464 3111 3566 3164 iui-

1993 3207 2206 3274 perium
2265 3207 2507 3275 arripere
2549 3205 2732 3259 conati
2775 3216 2995 3270 essent,
3042 3203 3440 3275 promulgatum
3481 3212 3566 3256 est

1994 3297 2340 3367 imperatoris
2381 3297 2640 3360 edictum,
2665 3305 2930 3352 utomnes
2965 3297 3164 3364 ubique
3195 3292 3567 3349 Ecclesiarum

1992 3387 2268 3442 antistites
2307 3387 2469 3442 vincti
2512 3387 2566 3442 in
2619 3402 2899 3443 carcerem
2948 3389 3320 3441 truderentur.
3361 3384 3565 3440 Earum

1991 3495 2123 3535 vero
2167 3494 2348 3533 rerum
2399 3494 2520 3549 quae
2559 3488 2746 3548 postea
2792 3478 2954 3532 facta:
2992 3485 3120 3532 sunt
3155 3476 3566 3547 spectaculum,

1991 3588 2205 3629 omnem
2241 3587 2466 3642 prorsus
2509 3573 2722 3626 dicendi
2767 3572 2978 3640 copiam
3017 3568 3570 3638 superabat;quippe

1993 3677 2116 3717 cum
2149 3659 2568 3716 innumerabilis
2591 3659 2793 3729 ubique
2829 3657 3108 3715 hominum
3140 3655 3429 3712 multitudo
3463 3671 3562 3712 cu-

1992 3841 2078 3896 via
2103 3841 2205 3905 usi,
2241 3853 2404 3910 agros
2443 3849 2806 3907 vastaverant,
2857 3841 3094 3906 vinoque
3122 3855 3185 3896 ac
3226 3839 3400 3909 epulis
3441 3853 3564 3896 sese

1993 3911 2475 3980 ingurgitaverant.
2507 3911 2624 3977 Quo
2662 3919 2940 3980 comperto
2972 3911 3388 3974 Antioclienses,
3426 3927 3562 3979 pau-

1991 3981 2208 4051 citarem
2234 3980 2461 4033 militum
2508 3981 2934 4051 ebrietatemque
2972 3981 3243 4047 despectui
3273 3981 3562 4051 habentes,

1991 4048 2258 4118 lapidibus
2292 4065 2355 4103 ac
2395 4051 2657 4118 cujusque
2701 4048 2859 4105 modi
2881 4051 3026 4115 telis,
3073 4050 3207 4116 ipsis
3242 4049 3562 4105 mulieribus

1989 4120 2389 4192 adjuvantibus,
2423 4131 2529 4174 tam
2561 4131 2848 4192 tyrannum
2877 4120 2928 4174 in
2953 4120 3206 4192 palatium
3229 4119 3560 4192 tendentem,

1990 4205 2152 4260 quam
2188 4189 2384 4244 milites
2410 4189 2598 4245 omnes
2629 4190 3052 4245 interfecerunt:
3077 4191 3147 4243 ita
3184 4200 3242 4244 ut
3267 4189 3566 4260 περὶπρῶ-

1985 4276 2076 4312 τον
2105 4257 2270 4311 ὕπνον
2305 4261 2448 4313 circa
2481 4262 2707 4328 primam
2745 4261 3190 4329 vigiliain,.nemo
3223 4276 3288 4313 ex
3320 4257 3563 4327 ipsis'su-

1988 4338 2248 4398 peresset.
2281 4330 2351 4382 At
2388 4331 2798 4398 imperator,qni
2834 4331 3057 4383 multam
3104 4331 3335 4398 gratiam
3369 4329 3565 4386 Antio-

1988 4400 2279 4454 chensibus
2315 4401 2513 4454 habere
2541 4400 2836 4463 debuisset,
2867 4401 2918 4453 in
2951 4400 3332 4455 Antiochensis
3375 4408 3429 4453 et
3462 4401 3562 4455 Se-

1989 4469 2256 4540 leucensis
2279 4470 2485 4524 ordinis
2513 4471 2780 4540 principes
2801 4470 2978 4538 gladio
3011 4469 3416 4540 animadvertit,
3435 4485 3560 4524 cum

1914 4518 1958 4573 Ι)
1989 4518 3227 4619 arariagat;missamissa:
3246 4518 3561 4619 agrariae;

1982 4618 2037 4662 et
2082 4625 2214 4663 avus
2257 4608 2494 4673 Libauii,
2543 4609 2716 4662 forma
2768 4610 3092 4676 conspicuus
3130 4619 3184 4664 et
3231 4611 3560 4676 proceritate

1981 4681 2248 4748 corporis,
2281 4689 2364 4733 est
2399 4681 2774 4746 interemptus.
2801 4678 2925 4732 llaec
2956 4692 3020 4731 ex
3063 4694 3184 4748 pag.
3217 4678 3317 4732 411
3355 4688 3410 4732 et
3431 4680 3557 4733 565.

1982 4747 2154 4802 Porro
2177 4748 2436 4802 Libanius
2461 4750 2511 4801 in
2546 4748 2790 4802 oratione
2825 4749 2890 4801 ad
2922 4747 3291 4804 Theodosium
3321 4749 3386 4802 de
3416 4751 3560 4804 sedi-

1985 4821 2152 4884 tione,
2184 4835 2282 4873 nos
2323 4821 2476 4873 docet
2512 4819 2657 4872 hunc
2689 4821 2961 4871 trilmnum
2996 4819 3224 4872 militum
3266 4818 3558 4873 Seleucen-

1983 4888 2120 4941 siutn
2168 4890 2369 4942 dictum
2411 4903 2534 4942 esse
2583 4888 2918 4956 Eugenium;
2961 4889 3336 4957 imperatorem
3376 4899 3556 4942 autem

1985 4972 2103 5011 esse
2149 4957 2566 5021 Diocletianum,
2596 4974 2758 5026 quem
2795 4959 3037 5012 Dioclem
3065 4973 3196 5013 vero
3228 4973 3291 5012 ac
3321 4959 3558 5027 genuino

1983 5028 2203 5082 neruine
2229 5029 2330 5088 (sic
2377 5030 2521 5081 enim
2573 5029 2775 5081 dictum
2827 5038 2909 5081 cst
2944 5037 3079 5082 teste
3112 5026 3342 5083 Victoris
3376 5026 3559 5097 Epito-

1981 5099 2083 5165 me)
2111 5112 2176 5151 eo
2230 5099 2346 5151 loco
2393 5099 2474 5151 bis
2511 5098 2764 5165 appellat.
2805 5097 2896 5152 Sic
2927 5099 3070 5151 enim
3108 5100 3230 5155 ait:
3267 5097 3324 5152 '0
3353 5097 3410 5151 δὲ
3438 5099 3558 5150 Διο-

1982 5166 2114 5220 κλέα
2154 5167 2343 5238 λλέγων
2399 5185 2482 5220 σοι
2533 5169 2626 5221 καὶ
2673 5168 2764 5238 τὸν
2823 5168 3239 5238 ἠναγκασμένον
3278 5168 3556 5238 Εύγένιον,

1982 5186 2114 5220 κΛεα
2171 5186 2343 5236 λεγων
2399 5186 2482 5220 σοι
2533 5186 2626 5221 και
2673 5186 2764 5220 τον
2823 5186 3073 5238 ηναγκασ
3121 5186 3239 5223 ενυν
3278 5186 3553 5236 δυγενιον,

1982 5239 2077 5310 καὶ
2113 5236 2211 5308 τὴν
2239 5238 2582 5310 ὲκᾷΣικελίας
2623 5237 2783 5310 δεῦρο
2831 5186 3168 5310 μετα-μέδές
3213 5237 3416 5308 ἄφιξιν,
3447 5250 3553 5290 etc.

1981 5307 2128 5379 Lego
2152 5307 2217 5362 ἐκ
2243 5308 2582 5374 Σελευκείας,
2628 5318 2686 5362 ιιι
2719 5307 2780 5362 ex
2818 5307 2938 5362 aliis
2970 5307 3184 5363 Libanii
3226 5307 3361 5363 lucis
3392 5323 3556 5376 supra

1983 5380 2297 5451 memoratis
2325 5390 2561 5436 constat.
2599 5379 2782 5434 [Iabes
2811 5379 2975 5449 igitur
3013 5379 3225 5451 tyranni
3251 5394 3444 5451 nomen
3473 5387 3557 5451 at-

1980 5463 2088 5519 que
2111 5448 2414 5514 historiam,
2451 5465 2614 5519 quam
2649 5464 2746 5503 nos
2781 5447 2937 5517 pruni
2978 5447 3047 5504 ei
3094 5447 3303 5503 Libanii
3348 5447 3555 5519 oratio-

1983 5517 2142 5590 nibus
2165 5520 2425 5590 eruitnus.
2450 5517 2684 5590 Tempus
2725 5534 2853 5573 vero
2876 5535 2982 5589 quo
3010 5519 3278 5590 Eugenius
3316 5518 3553 5590 tyranni-

1981 5587 2104 5641 dem
2135 5589 2376 5656 arripere
2406 5587 2632 5646 conatus
2656 5599 2760 5653 est,
2786 5591 2872 5644 Inc
2895 5587 3132 5644 'Eusebii
3186 5587 3347 5643 locus
3378 5589 3558 5641 deela-

1983 5665 2093 5720 ΐίιι,
2127 5659 2461 5717 Diocletiano
2486 5661 2690 5718 scilicet
2716 5661 2886 5716 octies
2915 5673 2969 5714 ct
2997 5659 3321 5716 Maximiano
3357 5660 3558 5728 septies

1982 5740 2126 5784 COSS.
