4114 6406
616 326 722 386 755

613 443 804 503 studi-.e
844 443 1246 514 manciparetur
1287 465 1300 500 :

613 543 672 590 et
709 533 1078 604 sepulcrorum
1126 534 1524 604 expilatoribus
1561 538 1843 608 deputati,
1891 547 2022 594 tunc
2071 539 2183 606 epi-

611 627 816 695 scOpis,
847 626 1206 698 presbyteris,
1238 627 1502 694 diaconis,
1539 631 1834 686 lectoribus
1858 641 2020 702 atque
2036 646 2192 686 exor-

613 718 768 773 cistis
799 717 1222 787 complerentur,
1259 719 1395 774 adeo
1427 730 1482 774 ut
1514 723 1579 776 iis
1607 723 1698 792 qui
1731 724 1801 778 ob
1821 723 2048 778 crimina
2068 737 2193 777 con-

613 810 857 864 demnati
890 808 1126 874 inerant,
1160 811 1468 879 nullusjam
1505 813 1658 867 locus
1687 825 2019 884 superesset.
2053 815 2192 870 Rur-

612 915 706 954 sus
735 916 864 954 vero
890 917 1012 955 cum
1042 902 1186 956 aliud
1228 904 1463 960 edictum
1500 907 1681 977 priora
1724 908 1809 960 illa
1843 909 2190 964 subsecutum

611 991 823 1055 fuisset,
847 1009 956 1063 quo
977 997 1397 1066 praecipiebatur
1427 1011 1488 1052 ut
1522 999 1839 1056 carceribus
1866 1000 2084 1064 inclusi,
2112 1004 2190 1054 si-

608 1085 828 1153 quidem
881 1088 1320 1156 sacriﬁcassent,
1393 1091 1552 1146 liberi
1622 1092 1775 1148 abire
1836 1092 2187 1160 sinerentur;

609 1175 658 1230 si
689 1190 818 1231 vero
851 1177 901 1232 id
931 1191 1247 1248 renuerent,
1289 1184 1579 1239 tormentis
1605 1185 1945 1253 gravissimis
1973 1186 2189 1239 crucia-

608 1279 835 1337 rentur;
864 1271 952 1326 vix
983 1272 1095 1343 jam
1140 1275 1262 1331 iniri
1305 1293 1563 1333 numerus
1598 1289 1774 1348 potest
1815 1280 2058 1334 omnium
2095 1280 2187 1348 qui

608 1361 866 1433 deinceps
919 1365 970 1418 in
1025 1368 1257 1436 singulis
1301 1370 1599 1437 provinciis
1640 1371 1783 1440 passi
1823 1381 1950 1426 sunt
1988 1381 2190 1442 marty-

606 1452 782 1521 rium;
817 1471 880 1511 ac
905 1461 1204 1526 praesertim
1227 1477 1416 1516 eorum
1447 1463 1536 1531 qui
1564 1478 1659 1532 per
1686 1464 1924 1519 Africam
1953 1473 2007 1518 et
2039 1464 2189 1518 Mau-

1322 325 1596 384 EUSEBII
1635 327 2121 386 CESARIENSIS
2160 325 2310 384 OPP.
2355 326 2536 382 PARS
2574 325 2616 382 Ι.
2657 355 2724 367 -
2763 321 3153 381 HISTORICA.

1342 455 1396 500 et
1443 462 1694 503 carceres
1731 449 1861 518 olim
1899 447 2174 504 homicidii

2294 446 2387 500 καὶ
2415 445 2802 517 πρεσϐυτέρων
2846 443 2943 497 καὶ
2969 440 3230 495 διακόνων
3251 479 3266 503 ,
3294 436 3668 508 άναγνωστῶν
3707 456 3762 492 τε
3791 441 3874 496 καὶ

3778 324 3871 380 756

2293 537 2656 609 ἐπορκιστῶν,
2685 535 2762 600 ὡς
2791 535 2924 607 μηδέ
2949 532 3134 606 χώραν
3160 532 3239 586 ἔτι
3266 535 3379 595 τοῖς
3399 533 3495 586 ἐπὶ
3528 533 3875 603 κακουργίαις

2293 630 2644 702 κατακρίτοις
2673 628 2785 700 (15)
2805 627 2989 680 αὐτόθι
3019 623 3465 679 καταλείπεσθαι.
3497 621 3670 688 Αὖθις
3697 625 3741 676 δ’
3769 626 3874 678 ἐτέ-

2297 741 2403 796 ρων
2433 723 2542 794 (16)
2585 722 2650 776 τὰ
2683 720 2874 794 πρῶτα
2901 720 3205 792 γράμματα
3256 717 3790 788 ἐπικατειληφότων,
3825 722 3876 773 ἐν

2290 810 2372 880 οἷς
2412 816 2540 878 τοὺς
2571 813 2994 875 κατακλείστους
3015 852 3030 875 ,
3061 809 3331 874 θύσαντας
3361 812 3459 881 μὲν
3477 853 3493 877 ,
3521 812 3624 881 ἐᾷν
3653 811 3877 880 βαδίζειν

2295 907 2381 959 ἐπ’
2425 905 2752 978 ἐλευθερίας,
2784 903 3171 975 ἐνισταμένους
3199 903 3256 956 δέ
3287 903 3512 974 μυρίαις
3543 903 3877 967 καταξαίνειν

2295 999 2664 1071 προστέτακτο
2713 997 2986 1068 βασάνοις,
3023 995 3140 1058 πῶς
3181 993 3249 1048 ἂν
3291 995 3452 1048 πάλιν
3493 993 3739 1049 ἐνταῦθα
3780 997 3879 1048 τῶν

2293 1092 2414 1146 καθ’
2448 1089 2684 1161 ἑκάστην
2714 1089 2984 1160 ἐπαρχίαν
3023 1085 3316 1161 μαρτύρων
3346 1085 3684 1158 ἀριθμήσειέ
3719 1103 3798 1149 τις
3825 1086 3878 1140 τὸ

2293 1186 2516 1256 πλῆθος,
2551 1185 2644 1240 καὶ
2668 1183 2903 1256 μάλιστα
2935 1182 3044 1235 τῶν
3069 1180 3210 1236 κατὰ
3238 1182 3340 1252 τὴν
3385 1181 3660 1252 Ἀφρικὴν
3701 1181 3793 1232 καὶ
3826 1181 3879 1234 τδ

2290 1279 2533 1350 Μαύρων
2561 1277 2732 1342 ἔθνος,
2759 1276 3000 1348 Θηϐαΐδα
3025 1293 3082 1328 τε
3107 1275 3202 1328 καὶ
3235 1275 3356 1330 κατ’
3383 1274 3704 1342 Αἴγυπτους
3739 1273 3792 1339 ἐξ
3819 1267 3878 1345 ἧς

2296 1368 2392 1422 καὶ
2422 1371 2502 1432 είς
2543 1367 2734 1439 ἐτέρας
2763 1367 2862 1439 ἤδη
2892 1365 3247 1440 προελθόντες
3279 1364 3464 1429 πόλεις
3494 1382 3560 1417 τε
3589 1366 3687 1418 καί
3715 1366 3877 1438 ἐπαρ-

2297 1461 2439 1532 χίας,
2468 1461 2763 1532 διέπρεψαν
2792 1463 2904 1524 τοῖς
2933 1459 3268 1532 μαρτυρίοις.

605 1547 897 1614 ritaniam,
934 1566 1032 1618 per
1063 1551 1391 1608 Thebaidem
1449 1564 1504 1608 et
1564 1555 1860 1626 Egyptum
1917 1566 2047 1611 sunt
2090 1554 2384 1612 interfecti.
2423 1554 2498 1608 Ex
2548 1552 2786 1625 {Egypto
2833 1553 3049 1622 quidem
3087 1551 3330 1608 nonnulli
3385 1552 3438 1608 in
3495 1551 3640 1608 alias
3673 1566 3876 1627 quoque

606 1639 772 1696 urbes
799 1657 862 1697 ac
881 1645 1190 1712 provincias
1219 1652 1569 1714 transgressi,
1597 1650 1869 1706 nobilibus
1902 1650 2179 1721 martyriis
2203 1647 2602 1703 inclaruerunt.

1206 1739 1436 1795 CAPUT
1481 1741 1590 1796 VII.

790 1827 868 1881 De
897 1828 1166 1900 zEgyptiis
1202 1835 1290 1902 qui
1319 1834 1369 1886 in
1405 1833 1647 1890 Phoenice
1674 1838 1816 1906 passi
1840 1847 1984 1890 sunt.

673 1986 740 2043 Et
760 1989 1021 2057 quosdam
1041 1991 1260 2062 quidem
1287 1993 1498 2048 illorum
1535 1995 1586 2049 in
1616 1995 1900 2052 Palaestina
1921 1998 2185 2052 claruisse

600 2079 874 2148 novimus,
904 2085 1166 2152 quosdam
1211 2100 1342 2140 vero
1370 2087 1510 2156 apud
1547 2087 1752 2160 Tyrum
1794 2091 1982 2144 urbem
2019 2089 2182 2144 Plite-

597 2170 772 2228 niees.
826 2171 970 2240 Quos
1011 2178 1132 2246 quis
1183 2180 1384 2248 estqui
1432 2195 1554 2234 cum
1597 2181 1822 2244 videret,
1869 2198 1972 2236 non
2003 2182 2180 2236 admi~

596 2273 752 2319 ratus
799 2267 873 2320 sit
931 2267 1358 2326 innumerabiles
1416 2273 1556 2327 ictus
1613 2273 1950 2344 ﬂagrorum,
2020 2284 2076 2330 et
2123 2274 2180 2328 in

596 2355 668 2412 iis
712 2359 1056 2426 perferendis
1114 2365 1477 2418 constantiam
1528 2366 1745 2421 illorum
1807 2383 1999 2422 revera
2053 2367 2180 2422 illu-

595 2447 792 2501 strium
838 2448 1170 2509 Christiana)
1210 2454 1334 2510 ﬁdei
1379 2457 1712 2513 athletarum
1755 2478 1768 2514 :
1811 2471 1866 2515 et
1907 2469 2027 2530 post
2057 2476 2178 2516 ver-

597 2535 727 2592 bera
769 2551 1045 2598 certamen
1091 2561 1216 2602 cum
1260 2548 1452 2606 bestiis
1503 2551 1800 2606 humanum
1855 2553 2177 2623 sanguinem

592 2629 838 2687 lambere
883 2639 1158 2694 assuetis:
1186 2649 1347 2710 atque
1391 2643 1442 2696 in
1479 2657 1544 2698 eo
1583 2645 1887 2699 certamine
1925 2647 2178 2701 incursus

591 2722 762 2795 299
786 2728 1074 2796 pardorttm
1104 2771 1120 2798 ,
1149 2741 1203 2786 et
1229 2748 1476 2790 ursorum
1522 2737 1841 2793 immanium
1868 2777 1886 2804 ,
1915 2755 2174 2810 aprorum

593 2815 758 2870 etiam
794 2828 850 2872 et
879 2830 1155 2880 taurorum
1185 2863 1200 2888 ,
1231 2840 1374 2894 quos
1408 2827 1630 2882 admoto
1660 2830 1783 2896 igne
1827 2841 1882 2884 et
1923 2833 2174 2887 candenti

591 2905 744 2960 ferro
794 2910 1051 2966 adversus
1084 2913 1203 2969 illos
1236 2915 1533 2972 incitabant
1562 2936 1577 2972 :
1609 2920 1981 2976 admirabilem
2016 2922 2174 2977 deni-

592 3012 700 3067 que
726 2997 1147 3059 fortissimorum
1181 3017 1480 3080 martyrum
1521 3010 1572 3064 in
1602 3010 1832 3082 singulis
1865 3014 2055 3069 bestiis
2078 3031 2174 3068 su-

2831 1739 3229 1794 ΚΕΦΛΛΑΙΟΝ
3265 1741 3318 1793 Z'
3331 1785 3347 1800 .

2500 1831 2635 1900 Περὶ
2666 1831 2783 1885 τῶν
2809 1831 2958 1884 κατὰ
2990 1832 3274 1898 Φοινίκην
3312 1831 3660 1900 Αἰγυπτίων

2800 1901 2938 1968 (Nic.
2978 1901 3049 1954 ΙΙ.
3081 1901 3149 1956 Ε.
3178 1918 3272 1961 vtt,
3297 1901 3372 1971 7).

2366 1995 2553 2064 ’Ἱσμεν
2583 1993 2714 2062 γοῦν
2741 1993 2866 2056 τοὺς
2910 1991 2969 2057 ἐξ
3001 1992 3180 2046 αὐτῶν
3215 1993 3633 2064 διαλάμψαντας
3679 1995 3738 2047 ἐν
3762 1995 3869 2049 Ha-

2286 2085 2552 2158 λαιστίνῃ,
2592 2085 2747 2156 ἴσμεν
2774 2085 2830 2137 δὲ
2864 2085 2958 2137 καὶ
2999 2084 3128 2148 τοὺς
3163 2085 3220 2138 ἐν
3251 2084 3414 2156 Τύρῳ
3451 2086 3554 2156 τῆς
3584 2085 3868 2156 Φοινίκηςι

2285 2179 2378 2243 οὓς
2403 2179 2486 2242 τίς
2518 2178 2660 2241 ἰδὼν,
2688 2179 2749 2232 οὐ
2772 2175 3090 2248 κατεπλάγη
3121 2176 3217 2240 τὰς
3237 2178 3651 2249 ἀναριθμήτους
3688 2179 3872 2246 μάστιη

2285 2290 2418 2342 γας,
2466 2272 2558 2326 καὶ
2600 2271 2696 2335 τὰς
2747 2271 2804 2323 ἐν
2849 2268 3060 2333 τούτοις
3105 2269 3214 2324 τῶν
3255 2269 3332 2332 ὡς
3375 2271 3597 2340 ἀληθῶς
3640 2271 3868 2343 παραδόσ

2286 2365 2391 2431 ξων
2426 2364 2536 2432 (17)
2574 2363 2674 2432 τῆς
2709 2361 3018 2424 θεοσεϐείας
3050 2359 3298 2432 ἀθλητῶν
3342 2362 3630 2425 ἐνστάσεις
3652 2403 3666 2426 ,
3701 2363 3789 2415 τόν
3815 2379 3867 2416 τε

2287 2455 2627 2528 παραχρῆμα
2652 2453 2790 2526 μετὰ
2818 2453 2916 2518 τὰς
2941 2453 3211 2524 μάστιγας
3243 2455 3300 2504 ἐν
3335 2452 3532 2526 θηρσὶν
3561 2456 3617 2507 αἱ
3627 2454 3870 2526 μοεόροις

2283 2549 2468 2617 ἀγῶνα
2498 2590 2514 2614 ,
2546 2547 2641 2601 καὶ
2673 2546 2772 2610 τὰς
2812 2547 2870 2599 ἐν
2909 2545 3084 2616 τούτῳ
3119 2545 3439 2615 παρδάλεων
3478 2547 3576 2600 καὶ
3608 2546 3867 2620 διαφόρων

2283 2641 2520 2712 ἄρκτων,
2543 2638 2686 2692 συῶν
2710 2655 2769 2692 τε
2801 2638 3010 2710 ἀγρίων
3036 2638 3128 2691 καὶ
3153 2637 3286 2707 πυρὶ
3313 2638 3410 2691 καὶ
3445 2638 3654 2710 σιδήρῳ
3687 2655 3868 2691 κεκαυ-

2281 2731 2662 2804 τηριασμένων
2695 2729 2830 2801 βοῶν
2855 2729 3193 2801 προσϐολὰς,
3225 2729 3318 2784 καὶ
3348 2731 3448 2794 τὰς
3480 2729 3624 2800 πρὸς
3651 2731 3865 2783 ἕκαστον

2280 2827 2389 2880 τῶν
2417 2826 2620 2897 Θηρίων
2647 2825 2986 2896 θαυμασίους
3014 2825 3121 2878 τῶν
3143 2824 3408 2893 γενναίων
3431 2826 3747 2896 ὑπομονάς;
3777 2819 3865 2888 Οἷς

2280 2919 2623 2991 γιγνομένοις
2649 2918 2742 2972 καὶ
2768 2917 2922 2972 αὐτοὶ
2947 2917 3224 2988 παρῆμεν,
3255 2918 3492 2988 ὁπηνίκα
3530 2919 3628 2971 τοῦ
3667 2935 3860 2989 μαρτυ-

2285 3011 2548 3084 ρουμένου
2597 3011 2849 3082 Σωτῆρος
2890 3009 3048 3081 ἡμῶν
3091 3009 3255 3065 αὐτοῦ
3296 3011 3360 3082 δὴ
3412 3011 3590 3082 Ἰησοῦ
3639 3007 3860 3082 Χριστοῦ

590 3093 862 3150 stinendis
895 3099 1238 3165 patientiam.
1274 3103 1404 3170 Qua:
1423 3118 1542 3159 cum
1569 3117 1914 3176 gererentur,
1948 3123 2046 3163 nos
2070 3109 2172 3178 ipsi

2279 3104 2376 3175 τὴν
2415 3104 2564 3158 θείαν
2595 3103 2826 3174 δύναμιν
2868 3103 3280 3175 ἐπιπαροῦσαν,
3311 3103 3564 3174 ἐναργῶς
3603 3121 3666 3157 τε
3706 3102 3860 3174 αὐτὴν

590 3198 889 3257 praesentes
935 3193 1228 3251 aderamus
1276 3216 1290 3253 :
1339 3199 1430 3254 ubi
1480 3209 1536 3255 et
1581 3199 1823 3256 divinam
1872 3203 2172 3270 potentiam

594 3286 910 3342 Servatoris
959 3290 1135 3344 nostri
1171 3289 1300 3346 Jesu
1333 3290 1537 3348 Christi
1567 3336 1582 3360 ,
1626 3292 1712 3348 cui
1747 3302 1872 3347 tunc
1905 3303 2174 3366 martyres

591 3378 966 3436 testimonium
1018 3381 1422 3450 perhibebant,
1469 3395 1794 3454 praesentem
1843 3395 1899 3440 et
1972 3393 2176 3441 semet-

583 3470 1064 3538 ipsammanil‘este
1102 3474 1438 3544 martyribus
1482 3475 1836 3530 exhibentem
1886 3478 2175 3547 perspexi-

591 3576 734 3614 ιιιιιε.
763 3561 818 3615 Si
862 3563 1080 3631 quidem
1118 3566 1484 3620 voracissima:
1515 3566 1725 3630 bestiae,
1768 3568 1933 3638 longo
1971 3578 2176 3637 tempo-

591 3650 669 3705 ris
701 3653 880 3721 spatio
931 3670 1030 3710 nec
1065 3657 1340 3726 attingere
1385 3668 1698 3714 sanctorum
1748 3675 2016 3730 corpora,
2070 3677 2172 3716 nec

587 3743 812 3811 prepius
845 3747 1105 3800 accedere
1148 3757 1275 3801 sunt
1316 3763 1482 3805 ausae.
1524 3749 1722 3804 Verum
1779 3751 1833 3804 in
1886 3751 2019 3806 alios
2051 3750 2168 3818 qui-

585 3834 733 3898 dem,
775 3837 866 3904 qui
902 3853 930 3890 a
965 3838 1068 3893 ﬁde
1095 3848 1280 3895 nostra
1314 3840 1474 3895 alieni
1507 3841 1654 3910 ipsas
1681 3843 2034 3913 instigabant,
2073 3846 2170 3898 im-

585 3935 772 3992 petum
805 3943 962 3984 suum
994 3941 1404 3987 converterunt.
1448 3934 1603 3989 Solos
1634 3949 1762 3988 vero
1791 3945 2172 3991 sacrosanctos

584 4017 815 4073 athletas
843 4060 855 4083 ,
887 4021 975 4090 qui
1009 4021 1170 4079 nudis
1193 4025 1514 4094 corporibus
1555 4027 1774 4082 stabant
1801 4065 1815 4090 ,
1848 4038 1902 4079 et
1929 4043 2172 4082 commo-

658 4135 768 4213 (ιβ)
799 4138 927 4203 Τοῖς
945 4139 1044 4193 ἐπὶ
1067 4144 1450 4213 κακουργίαις
1472 4147 1864 4212 atumat-pltare.
1895 4145 2171 4203 Muscultts

584 4209 796 4283 vertit:
846 4228 865 4258 ι
908 4213 979 4283 l_t_a
1016 4220 1074 4263 ttt
1105 4213 1170 4264 iis
1220 4209 1309 4282 qui
1362 4209 1584 4283 propter
1633 4209 1901 4271 maleﬁcia
1947 4218 2170 4271 damna-

586 4277 803 4350 bantur,
836 4279 1017 4334 nullus
1048 4277 1436 4350 supere'sset'in
1466 4277 1727 4339 custodiis
1751 4287 1923 4340 locus.
1958 4307 1976 4338 ι
2010 4290 2169 4342 Chri-

585 4348 980 4424 stophorsonus
1010 4348 1142 4424 vero
1184 4353 1264 4407 sic
1294 4354 1682 4423 interpretatus
1720 4368 1804 4410 est
1838 4375 1852 4412 :
1893 4377 1910 4407 ι
1953 4357 2048 4411 llis
2076 4361 2166 4424 qui

586 4418 873 4495 maleficiis
929 4421 1256 4495 tenebantur
1309 4418 1584 4487 obstricti,
1643 4437 1750 4480 etc.
1809 4446 1829 4479 ι
1893 4418 2169 4495 Ignoravit

584 4488 792 4542 scilicet
827 4501 932 4562 tam
970 4488 1244 4548 Mttsculus
1275 4510 1433 4562 qttam
1465 4488 2011 4562 (.thristophorson‘us,
2050 4516 2170 4555 reos

584 4568 707 4624 post
728 4560 1014 4627 capitalem
1049 4560 1374 4618 sententiam
1404 4567 1456 4618 in
1479 4560 1696 4622 carcere
1726 4571 1971 4623 deten’tos
1995 4571 2172 4626 adhuc

585 4627 779 4690 fuisse,
805 4647 870 4684 ex
898 4633 1286 4690 constitutione
1309 4633 1536 4691 Tiberii.

596 4718 603 4774 ς
662 4698 772 4770 (16)
807 4697 986 4767 Αὖθις
1027 4703 1080 4756 δ’
1119 4705 1354 4774 ἐτέρων.
1394 4706 1637 4761 Tertium
1679 4711 1780 4764 hoc
1808 4709 1907 4762 fuit
1933 4709 2169 4766 edictum

584 4769 981 4850 imperatorum
1033 4769 1225 4850 contra
1277 4777 1644 4850 Christianos.
1703 4781 1884 4834 Primo
1949 4783 2169 4850 quidem

586 4841 765 4895 edicto
792 4839 1035 4917 iusserat
1069 4845 1366 4917 imperator
1391 4848 1596 4902 destrui
1625 4851 1903 4912 ecclesias,
1939 4839 1994 4905 εἰ
2019 4851 2170 4905 Scri-

583 4918 775 4990 ptttras
800 4927 984 4990 sacras
1013 4915 1474 4990 igne‘comburi:
1507 4931 1670 4990 utque
1715 4922 1965 4976 honorati
1995 4923 2039 4975 si
2073 4938 2166 4976 sa-

587 4981 820 5059 criﬁcari
863 4981 1248 5059 recusassent,
1311 4981 1601 5058 dignitate-
1631 5007 1728 5046 sua
1785 4992 2164 5059 privarentur;

585 5051 810 5132 viliores
863 5053 1174 5132 libertatem
1227 5051 1565 5132 amitterent,
1599 5051 1847 5115 utest'in
1889 5063 2068 5132 capite
2108 5051 2166 5117 2.

584 5121 830 5202 Alterum
855 5127 1094 5202 edictum
1125 5131 1284 5202 paulo
1316 5140 1434 5196 post
1467 5121 1816 5186 subsecutum
1835 5142 1939 5200 est,
1960 5121 2033 5185 ἰιι
2054 5135 2167 5202 epi-

585 5193 757 5260 scopi,
795 5197 1095 5266 presbyteri
1125 5193 1195 5271 'et
1240 5193 1450 5254 diaconi
1505 5203 1558 5254 in
1595 5217 1870 5257 carcerem
1924 5193 2168 5271 cutijice-

588 5275 798 5343 rentur,
826 5278 880 5320 et
909 5270 1420 5343 adsacriticandum
1448 5274 1702 5327 omnibus
1733 5274 1908 5327 modis
1929 5270 2167 5343 connpel-

588 5331 852 5398 lerentur,
881 5347 939 5390 ut
990 5338 1198 5391 ibidem
1221 5340 1410 5394 scribit
1441 5343 1727 5397 Eusebius.
1767 5343 2012 5398 Tertium
2049 5331 2167 5399 édi-

587 5416 746 5481 ctnm.
769 5421 960 5461 omnes
997 5408 1368 5480 cujuscunque
1412 5416 1625 5481 generis
1660 5413 1999 5469 Christianos
2055 5423 2162 5469 tam

587 5475 758 5528 laicos
815 5493 977 5552 quam
1049 5475 1294 5534 clericos
1330 5475 1763 5551 con'tprebendit,
1826 5487 1965 5552 quod
2019 5500 2165 5540 anno

603 5550 987 5620 aersecutionis
1033 5566 1072 5603 ιι
1131 5550 1466 5620 prepositutu
1523 5568 1644 5607 esse
1677 5555 1755 5608 ait
1802 5550 2066 5609 Eusebius
2107 5557 2160 5609 in

613 5617 728 5671 ibro
775 5619 853 5694 De
915 5617 1246 5694 martyribus
1281 5621 1607 5686 Palwstinw,
1656 5637 1778 5694 cap.
1823 5626 1878 5680 5.
1941 5625 2164 5679 Videtur

587 5695 766 5762 [amen
822 5690 932 5762 hoc
961 5690 1195 5746 ediCLutn
1249 5695 1426 5761 potius
1463 5690 1928 5762 quarttttn'l’uisse.
1957 5695 2164 5749 Secun-

587 5756 712 5816 dum
747 5759 888 5820 enim
942 5763 1178 5825 cdictum
1227 5756 1289 5826 τίς
1318 5756 1533 5826 ιριῑὶιιιη
1576 5766 1640 5821 ad
1676 5765 1818 5825 solos
1854 5767 2161 5824 sacerdotes

2199 4471 2248 4528 D

2275 3199 2388 3260 τοῖς
2420 3195 2687 3268 μάρτυσιν
2713 3195 3093 3249 ἐπιδεικνῢσαν
3121 3196 3508 3267 ἱστορήσαμεν,
3534 3197 3644 3249 τῶν
3665 3195 3861 3266 ἀνθρω-

2276 3287 2525 3359 ποϐόρων
2567 3289 2660 3341 ἐπὶ
2708 3287 2931 3340 πλείονα
2981 3287 3171 3358 χρόνον
3229 3287 3304 3358 μὴ
3352 3287 3695 3360 προσψαύειν
3737 3286 3859 3357 μηδὲ

2277 3379 2595 3450 πλησιάζειν
2621 3382 2732 3444 τοῖς
2746 3378 2854 3434 τῶν
2875 3378 3134 3447 θεοφιλῶν
3159 3380 3404 3450 σώμασιν
3429 3379 3855 3450 ἐπιτολμὼντων.

2277 3475 2392 3529 ἀλλ’
2421 3476 2514 3530 ἐπὶ
2548 3473 2645 3545 μὲν
2671 3473 2797 3537 τοὺς
2830 3473 3042 3536 ἄλλους,
3074 3474 3187 3526 ὅσοι
3213 3472 3480 3544 δήπουθεν
3521 3473 3725 3540 ἔξωθεν
3755 3471 3855 3543 (l8)

2277 3567 2586 3639 ἐρεθισμοῖς
2634 3563 2952 3637 παρώρμων
2992 3562 3162 3627 αὐτὰ,
3206 3565 3551 3635 φερομένων,
3584 3565 3764 3635 μόνων
3805 3562 3855 3616 δέ

2276 3658 2384 3712 τῶν
2417 3657 2576 3731 ἱερῶν
2605 3657 2852 3730 ἀθλητῶν
2882 3657 3104 3729 γυμνῶν
3138 3656 3386 3710 ἑστώτων
3419 3657 3514 3710 καὶ
3551 3661 3676 3718 ταῖς
3712 3655 3854 3726 χερσὶ

2279 3751 2708 3814 κατασειόντων,
2758 3749 2849 3803 ἐπί
2904 3767 2963 3802 τε
3023 3751 3162 3819 σφᾶς
3215 3749 3411 3814 αὐτοὺς
3464 3749 3854 3819 ἐπισπωμένων

2279 3846 2458 3916 (τοῦτο
2480 3845 2588 3918 γὰρ
2609 3845 2793 3909 αὐτοῖς
2817 3844 3102 3900 ἐκελεύετο
3126 3842 3407 3916 πράττειν)
3432 3843 3554 3913 μηδ’
3575 3844 3715 3905 ὅλως
3736 3843 3854 3910 suae

2279 3938 2593 4010 πτομένων,
2630 3937 2743 3990 ἀλλ’
2776 3936 2887 3990 ἔσθ’
2918 3939 3024 4008 ὅπη
3059 3936 3157 4007 μέν
3193 3937 3284 3990 καὶ
3313 3936 3398 3989 ἐπ’
3429 3936 3630 4000 αὐτοὺς
3652 3933 3849 4005 ὀρμὼνς

2276 4048 2406 4097 των,
2440 4025 2529 4083 οἶα
2551 4031 2607 4084 δὲ
2639 4030 2776 4102 πρός
2806 4047 2949 4094 τινος
2982 4028 3259 4101 θειοτέρας
3285 4028 3564 4098 δυνάμεως
3594 4029 3847 4099 ἀνακρου-

2279 4149 2606 4219 pertinebat.
2658 4150 2738 4202 Ac
2779 4149 3022 4203 secundo
3065 4147 3280 4214 quidem
3311 4147 3522 4215 jnssum
3556 4157 3678 4202 erat
3718 4156 3772 4198 ιιι
3798 4146 3846 4198 in

2278 4235 2554 4274 carcerein
2575 4219 2994 4286 conjicerentur.
3033 4219 3218 4271 Tertio
3252 4233 3382 4272 vero
3411 4220 3721 4278 mandatum
3750 4224 3841 4286 est,

2278 4302 2336 4344 ut
2373 4291 2532 4344 iidem
2568 4285 2882 4344 sacerdotes
2916 4289 3208 4343 tormentis
3249 4288 3512 4344 adhibitis
3540 4290 3606 4343 ad
3644 4285 3844 4344 sacriﬁ-

2277 4363 2508 4414 candum
2551 4361 3032 4426 compellerentur.

2347 4430 2459 4500 (l7)
2494 4429 2616 4484 Τῶν
2647 4430 2887 4498 ἀληθῶς
2919 4429 3292 4498 παραδόξων.
3321 4428 3583 4483 Paradoxi
3611 4429 3844 4500 diceban-

2274 4501 2598 4556 turalhlette
2626 4503 2717 4570 qui
2755 4503 2953 4556 multas
2984 4503 3241 4570 victorias
3274 4501 3591 4570 retulerant,
3621 4510 3679 4552 nt
3711 4499 3841 4568 jam-

2274 4569 2734 4647 pridct_n_no‘tavit
2757 4570 2952 4647 Petrus
2982 4569 3158 4647 Faber
3193 4573 3244 4647 i_n
3273 4569 3595 4647 Agonistieo.
3614 4571 3730 4647 _lib.
3762 4583 3838 4647 ut,

2273 4639 2396 4712 pag.
2423 4641 2545 4712 6037.
2587 4641 2758 4695 Porro
2791 4642 2844 4695 in
2908 4642 3062 4695 codd.
3097 4641 3238 4712 Med.
3267 4649 3322 4712 et
3360 4639 3500 4694 Maz.
3525 4641 3722 4711 legitur
3743 4639 3839 4692 τῶν

2271 4711 2598 4783 ὼςὰληθῶς.
2630 4711 2773 4781 quod
2798 4721 2949 4783 c_e_rte
2979 4721 3061 4764 est
3091 4711 3411 4783 elegantius.

2345 4779 2464 4860 (l8)
2495 4779 2771 4860 τεξωθεν.
2803 4781 3150 4860 _Nicephorus
3182 4779 3246 4835 in
3293 4781 3473 4860 capite
3512 4779 3544 4833 7
3603 4779 3698 4860 lib.
3751 4793 3837 4860 vn.

2273 4853 2545 4908 intellexit
2578 4869 2673 4907 eos
2726 4853 2818 4922 qui
2853 4863 3004 4907 etttra
3034 4868 3256 4922 arenam
3292 4853 3531 4916 stabant,
3558 4861 3613 4907 et
3657 4853 3836 4905 beStias

2273 4923 2608 4980 clamoribus
2637 4921 2956 4978 incitabant.
3000 4921 3355 4976 SedRutinus
3380 4937 3482 4974 non
3518 4929 3836 4991 spectatores

2273 4995 2558 5068 intellexit,
2593 4995 2688 5068 sed
2731 4995 3039 5068 arenarios,
3079 4992 3277 5068 quibus
3313 4991 3445 5068 artis
3475 5003 3559 5068 est
3593 4993 3836 5068 instigare

2273 5066 2496 5124 bestias.
2539 5075 2600 5120 ut
2640 5065 2755 5139 ipse
2790 5064 3030 5139 loquitur
3062 5081 3074 5116 :
3109 5083 3138 5139 ¢_
3168 5063 3361 5139 Verum
3411 5063 3831 5139 bestim,-iuquit,

2273 5137 2392 5188 illus
2426 5139 2590 5202 ipsos,
2623 5128 2716 5204 qui
2765 5137 2832 5187 ad
2867 5128 3238 5204 instigandum
3273 5133 3583 5204 mittuntur,
3622 5128 3835 5204 incredi-

2270 5204 2364 5258 bili
2393 5199 2678 5259 velocitate
2701 5199 3034 5273 discerpttut',
3076 5223 3096 5253 ι
3141 5203 3668 5280 Christopltorsonus
3693 5199 3833 5280 Nice-

2270 5277 2424 5353 ph_ori
2462 5277 2856 5353 expositionem
2908 5285 3132 5328 secutus
3154 5283 3257 5353 est.
3303 5273 3393 5353 Sic
3438 5273 3585 5353 enim
3627 5273 3779 5353 vertit
3814 5284 3826 5320 :

2275 5342 2292 5396 ξ
2330 5345 2384 5399 In
2413 5342 2658 5402 inﬁdeles
2687 5345 2952 5416 quiextra
2989 5343 3270 5413 repagula,
3308 5343 3449 5416 alios
3481 5342 3721 5405 aliunde,
3748 5353 3828 5416 eas

2269 5416 2323 5470 in
2379 5427 2648 5486 martyres
2696 5413 3048 5484 i'ttstigarunt,
3113 5432 3132 5465 ι
3193 5423 3300 5468 etc.
3338 5413 3417 5467 Ex
3471 5426 3584 5482 quo
3624 5415 3828 5486 apparet

2264 5499 2390 5565 eum
2423 5476 2624 5555 dup'lici
2647 5557 2658 5565 _
2681 5476 3302 5565 modov_it_t_t_erpretatum
3339 5476 3830 5565 εξεθοξοοθιῂῐξως·

2267 5556 2394 5622 θεν;
2462 5553 2569 5610 tant
2628 5557 2699 5612 de
2755 5555 3082 5628 inﬁdelibus,
3137 5570 3299 5628 quant
3354 5553 3420 5607 de
3474 5553 3542 5606 iis
3577 5553 3826 5628 qui‘extra

2267 5621 2489 5680 arenam
2556 5629 2792 5682 stabant.
2860 5627 3115 5681 Occurrit
3159 5621 3369 5679 eadem
3437 5640 3537 5677 vox
3596 5621 3731 5676 infra
3778 5621 3822 5668 in

2266 5697 2366 5828 Itéoc
2429 5701 2610 5767 capite
2665 5700 2790 5762 τοὺς
2845 5697 2942 5768 μὲν
3003 5695 3196 5759 ἄλλους
3263 5693 3371 5746 τῶν
3427 5693 3621 5765 ἔξωθεν
3676 5703 3824 5766 «per

2267 5785 2468 5828 t-vvwv.

2267 5785 2450 5830 ισντων
2459 5811 2468 5821 ι
