4114 6406
1476 120 1518 160 ὀ

307 283 408 338 757
1275 280 1629 338 HESTORLIE
1672 282 1932 338 ECCLES

1966 282 2236 339 ASTICA‘I
2278 283 2408 340 LIB.
2451 281 2587 338 VIII.
3481 283 3583 338 758

295 402 534 472 ομένων,
553 400 647 453 καὶ
670 396 736 454 αὖ
766 400 924 453 πάλιν
957 400 1034 464 είς
1061 400 1300 454 τούπίσω
1324 401 1667 474 χωρούντων.
1709 405 1774 455 ὐ
1805 404 1899 456 καὶ

1956 421 1971 463 ι
2007 405 2073 458 tis
2110 405 2355 459 manibus
2387 420 2483 459 eas
2515 405 2566 457 in
2600 401 2921 472 semetipsos
2951 405 3321 473 provocabant
3350 402 3423 475 (id
3439 407 3581 458 enim

300 497 382 557 ei;
425 493 635 564 μακρὸν
667 494 983 563 γινόμενον,
1033 493 1218 563 θαῦμα
1255 497 1513 566 παρεῖχεν
1559 496 1619 549 οὐ
1663 497 1894 566 σμικρὸν

2002 493 2181 548 facere
2206 494 2561 562 jubebantur)
2600 509 2666 548 ne
2696 495 3040 563 contigerunt
3073 495 3316 565 quidem.
3356 495 3470 550 ltno
3512 497 3586 548 itt-

299 589 414 650 τοῖς
447 584 768 654 θεωμένοις,
803 586 943 639 ὥστε
975 587 1073 657 ἤδη
1104 586 1192 639 διὰ
1220 587 1279 640 τὸ
1310 588 1592 656 ἄπρακτον
1620 586 1714 640 τοῦ
1747 587 1896 658 πρώ-

2000 587 2212 640 terdum
2268 586 2485 655 quidem
2541 585 2593 639 in
2643 599 2739 639 eos
2787 585 3123 652 irruebant;
3177 587 3275 642 sed
3336 588 3585 656 protinus

297 692 393 728 του
418 717 432 735 ,
479 675 732 747 δεύτερον
781 677 874 730 καὶ
921 678 1102 748 τρίτον
1135 678 1535 748 προσαιρίεσθαι
1576 679 1658 732 ἐνὶ
1692 679 1784 732 καὶ
1816 678 1895 748 τῷ

2000 679 2155 748 quasi
2205 679 2388 733 divina
2427 681 2665 749 quadam
2698 679 2906 735 virtute
2943 678 3173 748 repulsa:
3199 721 3213 745 ,
3245 690 3393 735 retro
3424 683 3585 734 cede-

299 767 452 839 αὑτῷ
481 767 716 839 μάρτυρι
755 767 960 839 θηρίον.
994 769 1426 840 Καταπλαγῆναι
1471 770 1516 822 δ’
1569 765 1639 842 ἦν
1671 768 1768 841 τὴν
1803 770 1896 824 ἐπὶ

2001 772 2158 827 bant.
2187 771 2316 839 Quae
2352 789 2474 828 cum
2518 773 2727 828 diutius
2763 773 2956 828 ﬁerent
2987 812 3002 837 ,
3038 788 3145 827 non
3192 773 3453 829 mediocri
3488 775 3584 828 ad-

296 861 512 925 τούτοις
544 861 810 929 ἀπτόητον
839 861 946 914 τῶν
979 861 1138 933 ἱερῶν
1169 863 1391 916 ἐκείνων
1433 864 1754 935 καρτερίαν,
1800 863 1896 916 καὶ

2002 864 2291 920 miratione
2349 865 2511 920 defixi
2558 876 2716 920 erant
2763 877 3104 935 spectatores
3159 884 3174 921 :
3227 867 3362 921 adeo
3411 876 3468 920 ut
3517 867 3587 922 ob

298 955 400 1029 τὴν
441 957 499 1010 ἐν
540 956 751 1024 σώμασι
782 954 919 1018 νέοις
951 953 1244 1027 βεϐηκυῖαν
1279 957 1372 1010 καὶ
1405 957 1763 1028 ἀδιάτρεπτον
1814 957 1898 1009 ἕν-

2001 971 2217 1011 cassnnt
2247 966 2304 1011 et
2336 957 2550 1010 inanem
2583 958 2786 1027 prioris
2834 959 3018 1013 bestim
3058 959 3370 1022 incursum,
3414 959 3583 1012 altera

303 1063 515 1102 στατιν.
557 1046 766 1116 Ἑώρας
793 1046 924 1115 γοῦν
964 1047 1179 1118 ἡλικίαν
1212 1047 1319 1101 οὐδ’
1358 1048 1494 1101 ὅλων
1528 1047 1664 1101 ἐτῶν
1697 1049 1892 1110 εἴκοσι,

2001 1063 2191 1102 rursus
2219 1062 2283 1103 ac
2331 1050 2488 1104 tertia
2545 1051 2597 1103 in
2655 1067 2817 1105 unum
2871 1052 3233 1120 eamdemque
3285 1060 3587 1120 martyrem

300 1138 425 1208 δίχα
457 1138 671 1208 δεσμῶν
702 1137 934 1202 ἑστῶτος
962 1139 1104 1204 νέου,
1136 1140 1230 1192 καὶ
1265 1139 1364 1204 τὰς
1405 1141 1502 1209 μὲν
1537 1142 1725 1212 χεῖρας
1758 1143 1896 1209 ἐφα-

2000 1139 2361 1194 emitteretur.
2416 1137 2600 1192 Mirari
2653 1149 2781 1194 tunc
2831 1140 3031 1195 licebat
3084 1139 3407 1210 intrepidam
3463 1155 3588 1208 erga

303 1229 676 1292 πλοῦντοςσεὶς
714 1229 948 1300 σταυροῦ
991 1229 1194 1293 τύπον,
1247 1229 1656 1300 ἀκαταπλήκτῳ
1704 1231 1759 1283 δὲ
1805 1231 1897 1286 καὶ

2001 1227 2118 1282 haec
2149 1237 2462 1283 sanctorum
2497 1231 2887 1294 constantiam,
2923 1240 2976 1285 et
3003 1230 3253 1285 stabilem
3289 1239 3454 1298 atque
3501 1230 3588 1283 itt-

301 1319 537 1388 ἀτρεμεῖ
562 1318 769 1390 διανοίᾳ
802 1321 921 1381 ταῖς
950 1319 1084 1390 πρὸς
1116 1319 1176 1372 τὸ
1198 1322 1349 1372 Θεῖον
1382 1318 1708 1389 σχολαίτατα
1734 1337 1895 1375 τετα-

2002 1335 2326 1376 concussam
2366 1323 2416 1375 in
2470 1323 2673 1378 teneris
2723 1322 3048 1393 corporibus
3085 1323 3254 1376 animi
3302 1321 3589 1377 fortitudi-

305 1410 473 1483 μένου
505 1411 698 1474 λιταῖς,
733 1409 854 1480 μηδ’
900 1410 1037 1474 ὅλως
1069 1428 1127 1464 τε
1169 1410 1564 1482 μεθισταμένου
1610 1410 1731 1481 μηδ’
1763 1413 1898 1464 ἀπο-

2003 1428 2147 1466 nem.
2183 1411 2392 1483 Quippe
2433 1413 2670 1468 vidisses
2702 1422 2829 1468 tunc
2861 1411 3328 1467 adolescentulum
3368 1410 3588 1473 vixdum

301 1505 579 1569 κλίνοντος
607 1523 695 1558 πει
725 1505 818 1558 τοῦ
854 1505 980 1558 ἔνθα
1011 1507 1252 1575 εἱστήκει
1297 1505 1494 1568 τόπου,
1541 1507 1758 1579 ἄρκτων
1806 1507 1899 1560 καὶ

2003 1504 2322 1559 vicesimum
2347 1506 2524 1559 aetatis
2553 1520 2754 1558 annum
2795 1504 3129 1573 ingressum,
3163 1504 3372 1572 absque
3400 1503 3590 1558 vincu-

301 1600 626 1669 παρδάλεων
657 1597 826 1668 θυμοῦ
858 1598 950 1651 καὶ
976 1598 1203 1651 Θανάτου
1239 1597 1510 1650 πνεόντων
1531 1639 1544 1662 ,
1582 1599 1676 1652 καὶ
1710 1598 1898 1667 σχεδὸν

2003 1597 2072 1653 lis
2115 1607 2350 1652 stantem
2385 1618 2398 1653 :
2430 1607 2485 1653 et
2521 1599 2771 1652 manibus
2799 1597 2850 1651 in
2879 1598 3062 1652 crucis
3094 1595 3327 1651 formam
3378 1610 3587 1664 expan-

304 1690 478 1759 αὐτῆς
505 1688 934 1759 καθαπτομένων
958 1687 1122 1742 αὑτοῦ
1147 1688 1246 1759 τῆς
1281 1689 1502 1759 σαρκὸς,
1533 1689 1646 1742 ἀλλ’
1675 1691 1773 1743 οὐκ
1803 1686 1898 1742 οἷδ’

2004 1693 2100 1757 sis,
2138 1691 2402 1761 tinuoque
2429 1701 2484 1746 ct
2529 1692 2802 1761 impavido
2837 1692 3020 1746 animo
3066 1689 3430 1752 attentissime
3481 1689 3590 1742 Deo

301 1785 457 1846 ὅπως
490 1782 608 1854 θείᾳ
641 1783 733 1835 καὶ
763 1783 1058 1852 ἀπορρήτῳ
1087 1780 1315 1851 δυνάμει
1357 1783 1641 1857 μονονουχὶ
1666 1800 1898 1852 φραττο-

1962 1762 2440 1853 ιειψριίςίιηιιξιης
2478 1803 2577 1842 nec
2612 1787 2679 1842 ab
2711 1801 2778 1842 eo
2816 1786 2870 1840 in
2923 1800 3030 1856 quo
3065 1791 3294 1839 steterat
3345 1783 3465 1838 loco
3498 1800 3587 1836 re-

306 1877 489 1943 μένων
517 1875 574 1927 τὸ
611 1875 805 1945 στόμα,
829 1875 923 1927 καὶ
949 1870 1102 1937 αὖθις
1133 1873 1641 1946 παλινδρομούντων
1672 1877 1751 1937 εἰς
1783 1875 1903 1928 τοὺ-

2003 1875 2283 1929 cedentem
2316 1887 2412 1930 aut
2458 1878 2727 1933 ullatenus
2760 1878 3124 1933 declinantem
3159 1896 3175 1933 :
3207 1893 3330 1931 cum
3366 1874 3587 1930 interim

303 1969 470 2022 πίσω.
511 1968 621 2021 Καὶ⁸
665 1961 821 2030 οὗτος
869 1965 968 2037 μὲν
1014 1962 1106 2020 οὖν
1137 1966 1373 2029 τοιοῦτός
1401 1984 1484 2030 τις
1527 1962 1613 2038 ἦν.
1651 1967 1818 2020 Πάλιν
1856 1966 1901 2019 δ’

2003 1966 2119 2021 ursi
2159 1975 2215 2022 et
2244 1970 2395 2038 pardi
2432 1969 2670 2026 furorem
2705 1987 2768 2027 ac
2796 1983 3027 2026 mortem
3059 1970 3298 2025 anhelitu
3332 1970 3449 2038 ipse
3479 1967 3589 2036 spi-

303 2059 372 2115 ἂν
423 2060 643 2131 ἑτέρους
685 2054 851 2123 εἶδες,
885 2059 1046 2113 πέντε
1090 2058 1197 2130 γὰρ
1244 2060 1292 2111 οἱ
1337 2058 1534 2122 πάντες
1585 2058 1898 2128 ἐτύγχανον,

2005 2067 2190 2116 rantes
2217 2099 2232 2124 ,
2269 2063 2511 2118 membra
2564 2062 2710 2119 illius
2742 2080 2879 2135 pene
2901 2064 3014 2134 jam
3047 2063 3318 2118 morsibus
3366 2060 3589 2114 invade-

303 2154 636 2224 ἠγριωμένῳ
657 2151 842 2224 ταύρῳ
865 2151 1339 2224 παραϐληθέντας,
1357 2152 1414 2215 ὃς
1435 2153 1560 2214 τοὺς
1585 2152 1682 2222 μὲν
1707 2151 1900 2216 ἄλλους

2005 2159 2147 2202 rent.
2179 2149 2282 2215 Qui
2317 2155 2721 2220 tamen,nescio
2749 2169 2854 2223 quo
2887 2163 3048 2223 pacto
3076 2193 3092 2219 ,
3138 2150 3459 2208 constrictis
3507 2147 3588 2201 iii-

299 2245 415 2301 τῶν
444 2245 642 2310 ἔξωθεν
676 2244 1041 2316 προσιόντων,
1075 2247 1189 2306 τοῖς
1233 2243 1459 2315 κέρασιν
1504 2245 1584 2307 εἰς
1634 2245 1724 2297 τὸν
1759 2245 1903 2315 ἀέρα

2003 2238 2126 2295 vina
2161 2245 2394 2307 quadam
2424 2255 2476 2298 et
2505 2259 2709 2299 arcana
2756 2243 2957 2298 virtute
3008 2241 3249 2312 ipsorum
3291 2239 3540 2296 faucibus
3567 2279 3587 2306 ,

306 2333 517 2404 ῥίπτων
537 2333 949 2404 διεσπάραττεν,
965 2332 1270 2404 ἡμιθνῆτας
1294 2332 1543 2404 αἴρεσθαι
1558 2333 1897 2398 καταλιπὼν,

2004 2351 2151 2396 retro
2179 2339 2429 2410 pretinus
2474 2337 2860 2393 abscedebant.
2909 2336 2972 2390 Et
3012 2337 3103 2390 hic
3127 2336 3344 2406 quidem
3390 2348 3448 2390 se
3474 2346 3590 2403 ges-

303 2427 401 2480 ὲπὶ
437 2427 630 2495 μόνους
678 2425 736 2477 δὲ
777 2424 932 2495 θυμῷ
972 2425 1066 2478 καὶ
1111 2425 1305 2496 ἀπειλῇ
1347 2426 1474 2485 τοὺς
1507 2427 1685 2497 ἱεροὺς
1714 2425 1902 2497 ὁρμῶν

2003 2435 2075 2488 sit
2105 2433 2206 2488 isto
2237 2448 2396 2502 quem
2436 2431 2674 2486 diximus
2705 2429 2887 2485 modo.
2923 2429 3132 2484 Rursus
3165 2443 3296 2482 vero
3337 2426 3472 2482 alios
3502 2425 3585 2480 νίς

309 2521 618 2592 μάρτυρας,
651 2519 768 2572 οὐδὲ
801 2519 1118 2588 πλησιάζειν
1149 2521 1332 2583 αὐτοῖς
1359 2515 1471 2584 οἷός
1501 2537 1558 2572 τε
1591 2516 1680 2592 ἦν,
1713 2520 1903 2590 κυρίτ-

2004 2523 2178 2577 disscs
2209 2521 2386 2593 (erant
2425 2523 2568 2575 enim
2599 2533 2788 2574 omnes
2821 2535 3047 2575 numero
3069 2516 3331 2589 quinque)
3363 2517 3589 2573 eﬂ'erato

304 2629 414 2666 των
447 2611 504 2664 δε
533 2615 644 2676 τοῖς
678 2613 804 2664 ποσὶ
835 2611 949 2681 (19)
979 2612 1074 2665 καὶ
1102 2615 1215 2676 τοῖς
1256 2613 1449 2683 κέρασι
1500 2612 1626 2682 τῇδε
1678 2613 1901 2665 κάκεῖσε

2004 2615 2245 2682 obiectos
2273 2623 2432 2667 tauro
2461 2653 2476 2677 ,
2515 2614 2608 2682 qui
2641 2615 2774 2668 alios
2802 2613 3020 2683 quidem
3051 2627 3115 2666 ex
3151 2611 3448 2666 infidelium
3488 2627 3587 2665 nu-

306 2707 610 2778 χρώμενος,
643 2709 736 2760 καὶ
779 2707 866 2761 διὰ
915 2708 1039 2771 τοὺς
1083 2707 1189 2761 τῶν
1240 2709 1531 2779 καυτήρων
1579 2707 1902 2779 ἐρεθισμοὺς

2006 2722 2158 2762 mero
2188 2705 2446 2762 cornibus
2475 2707 2528 2759 iit
2562 2705 2798 2760 sublime
2839 2705 3076 2775 jactatos
3125 2703 3472 2771 discerpebat
3523 2716 3588 2755 ac

308 2799 485 2871 θυμοῦ
519 2803 612 2854 καὶ
640 2801 871 2870 ἀπειλῆς
902 2802 1098 2866 πνέων,
1131 2804 1210 2864 εἰς
1241 2802 1482 2855 τούπίσω
1513 2802 1648 2874 πρὸς
1677 2801 1775 2873 τῆς
1822 2803 1900 2854 ἱε-

2005 2799 2298 2856 semivivos
2325 2799 2686 2868 asportandos
2720 2798 3103 2866 relinquebat:
3139 2798 3204 2852 ad
3234 2796 3380 2852 solos
3407 2802 3586 2850 autem

311 2895 410 2964 ρᾶς
442 2893 754 2946 ἀνθείλκετο
784 2893 1081 2964 Προνοίας·
1116 2892 1192 2957 ὡς
1223 2893 1360 2964 μηδὲ
1386 2892 1576 2946 τούτου
1605 2893 1770 2964 μηδὲν
1795 2911 1900 2964 μη-

2006 2906 2193 2947 εοοτοε
2213 2901 2500 2962 martyres,
2538 2906 2664 2944 cum
2709 2891 2762 2943 in
2798 2904 2894 2944 eos
2928 2887 3117 2943 furens
3142 2895 3198 2942 et
3229 2887 3590 2942 tninabundu:

307 2982 498 3052 δαμῶς
536 2983 731 3047 αὐτοὺς
761 2982 1135 3054 ἀδικήσαντος,
1171 2983 1336 3055 ἔτερα
1393 2983 1528 3037 ἄττα
1578 2985 1759 3046 αὐτοῖς
1806 2986 1904 3037 ἐπ-

2009 2984 2262 3050 irrucret,
2298 2999 2366 3039 ne
2391 2985 2652 3040 accedere
2689 2968 2907 3052 quidem
2961 2989 3194 3050 poterat.
3224 2979 3330 3034 Sed
3363 2978 3592 3049 pedibus

309 3075 565 3145 αφίεσθαι
587 3074 770 3146 θηρία.
792 3073 956 3137 Τέλος
978 3073 1041 3143 δὴ
1058 3071 1150 3128 οὖν
1180 3075 1315 3146 μετὰ
1336 3074 1436 3138 τὰς
1459 3074 1638 3139 δεινὰς
1663 3075 1757 3129 καὶ
1786 3092 1906 3128 ποι-
1931 3138 1934 3160 1

1965 3122 1972 3139 ,
2011 3085 2208 3129 terram
2236 3077 2509 3146 quatiens,
2544 3085 2599 3129 et
2639 3076 2740 3130 bac
2775 3071 3138 3140 illaejactans
3167 3085 3400 3138 cornua,
3425 3081 3590 3140 atque

1965 3152 2055 3176 ..
2239 3165 3073 3176 .._-..---..
3469 3163 3481 3175 .

311 3167 470 3231 κίῖ.ας
502 3166 708 3220 τούτων
736 3165 1072 3237 προσϐολάς,
1110 3166 1250 3236 ξίφει
1301 3167 1745 3236 κατασφαγέντες
1789 3168 1898 3238 (9.0)

1965 3163 1974 3174 ’
2007 3168 2076 3223 ob
2111 3169 2396 3224 candentis
2426 3169 2554 3223 ferri
2585 3165 2832 3222 stimulos
2857 3165 3019 3236 300
3051 3166 3292 3219 furorem
3321 3179 3385 3218 ac
3412 3163 3590 3218 minas

309 3259 365 3313 οι
393 3259 611 3323 πάντες,
637 3257 759 3311 ἀντὶ
786 3260 888 3330 γῆς
915 3260 1008 3312 καὶ
1037 3260 1224 3330 τάφων
1252 3263 1365 3326 τοῖς
1395 3259 1702 3325 Θαλαττίοις
1725 3277 1903 3332 παρα-

2009 3259 2248 3326 spirans,
2281 3257 2639 3314 nihilominus
2686 3255 2868 3311 divina
2914 3255 3215 3310 obsistente
3247 3252 3589 3322 providentia

313 3349 545 3405 δίδονται
575 3352 804 3422 κύμασι.

2014 3361 2160 3408 retro
2205 3350 2581 3406 avertebatur.
2615 3348 2852 3404 Proinde
2896 3363 3020 3405 cum
3073 3347 3385 3402 nullatenus
3410 3346 3479 3400 ab
3523 3357 3590 3398 eo

313 3443 432 3498 laesi
470 3453 691 3508 essent,
758 3446 876 3500 alia:
937 3461 1126 3501 rursus
1177 3444 1228 3498 in
1282 3444 1402 3499 illos
1448 3443 1704 3499 immissa:
1749 3453 1877 3498 sunt
1934 3443 2142 3502 bestiae.
2205 3445 2444 3501 Tandem
2498 3443 2731 3512 denique
2782 3451 2908 3512 post
2963 3439 3292 3512 multiplices
3343 3447 3398 3494 et
3453 3439 3587 3493 hor—

320 3537 518 3592 rendos
567 3537 866 3593 bestiarum
924 3540 1179 3594 incursus
1249 3539 1432 3592 cuncti
1499 3540 1681 3610 gladio
1753 3536 2035 3606 confossi,
2090 3540 2326 3610 sepulcri
2397 3539 2516 3594 loco
2589 3538 2816 3592 marinis
2871 3535 3177 3608 gurgitibus
3226 3527 3592 3589 commendati

317 3637 464 3684 sunt.

855 3728 1253 3782 ΚΕΦΑΛΑῙΟΝ
1288 3729 1369 3784 H'.

2600 3726 2828 3784 CAPUT
2864 3725 2994 3784 Vill.

315 3817 457 3887 Περὶ
491 3817 610 3872 τῶν
647 3821 798 3875 κατὰ
827 3819 1262 3890 τὴνΑἵγ-υπτον·
1301 3820 1439 3888 (Nic.
1477 3819 1548 3876 Η.
1596 3819 1660 3874 Ε.
1700 3837 1793 3886 γη,
1829 3821 1905 3895 8).

1700 3837 1793 3886 γη,
1829 3821 1905 3895 8).
2303 3822 2376 3876 De
2413 3823 2479 3877 iis
2507 3823 2596 3892 qui
2625 3821 2678 3875 in
2711 3819 2946 3890 ngypto
2973 3816 3118 3887 passi
3150 3824 3297 3870 sunt.

381 3910 494 3965 Καὶ
532 3912 771 3977 τοιοῦτος
820 3912 918 3984 μὲν
964 3916 992 3967 ὁ
1037 3912 1187 3982 ἀγὼν
1232 3912 1339 3966 τῶν
1387 3914 1528 3966 κατὰ
1562 3913 1736 3984 Τύρον
1784 3917 1908 3979 τοὺς

2081 3911 2400 3983 liujusmodi
2450 3912 2553 3966 fuit
2599 3919 2874 3965 certamen
2921 3906 3300 3977 Egyptiorum
3329 3943 3345 3969 ,
3395 3905 3486 3971 qui
3535 3903 3592 3962 in

319 4004 463 4078 ὑπὲρ
521 4005 804 4075 εὐσεβείας
859 4007 1052 4070 ἄθλους
1126 4005 1518 4076 ἐνδειξαμένων
1569 4007 1906 4074 Αἰγυπτίων.

2009 4006 2141 4059 urbe
2170 4006 2315 4076 Tyro
2346 4019 2444 4074 pro
2487 4005 2688 4073 pietate
2722 4002 2958 4073 gloriose
3001 3998 3361 4054 dimicarunt.
3404 3994 3510 4051 Sed
3538 4004 3595 4054 et

315 4093 628 4168 Θαυμάσειε
659 4098 703 4150 δ’
723 4097 787 4152 ἄν
828 4115 911 4161 τις
947 4096 1126 4151 αὐτῶν
1155 4097 1250 4150 καὶ
1279 4099 1406 4159 τοὺς
1438 4097 1530 4150 ἐπὶ
1570 4098 1669 4168 τῆς
1698 4098 1904 4163 οἰκείας

2013 4097 2133 4151 illos
2161 4095 2444 4167 Egyptios
2475 4095 2566 4164 qui
2604 4094 2752 4150 domi
2785 4090 3108 4164 martyrium
3157 4086 3398 4159 perpessi
3426 4095 3554 4140 sunt
3576 4124 3594 4150 ,

318 4189 422 4258 γῆς
459 4189 936 4261 μαρτυρήσαντας·
970 4188 1098 4243 ἔνθα
1125 4189 1304 4259 μυρίοι
1332 4189 1423 4241 τὸν
1448 4190 1678 4261 ἀριθμὸν
1711 4190 1902 4263 ἄνδρες

2014 4190 2210 4244 merito
2239 4189 2362 4258 quis
2393 4188 2714 4242 admiretur.
2751 4185 2868 4240 lllic
2915 4184 3061 4238 enim
3110 4181 3208 4236 viri
3249 4195 3414 4250 prope
3442 4179 3597 4234 innu.

318 4280 434 4350 ἃμα
464 4279 677 4349 γυναιξὶ
705 4281 796 4333 καὶ
822 4281 1026 4344 παισὶν,
1059 4281 1199 4352 ὑπὲρ
1228 4281 1326 4350 τῆς
1352 4280 1444 4333 τοῦ
1468 4283 1717 4354 Σωτῆρος
1743 4283 1900 4354 ἡμῶν

2012 4283 2300 4339 tnerabilcs
2351 4297 2476 4336 cum
2513 4281 2778 4334 uxoribus
2806 4287 2859 4332 et
2885 4276 3093 4343 liberis,
3138 4289 3237 4346 pro
3279 4270 3593 4329 Servatoris

316 4372 664 4436 διδασκαλίας
706 4371 800 4427 τοῦ
845 4373 1178 4444 προσκαίρου
1221 4375 1319 4445 ζῇν
1371 4376 1899 4446 καταφρονήσαντες,

2012 4375 2182 4429 nostri
2212 4373 2460 4428 doctrina
2503 4369 2852 4440 temporalem
2896 4370 3038 4424 hanc
3069 4366 3238 4421 vitam
3286 4361 3589 4433 aspernati,

317 4463 606 4536 διαφόρους
642 4464 938 4535 ὑπέμειναν
985 4465 1268 4528 θανάτους.
1313 4467 1373 4518 Οἱ
1415 4466 1514 4536 μὲν
1543 4465 1721 4518 αὐτῶν
1766 4465 1903 4537 μετὰ,

1977 4465 1985 4472 ³
2012 4471 2156 4522 varia
2189 4468 2380 4523 mortis
2403 4481 2605 4538 genera
2636 4465 3020 4520 sustinuerunt
3056 4479 3070 4516 :
3105 4458 3197 4513 alii
3221 4457 3442 4529 qitidem
3472 4465 3593 4526 post

320 4554 554 4626 ξεσμοὺς
580 4557 672 4609 καὶ
702 4556 1062 4628 στρεϐλώσεις
1096 4557 1363 4627 μάστιγάς
1392 4574 1449 4609 τε
1489 4556 1900 4627 χαλεπωτάτοις,
1935 4568 1945 4622 ]

1969 4574 1978 4615 t
2010 4557 2240 4628 ungulas
2269 4572 2332 4612 ac
2370 4555 2641 4619 ﬁdiculas,
2671 4561 2796 4624 post
2836 4550 3218 4606 crudelissima
3251 4548 3481 4602 verbera
3537 4555 3594 4602 et

318 4649 412 4701 καὶ
444 4649 642 4718 μυρίας
671 4649 836 4712 ἄλλας
866 4649 1114 4712 ποικίλας
1144 4651 1238 4702 καὶ
1273 4650 1504 4720 φρικτάς
1533 4649 1759 4703 ἀκοῦσαι
1800 4649 1898 4720 βα·-

2011 4652 2192 4705 varios
2228 4651 2346 4718 ipso
2387 4649 2551 4704 etiam
2600 4647 2748 4702 dictu
2778 4642 3086 4700 horrendos
3115 4641 3397 4696 cruciatus
3434 4638 3591 4692 ﬂam-

321 4741 514 4804 σάνους
546 4741 679 4814 πυρὶ
723 4742 1136 4815 παραδοθέντες,
1174 4744 1223 4799 οἱ
1257 4742 1314 4796 δὲ
1362 4743 1584 4811 πελάγει
1627 4742 1899 4814 καταδρο-

2010 4743 2114 4796 ntis
2141 4740 2413 4810 absumpti
2447 4757 2459 4793 :
2495 4738 2587 4792 alii
2625 4751 2758 4792 vero
2788 4735 2844 4791 in
2878 4749 3027 4789 mare
3053 4732 3310 4787 demersi.
3334 4730 3438 4784 Alii
3468 4744 3592 4784 car-

318 4830 650 4902 χθισθέντες,
687 4835 832 4889 ἄλλοι
859 4835 917 4888 δὲ
948 4835 1230 4906 εὐθαρσῶς
1257 4837 1370 4896 τοῖς
1395 4834 1764 4905 ἀποτέμνουσι
1797 4834 1898 4898 τὰς

2009 4831 2261 4887 niﬁeibus
2305 4829 2485 4898 capita
2522 4841 2622 4882 sua
2649 4823 2982 4894 amputanda
3031 4820 3201 4875 alacri
3239 4818 3424 4873 animo
3452 4830 3595 4885 pra:-

320 4923 526 4977 ὲαυτῶν
549 4927 928 4997 προτείναντες
961 4926 1220 4996 κεφαλὰς,
1257 4928 1304 4980 0i
1339 4926 1395 4979 δὲ
1428 4927 1521 4980 καὶ
1543 4925 1901 4981 ἐναποθανόν-

2007 4929 2265 4982 buernnt.
2300 4920 2553 4985 Nonnulli
2605 4917 2898 4974 tormentis
2929 4914 3063 4984 ipsis
3111 4909 3423 4973 immortui;
3467 4907 3591 4978 qui-

319 5031 410 5078 τες
434 5019 553 5080 ταῖς
587 5017 855 5088 βασάνοις,
882 5019 1058 5090 ἕτεροι
1088 5017 1146 5071 δὲ
1178 5017 1320 5089 λιμῷ
1347 5017 1731 5088 διαφθαρέντες
1753 5033 1767 5047 ·
1803 5017 1898 5069 καὶ

2005 5020 2127 5074 dam
2163 5019 2306 5070 fame
2341 5013 2670 5081 consumpti.
2711 5010 2815 5064 Alii
2845 5005 3084 5075 denique
3106 5003 3161 5058 in
3200 5017 3418 5058 crucem
3446 4999 3589 5066 acti;

320 5105 467 5160 ἄλλοι
491 5109 652 5163 πάλιν
680 5109 1250 5174 ἀνασκολοπισθέντες,
1285 5110 1334 5162 οί
1377 5109 1474 5180 μὲν
1507 5108 1647 5163 κατὰ
1686 5107 1748 5162 τὸ
1773 5105 1901 5161 σύν-

2009 5127 2136 5181 pars
2181 5124 2258 5164 eo
2298 5109 2473 5162 modo.
2502 5121 2609 5180 quo
2662 5101 2897 5159 malelici
2947 5098 3112 5170 vulgo
3149 5095 3326 5164 suﬂigi
3362 5093 3542 5149 solent
3573 5110 3586 5146 :

317 5198 447 5270 ηθες
477 5205 588 5266 τοῖς
631 5202 978 5276 κακούργοις,
1019 5203 1068 5256 οἱ
1108 5202 1165 5256 δὲ
1213 5202 1308 5256 καὶ
1347 5200 1604 5273 χειρόνως
1633 5198 1903 5255 ἀνάπαλιν

2011 5217 2138 5272 pars
2171 5201 2413 5255 atrocius
2439 5237 2454 5263 ,
2485 5197 2664 5269 capite
2699 5199 2951 5251 deorsum
2978 5205 3139 5247 verso
3165 5187 3339 5247 clavis
3366 5183 3589 5248 conﬁxi,

389 5453 502 5524 (l9)
525 5455 824 5522 Κυρίττων
844 5453 912 5507 δὲ
936 5450 1060 5520 τοῖς
1081 5455 1247 5508 ποσί.
1265 5450 1419 5508 Hunc
1435 5451 1613 5524 locum
1634 5450 1901 5521 Nicepbo—
2009 5472 2014 5524 τ

2009 5449 2350 5524 confectores
2404 5445 2852 5524 immitterentur,
2907 5439 3259 5524 quinnoxios
3310 5438 3363 5520 in
3421 5451 3587 5524 arena

317 5506 864 5595 rusiin'terprolar‘ttet
885 5506 1212 5579 insensum.
1235 5506 1460 5594 prorsus
1505 5522 1742 5577 alienum
1765 5506 1898 5577 con-
2006 5506 2339 5595 jttgtilai~en_t,
2370 5527 2615 5595 utsnpra
2644 5506 2941 5595 observari
2972 5509 3072 5595 ubi
3094 5510 3162 5563 de
3203 5511 3453 5595 passione
3477 5506 3590 5595 ξε)-

315 5578 503 5650 ἧδηίι,
534 5578 543 5580 ⁷
584 5578 600 5595 ⁸
747 5578 781 5580 “
816 5578 855 5580 ““
929 5578 938 5579 “
1077 5578 1086 5579 “
1235 5578 1252 5594 ⁵
1313 5578 1356 5582 θ’
2003 5578 2234 5661 Ῑγὲιπρί.
2270 5578 2413 5661 Care
2444 5578 2606 5656 igitur
2629 5585 2910 5642 existimes
2939 5578 3214 5650 martyres
3245 5578 3368 5636 illos
3406 5580 3590 5652 capite

388 5667 500 5735 (20)
532 5665 696 5736 Ξίφει
718 5663 1219 5736 κατασφαγέντες.
1247 5663 1464 5732 Langus
1485 5662 1647 5718 vertit
1686 5679 1707 5716 ι
1733 5661 1894 5734 jugu-
2001 5671 2013 5716 t

862 5663 1219 5736 εσφαγέντες.
1247 5663 1464 5732 Langus
1485 5662 1647 5718 vertit
1686 5679 1707 5716 ι
1733 5661 1894 5734 jugu-
2001 5657 2280 5718 truncatos
2304 5657 2487 5715 fuisse.

319 5735 432 5802 lati,
472 5758 488 5789 ι
538 5735 704 5807 recte,
733 5750 788 5799 ut
810 5735 1058 5808 equidem
1095 5737 1290 5793 sentio.
1325 5736 1438 5792 Mos
1472 5738 1616 5794 enim
1653 5746 1796 5799 erat,
1832 5742 1892 5787 ut
