4132 6418
537 283 646 340 759

1243 281 1514 338 EUSEBH
1555 281 2036 339 CESAIUENSIS
2073 280 2225 338 UPP.
2269 281 2449 339 PARS
2488 282 2507 337 l
2579 312 2637 324 --
2676 284 3068 342 IIISTORICA.

3679 291 3780 348 760

538 416 592 460 et
623 404 726 460 viri
762 419 828 460 eo
870 421 1041 475 usque
1094 405 1292 460 servati
1321 446 1336 472 ,
1368 408 1542 475 quoad
1587 407 1641 460 iu
1677 406 1812 477 ipsis
1845 405 2102 477 patibulis

2217 405 2500 477 ιατωκάρα
2549 407 3017 477 προσηλωθέντες,
3067 405 3393 479 τηρούμενοι
3444 425 3502 462 τε
3557 406 3780 483 ζῶντες,

540 502 682 555 fatue
707 499 1070 554 interiissent.

1132 611 1361 668 CAPUT
1402 609 1495 666 1X.

820 700 895 755 De
921 703 986 755 iis
1015 702 1105 772 qui
1133 704 1187 756 in
1224 704 1480 757 Thebaide
1505 703 1646 772 passi
1679 711 1821 756 sunt.

608 793 807 846 Verum
859 807 1077 848 omnem
1117 794 1332 848 dicendi
1365 796 1573 862 copiant
1606 804 1865 864 superant
1893 797 2103 852 crucia-

536 895 626 940 tus
660 887 736 939 illi
768 900 833 940 ac
862 885 1078 941 dolores
1109 901 1246 956 quos
1298 889 1438 957 apud
1471 888 1801 942 Thebaidem
1839 899 2105 960 martyres

534 977 901 1046 pertulerunt,
934 977 1117 1033 acutis
1151 979 1310 1034 testis
1347 980 1470 1033 vice
1501 979 1819 1048 ungularum
1850 981 2105 1037 adhibitis

545 1077 657 1122 toto
690 1083 917 1138 corpore
965 1069 1030 1123 ad
1077 1080 1304 1124 mortem
1354 1085 1529 1141 usque
1558 1070 1806 1126 lacerati.
1856 1071 2106 1128 Mulieres

541 1177 672 1216 vero
701 1161 872 1216 altero
901 1162 1035 1231 pede
1070 1164 1310 1233 religata:
1343 1164 1603 1220 sublimes
1651 1165 1827 1232 capite
1853 1165 2104 1221 deorsum

536 1263 799 1323 vergente
827 1292 843 1318 ,
879 1255 1147 1310 machinis
1179 1256 1498 1326 quibusdam
1533 1258 1588 1312 in
1622 1257 1788 1312 altum
1833 1257 2060 1312 sublata:
2089 1298 2104 1323 ,

538 1344 805 1413 nudisque
857 1360 921 1401 ae
971 1361 1195 1416 prorsus
1223 1349 1438 1403 intectis
1469 1349 1792 1418 corporibus
1816 1389 1832 1414 ,
1868 1348 2108 1404 foedissi-

538 1447 685 1486 tnum
740 1432 903 1488 simul
953 1442 1118 1504 atque
1169 1435 1683 1492 inhumanissimum
1735 1438 2106 1507 spectaculum

535 1523 749 1578 cunctis
794 1524 1131 1579 intuentibus
1160 1527 1531 1596 praebuerunt.
1567 1527 1677 1583 Alii
1709 1545 1896 1584 rursus
1923 1529 1987 1583 ad
2019 1545 2107 1583 aro

483 1628 491 1668 .'
536 1612 704 1666 bores
737 1622 793 1668 et
820 1629 1002 1669 ramos
1030 1614 1239 1686 alligati
1287 1617 1565 1672 interiere.
1615 1617 1749 1671 Nam
1797 1633 1917 1673 cunt
1948 1620 2112 1673 robu-

538 1707 810 1762 stissimos
842 1722 1024 1762 ramos
1047 1707 1271 1763 inﬂexos
1305 1711 1757 1768 machinamentis
1784 1715 2104 1782 quibusdam

539 1800 592 1853 in
624 1813 787 1852 unum
820 1799 968 1854 coire
1000 1798 1293 1864 fecissent,
1327 1800 1484 1871 301
1523 1815 1820 1875 martyrum
1855 1806 2108 1863 cruribus

540 1893 797 1962 utrinque
838 1891 905 1946 ad
953 1905 1048 1946 eos
1097 1891 1336 1962 religatis
1363 1931 1378 1957 ,
1428 1908 1612 1949 ramos
1641 1895 1692 1948 in
1731 1899 2005 1966 proprium
2049 1913 2112 1953 ac

541 1986 841 2044 naturalem
873 1987 1037 2044 situm
1065 1985 1274 2044 reverti
1304 1987 1596 2051 sinebant,
1631 1997 1689 2042 ut
1733 1990 1971 2043 membra
2013 2005 2109 2044 eo-

542 2095 660 2133 rum
693 2081 954 2136 adversus
987 2096 1124 2150 quos
1159 2080 1275 2136 haec
1301 2083 1747 2152 excogitaverant
1776 2124 1791 2150 ,
1818 2097 1923 2139 uno
1949 2082 2110 2138 simul

542 2173 744 2242 impetu
782 2173 1244 2242 discerperentur.
1274 2174 1450 2244 Atque
1477 2174 1593 2230 hzec
1623 2175 1806 2230 omnia
1837 2191 1941 2232 non
1973 2191 2108 2245 pau-

539 2263 620 2318 cis
661 2261 856 2318 diebus
885 2279 984 2320 nec
1011 2264 1206 2334 exiguo
1238 2265 1504 2331 temporis
1538 2266 1735 2334 spatio.
1769 2266 1862 2320 sed
1901 2266 2112 2335 prolixo

541 2351 749 2418 aliquot
770 2367 1037 2407 annorum
1055 2353 1329 2408 curriculo
1355 2353 1611 2409 continue
1625 2363 1930 2425 perpetrata
1950 2365 2074 2410 sunt
2093 2374 2107 2411 :

542 2457 667 2497 cum
702 2458 845 2498 nune
889 2443 1036 2510 deni,
1081 2443 1351 2500 interdum
1385 2445 1560 2498 viceni
1598 2456 1652 2499 et
1677 2445 1938 2516 amplius;
1975 2462 2110 2500 non-

543 2549 816 2604 nunquam
853 2536 919 2589 ad
960 2536 1182 2606 triginta
1216 2551 1390 2606 usque
1434 2544 1492 2590 et
1523 2537 1837 2607 sexaginta;
1871 2535 2113 2606 quando-

543 2641 649 2695 que
681 2636 734 2682 et
766 2627 980 2682 centeni
1014 2628 1118 2682 viri
1146 2627 1305 2682 simul
1339 2645 1403 2682 ac
1435 2629 1690 2684 mulieres
1717 2644 1838 2684 cum
1873 2629 2109 2700 parvulis

545 2733 656 2772 uno
699 2719 787 2773 die
837 2719 1297 2785 interficerentur,
1334 2722 1499 2776 variis
1534 2736 1599 2776 ac
1632 2737 1728 2790 per
1768 2723 1914 2777 vices
1941 2722 2107 2777 alter-

543 2811 691 2864 natis
735 2810 1017 2879 suppliciis
1066 2811 1285 2866 addicti.
1323 2810 1435 2867 Nos
1485 2826 1700 2883 quoque
1743 2828 1864 2868 eum
1903 2814 1954 2867 in
2007 2815 2114 2869 illis

538 2904 786 2974 partibus
819 2904 1162 2974 degeremus,
1193 2919 1356 2973 quam
1388 2903 1645 2973 plurimos
1670 2906 1963 2961 acervatim
2006 2921 2116 2961 uno

543 2996 634 3052 die
681 3003 698 3051 :‘
749 2995 886 3051 alios
929 2997 1148 3067 quidem
1191 2997 1370 3064 capite
1419 3006 1699 3054 truncatos
1728 3039 1743 3060 .
1797 2998 1934 3056 alios
1992 3016 2116 3057 vero

2208 496 2382 549 εἰσότε
2411 497 2504 549 καὶ
2536 497 2623 550 ἐπ’
2650 497 2826 553 αὐτῶν
2858 497 3045 569 ἰκρίων
3069 487 3211 569 λιμῷ
3237 498 3602 570 διαφθαρεῖεν.

2745 610 3136 664 ΚΕΦΑΛΑῘΟΝ
3170 611 3247 666 ϐ’.

2321 700 2459 768 Περὶ
2490 700 2607 754 τῶν
2638 701 2787 755 κατὰ
2816 702 3071 767 Θηϐαΐδα
3105 699 3244 773 (Nic.
3277 701 3346 756 Η.
3372 702 3439 757 Ε.
3471 719 3564 766 vlt,
3583 703 3661 774 8).

2277 793 2462 846 Πάντα
2489 795 2532 848 δ’
2557 793 2842 865 ὑπεραίρει
2866 792 3041 861 λόγον,
3070 795 3163 849 καί
3185 793 3250 858 ἃς
3276 795 3570 866 ὑπέμειναν
3595 795 3781 860 αἰκίας

2206 884 2299 938 καὶ
2328 884 2623 955 ἀλγηδόνας
2655 886 2704 937 οἱ
2732 883 2870 940 κατά
2888 883 3129 956 Θηϐαΐδα
3165 887 3457 958 μάρτυρες,
3492 888 3778 958 ὀστράκοις

2205 976 2325 1029 ἀντὶ
2356 976 2559 1044 ὀνύχων
2585 975 2702 1028 ὅλον
2723 975 2783 1029 τὸ
2813 977 2969 1048 σῶμα
3002 977 3093 1030 καὶ
3127 977 3316 1048 μέχρις
3347 976 3664 1049 ἀπαλλαγῆς
3689 976 3780 1030 τοῦ

2209 1067 2322 1138 βίου
2353 1066 2795 1138 καταξαινόμενοι
2815 1105 2831 1130 ,
2863 1067 3061 1137 γύναιά
3089 1085 3149 1120 τε
3183 1070 3295 1121 τοῖν
3333 1068 3514 1122 ποδοῖν
3561 1068 3620 1133 ἐξ
3664 1067 3784 1132 ἑνὸς

2206 1159 2685 1229 ἀποδεσμούμενα,
2733 1159 2980 1229 μετέωρά
3016 1175 3077 1212 τε
3108 1158 3201 1211 καὶ
3236 1158 3445 1227 διαέρια
3481 1159 3592 1228 (21)
3631 1158 3784 1212 κάτω

2207 1250 2444 1322 κεφαλὴν
2475 1251 2772 1322 μαγγάνοις
2801 1251 2941 1302 τισὶν
2971 1251 3051 1313 είς
3090 1249 3222 1319 ὐψος
3266 1250 3600 1321 ἀνελκόμενα
3621 1291 3637 1314 ,
3683 1266 3782 1317 γυ-

2211 1346 2361 1414 μνοῖς
2406 1360 2464 1396 τε
2509 1343 2784 1406 παντελῶς
2824 1344 2916 1396 καὶ
2955 1343 3077 1413 μηδ’
3107 1343 3634 1414 ὲπικεκαλυμμένοις
3670 1342 3784 1406 τοῖς

2209 1434 2421 1505 σώμασι
2445 1475 2456 1498 ,
2486 1433 2614 1487 Θέαν
2642 1432 2845 1504 ταύτην
2874 1434 3156 1504 αἰσχίστην
3188 1435 3282 1489 καὶ
3311 1434 3528 1488 πάντων
3569 1433 3787 1504 ὠμοτά-

2206 1542 2305 1595 την
2349 1526 2440 1578 καὶ
2507 1523 3010 1597 ἁπανθρωποτάτην
3047 1529 3158 1588 τοῖς
3195 1526 3392 1597 ὁρῶσιν
3437 1527 3608 1580 ἆπασι
3647 1542 3782 1596 παρ-

2209 1619 2501 1689 εσχημένα.
2538 1618 2718 1670 ’Ἄλλοι
2752 1617 2794 1670 δ’
2823 1612 2891 1670 αὖ
2930 1615 3090 1669 πάλιν
3130 1617 3368 1688 δένδρεσι
3400 1617 3494 1670 καὶ
3521 1619 3784 1688 πρέμνοις

2209 1709 2607 1781 ἐναπέθνησκον
2633 1709 3006 1781 δεσμούμενοι.
3049 1711 3187 1774 Τοὺς
3225 1710 3333 1782 γὰρ
3366 1709 3600 1780 μάλιστα
3629 1711 3784 1782 στερ-

2213 1803 2466 1876 ῥοτάτους
2489 1804 2596 1856 τῶν
2618 1802 2822 1856 κλάδων
2854 1805 3120 1874 μηχαναῖς
3149 1819 3289 1855 τισιν
3317 1802 3408 1855 ἐπὶ
3440 1801 3632 1854 ταύτὸν
3661 1818 3784 1854 συν-

2209 1895 2453 1957 έλκοντες
2471 1933 2486 1958 ,
2525 1895 2602 1958 εἰς
2631 1893 2868 1965 ἑκάτερά
2896 1910 2955 1946 τε
2983 1892 3188 1946 τούτων
3217 1891 3284 1945 τά
3329 1891 3438 1946 τῶν
3492 1891 3788 1964 μαρτύρων

2209 1986 2578 2050 ἀποτείνοντες
2626 1986 2825 2057 σκέλη,
2870 1987 2950 2050 εἰς
2991 1985 3086 2057 τὴν
3129 1985 3335 2039 ἑαυτῶν
3380 1985 3610 2053 ἠφίεσαν
3661 1983 3788 2047 τοὺς

2209 2077 2432 2140 κλάδους
2461 2076 2718 2149 φέρεσθαι
2756 2077 2916 2146 φύσιν
2935 2118 2948 2142 ,
2990 2078 3187 2150 ἄθρουν
3213 2077 3321 2130 τῶν
3353 2077 3529 2148 μελῶν
3557 2077 3788 2129 διασπα-

2211 2169 2345 2240 σμὸν
2398 2168 2518 2222 καθ’
2558 2161 2632 2222 ὧν
2681 2169 2832 2223 ταῦτ’
2879 2169 3215 2239 ἐνεχείρουν,
3266 2169 3622 2231 ἐπινοοῦντες.
3676 2168 3790 2222 Καὶ

2208 2259 2383 2313 ταῦτά
2422 2276 2485 2328 γε
2532 2259 2708 2314 πάντα
2746 2261 3031 2332 ἐνηργεῖτο
3058 2261 3158 2315 οὐκ
3185 2261 3270 2313 ἐπ’
3293 2260 3477 2329 ὀλίγας
3514 2260 3726 2332 ἡμέρας
3751 2259 3787 2332 ἢ

2209 2351 2398 2422 χρόνον
2423 2350 2543 2405 τινὰ
2575 2351 2779 2424 βραχὺν
2798 2392 2812 2417 ,
2847 2353 2958 2406 ἀλλ’
2981 2353 3073 2405 ἐπὶ
3110 2353 3316 2424 μακρὸν
3343 2353 3479 2406 ὅλων
3505 2352 3640 2406 ἐτῶν
3667 2351 3790 2406 διά-

2213 2459 2424 2515 στημα,
2461 2444 2552 2498 ὁτὲ
2596 2445 2693 2516 μὲν
2729 2444 2987 2497 πλειόνων
3021 2444 3053 2516 ἢ
3093 2444 3254 2508 δέκα,
3290 2445 3378 2498 ὁτὲ
3411 2444 3464 2497 δὲ
3494 2445 3634 2513 ὑπὲρ
3665 2444 3793 2507 τοὺς

2213 2537 2384 2591 εἴκοσι
2434 2536 2524 2590 τὸν
2573 2535 2802 2610 ἀριθμὸν
2856 2537 3296 2607 ἀναιρουμένων,
3354 2537 3538 2590 ἄλλοτε
3586 2535 3643 2590 δὲ
3693 2535 3793 2608 οὐχ

2212 2622 2372 2699 ἧττον
2397 2627 2490 2681 καὶ
2519 2627 2826 2698 τριάκοντα,
2848 2627 2947 2697 ἤδη
2981 2626 3037 2679 δὲ
3067 2626 3231 2695 ὲγγύς
3261 2644 3362 2678 που
3387 2627 3479 2680 καὶ
3508 2627 3790 2696 ἐξήκοντα,

2215 2721 2309 2775 καὶ
2361 2719 2521 2774 πάλιν
2565 2718 2750 2773 ἄλλοτε
2787 2719 2977 2772 ἑκατὸν
3017 2721 3072 2771 ὲν
3107 2720 3288 2790 ἡμέρᾳ
3325 2722 3421 2790 μιᾷ
3454 2719 3644 2789 ἄνδρες
3676 2719 3794 2789 ἅμα

2215 2812 2406 2884 κομιδῆ
2436 2811 2648 2883 νηπίοις
2668 2811 2762 2865 καὶ
2788 2811 3029 2880 γυναιξὶν
3055 2811 3374 2875 ἐκτείνοντο,
3406 2812 3674 2874 ποικίλαις
3701 2811 3795 2864 καὶ

2215 2904 2660 2968 ὲναλλαττούσαις
2691 2904 2980 2974 τιμωρίαις
3008 2902 3509 2974 καταδικαζόμενοι.
3555 2905 3796 2976 Ἰστορή-

2217 3013 2388 3068 σαμεν
2436 2996 2491 3048 δὲ
2529 2997 2623 3050 καὶ
2667 2996 2820 3048 αὐτοὶ
2849 2995 2959 3067 (2'2)
2997 2995 3087 3048 ἐπὶ
3127 2995 3236 3049 τῶν
3278 2996 3456 3049 τόπων
3491 2995 3795 3066 γενόμενοι,

540 3087 777 3145 ﬂammis
831 3088 1058 3143 traditos
1091 3087 1350 3143 vidimus.
1385 3087 1534 3143 Adeo
1579 3098 1643 3143 ut
1673 3089 1837 3159 gladii
1873 3091 1976 3160 ipsi
2023 3093 2115 3149 he-

2217 3088 2434 3152 πλείους
2460 3088 2670 3160 ἀθρόως
2698 3087 2838 3142 κατά
2873 3088 3000 3159 μίαν
3035 3087 3266 3158 ἡμέραν,
3294 3089 3418 3143 τοὺς
3447 3087 3542 3159 μὲν
3575 3087 3674 3156 τῆς
3707 3104 3798 3140 κε-

544 3180 888 3246 hctarcntur,
931 3188 985 3233 ct
1031 3179 1240 3234 caedere
1285 3178 1516 3248 amplius
1549 3195 1656 3234 non
1688 3178 1928 3236 valentes
1960 3182 2114 3237 fran-

546 3284 843 3342 gerentur;
905 3270 1116 3343 ipsique
1161 3271 1451 3326 carniﬁces
1495 3270 1706 3328 viribus
1757 3272 2112 3342 fatiscentes,

543 3365 647 3419 sibi
679 3364 908 3418 invicem
944 3363 1319 3419 succederent.
1345 3362 1464 3430 Quo
1493 3365 1710 3433 quidem
1744 3376 1986 3438 tempore
2015 3369 2115 3422 mi-

544 3456 770 3511 rabilem
799 3457 850 3510 in
874 3456 1066 3525 primis
1101 3455 1264 3509 animi
1299 3457 1545 3511 ardorem
1571 3499 1588 3525 ,
1622 3473 1854 3528 vereque
1879 3460 2114 3515 divinam

543 3549 797 3603 virtutem
845 3557 902 3602 et
949 3547 1292 3604 alacritatem
1347 3563 1536 3603 eorum
1592 3551 1681 3619 qui
1736 3551 1789 3605 in
1840 3552 2114 3608 Christum

545 3641 641 3696 Dei
673 3639 1059 3705 crediderant,
1109 3640 1280 3695 oculis
1313 3642 1514 3696 nostris
1545 3643 1948 3712 conspeximus.
1994 3645 2119 3701 Ete-

545 3733 660 3788 nim
706 3731 924 3785 vixdum
955 3734 1221 3786 adversus
1257 3732 1463 3798 primos
1504 3730 1612 3786 lata
1659 3742 1773 3787 erat
1803 3738 2072 3792 sententia
2101 3777 2118 3803 ,

546 3840 669 3878 cum
714 3823 804 3877 alii
837 3823 1055 3878 aliunde
1099 3827 1166 3880 ad
1200 3825 1436 3881 tribunal
1493 3823 1694 3895 judicis
1729 3829 2119 3898 prosilierunt,

545 3915 890 3971 Christianos
919 3930 1039 3970 sese
1070 3916 1328 3971 confessi.
1373 3917 1439 3971 Et
1468 3919 1703 3986 pericula
1737 3920 1952 3990 quidem
1983 3937 2119 3976 cun-

545 4018 744 4076 etaque
765 4007 1175 4061 multiformium
1208 4017 1600 4064 tormentorum
1628 4027 1822 4081 genera
1848 4013 1996 4081 parvi
2022 4014 2123 4068 du-

547 4098 746 4152 cebant
778 4116 791 4151 :
818 4099 1055 4168 supremi
1086 4115 1214 4154 vero
1253 4103 1494 4155 omnium
1531 4101 1778 4158 Numinis
1823 4103 2030 4158 cultum
2064 4104 2122 4159 li-

525 4187 678 4243 bera
708 4205 843 4245 voce
878 4189 1082 4258 absque
1113 4191 1222 4245 ullo
1257 4202 1400 4245 metu
1433 4193 1859 4262 profitebantur;
1911 4205 1964 4250 et
1996 4213 2119 4251 cum

547 4280 746 4349 gaudio
787 4289 950 4348 atque
979 4280 1281 4346 hilaritate,
1319 4282 1557 4337 ridentes
1584 4285 1874 4353 capitalem
1905 4297 2121 4341 sentcn-

551 4373 683 4426 tiant
734 4371 1080 4438 excipiebant
1123 4391 1135 4426 :
1185 4373 1318 4426 adeo
1367 4383 1425 4426 ut
1464 4375 1517 4426 in
1569 4373 1780 4429 laudem
1828 4378 2122 4432 conditoris

2217 3179 2390 3250 φαλῆς
2422 3179 2698 3250 ἀποτομὴν
2729 3179 3155 3250 ὑπομείναντας,
3190 3179 3314 3242 τοὺς
3341 3178 3395 3231 δὲ
3431 3179 3528 3250 τὴν
3568 3179 3656 3231 διὰ
3691 3196 3796 3231 rtu-

2217 3272 2312 3344 ρος
2355 3272 2622 3343 τιμωρίαν
2641 3289 2654 3302 ο
2704 3272 2779 3335 ὡς
2806 3270 3174 3341 ἀμϐλύνεσθαι
3207 3269 3494 3338 φονεύοντα
3525 3270 3618 3323 τὸν
3646 3269 3796 3341 σίδη-

2217 3381 2311 3439 ρον
2330 3405 2343 3429 ,
2377 3363 2671 3418 ἀτονοῦντά
2694 3381 2753 3416 τε
2781 3362 3098 3416 διαθλᾶσθαι
3118 3403 3132 3426 ,
3165 3361 3360 3424 αὐτούς
3389 3379 3449 3415 τε
3485 3363 3610 3424 τοὺς
3647 3363 3799 3415 ἀναο-

2219 3457 2444 3533 ροῦντας
2488 3457 2935 3529 ἀποκάμνοντας,
2983 3455 3274 3527 ἀμοιϐαδὸν
3317 3454 3576 3525 ἀλλήλους
3621 3453 3799 3507 διαδέ-

2216 3552 2428 3626 χεσθαι.
2463 3553 2591 3606 Ὅτε
2622 3553 2716 3606 καὶ
2747 3550 3204 3623 θαυμασιωτάτην
3233 3550 3429 3622 ὁρμὴν,
3455 3549 3604 3602 θείαν
3634 3567 3694 3601 τε
3721 3549 3798 3614 ὡς

2219 3646 2432 3716 ἀληθῶς
2463 3645 2690 3716 δύναμιν
2723 3646 2816 3698 καὶ
2845 3643 3152 3715 προθυμίαν
3190 3641 3296 3693 τῶν
3332 3642 3412 3703 είς
3443 3641 3532 3693 τὸν
3565 3641 3799 3711 Χριστὸν

2219 3737 2310 3790 τοῦ
2345 3737 2478 3790 Θεοῦ
2507 3737 2945 3790 πεπιστευκότων
2974 3733 3347 3805 συνεωρῶμεν.
3387 3734 3537 3802 ’Ἅμα
3573 3732 3702 3800 γοῦν
3730 3735 3796 3805 τῇ

2219 3827 2363 3882 κατὰ
2406 3828 2514 3880 τῶν
2559 3827 2836 3900 προτέρων
2881 3814 3187 3895 ἀποφάσει,
3242 3825 3528 3894 ἐπεπήδων
3579 3824 3800 3884 ἄλλοθεν

2220 3921 2367 3976 ἄλλοι
2411 3920 2490 3991 τῷ
2536 3920 2643 3991 πρὸ
2683 3919 2776 3972 τοῦ
2817 3917 3070 3972 δικαστοῦ
3112 3918 3313 3988 βήματι
3346 3917 3493 3984 (25),
3537 3917 3799 3988 Χριστια-

2221 4013 2343 4076 νοὺς
2378 4014 2517 4081 σφᾶς
2559 4011 2942 4082 ὁμολογοῦντες
2967 4050 2980 4073 ,
3024 4010 3390 4082 ἀφροντίστως
3425 4009 3522 4080 μὲν
3563 4009 3700 4079 πρὸς
3731 4008 3797 4061 τὰ

2221 4101 2369 4156 δεινὰ
2399 4101 2492 4155 καὶ
2517 4102 2642 4164 τοὺς
2671 4100 2777 4153 τῶν
2811 4099 3101 4152 πολυειδῶν
3135 4099 3379 4168 βασάνων
3419 4098 3651 4169 τρόπους
3681 4097 3799 4149 δια-

2224 4194 2483 4264 κείμενοι,
2513 4191 2944 4262 ἀκαταπλήκτως
2985 4190 3042 4243 at:
3085 4189 3581 4261 παρρησιαζόμενοι
3611 4190 3704 4242 ἐπὶ
3730 4191 3798 4260 τῇ

2223 4286 2302 4347 είς
2327 4284 2417 4338 τὸν
2448 4283 2556 4336 τῶν
2585 4283 2720 4336 ὅλων
2746 4282 2878 4335 Θεὸν
2903 4283 3179 4354 εὐσεϐείᾳ,
3223 4284 3361 4353 μετά
3396 4299 3454 4334 τε
3496 4285 3674 4352 χαρᾶς
3706 4279 3799 4333 καὶ

2224 4377 2458 4446 γέλωτος
2488 4376 2583 4430 καὶ
2623 4374 2954 4446 εὐφροσύνης
2994 4376 3090 4447 τὴν
3127 4377 3360 4446 ὑστάτην
3390 4374 3664 4442 ἀπόφασιν
3703 4370 3796 4426 τοῦ

547 4464 791 4519 omnium
841 4463 934 4519 Dei
973 4464 1205 4534 psalmos
1238 4467 1575 4537 hymnosque
1606 4478 1659 4522 et
1694 4470 1992 4536 gratiarum
2030 4487 2115 4526 ac-

2227 4469 2456 4524 Θανάτου
2504 4469 2957 4540 καταδεχόμενοι,
2996 4468 3134 4522 ὥστε
3176 4468 3430 4538 ψάλλειν,
3470 4467 3562 4520 καὶ
3595 4464 3798 4536 ὑμνους

549 4556 730 4612 tiones
784 4557 849 4611 ad
881 4567 1185 4612 extremum
1235 4574 1406 4626 usque
1457 4559 1706 4627 spiritum
1748 4561 2118 4619 concinerent.

549 4648 621 4703 Et
653 4649 705 4703 lti
748 4648 964 4719 quidem
1013 4649 1370 4705 admiratione
1417 4653 1660 4720 profecto
1699 4651 1845 4721 digni
1893 4653 2117 4707 exstite-

550 4748 698 4794 runt.
736 4738 935 4794 Verum
988 4740 1028 4795 ii
1061 4741 1354 4796 maximam
1393 4757 1506 4812 pra:
1543 4743 1754 4798 cunctis
1795 4742 2006 4797 laudent
2037 4754 2123 4798 at-

551 4844 658 4900 que
686 4831 1095 4887 admirationem
1141 4841 1439 4901 merentur,
1467 4834 1559 4904 qui
1591 4835 1784 4903 opibus
1818 4849 1882 4888 ac
1919 4834 2124 4889 nobili-

554 4935 670 4983 tate
718 4925 987 4997 pollentes
1012 4966 1028 4992 ,
1073 4934 1129 4982 et
1161 4927 1232 4983 ob
1266 4927 1628 4998 eloquentiam
1671 4943 1737 4983 ac
1769 4926 2124 4998 philosophia:

627 5115 1014 5186 (21)Διαέρια.
1061 5114 1421 5170 Monstrosam
1466 5115 1747 5170 lectionem
1781 5115 1869 5169 hic
1905 5115 2128 5186 exhibet

540 5187 921 5256 Nicephorius:
953 5203 1016 5239 ex
1063 5201 1170 5253 quo
1213 5195 1437 5256 apparet
1468 5186 1628 5256 illutn
1661 5185 2129 5256 tlepravalissimis

554 5255 1089 5327 Eusebii_codicibus
1143 5271 1297 5309 usum
1357 5255 1544 5309 fuisse.
1591 5255 1725 5308 Nam
1766 5271 1864 5324 pro
1889 5255 2125 5327 διαέρια,

553 5330 722 5385 habet
757 5322 847 5382 οἷά
871 5344 992 5380 τινα
1018 5328 1208 5396 ἱερεῖα,
1238 5327 1577 5396 quodsensu
1606 5322 1781 5396 eat-et.

629 5399 742 5469 (Ἡ)
775 5394 1194 5469 Ἱστορήσάμεν
1223 5394 1291 5469 ᾲὲ
1315 5395 1412 5448 καὶ
1442 5395 1629 5449 αὐτοί.
1661 5396 1735 5449 Ex
1766 5396 1865 5469 hoc
1899 5395 2020 5449 loco
2050 5395 2132 5469 dif

557 5464 782 5531 scimus,
816 5464 1103 5523 Eusebium
1135 5467 1185 5518 in
1213 5464 1449 5535 [Egypto
1471 5475 1740 5518 versatum
1769 5464 1963 5535 luisse,
1986 5465 2127 5533 quod

557 5539 720 5591 etiam
745 5548 977 5594 testatur
1001 5534 1626 5591 Tlteodorus’Metochita
1657 5537 1708 5589 itt
1741 5534 2080 5588 Collectaneis
2110 5548 2128 5586 :

559 5625 666 5678 quo
683 5611 799 5662 loco
821 5609 1070 5664 observat
1086 5622 1273 5678 omines
1292 5620 1396 5658 non
1417 5605 1571 5678 modo
1600 5603 1884 5678 Egyptios
1902 5647 1916 5671 ,
1947 5622 2128 5658 verum

559 5675 719 5733 etiam
754 5694 844 5735 eos
865 5680 954 5750 qtti
981 5680 1031 5733 in
1072 5677 1305 5749 Egypto
1327 5675 1524 5731 versati
1549 5686 1693 5740 sunt,
1712 5675 1970 5742 'tntricata
1994 5689 2129 5746 qua-

2224 4562 2319 4615 καὶ
2351 4561 2694 4632 εὐχαριστίας
2733 4562 2812 4623 είς
2850 4560 2939 4613 τὸν
2981 4559 3086 4613 τῶν
3136 4559 3272 4612 ὅλων
3301 4557 3432 4611 Θεὸν
3479 4556 3671 4626 μέχρις
3700 4556 3799 4609 αὐ-

2223 4651 2324 4721 τῆς
2373 4652 2607 4722 ἐσχάτης
2643 4650 2987 4720 ἀναπέμπειν
3029 4648 3320 4718 ἀναπνοῆς.
3364 4647 3664 4716 Θαυμάσιοι
3705 4646 3801 4716 μὲν

2223 4741 2316 4799 οὖν
2359 4746 2453 4798 καὶ
2487 4739 2658 4799 οὗτοι·
2693 4743 2982 4815 ἐξαιρέτως
3023 4741 3079 4794 δὲ
3108 4743 3300 4793 ἐκεῖνοι
3341 4738 3798 4810 θαυμασιώτεροι,

2224 4840 2273 4892 οἱ
2309 4837 2523 4907 πλούτῳ
2569 4837 2667 4906 μὲν
2708 4835 2801 4888 καὶ
2832 4835 3078 4904 εὐγενείᾳ
3109 4833 3202 4886 καὶ
3238 4831 3386 4905 δόξῃ,
3422 4831 3564 4901 λόγῳ
3603 4848 3662 4883 τε
3709 4829 3801 4884 καὶ

2227 4929 2514 5001 φιλοσοφίᾳ
2538 4929 2960 5001 διαπρέψαντες,
3003 4925 3182 4981 πάντα
3213 4940 3278 4993 γε
3313 4923 3420 4995 μὴν
3447 4922 3673 4994 δεύτερα
3710 4922 3800 4977 θέο

2237 5117 2356 5170 dant
2391 5128 2443 5172 et
2489 5119 2714 5172 obscura
2755 5118 2988 5172 dictione
3038 5118 3090 5171 in
3123 5117 3409 5172 scribendo
3457 5130 3584 5169 usos
3615 5115 3801 5170 fuisse.

2235 5185 2382 5241 Inter
2410 5203 2548 5256 quos
2595 5205 2698 5243 non
2755 5198 3028 5258 postremo
3072 5189 3189 5243 loco
3229 5196 3474 5243 recenset
3512 5185 3802 5241 Eusebium

2235 5267 2501 5315 ιιοεῑτιιιιι.

2309 5327 2422 5397 (25)
2464 5329 2546 5392 Τῷ
2563 5327 2674 5394 πρὸ
2704 5325 2810 5380 τοῦ
2837 5326 3380 5395 δικαστοῦβήματι.
3411 5325 3543 5381 Mira
3578 5323 3799 5397 locutio.

2236 5395 2470 5450 tribunal
2493 5399 2634 5468 quod
2678 5409 2907 5468 estante
2943 5399 3199 5468 judicetn.
3235 5398 3394 5468 Βῆμα
3423 5413 3551 5465 ergo
3575 5395 3803 5468 sumitur

2239 5483 2334 5535 pro
2353 5461 2607 5532 gradibus
2627 5461 3084 5520 tribunalisJIiuc
3099 5467 3263 5534 judex
3283 5461 3468 5521 sedere
3485 5461 3682 5520 dicitur
3699 5461 3805 5534 πρὸ

2235 5536 2328 5608 τοῦ
2361 5537 2636 5608 βήματος,
2660 5537 2712 5588 id
2741 5550 2845 5608 est.
2886 5537 3282 5608 protribunali,
3316 5537 3398 5592 vel
3435 5552 3529 5608 pro
3560 5536 3802 5590 tribuna~

2237 5605 2396 5674 libus,
2416 5605 2486 5661 'ut
2515 5606 2602 5662 hic
2623 5605 2861 5677 loquitur
2886 5605 3136 5664 Ruﬁnus.
