4114 6406
303 283 414 337 ῗ65

1259 283 1610 344 HISTORIIE
1651 287 2212 345 ECCLESIASTICIE
2253 289 2380 345 LIB.
2424 287 2560 343 Vlll.

3459 282 3563 338 7GB

299 401 558 472 φονεῦσιν
594 401 686 454 ἐπὶ
713 399 822 456 τῶν
851 402 1096 474 πλευρῶν
1133 404 1292 474 μόνον
1312 445 1327 469 ,
1366 403 1512 460 ἀλ,λᾶ
1531 408 1622 460 καὶ
1653 411 1752 479 τῆς
1781 425 1855 477 γα

1981 419 2101 482 post
2126 421 2333 480 tergum
2365 410 2622 465 revinctis
2643 449 2658 474 ,
2684 412 2750 464 ad
2779 409 3015 479 stipitem
3046 406 3511 478 suspendebantur
3537 421 3553 457 :
3610 411 3620 422 ‘

299 492 466 562 utr/‘1;
491 492 584 543 καὶ
608 491 830 562 κνημῶν
861 493 953 546 καὶ
979 493 1221 564 παρειῶν
1251 499 1362 559 τοῖς
1386 497 1886 567 ἀμυντηρίοις-ἐκό-

296 582 464 645 λαζον
482 581 614 650 (52)·
635 581 808 650 ἕτεροι
831 581 886 635 δὲ
916 583 1021 635 ἀπὸ
1043 584 1140 652 τῆς
1167 585 1327 646 στοάς
1355 589 1482 654 μιᾶς
1507 585 1688 656 χειρὸς
1720 585 1885 655 ἐξηρ-

293 691 364 742 τη
374 674 526 742 μένοι
556 672 852 743 αἰωροῦντο
873 713 886 736 ,
919 675 1097 744 πάσης
1127 673 1416 743 ἀλγηδόνος
1452 676 1756 747 δεινοτέραν
1786 676 1884 747 τὴν

293 767 408 820 ἀπὸ
447 767 553 819 τῶν
583 766 796 837 ἄρθρων
832 752 923 818 καὶ
964 765 1142 836 μελῶν
1172 767 1328 820 τάσιν
1359 767 1572 838 ἔχοντες
1594 786 1606 798 ’
1637 769 1784 822 ἄλλοι
1825 771 1882 825 δὲ

294 860 437 930 πρὸς
471 863 582 922 τοῖς
621 859 794 912 κίοσιν
823 860 1225 930 ἀντιπρόσωποι
1253 861 1493 923 ἐδοῦντο,
1527 865 1586 916 οὐ
1624 862 1881 934 βεϐηκόσι

290 954 410 1012 τοῖς
443 951 588 1012 ποσὶ,
615 950 691 1021 τῷ
723 951 778 1004 δὲ
811 951 964 1022 βάρει
986 953 1078 1004 τοῦ
1104 952 1354 1023 σώματος
1381 953 1712 1025 βιαζομένων
1743 957 1878 1026 μετά

289 1043 505 1107 τάσεως
543 1044 911 1112 ἀνελκομένων
943 1044 1051 1097 τῶν
1089 1045 1321 1115 δεσμῶν.
1365 1048 1470 1099 Καὶ
1497 1047 1642 1101 τοῦθ’
1669 1049 1877 1119 ὑπέμε-

291 1151 407 1196 νον,
450 1137 548 1188 ούκ
575 1138 659 1205 ἐφ’
689 1137 808 1189 ὅσον
840 1136 1273 1209 προσδιελέγετο,
1306 1139 1418 1190 οὐδ’
1439 1141 1621 1204 αὐτοῖς
1651 1141 1876 1210 ἐσχόλα-

291 1226 387 1289 ζεν
432 1227 460 1278 ὁ
503 1226 746 1297 ἡγεμὼν,
781 1227 915 1282 ἀλλὰ
951 1228 1231 1298 μονονουχὶ
1267 1228 1332 1281 δι’
1359 1229 1486 1299 ὅλης
1514 1232 1612 1302 τῆς
1641 1232 1872 1303 ἡμέρας.

293 1318 424 1368 Ὀτε
467 1317 576 1387 γὰρ
614 1317 706 1370 καὶ
736 1319 818 1386 ἐφ’
847 1318 1063 1390 ἐτέρους
1109 1319 1422 1390 μετέϐαινε,
1453 1323 1563 1384 τοῖς
1591 1323 1876 1393 προτέροις

288 1407 690 1479 κατελίμπανεν
717 1411 1020 1483 ἐφεδρεύειν
1047 1413 1170 1474 τοὺς
1195 1414 1261 1482 τῇ
1305 1411 1520 1483 ἐξουσίᾳ
1560 1413 1722 1465 αὐτοῦ
1776 1415 1878 1466 ὑπ-

283 1517 487 1569 ηρετου
495 1501 687 1570 μένους
709 1503 817 1572 (55)
839 1541 853 1565 ,
884 1502 938 1554 εί
967 1520 1066 1556 που
1100 1521 1181 1566 τις
1206 1503 1456 1575 ἡττηθεὶς
1489 1504 1600 1556 τῶν
1627 1504 1874 1574 βασάνων

283 1593 546 1645 ἐνδιδόναι
574 1594 765 1656 ἐδόκει,
797 1595 1028 1664 ἀφειδῶς
1057 1595 1112 1648 δὲ
1144 1594 1381 1649 κελεύων
1405 1597 1497 1649 καὶ
1522 1598 1633 1659 τοῖς
1656 1597 1874 1660 δεσμοῖς

281 1686 569 1755 προσιέναι
600 1686 709 1755 (Mi
729 1729 743 1751 ,
778 1687 868 1740 καὶ
901 1688 1036 1759 μετὰ
1066 1688 1236 1743 ταῦτα
1266 1688 1746 1760 ψυχορραγοῦντας
1775 1690 1870 1742 αύ-

1987 518 2049 558 ac
2076 503 2272 563 deinde
2301 503 2552 556 universa
2587 501 2834 571 corporis
2867 501 3112 554 membra
3145 499 3414 554 machinis
3438 501 3560 568 qui-

1985 595 2208 650 busdam
2235 594 2705 649 distendebantur.
2737 593 2985 677 Postlime
3015 601 3250 646 tortores
3289 592 3446 661 jussu
3469 591 3558 661 ju-

1984 689 2118 744 dicis
2151 689 2405 742 universo
2432 688 2646 757 corpori
2676 704 2691 752 ;
2735 701 2909 754 neque
2955 697 3011 738 ut
3057 685 3339 738 homicidis
3370 685 3552 749 solet,

1983 779 2240 834 lateribus
2271 779 2534 834 duntaxat
2569 796 2582 831 :
2614 777 2707 831 sed
2735 777 2896 832 etiam
2940 777 3151 840 ventri,
3183 776 3455 838 cruribus,
3489 789 3554 830 ac

1981 872 2132 941 genis
2159 870 2432 924 cruciatus
2469 870 2663 924 ferreis
2689 869 2905 938 ungulis
2930 868 3281 921 adhibebant.
3319 868 3550 932 Quidam

1982 963 2152 1016 altera
2181 978 2341 1016 manu
2367 961 2434 1016 ad
2469 960 2740 1031 porticum
2778 961 3030 1029 suspendi
3063 960 3401 1028 pendebant;
3432 960 3552 1028 qui-

1980 1054 2080 1110 bus
2110 1054 2460 1110 articulorum
2493 1054 2969 1120 membrorumque
3004 1051 3247 1105 omnium
3285 1052 3550 1106 distensio

1977 1146 2169 1213 quovis
2197 1146 2442 1201 cruciatu
2485 1150 2603 1198 erat
2647 1143 2920 1198 acerbior.
2956 1143 3060 1195 Alii
3094 1143 3334 1196 vultibus
3386 1143 3438 1196 in
3487 1155 3550 1196 se

1978 1245 2166 1288 mutuo
2190 1234 2469 1290 conversis
2496 1233 2563 1287 ad
2589 1233 2870 1286 columnas
2910 1231 3294 1300 alligabantur,
3323 1233 3548 1300 pedibus

1976 1323 2147 1378 solum
2192 1339 2297 1377 non
2331 1321 2807 1391 contingentibus;
2853 1322 2988 1375 adeo
3019 1330 3075 1374 ut
3107 1321 3321 1376 vincula
3363 1321 3547 1390 gravi-

1975 1426 2085 1470 tate
2113 1431 2397 1484 corporum
2427 1415 2644 1477 adacta.
2679 1415 2861 1469 acrius
2891 1413 3332 1468 intenderentur.
3363 1414 3544 1481 Atque

1973 1507 2026 1562 id
2072 1509 2378 1562 tolerabant
2420 1522 2524 1560 non
2570 1509 2744 1561 solum
2781 1507 3018 1577 quandiu
3049 1521 3250 1575 praises
3283 1520 3378 1559 eos
3407 1505 3544 1564 alio.»

1973 1597 2257 1665 quebatur,
2307 1607 2400 1650 aut
2450 1598 2738 1653 audiendis
2791 1599 2924 1666 ipsis
2962 1598 3230 1662 vacabat;
3284 1598 3376 1650 sed
3431 1606 3542 1651 toto

1973 1689 2357 1758 propemodum
2410 1690 2519 1744 die.
2585 1689 2717 1743 Nam
2781 1690 2870 1744 ubi
2930 1691 2997 1744 ad
3051 1690 3187 1745 alios
3241 1690 3540 1744 audiendos

277 1778 410 1840 τοὺς
451 1777 900 1847 κατατιθεμένους
941 1781 1020 1843 εἰς
1064 1779 1162 1850 τὴν
1193 1784 1296 1852 γῆν
1338 1781 1620 1834 ἕλκεσθαι·
1666 1782 1725 1834 ού
1759 1781 1855 1853 γάρ

1975 1781 2301 1844 transierat,
2349 1782 2634 1837 ministros
2676 1779 2834 1836 cilicii
2885 1782 2969 1836 sui
3018 1781 3398 1850 relinquebat,
3443 1781 3538 1850 qui

213 1856 220 1866 ’
276 1863 421 1920 εἶναι
462 1867 562 1920 κάν
608 1868 788 1939 μέρος,
812 1870 995 1932 αὐτοῖς
1027 1869 1302 1940 φροντίδος
1338 1872 1466 1942 περὶ
1505 1870 1682 1942 ἡμῶν.
1725 1871 1865 1924 Ἀλλ’

275 1957 428 2012 οὕτω
486 1959 699 2012 ἐδόκουν
747 1960 1070 2014 διανοεῖσθαι
1114 1960 1246 2031 (55),
1308 1961 1402 2014 καὶ
1448 1962 1743 2034 πράττειν,
1789 1962 1866 2026 ὡς

281 2052 480 2122 μηκέτ’
503 2053 692 2112 ὄντων,
720 2052 922 2124 ταύτην
945 2053 1200 2126 δευτέραν
1228 2053 1457 2125 βάσανον
1484 2055 1594 2125 (56)
1625 2055 1716 2108 ἐπὶ
1744 2058 1864 2118 ταῖς

277 2147 520 2216 πληγαῖς
559 2146 666 2200 τῶν
712 2146 1045 2200 ὑπεναντίων
1085 2147 1444 2218 ἐφευρόντων.
1493 2142 1672 2200 ’Ἦσαν
1715 2147 1772 2200 δὲ
1813 2147 1864 2199 οἳ

274 2241 375 2290 καὶ
404 2238 540 2307 μετᾶ
565 2240 691 2302 τοὺς
720 2239 1011 2308 αἰκισμοὺς
1041 2239 1132 2291 ἐπὶ
1160 2238 1252 2291 τοῦ
1287 2237 1441 2302 ξύλου
1475 2239 1719 2308 κείμενοι
1750 2238 1860 2308 (37)

267 2329 363 2382 διὰ
399 2329 510 2381 τῶν
534 2329 813 2401 τεσσάρων
836 2329 988 2384 ὀπῶν
1013 2329 1382 2400 διατεταμένοι
1411 2329 1576 2398 ἄμφω
1605 2329 1681 2381 τὼ
1712 2329 1859 2393 πόδε,

269 2413 354 2483 οἷς
380 2421 474 2474 καὶ
515 2421 631 2473 κατ’
660 2422 902 2491 ἀνάγκην
947 2422 1142 2484 αὐτοὺς
1179 2423 1271 2474 ἐπὶ
1317 2419 1411 2474 τοῦ
1451 2420 1607 2484 ξύλου
1641 2421 1863 2485 ὑπτίους

270 2505 436 2573 εἶναι,
467 2511 541 2582 μὴ
562 2511 891 2583 δυναμένους
918 2512 1004 2566 διὰ
1035 2513 1094 2573 τὸ
1121 2512 1318 2566 ἔναυλα
1343 2512 1410 2565 τά
1438 2512 1726 2584 τραύματα
1755 2511 1861 2565 ἀπὸ

269 2601 380 2664 τῶν
414 2603 634 2673 πληγῶν
682 2603 801 2656 καθ’
832 2604 952 2657 ὅλου
985 2603 1077 2660 τοῦ
1110 2604 1360 2674 σώματος
1389 2603 1561 2673 ἔχειν·
1601 2603 1776 2675 ἕτεροι
1803 2603 1860 2657 δὲ

269 2696 351 2755 εἰς
381 2694 642 2764 τοῦδαφος
671 2695 916 2765 ῥιφέντες
937 2735 952 2759 ,
984 2696 1188 2748 ἔκειντο
1216 2696 1320 2755 ὑπ’)
1352 2699 1449 2768 τῆς
1475 2695 1582 2748 τῶν
1613 2695 1859 2766 βασάνων

270 2786 336 2839 ὰθ
348 2788 474 2856 ρόας
505 2788 825 2858 προσϐολῆς,
853 2788 1156 2859 δεινοτέραν
1186 2787 1282 2858 τὴν
1304 2787 1428 2857 ὄψιν
1450 2790 1546 2858 τῆς
1576 2787 1858 2858 ἐνεργείας

268 2883 388 2942 τοῖς
433 2879 603 2948 ὁρῶσι
649 2881 1008 2950 παρέχοντες,
1054 2880 1303 2943 ποικίλας
1348 2880 1442 2933 καὶ
1478 2879 1767 2951 διαφόρους
1798 2881 1858 2933 ἐν

267 2972 385 3033 τοῖς
432 2970 644 3040 σώμασι
689 2972 946 3043 φέροντες
997 2971 1105 3024 τῶν
1149 2973 1396 3042 βασάνων
1442 2971 1540 3036 τάς
1589 2972 1851 3037 ἐπινοίας.

268 3061 488 3114 Τούτων
520 3061 690 3126 οὕτως
739 3063 996 3132 ἐχόντων,
1039 3065 1087 3117 οἱ
1141 3064 1238 3134 μὲν
1285 3064 1685 3136 ἐναπέθνησκον
1730 3066 1852 3129 ταῖς
1875 3103 1920 3161 C

310 3151 528 3214 nivei;
549 3190 562 3211 ,
603 3154 666 3222 τῇ
705 3153 968 3228 καρτερίᾳ.
1011 3152 1468 3224 καταισχύναντες
1498 3154 1588 3209 τὸν
1619 3153 1852 3209 ἀντίπα-

266 3241 396 3294 λον·
439 3245 489 3294 οἱ
520 3243 577 3296 δὲ
621 3243 913 3314 ἡμιθνῆτες
945 3245 1001 3297 ὲν
1043 3243 1120 3314 τῷ
1161 3243 1519 3316 δεσμωτηρίῳ
1568 3245 1851 3313 συγκλειό-

270 3351 444 3403 μενοι.
482 3336 594 3404 μετ’
617 3336 676 3387 ού
708 3334 906 3398 πολλὰς
934 3334 1150 3406 ἡμέρας
1185 3339 1304 3399 ταῖς
1338 3337 1592 3407 ἀλγηδόσι
1634 3339 1852 3408 συνεχό-

270 3442 422 3494 μενοι
454 3424 782 3478 ὲτελειούντο
810 3466 822 3487 ,
853 3427 902 3478 oi
947 3426 1002 3478 δὲ
1045 3427 1222 3482 λοιποὶ
1249 3427 1350 3498 τῆς
1385 3428 1680 3499 θεραπείας
1719 3429 1850 3484 ἀναι-

267 3517 514 3586 κτὴσεως
552 3517 838 3586 τυχόντες,
885 3517 962 3590 τῷ
1005 3519 1180 3590 χρόνῳ
1221 3521 1314 3572 και
1347 3524 1412 3591 τῇ
1457 3521 1557 3591 τῆς
1598 3522 1848 3591 φυλακῆς

263 3605 511 3678 διατριϐῇ
541 3606 973 3680 θαρσαλεώτεροι
1005 3609 1300 3677 ἐγίγνοντο.
1338 3610 1493 3664 Οὕτω
1528 3612 1657 3680 γοῦν
1685 3613 1847 3683 ἡνίκα

263 3699 684 3770 προσετέτακτο,
726 3699 988 3766 αἱρέσεως
1014 3701 1273 3770 κειμένης
1372 3704 1720 3774 ἐφαψάμενον
1749 3706 1848 3776 τῆς

266 3789 494 3857 ἐναγοῦς
552 3790 740 3854 θυσίας
786 3792 1140 3864 ἀνενόχλητον
1191 3790 1372 3859 εἶναι,
1426 3798 1526 3866 τῆς
1572 3797 1843 3867 ὲπαράτου

266 3879 579 3950 ἐλευθερίας
610 3881 719 3951 (58)
763 3884 894 3954 παρ’
926 3883 1103 3937 αὐτῶν
1143 3884 1406 3954 τυχόντα,
1449 3886 1483 3958 ἢ
1521 3885 1596 3958 μὴ
1630 3886 1843 3953 θύοντα,

337 4033 452 4098 (59.)
497 4035 895 4106 Ἀμυιέτηρίοις
932 4035 1242 4098 ἐκόλαζον.
1281 4037 1618 4106 Nicephorus
1655 4054 1844 4096 emen-

269 4106 358 4179 dat
405 4105 758 4179 ἀμυντηρίοις
807 4105 905 4169 τάς
962 4107 1232 4172 κολάσεις.
1294 4105 1459 4164 Ιὶεοιιι
1503 4121 1561 4164 ιιι
1592 4121 1839 4179 apparet.

277 4173 633 4245 Ἀμυντὴριαῤ⁷
660 4188 838 4230 autem
884 4187 1010 4230 sunt
1063 4180 1292 4244 ungulm,
1341 4189 1400 4232 ιιι
1437 4190 1583 4234 recte
1615 4173 1842 4236 Rufinus

266 4247 450 4299 vertit.
484 4246 1295 4321 Videnturtatnetrdtpuvtﬁpta
1320 4250 1517 4319 aliquid
1559 4252 1841 4321 plusesse

264 4331 426 4392 quam
486 4315 713 4392 ungula}.
752 4315 885 4368 Nam
937 4315 1237 4392 Hesychius
1276 4315 1629 4392 ἀμυντήριον,
1688 4320 1841 4389 ξίφος

261 4384 942 4459 δίστομον-ιιιιθιριοιιιιιιιι,
978 4389 1025 4440 id
1046 4384 1156 4459 est,
1175 4384 1410 4457 gladium
1431 4384 1684 4459 uti-inque
1699 4384 1806 4444 acu
1821 4420 1840 4432 -

265 4465 405 4516 tum;
432 4456 568 4530 et_in_
593 4457 700 4530 hoc,
723 4455 1297 4530 crudelitasjudicum
1328 4469 1562 4518 notatur.
1591 4455 1680 4530 Qui
1716 4478 1828 4530 μιοιι

263 4526 500 4576 comanti
527 4525 859 4593 simplicibus
888 4528 1125 4595 ungulis,
1154 4530 1433 4584 novaculis
1454 4531 1519 4583 ad
1559 4525 1833 4586 eiuranda

262 4609 346 4647 lita
359 4605 563 4663 rtyl'tttlt
606 4596 774 4648 latera
814 4597 1008 4650 Illeball
1022 4607 1071 4649 ιιι
1083 4613 1127 4651 r.

332 4665 444 4734 (ὅό)
480 4663 726 4740 Τοὺςῌτῇ
758 4665 1577 4740 ἐξουσίᾳνὺπηρετουμένους.
1605 4670 1836 4740 Λρρίιτῑφ

263 4742 406 4808 tores
453 4751 545 4808 seu
592 4734 848 4808 oﬂieiales
885 4734 1170 4808 intelligit,
1211 4741 1299 4805 qui
1334 4734 1602 4808 praefecto
1645 4734 1832 4808 Angu-

261 4803 383 4879 stali
417 4804 874 4879 obsequebantur.
913 4806 988 4860 De
1013 4803 1126 4879 hoc
1160 4803 1303 4862 enim
1348 4803 1580 4879 ioquitnr
1616 4803 1832 4865 Phil—eas

261 4873 313 4950 in
351 4874 454 4950 hac
484 4875 731 4950 epistola,
764 4887 819 4950 et
850 4877 1092 4950 ἡγεμόνα
1118 4893 1242 4950 eum
1267 4873 1442 4950 vocat.
1474 4881 1644 4935 Porro
1681 4879 1832 4950 ἐξου-

261 4943 348 5019 σία
378 4943 488 5019 fere
501 4949 567 5019 de
588 4943 882 5019 majoribus
899 4943 1182 5014 ’jtidicibus
1197 4949 1416 5011 dicitur,
1438 4950 1528 5019 qui
1556 4943 1830 5005 habebant

254 5013 341 5088 jus
369 5013 735 5088 gladii;qtia:
782 5013 973 5070 Latine
997 5027 1240 5086 potestas
1274 5013 1599 5088 appellatur,
1651 5031 1710 5074 ut
1753 5021 1831 5075 ait

266 5083 701 5159 tilpianus._Qua3
728 5101 830 5144 vox
861 5103 925 5142 eo
974 5083 1135 5143 sensu
1163 5083 1362 5159 smpius
1407 5083 1644 5144 occurrit
1685 5091 1826 5159 apud

257 5152 513 5232 inminent
546 5156 1012 5232 Chrysostomum.
1049 5152 1534 5232 Porroprazfectus
1565 5152 1825 5230 augusta-

259 5176 513 5218 JQLIIIIIBIH
546 5176 1012 5226 hltl‘ySOStomum.
1049 5176 1218 5212 νυνι-υ
1287 5176 1534 5214 ταιιοοιιιε
1565 5176 1825 5230 augusta-

259 5222 457 5298 lis,_eo
506 5227 722 5294 quidem
763 5235 1008 5298 tempore
1054 5239 1175 5281 erat
1213 5176 1510 5294 Hierocles,
1565 5233 1828 5298 quemad-

258 5295 472 5348 modum
528 5299 722 5352 scribit
773 5297 1107 5367 Epiphanius
1163 5301 1218 5352 in
1263 5301 1458 5354 haeresi
1516 5295 1822 5358 Mélitiano-

258 5377 395 5417 ΙΊΙΙΙΙ.

315 5433 433 5515 βτί)
463 5433 594 5515 feig-
641 5435 886 5515 δεσμοῖς
932 5437 1265 5515 προσιέναι.
1311 5438 1460 5496 Nova
1496 5450 1551 5495 et
1581 5440 1822 5496 insolens

259 5505 384 5558 mihi
427 5505 639 5560 videtur
673 5509 785 5559 hrec
821 5507 1046 5562 locutio.
1846 5559 1852 5563 .

323 5573 434 5646 (55)
454 5575 615 5628 Οὕτω
667 5577 922 5630 ἐδόκουν
966 5577 1351 5633 διανοεῖσθαι.
1384 5580 1476 5636 Sic
1523 5584 1689 5635 nostri
1725 5597 1819 5637 co-

257 5643 592 5716 dicesrdlazq
629 5646 766 5701 Med.
799 5660 850 5701 et
884 5647 1019 5702 Fnk.
1052 5648 1200 5716 Vulg.
1237 5650 1380 5704 οὕτω
1414 5652 1506 5705 καὶ
1535 5651 1674 5709 διαν.

325 5714 435 5794 (5L3)
472 5718 701 5789 Ταύτην
750 5716 1038 5794 δευτέραν
1080 5714 1378 5793 βάσανον.
1440 5721 1814 5793 ltaptationcm

1968 1873 2242 1942 prioribus
2275 1871 2658 1939 imminerent;
2708 1873 2754 1927 si
2803 1873 2947 1927 forte
2985 1873 3105 1942 quis
3143 1883 3536 1929 tormentorum

1966 1964 2261 2018 acerbitate
2308 1963 2487 2019 victus
2528 1980 2556 2017 a
2589 1964 2870 2035 preposito
2905 1965 3207 2020 desciscere
3237 1966 3535 2021 videretur.

1932 2051 2293 2123 Juhebatque
2343 2067 2437 2108 eos
2483 2054 2694 2124 absque
2736 2055 2845 2108 ulla
2892 2054 3246 2110 miseratione
3297 2053 3536 2110 vinculis

1964 2143 2200 2212 stringi,
2247 2155 2301 2198 et
2352 2153 2535 2212 postea
2586 2159 2705 2197 cum
2748 2144 2860 2213 jam
2905 2146 3138 2198 animam
3175 2144 3533 2212 exhalarent,

1964 2235 2110 2289 lmmi
2142 2234 2381 2300 abiectos
2431 2224 2592 2289 trahi.
2626 2234 2810 2304 Neque
2860 2236 3004 2289 enim
3046 2236 3226 2290 aiebat
3253 2235 3336 2290 vel
3372 2235 3535 2289 inini-

1963 2342 2104 2380 mam
2155 2327 2323 2379 nostri
2378 2342 2567 2380 curam
2621 2327 2928 2382 habendam
2963 2342 3082 2383 esse
3121 2346 3135 2383 :
3178 2327 3273 2382 sed
3307 2337 3534 2382 cunctos

1959 2417 2039 2472 sic
2072 2415 2138 2486 de
2165 2417 2322 2472 nobis
2369 2419 2576 2473 sentire
2601 2458 2614 2481 ,
2647 2418 2726 2473 sic
2771 2433 2902 2488 erga
2948 2434 3048 2474 nos
3096 2434 3260 2488 agere
3289 2418 3488 2473 debere
3515 2459 3530 2483 ,

1958 2508 2115 2572 quasi
2151 2524 2256 2562 non
2292 2508 2524 2577 amplius
2559 2509 2810 2565 homines
2833 2515 3100 2565 essemus.
3137 2510 3291 2564 llunc
3320 2509 3534 2566 scilicet

1957 2601 2254 2655 secundum
2306 2602 2611 2655 crueiatum
2668 2611 2790 2671 post
2833 2602 3056 2656 verbera
3109 2601 3312 2656 inimici
3358 2602 3529 2656 nostri

1955 2693 2418 2762 excogitaverunt.
2471 2692 2698 2760 Quidam
2751 2695 2914 2748 etiam
2972 2701 3094 2764 post
3148 2702 3414 2748 tormenta
3474 2695 3526 2746 in

1957 2782 2124 2839 nervo
2169 2786 2495 2854 iacuerunt;
2528 2786 2755 2853 pedibus
2786 2787 2852 2840 ad
2883 2793 3118 2855 quatuor
3163 2801 3333 2852 usque
3382 2785 3530 2840 fora-

1955 2880 2098 2932 mina
2143 2877 2486 2944 divaricatis;
2542 2879 2618 2933 ita
2669 2887 2726 2932 ut
2784 2878 2961 2947 supini
3010 2893 3130 2932 esse
3180 2887 3524 2947 cogerentur,

1953 2985 2076 3025 eum
2134 2969 2204 3024 ob
2256 2981 2509 3025 recentes
2563 2970 2840 3040 plagarum
2899 2970 3190 3023 cicatrices
3238 2984 3370 3038 quas
3411 2979 3524 3023 toto

1955 3075 2180 3130 corpore
2215 3061 2512 3130 gerebant,
2550 3071 2698 3115 stare
2741 3060 2966 3115 omnino
2997 3075 3103 3113 non
3135 3069 3384 3129 possent.
3419 3059 3524 3114 Alii

1958 3153 2108 3208 humi
2165 3151 2392 3222 projecti
2436 3153 2693 3222 jacebant
2743 3167 2853 3220 prae
2901 3153 3070 3205 nimia
3126 3161 3524 3207 tormentorum

1958 3242 2293 3304 acerbitate;
2329 3252 2384 3296 et
2414 3243 2584 3297 multo
2613 3244 2834 3312 gravius
2858 3257 3017 3310 quam
3049 3243 3174 3296 dum
3210 3245 3524 3296 cruciaren-

1957 3343 2044 3388 tur
2092 3334 2459 3403 spectaculum
2507 3333 2846 3388 intuentibus
2891 3332 3244 3401 praebebant,
3279 3333 3428 3386 varia
3462 3347 3525 3387 ac

1955 3425 2274 3495 multiplicia
2311 3437 2700 3481 tormentorum
2738 3424 3043 3493 excogitata
3083 3439 3278 3494 genera
3327 3439 3526 3492 corpo-

1955 3518 2106 3573 ribus
2149 3520 2264 3573 suis
2293 3518 2768 3573 circumferentes.
2806 3519 2937 3583 Qum
2987 3533 3108 3570 cum
3157 3519 3228 3570 ita
3262 3532 3524 3586 gereren-

1955 3619 2063 3674 tur,
2095 3611 2185 3664 alii
2232 3612 2282 3664 in
2314 3611 2447 3675 ipsis
2473 3610 2760 3664 tormentis
2785 3607 3136 3678 cxspirabant
3164 3649 3178 3671 ,
3213 3601 3547 3662 constantia-

1953 3715 2049 3756 sua
2081 3701 2337 3770 pudorem
2370 3701 2699 3755 incutientes
2737 3701 3078 3753 adversario.
3109 3697 3274 3769 304
3300 3697 3404 3751 Alii
3432 3714 3522 3754 se-

1952 3795 2191 3848 mineces
2221 3794 2274 3847 in
2313 3807 2590 3847 carcerem
2625 3793 2756 3846 trusi
2783 3832 2798 3854 ,
2832 3792 3019 3860 paucis
3051 3802 3174 3860 post
3213 3792 3401 3845 diebus
3427 3791 3522 3845 do-

1950 3885 2158 3942 loribus
2183 3885 2422 3956 oppressi
2454 3885 2621 3938 vitam
2653 3884 2929 3938 (inierunt.
2969 3883 3178 3952 Reliqui
3213 3883 3518 3937 curantium

1944 4040 2219 4108 intelligit.
2265 4039 2480 4093 Primus
2517 4040 2660 4094 enim
2689 4040 2960 4094 cruciatus
2993 4048 3109 4094 erat
3134 4041 3420 4094 verberum
3450 4055 3518 4094 ac

1941 4111 2218 4180 plagarum
2256 4120 2307 4163 et
2337 4111 2680 4178 ungularum.
2719 4110 3002 4164 Secundus
3032 4121 3087 4162 nt
3115 4112 3260 4164 liunti
3286 4111 3515 4180 depositi

1944 4184 2297 4235 traherentur
2326 4190 2378 4233 et
2410 4191 2755 4248 raptarentur
2789 4182 3161 4234 incarcerem.

2011 4251 2122 4320 (57)
2159 4250 2281 4303 Ἐπὶ
2327 4249 2432 4302 τεῦ
2483 4248 2665 4314 ξύλου
2707 4251 2989 4320 κείμενοι.
3021 4250 3261 4304 Pessime
3300 4248 3516 4317 Langtts

1938 4331 2200 4374 catastam
2241 4321 2420 4375 vertit.
2453 4321 2549 4373 llic
2579 4320 2722 4374 enim
2759 4321 2819 4373 τὸ
2839 4319 2990 4384 ξύλον
3008 4321 3165 4374 aliter
3196 4321 3429 4373 sumitur
3453 4337 3516 4374 ac

1939 4406 2122 4457 supra.
2146 4390 2279 4443 Nam
2313 4405 2474 4458 supra
2500 4391 2714 4459 quidem
2735 4393 2950 4459 ponitur
2975 4391 3335 4459 prnequnleo,
3359 4402 3416 4443 ut
3447 4409 3513 4445 ex

1940 4461 2152 4515 ltutino.
2182 4463 2508 4514 monuimus.
2549 4461 2646 4516 llic
2676 4477 2802 4515 vero
2835 4476 2932 4528 pro
2973 4476 3136 4514 nervo
3169 4462 3406 4528 ponitur,
3461 4463 3511 4514 id

1935 4539 2041 4594 est,
2064 4532 2416 4598 compedibus
2443 4531 2655 4598 ligneis.
2691 4529 2762 4583 lle
2788 4530 3318 4599 quaisigniﬁcatione
3347 4532 3511 4583 multa

1930 4601 2043 4670 jam
2078 4601 2188 4654 dixi
2220 4598 2862 4670 iusupcrioribuslibris.
2895 4598 3070 4652 Latini
3105 4601 3267 4652 etiam
3308 4600 3510 4666 lignum

1933 4669 1998 4724 eo
2033 4685 2199 4724 sensu
2233 4669 2504 4724 dixerunt.
2535 4670 2606 4723 De
2636 4671 2718 4723 his
2741 4671 3094 4737 compedilms
3127 4669 3508 4737 intelligendus

1931 4749 2018 4795 est
2062 4741 2214 4796 locus
2265 4740 2317 4794 in
2379 4742 2538 4800 Actis
2586 4750 2886 4808 martyrum
2940 4738 3191 4802 'l'arachi,
3235 4738 3397 4791 Probi
3457 4750 3512 4792 et

1929 4810 2269 4866 Andronici:
2309 4828 2328 4861 ι
2367 4809 2500 4864 Cum
2532 4811 2849 4863 verberatus
2881 4818 3046 4871 esset,
3081 4824 3282 4876 praeses
3316 4810 3454 4861 dixit
3491 4824 3506 4863 :

1938 4880 2131 4940 Mittite
2163 4879 2241 4934 illi
2268 4881 2473 4933 ferrum
2494 4895 2591 4949 per
2611 4890 2847 4948 quatuor
2874 4878 2988 4931 loca
3020 4893 3335 4940 nervorum,
3356 4889 3410 4931 et
3432 4880 3511 4933 di-

1929 4951 2210 5004 mittentes
2243 4949 2476 5018 aliquam
2505 4965 2691 5003 curam
2717 4951 2766 5004 ei
2799 4963 3090 5016 apponere.
3117 4966 3136 5000 ι
3176 4949 3242 5001 Ει
3271 4950 3320 5001 in
3355 4951 3508 5002 Actis

1928 5017 2154 5090 Lneiani
2177 5017 2447 5090 martyrris.
2471 5019 2733 5090 Synesius
2749 5021 2800 5090 in
2817 5018 3062 5072 oratioae
3085 5019 3338 5090 Dereguo
3357 5035 3368 5069 :
3390 5019 3506 5072 ἀλλ’

1926 5089 1988 5142 οὗ
2019 5106 2082 5173 γε
2117 5089 2642 5173 μᾶλλονηκινήσεται
2666 5089 2799 5173 ,τῶν
2855 5090 2920 5170 ἐν.
2955 5090 3021 5159 τῇ
3061 5089 3506 5173 ’ποδοκάκῃη-τῷ

1927 5158 2246 5229 φαυλοτάτῳ
2284 5159 2392 5213 τῶν
2430 5158 2619 5225 ξύλων.
2666 5159 2834 5213 Porro
2878 5158 3018 5213 sicut
3060 5160 3112 5212 in
3152 5162 3250 5213 hac
3299 5158 3505 5214 Philete

1925 5230 2151 5298 epistola
2177 5230 2331 5296 ξύλον
2364 5232 2522 5285 modo
2548 5247 2645 5298 pro
2667 5229 2897 5298 equuleo
2919 5229 3172 5296 sumitur,
3205 5230 3364 5284 modo
3405 5246 3505 5296 pro

1924 5315 2093 5354 nervo
2120 5318 2133 5353 :
2166 5302 2238 5353 ita
2274 5303 2326 5354 in
2354 5301 2504 5353 Actis
2535 5300 2802 5354 Theodori
2847 5301 3100 5368 martyris
3139 5315 3260 5367 qua:
3293 5301 3502 5352 haben-

1926 5381 2014 5424 tur
2043 5369 2184 5438 apud
2215 5371 2433 5426 Sttriutn
2465 5371 2554 5425 die
2582 5386 2638 5425 Ix
2659 5368 3001 5435 Novembris,
3050 5370 3255 5440 lignum
3297 5370 3500 5438 duplici

1922 5441 2086 5494 modo
2113 5441 2399 5507 accipitur.

1993 5509 2102 5582 (58)
2137 5509 2252 5579 Τῆς
2278 5508 2576 5579 ἐπαράτου
2602 5509 2964 5578 ἐλευθερίας.
2992 5508 3320 5582 Libertatem
3342 5524 3501 5564 voca-

1919 5579 2234 5644 bat'it,'cum
2268 5583 2390 5650 quis
2421 5581 2648 5636 vinculis
2702 5585 3030 5644 sol‘veretu-r,
3081 5589 3136 5632 et
3184 5579 3352 5634 libere
3391 5597 3498 5648 quo

1919 5652 2083 5706 vellet
2117 5653 2271 5708 abire
2318 5655 2608 5707 sineretur.
2649 5651 2778 5718 Qua:
2813 5667 2914 5704 vox
2962 5667 3064 5704 non
3096 5663 3219 5703 raro
3257 5655 3498 5706 occurrit

1919 5725 2058 5807 apud
2094 5721 2399 5792 Eusebium,
2429 5739 2491 5780 ea
2521 5738 2682 5780 sensu
2721 5738 2877 5794 quem
2915 5722 3042 5780 dixi.
3065 5719 3156 5776 Sic
3183 5721 3383 5775 Aratar
3441 5722 3494 5778 in
