4114 6406
534 311 627 366 167

1234 306 1508 366 EUSEBII
1545 306 2026 364 CESARIENSIS
2062 308 2213 364 OPP.
2253 307 2436 365 PARS
2473 309 2516 364 Ι.
2556 339 2626 350 —~-
2663 293 3063 365 HISTOBICA.

3683 310 3786 364 7'68

461 424 463 426 ’
522 421 796 477 remediis.
811 418 1094 476 rel‘ocillati
1118 459 1134 485 ,
1166 426 1412 490 tempore
1442 420 1559 490 ipso
1591 435 1655 474 ac
1683 421 1937 476 diuturna
1971 437 2096 477 car-
2124 477 2127 486 η

2229 423 2296 494 ὴν
2326 422 2419 476 ἐπὶ
2444 419 2660 493 θανάτῳ
2683 421 2838 492 δίκην
2863 421 3198 492 ἐκδέχεσθαι,
3227 421 3376 475 οὐδὲν
3403 421 3792 492 μελλήσαντες,

523 516 668 570 ceris
697 528 847 568 mora
884 512 1201 567 ﬁdentiores
1229 527 1478 567 evasere.
1529 510 1717 581 Itaque
1753 529 1875 567 cum
1907 525 2095 583 postea

521 605 846 676 juberentur
878 602 1080 672 eligere
1106 609 1289 655 utrum
1315 601 1559 666 mallent,
1590 618 1656 656 an
1691 604 1953 658 contactis
1999 621 2097 658 ne-

526 694 679 750 fariis
713 693 998 749 sacriﬁciis
1027 693 1175 748 omni
1222 692 1468 749 molesﬁa
1501 694 1720 749 liberari
1749 734 1763 756 ,
1792 705 1845 749 et
1886 695 2099 750 abomi-

527 788 720 842 nandae
769 785 1128 840 absolutionis
1159 787 1488 842 sententiam
1536 789 1605 842 ab
1633 789 1764 859 ipsis
1797 789 2097 860 consequi;

527 895 595 932 an
629 893 758 932 vero
788 877 1100 932 sacriﬁcare
1134 879 1434 934 abnuentes
1471 880 1649 949 capite
1680 881 1920 936 damnari
1948 900 1960 935 :
1987 897 2105 936 om-

531 985 627 1022 nes
656 968 790 1022 nihil
839 969 1078 1022 cunctati
1107 1007 1122 1033 ,
1165 968 1353 1023 libenti
1389 969 1573 1022 animo
1608 969 1674 1022 ad
1715 980 1940 1024 mortem
1979 986 2102 1040 per—

530 1068 810 1114 rexerunt.
843 1058 1050 1128 Quippe
1077 1059 1250 1128 probe
1292 1067 1490 1112 norant
1529 1074 1650 1127 qua:
1677 1060 1728 1112 iu
1761 1061 1932 1116 sacris
1959 1061 2102 1116 litte-

534 1150 610 1202 ris
667 1150 822 1204 nobis
857 1149 1164 1219 prmscripta
1189 1149 1233 1182 ἰ
1268 1161 1415 1204 sunt.
1454 1167 1473 1199 ι
1516 1150 1617 1215 Qui
1650 1153 1790 1204 enim
1840 1151 2108 1208 sacriﬁcat

535 1241 638 1295 diis
685 1242 898 1304 alienis,
963 1243 1039 1297 ait
1081 1242 1401 1311 Scriptura,
1444 1241 1916 1296 exterminabitur.
1968 1261 1986 1292 ι
2045 1242 2110 1296 Ει

532 1331 725 1386 iterum
759 1349 779 1387 :
810 1349 830 1384 α
863 1331 976 1387 Non
1025 1332 1250 1387 habebis
1283 1333 1411 1387 deos
1432 1333 1638 1387 alienos
1667 1343 1860 1400 praeter
1886 1335 2052 1388 uie".
2086 1353 2105 1386 ι

539 1424 668 1479 llaec
720 1434 851 1479 sunt
915 1440 1044 1480 vere
1101 1426 1414 1496 pltilOSOphi
1476 1442 1576 1482 nec
1619 1427 1798 1482 minus
1827 1425 1919 1481 Dei
1949 1443 2112 1496 quam

533 1517 812 1584 sapientia:
853 1519 1114 1572 amatoris
1151 1521 1407 1590 martyris
1441 1520 1626 1587 verba,
1667 1536 1788 1590 quae
1843 1530 1966 1575 ante
2018 1538 2114 1574 ex-

537 1618 762 1662 tremam
827 1608 1026 1678 iudicis
1069 1612 1439 1675 sententiam,
1488 1613 1663 1667 adhuc
1755 1613 1806 1666 in
1873 1612 2116 1666 custodia

544 1701 877 1756 constitutus
943 1703 1010 1755 ad
1077 1701 1275 1758 fratres
1348 1702 1600 1758 Ecclesia:
1671 1719 1782 1758 suae
1857 1705 2116 1774 scripsit;

2201 511 2456 583 ἀσμένως
2503 511 2596 564 ἐπὶ
2641 510 2732 564 τὸν
2778 511 3008 565 Θάνατον
3041 510 3278 584 ἐχώρουν
3302 525 3319 540 ⁶
3355 510 3552 582 ⁴ᾔδεσαν
3586 513 3696 584 γὰρ
3722 513 3793 567 τὰ

2203 603 2308 657 ὑπὸ
2337 603 2444 656 τῶν
2480 603 2641 674 ἱερῶν
2669 603 2902 675 Γραφῶν
2932 605 3063 675 ἡμῖν
3091 603 3501 675 πρωρισοέντα.
3535 623 3554 655 ‹
3592 606 3651 656 '0
3685 605 3798 679 γὰρ

2210 695 2503 760 Θυσιάζων,
2552 695 2718 766 φησὶ,
2763 694 2905 758 Θεοῖς
2929 695 3155 766 ἑτέροις,
3188 694 3702 766 ὲξολοΘρευθήσεται
3723 713 3736 726 °
3769 715 3791 750 ι

2204 784 2331 838 καί·
2367 785 2521 837 (Ὅτι
2558 784 2656 836 οὐκ
2683 783 2894 836 ἔσονταί
2935 802 3016 838 σοι
3049 785 3160 837 Θεοὶ
3184 785 3359 856 ἕτεροι
3395 785 3535 856 πλὴν
3580 785 3739 855 ἐμοῦ.
3769 805 3790 838 ι

2206 876 2466 930 Τοιαῦται
2491 875 2586 929 τοῦ
2617 877 2692 939 ὡς
2733 875 2947 947 ἀληθῶς
2989 876 3275 945 φιλοσόφου
3309 894 3366 929 τε
3403 877 3539 947 ὁμοῦ
3579 879 3674 930 καὶ
3711 895 3801 942 ςι-

2206 967 2390 1022 λοθέου
2433 969 2707 1041 μάρτυρος
2738 970 2790 1020 αἱ
2826 969 3022 1037 φωναὶ,
3059 967 3125 1031 ἃς
3168 968 3272 1038 πρὸ
3304 968 3621 1031 τελευταίας
3656 969 3798 1024 ἀπεο-

2209 1059 2426 1128 φάσεως
2465 1060 2569 1113 ὑπὸ
2602 1059 2698 1131 τὴν
2727 1059 3064 1130 δεσμωτικὴν
3092 1059 3165 1112 ἔθ’
3192 1061 3451 1132 ὑπάρχων
3477 1061 3654 1126 τάξιν,
3685 1065 3806 1124 τοῖς

2209 1150 2353 1203 κατὰ
2387 1150 2485 1220 τὴν
2515 1150 2676 1204 αὑτοῦ
2707 1151 2996 1222 παροικίαν
3028 1151 3275 1221 ἀδελφοῖς
3306 1153 3654 1217 ἐπεστάλκει,
3684 1152 3804 1222 ἅμα

2215 1242 2312 1313 μὲν
2344 1242 2400 1297 ἐν
2428 1237 2510 1304 οἷς
2537 1238 2626 1312 ἦν,
2654 1241 3036 1312 ἀνατιθέμενος
3063 1243 3197 1311 (59),
3228 1244 3344 1314 ἅμα
3375 1243 3430 1295 δὲ
3460 1244 3556 1297 καὶ
3590 1260 3807 1314 παρορ-

2217 1334 2332 1406 μῶν
2363 1335 2559 1398 αὐτοὺς
2582 1336 2673 1388 ἐπὶ
2698 1334 2756 1387 τὸ
2781 1334 2948 1404 ἀπρὶξ
2974 1334 3192 1405 ἔχεσθαι
3217 1337 3310 1389 καὶ
3341 1337 3456 1404 μετ’
3484 1336 3649 1389 αὑτὸν
3677 1336 3805 1388 ὅσον

2213 1425 2366 1479 οὔπω
2413 1426 2899 1498 τελειωθησόμενον
2924 1466 2938 1489 ,
2984 1430 3084 1494 τῆς
3127 1429 3183 1480 ὲν
3221 1427 3448 1499 Χριστῷ
3485 1427 3808 1490 θεοσεϐείας

2216 1518 2353 1589 (40).
2398 1518 2558 1571 Ἀλλὰ
2585 1518 2638 1571 τί
2666 1517 2770 1590 χρὴ
2802 1518 2972 1572 πολλὰ
3004 1518 3203 1588 λέγειν,
3231 1520 3327 1573 καὶ
3357 1521 3680 1590 καινοτέρας
3709 1521 3809 1572 ἐπὶ

2218 1609 2558 1680 καινοτέραις
2583 1609 2690 1662 τῶν
2715 1609 2816 1662 ἀνὰ
2839 1611 2939 1678 τὴν
2962 1610 3283 1682 οἰκουμένην
3310 1611 3630 1683 θεοπρεπῶν
3660 1629 3808 1682 μαρ-

2219 1701 2398 1772 τύρων
2455 1701 2712 1774 ὰΟλήσεις
2767 1698 3190 1772 παρατίθεσθαι,
3250 1703 3345 1755 καὶ
3402 1701 3634 1772 μάλιστα
3693 1701 3808 1753 τῶν

536 1794 735 1865 partim
786 1807 895 1862 quo
945 1794 999 1847 in
1050 1804 1194 1850 statu
1263 1806 1576 1850 versaretur
1630 1811 1948 1866 exponens;
1996 1812 2117 1866 par-

2229 1792 2397 1845 ›ὑκέτι
2441 1792 2537 1862 μὲν
2584 1790 2745 1862 κοινῷ
2794 1791 2974 1862 νόμῳ,
3023 1791 3257 1862 πολέμου
3302 1791 3358 1845 δὲ
3403 1791 3589 1863 τρόπῳ
3623 1808 3809 1844 πεπο-

538 1883 636 1936 tim
710 1897 805 1939 eos
878 1885 1216 1952 adhortans,
1280 1895 1341 1940 ut
1405 1887 1662 1956 pietatem
1733 1887 1785 1940 in
1838 1885 2114 1941 Christum

2229 1884 2594 1956 λιορκημὲνων
2614 1901 2628 1948 ;
2977 1891 2990 1903 ”

538 1980 698 2041 etiam
755 1989 876 2049 post
917 1982 1124 2038 obitum
1183 1998 1340 2037 suum
1388 1983 1611 2053 jamjam
1669 1983 2069 2048 imminentem,
2114 1983 2386 2038 mordicus
2442 1983 2758 2036 retinerent.
2814 1978 2918 2035 Sed
2959 1980 3086 2049 quid
3118 1996 3252 2051 opus
3299 1992 3381 2036 est
3431 1981 3634 2050 prolixa
3679 1995 3812 2032 ora-

542 2075 686 2128 tione
721 2075 820 2140 uti,
873 2083 928 2130 et
985 2076 1292 2131 divinorum
1341 2079 1432 2146 qui
1471 2092 1566 2147 per
1623 2079 1935 2132 universum
1982 2077 2172 2133 orbem
2234 2078 2380 2147 passi
2438 2088 2560 2132 sunt
2612 2089 2908 2146 martyrum
2963 2092 3098 2130 nova
3153 2093 3368 2147 semper
3419 2080 3571 2132 novis
3609 2093 3807 2131 succe-

541 2166 722 2222 dentia
773 2168 1074 2224 certamina
1127 2167 1451 2237 exponere?
1501 2168 1801 2237 praesertim
1847 2183 1968 2222 cum
2027 2169 2104 2223 illi
2157 2182 2264 2222 non
2299 2166 2503 2238 vulgari
2556 2167 2737 2229 modo,
2803 2165 2898 2221 sed
2943 2167 3094 2234 quasi
3134 2168 3256 2237 jure
3307 2167 3435 2222 belli
3505 2182 3810 2241 oppugnatt

541 2260 670 2316 sint.

1145 2351 1376 2408 CAPUT
1423 2352 1514 2407 XI.

815 2444 894 2498 De
924 2443 990 2498 iis
1021 2462 1136 2515 quis
1168 2450 1221 2502 in
1253 2446 1486 2518 Phrygia
1517 2462 1664 2518 gesta
1699 2457 1841 2502 sunt.

617 2532 776 2588 Certe
820 2538 1010 2591 urbem
1065 2541 1354 2607 quamdam
1386 2540 1821 2596 Christianorum
1854 2543 1909 2596 in
1945 2541 2120 2614 Phry-

548 2625 658 2693 gia,
691 2625 888 2680 milites
908 2628 1105 2682 armati
1137 2630 1419 2685 obsidione
1447 2633 1770 2698 cinxerunt,
1813 2633 2123 2703 injectoque

550 2713 675 2782 igne
715 2724 878 2768 totam
916 2731 1169 2770 una.cum
1204 2717 1338 2772 viris
1366 2728 1416 2774 et
1449 2719 1765 2775 mulieribus
1792 2735 1855 2775 ac
1885 2721 2124 2789 parvulis

548 2803 826 2858 Christum
872 2808 1112 2861 omnium
1162 2808 1328 2864 Deum
1380 2811 1758 2865 invocantibus
1803 2828 2124 2866 concrema-

552 2905 700 2949 runt.
737 2893 885 2951 l-lanc
915 2898 1126 2954 scilicet
1164 2901 1233 2954 ob
1266 2914 1485 2955 causam
1510 2944 1524 2968 ,
1556 2901 1702 2971 quod
1736 2902 1976 2958 universi
2006 2902 2124 2971 ejus

551 2987 704 3042 urbis
755 2988 943 3044 incolae
988 2999 1042 3045 et
1091 3001 1315 3047 curator
1343 2994 1457 3062 ipse
1491 3008 1557 3049 ac
1608 2994 1958 3064 magistratus
2001 3011 2122 3050 cum

553 3079 831 3136 honoratis
859 3082 1113 3138 omnibus
1143 3098 1206 3138 ac
1231 3083 1453 3154 plebeiis
1482 3125 1498 3150 ,
1541 3084 1886 3142 Christianos
1915 3102 1972 3141 se
2006 3101 2127 3142 esse

552 3168 780 3237 professi
808 3212 822 3237 ,
859 3173 1173 3227 sacriﬁcare
1204 3175 1522 3244 jubentibus
1551 3176 1697 3232 nullo
1727 3178 1887 3233 modo
1919 3178 2128 3233 obtem-

553 3262 840 3328 perabant.
885 3263 1113 3330 Quidam
1148 3267 1312 3321 etiam
1363 3269 1640 3325 Adauctus
1686 3271 1903 3326 nomine
1929 3311 1944 3337 ,
1977 3272 2129 3328 claro

555 3351 609 3404 in
665 3349 817 3406 Italia
867 3370 1065 3423 genere
1095 3366 1284 3424 ortus,
1313 3357 1557 3414 Romana
1603 3360 1866 3431 dignitate
1911 3363 2129 3433 conspi-

556 3461 724 3514 cuus,
756 3459 810 3502 et
841 3463 938 3518 per
982 3464 1174 3507 omnes
1206 3452 1469 3507 honorum
1501 3453 1702 3521 gradus
1749 3454 1801 3507 in
1835 3455 2130 3525 imperato-

624 3589 669 3622 "
704 3590 854 3647 Deut.
887 3608 1002 3659 rm,
1031 3594 1118 3651 19.
1192 3594 1238 3628 ⁸³
1262 3595 1434 3652 Exod.
1467 3612 1558 3664 xx,
1583 3596 1641 3651 5.

558 3703 696 3763 libro
729 3723 750 3762 t
778 3709 1093 3779 Apostolicw
1115 3711 1391 3770 historice:

1355 3819 1512 3839 .......
1543 3781 1812 3837 damnatio
1825 3778 1964 3851 justi

917 3849 1156 3906 Libertas
1172 3865 1248 3909 est
1271 3852 1414 3921 {acta
1444 3854 1566 3908 reis.

559 3919 617 3977 Id
644 3931 726 3976 est
759 3921 1029 3977 absolutio
1058 3931 1112 3977 et
1143 3919 1424 3978 relaiatio.

631 3991 744 4063 (39)
782 3990 1238 4062 Ἀνατιθέμενος.
1265 3993 1580 4061 ltletaphora
1622 3989 1859 4056 videtur,
1902 3999 1960 4044 ut
2007 4003 2129 4043 cum

562 4061 743 4117 Latini
800 4063 1006 4128 dicunt,
1038 4061 1136 4118 ’ad
1198 4065 1530 4135 posteritatis
1577 4063 1895 4118 memoriam
1941 4075 2131 4116 conse-

565 4147 656 4187 cra
665 4148 742 4186 re.

638 4202 748 4274 (40)
783 4201 900 4270 Τῆς
919 4202 990 4257 ἐν
1016 4201 1247 4274 Χριστῷ
1285 4201 1640 4274 θεοσεϐείας.
1667 4199 1796 4274 Post
1825 4199 1938 4254 hare
1967 4198 2132 4253 verba

567 4271 1098 4342 Qh‘ristophorsonus
1135 4273 1289 4341 plura
1339 4273 1519 4340 capita
1555 4271 1807 4334 inseruit,
1833 4286 1900 4342 e_x
1930 4283 2130 4342 appen-

567 4340 690 4396 dice
719 4339 963 4410 quamad
996 4339 1197 4397 calcem
1230 4339 1534 4409 hujusiibri
1559 4342 1804 4395 ediderat
1843 4339 1981 4394 Rob.
2010 4339 2132 4393 Ste-

571 4412 802 4480 phanus.
857 4412 1051 4467 Verum
1098 4415 1362 4481 appendix
1410 4411 1521 4475 illa,
1558 4411 1695 4465 liber
1719 4419 1800 4464 est
1831 4411 2058 4478 integer,
2086 4415 2139 4462 et

2739 2354 3140 2408 ΚΕΦΑΛΑΙΟΝ
3178 2355 3280 2410 ΙΑ’.

2305 2448 2445 2516 Περὶ
2475 2447 2593 2502 τῶν
2629 2447 2776 2501 κατὰ
2807 2448 3067 2516 Φρυγίαν
3101 2445 3240 2517 (Nic.
3274 2445 3347 2500 II.
3390 2447 3456 2501 E.
3487 2463 3586 2512 vn,
3618 2447 3732 2514 10).

2294 2541 2431 2611 Ἤδη
2463 2538 2592 2609 γοῦν
2641 2539 2766 2610 ὃλην
2817 2539 3156 2610 Χριστιανῶν
3207 2539 3463 2610 πολίχνην
3507 2540 3807 2612 αὖτανδρον

2221 2631 2363 2702 ἀμφὶ
2389 2634 2486 2702 τὴν
2512 2632 2752 2704 Φρυγίαν
2781 2631 2890 2703 (41)
2923 2633 2983 2684 ἐν
3012 2631 3196 2702 κύκλῳ
3238 2631 3622 2704 περιϐαλόντες
3650 2633 3806 2686 ὁπλῖ-

2219 2741 2331 2788 ται,
2385 2724 2495 2796 πῦρ
2545 2743 2603 2777 τε
2660 2724 3005 2793 ὑφάψαντες,
3063 2723 3397 2793 κατέφλεξαν
3446 2724 3643 2788 αὐτοὺς
3686 2725 3803 2796 ἅμα

2221 2815 2434 2887 νηπίοις
2467 2817 2562 2870 καὶ
2589 2817 2826 2885 γυναιξὶ,
2863 2816 2953 2868 τὸν
3001 2817 3094 2868 ἐπὶ
3131 2817 3350 2869 πάντων
3389 2816 3520 2868 Θεὸν
3566 2816 3802 2886 Χριστὸν

2222 2909 2622 2980 ὲπιϐοωμένονς
2641 2928 2654 2940 ·
2682 2911 2764 2963 ὅτι
2791 2910 2854 2980 δὴ
2896 2909 3169 2980 πανδημεὶ
3210 2909 3410 2972 πάντες
3439 2911 3485 2962 oi
3512 2908 3610 2979 τὴν
3649 2909 3801 2961 πόλιν

2224 3000 2516 3065 οἰκοῦντες,
2546 3002 2801 3073 λογιστὴς
2829 3019 2889 3053 τε
2925 3000 3088 3064 αὐτὸς
3115 3001 3205 3053 καὶ
3239 2999 3539 3071 στρατηγὸς
3568 2999 3678 3069 (49)
3708 3000 3803 3051 σὺν

2225 3093 2341 3154 τοῖς
2375 3093 2430 3143 ἐν
2462 3089 2605 3144 τέλει
2633 3093 2765 3144 πᾶσι
2795 3093 2890 3144 καὶ
2919 3091 3025 3161 ὅλῳ
3067 3091 3244 3162 δήμῳ,
3282 3087 3638 3154 Χριστιανούς
3668 3091 3806 3157 σεξ

2227 3183 2641 3254 ὁμολογοῦντες,
2700 3183 2808 3236 οὐδ’
2857 3184 3157 3236 ὁπωστιοῦν
3215 3186 3326 3247 τοῖς
3379 3183 3806 3254 προστάττουσιν

2229 3274 2630 3346 εἰδωλολατρεῖν
2659 3274 3038 3345 ὲπειϐἀρχουν.
3077 3273 3186 3327 Καί
3226 3291 3309 3336 τις
3344 3273 3528 3343 ἕτερος
3569 3273 3808 3341 Tinga.an

2229 3368 2331 3435 κῆς
2353 3364 2508 3429 ἀξίας
2529 3365 2946 3436 ἐπειλημμένος,
2977 3365 3274 3427 Ἀδαυκτος
3298 3363 3403 3433 (45)
3427 3363 3618 3433 ὄνομα,
3648 3363 3808 3429 γένκ

2227 3456 2336 3512 τῶν
2381 3460 2514 3530 παρ’
2572 3458 2792 3520 Ἰταλοῖς
2841 3458 3157 3527 ἐπισήμων,
3205 3456 3292 3510 διὰ
3347 3455 3526 3526 πάσης
3579 3450 3806 3506 διελθὼν

2241 3723 2340 3762 nec
2364 3707 2697 3778 Nicephorus
2720 3708 2918 3777 legisse
2945 3709 3075 3763 mihi
3108 3709 3375 3762 videntur.
3411 3709 3518 3762 Sed
3549 3719 3601 3761 et
3621 3709 3802 3777 capita

2241 3778 2364 3832 libri
2411 3781 2610 3843 octavi,
2647 3795 2765 3846 quae
2797 3779 2896 3846 ipsi
2947 3779 3087 3832 libro
3115 3794 3180 3833 ex
3221 3795 3366 3832 more
3396 3781 3611 3847 praeﬁxa
3654 3792 3802 3843 sunt,

2236 3852 2372 3903 satis
2426 3850 2717 3904 admonere
2762 3859 3013 3917 potuerat
3071 3849 3643 3918 Christophorsouum,
3701 3867 3802 3916 ap-

2236 3920 2515 3986 pendicem
2579 3921 2726 3972 illam
2781 3920 2912 3972 nihil
2962 3919 3029 3973 ad
3083 3919 3279 3973 librum
3329 3930 3578 3973 octavum
3631 3921 3804 3988 perti-

2237 4003 2388 4042 nere.

2307 4057 2416 4128 (41)
2454 4058 2624 4128 Ἀμφὶ
2676 4057 2789 4125 τὴν
2831 4058 3111 4128 Φρυγίαν.
3163 4057 3417 4112 Eamdem
3459 4073 3569 4111 rem
3621 4068 3807 4112 narrat

2241 4126 2554 4182 Lactantius
2635 4129 2686 4182 in
2751 4129 2843 4182 lib.
2910 4126 2973 4181 v”
3013 4129 3416 4182 lustitutiouum
3479 4128 3806 4196 divinarum,

2240 4213 2357 4266 cap.
2391 4214 2452 4264 tt,
2479 4199 2566 4251 tibi
2599 4199 2712 4266 agit
2741 4199 2805 4250 de
2828 4195 3086 4262 iniustitia
3115 4199 3382 4267 judicum,
3414 4213 3512 4267 seu
3534 4208 3806 4251 rectorum

2240 4269 2551 4338 provinciae.
2611 4268 2702 4336 qui
2756 4266 3404 4338 ChristianosStippliciis
3458 4266 3803 4319 affecerant:

2247 4356 2266 4389 ‹
2302 4339 2408 4391 Alii
2450 4339 2515 4390 ad
2540 4337 2888 4391 occidendum
2924 4338 3227 4406 praecipites
3253 4341 3609 4401 esstitcrunt;
3665 4338 3810 4390 sicut

2244 4422 2384 4461 unus
2421 4408 2472 4460 in
2505 4407 2754 4476 Phrygia,
2789 4406 2877 4474 qui
2906 4407 3213 4460 universum
3247 4414 3495 4476 pupulum
3526 4421 3649 4460 cum
3691 4407 3806 4475 ipsc-

570 4470 638 4550 ab
663 4496 828 4550 opere
866 4470 1545 4537 Historiaz'Ecclesiasticm
1578 4490 1857 4550 separatus
1885 4498 1899 4533 :
1945 4470 2006 4532 in
2035 4470 2141 4544 quo
2172 4470 2219 4527 D
2246 4478 2449 4550 pariter
2478 4470 2855 4550 conventiculo
2881 4470 3269 4550 concremavit".
3310 4470 3327 4527 ἱ

572 4549 837 4622 Eusebius
876 4553 1152 4621 passiones
1202 4564 1498 4622 martyrum
1540 4549 1869 4622 Palu-stium,
1908 4564 1970 4603 ac
2003 4564 2140 4622 prie-

574 4622 760 4675 sertim
789 4618 1049 4690 Pamphili
1082 4625 1164 4677 sui
1191 4618 1500 4688 descripsit.
1539 4621 1693 4675 Hune
1717 4620 1910 4673 librum
1943 4618 2144 4672 studio-

574 4691 687 4744 sius
722 4693 938 4759 quidam
975 4693 1101 4748 huic
1121 4705 1314 4748 octavo
1347 4690 1598 4745 Historia:
1623 4690 2002 4743 Εεειεδὶαδιὶεεε
2049 4704 2144 4743 vo-

575 4759 763 4832 lumini
788 4762 1089 4830 subiecerat
1121 4775 1339 4832 propter
1367 4762 1665 4832 argumenti
1698 4762 2139 4832 similitudinem:

575 4843 640 4884 ex
660 4831 814 4897 cujus
854 4829 1040 4888 codice
1066 4829 1246 4888 cmteri
1283 4829 1465 4902 postea
1513 4833 1878 4900 exscriptores
1909 4830 2056 4902 illum
2091 4829 2141 4882 in

578 4914 676 4954 sua
722 4903 1047 4970 exemplaria
1094 4899 1522 4957 transfuderunt.
1570 4899 1732 4955 Certe
1787 4902 1837 4952 in
1893 4899 2143 4970 oumibus

579 4967 961 5042 tnauuscriptis
997 4989 1132 5042 quos
1177 4973 1410 5026 vidimus
1449 4972 1600 5042 libris
1630 4981 1767 5042 post‘
1793 4973 1949 5026 ﬁnem
1990 4967 2144 5032 hujus

576 5043 753 5112 octavi
786 5039 909 5112 lib—ri
960 5039 1246 5112 reperitur,
1301 5044 1442 5096 sicut
1488 5057 1516 5093 a
1569 5041 1702 5096 μοι).
1739 5039 2014 5108 Stephano
2061 5047 2144 5112 est

577 5111 773 5165 editus.
826 5111 962 5164 Male
1021 5108 1190 5182 igitur
1257 5112 1385 5166 fecit
1441 5112 1982 5182 Christophorsouus,
2053 5108 2142 5182 qui

578 5193 701 5234 eum
753 5182 947 5236 librum
979 5179 1168 5236 contra
1207 5183 1362 5235 ﬁdem
1393 5183 1630 5235 onmium
1655 5179 2040 5248 exemplarium
2089 5180 2144 5231 in

577 5261 830 5306 octavum
854 5250 1107 5306 Historia:
1125 5252 1505 5306 Ecclesiastica:
1532 5250 1800 5314 volumen,
1831 5249 1982 5317 quasi
2002 5248 2144 5313 ejus-

579 5321 698 5376 dem
731 5331 940 5391 partem
977 5338 1004 5374 a
1030 5337 1129 5378 suo
1152 5336 1380 5390 corpore
1417 5321 1555 5375 male
1578 5320 1866 5382 divulsattt,
1900 5318 2142 5391 intrusit,

578 5402 636 5446 et
660 5388 953 5447 lectoribus
981 5392 1159 5446 fucum
1205 5388 1354 5446 fecit.
1397 5392 1562 5446 Nemo
1593 5392 1735 5444 enim
1774 5400 1900 5442 ante
1938 5404 2040 5442 nos
2077 5388 2145 5442 de

582 5465 682 5518 hoc
702 5462 1186 5530 Christophorsoni
1227 5460 1468 5517 facinore
1497 5475 1565 5514 ne
1593 5463 1781 5515 leviter
1811 5461 2032 5530 quidem
2054 5475 2146 5530 su-

581 5537 821 5602 spicatus
847 5527 948 5587 est}
984 5533 1165 5603 Longe
1187 5533 1504 5601 prudentius
1533 5527 1840 5594 Musculus,
1875 5529 1964 5597 qui
2003 5527 2141 5585 Rob.

590 5605 850 5673 Stephani
884 5604 1158 5673 exemplar
1187 5612 1424 5668 secutus,
1456 5603 1652 5656 librum
1690 5613 1941 5673 octavum
1986 5607 2146 5665 prout

596 5671 894 5744 repererat,
932 5675 984 5726 in
1011 5672 1257 5726 Latinum
1281 5686 1584 5727 sermonem
1617 5671 2143 5744 convertit;“appen-

587 5737 759 5800 dicem
785 5737 963 5799 autem
991 5754 1156 5800 totam
1185 5744 1552 5813 prteterntisit,
1585 5757 1748 5814 quam
1791 5756 1890 5797 nec
1918 5737 2144 5794 Ruﬁnus

2315 4547 2428 4617 (42)
2457 4545 2754 4615 Λογιστής
2798 4562 2861 4598 τε
2899 4545 3081 4612 αὐτὸς
3121 4547 3216 4600 καὶ
3257 4546 3608 4615 στρατηγός.
3628 4545 3803 4617 ‘Rectc

2244 4615 2471 4672 Ruﬁntts
2527 4628 2824 4669 curatorem
2850 4625 2898 4669 et
2964 4617 3334 4684 magistratum
3381 4619 3563 4668 vertit.
3623 4615 3695 4668 De
3731 4615 3806 4668 lo-

2245 4689 2400 4758 gistis
2444 4702 2539 4740 seu
2589 4687 2929 4758 curatoribus
2955 4687 3257 4758 civitatum,
3313 4688 3431 4740 vide
3458 4687 3806 4758 quaeritotavi

2245 4753 2312 4811 ad
2368 4760 2547 4812 Amm.
2602 4754 2894 4809 Marcellini
2957 4755 3147 4808 librum
3204 4772 3312 4818 κεν,
3375 4753 3494 4824 pag.
3539 4756 3628 4808 56.
3672 4753 3806 4809 llinc

2244 4827 2574 4896 λογιστεύειν
2601 4828 2795 4896 dicitur
2827 4825 3097 4896 curatoris
3123 4824 3298 4880 oﬁicio
3333 4823 3475 4895 fungi
3509 4826 3648 4896 apud
3683 4823 3808 4896 Phi.

2246 4894 2530 4952 lustratum
2578 4897 2630 4950 in
2653 4895 2745 4951 lib.
2773 4909 2789 4948 t
2817 4894 2893 4948 De
2931 4894 3049 4948 Vita
3077 4894 3456 4964 sophistarum,
3492 4897 3582 4948 ubi
3617 4895 3683 4948 de
3717 4895 3808 4948 Ni-

2246 4978 2363 5022 cete
2399 4968 2652 5026 loquitur.
2681 4965 2755 5036 De
2780 4965 3044 5036 Strategis
3081 4980 3216 5034 quos
3244 4966 3420 5036 Latini
3455 4967 3805 5036 magistratus

2244 5039 2530 5100 vocabant,
2584 5035 2750 5089 multa
2787 5035 2914 5089 item
2961 5034 3140 5088 notavi
3188 5037 3253 5088 ad
3307 5035 3499 5088 librum
3559 5034 3803 5086 ultimum

2245 5109 2422 5161 Amm.
2458 5106 2774 5170 Marcellini,
2796 5121 2914 5172 qua:
2936 5119 3095 5158 nemo
3122 5116 3246 5160 ante
3273 5121 3370 5158 nos
3398 5105 3802 5158 observaverat.

2245 5176 2320 5230 De
2369 5181 2450 5233 his
2505 5177 2911 5245 magistratibus
2974 5175 3389 5242 municipalibus
3454 5174 3807 5245 intelligendas

2244 5257 2371 5300 Slllll.
2421 5243 2616 5301 litterae
2655 5256 2894 5308 senatus,
2940 5260 3076 5312 quas
3142 5247 3308 5299 refert
3358 5245 3696 5313 Capitolinus
3753 5243 3807 5297 in

2245 5317 2535 5372 Maximino
2565 5335 2578 5370 :
2617 5333 2636 5367 α
2667 5315 2900 5369 Senatus
2933 5315 3270 5384 populusque
3303 5315 3458 5368 Rom.
3503 5328 3806 5382 proconsu-

2245 5387 2404 5450 libus,
2440 5386 2777 5458 prazsidibus,
2805 5383 3032 5458 legatis;
3061 5385 3310 5458 ducibus,
3341 5385 3598 5458 tribunis,
3640 5383 3806 5458 uiagi~

2247 5452 2527 5521 stratibiis,
2560 5471 2622 5509 ac
2654 5452 2883 5525 singulis
2933 5455 3239 5508 civitatibus
3291 5466 3346 5509 et
3403 5452 3708 5524 municipiis
3753 5460 3806 5506 et

2244 5529 2474 5597 Oppidis,
2499 5536 2559 5597 et
2595 5525 2730 5597 vicis
2753 5536 2806 5578 et
2833 5525 3095 5579 castellis.
3114 5525 3423 5597 salutem._i

2316 5591 2429 5668 (45)
2465 5591 2938 5668 νιιιεη-ᾶδαυχος.
2961 5596 3176 5668 Rectius
3214 5595 3263 5647 iu
3289 5595 3442 5668 codd.
3467 5592 3623 5656 Maz.,
3648 5591 3804 5655 Med,

2245 5668 2379 5722 Fuk.
2413 5665 2474 5722 et
2519 5666 2682 5720 Savil.
2708 5667 2966 5720 scribitur
3006 5665 3320 5729 Ἀδαυκτος.
3358 5665 3654 5719 Adauctnm
3685 5678 3809 5727 qun-

2247 5755 2350 5810 que
2382 5739 2541 5795 habet
2571 5736 2794 5792 Ruﬁnus
2828 5745 2882 5790 et
2916 5735 3208 5792 Cedrcnus.
3260 5735 3386 5805 Ejus
3420 5735 3620 5789 mentio
3668 5733 3721 5786 tit
3754 5738 3804 5783 in
