4114 6406
525 274 642 348 ,775

1237 268 1502 327 EUSEBII
1539 265 2016 325 CAESARIENSIS
2051 261 2202 320 OPP.
2247 261 2422 316 PARS
2461 259 2500 314 1.
2542 289 2609 300 -
2646 255 3036 314 HlSTORlCA.

3670 255 3780 308 77o

524 377 805 463 martyres
853 397 1036 445 autem
1083 387 1406 452 Palaestinae,
1443 386 1696 442 Silvanus
1738 384 1899 441 Gaza:
1947 386 2096 438 urbis

2207 379 2494 440 ἐπίσκοπος
2517 375 2624 430 τῶν
2655 377 2807 446 ἀμφῗ
2824 375 2920 446 τὴν
2954 375 3130 439 Γάζαν
3163 374 3488 445 ἐκκλησιῶν,
3530 374 3674 427 κατὰ
3705 373 3776 426 τὰ

523 474 818 561 ξἐρίεεορυε
853 482 995 550 apud
1028 479 1149 533 acris
1203 478 1418 533 metalla
1451 493 1570 544 quae
1609 487 1738 531 sunt
1778 477 1831 530 in
1876 476 2097 537 szeno.

534 588 656 628 cum
689 572 811 626 aliis
833 569 1334 639 undequadraginta
1367 569 1540 638 capite
1568 575 1850 622 truncatus
1865 575 1968 620 est.
1989 565 2098 620 Sed

533 673 588 719 et
617 664 838 734 quidam
873 661 1114 733 Egyptii
1149 663 1459 715 sacerdotes
1488 659 1681 714 Peleus
1701 675 1764 714 ac
1789 658 1944 714 Nilus
1976 673 2098 712 cum

534 756 740 824 aliquot
769 753 894 808 aliis
923 753 1034 806 illic
1062 751 1296 805 ﬂammis
1329 751 1600 819 absumpti
1630 750 1860 819 periere.
1896 749 2096 805 ﬂorum

535 847 588 900 in
644 860 870 900 numero
909 843 1202 898 maximum
1248 842 1412 897 decus
1448 839 1802 898 Caesariensis
1848 841 2100 897 Ecclesiae

533 934 848 1007 Pamphilus
888 934 1193 1004 presbyter,
1224 947 1254 986 a
1275 934 1432 992 nobis
1451 936 1869 1005 haudquaquam
1886 939 2102 1002 praeter-

535 1031 747 1083 eundus
820 1036 937 1093 est;
989 1027 1073 1082 vir
1121 1026 1362 1082 omnium
1409 1034 1609 1080 nostrae
1649 1024 1826 1079 aetatis
1867 1025 2102 1078 maxime

537 1119 892 1174 admiratione
919 1118 1134 1188 dignus.
1168 1117 1334 1187 Cujus
1379 1117 1598 1186 quidem
1648 1116 2018 1171 fortitudinem
2047 1123 2102 1169 et

537 1211 770 1282 gloriosa
808 1209 1052 1264 facinora
1099 1223 1197 1263 suo
1231 1219 1473 1276 tempore
1508 1211 1890 1278 exposuimus.
1927 1209 2000 1263 Ex
2034 1209 2100 1264 iis

535 1315 700 1368 porro
747 1301 837 1370 qui
886 1299 1231 1354 Alexandria:
1275 1309 1331 1353 et
1377 1315 1474 1363 per
1519 1309 1682 1354 totam
1713 1299 1998 1372 [Egyptum
2037 1314 2103 1354 ac

535 1383 863 1440 Thebaidem
897 1384 1063 1438 nobili
1095 1384 1356 1455 martyrio
1408 1383 1676 1452 perfuncti
1719 1395 1865 1448 sunt,
1898 1385 2102 1454 primus

535 1477 774 1531 omnium
827 1476 1187 1531 nominandus
1240 1486 1322 1531 est
1367 1476 1556 1532 Petrus
1590 1477 1966 1533 Alexandrinae
1997 1477 2100 1533 Ec-

537 1566 718 1621 clesiae
751 1567 1060 1635 episcopus,
1087 1566 1413 1622 Christianae
1447 1568 1727 1638 religionis
1763 1570 1955 1623 doctor
1981 1570 2100 1624 exi«

539 1658 701 1713 mius.
733 1657 801 1711 Et
827 1657 968 1710 inter
991 1655 1108 1724 ejus
1137 1657 1480 1728 presbyteros
1503 1656 1757 1719 Faustus,
1783 1658 1910 1714 Dius
1933 1672 2098 1727 atque

2203 471 2260 522 ὲν
2287 469 2470 520 Φαινοῖ
2491 466 2690 537 χαλκοῦ
2726 466 2959 536 μέταλλα
2988 468 3084 519 σὺν
3103 466 3307 536 ἑτέροις
3335 466 3450 527 ἑνὸς
3481 465 3660 517 δέουσι
3683 465 3780 517 τὸν

2200 559 2430 630 ἀριθμὸν
2481 559 2883 628 τεσσαράκοντα
2936 557 3034 626 τὴν
3095 556 3334 627 κεφαλὴν
3385 557 3780 625 ἀποτέμνεται,

2201 649 2487 719 Αἰγύπτιοί
2518 648 2810 702 τεάὐτόθι
2858 650 3066 719 Πηλεὺς
3113 649 3206 702 καὶ
3257 649 3444 711 Νεῖλος
3488 649 3784 701 ἐπίσκοποι.

2204 742 2322 812 μεθ’
2354 743 2556 813 ἐτέρων
2596 739 2694 812 τὴν
2725 741 2814 794 διὰ
2839 741 3008 811 πυρὸς
3036 740 3332 811 ὑπέμειναν
3355 739 3632 810 τελευτήν.
3669 741 3782 792 Καὶ

2199 821 2260 887 τὸ
2296 834 2440 905 μέγα
2475 834 2531 886 δὲ
2569 832 2720 896 κλέος
2754 835 2851 903 τῆς
2875 833 3199 902 Καισαρέων
3237 833 3522 903 παροικίας
3555 834 3611 884 ὲν
3652 831 3782 884 τού-

2198 944 2310 990 τοις
2338 930 2467 998 ἡμῖν
2499 925 2915 997 μνημονευέσθω
2942 924 3220 995 Πάμφιλος
3247 923 3636 995 πρεσῦύτερος,
3664 925 3775 976 τῶν

2199 1018 2322 1072 καθ’
2355 1020 2502 1089 ἡμᾶς
2536 1017 3000 1088 θαυμασιώτατος,
3031 1009 3093 1069 οὗ
3129 1015 3237 1067 τῶν
3271 1015 3782 1086 ἀνδραγαθημάτων

2198 1110 2296 1181 τὴν
2322 1109 2519 1182 ἀρετὴν
2541 1109 2683 1163 κατὰ
2702 1109 2792 1162 τὸν
2811 1109 2998 1162 δέοντα
3019 1106 3211 1178 καιρὸν
3235 1107 3623 1177 ἀνεγράψαμεν
3643 1105 3778 1175 (57).

2199 1200 2320 1254 Τῶν
2345 1201 2391 1253 δ’
2421 1201 2508 1253 ἐπ’
2555 1198 2957 1270 Ἀλεξανδρείας
2987 1198 3106 1252 καθ’
3134 1198 3262 1268 ὅλης
3287 1215 3347 1250 τε
3379 1196 3657 1264 Αἰγύπτου
3685 1197 3783 1249 καὶ

2199 1291 2461 1361 Θηϐαΐδος
2500 1291 2812 1362 διαπρεπῶς
2857 1289 3273 1350 τελειωθέντων,
3309 1288 3525 1359 πρῶτος
3573 1287 3781 1359 Πέτρος

2199 1384 2370 1454 αὐτῆς
2408 1383 2812 1455 Ἀλεξανδρείας
2844 1382 3160 1445 ἐπίσκοπος,
3196 1380 3335 1434 θεῖόν
3380 1397 3433 1432 τι
3471 1379 3662 1451 χρῆμα
3704 1379 3785 1432 διο

2198 1473 2479 1527 δασκὰλων
2507 1476 2606 1544 τῆς
2639 1475 2694 1526 ὲν
2726 1471 2946 1544 Χριστῷ
2983 1470 3308 1536 θεοσεϐείας,
3343 1468 3780 1540 ἀναγεγράφθωο

2199 1562 2293 1616 καὶ
2348 1561 2457 1616 τῶν
2529 1563 2627 1615 σὺν
2691 1561 2840 1632 αὐτῷ
2899 1559 3319 1632 πρεσϐυτέρων,
3378 1557 3620 1621 Φαῦστος
3689 1559 3782 1612 καὶ

2199 1651 2324 1718 Δῖος
2356 1655 2467 1726 (58)
2495 1655 2588 1709 καὶ
2626 1651 2954 1725 Ἀμμώνιος,
2986 1652 3181 1706 τέλειοι
3211 1651 3447 1724 Χριστοῦ
3482 1649 3777 1721 μάρτυρες·

535 1747 854 1802 Ammonius
871 1721 1102 1816 perfecti
1137 1721 1402 1818 martyres
1423 1748 1650 1803 Christi.
1675 1749 1948 1806 Praeterea
1968 1721 2101 1804 Phi:

2207 1721 2396 1809 Φιλέας
2426 1721 2484 1800 τε
2514 1747 2609 1800 καὶ
2643 1721 2894 1818 Ἱίσυχιος
2922 1747 3017 1798 καὶ
3053 1721 3333 1815 Παχύμιος
3362 1743 3454 1796 καὶ
3483 1740 3782 1809 Θεόδωρος,

537 1838 650 1893 leas
684 1847 737 1893 et
765 1837 1084 1906 Hesychius,
1114 1837 1442 1892 Pachumius
1483 1854 1544 1892 ac
1569 1837 2100 1910 Theodorus,diver-

536 1945 718 1985 sarum
760 1931 812 1984 in
843 1929 1079 2000 Egypto
1122 1929 1487 1984 Ecclesiarum
1531 1931 1816 2001 cpiscopi.-
1847 1933 2101 1988 Sexcenti

536 2021 770 2090 denique
812 2021 900 2075 alii
945 2020 1167 2075 minime
1207 2021 1447 2086 obscuri,
1473 2022 1563 2090 qui
1600 2037 1694 2092 per
1733 2023 2002 2078 Ecclesias
2049 2025 2102 2079 in

537 2113 642 2168 illis
681 2112 814 2167 locis
840 2128 903 2167 ac
929 2111 1238 2180 regionibus
1267 2115 1614 2179 constitutas,
1648 2113 1833 2169 multis
1856 2114 2102 2171 laudibus

538 2204 906 2258 celebrantur.
943 2203 1184 2268 Quorum
1216 2203 1458 2256 omnium
1511 2219 1609 2272 pro
1658 2219 1786 2260 vero
1822 2206 1916 2260 Dei
1957 2207 2102 2262 cultu

540 2303 652 2351 toto
682 2297 814 2350 orbe
840 2295 1084 2350 confecta
1113 2295 1435 2361 certamina,
1455 2306 1508 2349 et
1539 2310 1657 2364 quae
1673 2297 1897 2366 singulis
1919 2311 2104 2352 eorum

539 2384 876 2450 acciderunt,
901 2384 1082 2438 omnia
1111 2393 1368 2438 accurate
1403 2377 1854 2448 commemorare,
1893 2401 1997 2440 non
2022 2397 2107 2442 est

537 2473 694 2529 officii
720 2475 922 2542 nostri;
956 2475 1050 2528 sed
1077 2489 1263 2530 eorum
1290 2475 1470 2543 potius
1499 2476 1591 2544 qui
1621 2491 1707 2531 res
1731 2486 1912 2547 gestas
1933 2479 2106 2534 oculis

538 2566 651 2620 suis
677 2564 1022 2634 contemplati
1049 2573 1196 2620 sunt.
1221 2564 1330 2620 Nos
1353 2581 1482 2621 vero
1511 2581 1570 2620 ea
1594 2566 1790 2636 quibus
1815 2568 1913 2637 ipsi
1941 2570 2107 2624 inter-

537 2654 757 2718 fuimus,
789 2655 894 2709 alio
925 2655 979 2709 in
1006 2669 1169 2725 opere
1209 2666 1553 2725 posterorum
1597 2656 1799 2712 uctitia:
1827 2673 2106 2714 commen-

538 2748 804 2802 dabimus.
830 2747 885 2801 ln
911 2749 1160 2816 praesenti
1192 2759 1369 2804 autem
1401 2750 1540 2805 libro
1561 2752 1891 2820 palinodiam
1919 2767 2105 2808 eorum

539 2851 659 2906 qua:
696 2848 886 2891 contra
919 2853 1016 2891 nos
1046 2847 1196 2908 gesta
1233 2848 1378 2905 sunt,
1405 2848 1460 2894 et
1492 2854 1554 2893 ea
1587 2856 1705 2909 quae
1747 2841 1798 2894 in
1831 2842 1948 2911 ipso
1988 2856 2109 2909 per-

539 2928 829 2982 secutionis
853 2929 1076 2984 exordio
1107 2929 1491 2997 contigerunt,
1533 2929 1866 2999 supradictis
1912 2929 2108 3001 adjun-

539 3033 694 3089 gam:
729 3019 925 3089 quippe
949 3034 1067 3088 qua:
1093 3020 1387 3074 maximam
1415 3019 1708 3076 utilitatem
1743 3021 1975 3075 allatura
2000 3022 2107 3077 sint

540 3111 851 3166 lectoribus.
883 3109 1055 3178 Igitur
1093 3122 1384 3182 antequam
1421 3112 1620 3168 bellum
1650 3113 1804 3170 nobis
1841 3115 2103 3168 indictum

540 3211 706 3266 esset,
757 3202 995 3269 quandiu
1073 3203 1428 3272 imperatores
1477 3203 1685 3272 placido
1732 3219 1795 3259 ac
1845 3204 2104 3262 benevolo

541 3307 667 3359 erga
716 3305 814 3346 nos
865 3293 1046 3346 animo
1092 3291 1330 3360 fuerunt,
1383 3303 1587 3363 quanta
1640 3294 1792 3363 copia
1861 3295 2103 3349 omnium

541 3381 807 3437 bonorum
848 3392 1160 3452 quantaque
1223 3383 1486 3439 felicitate
1526 3385 1884 3440 abundaverit
1936 3386 2108 3456 impe-

543 3573 782 3620 extrema
812 3570 975 3622 verba
1003 3566 1314 3621 referuntur
1351 3566 1404 3620 in
1438 3566 1701 3623 Chronico
1749 3568 2108 3624 Alexandrino

544 3638 610 3686 ad
638 3652 838 3708 annum
873 3641 1106 3708 primum
1155 3638 1584 3708 persecutionis:
1614 3635 1936 3703 Ἀσπάζεται
1964 3640 2110 3708 ὑμᾶς

544 3705 700 3779 χορός
733 3705 1350 3779 δεπαςὸμοῦμαρτύρων
1421 3708 1836 3779 εὐαγγελίζομαι
1865 3710 1921 3762 δὲ
1945 3705 2106 3779 ὑμᾶς,

543 3775 618 3897 tibi;
645 3776 906 3897 ςὲνθιμος
929 3775 956 3830 ό
989 3775 1175 3842 eam;
1207 3775 1282 3849 τῷ
1309 3777 1401 3829 τοῦ
1444 3775 1752 3851 μαρτυρίου
1773 3780 1955 3851 δρόμῳ
1982 3775 2107 3831 ⁷ἐτε-

577 3861 670 3896 ειω
708 3864 762 3897 η.

577 3861 598 3896 Ξ
610 3861 762 3900 ιωυη.

617 3864 942 3984 ίιὲῧῗ’Κατὰ
994 3915 1103 3988 τὸν
1148 3915 1383 3988 δέοντα,
1407 3915 1614 3988 καιρὸν
1666 3917 2104 3988 daremdii-aper.

546 3984 601 4039 In
632 3987 768 4041 libro
805 3987 1008 4041 Scilicet
1047 3987 1120 4040 De
1143 3987 1461 4056 martyribus
1496 3984 1822 4052 l’alwstime,
1856 3984 1946 4056 qui
1971 3984 2110 4044 'ltuic

545 4055 912 4130 octavolibro
945 4055 1366 4130 subjectus_est._
1392 4057 1473 4130 Δ1η
1507 4073 1572 4112 eo
1611 4059 1754 4130 enim
1788 4055 2109 4130 martyrium

548 4123 812 4192 Pamphili
846 4124 963 4180 fuse
991 4123 1179 4179 narrat
1211 4125 1493 4188 Eusebius.
1548 4136 1608 4180 ut
1638 4127 1746 4181 illic
1798 4123 1981 4182 videre
2007 4137 2108 4181 est.

548 4192 817 4267 Borro_ex
847 4195 948 4267 ltoe
977 4196 1094 4250 loco
1123 4203 1363 4267 apparet,
1402 4195 1781 4267 librum_illum
1814 4197 1879 4251 de
1911 4208 2114 4267 marty-

550 4263 700 4318 ribus
729 4263 1026 4319 Pala’stina:
1072 4263 1206 4330 post
1247 4263 1540 4317 Historiam
1577 4265 2023 4328 Ecclesiusticam,
2052 4263 2114 4321 et

548 4341 671 4404 post
712 4333 879 4404 libros
912 4333 985 4386 De
1026 4333 1143 4388 Vita
1175 4333 1445 4404 Pamphili
1479 4338 1733 4404 martyris
1781 4337 1848 4389 ab
1874 4337 2110 4390 Eusebio

2200 1836 2308 1891 τῶν
2337 1838 2479 1908 ἀμφὶ
2519 1838 2617 1908 τὴν
2662 1838 2936 1906 Αἴγυπτον
2986 1837 3292 1908 ἐκκλησιῶν
3329 1836 3647 1898 ἐπίσκοποι,
3683 1852 3785 1904 μυο

2205 1929 2308 2000 ρίοι
2335 1946 2395 1981 τε
2423 1929 2516 1982 ἐπὶ
2543 1926 2752 1992 τούτοις
2777 1928 2925 1983 ἄλλοι
2951 1928 3248 1996 διαφανεῖς,
3269 1926 3318 1980 οἳ
3345 1925 3483 1998 πρὸς
3509 1926 3616 1978 τῶν
3638 1927 3784 1979 κατὰ

2210 2021 2394 2092 χώραν
2427 2021 2522 2074 καὶ
2551 2021 2713 2074 τόπον
2744 2020 3042 2092 παροικιῶν
3084 2025 3509 2092 μνημονεύονται
3527 2034 3542 2048 ο
3572 2009 3650 2072 ὧν
3679 2017 3786 2071 ἀνὰ

2200 2115 2298 2185 τὴν
2338 2116 2516 2168 πᾶσαν
2547 2113 2874 2184 οἰκουμένην
2914 2114 3054 2185 ὑπὲρ
3090 2113 3190 2182 τῆς
3219 2113 3298 2176 εἰς
3336 2111 3397 2166 τὸ
3430 2111 3584 2164 Θεῖον
3622 2111 3783 2162 εὐσε-

2203 2203 2354 2266 ϐείας
2379 2202 2766 2274 ἠγωνισμένων
2798 2204 2982 2274 γραφῇ
3020 2199 3370 2272 παραδιδόναι
3410 2200 3538 2262 τοὺς
3560 2198 3782 2263 ἄθλους,

2204 2297 2288 2349 ἐπ’
2319 2295 2544 2366 ἀκριϐές
2576 2312 2636 2346 τε
2681 2295 2888 2347 ἕκαστα
2929 2293 3040 2346 τῶν
3087 2291 3216 2365 περὶ
3259 2292 3454 2356 αὐτοὺς
3499 2290 3783 2360 συμϐεὖηο

2204 2387 2376 2441 κότων
2416 2388 2671 2457 ἱστορεῖν,
2698 2386 2797 2456 οὐχ
2832 2384 3117 2458 ἡμέτερον,
3143 2383 3252 2436 τῶν
3287 2383 3330 2436 δ’
3364 2381 3484 2452 ὄψει
3526 2382 3595 2434 τὰ
3642 2382 3786 2452 πρα-

2204 2494 2390 2549 γματα
2429 2477 2842 2549 παρειληφότων
2883 2477 3013 2530 ἴδιον
3048 2475 3113 2528 ἂν
3157 2474 3385 2542 γένοιτο.
3427 2469 3522 2537 Οἷς
3565 2490 3630 2542 γε
3673 2475 3786 2545 μὴν

2204 2567 2367 2632 αὐτὸς
2423 2568 2843 2641 παρεγενόμην,
2898 2567 3120 2628 τούτους
3172 2566 3266 2618 καί
3322 2568 3433 2628 τοῖς
3477 2563 3598 2634 μεθ’
3636 2566 3785 2636 ἡμᾶς

2205 2658 2514 2732 γνωρίμους
2556 2659 2623 2712 δι’
2663 2659 2853 2728 ἐτέρας
2885 2658 3178 2729 ποιήσομαι
3205 2658 3418 2728 γραφῆς
3456 2656 3584 2728 (59).
3624 2656 3786 2709 Κατέ

2206 2768 2270 2821 γε
2305 2752 2411 2823 μὴν
2441 2751 2536 2805 τὸν
2564 2751 2807 2823 παρόντα
2838 2750 2994 2819 λόγον
3028 2750 3126 2822 τὴν
3156 2749 3482 2819 παλινῳδίαν
3511 2748 3619 2800 τῶν
3654 2749 3785 2820 περὶ

2205 2845 2354 2916 ἡμᾶς
2384 2846 2765 2918 εἰργασμένων
2789 2849 2900 2908 τοῖς
2920 2844 3232 2915 εἰρημένοις
3262 2844 3599 2913 ἐπισυνάψαι,
3629 2844 3699 2896 τά
3723 2860 3785 2896 τε

2207 2935 2268 3002 ἐξ
2309 2937 2484 3007 ἀρχῆς
2524 2935 2620 2989 τοῦ
2666 2936 2905 3007 διωγμοῦ
2943 2936 3344 3006 συμϐεϐηκότα,
3387 2935 3787 3006 χρησιμώτατα

2207 3029 2538 3098 τυγχάνοντα
2581 3031 2692 3092 τοῖς
2726 3027 3147 3099 ἐντευξομένοις.
3179 3027 3259 3081 Τὰ
3293 3029 3390 3099 μὲν
3419 3025 3511 3081 οὖν
3551 3029 3658 3102 πρὸ
3688 3028 3784 3081 τοῦ

2207 3117 2327 3170 καθ’
2365 3118 2519 3189 ἡμῶν
2561 3117 2796 3188 πολέμου
2852 3119 2948 3189 τῆς
3007 3117 3290 3188 Ῥωμαίων
3348 3118 3676 3190 ἡγεμονίας,
3726 3121 3786 3172 ὲν

2207 3210 2352 3273 ὅσοις
2379 3209 2440 3280 δὴ
2471 3209 2683 3280 χρόνοις
2715 3211 2782 3264 τὰ
2806 3211 2914 3264 τῶν
2949 3211 3223 3281 ἀρχόντων
3270 3209 3423 3279 φίλιά.
3460 3228 3520 3263 τε
3553 3213 3684 3280 ἡμῖν
3717 3203 3786 3280 ἦν

2210 3301 2302 3354 καὶ
2330 3302 2600 3372 εἰρηναῖα,
2643 3301 2848 3372 ὁπόσης
2892 3301 3113 3370 ἀγαθῶν
3161 3303 3420 3375 εὐπορίας
3465 3303 3559 3356 καὶ
3590 3303 3785 3373 εὐετη-

2213 3390 2332 3464 ρίας
2383 3390 2492 3463 (60)
2533 3391 2752 3462 ἠξίωτο,
2801 3391 2884 3456 τίς
2928 3391 2992 3444 ἂν
3041 3391 3349 3464 ἐξαρκέσειε
3385 3393 3541 3462 λόγος
3589 3393 3778 3467 διηγή-

2219 3569 2452 3624 resecuit
2482 3575 2660 3639 atque
2687 3571 2908 3625 intrusit
2936 3579 3124 3625 contra
3162 3571 3319 3626 fidem
3353 3572 3593 3627 omnium
3630 3574 3782 3627 codio

2215 3655 2361 3712 cum.
2399 3640 2542 3712 Vidit
2584 3643 2684 3696 hoc
2728 3649 2852 3712 ante
2890 3656 2989 3695 nos
3022 3641 3326 3704 Turnebus,
3353 3642 3522 3712 quiin
3557 3659 3658 3697 suo
3685 3661 3781 3697 co-

2215 3710 2335 3763 dice
2359 3710 2424 3762 ad
2451 3710 2563 3764 inec
2592 3712 2752 3765 verba
2779 3709 3026 3764 Graecum
3060 3727 3156 3764 nos
3187 3709 3450 3765 scholium
3477 3713 3783 3776 adscripse-

2215 3787 2299 3832 rat
2327 3795 2342 3858 ξ
2375 3779 2676 3858 σημείωσον
2701 3781 2789 3858 δτι
2816 3779 3020 3850 ταύτην
3052 3779 3194 3851 ἔχεις
3227 3781 3324 3852 τὴν
3370 3782 3587 3853 γραφὴν
3618 3781 3784 3846 εὐθὺς

2217 3848 2367 3920 μετα
2381 3848 2536 3920 τοῦτο
2555 3850 2615 3902 τὸ
2639 3850 2860 3920 βιϐλίον.

2287 3919 2398 3988 (60)
2442 3917 2703 3989 Ὀπόσὴς
2727 3917 2960 3989 ἀγαθῶν
3005 3920 3286 3987 εὐπορίας
3311 3920 3406 3972 καὶ
3448 3922 3779 3988 εὐετηρίας.

2213 3989 2424 4054 Quanta
2469 3988 2632 4043 fuerit
2672 3988 2902 4044 felicitas
2932 3990 2981 4042 in
3004 3990 3135 4044 orbe
3162 3993 3404 4043 llomauo
3439 3991 3780 4046 Diocletiano

2207 4069 2262 4112 et
2295 4057 2623 4113 Maximiano
2657 4059 3044 4125 regnantibus,
3077 4067 3307 4113 testatur
3341 4059 3694 4115 Mamertinus
3723 4064 3776 4116 in

2209 4125 2540 4181 Genet/iliaca
2575 4129 2676 4183 sub
2721 4131 2905 4198 linem,
2952 4129 3040 4182 ubi
3068 4125 3453 4182 Maximianum
3483 4130 3777 4198 alloquitur

2209 4197 2294 4251 bis
2342 4198 2520 4250 verbis
2568 4213 2584 4252 :
2638 4215 2658 4248 ι
2718 4196 3324 4267 Revera,sacratissime
3392 4201 3499 4266 itnp
3535 4196 3779 4266 ,scimus

2211 4281 2422 4329 omnes,
2450 4278 2739 4334 antequam
2788 4281 2883 4320 vos
2915 4266 3142 4320 salutem
3175 4268 3479 4335 reipublicae
3515 4273 3773 4323 reddere-

2215 4338 2302 4396 tis,
2343 4346 2544 4404 quanta
2597 4337 2806 4405 frugum
2839 4337 3039 4403 inopia,
3073 4345 3271 4405 quanta
3312 4337 3560 4391 funerum
3623 4343 3775 4404 copia

548 4403 807 4468 scriptum
835 4402 1023 4458 fuisse.
1065 4405 1132 4457 At
1157 4402 1682 4474 Christopltorsonus
1723 4406 1813 4474 qui
1849 4415 1973 4460 ante
2005 4408 2107 4461 hoc
2135 4405 2186 4464 D
2213 4405 2336 4471 fuit,
2362 4402 2510 4458 fame
2537 4402 2738 4471 passim
2771 4402 3499 4474 morbisquegrassantibus.
3545 4405 3610 4460 Ut
3647 4402 3777 4460 vero

547 4480 709 4543 caput
741 4481 904 4543 totam
941 4474 1292 4543 appendicem
1317 4473 1428 4542 jam
1473 4473 1851 4541 descripserat,
1886 4486 2108 4529 coactus

547 4551 630 4594 est
663 4541 776 4595 haec
833 4541 1048 4597 Eusebii
1080 4543 1239 4596 verba
1272 4541 1541 4604 resecare,
1593 4559 1660 4597 ne
1709 4544 1972 4598 Eusebius
2023 4545 2107 4598 sui

549 4609 716 4679 ipsius
749 4611 947 4666 oblitus
977 4614 1265 4667 videretur.
1293 4610 1408 4666 Non
1441 4613 1788 4667 dissimulabo
1826 4625 2026 4676 tamen,
2054 4615 2107 4667 in

549 4681 778 4752 scriptis
804 4683 1079 4737 codicibus
1110 4681 1271 4744 Maz.,
1301 4681 1463 4746 Med.,
1497 4679 1631 4737 Fuk'.
1667 4694 1720 4737 et
1755 4683 1963 4745 Savilii,
2008 4684 2108 4752 legi

549 4750 954 4822 ἀνεγράψαμεν.
989 4752 1119 4818 Quae
1147 4753 1190 4806 si
1221 4768 1344 4822 vera
1387 4763 1468 4807 est
1498 4756 1676 4816 lectio,
1727 4753 1975 4821 intelligit
2000 4750 2108 4806 Eu-

549 4820 730 4892 sebius
762 4820 928 4876 lib—ros
970 4823 1046 4876 De
1093 4823 1196 4876 vita
1227 4820 1491 4892 Raritpltili
1521 4824 1785 4892 martyris.
1830 4820 1936 4876 uos
1964 4826 2108 4877 enim

550 4889 717 4944 libros
743 4893 1035 4960 scripserat
1064 4903 1188 4945 ante
1241 4889 1537 4946 Historiam
1569 4889 2022 4958 Ecclesiasticam,
2051 4902 2111 4946 ut

543 4960 652 5029 jam
685 4972 836 5014 antea
867 4963 1292 5015 observavimus.
1449 4974 1455 4981 '

620 5027 733 5101 (58)
759 5032 868 5085 Καὶ
917 5031 1069 5096 Δῖος.
1106 5033 1199 5085 Sic
1223 5031 1380 5085 codd.
1440 5030 1574 5084 Maz.
1629 5040 1682 5085 et
1711 5030 1850 5085 Med.
1884 5029 2111 5087 Rufinus

549 5113 761 5170 quoque
787 5102 951 5170 Dium
976 5111 1162 5163 vocat;
1197 5102 1365 5170 vulg.,
1395 5101 1583 5164 Δίδιος.

619 5169 730 5242 (59)
749 5172 836 5242 Δι’
861 5168 1396 5242 ἐτέραςποιήσομαι
1423 5169 1673 5242 γραφῆς.
1700 5170 1953 5242 lnlelligit
1981 5185 2110 5239 pro-

551 5241 638 5294 cul
673 5241 835 5294 dubio
860 5241 1053 5295 librum
1097 5241 1173 5294 De
1206 5243 1521 5311 martyribus
1549 5241 1897 5295 Palwstinwf
1927 5241 2110 5308 Neque

550 5311 694 5380 enim
741 5311 903 5364 alium
952 5311 1145 5365 librum
1193 5311 1436 5366 invenire
1485 5314 1607 5380 quis
1662 5313 1852 5378 possit,
1897 5313 1949 5364 in
1999 5324 2109 5380 quo

551 5379 816 5436 Eusebius
847 5389 1141 5450 martyrum
1183 5395 1384 5448 agones
1407 5380 1478 5434 ab
1505 5379 1571 5435 se
1597 5381 1740 5434 visos
1777 5379 2112 5435 commemo-

551 5452 774 5521 raverit,
822 5465 996 5521 quam;
1034 5451 1177 5505 hunc
1223 5467 1383 5519 quem
1434 5452 1564 5505 dixi.
1613 5450 1692 5503 Ex
1744 5466 1853 5520 quo
1893 5453 2112 5520 insuper

554 5518 1351 5589 refellitur'CltristOphorSOui
1400 5522 1702 5583 sententia,
1761 5518 1862 5587 qui
1915 5518 2112 5574 librum

553 5589 701 5662 illum
729 5594 795 5644 de
824 5591 1152 5662 martyribus
1183 5590 1478 5645 Palaastinat
1527 5593 1735 5658 putavit
1757 5601 1960 5659 partem
1990 5606 2114 5645 esse

551 5657 906 5738 Ιὶὺηοοιίινὶς
935 5657 990 5717 et
1013 5659 1106 5731 qui
1127 5669 1249 5731 post
1277 5663 1390 5717 lucc
1414 5657 1574 5717 verba
1602 5676 1718 5731 qua:
1743 5657 1915 5731 posui,
1944 5662 2112 5717 multa

2211 4475 2384 4528 lucem
2413 4476 2660 4542 gentibus
2686 4474 2981 4538 extulistis,
3028 4476 3230 4528 eximie
3259 4476 3523 4530 salutares
3550 4477 3777 4544 spiritus

2202 4545 2404 4613 jugiter
2434 4555 2657 4598 manant
2689 4562 2702 4598 :
2730 4545 2908 4597 nullus
2940 4557 3069 4612 ager
3094 4544 3232 4598 fallit
3259 4546 3574 4613 agricolam,
3615 4563 3632 4595 ι
3667 4557 3772 4599 etc.

2207 4613 2324 4668 Jam
2359 4630 2486 4668 vero
2518 4617 2658 4682 quod
2687 4616 2752 4668 ad
2798 4614 2937 4667 bella
2979 4624 3209 4680 speetal,
3231 4631 3505 4682 nunquam
3565 4615 3778 4671 felicius

2209 4685 2468 4736 adversus
2497 4683 2763 4737 Barbaros
2792 4682 3020 4736 Romani
3057 4694 3384 4752 pugnarunt.
3413 4683 3548 4737 (Ξαξεὶ
3580 4685 3778 4751 ubique

2211 4753 2458 4815 Barbari,
2500 4765 2553 4806 et
2597 4754 2804 4820 imperii
2840 4753 3065 4807 Romani
3098 4753 3297 4808 limites
3324 4755 3571 4821 promoti.
3609 4752 3778 4822 Lega-

2212 4839 2330 4874 mus
2384 4837 2570 4877 eorum
2608 4833 2908 4892 temporum
2954 4823 3228 4876 historias.
3277 4823 3614 4875 inveniemus
3654 4840 3778 4889 pro-

2210 4891 2352 4946 fecto
2383 4893 2432 4945 id
2461 4895 2603 4961 quod
2634 4891 2768 4953 dixi,
2797 4907 3068 4960 nunquam
3099 4893 3153 4945 in
3186 4891 3408 4947 meliore
3438 4903 3582 4945 Statu
3611 4893 3777 4947 fuisse

2211 4977 2324 5016 rem
2350 4961 2677 5026 Romanam;
2707 4978 2828 5015 cum
2851 4972 3082 5029 quatuor
3111 4962 3404 5030 principes,
3432 4963 3536 5015 duo
3563 4964 3778 5016 scilicet

2210 5032 2431 5100 Augusti
2468 5048 2530 5086 ac
2561 5032 2784 5085 totidem
2815 5031 3075 5093 Caesares,
3129 5047 3371 5085 seorsum
3418 5032 3610 5100 singuli
3646 5032 3775 5084 Bar-

2212 5103 2374 5154 baros
2402 5102 3014 5171 propulsarent.__Adeo
3038 5110 3096 5154 ut
3144 5103 3482 5154 verissimum
3531 5102 3602 5152 sit
3633 5103 3773 5168 quod

2211 5172 2286 5223 ait
2315 5168 2670 5225 Mamertinus
2696 5171 2748 5224 in
2798 5168 3133 5223 Genet/iliaca
3164 5186 3184 5225 :
3224 5189 3244 5222 ι
3280 5171 3435 5224 Mitto
3467 5171 3630 5223 etiam
3663 5174 3777 5224 dies

2213 5239 2379 5296 festos
2407 5241 2649 5295 victoriis
2692 5241 3087 5310 triumphisque
3129 5240 3450 5295 celebratos.
3508 5258 3528 5290 ι
3573 5245 3776 5294 Auctor

2212 5313 2522 5380 panegyrici
2551 5312 2680 5364 dicti
2711 5310 3032 5365 Maximiano
3088 5319 3142 5363 et
3174 5313 3566 5364 Constantino:
3607 5331 3624 5360 ι
3672 5311 3772 5363 Sed

2213 5381 2455 5448 profecto
2481 5383 2660 5450 exegit
2699 5383 2799 5434 hoc
2851 5382 2963 5448 ipsa
3011 5382 3244 5434 varietas
3271 5389 3327 5434 et
3359 5392 3553 5432 natura
3605 5383 3776 5434 tortu-

2214 5465 2314 5512 nae,
2347 5452 2430 5504 cui
2466 5453 2598 5504 nihil
2639 5461 2846 5504 mutare
2878 5452 3103 5503 licuerat
3136 5451 3262 5502 dum
3301 5451 3584 5516 imperium
3633 5460 3776 5504 tene-

2213 5522 2380 5582 retis;
2427 5530 2482 5573 ut
2534 5521 2623 5574 illa
2673 5519 2864 5589 viginti
2910 5535 3174 5572 annorum
3228 5522 3486 5573 continua
3547 5521 3777 5572 felicitas

2216 5590 2499 5644 intervallo
2547 5592 2725 5659 aliquo
2773 5590 3220 5657 distingueretur.
3257 5607 3276 5639 ι
3334 5589 3503 5643 Porro
3559 5589 3775 5642 tametsi

2215 5659 2580 5716 Diocletianus
2606 5671 2658 5716 et
2690 5659 3048 5715 Maximianus
3089 5669 3168 5716 tot
3209 5659 3467 5716 viatorias
3498 5659 3560 5714 de
3586 5659 3782 5714 Barba-
