  <div class='ocr_page' id='page_1' title='image "/cluster/home/n/w/nwhite01/storage/ocr_20150623/20/hvd.32044073501181/404.png"; bbox 0 0 4114 6406; ppageno 0'>
   <div class='ocr_carea' id='block_1_1' title="bbox 357 335 2648 411">
    <p class='ocr_par' dir='ltr' id='par_1_1' title="bbox 357 335 2648 411">
     <span class='ocr_line' id='line_1_1' title="bbox 357 335 2648 411; baseline 0.006 -15"><span class='ocrx_word' id='word_1_1' title='bbox 357 345 458 396; x_wconf 76' lang='lat'><strong>73:</strong></span> <span class='ocrx_word' id='word_1_2' title='bbox 1349 335 1698 403; x_wconf 70' lang='lat' dir='ltr'><strong>&#39;IIIsronua</strong></span> <span class='ocrx_word' id='word_1_3' title='bbox 1737 337 2300 408; x_wconf 64' lang='lat' dir='ltr'><strong>ECCLESIAST&#39;ICAS</strong></span> <span class='ocrx_word' id='word_1_4' title='bbox 2342 354 2469 408; x_wconf 87' lang='lat' dir='ltr'><strong>LIB.</strong></span> <span class='ocrx_word' id='word_1_5' title='bbox 2514 349 2648 411; x_wconf 86' lang='lat' dir='ltr'><strong>vnI.</strong></span> 
     </span>
    </p>
   </div>
   <div class='ocr_carea' id='block_1_2' title="bbox 357 453 1912 544">
    <p class='ocr_par' dir='ltr' id='par_1_2' title="bbox 357 453 1912 544">
     <span class='ocr_line' id='line_1_2' title="bbox 357 453 1912 544; baseline 0.007 -40"><span class='ocrx_word' id='word_1_6' title='bbox 357 471 452 504; x_wconf 84' lang='grc' dir='ltr'><strong>του</strong></span> <span class='ocrx_word' id='word_1_7' title='bbox 617 455 715 518; x_wconf 75' lang='grc' dir='ltr'>τὰς</span> <span class='ocrx_word' id='word_1_8' title='bbox 754 457 846 509; x_wconf 77' lang='grc' dir='ltr'>ἐπὶ</span> <span class='ocrx_word' id='word_1_9' title='bbox 871 460 1001 530; x_wconf 82' lang='grc' dir='ltr'>τιμῇ</span> <span class='ocrx_word' id='word_1_10' title='bbox 1031 458 1268 531; x_wconf 81' lang='grc' dir='ltr'>γραφὰς,</span> <span class='ocrx_word' id='word_1_11' title='bbox 1293 461 1613 532; x_wconf 77' lang='grc' dir='ltr'><strong>ἀνδριάντας</strong></span> <span class='ocrx_word' id='word_1_12' title='bbox 1636 480 1693 514; x_wconf 91' lang='grc' dir='ltr'><strong>τε</strong></span> <span class='ocrx_word' id='word_1_13' title='bbox 1721 463 1813 514; x_wconf 76' lang='grc' dir='ltr'>καὶ</span> <span class='ocrx_word' id='word_1_14' title='bbox 1849 463 1912 514; x_wconf 79' lang='grc' dir='ltr'><strong>ὅσ</strong></span> 
     </span>
    </p>
   </div>
   <div class='ocr_carea' id='block_1_3' title="bbox 2014 453 3628 544">
    <p class='ocr_par' dir='ltr' id='par_1_3' title="bbox 2014 466 3628 544">
     <span class='ocr_line' id='line_1_3' title="bbox 2014 466 3628 544; baseline 0.007 -28"><span class='ocrx_word' id='word_1_15' title='bbox 2014 504 2025 528; x_wconf 46' lang='grc' dir='ltr'><strong>γ</strong></span> <span class='ocrx_word' id='word_1_16' title='bbox 2056 466 2395 521; x_wconf 88' lang='lat' dir='ltr'><strong>renuntiatus</strong></span> <span class='ocrx_word' id='word_1_17' title='bbox 2427 478 2528 522; x_wconf 81' lang='lat' dir='ltr'><strong>est.</strong></span> <span class='ocrx_word' id='word_1_18' title='bbox 2562 467 2673 522; x_wconf 86' lang='lat' dir='ltr'><strong>Sub</strong></span> <span class='ocrx_word' id='word_1_19' title='bbox 2711 467 2760 522; x_wconf 89' lang='lat' dir='ltr'><strong>id</strong></span> <span class='ocrx_word' id='word_1_20' title='bbox 2810 477 3018 540; x_wconf 92' lang='lat' dir='ltr'><strong>tempus</strong></span> <span class='ocrx_word' id='word_1_21' title='bbox 3069 472 3426 530; x_wconf 73' lang='lat' dir='ltr'><strong>Maximianus</strong></span> <span class='ocrx_word' id='word_1_22' title='bbox 3469 492 3628 544; x_wconf 86' lang='lat' dir='ltr'><strong>quem</strong></span> 
     </span>
    </p>
   </div>
   <div class='ocr_carea' id='block_1_4' title="bbox 354 543 1912 636">
    <p class='ocr_par' dir='ltr' id='par_1_4' title="bbox 354 543 1912 622">
     <span class='ocr_line' id='line_1_4' title="bbox 354 543 1912 622; baseline 0.008 -29"><span class='ocrx_word' id='word_1_23' title='bbox 354 543 584 597; x_wconf 74' lang='grc' dir='ltr'>τοιαῦτα</span> <span class='ocrx_word' id='word_1_24' title='bbox 629 548 715 598; x_wconf 79' lang='grc' dir='ltr'>ἐπ’</span> <span class='ocrx_word' id='word_1_25' title='bbox 763 547 1016 602; x_wconf 78' lang='grc' dir='ltr'><strong>ἀναθέσει</strong></span> <span class='ocrx_word' id='word_1_26' title='bbox 1070 551 1400 622; x_wconf 87' lang='grc' dir='ltr'>νενόμισται,</span> <span class='ocrx_word' id='word_1_27' title='bbox 1455 553 1530 614; x_wconf 83' lang='grc' dir='ltr'>ὡς</span> <span class='ocrx_word' id='word_1_28' title='bbox 1578 553 1790 606; x_wconf 83' lang='grc' dir='ltr'>ἀνοσίου</span> <span class='ocrx_word' id='word_1_29' title='bbox 1845 571 1912 606; x_wconf 89' lang='grc' dir='ltr'><strong>κα</strong></span> 
     </span>
    </p>
   </div>
   <div class='ocr_carea' id='block_1_5' title="bbox 2014 543 3629 636">
    <p class='ocr_par' dir='ltr' id='par_1_5' title="bbox 2051 543 3629 636">
     <span class='ocr_line' id='line_1_5' title="bbox 2051 543 3629 636; baseline 0.006 -27"><span class='ocrx_word' id='word_1_30' title='bbox 2051 567 2170 626; x_wconf 88' lang='lat' dir='ltr'><strong>post</strong></span> <span class='ocrx_word' id='word_1_31' title='bbox 2202 557 2505 626; x_wconf 88' lang='lat' dir='ltr'><strong>depositum</strong></span> <span class='ocrx_word' id='word_1_32' title='bbox 2563 561 2848 631; x_wconf 89' lang='lat' dir='ltr'><strong>imperium</strong></span> <span class='ocrx_word' id='word_1_33' title='bbox 2911 563 3103 618; x_wconf 84' lang='lat' dir='ltr'><strong>iterum</strong></span> <span class='ocrx_word' id='word_1_34' title='bbox 3155 582 3444 636; x_wconf 77' lang='lat' dir='ltr'><strong>purpuram</strong></span> <span class='ocrx_word' id='word_1_35' title='bbox 3479 543 3629 621; x_wconf 84' lang='lat' dir='ltr'><strong>sunt-</strong></span> 
     </span>
    </p>
   </div>
   <div class='ocr_carea' id='block_1_6' title="bbox 352 633 1912 718">
    <p class='ocr_par' dir='ltr' id='par_1_6' title="bbox 352 633 1104 713">
     <span class='ocr_line' id='line_1_6' title="bbox 352 633 1104 713; baseline 0.013 -27"><span class='ocrx_word' id='word_1_36' title='bbox 352 633 782 693; x_wconf 78' lang='grc' dir='ltr'>δυσσεϐεστάτου</span> <span class='ocrx_word' id='word_1_37' title='bbox 811 641 1104 713; x_wconf 76' lang='grc' dir='ltr'>καθῄρουν.</span> 
     </span>
    </p>
   </div>
   <div class='ocr_carea' id='block_1_7' title="bbox 2014 633 3594 718">
    <p class='ocr_par' dir='ltr' id='par_1_7' title="bbox 2050 646 3594 718">
     <span class='ocr_line' id='line_1_7' title="bbox 2050 646 3594 718; baseline 0.006 -19"><span class='ocrx_word' id='word_1_38' title='bbox 2050 646 2222 716; x_wconf 89' lang='lat' dir='ltr'><strong>psisse</strong></span> <span class='ocrx_word' id='word_1_39' title='bbox 2248 649 2557 718; x_wconf 85' lang='lat' dir='ltr'><strong>retulimus;</strong></span> <span class='ocrx_word' id='word_1_40' title='bbox 2596 667 2717 705; x_wconf 91' lang='lat' dir='ltr'><strong>cum</strong></span> <span class='ocrx_word' id='word_1_41' title='bbox 2774 654 3034 710; x_wconf 88' lang='lat' dir='ltr'><strong>adversus</strong></span> <span class='ocrx_word' id='word_1_42' title='bbox 3084 655 3504 710; x_wconf 88' lang='lat' dir='ltr'><strong>Constantinum</strong></span> <span class='ocrx_word' id='word_1_43' title='bbox 3543 656 3594 709; x_wconf 92' lang='lat' dir='ltr'><strong>in</strong></span> 
     </span>
    </p>
   </div>
   <div class='ocr_carea' id='block_1_8' title="bbox 355 725 3626 819">
    <p class='ocr_par' dir='ltr' id='par_1_8' title="bbox 355 725 3626 819">
     <span class='ocr_line' id='line_1_8' title="bbox 355 725 3626 819; baseline 0.008 -42"><span class='ocrx_word' id='word_1_44' title='bbox 355 725 529 781; x_wconf 88' lang='lat' dir='ltr'><strong>sidias</strong></span> <span class='ocrx_word' id='word_1_45' title='bbox 591 730 768 783; x_wconf 91' lang='lat' dir='ltr'><strong>moliri</strong></span> <span class='ocrx_word' id='word_1_46' title='bbox 818 733 1192 802; x_wconf 88' lang='lat' dir='ltr'><strong>deprehensus</strong></span> <span class='ocrx_word' id='word_1_47' title='bbox 1225 748 1392 802; x_wconf 90' lang='lat' dir='ltr'><strong>esset,</strong></span> <span class='ocrx_word' id='word_1_48' title='bbox 1438 737 1737 810; x_wconf 70' lang='lat' dir='ltr'><strong>fmdissimo</strong></span> <span class='ocrx_word' id='word_1_49' title='bbox 1787 737 1981 792; x_wconf 88' lang='lat' dir='ltr'><strong>mortis</strong></span> <span class='ocrx_word' id='word_1_50' title='bbox 2026 752 2222 807; x_wconf 81' lang='lat' dir='ltr'><strong>genere</strong></span> <span class='ocrx_word' id='word_1_51' title='bbox 2279 742 2505 799; x_wconf 76' lang='lat' dir='ltr'><strong>interiit.</strong></span> <span class='ocrx_word' id='word_1_52' title='bbox 2559 742 2882 815; x_wconf 86' lang='lat' dir='ltr'><strong>Primusque</strong></span> <span class='ocrx_word' id='word_1_53' title='bbox 2941 746 3029 802; x_wconf 92' lang='lat' dir='ltr'><strong>hic</strong></span> <span class='ocrx_word' id='word_1_54' title='bbox 3082 745 3202 814; x_wconf 88' lang='lat' dir='ltr'><strong>fuit,</strong></span> <span class='ocrx_word' id='word_1_55' title='bbox 3239 747 3389 816; x_wconf 86' lang='lat' dir='ltr'><strong>cujus</strong></span> <span class='ocrx_word' id='word_1_56' title='bbox 3443 759 3626 819; x_wconf 87' lang='lat' dir='ltr'><strong>utpote</strong></span> 
     </span>
    </p>
   </div>
   <div class='ocr_carea' id='block_1_9' title="bbox 356 817 3621 909">
    <p class='ocr_par' dir='ltr' id='par_1_9' title="bbox 356 817 3621 909">
     <span class='ocr_line' id='line_1_9' title="bbox 356 817 3621 909; baseline 0.008 -39"><span class='ocrx_word' id='word_1_57' title='bbox 356 817 510 884; x_wconf 86' lang='lat' dir='ltr'><strong>impii</strong></span> <span class='ocrx_word' id='word_1_58' title='bbox 543 833 606 872; x_wconf 89' lang='lat' dir='ltr'><strong>ac</strong></span> <span class='ocrx_word' id='word_1_59' title='bbox 641 820 1044 889; x_wconf 79' lang='lat' dir='ltr'><strong>sceleratissimi</strong></span> <span class='ocrx_word' id='word_1_60' title='bbox 1083 823 1319 880; x_wconf 85' lang='lat' dir='ltr'><strong>hominis</strong></span> <span class='ocrx_word' id='word_1_61' title='bbox 1377 827 1639 898; x_wconf 80' lang='lat' dir='ltr'><strong>imagines</strong></span> <span class='ocrx_word' id='word_1_62' title='bbox 1695 844 1883 884; x_wconf 91' lang='lat' dir='ltr'><strong>omnes</strong></span> <span class='ocrx_word' id='word_1_63' title='bbox 1934 837 1990 884; x_wconf 92' lang='lat' dir='ltr'><strong>et</strong></span> <span class='ocrx_word' id='word_1_64' title='bbox 2046 839 2240 886; x_wconf 69' lang='lat' dir='ltr'><strong>statum</strong></span> <span class='ocrx_word' id='word_1_65' title='bbox 2270 841 2576 907; x_wconf 68' lang='lat' dir='ltr'><strong>carteraque</strong></span> <span class='ocrx_word' id='word_1_66' title='bbox 2607 836 2656 890; x_wconf 93' lang='lat' dir='ltr'><strong>id</strong></span> <span class='ocrx_word' id='word_1_67' title='bbox 2686 852 2854 907; x_wconf 84' lang='lat' dir='ltr'><strong>genus</strong></span> <span class='ocrx_word' id='word_1_68' title='bbox 2886 849 3232 894; x_wconf 79' lang='lat' dir='ltr'><strong>monumenta</strong></span> <span class='ocrx_word' id='word_1_69' title='bbox 3283 856 3401 909; x_wconf 72' lang='lat' dir='ltr'><strong>qua:</strong></span> <span class='ocrx_word' id='word_1_70' title='bbox 3443 817 3621 895; x_wconf 10' lang='lat' dir='ltr'><strong>inlitos</strong></span> 
     </span>
    </p>
   </div>
   <div class='ocr_carea' id='block_1_10' title="bbox 3531 357 3633 422">
    <p class='ocr_par' dir='ltr' id='par_1_10' title="bbox 3531 357 3633 422">
     <span class='ocr_line' id='line_1_10' title="bbox 3531 357 3633 422; baseline 0.039 -3"><span class='ocrx_word' id='word_1_71' title='bbox 3531 357 3633 422; x_wconf 56' lang='grc' dir='ltr'>πέει</span> 
     </span>
    </p>
   </div>
   <div class='ocr_carea' id='block_1_11' title="bbox 357 910 2354 988">
    <p class='ocr_par' dir='ltr' id='par_1_11' title="bbox 357 910 2354 988">
     <span class='ocr_line' id='line_1_11' title="bbox 357 910 2354 988; baseline 0.011 -30"><span class='ocrx_word' id='word_1_72' title='bbox 357 924 552 962; x_wconf 86' lang='lat' dir='ltr'><strong>norem</strong></span> <span class='ocrx_word' id='word_1_73' title='bbox 599 910 984 979; x_wconf 77' lang='lat' dir='ltr'><strong>imperatorum</strong></span> <span class='ocrx_word' id='word_1_74' title='bbox 1047 916 1180 985; x_wconf 84' lang='lat' dir='ltr'><strong>erigi</strong></span> <span class='ocrx_word' id='word_1_75' title='bbox 1256 917 1454 983; x_wconf 85' lang='lat' dir='ltr'><strong>solent,</strong></span> <span class='ocrx_word' id='word_1_76' title='bbox 1497 919 1702 988; x_wconf 87' lang='lat' dir='ltr'><strong>dejecta</strong></span> <span class='ocrx_word' id='word_1_77' title='bbox 1776 928 1941 988; x_wconf 86' lang='lat' dir='ltr'><strong>atque</strong></span> <span class='ocrx_word' id='word_1_78' title='bbox 1975 920 2173 977; x_wconf 86' lang='lat' dir='ltr'><strong>abolita</strong></span> <span class='ocrx_word' id='word_1_79' title='bbox 2205 934 2354 980; x_wconf 90' lang='lat' dir='ltr'><strong>sunt.</strong></span> 
     </span>
    </p>
   </div>
   <div class='ocr_carea' id='block_1_12' title="bbox 885 999 1412 1061">
    <p class='ocr_par' dir='ltr' id='par_1_12' title="bbox 885 999 1412 1061">
     <span class='ocr_line' id='line_1_12' title="bbox 885 999 1412 1061; baseline 0.008 -4"><span class='ocrx_word' id='word_1_80' title='bbox 885 999 1278 1060; x_wconf 78' lang='grc' dir='ltr'><strong>ΚΕΦΛΛΛῘΟΝ</strong></span> <span class='ocrx_word' id='word_1_81' title='bbox 1314 1010 1412 1061; x_wconf 80' lang='lat' dir='ltr'><strong>IA&#39;.</strong></span> 
     </span>
    </p>
   </div>
   <div class='ocr_carea' id='block_1_13' title="bbox 352 1090 1940 1168">
    <p class='ocr_par' dir='ltr' id='par_1_13' title="bbox 352 1090 1940 1168">
     <span class='ocr_line' id='line_1_13' title="bbox 352 1090 1940 1168; baseline 0.005 -22"><span class='ocrx_word' id='word_1_82' title='bbox 352 1090 496 1160; x_wconf 79' lang='grc' dir='ltr'>Περὶ</span> <span class='ocrx_word' id='word_1_83' title='bbox 547 1092 651 1147; x_wconf 86' lang='grc' dir='ltr'>τοῦ</span> <span class='ocrx_word' id='word_1_84' title='bbox 722 1097 942 1168; x_wconf 76' lang='grc' dir='ltr'>τρόπου</span> <span class='ocrx_word' id='word_1_85' title='bbox 1019 1096 1290 1168; x_wconf 46' lang='grc' dir='ltr'>τῷν-τῆς</span> <span class='ocrx_word' id='word_1_86' title='bbox 1341 1100 1650 1166; x_wconf 74' lang='grc' dir='ltr'>εὐσεϐείας</span> <span class='ocrx_word' id='word_1_87' title='bbox 1710 1099 1940 1168; x_wconf 84' lang='grc' dir='ltr'><strong>ἐχθρῶν</strong></span> 
     </span>
    </p>
   </div>
   <div class='ocr_carea' id='block_1_14' title="bbox 833 1165 1458 1234">
    <p class='ocr_par' dir='ltr' id='par_1_14' title="bbox 833 1165 1458 1234">
     <span class='ocr_line' id='line_1_14' title="bbox 833 1165 1458 1234; baseline 0.011 -17"><span class='ocrx_word' id='word_1_88' title='bbox 833 1167 974 1234; x_wconf 77' lang='lat' dir='ltr'><strong>(Nic.</strong></span> <span class='ocrx_word' id='word_1_89' title='bbox 1021 1165 1092 1218; x_wconf 86' lang='grc' dir='ltr'><strong>Η.</strong></span> <span class='ocrx_word' id='word_1_90' title='bbox 1125 1166 1190 1220; x_wconf 81' lang='grc' dir='ltr'><strong>Ε.</strong></span> <span class='ocrx_word' id='word_1_91' title='bbox 1214 1165 1305 1230; x_wconf 90' lang='lat' dir='ltr'><strong>vII,</strong></span> <span class='ocrx_word' id='word_1_92' title='bbox 1345 1172 1458 1228; x_wconf 74' lang='lat' dir='ltr'><strong>2i).</strong></span> 
     </span>
    </p>
   </div>
   <div class='ocr_carea' id='block_1_15' title="bbox 424 1257 1937 1334">
    <p class='ocr_par' dir='ltr' id='par_1_15' title="bbox 424 1257 1937 1334">
     <span class='ocr_line' id='line_1_15' title="bbox 424 1257 1937 1334; baseline 0.005 -25"><span class='ocrx_word' id='word_1_93' title='bbox 424 1257 628 1310; x_wconf 81' lang='grc' dir='ltr'><strong>Τούτου</strong></span> <span class='ocrx_word' id='word_1_94' title='bbox 661 1261 790 1320; x_wconf 85' lang='grc' dir='ltr'>παῖς</span> <span class='ocrx_word' id='word_1_95' title='bbox 805 1258 1122 1323; x_wconf 79' lang='grc' dir='ltr'>Μαξέντιος,</span> <span class='ocrx_word' id='word_1_96' title='bbox 1145 1262 1173 1313; x_wconf 86' lang='grc' dir='ltr'>ὁ</span> <span class='ocrx_word' id='word_1_97' title='bbox 1204 1259 1302 1331; x_wconf 83' lang='grc' dir='ltr'><strong>τὴν</strong></span> <span class='ocrx_word' id='word_1_98' title='bbox 1334 1262 1429 1314; x_wconf 75' lang='grc' dir='ltr'><strong>ἐπὶ</strong></span> <span class='ocrx_word' id='word_1_99' title='bbox 1444 1262 1659 1334; x_wconf 82' lang='grc' dir='ltr'>Ῥώμης</span> <span class='ocrx_word' id='word_1_100' title='bbox 1688 1262 1937 1333; x_wconf 86' lang='grc' dir='ltr'>τυραννί-</span> 
     </span>
    </p>
   </div>
   <div class='ocr_carea' id='block_1_16' title="bbox 349 1346 1932 1424">
    <p class='ocr_par' dir='ltr' id='par_1_16' title="bbox 349 1346 1932 1424">
     <span class='ocr_line' id='line_1_16' title="bbox 349 1346 1932 1424; baseline 0.005 -25"><span class='ocrx_word' id='word_1_101' title='bbox 349 1346 415 1398; x_wconf 78' lang='grc' dir='ltr'><strong>δα</strong></span> <span class='ocrx_word' id='word_1_102' title='bbox 438 1351 866 1419; x_wconf 78' lang='grc' dir='ltr'><strong>συστησάμενος,</strong></span> <span class='ocrx_word' id='word_1_103' title='bbox 888 1350 1187 1420; x_wconf 80' lang='grc' dir='ltr'><strong>ἀρχόμενος</strong></span> <span class='ocrx_word' id='word_1_104' title='bbox 1215 1352 1313 1422; x_wconf 80' lang='grc' dir='ltr'>μὲν</span> <span class='ocrx_word' id='word_1_105' title='bbox 1333 1352 1430 1422; x_wconf 78' lang='grc' dir='ltr'>τὴν</span> <span class='ocrx_word' id='word_1_106' title='bbox 1444 1355 1562 1406; x_wconf 86' lang='grc' dir='ltr'>καθ’</span> <span class='ocrx_word' id='word_1_107' title='bbox 1586 1355 1734 1424; x_wconf 81' lang='grc' dir='ltr'>ἡμᾶς</span> <span class='ocrx_word' id='word_1_108' title='bbox 1753 1354 1932 1408; x_wconf 86' lang='grc' dir='ltr'>πίστιν</span> 
     </span>
    </p>
   </div>
   <div class='ocr_carea' id='block_1_17' title="bbox 347 1440 1935 1516">
    <p class='ocr_par' dir='ltr' id='par_1_17' title="bbox 347 1440 1935 1516">
     <span class='ocr_line' id='line_1_17' title="bbox 347 1440 1935 1516; baseline 0.004 -26"><span class='ocrx_word' id='word_1_109' title='bbox 347 1440 440 1490; x_wconf 81' lang='grc' dir='ltr'>ἐπ’</span> <span class='ocrx_word' id='word_1_110' title='bbox 469 1441 731 1511; x_wconf 74' lang='grc' dir='ltr'><strong>ἀρεσκείᾳ</strong></span> <span class='ocrx_word' id='word_1_111' title='bbox 753 1442 846 1494; x_wconf 73' lang='grc' dir='ltr'><strong>καὶ</strong></span> <span class='ocrx_word' id='word_1_112' title='bbox 873 1441 1128 1512; x_wconf 77' lang='grc' dir='ltr'>κολακείᾳ</span> <span class='ocrx_word' id='word_1_113' title='bbox 1152 1441 1245 1495; x_wconf 78' lang='grc' dir='ltr'>τοῦ</span> <span class='ocrx_word' id='word_1_114' title='bbox 1277 1442 1447 1514; x_wconf 74' lang='grc' dir='ltr'>δήμου</span> <span class='ocrx_word' id='word_1_115' title='bbox 1486 1446 1769 1516; x_wconf 88' lang='grc' dir='ltr'>Ῥωμαίων</span> <span class='ocrx_word' id='word_1_116' title='bbox 1799 1445 1935 1497; x_wconf 84' lang='grc' dir='ltr'>καθ-</span> 
     </span>
    </p>
   </div>
   <div class='ocr_carea' id='block_1_18' title="bbox 347 1532 1935 1607">
    <p class='ocr_par' dir='ltr' id='par_1_18' title="bbox 347 1532 1935 1607">
     <span class='ocr_line' id='line_1_18' title="bbox 347 1532 1935 1607; baseline 0.003 -24"><span class='ocrx_word' id='word_1_117' title='bbox 347 1532 697 1603; x_wconf 81' lang='grc' dir='ltr'>υπεκρίνατο,</span> <span class='ocrx_word' id='word_1_118' title='bbox 737 1532 908 1606; x_wconf 78' lang='grc' dir='ltr'>ταύτῃ</span> <span class='ocrx_word' id='word_1_119' title='bbox 958 1551 1016 1586; x_wconf 90' lang='grc' dir='ltr'><strong>τε</strong></span> <span class='ocrx_word' id='word_1_120' title='bbox 1054 1537 1165 1600; x_wconf 87' lang='grc' dir='ltr'>τοῖς</span> <span class='ocrx_word' id='word_1_121' title='bbox 1197 1535 1458 1606; x_wconf 79' lang='grc' dir='ltr'>ὑπηκόοις</span> <span class='ocrx_word' id='word_1_122' title='bbox 1486 1535 1575 1588; x_wconf 84' lang='grc' dir='ltr'>τὸν</span> <span class='ocrx_word' id='word_1_123' title='bbox 1621 1537 1763 1590; x_wconf 82' lang='grc' dir='ltr'>κατὰ</span> <span class='ocrx_word' id='word_1_124' title='bbox 1803 1538 1935 1607; x_wconf 84' lang='grc' dir='ltr'>Χρι-</span> 
     </span>
    </p>
   </div>
   <div class='ocr_carea' id='block_1_19' title="bbox 347 1620 1932 1696">
    <p class='ocr_par' dir='ltr' id='par_1_19' title="bbox 347 1620 1932 1696">
     <span class='ocr_line' id='line_1_19' title="bbox 347 1620 1932 1696; baseline 0.004 -25"><span class='ocrx_word' id='word_1_125' title='bbox 347 1621 584 1673; x_wconf 84' lang='grc' dir='ltr'>στιανῶν</span> <span class='ocrx_word' id='word_1_126' title='bbox 621 1623 826 1675; x_wconf 86' lang='grc' dir='ltr'>ἀνεῖναι</span> <span class='ocrx_word' id='word_1_127' title='bbox 857 1624 1182 1692; x_wconf 80' lang='grc' dir='ltr'>προστάττει</span> <span class='ocrx_word' id='word_1_128' title='bbox 1211 1620 1468 1696; x_wconf 76' lang='grc' dir='ltr'>διωγμὸν,</span> <span class='ocrx_word' id='word_1_129' title='bbox 1505 1626 1782 1678; x_wconf 81' lang='grc' dir='ltr'>εὐσέϐειαν</span> <span class='ocrx_word' id='word_1_130' title='bbox 1812 1628 1932 1678; x_wconf 84' lang='grc' dir='ltr'>ἐπι-</span> 
     </span>
    </p>
   </div>
   <div class='ocr_carea' id='block_1_20' title="bbox 347 1713 1932 1790">
    <p class='ocr_par' dir='ltr' id='par_1_20' title="bbox 347 1713 1932 1790">
     <span class='ocr_line' id='line_1_20' title="bbox 347 1713 1932 1790; baseline 0.004 -26"><span class='ocrx_word' id='word_1_131' title='bbox 347 1713 668 1785; x_wconf 72' lang='grc' dir='ltr'>μορφάζων,</span> <span class='ocrx_word' id='word_1_132' title='bbox 706 1715 799 1766; x_wconf 75' lang='grc' dir='ltr'><strong>καὶ</strong></span> <span class='ocrx_word' id='word_1_133' title='bbox 846 1715 922 1778; x_wconf 83' lang='grc' dir='ltr'>ὡς</span> <span class='ocrx_word' id='word_1_134' title='bbox 967 1714 1032 1768; x_wconf 86' lang='grc' dir='ltr'>ἂν</span> <span class='ocrx_word' id='word_1_135' title='bbox 1071 1715 1241 1782; x_wconf 78' lang='grc' dir='ltr'>δεξιὸς</span> <span class='ocrx_word' id='word_1_136' title='bbox 1280 1719 1374 1770; x_wconf 71' lang='grc' dir='ltr'><strong>καὶ</strong></span> <span class='ocrx_word' id='word_1_137' title='bbox 1411 1717 1543 1771; x_wconf 75' lang='grc' dir='ltr'>πολὺ</span> <span class='ocrx_word' id='word_1_138' title='bbox 1576 1720 1749 1789; x_wconf 80' lang='grc' dir='ltr'>πρᾶος</span> <span class='ocrx_word' id='word_1_139' title='bbox 1782 1718 1932 1790; x_wconf 82' lang='grc' dir='ltr'><strong>παρά</strong></span> 
     </span>
    </p>
   </div>
   <div class='ocr_carea' id='block_1_21' title="bbox 2627 1015 3044 1077">
    <p class='ocr_par' dir='ltr' id='par_1_21' title="bbox 2627 1015 3044 1077">
     <span class='ocr_line' id='line_1_21' title="bbox 2627 1015 3044 1077; baseline 0.01 -5"><span class='ocrx_word' id='word_1_140' title='bbox 2627 1018 2854 1076; x_wconf 77' lang='lat' dir='ltr'><strong>CAPUT</strong></span> <span class='ocrx_word' id='word_1_141' title='bbox 2904 1015 3044 1077; x_wconf 77' lang='lat' dir='ltr'><strong>XIV.</strong></span> 
     </span>
    </p>
   </div>
   <div class='ocr_carea' id='block_1_22' title="bbox 2443 1102 3214 1178">
    <p class='ocr_par' dir='ltr' id='par_1_22' title="bbox 2443 1102 3214 1178">
     <span class='ocr_line' id='line_1_22' title="bbox 2443 1102 3214 1178; baseline 0.005 -19"><span class='ocrx_word' id='word_1_142' title='bbox 2443 1102 2519 1160; x_wconf 88' lang='lat' dir='ltr'><strong>De</strong></span> <span class='ocrx_word' id='word_1_143' title='bbox 2551 1108 2783 1160; x_wconf 79' lang='lat' dir='ltr'><strong>moribus</strong></span> <span class='ocrx_word' id='word_1_144' title='bbox 2805 1117 3214 1178; x_wconf 78' lang='lat' dir='ltr'><strong>persecuturum.</strong></span> 
     </span>
    </p>
   </div>
   <div class='ocr_carea' id='block_1_23' title="bbox 2115 1259 3619 1335">
    <p class='ocr_par' dir='ltr' id='par_1_23' title="bbox 2115 1259 3619 1335">
     <span class='ocr_line' id='line_1_23' title="bbox 2115 1259 3619 1335; baseline 0.005 -22"><span class='ocrx_word' id='word_1_145' title='bbox 2115 1259 2280 1326; x_wconf 86' lang='lat' dir='ltr'><strong>Hujus</strong></span> <span class='ocrx_word' id='word_1_146' title='bbox 2315 1260 2455 1315; x_wconf 85' lang='lat' dir='ltr'><strong>filius</strong></span> <span class='ocrx_word' id='word_1_147' title='bbox 2487 1260 2913 1330; x_wconf 84' lang='lat' dir='ltr'><strong>Maxentius,qui</strong></span> <span class='ocrx_word' id='word_1_148' title='bbox 2947 1262 3130 1317; x_wconf 85' lang='lat' dir='ltr'><strong>Romae</strong></span> <span class='ocrx_word' id='word_1_149' title='bbox 3157 1264 3496 1335; x_wconf 88' lang='lat' dir='ltr'><strong>tyrannidem</strong></span> <span class='ocrx_word' id='word_1_150' title='bbox 3526 1280 3619 1321; x_wconf 76' lang='lat' dir='ltr'><strong>ar-‘</strong></span> 
     </span>
    </p>
   </div>
   <div class='ocr_carea' id='block_1_24' title="bbox 2041 1352 3614 1424">
    <p class='ocr_par' dir='ltr' id='par_1_24' title="bbox 2041 1352 3614 1424">
     <span class='ocr_line' id='line_1_24' title="bbox 2041 1352 3614 1424; baseline 0.005 -20"><span class='ocrx_word' id='word_1_151' title='bbox 2041 1352 2226 1420; x_wconf 87' lang='lat' dir='ltr'><strong>ripuit,</strong></span> <span class='ocrx_word' id='word_1_152' title='bbox 2258 1352 2522 1420; x_wconf 88' lang='lat' dir='ltr'><strong>principio</strong></span> <span class='ocrx_word' id='word_1_153' title='bbox 2550 1353 2762 1420; x_wconf 86' lang='lat' dir='ltr'><strong>quidem</strong></span> <span class='ocrx_word' id='word_1_154' title='bbox 2813 1353 2934 1407; x_wconf 89' lang='lat' dir='ltr'><strong>tidei</strong></span> <span class='ocrx_word' id='word_1_155' title='bbox 2971 1364 3170 1408; x_wconf 69' lang='lat' dir='ltr'><strong>nostra:</strong></span> <span class='ocrx_word' id='word_1_156' title='bbox 3224 1357 3614 1424; x_wconf 87' lang='lat' dir='ltr'><strong>professionem</strong></span> 
     </span>
    </p>
   </div>
   <div class='ocr_carea' id='block_1_25' title="bbox 2040 1442 3614 1516">
    <p class='ocr_par' dir='ltr' id='par_1_25' title="bbox 2040 1442 3614 1516">
     <span class='ocr_line' id='line_1_25' title="bbox 2040 1442 3614 1516; baseline 0.003 -21"><span class='ocrx_word' id='word_1_157' title='bbox 2040 1442 2334 1508; x_wconf 83' lang='lat' dir='ltr'><strong>simulavit,</strong></span> <span class='ocrx_word' id='word_1_158' title='bbox 2369 1451 2425 1495; x_wconf 92' lang='lat' dir='ltr'><strong>ut</strong></span> <span class='ocrx_word' id='word_1_159' title='bbox 2454 1443 2505 1495; x_wconf 93' lang='lat' dir='ltr'><strong>in</strong></span> <span class='ocrx_word' id='word_1_160' title='bbox 2555 1458 2620 1496; x_wconf 88' lang='lat' dir='ltr'><strong>eo</strong></span> <span class='ocrx_word' id='word_1_161' title='bbox 2667 1457 2870 1496; x_wconf 90' lang='lat' dir='ltr'><strong>morem</strong></span> <span class='ocrx_word' id='word_1_162' title='bbox 2918 1453 3132 1512; x_wconf 83' lang='lat' dir='ltr'><strong>gereret</strong></span> <span class='ocrx_word' id='word_1_163' title='bbox 3173 1445 3614 1516; x_wconf 88' lang='lat' dir='ltr'><strong>blandireturqne</strong></span> 
     </span>
    </p>
   </div>
   <div class='ocr_carea' id='block_1_26' title="bbox 2037 1533 3611 1605">
    <p class='ocr_par' dir='ltr' id='par_1_26' title="bbox 2037 1533 3611 1605">
     <span class='ocr_line' id='line_1_26' title="bbox 2037 1533 3611 1605; baseline 0.004 -19"><span class='ocrx_word' id='word_1_164' title='bbox 2037 1535 2232 1602; x_wconf 91' lang='lat' dir='ltr'><strong>populo</strong></span> <span class='ocrx_word' id='word_1_165' title='bbox 2269 1533 2534 1587; x_wconf 81' lang='lat' dir='ltr'><strong>Romano.</strong></span> <span class='ocrx_word' id='word_1_166' title='bbox 2565 1533 2752 1600; x_wconf 84' lang='lat' dir='ltr'><strong>Itaque</strong></span> <span class='ocrx_word' id='word_1_167' title='bbox 2782 1535 3014 1589; x_wconf 88' lang='lat' dir='ltr'><strong>subditis</strong></span> <span class='ocrx_word' id='word_1_168' title='bbox 3052 1536 3164 1589; x_wconf 92' lang='lat' dir='ltr'><strong>suis</strong></span> <span class='ocrx_word' id='word_1_169' title='bbox 3193 1538 3468 1605; x_wconf 81' lang='lat' dir='ltr'><strong>pra-cepit,</strong></span> <span class='ocrx_word' id='word_1_170' title='bbox 3503 1547 3611 1593; x_wconf 85' lang='lat' dir='ltr'><strong>uta</strong></span> 
     </span>
    </p>
   </div>
   <div class='ocr_carea' id='block_1_27' title="bbox 2038 1625 3609 1694">
    <p class='ocr_par' dir='ltr' id='par_1_27' title="bbox 2038 1625 3609 1694">
     <span class='ocr_line' id='line_1_27' title="bbox 2038 1625 3609 1694; baseline 0.004 -19"><span class='ocrx_word' id='word_1_171' title='bbox 2038 1626 2415 1694; x_wconf 86' lang='lat' dir='ltr'><strong>persecutione</strong></span> <span class='ocrx_word' id='word_1_172' title='bbox 2486 1625 2920 1679; x_wconf 88' lang='lat' dir='ltr'><strong>Christianorum</strong></span> <span class='ocrx_word' id='word_1_173' title='bbox 3002 1628 3371 1692; x_wconf 86' lang='lat' dir='ltr'><strong>desisterent;</strong></span> <span class='ocrx_word' id='word_1_174' title='bbox 3425 1628 3609 1682; x_wconf 85' lang='lat' dir='ltr'><strong>[ictam</strong></span> 
     </span>
    </p>
   </div>
   <div class='ocr_carea' id='block_1_28' title="bbox 2037 1715 3612 1790">
    <p class='ocr_par' dir='ltr' id='par_1_28' title="bbox 2037 1715 3612 1790">
     <span class='ocr_line' id='line_1_28' title="bbox 2037 1715 3612 1790; baseline 0.003 -21"><span class='ocrx_word' id='word_1_175' title='bbox 2037 1715 2247 1769; x_wconf 86' lang='lat' dir='ltr'><strong>scilicet</strong></span> <span class='ocrx_word' id='word_1_176' title='bbox 2287 1716 2505 1785; x_wconf 88' lang='lat' dir='ltr'><strong>pietatis</strong></span> <span class='ocrx_word' id='word_1_177' title='bbox 2548 1717 2784 1785; x_wconf 68' lang='lat' dir='ltr'><strong>speciem</strong></span> <span class='ocrx_word' id='word_1_178' title='bbox 2819 1733 2927 1785; x_wconf 64' lang='lat' dir='ltr'><strong>prae</strong></span> <span class='ocrx_word' id='word_1_179' title='bbox 2977 1734 3036 1772; x_wconf 90' lang='lat' dir='ltr'><strong>se</strong></span> <span class='ocrx_word' id='word_1_180' title='bbox 3074 1719 3274 1782; x_wconf 86' lang='lat' dir='ltr'><strong>ferens,</strong></span> <span class='ocrx_word' id='word_1_181' title='bbox 3307 1729 3474 1790; x_wconf 89' lang='lat' dir='ltr'><strong>utque</strong></span> <span class='ocrx_word' id='word_1_182' title='bbox 3515 1721 3612 1774; x_wconf 81' lang='lat' dir='ltr'><strong>be-</strong></span> 
     </span>
    </p>
   </div>
   <div class='ocr_carea' id='block_1_29' title="bbox 343 1804 1912 1904">
    <p class='ocr_par' dir='ltr' id='par_1_29' title="bbox 343 1804 1906 1880">
     <span class='ocr_line' id='line_1_29' title="bbox 343 1804 1906 1880; baseline 0.006 -25"><span class='ocrx_word' id='word_1_183' title='bbox 343 1807 473 1867; x_wconf 71' lang='grc' dir='ltr'>τοὺς</span> <span class='ocrx_word' id='word_1_184' title='bbox 502 1805 802 1876; x_wconf 82' lang='grc' dir='ltr'>προτέρους</span> <span class='ocrx_word' id='word_1_185' title='bbox 826 1806 1041 1876; x_wconf 85' lang='grc' dir='ltr'>φανείη.</span> <span class='ocrx_word' id='word_1_186' title='bbox 1064 1809 1137 1860; x_wconf 91' lang='grc' dir='ltr'>Οὑ</span> <span class='ocrx_word' id='word_1_187' title='bbox 1171 1809 1276 1880; x_wconf 82' lang='grc' dir='ltr'>μὴν</span> <span class='ocrx_word' id='word_1_188' title='bbox 1295 1804 1404 1873; x_wconf 73' lang='grc' dir='ltr'>οἷος</span> <span class='ocrx_word' id='word_1_189' title='bbox 1427 1808 1645 1864; x_wconf 74' lang='grc' dir='ltr'>ἔσεσθαι</span> <span class='ocrx_word' id='word_1_190' title='bbox 1668 1810 1906 1880; x_wconf 77' lang='grc' dir='ltr'>ηλπίσθη</span> 
     </span>
    </p>
   </div>
   <div class='ocr_carea' id='block_1_30' title="bbox 2014 1804 3611 1904">
    <p class='ocr_par' dir='ltr' id='par_1_30' title="bbox 2037 1806 3611 1881">
     <span class='ocr_line' id='line_1_30' title="bbox 2037 1806 3611 1881; baseline 0.005 -23"><span class='ocrx_word' id='word_1_191' title='bbox 2037 1806 2250 1876; x_wconf 85' lang='lat' dir='ltr'><strong>nignior</strong></span> <span class='ocrx_word' id='word_1_192' title='bbox 2270 1807 2438 1861; x_wconf 91' lang='lat' dir='ltr'><strong>multo</strong></span> <span class='ocrx_word' id='word_1_193' title='bbox 2473 1821 2634 1878; x_wconf 88' lang='lat' dir='ltr'><strong>atque</strong></span> <span class='ocrx_word' id='word_1_194' title='bbox 2666 1809 2954 1863; x_wconf 79' lang='lat' dir='ltr'><strong>humanior</strong></span> <span class='ocrx_word' id='word_1_195' title='bbox 2999 1811 3379 1880; x_wconf 85' lang='lat' dir='ltr'><strong>superioribus</strong></span> <span class='ocrx_word' id='word_1_196' title='bbox 3407 1813 3611 1881; x_wconf 87' lang='lat' dir='ltr'><strong>princi-</strong></span> 
     </span>
    </p>
   </div>
   <div class='ocr_carea' id='block_1_31' title="bbox 343 1895 1936 1975">
    <p class='ocr_par' dir='ltr' id='par_1_31' title="bbox 343 1895 1936 1975">
     <span class='ocr_line' id='line_1_31' title="bbox 343 1895 1936 1975; baseline 0.006 -29"><span class='ocrx_word' id='word_1_197' title='bbox 343 1895 586 1958; x_wconf 77' lang='grc' dir='ltr'>τοιοῦτος</span> <span class='ocrx_word' id='word_1_198' title='bbox 629 1895 810 1965; x_wconf 76' lang='grc' dir='ltr'>ἔργοις</span> <span class='ocrx_word' id='word_1_199' title='bbox 840 1899 1183 1969; x_wconf 78' lang='grc' dir='ltr'>ἀναπέφηνεν</span> <span class='ocrx_word' id='word_1_200' title='bbox 1204 1917 1216 1930; x_wconf 82' lang='grc'><strong>”</strong></span> <span class='ocrx_word' id='word_1_201' title='bbox 1246 1902 1324 1964; x_wconf 84' lang='grc' dir='ltr'><strong>είς</strong></span> <span class='ocrx_word' id='word_1_202' title='bbox 1356 1902 1534 1965; x_wconf 85' lang='grc' dir='ltr'>πάσας</span> <span class='ocrx_word' id='word_1_203' title='bbox 1576 1902 1618 1955; x_wconf 81' lang='grc' dir='ltr'>δ’</span> <span class='ocrx_word' id='word_1_204' title='bbox 1658 1904 1936 1975; x_wconf 84' lang='grc' dir='ltr'>ἀνοσιουρ-</span> 
     </span>
    </p>
   </div>
   <div class='ocr_carea' id='block_1_32' title="bbox 342 1988 1927 2066">
    <p class='ocr_par' dir='ltr' id='par_1_32' title="bbox 342 1988 1927 2066">
     <span class='ocr_line' id='line_1_32' title="bbox 342 1988 1927 2066; baseline 0.006 -26"><span class='ocrx_word' id='word_1_205' title='bbox 342 1988 473 2054; x_wconf 88' lang='grc' dir='ltr'>γίας</span> <span class='ocrx_word' id='word_1_206' title='bbox 499 1988 735 2054; x_wconf 83' lang='grc' dir='ltr'>όκείλας,</span> <span class='ocrx_word' id='word_1_207' title='bbox 761 1991 911 2043; x_wconf 73' lang='grc' dir='ltr'>οὐδὲν</span> <span class='ocrx_word' id='word_1_208' title='bbox 937 1992 964 2044; x_wconf 85' lang='grc' dir='ltr'>ὅ</span> <span class='ocrx_word' id='word_1_209' title='bbox 993 2010 1044 2044; x_wconf 86' lang='grc' dir='ltr'><strong>τι</strong></span> <span class='ocrx_word' id='word_1_210' title='bbox 1072 1993 1296 2065; x_wconf 82' lang='grc' dir='ltr'>μιαρίας</span> <span class='ocrx_word' id='word_1_211' title='bbox 1322 1993 1479 2066; x_wconf 77' lang='grc' dir='ltr'>ἔργον</span> <span class='ocrx_word' id='word_1_212' title='bbox 1513 1995 1607 2048; x_wconf 71' lang='grc' dir='ltr'><strong>καὶ</strong></span> <span class='ocrx_word' id='word_1_213' title='bbox 1635 1995 1927 2060; x_wconf 84' lang='grc' dir='ltr'>ἀκολασίας</span> 
     </span>
    </p>
   </div>
   <div class='ocr_carea' id='block_1_33' title="bbox 343 2077 1926 2150">
    <p class='ocr_par' dir='ltr' id='par_1_33' title="bbox 343 2077 1926 2150">
     <span class='ocr_line' id='line_1_33' title="bbox 343 2077 1926 2150; baseline 0.007 -22"><span class='ocrx_word' id='word_1_214' title='bbox 343 2077 734 2148; x_wconf 78' lang='grc' dir='ltr'>παραλέλοιπε,</span> <span class='ocrx_word' id='word_1_215' title='bbox 792 2080 1036 2150; x_wconf 82' lang='grc' dir='ltr'>μοιχείας</span> <span class='ocrx_word' id='word_1_216' title='bbox 1088 2098 1146 2134; x_wconf 89' lang='grc' dir='ltr'><strong>τε</strong></span> <span class='ocrx_word' id='word_1_217' title='bbox 1198 2083 1293 2134; x_wconf 71' lang='grc' dir='ltr'><strong>καὶ</strong></span> <span class='ocrx_word' id='word_1_218' title='bbox 1347 2083 1606 2147; x_wconf 81' lang='grc' dir='ltr'>παντοίας</span> <span class='ocrx_word' id='word_1_219' title='bbox 1663 2084 1926 2140; x_wconf 82' lang='grc' dir='ltr'>ἐπιτελῶν</span> 
     </span>
    </p>
   </div>
   <div class='ocr_carea' id='block_1_34' title="bbox 342 2168 1924 2247">
    <p class='ocr_par' dir='ltr' id='par_1_34' title="bbox 342 2168 1924 2247">
     <span class='ocr_line' id='line_1_34' title="bbox 342 2168 1924 2247; baseline 0.007 -26"><span class='ocrx_word' id='word_1_220' title='bbox 342 2168 578 2240; x_wconf 62' lang='grc' dir='ltr'>φθοράς·</span> <span class='ocrx_word' id='word_1_221' title='bbox 615 2169 931 2239; x_wconf 77' lang='grc' dir='ltr'>διαζευγνύς</span> <span class='ocrx_word' id='word_1_222' title='bbox 968 2172 1032 2240; x_wconf 84' lang='grc' dir='ltr'><strong>γέ</strong></span> <span class='ocrx_word' id='word_1_223' title='bbox 1066 2190 1146 2226; x_wconf 84' lang='grc' dir='ltr'><strong>τοι</strong></span> <span class='ocrx_word' id='word_1_224' title='bbox 1178 2173 1285 2226; x_wconf 91' lang='grc' dir='ltr'><strong>τῶν</strong></span> <span class='ocrx_word' id='word_1_225' title='bbox 1316 2174 1523 2247; x_wconf 83' lang='grc' dir='ltr'>ἀνδρῶν</span> <span class='ocrx_word' id='word_1_226' title='bbox 1551 2175 1649 2239; x_wconf 69' lang='grc' dir='ltr'>τὰς</span> <span class='ocrx_word' id='word_1_227' title='bbox 1675 2176 1814 2230; x_wconf 87' lang='grc' dir='ltr'>κατὰ</span> <span class='ocrx_word' id='word_1_228' title='bbox 1837 2178 1924 2232; x_wconf 84' lang='grc' dir='ltr'>νό-</span> 
     </span>
    </p>
   </div>
   <div class='ocr_carea' id='block_1_35' title="bbox 343 2261 1924 2336">
    <p class='ocr_par' dir='ltr' id='par_1_35' title="bbox 343 2261 1924 2336">
     <span class='ocr_line' id='line_1_35' title="bbox 343 2261 1924 2336; baseline 0.007 -25"><span class='ocrx_word' id='word_1_229' title='bbox 343 2276 446 2328; x_wconf 87' lang='grc' dir='ltr'><strong>μον</strong></span> <span class='ocrx_word' id='word_1_230' title='bbox 495 2263 738 2330; x_wconf 76' lang='grc' dir='ltr'>γαμετὰς</span> <span class='ocrx_word' id='word_1_231' title='bbox 765 2300 778 2323; x_wconf 92' lang='grc'><strong>,</strong></span> <span class='ocrx_word' id='word_1_232' title='bbox 820 2261 1023 2325; x_wconf 82' lang='grc' dir='ltr'>ταύτας</span> <span class='ocrx_word' id='word_1_233' title='bbox 1068 2264 1402 2334; x_wconf 70' lang='grc' dir='ltr'>ἐνυϐρίζων,</span> <span class='ocrx_word' id='word_1_234' title='bbox 1462 2267 1762 2336; x_wconf 86' lang='grc' dir='ltr'>ἀτιμότατα</span> <span class='ocrx_word' id='word_1_235' title='bbox 1812 2272 1924 2332; x_wconf 85' lang='grc' dir='ltr'>τοῖς</span> 
     </span>
    </p>
   </div>
   <div class='ocr_carea' id='block_1_36' title="bbox 339 2348 1924 2429">
    <p class='ocr_par' dir='ltr' id='par_1_36' title="bbox 339 2348 1924 2429">
     <span class='ocr_line' id='line_1_36' title="bbox 339 2348 1924 2429; baseline 0.006 -29"><span class='ocrx_word' id='word_1_236' title='bbox 339 2350 602 2419; x_wconf 77' lang='grc' dir='ltr'>ἀνδράσιν</span> <span class='ocrx_word' id='word_1_237' title='bbox 649 2348 806 2415; x_wconf 83' lang='grc' dir='ltr'>αὖθις</span> <span class='ocrx_word' id='word_1_238' title='bbox 856 2353 1184 2424; x_wconf 81' lang='grc' dir='ltr'>ἀπέπεμπε·</span> <span class='ocrx_word' id='word_1_239' title='bbox 1236 2357 1330 2408; x_wconf 73' lang='grc' dir='ltr'><strong>καὶ</strong></span> <span class='ocrx_word' id='word_1_240' title='bbox 1374 2355 1525 2409; x_wconf 77' lang='grc' dir='ltr'>ταῦτ’</span> <span class='ocrx_word' id='word_1_241' title='bbox 1558 2357 1656 2409; x_wconf 87' lang='grc' dir='ltr'><strong>οὑκ</strong></span> <span class='ocrx_word' id='word_1_242' title='bbox 1691 2358 1924 2429; x_wconf 78' lang='grc' dir='ltr'>ἀσήμοις</span> 
     </span>
    </p>
   </div>
   <div class='ocr_carea' id='block_1_37' title="bbox 339 2443 1922 2521">
    <p class='ocr_par' dir='ltr' id='par_1_37' title="bbox 339 2443 1922 2521">
     <span class='ocr_line' id='line_1_37' title="bbox 339 2443 1922 2521; baseline 0.005 -26"><span class='ocrx_word' id='word_1_243' title='bbox 339 2443 451 2495; x_wconf 71' lang='grc' dir='ltr'>οὐδ’</span> <span class='ocrx_word' id='word_1_244' title='bbox 505 2445 766 2512; x_wconf 79' lang='grc' dir='ltr'>ἀφανέσιν</span> <span class='ocrx_word' id='word_1_245' title='bbox 811 2445 1077 2516; x_wconf 76' lang='grc' dir='ltr'>ἐγχειρῶν</span> <span class='ocrx_word' id='word_1_246' title='bbox 1118 2449 1459 2520; x_wconf 81' lang='grc' dir='ltr'>ἐπετήδευεν,</span> <span class='ocrx_word' id='word_1_247' title='bbox 1505 2450 1617 2503; x_wconf 80' lang='grc' dir='ltr'>ἀλλ’</span> <span class='ocrx_word' id='word_1_248' title='bbox 1649 2451 1828 2503; x_wconf 83' lang='grc' dir='ltr'>αὑτῶν</span> <span class='ocrx_word' id='word_1_249' title='bbox 1859 2449 1922 2521; x_wconf 85' lang='grc' dir='ltr'>δὴ</span> 
     </span>
    </p>
   </div>
   <div class='ocr_carea' id='block_1_38' title="bbox 342 2535 1920 2613">
    <p class='ocr_par' dir='ltr' id='par_1_38' title="bbox 342 2535 1920 2613">
     <span class='ocr_line' id='line_1_38' title="bbox 342 2535 1920 2613; baseline 0.007 -28"><span class='ocrx_word' id='word_1_250' title='bbox 342 2535 579 2601; x_wconf 86' lang='grc' dir='ltr'>μάλιστα</span> <span class='ocrx_word' id='word_1_251' title='bbox 620 2535 726 2589; x_wconf 85' lang='grc' dir='ltr'><strong>τῶν</strong></span> <span class='ocrx_word' id='word_1_252' title='bbox 777 2535 846 2589; x_wconf 83' lang='grc' dir='ltr'><strong>τὰ</strong></span> <span class='ocrx_word' id='word_1_253' title='bbox 893 2537 1081 2607; x_wconf 87' lang='grc' dir='ltr'>πρῶτα</span> <span class='ocrx_word' id='word_1_254' title='bbox 1125 2539 1226 2608; x_wconf 81' lang='grc' dir='ltr'>τῆς</span> <span class='ocrx_word' id='word_1_255' title='bbox 1286 2541 1569 2612; x_wconf 89' lang='grc' dir='ltr'>Ῥωμαίων</span> <span class='ocrx_word' id='word_1_256' title='bbox 1617 2543 1920 2613; x_wconf 80' lang='grc' dir='ltr'>συγκλήτου</span> 
     </span>
    </p>
   </div>
   <div class='ocr_carea' id='block_1_39' title="bbox 339 2624 1917 2704">
    <p class='ocr_par' dir='ltr' id='par_1_39' title="bbox 339 2624 1917 2704">
     <span class='ocr_line' id='line_1_39' title="bbox 339 2624 1917 2704; baseline 0.005 -26"><span class='ocrx_word' id='word_1_257' title='bbox 339 2624 540 2695; x_wconf 73' lang='grc' dir='ltr'>βουλῆς</span> <span class='ocrx_word' id='word_1_258' title='bbox 563 2627 1014 2698; x_wconf 81' lang='grc' dir='ltr'>ἀπενηνεγμένων</span> <span class='ocrx_word' id='word_1_259' title='bbox 1037 2630 1382 2703; x_wconf 77' lang='grc' dir='ltr'>ἐμπαροινῶν</span> <span class='ocrx_word' id='word_1_260' title='bbox 1408 2635 1518 2695; x_wconf 84' lang='grc' dir='ltr'>τοῖς</span> <span class='ocrx_word' id='word_1_261' title='bbox 1547 2632 1917 2704; x_wconf 82' lang='grc' dir='ltr'>ἐξοχωτάτοις.</span> 
     </span>
    </p>
   </div>
   <div class='ocr_carea' id='block_1_40' title="bbox 339 2716 1921 2796">
    <p class='ocr_par' dir='ltr' id='par_1_40' title="bbox 339 2716 1921 2796">
     <span class='ocr_line' id='line_1_40' title="bbox 339 2716 1921 2796; baseline 0.007 -28"><span class='ocrx_word' id='word_1_262' title='bbox 339 2716 406 2768; x_wconf 86' lang='lat' dir='ltr'><strong>0i.</strong></span> <span class='ocrx_word' id='word_1_263' title='bbox 441 2716 640 2780; x_wconf 79' lang='grc' dir='ltr'>πάντες</span> <span class='ocrx_word' id='word_1_264' title='bbox 675 2717 719 2770; x_wconf 88' lang='grc' dir='ltr'>δ’</span> <span class='ocrx_word' id='word_1_265' title='bbox 752 2719 913 2770; x_wconf 80' lang='grc' dir='ltr'>αὑτὸν</span> <span class='ocrx_word' id='word_1_266' title='bbox 944 2720 1391 2792; x_wconf 73' lang='grc' dir='ltr'>ὑποπεπτηχότες</span> <span class='ocrx_word' id='word_1_267' title='bbox 1422 2724 1581 2795; x_wconf 81' lang='grc' dir='ltr'>δῆμοι</span> <span class='ocrx_word' id='word_1_268' title='bbox 1611 2726 1704 2778; x_wconf 68' lang='grc' dir='ltr'>καὶ</span> <span class='ocrx_word' id='word_1_269' title='bbox 1726 2726 1921 2796; x_wconf 82' lang='grc' dir='ltr'>ἄρχον-</span> 
     </span>
    </p>
   </div>
   <div class='ocr_carea' id='block_1_41' title="bbox 338 2807 1920 2887">
    <p class='ocr_par' dir='ltr' id='par_1_41' title="bbox 338 2807 1920 2887">
     <span class='ocr_line' id='line_1_41' title="bbox 338 2807 1920 2887; baseline 0.006 -29"><span class='ocrx_word' id='word_1_270' title='bbox 338 2823 452 2870; x_wconf 86' lang='grc' dir='ltr'>τες,</span> <span class='ocrx_word' id='word_1_271' title='bbox 478 2807 675 2874; x_wconf 80' lang='grc' dir='ltr'>ἔνδοξοί</span> <span class='ocrx_word' id='word_1_272' title='bbox 702 2827 760 2862; x_wconf 90' lang='grc' dir='ltr'><strong>τε</strong></span> <span class='ocrx_word' id='word_1_273' title='bbox 791 2811 884 2862; x_wconf 55' lang='grc' dir='ltr'><strong>καὶ¹</strong></span> <span class='ocrx_word' id='word_1_274' title='bbox 912 2811 1107 2877; x_wconf 80' lang='grc' dir='ltr'>ἄδοξοι,</span> <span class='ocrx_word' id='word_1_275' title='bbox 1129 2812 1272 2885; x_wconf 81' lang='grc' dir='ltr'>δεινῇ</span> <span class='ocrx_word' id='word_1_276' title='bbox 1303 2815 1696 2886; x_wconf 80' lang='grc' dir='ltr'>κατετρὺχοντο</span> <span class='ocrx_word' id='word_1_277' title='bbox 1725 2833 1920 2887; x_wconf 84' lang='grc' dir='ltr'>τυραν-</span> 
     </span>
    </p>
   </div>
   <div class='ocr_carea' id='block_1_42' title="bbox 341 2893 1918 2978">
    <p class='ocr_par' dir='ltr' id='par_1_42' title="bbox 341 2893 1918 2978">
     <span class='ocr_line' id='line_1_42' title="bbox 341 2893 1918 2978; baseline 0.007 -29"><span class='ocrx_word' id='word_1_278' title='bbox 341 2898 464 2950; x_wconf 79' lang='grc' dir='ltr'>νίόι.</span> <span class='ocrx_word' id='word_1_279' title='bbox 499 2900 608 2952; x_wconf 74' lang='grc' dir='ltr'>Καὶ</span> <span class='ocrx_word' id='word_1_280' title='bbox 636 2901 744 2954; x_wconf 70' lang='grc' dir='ltr'>οὐδ’</span> <span class='ocrx_word' id='word_1_281' title='bbox 775 2903 1124 2973; x_wconf 68' lang='grc' dir='ltr'>ἠρεμούντων</span> <span class='ocrx_word' id='word_1_282' title='bbox 1154 2905 1248 2956; x_wconf 76' lang='grc' dir='ltr'><strong>καὶ</strong></span> <span class='ocrx_word' id='word_1_283' title='bbox 1291 2893 1388 2977; x_wconf 78' lang='grc' dir='ltr'>τὴν</span> <span class='ocrx_word' id='word_1_284' title='bbox 1417 2906 1619 2978; x_wconf 75' lang='grc' dir='ltr'>πικρὰν</span> <span class='ocrx_word' id='word_1_285' title='bbox 1647 2908 1918 2978; x_wconf 82' lang='grc' dir='ltr'>φερόντων</span> 
     </span>
    </p>
   </div>
   <div class='ocr_carea' id='block_1_43' title="bbox 335 2988 1915 3069">
    <p class='ocr_par' dir='ltr' id='par_1_43' title="bbox 335 2988 1915 3069">
     <span class='ocr_line' id='line_1_43' title="bbox 335 2988 1915 3069; baseline 0.005 -27"><span class='ocrx_word' id='word_1_286' title='bbox 335 2988 602 3056; x_wconf 55' lang='grc' dir='ltr'>διυλείαν,</span> <span class='ocrx_word' id='word_1_287' title='bbox 639 2992 923 3065; x_wconf 79' lang='grc' dir='ltr'>ἀπαλλαγή</span> <span class='ocrx_word' id='word_1_288' title='bbox 961 3011 1044 3058; x_wconf 89' lang='grc' dir='ltr'><strong>τις</strong></span> <span class='ocrx_word' id='word_1_289' title='bbox 1083 2994 1231 3064; x_wconf 84' lang='grc' dir='ltr'>ὅμως</span> <span class='ocrx_word' id='word_1_290' title='bbox 1267 2991 1335 3066; x_wconf 80' lang='grc' dir='ltr'>ἦν</span> <span class='ocrx_word' id='word_1_291' title='bbox 1381 2998 1480 3067; x_wconf 80' lang='grc' dir='ltr'>τῆς</span> <span class='ocrx_word' id='word_1_292' title='bbox 1516 2999 1609 3050; x_wconf 83' lang='grc' dir='ltr'>τοῦ</span> <span class='ocrx_word' id='word_1_293' title='bbox 1652 2997 1915 3069; x_wconf 82' lang='grc' dir='ltr'>τυράννου</span> 
     </span>
    </p>
   </div>
   <div class='ocr_carea' id='block_1_44' title="bbox 339 3082 1917 3158">
    <p class='ocr_par' dir='ltr' id='par_1_44' title="bbox 339 3082 1917 3158">
     <span class='ocr_line' id='line_1_44' title="bbox 339 3082 1917 3158; baseline 0.002 -20"><span class='ocrx_word' id='word_1_294' title='bbox 339 3082 587 3153; x_wconf 63' lang='grc' dir='ltr'>φονώσης</span> <span class='ocrx_word' id='word_1_295' title='bbox 614 3085 890 3156; x_wconf 80' lang='grc' dir='ltr'>ὠμότητος</span> <span class='ocrx_word' id='word_1_296' title='bbox 911 3103 924 3115; x_wconf 84' lang='lat'><strong><em>°</em></strong></span> <span class='ocrx_word' id='word_1_297' title='bbox 963 3086 1055 3139; x_wconf 74' lang='grc' dir='ltr'>ἐπὶ</span> <span class='ocrx_word' id='word_1_298' title='bbox 1087 3089 1293 3158; x_wconf 79' lang='grc' dir='ltr'>σμικρᾷ</span> <span class='ocrx_word' id='word_1_299' title='bbox 1321 3086 1450 3154; x_wconf 81' lang='grc' dir='ltr'>γοῦν</span> <span class='ocrx_word' id='word_1_300' title='bbox 1489 3088 1589 3158; x_wconf 75' lang='grc' dir='ltr'>ἤδη</span> <span class='ocrx_word' id='word_1_301' title='bbox 1627 3088 1755 3141; x_wconf 88' lang='grc' dir='ltr'><strong>ποτέ</strong></span> <span class='ocrx_word' id='word_1_302' title='bbox 1785 3105 1917 3158; x_wconf 87' lang='grc' dir='ltr'>προ-</span> 
     </span>
    </p>
   </div>
   <div class='ocr_carea' id='block_1_45' title="bbox 337 3175 1914 3250">
    <p class='ocr_par' dir='ltr' id='par_1_45' title="bbox 337 3175 1914 3250">
     <span class='ocr_line' id='line_1_45' title="bbox 337 3175 1914 3250; baseline 0.004 -23"><span class='ocrx_word' id='word_1_303' title='bbox 337 3176 519 3242; x_wconf 65' lang='grc' dir='ltr'>φάσει,</span> <span class='ocrx_word' id='word_1_304' title='bbox 546 3175 637 3228; x_wconf 82' lang='grc' dir='ltr'><strong>τὸν</strong></span> <span class='ocrx_word' id='word_1_305' title='bbox 674 3177 841 3247; x_wconf 81' lang='grc' dir='ltr'>δῆμον</span> <span class='ocrx_word' id='word_1_306' title='bbox 885 3179 964 3240; x_wconf 84' lang='grc' dir='ltr'><strong>είς</strong></span> <span class='ocrx_word' id='word_1_307' title='bbox 997 3178 1156 3246; x_wconf 85' lang='grc' dir='ltr'>φόνον</span> <span class='ocrx_word' id='word_1_308' title='bbox 1184 3182 1296 3242; x_wconf 87' lang='grc' dir='ltr'>τοῖς</span> <span class='ocrx_word' id='word_1_309' title='bbox 1324 3179 1460 3249; x_wconf 85' lang='grc' dir='ltr'>ἀμφ’</span> <span class='ocrx_word' id='word_1_310' title='bbox 1491 3179 1653 3232; x_wconf 83' lang='grc' dir='ltr'>αὑτὸν</span> <span class='ocrx_word' id='word_1_311' title='bbox 1683 3180 1914 3250; x_wconf 85' lang='grc' dir='ltr'>δορυφό-</span> 
     </span>
    </p>
   </div>
   <div class='ocr_carea' id='block_1_46' title="bbox 337 3267 1915 3343">
    <p class='ocr_par' dir='ltr' id='par_1_46' title="bbox 337 3267 1915 3343">
     <span class='ocr_line' id='line_1_46' title="bbox 337 3267 1915 3343; baseline 0.006 -26"><span class='ocrx_word' id='word_1_312' title='bbox 337 3284 452 3336; x_wconf 80' lang='grc' dir='ltr'>ροις</span> <span class='ocrx_word' id='word_1_313' title='bbox 483 3267 879 3337; x_wconf 82' lang='grc' dir='ltr'>ἐκδίδωσι(71),</span> <span class='ocrx_word' id='word_1_314' title='bbox 932 3269 1026 3322; x_wconf 71' lang='grc' dir='ltr'><strong>καὶ</strong></span> <span class='ocrx_word' id='word_1_315' title='bbox 1069 3270 1341 3323; x_wconf 78' lang='grc' dir='ltr'>ἐκτείνετο</span> <span class='ocrx_word' id='word_1_316' title='bbox 1387 3271 1556 3343; x_wconf 84' lang='grc' dir='ltr'>μυρία</span> <span class='ocrx_word' id='word_1_317' title='bbox 1591 3270 1686 3324; x_wconf 76' lang='grc' dir='ltr'><strong>τοῦ</strong></span> <span class='ocrx_word' id='word_1_318' title='bbox 1742 3271 1915 3343; x_wconf 80' lang='grc' dir='ltr'>δήμου</span> 
     </span>
    </p>
   </div>
   <div class='ocr_carea' id='block_1_47' title="bbox 348 3359 1916 3432">
    <p class='ocr_par' dir='ltr' id='par_1_47' title="bbox 348 3359 1916 3432">
     <span class='ocr_line' id='line_1_47' title="bbox 348 3359 1916 3432; baseline 0.005 -22"><span class='ocrx_word' id='word_1_319' title='bbox 348 3360 632 3429; x_wconf 88' lang='grc' dir='ltr'>Ῥωμαίων</span> <span class='ocrx_word' id='word_1_320' title='bbox 663 3359 838 3431; x_wconf 80' lang='grc' dir='ltr'>πλήθη</span> <span class='ocrx_word' id='word_1_321' title='bbox 875 3362 965 3414; x_wconf 73' lang='grc' dir='ltr'><strong>ἐπὶ</strong></span> <span class='ocrx_word' id='word_1_322' title='bbox 999 3361 1170 3430; x_wconf 88' lang='grc' dir='ltr'>μέσης</span> <span class='ocrx_word' id='word_1_323' title='bbox 1209 3362 1308 3432; x_wconf 84' lang='grc' dir='ltr'>τῆς</span> <span class='ocrx_word' id='word_1_324' title='bbox 1341 3362 1569 3429; x_wconf 87' lang='grc' dir='ltr'>πόλεως,</span> <span class='ocrx_word' id='word_1_325' title='bbox 1603 3363 1664 3416; x_wconf 88' lang='grc' dir='ltr'><strong>οὑ</strong></span> <span class='ocrx_word' id='word_1_326' title='bbox 1695 3363 1916 3418; x_wconf 81' lang='grc' dir='ltr'>Σκυθῶν</span> 
     </span>
    </p>
   </div>
   <div class='ocr_carea' id='block_1_48' title="bbox 333 3451 1916 3527">
    <p class='ocr_par' dir='ltr' id='par_1_48' title="bbox 333 3451 1916 3527">
     <span class='ocr_line' id='line_1_48' title="bbox 333 3451 1916 3527; baseline 0.005 -25"><span class='ocrx_word' id='word_1_327' title='bbox 333 3451 455 3503; x_wconf 72' lang='grc' dir='ltr'>οὐδὲ</span> <span class='ocrx_word' id='word_1_328' title='bbox 499 3451 809 3523; x_wconf 75' lang='grc' dir='ltr'>βαρϐάρων,</span> <span class='ocrx_word' id='word_1_329' title='bbox 844 3453 956 3506; x_wconf 85' lang='grc' dir='ltr'>ἀλλ’</span> <span class='ocrx_word' id='word_1_330' title='bbox 988 3454 1165 3506; x_wconf 80' lang='grc' dir='ltr'>αὐτῶν</span> <span class='ocrx_word' id='word_1_331' title='bbox 1196 3455 1304 3507; x_wconf 89' lang='grc' dir='ltr'><strong>τῶν</strong></span> <span class='ocrx_word' id='word_1_332' title='bbox 1344 3455 1558 3509; x_wconf 76' lang='grc' dir='ltr'>οἰκείων</span> <span class='ocrx_word' id='word_1_333' title='bbox 1596 3456 1782 3527; x_wconf 88' lang='grc' dir='ltr'>δόρασι</span> <span class='ocrx_word' id='word_1_334' title='bbox 1822 3459 1916 3510; x_wconf 80' lang='grc' dir='ltr'><strong>καὶ</strong></span> 
     </span>
    </p>
   </div>
   <div class='ocr_carea' id='block_1_49' title="bbox 337 3542 1912 3615">
    <p class='ocr_par' dir='ltr' id='par_1_49' title="bbox 337 3542 1912 3615">
     <span class='ocr_line' id='line_1_49' title="bbox 337 3542 1912 3615; baseline 0.003 -21"><span class='ocrx_word' id='word_1_335' title='bbox 337 3542 680 3606; x_wconf 77' lang='grc' dir='ltr'>πανοπλίαις.</span> <span class='ocrx_word' id='word_1_336' title='bbox 727 3543 1114 3614; x_wconf 85' lang='grc' dir='ltr'>Συγκλητικῶν</span> <span class='ocrx_word' id='word_1_337' title='bbox 1152 3561 1215 3611; x_wconf 88' lang='grc' dir='ltr'><strong>γε</strong></span> <span class='ocrx_word' id='word_1_338' title='bbox 1260 3545 1366 3615; x_wconf 79' lang='grc' dir='ltr'>μὴν</span> <span class='ocrx_word' id='word_1_339' title='bbox 1407 3545 1566 3613; x_wconf 86' lang='grc' dir='ltr'>φόνος</span> <span class='ocrx_word' id='word_1_340' title='bbox 1609 3547 1804 3608; x_wconf 85' lang='grc' dir='ltr'>ὁπόσος</span> <span class='ocrx_word' id='word_1_341' title='bbox 1848 3545 1912 3598; x_wconf 88' lang='grc' dir='ltr'>δι’</span> 
     </span>
    </p>
   </div>
   <div class='ocr_carea' id='block_1_50' title="bbox 333 3633 1912 3707">
    <p class='ocr_par' dir='ltr' id='par_1_50' title="bbox 333 3633 1912 3707">
     <span class='ocr_line' id='line_1_50' title="bbox 333 3633 1912 3707; baseline 0.002 -22"><span class='ocrx_word' id='word_1_342' title='bbox 333 3633 621 3704; x_wconf 77' lang='grc' dir='ltr'>ἐπιϐουλὴν</span> <span class='ocrx_word' id='word_1_343' title='bbox 655 3636 934 3704; x_wconf 79' lang='grc' dir='ltr'>ἐνηργεῖτο</span> <span class='ocrx_word' id='word_1_344' title='bbox 962 3635 1060 3704; x_wconf 78' lang='grc' dir='ltr'><strong>τῆς</strong></span> <span class='ocrx_word' id='word_1_345' title='bbox 1081 3636 1288 3699; x_wconf 76' lang='grc' dir='ltr'>οὐσίας,</span> <span class='ocrx_word' id='word_1_346' title='bbox 1321 3635 1427 3688; x_wconf 77' lang='grc' dir='ltr'>οὐδ’</span> <span class='ocrx_word' id='word_1_347' title='bbox 1448 3634 1912 3707; x_wconf 81' lang='grc' dir='ltr'>ἐξαριθμήσασθαι</span> 
     </span>
    </p>
   </div>
   <div class='ocr_carea' id='block_1_51' title="bbox 331 3725 1911 3798">
    <p class='ocr_par' dir='ltr' id='par_1_51' title="bbox 331 3725 1911 3798">
     <span class='ocr_line' id='line_1_51' title="bbox 331 3725 1911 3798; baseline 0.001 -22"><span class='ocrx_word' id='word_1_348' title='bbox 331 3725 572 3789; x_wconf 82' lang='grc' dir='ltr'>δυνατὸν,</span> <span class='ocrx_word' id='word_1_349' title='bbox 602 3725 788 3778; x_wconf 80' lang='grc' dir='ltr'>ἄλλοτε</span> <span class='ocrx_word' id='word_1_350' title='bbox 819 3726 1006 3789; x_wconf 78' lang='grc' dir='ltr'>ἄλλαις</span> <span class='ocrx_word' id='word_1_351' title='bbox 1033 3726 1442 3796; x_wconf 81' lang='grc' dir='ltr'>πεπλασμέναις</span> <span class='ocrx_word' id='word_1_352' title='bbox 1470 3727 1672 3790; x_wconf 82' lang='grc' dir='ltr'>αἰτίαις</span> <span class='ocrx_word' id='word_1_353' title='bbox 1705 3728 1911 3798; x_wconf 85' lang='grc' dir='ltr'>μυρίων</span> 
     </span>
    </p>
   </div>
   <div class='ocr_carea' id='block_1_52' title="bbox 333 3821 1912 3894">
    <p class='ocr_par' dir='ltr' id='par_1_52' title="bbox 333 3821 1912 3894">
     <span class='ocr_line' id='line_1_52' title="bbox 333 3821 1912 3894; baseline 0.003 -22"><span class='ocrx_word' id='word_1_354' title='bbox 333 3821 763 3891; x_wconf 81' lang='grc' dir='ltr'>ἀναιρουμένων.</span> <span class='ocrx_word' id='word_1_355' title='bbox 807 3822 872 3872; x_wconf 84' lang='grc' dir='ltr'><strong><em>Ἦ</em></strong></span> <span class='ocrx_word' id='word_1_356' title='bbox 914 3821 970 3873; x_wconf 82' lang='grc' dir='ltr'><strong>δὲ</strong></span> <span class='ocrx_word' id='word_1_357' title='bbox 1004 3821 1109 3874; x_wconf 85' lang='grc' dir='ltr'><strong>τῶν</strong></span> <span class='ocrx_word' id='word_1_358' title='bbox 1138 3823 1324 3875; x_wconf 82' lang='grc' dir='ltr'>κακῶν</span> <span class='ocrx_word' id='word_1_359' title='bbox 1351 3821 1430 3892; x_wconf 82' lang='grc' dir='ltr'>τῷ</span> <span class='ocrx_word' id='word_1_360' title='bbox 1459 3822 1706 3892; x_wconf 79' lang='grc' dir='ltr'>τυράννῳ</span> <span class='ocrx_word' id='word_1_361' title='bbox 1736 3841 1912 3894; x_wconf 79' lang='grc' dir='ltr'>κορω-</span> 
     </span>
    </p>
   </div>
   <div class='ocr_carea' id='block_1_53' title="bbox 331 3911 1910 3984">
    <p class='ocr_par' dir='ltr' id='par_1_53' title="bbox 331 3911 1910 3984">
     <span class='ocr_line' id='line_1_53' title="bbox 331 3911 1910 3984; baseline 0.003 -22"><span class='ocrx_word' id='word_1_362' title='bbox 331 3912 430 3974; x_wconf 76' lang='grc' dir='ltr'>νὶς,</span> <span class='ocrx_word' id='word_1_363' title='bbox 456 3912 550 3963; x_wconf 78' lang='grc' dir='ltr'>ἐπὶ</span> <span class='ocrx_word' id='word_1_364' title='bbox 571 3911 823 3981; x_wconf 87' lang='grc' dir='ltr'>γοητείαν</span> <span class='ocrx_word' id='word_1_365' title='bbox 840 3911 1054 3982; x_wconf 69' lang='grc' dir='ltr'>ἤλαυνε·</span> <span class='ocrx_word' id='word_1_366' title='bbox 1092 3915 1353 3982; x_wconf 83' lang='grc' dir='ltr'>μαγικαῖς</span> <span class='ocrx_word' id='word_1_367' title='bbox 1383 3913 1644 3977; x_wconf 84' lang='grc' dir='ltr'>ἐπινοίαις</span> <span class='ocrx_word' id='word_1_368' title='bbox 1662 3913 1773 3984; x_wconf 71' lang='lat'><strong>(72)</strong></span> <span class='ocrx_word' id='word_1_369' title='bbox 1790 3914 1910 3966; x_wconf 87' lang='grc' dir='ltr'>τοτὲ</span> 
     </span>
    </p>
   </div>
   <div class='ocr_carea' id='block_1_54' title="bbox 335 4002 1908 4073">
    <p class='ocr_par' dir='ltr' id='par_1_54' title="bbox 335 4002 1908 4073">
     <span class='ocr_line' id='line_1_54' title="bbox 335 4002 1908 4073; baseline 0.002 -20"><span class='ocrx_word' id='word_1_370' title='bbox 335 4008 432 4073; x_wconf 72' lang='grc' dir='ltr'>μὲν</span> <span class='ocrx_word' id='word_1_371' title='bbox 481 4005 742 4070; x_wconf 81' lang='grc' dir='ltr'>γυναῖκας</span> <span class='ocrx_word' id='word_1_372' title='bbox 783 4003 1093 4072; x_wconf 83' lang='grc' dir='ltr'>ἐγκύμονας</span> <span class='ocrx_word' id='word_1_373' title='bbox 1123 4002 1524 4073; x_wconf 79' lang='grc' dir='ltr'>ἁνασχίζοντος,</span> <span class='ocrx_word' id='word_1_374' title='bbox 1553 4005 1672 4057; x_wconf 86' lang='grc' dir='ltr'>τοτὲ</span> <span class='ocrx_word' id='word_1_375' title='bbox 1700 4004 1755 4056; x_wconf 84' lang='grc' dir='ltr'>δὲ</span> <span class='ocrx_word' id='word_1_376' title='bbox 1791 4022 1908 4057; x_wconf 87' lang='grc' dir='ltr'>νεο-</span> 
     </span>
    </p>
   </div>
   <div class='ocr_carea' id='block_1_55' title="bbox 330 4093 1908 4166">
    <p class='ocr_par' dir='ltr' id='par_1_55' title="bbox 330 4093 1908 4166">
     <span class='ocr_line' id='line_1_55' title="bbox 330 4093 1908 4166; baseline 0.001 -20"><span class='ocrx_word' id='word_1_377' title='bbox 330 4095 474 4163; x_wconf 83' lang='grc' dir='ltr'>γνῶν</span> <span class='ocrx_word' id='word_1_378' title='bbox 515 4093 798 4164; x_wconf 81' lang='grc' dir='ltr'>σπ).ἀγχνα</span> <span class='ocrx_word' id='word_1_379' title='bbox 833 4094 1048 4165; x_wconf 84' lang='grc' dir='ltr'>βρεφῶν</span> <span class='ocrx_word' id='word_1_380' title='bbox 1095 4094 1540 4166; x_wconf 85' lang='grc' dir='ltr'>διερευνωμένου,</span> <span class='ocrx_word' id='word_1_381' title='bbox 1582 4095 1800 4159; x_wconf 86' lang='grc' dir='ltr'>λέοντάς</span> <span class='ocrx_word' id='word_1_382' title='bbox 1850 4112 1908 4148; x_wconf 88' lang='grc' dir='ltr'><strong>τε</strong></span> 
     </span>
    </p>
   </div>
   <div class='ocr_carea' id='block_1_56' title="bbox 329 4186 1907 4258">
    <p class='ocr_par' dir='ltr' id='par_1_56' title="bbox 329 4186 1907 4258">
     <span class='ocr_line' id='line_1_56' title="bbox 329 4186 1907 4258; baseline 0.001 -20"><span class='ocrx_word' id='word_1_383' title='bbox 329 4186 822 4254; x_wconf 78' lang='grc' dir='ltr'>κατασφάττοντος,</span> <span class='ocrx_word' id='word_1_384' title='bbox 871 4187 963 4239; x_wconf 90' lang='grc' dir='ltr'><strong>καί</strong></span> <span class='ocrx_word' id='word_1_385' title='bbox 994 4203 1145 4250; x_wconf 87' lang='grc' dir='ltr'>τινας</span> <span class='ocrx_word' id='word_1_386' title='bbox 1173 4187 1566 4258; x_wconf 76' lang='grc' dir='ltr'>ἀρῤητοποιίας</span> <span class='ocrx_word' id='word_1_387' title='bbox 1593 4187 1686 4240; x_wconf 77' lang='grc' dir='ltr'><strong>ἐπὶ</strong></span> <span class='ocrx_word' id='word_1_388' title='bbox 1717 4187 1907 4257; x_wconf 89' lang='grc' dir='ltr'>δαιμό-</span> 
     </span>
    </p>
   </div>
   <div class='ocr_carea' id='block_1_57' title="bbox 327 4277 1907 4349">
    <p class='ocr_par' dir='ltr' id='par_1_57' title="bbox 327 4277 1907 4349">
     <span class='ocr_line' id='line_1_57' title="bbox 327 4277 1907 4349; baseline 0.001 -20"><span class='ocrx_word' id='word_1_389' title='bbox 327 4293 437 4329; x_wconf 86' lang='grc' dir='ltr'><strong>νων</strong></span> <span class='ocrx_word' id='word_1_390' title='bbox 493 4277 822 4348; x_wconf 85' lang='grc' dir='ltr'>προκλήσεις</span> <span class='ocrx_word' id='word_1_391' title='bbox 878 4279 972 4330; x_wconf 59' lang='grc' dir='ltr'><strong>κοιλ⁵</strong></span> <span class='ocrx_word' id='word_1_392' title='bbox 1025 4278 1484 4348; x_wconf 60' lang='grc' dir='ltr'>ἀποτροπιασμὸνι</span> <span class='ocrx_word' id='word_1_393' title='bbox 1520 4277 1614 4331; x_wconf 83' lang='grc' dir='ltr'>τοῦ</span> <span class='ocrx_word' id='word_1_394' title='bbox 1673 4278 1907 4349; x_wconf 85' lang='grc' dir='ltr'>πολέμου</span> 
     </span>
    </p>
   </div>
   <div class='ocr_carea' id='block_1_58' title="bbox 327 4369 1908 4443">
    <p class='ocr_par' dir='ltr' id='par_1_58' title="bbox 327 4369 1908 4443">
     <span class='ocr_line' id='line_1_58' title="bbox 327 4369 1908 4443; baseline 0.001 -23"><span class='ocrx_word' id='word_1_395' title='bbox 327 4369 749 4440; x_wconf 75' lang='grc' dir='ltr'>συνισταμένουο</span> <span class='ocrx_word' id='word_1_396' title='bbox 786 4369 873 4422; x_wconf 83' lang='grc' dir='ltr'><strong>διὰ</strong></span> <span class='ocrx_word' id='word_1_397' title='bbox 918 4369 1120 4422; x_wconf 84' lang='grc' dir='ltr'>τούτων</span> <span class='ocrx_word' id='word_1_398' title='bbox 1169 4371 1278 4443; x_wconf 82' lang='grc' dir='ltr'>γὰρ</span> <span class='ocrx_word' id='word_1_399' title='bbox 1325 4370 1473 4441; x_wconf 85' lang='grc' dir='ltr'>αὑτῷ</span> <span class='ocrx_word' id='word_1_400' title='bbox 1505 4370 1574 4423; x_wconf 84' lang='grc' dir='ltr'>τὰ</span> <span class='ocrx_word' id='word_1_401' title='bbox 1618 4370 1716 4440; x_wconf 87' lang='grc' dir='ltr'>τῆς</span> <span class='ocrx_word' id='word_1_402' title='bbox 1753 4370 1908 4441; x_wconf 85' lang='grc' dir='ltr'>νίκης</span> 
     </span>
    </p>
   </div>
   <div class='ocr_carea' id='block_1_59' title="bbox 326 4455 1906 4533">
    <p class='ocr_par' dir='ltr' id='par_1_59' title="bbox 326 4455 1906 4533">
     <span class='ocr_line' id='line_1_59' title="bbox 326 4455 1906 4533; baseline 0.001 -21"><span class='ocrx_word' id='word_1_403' title='bbox 326 4460 860 4531; x_wconf 80' lang='grc' dir='ltr'>κατορθωθήσεσθαι,</span> <span class='ocrx_word' id='word_1_404' title='bbox 898 4463 930 4532; x_wconf 87' lang='grc' dir='ltr'><strong>ή</strong></span> <span class='ocrx_word' id='word_1_405' title='bbox 974 4463 1126 4515; x_wconf 75' lang='grc' dir='ltr'>πᾶσα</span> <span class='ocrx_word' id='word_1_406' title='bbox 1170 4463 1467 4533; x_wconf 79' lang='grc' dir='ltr'>ἐτύγχανεν</span> <span class='ocrx_word' id='word_1_407' title='bbox 1513 4462 1689 4525; x_wconf 89' lang='grc' dir='ltr'>ἐλπίς.</span> <span class='ocrx_word' id='word_1_408' title='bbox 1738 4455 1906 4526; x_wconf 76' lang='grc' dir='ltr'>Οὗτος</span> 
     </span>
    </p>
   </div>
   <div class='ocr_carea' id='block_1_60' title="bbox 329 4547 1903 4624">
    <p class='ocr_par' dir='ltr' id='par_1_60' title="bbox 329 4547 1903 4624">
     <span class='ocr_line' id='line_1_60' title="bbox 329 4547 1903 4624; baseline 0.001 -21"><span class='ocrx_word' id='word_1_409' title='bbox 329 4553 427 4621; x_wconf 83' lang='grc' dir='ltr'>μὲν</span> <span class='ocrx_word' id='word_1_410' title='bbox 456 4547 548 4604; x_wconf 82' lang='grc' dir='ltr'>οὖν</span> <span class='ocrx_word' id='word_1_411' title='bbox 577 4553 670 4604; x_wconf 74' lang='grc' dir='ltr'>ἐπὶ</span> <span class='ocrx_word' id='word_1_412' title='bbox 709 4552 929 4623; x_wconf 81' lang='grc' dir='ltr'>Ῥώμης</span> <span class='ocrx_word' id='word_1_413' title='bbox 960 4551 1258 4624; x_wconf 89' lang='grc' dir='ltr'>τυραννῶν,</span> <span class='ocrx_word' id='word_1_414' title='bbox 1297 4553 1405 4605; x_wconf 84' lang='grc' dir='ltr'>οὐδ’</span> <span class='ocrx_word' id='word_1_415' title='bbox 1433 4552 1579 4605; x_wconf 81' lang='grc' dir='ltr'>ἐστιν</span> <span class='ocrx_word' id='word_1_416' title='bbox 1615 4552 1788 4606; x_wconf 76' lang='grc' dir='ltr'>εἰπεῖν</span> <span class='ocrx_word' id='word_1_417' title='bbox 1817 4550 1903 4605; x_wconf 76' lang='grc' dir='ltr'><strong>οἷα</strong></span> 
     </span>
    </p>
   </div>
   <div class='ocr_carea' id='block_1_61' title="bbox 323 4644 1898 4717">
    <p class='ocr_par' dir='ltr' id='par_1_61' title="bbox 323 4644 1898 4717">
     <span class='ocr_line' id='line_1_61' title="bbox 323 4644 1898 4717; baseline 0.001 -20"><span class='ocrx_word' id='word_1_418' title='bbox 323 4645 465 4716; x_wconf 86' lang='grc' dir='ltr'>δρῶν</span> <span class='ocrx_word' id='word_1_419' title='bbox 504 4646 630 4708; x_wconf 81' lang='grc' dir='ltr'>τοὺς</span> <span class='ocrx_word' id='word_1_420' title='bbox 675 4646 948 4714; x_wconf 87' lang='grc' dir='ltr'>ὑπηκόους</span> <span class='ocrx_word' id='word_1_421' title='bbox 979 4644 1380 4708; x_wconf 78' lang='grc' dir='ltr'>κατεδουλοῦτο,</span> <span class='ocrx_word' id='word_1_422' title='bbox 1415 4645 1490 4709; x_wconf 83' lang='grc' dir='ltr'>ὼς</span> <span class='ocrx_word' id='word_1_423' title='bbox 1528 4645 1627 4717; x_wconf 75' lang='grc' dir='ltr'>ἤδη</span> <span class='ocrx_word' id='word_1_424' title='bbox 1671 4646 1764 4698; x_wconf 75' lang='grc' dir='ltr'><strong>καὶ</strong></span> <span class='ocrx_word' id='word_1_425' title='bbox 1791 4645 1898 4698; x_wconf 87' lang='grc' dir='ltr'><strong>τῶν</strong></span> 
     </span>
    </p>
   </div>
   <div class='ocr_carea' id='block_1_62' title="bbox 325 4734 1900 4806">
    <p class='ocr_par' dir='ltr' id='par_1_62' title="bbox 325 4734 1900 4806">
     <span class='ocr_line' id='line_1_62' title="bbox 325 4734 1900 4806; baseline 0 -19"><span class='ocrx_word' id='word_1_426' title='bbox 325 4734 639 4802; x_wconf 84' lang='grc' dir='ltr'>ἀναγκαίων</span> <span class='ocrx_word' id='word_1_427' title='bbox 687 4734 899 4803; x_wconf 83' lang='grc' dir='ltr'>τροφῶν</span> <span class='ocrx_word' id='word_1_428' title='bbox 947 4737 1004 4787; x_wconf 83' lang='grc' dir='ltr'><strong>ἐν</strong></span> <span class='ocrx_word' id='word_1_429' title='bbox 1053 4736 1256 4806; x_wconf 84' lang='grc' dir='ltr'>ἐσχάτῃ</span> <span class='ocrx_word' id='word_1_430' title='bbox 1307 4735 1498 4788; x_wconf 81' lang='grc' dir='ltr'>σπάνει</span> <span class='ocrx_word' id='word_1_431' title='bbox 1548 4735 1644 4788; x_wconf 74' lang='grc' dir='ltr'><strong>καὶ</strong></span> <span class='ocrx_word' id='word_1_432' title='bbox 1695 4736 1900 4806; x_wconf 76' lang='grc' dir='ltr'>ἀπορίᾳ</span> 
     </span>
    </p>
   </div>
   <div class='ocr_carea' id='block_1_63' title="bbox 395 4927 1900 4996">
    <p class='ocr_par' dir='ltr' id='par_1_63' title="bbox 395 4927 1900 4996">
     <span class='ocr_line' id='line_1_63' title="bbox 395 4927 1900 4996; baseline 0.003 -16"><span class='ocrx_word' id='word_1_433' title='bbox 395 4927 507 4996; x_wconf 83' lang='lat'><strong>(70)</strong></span> <span class='ocrx_word' id='word_1_434' title='bbox 538 4927 776 4996; x_wconf 81' lang='grc' dir='ltr'>Πρώτου</span> <span class='ocrx_word' id='word_1_435' title='bbox 804 4929 872 4983; x_wconf 84' lang='grc' dir='ltr'>δὲ</span> <span class='ocrx_word' id='word_1_436' title='bbox 893 4932 1127 4984; x_wconf 67' lang='grc' dir='ltr'>τούτου.</span> <span class='ocrx_word' id='word_1_437' title='bbox 1157 4929 1278 4985; x_wconf 70' lang='grc' dir='ltr'>Ιιιρο</span> <span class='ocrx_word' id='word_1_438' title='bbox 1318 4931 1477 4985; x_wconf 86' lang='lat' dir='ltr'><strong>verba</strong></span> <span class='ocrx_word' id='word_1_439' title='bbox 1511 4931 1699 4985; x_wconf 87' lang='lat' dir='ltr'><strong>eodem</strong></span> <span class='ocrx_word' id='word_1_440' title='bbox 1742 4931 1900 4985; x_wconf 89' lang='lat' dir='ltr'><strong>modo</strong></span> 
     </span>
    </p>
   </div>
   <div class='ocr_carea' id='block_1_64' title="bbox 325 5002 1900 5069">
    <p class='ocr_par' dir='ltr' id='par_1_64' title="bbox 325 5002 1900 5069">
     <span class='ocr_line' id='line_1_64' title="bbox 325 5002 1900 5069; baseline 0.003 -20"><span class='ocrx_word' id='word_1_441' title='bbox 325 5006 642 5069; x_wconf 79' lang='lat' dir='ltr'><strong>exponenda</strong></span> <span class='ocrx_word' id='word_1_442' title='bbox 687 5011 832 5069; x_wconf 89' lang='lat' dir='ltr'><strong>sunt,</strong></span> <span class='ocrx_word' id='word_1_443' title='bbox 859 5017 967 5069; x_wconf 87' lang='lat' dir='ltr'><strong>quo</strong></span> <span class='ocrx_word' id='word_1_444' title='bbox 1004 5002 1089 5055; x_wconf 89' lang='lat' dir='ltr'><strong>illa</strong></span> <span class='ocrx_word' id='word_1_445' title='bbox 1123 5002 1371 5068; x_wconf 89' lang='lat' dir='ltr'><strong>superius</strong></span> <span class='ocrx_word' id='word_1_446' title='bbox 1409 5018 1437 5054; x_wconf 89' lang='lat' dir='ltr'><strong>a</strong></span> <span class='ocrx_word' id='word_1_447' title='bbox 1469 5003 1628 5055; x_wconf 81' lang='lat' dir='ltr'><strong>nobis</strong></span> <span class='ocrx_word' id='word_1_448' title='bbox 1656 5003 1900 5069; x_wconf 82' lang='lat' dir='ltr'><strong>exposita</strong></span> 
     </span>
    </p>
   </div>
   <div class='ocr_carea' id='block_1_65' title="bbox 328 5068 1900 5139">
    <p class='ocr_par' dir='ltr' id='par_1_65' title="bbox 328 5068 1900 5139">
     <span class='ocr_line' id='line_1_65' title="bbox 328 5068 1900 5139; baseline 0.002 -20"><span class='ocrx_word' id='word_1_449' title='bbox 328 5068 541 5138; x_wconf 82' lang='grc' dir='ltr'>πρῶτός</span> <span class='ocrx_word' id='word_1_450' title='bbox 571 5086 630 5121; x_wconf 88' lang='grc' dir='ltr'><strong>τε</strong></span> <span class='ocrx_word' id='word_1_451' title='bbox 661 5071 717 5122; x_wconf 82' lang='grc' dir='ltr'><strong>ἐν</strong></span> <span class='ocrx_word' id='word_1_452' title='bbox 749 5068 907 5132; x_wconf 82' lang='grc' dir='ltr'>θεοῖς.</span> <span class='ocrx_word' id='word_1_453' title='bbox 941 5072 1012 5125; x_wconf 78' lang='lat' dir='ltr'><strong>At</strong></span> <span class='ocrx_word' id='word_1_454' title='bbox 1051 5071 1581 5139; x_wconf 73' lang='lat' dir='ltr'><strong>tlhristnphorsmms</strong></span> <span class='ocrx_word' id='word_1_455' title='bbox 1635 5068 1774 5124; x_wconf 84' lang='lat' dir='ltr'><strong>hunc</strong></span> <span class='ocrx_word' id='word_1_456' title='bbox 1824 5073 1900 5123; x_wconf 84' lang='lat' dir='ltr'><strong>lo-</strong></span> 
     </span>
    </p>
   </div>
   <div class='ocr_carea' id='block_1_66' title="bbox 326 5139 1898 5221">
    <p class='ocr_par' dir='ltr' id='par_1_66' title="bbox 326 5139 1898 5221">
     <span class='ocr_line' id='line_1_66' title="bbox 326 5139 1898 5221; baseline 0.004 -33"><span class='ocrx_word' id='word_1_457' title='bbox 326 5152 447 5221; x_wconf 78' lang='lat' dir='ltr'><strong>cum</strong></span> <span class='ocrx_word' id='word_1_458' title='bbox 507 5139 579 5192; x_wconf 90' lang='lat' dir='ltr'><strong>ita</strong></span> <span class='ocrx_word' id='word_1_459' title='bbox 630 5139 1022 5209; x_wconf 79' lang='lat' dir='ltr'><strong>interpretatus</strong></span> <span class='ocrx_word' id='word_1_460' title='bbox 1053 5150 1160 5204; x_wconf 88' lang='lat' dir='ltr'><strong>est,</strong></span> <span class='ocrx_word' id='word_1_461' title='bbox 1187 5143 1339 5210; x_wconf 87' lang='lat' dir='ltr'><strong>quasi</strong></span> <span class='ocrx_word' id='word_1_462' title='bbox 1397 5140 1666 5212; x_wconf 77' lang='lat' dir='ltr'><strong>legeretur</strong></span> <span class='ocrx_word' id='word_1_463' title='bbox 1706 5141 1814 5211; x_wconf 83' lang='grc' dir='ltr'><strong>πρὸ</strong></span> <span class='ocrx_word' id='word_1_464' title='bbox 1841 5141 1898 5194; x_wconf 81' lang='grc' dir='ltr'>δὲ</span> 
     </span>
    </p>
   </div>
   <div class='ocr_carea' id='block_1_67' title="bbox 324 5221 532 5262">
    <p class='ocr_par' dir='ltr' id='par_1_67' title="bbox 324 5221 532 5262">
     <span class='ocr_line' id='line_1_67' title="bbox 324 5221 532 5262; baseline 0.01 -3"><span class='ocrx_word' id='word_1_465' title='bbox 324 5221 532 5262; x_wconf 81' lang='grc' dir='ltr'>τουτου.</span> 
     </span>
    </p>
   </div>
   <div class='ocr_carea' id='block_1_68' title="bbox 395 5278 1882 5349">
    <p class='ocr_par' dir='ltr' id='par_1_68' title="bbox 395 5278 1882 5349">
     <span class='ocr_line' id='line_1_68' title="bbox 395 5278 1882 5349; baseline 0.004 -21"><span class='ocrx_word' id='word_1_466' title='bbox 395 5278 508 5347; x_wconf 76' lang='lat' dir='ltr'><strong>(7i)</strong></span> <span class='ocrx_word' id='word_1_467' title='bbox 559 5278 683 5344; x_wconf 80' lang='grc' dir='ltr'>Τοῖς</span> <span class='ocrx_word' id='word_1_468' title='bbox 731 5281 873 5349; x_wconf 60' lang='grc' dir='ltr'>ἀμφ’</span> <span class='ocrx_word' id='word_1_469' title='bbox 939 5279 1129 5334; x_wconf 81' lang='grc' dir='ltr'>αὐτὸν</span> <span class='ocrx_word' id='word_1_470' title='bbox 1182 5280 1536 5348; x_wconf 64' lang='grc' dir='ltr'>δορυφόροις</span> <span class='ocrx_word' id='word_1_471' title='bbox 1579 5279 1882 5334; x_wconf 80' lang='grc' dir='ltr'>ἐκδίδωσι.</span> 
     </span>
    </p>
   </div>
   <div class='ocr_carea' id='block_1_69' title="bbox 325 5346 1884 5404">
    <p class='ocr_par' dir='ltr' id='par_1_69' title="bbox 325 5346 1884 5404">
     <span class='ocr_line' id='line_1_69' title="bbox 325 5346 1884 5404; baseline 0.002 -3"><span class='ocrx_word' id='word_1_472' title='bbox 325 5346 676 5402; x_wconf 87' lang='lat' dir='ltr'><strong>ldemrelert</strong></span> <span class='ocrx_word' id='word_1_473' title='bbox 719 5346 968 5403; x_wconf 78' lang='lat' dir='ltr'><strong>Aurelius</strong></span> <span class='ocrx_word' id='word_1_474' title='bbox 1000 5350 1182 5404; x_wconf 87' lang='lat' dir='ltr'><strong>Victor</strong></span> <span class='ocrx_word' id='word_1_475' title='bbox 1214 5346 1266 5402; x_wconf 82' lang='lat' dir='ltr'><strong>in</strong></span> <span class='ocrx_word' id='word_1_476' title='bbox 1306 5346 1577 5404; x_wconf 66' lang='lat' dir='ltr'><strong>Maientio</strong></span> <span class='ocrx_word' id='word_1_477' title='bbox 1619 5368 1631 5403; x_wconf 84' lang='lat'><strong>;</strong></span> <span class='ocrx_word' id='word_1_478' title='bbox 1669 5370 1685 5401; x_wconf 82' lang='grc' dir='ltr'><strong>ι</strong></span> <span class='ocrx_word' id='word_1_479' title='bbox 1735 5353 1884 5403; x_wconf 84' lang='lat' dir='ltr'><strong>Adeo</strong></span> 
     </span>
    </p>
   </div>
   <div class='ocr_carea' id='block_1_70' title="bbox 325 5420 1886 5488">
    <p class='ocr_par' dir='ltr' id='par_1_70' title="bbox 325 5420 1886 5488">
     <span class='ocr_line' id='line_1_70' title="bbox 325 5420 1886 5488; baseline 0.001 -18"><span class='ocrx_word' id='word_1_480' title='bbox 325 5433 520 5480; x_wconf 60' lang='lat' dir='ltr'><strong>sanus,</strong></span> <span class='ocrx_word' id='word_1_481' title='bbox 551 5421 625 5472; x_wconf 90' lang='lat' dir='ltr'><strong>uti</strong></span> <span class='ocrx_word' id='word_1_482' title='bbox 664 5420 1010 5473; x_wconf 68' lang='lat' dir='ltr'><strong>Praatnrianis</strong></span> <span class='ocrx_word' id='word_1_483' title='bbox 1061 5421 1258 5472; x_wconf 69' lang='lat' dir='ltr'><strong>caedem</strong></span> <span class='ocrx_word' id='word_1_484' title='bbox 1305 5421 1444 5488; x_wconf 83' lang='lat' dir='ltr'><strong>vulgi</strong></span> <span class='ocrx_word' id='word_1_485' title='bbox 1482 5423 1754 5487; x_wconf 76' lang='lat' dir='ltr'><strong>quondam</strong></span> <span class='ocrx_word' id='word_1_486' title='bbox 1792 5436 1886 5472; x_wconf 84' lang='lat' dir='ltr'><strong>an-</strong></span> 
     </span>
    </p>
   </div>
   <div class='ocr_carea' id='block_1_71' title="bbox 327 5488 1884 5558">
    <p class='ocr_par' dir='ltr' id='par_1_71' title="bbox 327 5488 1884 5558">
     <span class='ocr_line' id='line_1_71' title="bbox 327 5488 1884 5558; baseline 0 -18"><span class='ocrx_word' id='word_1_487' title='bbox 327 5488 526 5558; x_wconf 78' lang='lat' dir='ltr'><strong>ttnerit.</strong></span> <span class='ocrx_word' id='word_1_488' title='bbox 568 5507 586 5538; x_wconf 72' lang='grc' dir='ltr'><strong>ι</strong></span> <span class='ocrx_word' id='word_1_489' title='bbox 615 5489 1003 5543; x_wconf 88' lang='lat' dir='ltr'><strong>Constantinus</strong></span> <span class='ocrx_word' id='word_1_490' title='bbox 1024 5504 1168 5553; x_wconf 75' lang='lat' dir='ltr'><strong>vero,</strong></span> <span class='ocrx_word' id='word_1_491' title='bbox 1203 5491 1347 5542; x_wconf 83' lang='lat' dir='ltr'><strong>victo</strong></span> <span class='ocrx_word' id='word_1_492' title='bbox 1376 5501 1557 5558; x_wconf 88' lang='lat' dir='ltr'><strong>postea</strong></span> <span class='ocrx_word' id='word_1_493' title='bbox 1593 5490 1884 5555; x_wconf 81' lang='lat' dir='ltr'><strong>Maxentio,</strong></span> 
     </span>
    </p>
   </div>
   <div class='ocr_carea' id='block_1_72' title="bbox 326 5556 1886 5628">
    <p class='ocr_par' dir='ltr' id='par_1_72' title="bbox 326 5556 1886 5628">
     <span class='ocr_line' id='line_1_72' title="bbox 326 5556 1886 5628; baseline 0.002 -20"><span class='ocrx_word' id='word_1_494' title='bbox 326 5556 690 5612; x_wconf 72' lang='lat' dir='ltr'><strong>Pnetorianas</strong></span> <span class='ocrx_word' id='word_1_495' title='bbox 721 5560 970 5612; x_wconf 87' lang='lat' dir='ltr'><strong>cohortes</strong></span> <span class='ocrx_word' id='word_1_496' title='bbox 1010 5559 1279 5623; x_wconf 86' lang='lat' dir='ltr'><strong>abolevit;</strong></span> <span class='ocrx_word' id='word_1_497' title='bbox 1344 5556 1524 5626; x_wconf 78' lang='lat' dir='ltr'><strong>specie</strong></span> <span class='ocrx_word' id='word_1_498' title='bbox 1563 5561 1780 5628; x_wconf 79' lang='lat' dir='ltr'><strong>quidem</strong></span> <span class='ocrx_word' id='word_1_499' title='bbox 1819 5562 1886 5611; x_wconf 89' lang='lat' dir='ltr'><strong>ob</strong></span> 
     </span>
    </p>
   </div>
   <div class='ocr_carea' id='block_1_73' title="bbox 323 5629 1889 5697">
    <p class='ocr_par' dir='ltr' id='par_1_73' title="bbox 323 5629 1889 5697">
     <span class='ocr_line' id='line_1_73' title="bbox 323 5629 1889 5697; baseline 0.001 -18"><span class='ocrx_word' id='word_1_500' title='bbox 323 5639 441 5679; x_wconf 86' lang='lat' dir='ltr'><strong>eam</strong></span> <span class='ocrx_word' id='word_1_501' title='bbox 463 5629 602 5697; x_wconf 81' lang='lat' dir='ltr'><strong>vulgi</strong></span> <span class='ocrx_word' id='word_1_502' title='bbox 633 5631 854 5690; x_wconf 73' lang='lat' dir='ltr'><strong>eaedem,</strong></span> <span class='ocrx_word' id='word_1_503' title='bbox 879 5630 971 5682; x_wconf 91' lang='lat' dir='ltr'><strong>sed</strong></span> <span class='ocrx_word' id='word_1_504' title='bbox 1001 5630 1198 5696; x_wconf 87' lang='lat' dir='ltr'><strong>reipsa,</strong></span> <span class='ocrx_word' id='word_1_505' title='bbox 1230 5644 1295 5682; x_wconf 90' lang='lat' dir='ltr'><strong>ne</strong></span> <span class='ocrx_word' id='word_1_506' title='bbox 1325 5644 1410 5682; x_wconf 89' lang='lat' dir='ltr'><strong>res</strong></span> <span class='ocrx_word' id='word_1_507' title='bbox 1433 5643 1600 5681; x_wconf 86' lang='lat' dir='ltr'><strong>novas</strong></span> <span class='ocrx_word' id='word_1_508' title='bbox 1637 5629 1889 5683; x_wconf 87' lang='lat' dir='ltr'><strong>moliren-</strong></span> 
     </span>
    </p>
   </div>
   <div class='ocr_carea' id='block_1_74' title="bbox 326 5697 1885 5765">
    <p class='ocr_par' dir='ltr' id='par_1_74' title="bbox 326 5697 1885 5765">
     <span class='ocr_line' id='line_1_74' title="bbox 326 5697 1885 5765; baseline 0.003 -19"><span class='ocrx_word' id='word_1_509' title='bbox 326 5705 449 5759; x_wconf 89' lang='lat' dir='ltr'><strong>tur;</strong></span> <span class='ocrx_word' id='word_1_510' title='bbox 490 5713 627 5752; x_wconf 80' lang='lat' dir='ltr'><strong>neve</strong></span> <span class='ocrx_word' id='word_1_511' title='bbox 667 5699 1022 5765; x_wconf 83' lang='lat' dir='ltr'><strong>imperatores</strong></span> <span class='ocrx_word' id='word_1_512' title='bbox 1048 5708 1319 5760; x_wconf 84' lang='lat' dir='ltr'><strong>crearent,</strong></span> <span class='ocrx_word' id='word_1_513' title='bbox 1350 5709 1509 5762; x_wconf 84' lang='lat' dir='ltr'><strong>prout</strong></span> <span class='ocrx_word' id='word_1_514' title='bbox 1550 5697 1885 5750; x_wconf 80' lang='lat' dir='ltr'><strong>Maxentium</strong></span> 
     </span>
    </p>
   </div>
   <div class='ocr_carea' id='block_1_75' title="bbox 321 5767 1887 5834">
    <p class='ocr_par' dir='ltr' id='par_1_75' title="bbox 321 5767 1887 5834">
     <span class='ocr_line' id='line_1_75' title="bbox 321 5767 1887 5834; baseline -0.001 -13"><span class='ocrx_word' id='word_1_515' title='bbox 321 5768 628 5834; x_wconf 72' lang='lat' dir='ltr'><strong>Augustum</strong></span> <span class='ocrx_word' id='word_1_516' title='bbox 659 5773 1118 5824; x_wconf 81' lang='lat' dir='ltr'><strong>renuntiaverant.</strong></span> <span class='ocrx_word' id='word_1_517' title='bbox 1170 5767 1334 5822; x_wconf 80' lang='lat' dir='ltr'><strong>l’orro</strong></span> <span class='ocrx_word' id='word_1_518' title='bbox 1365 5767 1613 5823; x_wconf 88' lang='lat' dir='ltr'><strong>Zosimus</strong></span> <span class='ocrx_word' id='word_1_519' title='bbox 1643 5767 1887 5823; x_wconf 82' lang='lat' dir='ltr'><strong>eamdem</strong></span> 
     </span>
    </p>
   </div>
   <div class='ocr_carea' id='block_1_76' title="bbox 2037 1896 3608 1971">
    <p class='ocr_par' dir='ltr' id='par_1_76' title="bbox 2037 1896 3608 1971">
     <span class='ocr_line' id='line_1_76' title="bbox 2037 1896 3608 1971; baseline 0.006 -23"><span class='ocrx_word' id='word_1_520' title='bbox 2037 1896 2190 1965; x_wconf 91' lang='lat' dir='ltr'><strong>pibus</strong></span> <span class='ocrx_word' id='word_1_521' title='bbox 2226 1897 2525 1950; x_wconf 84' lang='lat' dir='ltr'><strong>videretur.</strong></span> <span class='ocrx_word' id='word_1_522' title='bbox 2558 1898 2753 1952; x_wconf 76' lang='lat' dir='ltr'><strong>Verum</strong></span> <span class='ocrx_word' id='word_1_523' title='bbox 2798 1915 3085 1970; x_wconf 83' lang='lat' dir='ltr'><strong>progressu</strong></span> <span class='ocrx_word' id='word_1_524' title='bbox 3141 1903 3405 1971; x_wconf 90' lang='lat' dir='ltr'><strong>temporis</strong></span> <span class='ocrx_word' id='word_1_525' title='bbox 3436 1903 3608 1958; x_wconf 83' lang='lat' dir='ltr'><strong>hand-</strong></span> 
     </span>
    </p>
   </div>
   <div class='ocr_carea' id='block_1_77' title="bbox 2033 1989 3607 2064">
    <p class='ocr_par' dir='ltr' id='par_1_77' title="bbox 2033 1989 3607 2064">
     <span class='ocr_line' id='line_1_77' title="bbox 2033 1989 3607 2064; baseline 0.004 -24"><span class='ocrx_word' id='word_1_526' title='bbox 2033 2003 2303 2056; x_wconf 90' lang='lat' dir='ltr'><strong>quaquam</strong></span> <span class='ocrx_word' id='word_1_527' title='bbox 2337 1989 2494 2043; x_wconf 89' lang='lat' dir='ltr'><strong>talem</strong></span> <span class='ocrx_word' id='word_1_528' title='bbox 2527 2005 2586 2044; x_wconf 90' lang='lat' dir='ltr'><strong>se</strong></span> <span class='ocrx_word' id='word_1_529' title='bbox 2617 1991 2778 2044; x_wconf 88' lang='lat' dir='ltr'><strong>rebus</strong></span> <span class='ocrx_word' id='word_1_530' title='bbox 2826 1992 2955 2060; x_wconf 90' lang='lat' dir='ltr'><strong>ipsis</strong></span> <span class='ocrx_word' id='word_1_531' title='bbox 2995 1993 3265 2061; x_wconf 73' lang='lat' dir='ltr'><strong>praestitit,</strong></span> <span class='ocrx_word' id='word_1_532' title='bbox 3301 1994 3474 2064; x_wconf 85' lang='lat' dir='ltr'><strong>qualis</strong></span> <span class='ocrx_word' id='word_1_533' title='bbox 3523 1995 3607 2046; x_wconf 60' lang='lat' dir='ltr'><strong>fua-</strong></span> 
     </span>
    </p>
   </div>
   <div class='ocr_carea' id='block_1_78' title="bbox 2035 2082 3606 2150">
    <p class='ocr_par' dir='ltr' id='par_1_78' title="bbox 2035 2082 3606 2150">
     <span class='ocr_line' id='line_1_78' title="bbox 2035 2082 3606 2150; baseline 0.004 -17"><span class='ocrx_word' id='word_1_534' title='bbox 2035 2089 2191 2136; x_wconf 89' lang='lat' dir='ltr'><strong>turus</strong></span> <span class='ocrx_word' id='word_1_535' title='bbox 2218 2082 2562 2150; x_wconf 88' lang='lat' dir='ltr'><strong>sperabatur.</strong></span> <span class='ocrx_word' id='word_1_536' title='bbox 2597 2083 2737 2148; x_wconf 88' lang='lat' dir='ltr'><strong>Quin</strong></span> <span class='ocrx_word' id='word_1_537' title='bbox 2773 2094 2958 2139; x_wconf 88' lang='lat' dir='ltr'><strong>contra</strong></span> <span class='ocrx_word' id='word_1_538' title='bbox 3005 2087 3072 2138; x_wconf 88' lang='lat' dir='ltr'><strong>ad</strong></span> <span class='ocrx_word' id='word_1_539' title='bbox 3110 2087 3287 2139; x_wconf 89' lang='lat' dir='ltr'><strong>omnia</strong></span> <span class='ocrx_word' id='word_1_540' title='bbox 3316 2087 3519 2141; x_wconf 87' lang='lat' dir='ltr'><strong>scelera</strong></span> <span class='ocrx_word' id='word_1_541' title='bbox 3551 2097 3606 2142; x_wconf 88' lang='lat' dir='ltr'><strong>et</strong></span> 
     </span>
    </p>
   </div>
   <div class='ocr_carea' id='block_1_79' title="bbox 2032 2168 3604 2244">
    <p class='ocr_par' dir='ltr' id='par_1_79' title="bbox 2032 2168 3604 2244">
     <span class='ocr_line' id='line_1_79' title="bbox 2032 2168 3604 2244; baseline 0.006 -21"><span class='ocrx_word' id='word_1_542' title='bbox 2032 2168 2232 2239; x_wconf 79' lang='lat' dir='ltr'><strong>ﬂagitia</strong></span> <span class='ocrx_word' id='word_1_543' title='bbox 2269 2182 2404 2226; x_wconf 85' lang='lat' dir='ltr'><strong>aestu</strong></span> <span class='ocrx_word' id='word_1_544' title='bbox 2434 2173 2665 2241; x_wconf 87' lang='lat' dir='ltr'><strong>quodam</strong></span> <span class='ocrx_word' id='word_1_545' title='bbox 2707 2174 2904 2229; x_wconf 92' lang='lat' dir='ltr'><strong>mentis</strong></span> <span class='ocrx_word' id='word_1_546' title='bbox 2939 2174 3216 2244; x_wconf 87' lang='lat' dir='ltr'><strong>abreptus,</strong></span> <span class='ocrx_word' id='word_1_547' title='bbox 3265 2177 3468 2231; x_wconf 91' lang='lat' dir='ltr'><strong>nullum</strong></span> <span class='ocrx_word' id='word_1_548' title='bbox 3504 2181 3604 2232; x_wconf 55' lang='lat' dir='ltr'><strong>ima</strong></span> 
     </span>
    </p>
   </div>
   <div class='ocr_carea' id='block_1_80' title="bbox 2031 2263 3604 2335">
    <p class='ocr_par' dir='ltr' id='par_1_80' title="bbox 2031 2263 3604 2335">
     <span class='ocr_line' id='line_1_80' title="bbox 2031 2263 3604 2335; baseline 0.006 -22"><span class='ocrx_word' id='word_1_549' title='bbox 2031 2263 2248 2330; x_wconf 88' lang='lat' dir='ltr'><strong>pietatis</strong></span> <span class='ocrx_word' id='word_1_550' title='bbox 2285 2273 2379 2317; x_wconf 88' lang='lat' dir='ltr'><strong>aut</strong></span> <span class='ocrx_word' id='word_1_551' title='bbox 2437 2264 2678 2319; x_wconf 87' lang='lat' dir='ltr'><strong>libidinis</strong></span> <span class='ocrx_word' id='word_1_552' title='bbox 2715 2280 2885 2332; x_wconf 77' lang='lat' dir='ltr'><strong>genus</strong></span> <span class='ocrx_word' id='word_1_553' title='bbox 2940 2267 3306 2335; x_wconf 67' lang='lat' dir='ltr'><strong>praztermisit.</strong></span> <span class='ocrx_word' id='word_1_554' title='bbox 3369 2268 3503 2322; x_wconf 80' lang='lat' dir='ltr'><strong>Nam</strong></span> <span class='ocrx_word' id='word_1_555' title='bbox 3549 2278 3604 2323; x_wconf 88' lang='lat' dir='ltr'><strong>et</strong></span> 
     </span>
    </p>
   </div>
   <div class='ocr_carea' id='block_1_81' title="bbox 2031 2352 3598 2428">
    <p class='ocr_par' dir='ltr' id='par_1_81' title="bbox 2031 2352 3598 2428">
     <span class='ocr_line' id='line_1_81' title="bbox 2031 2352 3598 2428; baseline 0.005 -22"><span class='ocrx_word' id='word_1_556' title='bbox 2031 2352 2295 2408; x_wconf 86' lang='lat' dir='ltr'><strong>adulteria</strong></span> <span class='ocrx_word' id='word_1_557' title='bbox 2372 2363 2427 2407; x_wconf 91' lang='lat' dir='ltr'><strong>et</strong></span> <span class='ocrx_word' id='word_1_558' title='bbox 2487 2355 2898 2424; x_wconf 75' lang='lat' dir='ltr'><strong>cuiusquemodi</strong></span> <span class='ocrx_word' id='word_1_559' title='bbox 2977 2367 3164 2426; x_wconf 90' lang='lat' dir='ltr'><strong>stupra</strong></span> <span class='ocrx_word' id='word_1_560' title='bbox 3234 2360 3598 2428; x_wconf 85' lang='lat' dir='ltr'><strong>perpetrabat.</strong></span> 
     </span>
    </p>
   </div>
   <div class='ocr_carea' id='block_1_82' title="bbox 2029 2431 3599 2518">
    <p class='ocr_par' dir='ltr' id='par_1_82' title="bbox 2029 2431 3599 2518">
     <span class='ocr_line' id='line_1_82' title="bbox 2029 2431 3599 2518; baseline 0.006 -25"><span class='ocrx_word' id='word_1_561' title='bbox 2029 2431 2273 2512; x_wconf 73' lang='lat' dir='ltr'><strong>Cumque</strong></span> <span class='ocrx_word' id='word_1_562' title='bbox 2305 2461 2502 2501; x_wconf 80' lang='lat' dir='ltr'><strong>uxores</strong></span> <span class='ocrx_word' id='word_1_563' title='bbox 2539 2447 2815 2516; x_wconf 90' lang='lat' dir='ltr'><strong>legitimas</strong></span> <span class='ocrx_word' id='word_1_564' title='bbox 2869 2462 2898 2501; x_wconf 92' lang='lat' dir='ltr'><strong>a</strong></span> <span class='ocrx_word' id='word_1_565' title='bbox 2957 2449 3089 2501; x_wconf 84' lang='lat' dir='ltr'><strong>viris</strong></span> <span class='ocrx_word' id='word_1_566' title='bbox 3147 2464 3244 2518; x_wconf 87' lang='lat' dir='ltr'><strong>per</strong></span> <span class='ocrx_word' id='word_1_567' title='bbox 3303 2450 3599 2505; x_wconf 86' lang='lat' dir='ltr'><strong>divortium</strong></span> 
     </span>
    </p>
   </div>
   <div class='ocr_carea' id='block_1_83' title="bbox 2027 2526 3611 2607">
    <p class='ocr_par' dir='ltr' id='par_1_83' title="bbox 2027 2526 3611 2607">
     <span class='ocr_line' id='line_1_83' title="bbox 2027 2526 3611 2607; baseline 0.003 -19"><span class='ocrx_word' id='word_1_568' title='bbox 2027 2535 2409 2604; x_wconf 74' lang='lat' dir='ltr'><strong>abstraxisset,</strong></span> <span class='ocrx_word' id='word_1_569' title='bbox 2441 2539 2554 2606; x_wconf 90' lang='lat' dir='ltr'><strong>ipse</strong></span> <span class='ocrx_word' id='word_1_570' title='bbox 2577 2555 2702 2592; x_wconf 91' lang='lat' dir='ltr'><strong>cum</strong></span> <span class='ocrx_word' id='word_1_571' title='bbox 2733 2539 2876 2592; x_wconf 90' lang='lat' dir='ltr'><strong>omni</strong></span> <span class='ocrx_word' id='word_1_572' title='bbox 2927 2538 3168 2595; x_wconf 76' lang='lat' dir='ltr'><strong>ftetlitate</strong></span> <span class='ocrx_word' id='word_1_573' title='bbox 3223 2550 3274 2594; x_wconf 89' lang='lat' dir='ltr'><strong>et</strong></span> <span class='ocrx_word' id='word_1_574' title='bbox 3313 2526 3611 2607; x_wconf 23' lang='lat' dir='ltr'><strong>ignominia-</strong></span> 
     </span>
    </p>
   </div>
   <div class='ocr_carea' id='block_1_84' title="bbox 2026 2627 3598 2693">
    <p class='ocr_par' dir='ltr' id='par_1_84' title="bbox 2026 2627 3598 2693">
     <span class='ocr_line' id='line_1_84' title="bbox 2026 2627 3598 2693; baseline 0.003 -13"><span class='ocrx_word' id='word_1_575' title='bbox 2026 2628 2106 2681; x_wconf 88' lang='lat' dir='ltr'><strong>eis</strong></span> <span class='ocrx_word' id='word_1_576' title='bbox 2136 2627 2386 2693; x_wconf 89' lang='lat' dir='ltr'><strong>illudens,</strong></span> <span class='ocrx_word' id='word_1_577' title='bbox 2421 2630 2597 2683; x_wconf 91' lang='lat' dir='ltr'><strong>denuo</strong></span> <span class='ocrx_word' id='word_1_578' title='bbox 2631 2630 2696 2682; x_wconf 84' lang='lat' dir='ltr'><strong>ad</strong></span> <span class='ocrx_word' id='word_1_579' title='bbox 2733 2632 2957 2685; x_wconf 88' lang='lat' dir='ltr'><strong>maritos</strong></span> <span class='ocrx_word' id='word_1_580' title='bbox 2996 2631 3212 2685; x_wconf 87' lang='lat' dir='ltr'><strong>easdem</strong></span> <span class='ocrx_word' id='word_1_581' title='bbox 3264 2632 3598 2686; x_wconf 88' lang='lat' dir='ltr'><strong>remittebat.</strong></span> 
     </span>
    </p>
   </div>
   <div class='ocr_carea' id='block_1_85' title="bbox 2028 2706 3600 2788">
    <p class='ocr_par' dir='ltr' id='par_1_85' title="bbox 2028 2706 3600 2788">
     <span class='ocr_line' id='line_1_85' title="bbox 2028 2706 3600 2788; baseline 0.001 -17"><span class='ocrx_word' id='word_1_582' title='bbox 2028 2717 2212 2788; x_wconf 84' lang='lat' dir='ltr'><strong>Neque</strong></span> <span class='ocrx_word' id='word_1_583' title='bbox 2243 2733 2373 2772; x_wconf 84' lang='lat' dir='ltr'><strong>vero</strong></span> <span class='ocrx_word' id='word_1_584' title='bbox 2401 2719 2534 2773; x_wconf 77' lang='lat' dir='ltr'><strong>viles</strong></span> <span class='ocrx_word' id='word_1_585' title='bbox 2561 2720 2824 2772; x_wconf 81' lang='lat' dir='ltr'><strong>duntaxat</strong></span> <span class='ocrx_word' id='word_1_586' title='bbox 2844 2729 2900 2774; x_wconf 89' lang='lat' dir='ltr'><strong>et</strong></span> <span class='ocrx_word' id='word_1_587' title='bbox 2922 2721 3187 2776; x_wconf 88' lang='lat' dir='ltr'><strong>obscuros</strong></span> <span class='ocrx_word' id='word_1_588' title='bbox 3216 2706 3467 2777; x_wconf 89' lang='lat' dir='ltr'><strong>homines</strong></span> <span class='ocrx_word' id='word_1_589' title='bbox 3498 2721 3600 2774; x_wconf 81' lang='lat' dir='ltr'><strong>hu-</strong></span> 
     </span>
    </p>
   </div>
   <div class='ocr_carea' id='block_1_86' title="bbox 2018 2801 3599 2882">
    <p class='ocr_par' dir='ltr' id='par_1_86' title="bbox 2018 2801 3599 2882">
     <span class='ocr_line' id='line_1_86' title="bbox 2018 2801 3599 2882; baseline 0 -17"><span class='ocrx_word' id='word_1_590' title='bbox 2018 2809 2256 2878; x_wconf 89' lang='lat' dir='ltr'><strong>jusmodi</strong></span> <span class='ocrx_word' id='word_1_591' title='bbox 2285 2809 2497 2879; x_wconf 82' lang='lat' dir='ltr'><strong>injuriis</strong></span> <span class='ocrx_word' id='word_1_592' title='bbox 2529 2801 2746 2866; x_wconf 73' lang='lat' dir='ltr'><strong>allicere</strong></span> <span class='ocrx_word' id='word_1_593' title='bbox 2779 2813 3052 2877; x_wconf 77' lang='lat' dir='ltr'><strong>Studebat,</strong></span> <span class='ocrx_word' id='word_1_594' title='bbox 3080 2813 3175 2867; x_wconf 90' lang='lat' dir='ltr'><strong>sed</strong></span> <span class='ocrx_word' id='word_1_595' title='bbox 3228 2813 3350 2867; x_wconf 91' lang='lat' dir='ltr'><strong>illos</strong></span> <span class='ocrx_word' id='word_1_596' title='bbox 3409 2812 3599 2882; x_wconf 67' lang='lat' dir='ltr'><strong>praeci-</strong></span> 
     </span>
    </p>
   </div>
   <div class='ocr_carea' id='block_1_87' title="bbox 2026 2906 3600 2978">
    <p class='ocr_par' dir='ltr' id='par_1_87' title="bbox 2026 2906 3600 2978">
     <span class='ocr_line' id='line_1_87' title="bbox 2026 2906 3600 2978; baseline 0.003 -20"><span class='ocrx_word' id='word_1_597' title='bbox 2026 2922 2129 2976; x_wconf 89' lang='lat' dir='ltr'><strong>ptte</strong></span> <span class='ocrx_word' id='word_1_598' title='bbox 2161 2907 2256 2976; x_wconf 87' lang='lat' dir='ltr'><strong>qui</strong></span> <span class='ocrx_word' id='word_1_599' title='bbox 2293 2907 2343 2961; x_wconf 92' lang='lat' dir='ltr'><strong>in</strong></span> <span class='ocrx_word' id='word_1_600' title='bbox 2382 2917 2572 2962; x_wconf 89' lang='lat' dir='ltr'><strong>senatu</strong></span> <span class='ocrx_word' id='word_1_601' title='bbox 2602 2906 2849 2962; x_wconf 81' lang='lat' dir='ltr'><strong>Romano</strong></span> <span class='ocrx_word' id='word_1_602' title='bbox 2887 2909 3189 2978; x_wconf 85' lang='lat' dir='ltr'><strong>principem</strong></span> <span class='ocrx_word' id='word_1_603' title='bbox 3242 2907 3418 2962; x_wconf 92' lang='lat' dir='ltr'><strong>locum</strong></span> <span class='ocrx_word' id='word_1_604' title='bbox 3461 2908 3600 2963; x_wconf 64' lang='lat' dir='ltr'><strong>obtio</strong></span> 
     </span>
    </p>
   </div>
   <div class='ocr_carea' id='block_1_88' title="bbox 2026 2996 3594 3066">
    <p class='ocr_par' dir='ltr' id='par_1_88' title="bbox 2026 2996 3594 3066">
     <span class='ocr_line' id='line_1_88' title="bbox 2026 2996 3594 3066; baseline 0.002 -16"><span class='ocrx_word' id='word_1_605' title='bbox 2026 2996 2260 3061; x_wconf 89' lang='lat' dir='ltr'><strong>nebant,</strong></span> <span class='ocrx_word' id='word_1_606' title='bbox 2293 2997 2726 3052; x_wconf 80' lang='lat' dir='ltr'><strong>eminentissimo</strong></span> <span class='ocrx_word' id='word_1_607' title='bbox 2777 2998 2975 3066; x_wconf 87' lang='lat' dir='ltr'><strong>cuique</strong></span> <span class='ocrx_word' id='word_1_608' title='bbox 3021 2997 3258 3052; x_wconf 79' lang='lat' dir='ltr'><strong>maxime</strong></span> <span class='ocrx_word' id='word_1_609' title='bbox 3307 2998 3594 3053; x_wconf 85' lang='lat' dir='ltr'><strong>insultans.</strong></span> 
     </span>
    </p>
   </div>
   <div class='ocr_carea' id='block_1_89' title="bbox 2023 3086 3593 3158">
    <p class='ocr_par' dir='ltr' id='par_1_89' title="bbox 2023 3086 3593 3158">
     <span class='ocr_line' id='line_1_89' title="bbox 2023 3086 3593 3158; baseline 0.003 -18"><span class='ocrx_word' id='word_1_610' title='bbox 2023 3086 2252 3141; x_wconf 83' lang='lat' dir='ltr'><strong>Proinde</strong></span> <span class='ocrx_word' id='word_1_611' title='bbox 2286 3097 2396 3142; x_wconf 90' lang='lat' dir='ltr'><strong>tam</strong></span> <span class='ocrx_word' id='word_1_612' title='bbox 2423 3087 2618 3158; x_wconf 75' lang='lat' dir='ltr'><strong>plebeii</strong></span> <span class='ocrx_word' id='word_1_613' title='bbox 2656 3103 2842 3142; x_wconf 93' lang='lat' dir='ltr'><strong>omnes</strong></span> <span class='ocrx_word' id='word_1_614' title='bbox 2889 3104 3050 3158; x_wconf 86' lang='lat' dir='ltr'><strong>quam</strong></span> <span class='ocrx_word' id='word_1_615' title='bbox 3086 3089 3452 3158; x_wconf 84' lang='lat' dir='ltr'><strong>magistratus,</strong></span> <span class='ocrx_word' id='word_1_616' title='bbox 3484 3098 3593 3144; x_wconf 88' lang='lat' dir='ltr'><strong>tam</strong></span> 
     </span>
    </p>
   </div>
   <div class='ocr_carea' id='block_1_90' title="bbox 2021 3178 3594 3250">
    <p class='ocr_par' dir='ltr' id='par_1_90' title="bbox 2021 3178 3594 3250">
     <span class='ocr_line' id='line_1_90' title="bbox 2021 3178 3594 3250; baseline 0.003 -18"><span class='ocrx_word' id='word_1_617' title='bbox 2021 3179 2235 3234; x_wconf 88' lang='lat' dir='ltr'><strong>obscuri</strong></span> <span class='ocrx_word' id='word_1_618' title='bbox 2251 3195 2425 3248; x_wconf 76' lang='lat' dir='ltr'><strong>quam</strong></span> <span class='ocrx_word' id='word_1_619' title='bbox 2457 3179 2686 3243; x_wconf 91' lang='lat' dir='ltr'><strong>nobiles,</strong></span> <span class='ocrx_word' id='word_1_620' title='bbox 2719 3194 2841 3234; x_wconf 89' lang='lat' dir='ltr'><strong>eum</strong></span> <span class='ocrx_word' id='word_1_621' title='bbox 2897 3178 3338 3244; x_wconf 83' lang='lat' dir='ltr'><strong>reformidantes,</strong></span> <span class='ocrx_word' id='word_1_622' title='bbox 3387 3180 3594 3250; x_wconf 78' lang='lat' dir='ltr'><strong>gravis-</strong></span> 
     </span>
    </p>
   </div>
   <div class='ocr_carea' id='block_1_91' title="bbox 1944 3261 3595 3343">
    <p class='ocr_par' dir='ltr' id='par_1_91' title="bbox 1944 3261 3595 3343">
     <span class='ocr_line' id='line_1_91' title="bbox 1944 3261 3595 3343; baseline 0 -15"><span class='ocrx_word' id='word_1_623' title='bbox 1944 3261 1985 3318; x_wconf 83' lang='lat' dir='ltr'>C</span> <span class='ocrx_word' id='word_1_624' title='bbox 2019 3273 2153 3328; x_wconf 89' lang='lat' dir='ltr'><strong>sima</strong></span> <span class='ocrx_word' id='word_1_625' title='bbox 2181 3273 2467 3343; x_wconf 91' lang='lat' dir='ltr'><strong>tyrannide</strong></span> <span class='ocrx_word' id='word_1_626' title='bbox 2491 3273 2958 3340; x_wconf 88' lang='lat' dir='ltr'><strong>opprimebantur.</strong></span> <span class='ocrx_word' id='word_1_627' title='bbox 3007 3271 3085 3328; x_wconf 89' lang='lat' dir='ltr'><strong>Ac</strong></span> <span class='ocrx_word' id='word_1_628' title='bbox 3139 3273 3353 3326; x_wconf 90' lang='lat' dir='ltr'><strong>tametsi</strong></span> <span class='ocrx_word' id='word_1_629' title='bbox 3410 3273 3595 3341; x_wconf 87' lang='lat' dir='ltr'><strong>quiete</strong></span> 
     </span>
    </p>
   </div>
   <div class='ocr_carea' id='block_1_92' title="bbox 2019 3362 3593 3434">
    <p class='ocr_par' dir='ltr' id='par_1_92' title="bbox 2019 3362 3593 3434">
     <span class='ocr_line' id='line_1_92' title="bbox 2019 3362 3593 3434; baseline 0.001 -17"><span class='ocrx_word' id='word_1_630' title='bbox 2019 3374 2315 3434; x_wconf 87' lang='lat' dir='ltr'><strong>agerentet</strong></span> <span class='ocrx_word' id='word_1_631' title='bbox 2345 3365 2687 3434; x_wconf 86' lang='lat' dir='ltr'><strong>tyrannidem</strong></span> <span class='ocrx_word' id='word_1_632' title='bbox 2737 3363 3006 3431; x_wconf 88' lang='lat' dir='ltr'><strong>patienter</strong></span> <span class='ocrx_word' id='word_1_633' title='bbox 3052 3362 3364 3428; x_wconf 88' lang='lat' dir='ltr'><strong>tolerarent,</strong></span> <span class='ocrx_word' id='word_1_634' title='bbox 3399 3377 3466 3415; x_wconf 91' lang='lat' dir='ltr'><strong>ne</strong></span> <span class='ocrx_word' id='word_1_635' title='bbox 3515 3363 3593 3419; x_wconf 90' lang='lat' dir='ltr'><strong>sic</strong></span> 
     </span>
    </p>
   </div>
   <div class='ocr_carea' id='block_1_93' title="bbox 2018 3451 3594 3524">
    <p class='ocr_par' dir='ltr' id='par_1_93' title="bbox 2018 3451 3594 3524">
     <span class='ocr_line' id='line_1_93' title="bbox 2018 3451 3594 3524; baseline -0.002 -17"><span class='ocrx_word' id='word_1_636' title='bbox 2018 3462 2194 3509; x_wconf 90' lang='lat' dir='ltr'><strong>tamen</strong></span> <span class='ocrx_word' id='word_1_637' title='bbox 2223 3455 2392 3509; x_wconf 75' lang='lat' dir='ltr'><strong>vitare</strong></span> <span class='ocrx_word' id='word_1_638' title='bbox 2418 3463 2664 3524; x_wconf 85' lang='lat' dir='ltr'><strong>poterant</strong></span> <span class='ocrx_word' id='word_1_639' title='bbox 2684 3461 2961 3508; x_wconf 86' lang='lat' dir='ltr'><strong>cruentam</strong></span> <span class='ocrx_word' id='word_1_640' title='bbox 2987 3451 3202 3523; x_wconf 86' lang='lat' dir='ltr'><strong>tyranni</strong></span> <span class='ocrx_word' id='word_1_641' title='bbox 3227 3452 3594 3506; x_wconf 88' lang='lat' dir='ltr'><strong>atrocitatem.</strong></span> 
     </span>
    </p>
   </div>
   <div class='ocr_carea' id='block_1_94' title="bbox 2017 3528 3586 3617">
    <p class='ocr_par' dir='ltr' id='par_1_94' title="bbox 2017 3528 3586 3617">
     <span class='ocr_line' id='line_1_94' title="bbox 2017 3528 3586 3617; baseline -0.001 -17"><span class='ocrx_word' id='word_1_642' title='bbox 2017 3547 2256 3617; x_wconf 84' lang='lat' dir='ltr'><strong>Denique</strong></span> <span class='ocrx_word' id='word_1_643' title='bbox 2287 3549 2524 3616; x_wconf 87' lang='lat' dir='ltr'><strong>quodam</strong></span> <span class='ocrx_word' id='word_1_644' title='bbox 2559 3549 2645 3602; x_wconf 91' lang='lat' dir='ltr'><strong>die</strong></span> <span class='ocrx_word' id='word_1_645' title='bbox 2684 3547 3017 3602; x_wconf 88' lang='lat' dir='ltr'><strong>levissimam</strong></span> <span class='ocrx_word' id='word_1_646' title='bbox 3053 3545 3124 3599; x_wconf 89' lang='lat' dir='ltr'><strong>ob</strong></span> <span class='ocrx_word' id='word_1_647' title='bbox 3155 3553 3401 3612; x_wconf 81' lang='lat' dir='ltr'><strong>cansam,</strong></span> 
     </span>
    </p>
   </div>
   <div class='ocr_carea' id='block_1_95' title="bbox 2015 3631 3594 3708">
    <p class='ocr_par' dir='ltr' id='par_1_95' title="bbox 2015 3631 3594 3708">
     <span class='ocr_line' id='line_1_95' title="bbox 2015 3631 3594 3708; baseline -0.003 -17"><span class='ocrx_word' id='word_1_648' title='bbox 2015 3642 2271 3708; x_wconf 80' lang='lat' dir='ltr'><strong>populum.</strong></span> <span class='ocrx_word' id='word_1_649' title='bbox 2307 3637 2610 3691; x_wconf 81' lang='lat' dir='ltr'><strong>itomanum</strong></span> <span class='ocrx_word' id='word_1_650' title='bbox 2659 3636 2925 3690; x_wconf 82' lang='lat' dir='ltr'><strong>militibus</strong></span> <span class='ocrx_word' id='word_1_651' title='bbox 2973 3635 3312 3704; x_wconf 65' lang='lat' dir='ltr'><strong>praetorianis</strong></span> <span class='ocrx_word' id='word_1_652' title='bbox 3368 3631 3594 3687; x_wconf 80' lang='lat' dir='ltr'><strong>tradidit</strong></span> 
     </span>
    </p>
   </div>
   <div class='ocr_carea' id='block_1_96' title="bbox 2013 3719 3590 3797">
    <p class='ocr_par' dir='ltr' id='par_1_96' title="bbox 2013 3719 3590 3797">
     <span class='ocr_line' id='line_1_96' title="bbox 2013 3719 3590 3797; baseline -0.004 -14"><span class='ocrx_word' id='word_1_653' title='bbox 2013 3730 2391 3785; x_wconf 87' lang='lat' dir='ltr'><strong>occidendum.</strong></span> <span class='ocrx_word' id='word_1_654' title='bbox 2449 3728 2631 3797; x_wconf 84' lang='lat' dir='ltr'><strong>Atque</strong></span> <span class='ocrx_word' id='word_1_655' title='bbox 2681 3727 2754 3781; x_wconf 86' lang='lat' dir='ltr'><strong>ita</strong></span> <span class='ocrx_word' id='word_1_656' title='bbox 2824 3719 3240 3781; x_wconf 85' lang='lat' dir='ltr'><strong>innumerabilis</strong></span> <span class='ocrx_word' id='word_1_657' title='bbox 3299 3723 3590 3779; x_wconf 88' lang='lat' dir='ltr'><strong>tuultitudo</strong></span> 
     </span>
    </p>
   </div>
   <div class='ocr_carea' id='block_1_97' title="bbox 2013 3815 3588 3889">
    <p class='ocr_par' dir='ltr' id='par_1_97' title="bbox 2013 3815 3588 3889">
     <span class='ocr_line' id='line_1_97' title="bbox 2013 3815 3588 3889; baseline -0.001 -19"><span class='ocrx_word' id='word_1_658' title='bbox 2013 3819 2192 3888; x_wconf 90' lang='lat' dir='ltr'><strong>populi</strong></span> <span class='ocrx_word' id='word_1_659' title='bbox 2226 3819 2470 3881; x_wconf 78' lang='lat' dir='ltr'><strong>Romani,</strong></span> <span class='ocrx_word' id='word_1_660' title='bbox 2497 3834 2602 3872; x_wconf 91' lang='lat' dir='ltr'><strong>non</strong></span> <span class='ocrx_word' id='word_1_661' title='bbox 2634 3817 2958 3889; x_wconf 82' lang='lat' dir='ltr'><strong>Scytharum</strong></span> <span class='ocrx_word' id='word_1_662' title='bbox 2997 3831 3062 3871; x_wconf 91' lang='lat' dir='ltr'><strong>ac</strong></span> <span class='ocrx_word' id='word_1_663' title='bbox 3087 3815 3459 3877; x_wconf 85' lang='lat' dir='ltr'><strong>barbarorum,</strong></span> <span class='ocrx_word' id='word_1_664' title='bbox 3495 3817 3588 3869; x_wconf 90' lang='lat' dir='ltr'><strong>sed</strong></span> 
     </span>
    </p>
   </div>
   <div class='ocr_carea' id='block_1_98' title="bbox 2011 3906 3589 3976">
    <p class='ocr_par' dir='ltr' id='par_1_98' title="bbox 2011 3906 3589 3976">
     <span class='ocr_line' id='line_1_98' title="bbox 2011 3906 3589 3976; baseline -0.004 -14"><span class='ocrx_word' id='word_1_665' title='bbox 2011 3910 2212 3963; x_wconf 71' lang='lat' dir='ltr'><strong>civium</strong></span> <span class='ocrx_word' id='word_1_666' title='bbox 2241 3924 2467 3964; x_wconf 91' lang='lat' dir='ltr'><strong>suorum</strong></span> <span class='ocrx_word' id='word_1_667' title='bbox 2496 3909 2668 3963; x_wconf 87' lang='lat' dir='ltr'><strong>hastis</strong></span> <span class='ocrx_word' id='word_1_668' title='bbox 2693 3909 2968 3976; x_wconf 83' lang='lat' dir='ltr'><strong>armisque</strong></span> <span class='ocrx_word' id='word_1_669' title='bbox 3013 3906 3065 3959; x_wconf 92' lang='lat' dir='ltr'><strong>in</strong></span> <span class='ocrx_word' id='word_1_670' title='bbox 3100 3906 3273 3960; x_wconf 87' lang='lat' dir='ltr'><strong>Inedia</strong></span> <span class='ocrx_word' id='word_1_671' title='bbox 3312 3906 3442 3958; x_wconf 89' lang='lat' dir='ltr'><strong>urhe</strong></span> <span class='ocrx_word' id='word_1_672' title='bbox 3475 3915 3589 3958; x_wconf 86' lang='lat' dir='ltr'><strong>tru-</strong></span> 
     </span>
    </p>
   </div>
   <div class='ocr_carea' id='block_1_99' title="bbox 2012 3993 3587 4067">
    <p class='ocr_par' dir='ltr' id='par_1_99' title="bbox 2012 3993 3587 4067">
     <span class='ocr_line' id='line_1_99' title="bbox 2012 3993 3587 4067; baseline -0.004 -12"><span class='ocrx_word' id='word_1_673' title='bbox 2012 4002 2188 4055; x_wconf 84' lang='lat' dir='ltr'><strong>cidata</strong></span> <span class='ocrx_word' id='word_1_674' title='bbox 2219 4010 2322 4054; x_wconf 84' lang='lat' dir='ltr'><strong>est.</strong></span> <span class='ocrx_word' id='word_1_675' title='bbox 2378 3997 2606 4065; x_wconf 67' lang='lat' dir='ltr'><strong>Quantae</strong></span> <span class='ocrx_word' id='word_1_676' title='bbox 2635 4012 2796 4067; x_wconf 87' lang='lat' dir='ltr'><strong>porro</strong></span> <span class='ocrx_word' id='word_1_677' title='bbox 2849 4005 3165 4050; x_wconf 90' lang='lat' dir='ltr'><strong>senatorum</strong></span> <span class='ocrx_word' id='word_1_678' title='bbox 3215 3995 3388 4048; x_wconf 63' lang='lat' dir='ltr'><strong>caedes</strong></span> <span class='ocrx_word' id='word_1_679' title='bbox 3430 3993 3587 4048; x_wconf 68' lang='lat' dir='ltr'><strong>facta:</strong></span> 
     </span>
    </p>
   </div>
   <div class='ocr_carea' id='block_1_100' title="bbox 2011 4085 3585 4152">
    <p class='ocr_par' dir='ltr' id='par_1_100' title="bbox 2011 4085 3585 4152">
     <span class='ocr_line' id='line_1_100' title="bbox 2011 4085 3585 4152; baseline -0.005 -5"><span class='ocrx_word' id='word_1_680' title='bbox 2011 4094 2120 4148; x_wconf 89' lang='lat' dir='ltr'><strong>sint</strong></span> <span class='ocrx_word' id='word_1_681' title='bbox 2155 4101 2214 4145; x_wconf 83' lang='lat' dir='ltr'><strong>ut</strong></span> <span class='ocrx_word' id='word_1_682' title='bbox 2246 4092 2297 4144; x_wconf 92' lang='lat' dir='ltr'><strong>in</strong></span> <span class='ocrx_word' id='word_1_683' title='bbox 2327 4091 2466 4144; x_wconf 85' lang='lat' dir='ltr'><strong>bona</strong></span> <span class='ocrx_word' id='word_1_684' title='bbox 2498 4101 2702 4143; x_wconf 84' lang='lat' dir='ltr'><strong>eornm‘</strong></span> <span class='ocrx_word' id='word_1_685' title='bbox 2731 4089 3098 4152; x_wconf 83' lang='lat' dir='ltr'><strong>invaderetur,</strong></span> <span class='ocrx_word' id='word_1_686' title='bbox 3134 4086 3405 4139; x_wconf 89' lang='lat' dir='ltr'><strong>numerari</strong></span> <span class='ocrx_word' id='word_1_687' title='bbox 3436 4085 3585 4139; x_wconf 90' lang='lat' dir='ltr'><strong>nullo</strong></span> 
     </span>
    </p>
   </div>
   <div class='ocr_carea' id='block_1_101' title="bbox 2011 4174 3582 4252">
    <p class='ocr_par' dir='ltr' id='par_1_101' title="bbox 2011 4174 3582 4252">
     <span class='ocr_line' id='line_1_101' title="bbox 2011 4174 3582 4252; baseline -0.004 -16"><span class='ocrx_word' id='word_1_688' title='bbox 2011 4183 2174 4236; x_wconf 89' lang='lat' dir='ltr'><strong>modo</strong></span> <span class='ocrx_word' id='word_1_689' title='bbox 2221 4191 2420 4252; x_wconf 89' lang='lat' dir='ltr'><strong>potest,</strong></span> <span class='ocrx_word' id='word_1_690' title='bbox 2461 4195 2584 4233; x_wconf 93' lang='lat' dir='ltr'><strong>cum</strong></span> <span class='ocrx_word' id='word_1_691' title='bbox 2643 4179 2858 4248; x_wconf 89' lang='lat' dir='ltr'><strong>plurimi</strong></span> <span class='ocrx_word' id='word_1_692' title='bbox 2917 4178 3156 4248; x_wconf 88' lang='lat' dir='ltr'><strong>quotidie</strong></span> <span class='ocrx_word' id='word_1_693' title='bbox 3220 4174 3362 4231; x_wconf 83' lang='lat' dir='ltr'><strong>lictis</strong></span> <span class='ocrx_word' id='word_1_694' title='bbox 3415 4176 3582 4230; x_wconf 79' lang='lat' dir='ltr'><strong>variis</strong></span> 
     </span>
    </p>
   </div>
   <div class='ocr_carea' id='block_1_102' title="bbox 2009 4269 3582 4339">
    <p class='ocr_par' dir='ltr' id='par_1_102' title="bbox 2009 4269 3582 4339">
     <span class='ocr_line' id='line_1_102' title="bbox 2009 4269 3582 4339; baseline -0.006 -11"><span class='ocrx_word' id='word_1_695' title='bbox 2009 4273 2336 4328; x_wconf 89' lang='lat' dir='ltr'><strong>criminibus</strong></span> <span class='ocrx_word' id='word_1_696' title='bbox 2366 4272 2828 4325; x_wconf 83' lang='lat' dir='ltr'><strong>interficerentur.</strong></span> <span class='ocrx_word' id='word_1_697' title='bbox 2869 4269 3109 4328; x_wconf 78' lang='lat' dir='ltr'><strong>Tandem</strong></span> <span class='ocrx_word' id='word_1_698' title='bbox 3136 4283 3265 4322; x_wconf 91' lang='lat' dir='ltr'><strong>vero</strong></span> <span class='ocrx_word' id='word_1_699' title='bbox 3312 4275 3582 4339; x_wconf 82' lang='lat' dir='ltr'><strong>tyrannus</strong></span> 
     </span>
    </p>
   </div>
   <div class='ocr_carea' id='block_1_103' title="bbox 2010 4355 3581 4431">
    <p class='ocr_par' dir='ltr' id='par_1_103' title="bbox 2010 4355 3581 4431">
     <span class='ocr_line' id='line_1_103' title="bbox 2010 4355 3581 4431; baseline -0.006 -11"><span class='ocrx_word' id='word_1_700' title='bbox 2010 4364 2310 4420; x_wconf 89' lang='lat' dir='ltr'><strong>sceleribus</strong></span> <span class='ocrx_word' id='word_1_701' title='bbox 2341 4364 2457 4419; x_wconf 91' lang='lat' dir='ltr'><strong>suis</strong></span> <span class='ocrx_word' id='word_1_702' title='bbox 2497 4363 2651 4431; x_wconf 90' lang='lat' dir='ltr'><strong>quasi</strong></span> <span class='ocrx_word' id='word_1_703' title='bbox 2685 4362 2956 4431; x_wconf 88' lang='lat' dir='ltr'><strong>quoddam</strong></span> <span class='ocrx_word' id='word_1_704' title='bbox 3005 4355 3300 4428; x_wconf 83' lang='lat' dir='ltr'><strong>fastigium,</strong></span> <span class='ocrx_word' id='word_1_705' title='bbox 3359 4359 3581 4426; x_wconf 68' lang='lat' dir='ltr'><strong>magica:</strong></span> 
     </span>
    </p>
   </div>
   <div class='ocr_carea' id='block_1_104' title="bbox 2009 4448 3579 4524">
    <p class='ocr_par' dir='ltr' id='par_1_104' title="bbox 2009 4448 3579 4524">
     <span class='ocr_line' id='line_1_104' title="bbox 2009 4448 3579 4524; baseline -0.005 -16"><span class='ocrx_word' id='word_1_706' title='bbox 2009 4454 2143 4508; x_wconf 86' lang='lat' dir='ltr'><strong>artis</strong></span> <span class='ocrx_word' id='word_1_707' title='bbox 2199 4453 2505 4524; x_wconf 78' lang='lat' dir='ltr'><strong>praestigias</strong></span> <span class='ocrx_word' id='word_1_708' title='bbox 2535 4452 2815 4519; x_wconf 86' lang='lat' dir='ltr'><strong>imposuit,</strong></span> <span class='ocrx_word' id='word_1_709' title='bbox 2845 4465 2987 4504; x_wconf 92' lang='lat' dir='ltr'><strong>nunc</strong></span> <span class='ocrx_word' id='word_1_710' title='bbox 3034 4449 3288 4503; x_wconf 88' lang='lat' dir='ltr'><strong>mulieres</strong></span> <span class='ocrx_word' id='word_1_711' title='bbox 3323 4448 3579 4516; x_wconf 88' lang='lat' dir='ltr'><strong>gravidas</strong></span> 
     </span>
    </p>
   </div>
   <div class='ocr_carea' id='block_1_105' title="bbox 2010 4541 3579 4609">
    <p class='ocr_par' dir='ltr' id='par_1_105' title="bbox 2010 4541 3579 4609">
     <span class='ocr_line' id='line_1_105' title="bbox 2010 4541 3579 4609; baseline -0.004 -10"><span class='ocrx_word' id='word_1_712' title='bbox 2010 4547 2309 4609; x_wconf 72' lang='lat' dir='ltr'><strong>dissecatis,</strong></span> <span class='ocrx_word' id='word_1_713' title='bbox 2341 4560 2485 4598; x_wconf 89' lang='lat' dir='ltr'><strong>nunc</strong></span> <span class='ocrx_word' id='word_1_714' title='bbox 2527 4545 2797 4598; x_wconf 80' lang='lat' dir='ltr'><strong>infantum</strong></span> <span class='ocrx_word' id='word_1_715' title='bbox 2834 4557 3026 4598; x_wconf 84' lang='lat' dir='ltr'><strong>recens</strong></span> <span class='ocrx_word' id='word_1_716' title='bbox 3083 4541 3135 4597; x_wconf 90' lang='lat' dir='ltr'><strong>in</strong></span> <span class='ocrx_word' id='word_1_717' title='bbox 3173 4542 3347 4596; x_wconf 87' lang='lat' dir='ltr'><strong>lucem</strong></span> <span class='ocrx_word' id='word_1_718' title='bbox 3404 4541 3579 4594; x_wconf 86' lang='lat' dir='ltr'><strong>edito-</strong></span> 
     </span>
    </p>
   </div>
   <div class='ocr_carea' id='block_1_106' title="bbox 2012 4624 3577 4703">
    <p class='ocr_par' dir='ltr' id='par_1_106' title="bbox 2012 4624 3577 4703">
     <span class='ocr_line' id='line_1_106' title="bbox 2012 4624 3577 4703; baseline -0.004 -11"><span class='ocrx_word' id='word_1_719' title='bbox 2012 4654 2128 4692; x_wconf 91' lang='lat' dir='ltr'><strong>rum</strong></span> <span class='ocrx_word' id='word_1_720' title='bbox 2166 4639 2370 4692; x_wconf 91' lang='lat' dir='ltr'><strong>rimans</strong></span> <span class='ocrx_word' id='word_1_721' title='bbox 2405 4624 2650 4702; x_wconf 91' lang='lat' dir='ltr'><strong>viscera;</strong></span> <span class='ocrx_word' id='word_1_722' title='bbox 2680 4635 2862 4690; x_wconf 89' lang='lat' dir='ltr'><strong>leones</strong></span> <span class='ocrx_word' id='word_1_723' title='bbox 2900 4649 3112 4703; x_wconf 86' lang='lat' dir='ltr'><strong>quoque</strong></span> <span class='ocrx_word' id='word_1_724' title='bbox 3147 4633 3418 4688; x_wconf 87' lang='lat' dir='ltr'><strong>interdum</strong></span> <span class='ocrx_word' id='word_1_725' title='bbox 3464 4647 3577 4686; x_wconf 84' lang='lat' dir='ltr'><strong>ma-</strong></span> 
     </span>
    </p>
   </div>
   <div class='ocr_carea' id='block_1_107' title="bbox 2007 4715 3576 4798">
    <p class='ocr_par' dir='ltr' id='par_1_107' title="bbox 2007 4715 3576 4798">
     <span class='ocr_line' id='line_1_107' title="bbox 2007 4715 3576 4798; baseline -0.004 -11"><span class='ocrx_word' id='word_1_726' title='bbox 2007 4741 2162 4787; x_wconf 90' lang='lat' dir='ltr'><strong>ctans</strong></span> <span class='ocrx_word' id='word_1_727' title='bbox 2184 4769 2198 4795; x_wconf 87' lang='lat'><strong>,</strong></span> <span class='ocrx_word' id='word_1_728' title='bbox 2235 4739 2290 4784; x_wconf 90' lang='lat' dir='ltr'><strong>et</strong></span> <span class='ocrx_word' id='word_1_729' title='bbox 2312 4727 2546 4784; x_wconf 83' lang='lat' dir='ltr'><strong>nefanda</strong></span> <span class='ocrx_word' id='word_1_730' title='bbox 2582 4715 2829 4798; x_wconf 73' lang='lat' dir='ltr'><strong>quazdam</strong></span> <span class='ocrx_word' id='word_1_731' title='bbox 2861 4741 3128 4797; x_wconf 87' lang='lat' dir='ltr'><strong>peragens</strong></span> <span class='ocrx_word' id='word_1_732' title='bbox 3170 4740 3325 4780; x_wconf 88' lang='lat' dir='ltr'><strong>sacra</strong></span> <span class='ocrx_word' id='word_1_733' title='bbox 3354 4723 3423 4782; x_wconf 86' lang='lat' dir='ltr'><strong>ad</strong></span> <span class='ocrx_word' id='word_1_734' title='bbox 3468 4724 3576 4780; x_wconf 64' lang='lat' dir='ltr'><strong>daa-</strong></span> 
     </span>
    </p>
   </div>
   <div class='ocr_carea' id='block_1_108' title="bbox 2002 4924 3572 4999">
    <p class='ocr_par' dir='ltr' id='par_1_108' title="bbox 2002 4924 3572 4999">
     <span class='ocr_line' id='line_1_108' title="bbox 2002 4924 3572 4999; baseline 0 -17"><span class='ocrx_word' id='word_1_735' title='bbox 2002 4942 2216 4999; x_wconf 77' lang='lat' dir='ltr'><strong>quoque</strong></span> <span class='ocrx_word' id='word_1_736' title='bbox 2247 4927 2698 4996; x_wconf 84' lang='lat' dir='ltr'><strong>retn.licetpaulo</strong></span> <span class='ocrx_word' id='word_1_737' title='bbox 2728 4927 2911 4999; x_wconf 86' lang='lat' dir='ltr'><strong>aliter,</strong></span> <span class='ocrx_word' id='word_1_738' title='bbox 2938 4937 3148 4981; x_wconf 87' lang='lat' dir='ltr'><strong>narrat.</strong></span> <span class='ocrx_word' id='word_1_739' title='bbox 3181 4924 3572 4989; x_wconf 77' lang='lat' dir='ltr'><strong>Scribitenitm</strong></span> 
     </span>
    </p>
   </div>
   <div class='ocr_carea' id='block_1_109' title="bbox 2002 4998 3574 5066">
    <p class='ocr_par' dir='ltr' id='par_1_109' title="bbox 2002 4998 3574 5066">
     <span class='ocr_line' id='line_1_109' title="bbox 2002 4998 3574 5066; baseline -0.001 -13"><span class='ocrx_word' id='word_1_740' title='bbox 2002 4998 2122 5053; x_wconf 87' lang='lat' dir='ltr'><strong>cum</strong></span> <span class='ocrx_word' id='word_1_741' title='bbox 2173 4998 2359 5052; x_wconf 63' lang='lat' dir='ltr'><strong>Romae</strong></span> <span class='ocrx_word' id='word_1_742' title='bbox 2396 4999 2653 5066; x_wconf 87' lang='lat' dir='ltr'><strong>templum</strong></span> <span class='ocrx_word' id='word_1_743' title='bbox 2703 4998 2858 5053; x_wconf 86' lang='lat' dir='ltr'><strong>Genii</strong></span> <span class='ocrx_word' id='word_1_744' title='bbox 2895 4999 3115 5052; x_wconf 85' lang='lat' dir='ltr'><strong>fortuito</strong></span> <span class='ocrx_word' id='word_1_745' title='bbox 3147 4999 3401 5051; x_wconf 87' lang='lat' dir='ltr'><strong>incendio</strong></span> <span class='ocrx_word' id='word_1_746' title='bbox 3441 5013 3574 5052; x_wconf 90' lang='lat' dir='ltr'><strong>con-</strong></span> 
     </span>
    </p>
   </div>
   <div class='ocr_carea' id='block_1_110' title="bbox 2004 5068 3572 5138">
    <p class='ocr_par' dir='ltr' id='par_1_110' title="bbox 2004 5068 3572 5138">
     <span class='ocr_line' id='line_1_110' title="bbox 2004 5068 3572 5138; baseline -0.001 -16"><span class='ocrx_word' id='word_1_747' title='bbox 2004 5069 2280 5138; x_wconf 79' lang='lat' dir='ltr'><strong>ﬂagraret,</strong></span> <span class='ocrx_word' id='word_1_748' title='bbox 2309 5068 2602 5136; x_wconf 89' lang='lat' dir='ltr'><strong>cunctique</strong></span> <span class='ocrx_word' id='word_1_749' title='bbox 2623 5069 2686 5120; x_wconf 86' lang='lat' dir='ltr'><strong>ad</strong></span> <span class='ocrx_word' id='word_1_750' title='bbox 2710 5070 3140 5136; x_wconf 85' lang='lat' dir='ltr'><strong>restinguendum</strong></span> <span class='ocrx_word' id='word_1_751' title='bbox 3159 5069 3342 5138; x_wconf 79' lang='lat' dir='ltr'><strong>ignem</strong></span> <span class='ocrx_word' id='word_1_752' title='bbox 3372 5082 3572 5121; x_wconf 54' lang='lat' dir='ltr'><strong>accuré</strong></span> 
     </span>
    </p>
   </div>
   <div class='ocr_carea' id='block_1_111' title="bbox 2005 5137 3572 5205">
    <p class='ocr_par' dir='ltr' id='par_1_111' title="bbox 2005 5137 3572 5205">
     <span class='ocr_line' id='line_1_111' title="bbox 2005 5137 3572 5205; baseline -0.001 -13"><span class='ocrx_word' id='word_1_753' title='bbox 2005 5137 2223 5204; x_wconf 66' lang='lat' dir='ltr'><strong>rissent,</strong></span> <span class='ocrx_word' id='word_1_754' title='bbox 2250 5138 2471 5191; x_wconf 86' lang='lat' dir='ltr'><strong>militem</strong></span> <span class='ocrx_word' id='word_1_755' title='bbox 2499 5139 2779 5205; x_wconf 88' lang='lat' dir='ltr'><strong>quemdam</strong></span> <span class='ocrx_word' id='word_1_756' title='bbox 2801 5145 2889 5204; x_wconf 92' lang='lat' dir='ltr'><strong>qui</strong></span> <span class='ocrx_word' id='word_1_757' title='bbox 2913 5153 3106 5190; x_wconf 88' lang='lat' dir='ltr'><strong>numen</strong></span> <span class='ocrx_word' id='word_1_758' title='bbox 3135 5137 3262 5190; x_wconf 87' lang='lat' dir='ltr'><strong>illud</strong></span> <span class='ocrx_word' id='word_1_759' title='bbox 3292 5137 3572 5204; x_wconf 88' lang='lat' dir='ltr'><strong>gentilium</strong></span> 
     </span>
    </p>
   </div>
   <div class='ocr_carea' id='block_1_112' title="bbox 2003 5207 3576 5277">
    <p class='ocr_par' dir='ltr' id='par_1_112' title="bbox 2003 5207 3576 5277">
     <span class='ocr_line' id='line_1_112' title="bbox 2003 5207 3576 5277; baseline -0.002 -16"><span class='ocrx_word' id='word_1_760' title='bbox 2003 5209 2300 5270; x_wconf 72' lang='lat' dir='ltr'><strong>deridebat,</strong></span> <span class='ocrx_word' id='word_1_761' title='bbox 2332 5224 2359 5260; x_wconf 94' lang='lat' dir='ltr'><strong>a</strong></span> <span class='ocrx_word' id='word_1_762' title='bbox 2395 5208 2544 5277; x_wconf 89' lang='lat' dir='ltr'><strong>plebe</strong></span> <span class='ocrx_word' id='word_1_763' title='bbox 2569 5209 2948 5275; x_wconf 88' lang='lat' dir='ltr'><strong>interemptum</strong></span> <span class='ocrx_word' id='word_1_764' title='bbox 2990 5207 3176 5260; x_wconf 85' lang='lat' dir='ltr'><strong>fuisse.</strong></span> <span class='ocrx_word' id='word_1_765' title='bbox 3208 5207 3283 5260; x_wconf 84' lang='lat' dir='ltr'><strong>Ex</strong></span> <span class='ocrx_word' id='word_1_766' title='bbox 3319 5222 3426 5275; x_wconf 89' lang='lat' dir='ltr'><strong>quo</strong></span> <span class='ocrx_word' id='word_1_767' title='bbox 3459 5215 3576 5259; x_wconf 81' lang='lat' dir='ltr'><strong>tan-</strong></span> 
     </span>
    </p>
   </div>
   <div class='ocr_carea' id='block_1_113' title="bbox 2001 5277 3566 5338">
    <p class='ocr_par' dir='ltr' id='par_1_113' title="bbox 2001 5277 3566 5338">
     <span class='ocr_line' id='line_1_113' title="bbox 2001 5277 3566 5338; baseline -0.001 -8"><span class='ocrx_word' id='word_1_768' title='bbox 2001 5288 2109 5330; x_wconf 87' lang='lat' dir='ltr'><strong>tam</strong></span> <span class='ocrx_word' id='word_1_769' title='bbox 2141 5279 2320 5330; x_wconf 87' lang='lat' dir='ltr'><strong>suhito</strong></span> <span class='ocrx_word' id='word_1_770' title='bbox 2368 5278 2688 5331; x_wconf 85' lang='lat' dir='ltr'><strong>seditionem</strong></span> <span class='ocrx_word' id='word_1_771' title='bbox 2743 5277 2972 5329; x_wconf 88' lang='lat' dir='ltr'><strong>militum</strong></span> <span class='ocrx_word' id='word_1_772' title='bbox 3009 5279 3300 5338; x_wconf 85' lang='lat' dir='ltr'><strong>exarsisse,</strong></span> <span class='ocrx_word' id='word_1_773' title='bbox 3346 5285 3403 5328; x_wconf 91' lang='lat' dir='ltr'><strong>ut</strong></span> <span class='ocrx_word' id='word_1_774' title='bbox 3448 5285 3566 5328; x_wconf 85' lang='lat' dir='ltr'><strong>tota</strong></span> 
     </span>
    </p>
   </div>
   <div class='ocr_carea' id='block_1_114' title="bbox 1982 5345 3566 5416">
    <p class='ocr_par' dir='ltr' id='par_1_114' title="bbox 1982 5345 3566 5416">
     <span class='ocr_line' id='line_1_114' title="bbox 1982 5345 3566 5416; baseline -0.001 -15"><span class='ocrx_word' id='word_1_775' title='bbox 1982 5361 2118 5416; x_wconf 86' lang='lat' dir='ltr'><strong>pene</strong></span> <span class='ocrx_word' id='word_1_776' title='bbox 2149 5350 2276 5399; x_wconf 90' lang='lat' dir='ltr'><strong>urhs</strong></span> <span class='ocrx_word' id='word_1_777' title='bbox 2307 5350 2550 5416; x_wconf 82' lang='lat' dir='ltr'><strong>peritura</strong></span> <span class='ocrx_word' id='word_1_778' title='bbox 2581 5347 2761 5412; x_wconf 84' lang='lat' dir='ltr'><strong>fuerit,</strong></span> <span class='ocrx_word' id='word_1_779' title='bbox 2789 5347 2841 5398; x_wconf 94' lang='lat' dir='ltr'><strong>ni</strong></span> <span class='ocrx_word' id='word_1_780' title='bbox 2865 5345 3168 5416; x_wconf 73' lang='lat' dir='ltr'><strong>Maxentius</strong></span> <span class='ocrx_word' id='word_1_781' title='bbox 3196 5347 3566 5416; x_wconf 81' lang='lat' dir='ltr'><strong>subvenisset.-</strong></span> 
     </span>
    </p>
   </div>
   <div class='ocr_carea' id='block_1_115' title="bbox 2053 5415 3569 5486">
    <p class='ocr_par' dir='ltr' id='par_1_115' title="bbox 2053 5415 3569 5486">
     <span class='ocr_line' id='line_1_115' title="bbox 2053 5415 3569 5486; baseline -0.003 -16"><span class='ocrx_word' id='word_1_782' title='bbox 2053 5417 2163 5486; x_wconf 69' lang='lat'><strong>(72)</strong></span> <span class='ocrx_word' id='word_1_783' title='bbox 2199 5415 2486 5485; x_wconf 77' lang='grc' dir='ltr'>Μαγικαῖς</span> <span class='ocrx_word' id='word_1_784' title='bbox 2514 5417 2823 5486; x_wconf 73' lang='grc' dir='ltr'>ἐπινοίαις,</span> <span class='ocrx_word' id='word_1_785' title='bbox 2860 5415 2989 5470; x_wconf 84' lang='lat' dir='ltr'><strong>Post</strong></span> <span class='ocrx_word' id='word_1_786' title='bbox 3025 5418 3135 5470; x_wconf 67' lang='lat' dir='ltr'><strong>haec</strong></span> <span class='ocrx_word' id='word_1_787' title='bbox 3174 5418 3336 5467; x_wconf 72' lang='lat' dir='ltr'><strong>rurba</strong></span> <span class='ocrx_word' id='word_1_788' title='bbox 3369 5415 3422 5467; x_wconf 89' lang='lat' dir='ltr'><strong>in</strong></span> <span class='ocrx_word' id='word_1_789' title='bbox 3454 5415 3569 5466; x_wconf 70' lang='lat' dir='ltr'><strong>edi-</strong></span> 
     </span>
    </p>
   </div>
   <div class='ocr_carea' id='block_1_116' title="bbox 1988 5485 3565 5554">
    <p class='ocr_par' dir='ltr' id='par_1_116' title="bbox 1988 5485 3565 5554">
     <span class='ocr_line' id='line_1_116' title="bbox 1988 5485 3565 5554; baseline -0.002 -15"><span class='ocrx_word' id='word_1_790' title='bbox 1988 5485 2244 5548; x_wconf 84' lang='lat' dir='ltr'><strong>tionibus,</strong></span> <span class='ocrx_word' id='word_1_791' title='bbox 2277 5499 2329 5537; x_wconf 87' lang='lat' dir='ltr'><strong>et</strong></span> <span class='ocrx_word' id='word_1_792' title='bbox 2367 5493 2416 5538; x_wconf 87' lang='lat' dir='ltr'><strong>in</strong></span> <span class='ocrx_word' id='word_1_793' title='bbox 2457 5486 2625 5554; x_wconf 73' lang='lat' dir='ltr'><strong>Regio</strong></span> <span class='ocrx_word' id='word_1_794' title='bbox 2660 5502 2724 5540; x_wconf 87' lang='lat' dir='ltr'><strong>ac</strong></span> <span class='ocrx_word' id='word_1_795' title='bbox 2774 5485 3027 5540; x_wconf 83' lang='lat' dir='ltr'><strong>Medicaeo</strong></span> <span class='ocrx_word' id='word_1_796' title='bbox 3065 5486 3565 5554; x_wconf 24' lang='lat' dir='ltr'><strong>codicehpunctum</strong></span> 
     </span>
    </p>
   </div>
   <div class='ocr_carea' id='block_1_117' title="bbox 1986 5552 3564 5625">
    <p class='ocr_par' dir='ltr' id='par_1_117' title="bbox 1986 5552 3564 5625">
     <span class='ocr_line' id='line_1_117' title="bbox 1986 5552 3564 5625; baseline -0.002 -18"><span class='ocrx_word' id='word_1_797' title='bbox 1986 5557 2226 5625; x_wconf 79' lang='lat' dir='ltr'><strong>ponitur,</strong></span> <span class='ocrx_word' id='word_1_798' title='bbox 2250 5558 2412 5625; x_wconf 73' lang='lat' dir='ltr'><strong>quod</strong></span> <span class='ocrx_word' id='word_1_799' title='bbox 2437 5552 2997 5625; x_wconf 72' lang='lat' dir='ltr'><strong>ChristOphorsunum</strong></span> <span class='ocrx_word' id='word_1_800' title='bbox 3033 5553 3239 5608; x_wconf 84' lang='lat' dir='ltr'><strong>fefellit.</strong></span> <span class='ocrx_word' id='word_1_801' title='bbox 3267 5552 3468 5625; x_wconf 66' lang='lat' dir='ltr'><strong>verum</strong></span> <span class='ocrx_word' id='word_1_802' title='bbox 3511 5554 3564 5625; x_wconf 89' lang='lat' dir='ltr'><strong>in</strong></span> 
     </span>
    </p>
   </div>
   <div class='ocr_carea' id='block_1_118' title="bbox 1986 5623 3567 5689">
    <p class='ocr_par' dir='ltr' id='par_1_118' title="bbox 1986 5623 3567 5689">
     <span class='ocr_line' id='line_1_118' title="bbox 1986 5623 3567 5689; baseline -0.003 -13"><span class='ocrx_word' id='word_1_803' title='bbox 1986 5626 2175 5677; x_wconf 71' lang='lat' dir='ltr'><strong>codice</strong></span> <span class='ocrx_word' id='word_1_804' title='bbox 2217 5623 2518 5689; x_wconf 80' lang='lat' dir='ltr'><strong>Mazarino,</strong></span> <span class='ocrx_word' id='word_1_805' title='bbox 2557 5623 2682 5680; x_wconf 81' lang='lat' dir='ltr'><strong>ante</strong></span> <span class='ocrx_word' id='word_1_806' title='bbox 2719 5627 2814 5680; x_wconf 89' lang='lat' dir='ltr'><strong>has</strong></span> <span class='ocrx_word' id='word_1_807' title='bbox 2841 5639 3002 5678; x_wconf 85' lang='lat' dir='ltr'><strong>voces</strong></span> <span class='ocrx_word' id='word_1_808' title='bbox 3045 5626 3223 5678; x_wconf 87' lang='lat' dir='ltr'><strong>media</strong></span> <span class='ocrx_word' id='word_1_809' title='bbox 3281 5623 3567 5676; x_wconf 86' lang='lat' dir='ltr'><strong>distinctio</strong></span> 
     </span>
    </p>
   </div>
   <div class='ocr_carea' id='block_1_119' title="bbox 1988 5693 3564 5762">
    <p class='ocr_par' dir='ltr' id='par_1_119' title="bbox 1988 5693 3564 5762">
     <span class='ocr_line' id='line_1_119' title="bbox 1988 5693 3564 5762; baseline 0.001 -17"><span class='ocrx_word' id='word_1_810' title='bbox 1988 5695 2212 5762; x_wconf 89' lang='lat' dir='ltr'><strong>ponitur</strong></span> <span class='ocrx_word' id='word_1_811' title='bbox 2243 5696 2468 5762; x_wconf 89' lang='lat' dir='ltr'><strong>optime.</strong></span> <span class='ocrx_word' id='word_1_812' title='bbox 2504 5694 2760 5753; x_wconf 81' lang='lat' dir='ltr'><strong>Eatudem</strong></span> <span class='ocrx_word' id='word_1_813' title='bbox 2814 5695 3223 5752; x_wconf 83' lang='lat' dir='ltr'><strong>distinctionem</strong></span> <span class='ocrx_word' id='word_1_814' title='bbox 3276 5693 3454 5762; x_wconf 86' lang='lat' dir='ltr'><strong>reperi</strong></span> <span class='ocrx_word' id='word_1_815' title='bbox 3509 5693 3564 5746; x_wconf 78' lang='lat' dir='ltr'><strong>ill</strong></span> 
     </span>
    </p>
   </div>
   <div class='ocr_carea' id='block_1_120' title="bbox 1987 5763 2436 5819">
    <p class='ocr_par' dir='ltr' id='par_1_120' title="bbox 1987 5763 2436 5819">
     <span class='ocr_line' id='line_1_120' title="bbox 1987 5763 2436 5819; baseline -0.002 0"><span class='ocrx_word' id='word_1_816' title='bbox 1987 5766 2170 5819; x_wconf 86' lang='lat' dir='ltr'><strong>codice</strong></span> <span class='ocrx_word' id='word_1_817' title='bbox 2202 5763 2436 5818; x_wconf 77' lang='lat' dir='ltr'><strong>Fuketii.</strong></span> 
     </span>
    </p>
   </div>
  </div>
