4168 6408
577 280 677 336 783

1276 269 1546 327 EliSEBll
1585 268 2074 327 CJESARIENSlS
2112 270 2264 327 OPP.
2309 269 2493 324 PARS
2531 271 2572 326 ῐ.
2617 302 2684 312 --
2722 266 3122 324 HISTORICA.

3745 271 3848 326 78-5

574 414 766 456 mones
789 395 1111 455 evocandos.
1137 402 1189 444 et
1223 393 1286 447 ad
1325 392 1525 446 bellum
1555 395 1700 464 quod
1744 393 1856 461 jam
1911 395 2147 450 immine-

2262 393 2616 464 καταστῆναι,
2669 393 2799 455 ὅσην
2844 393 2935 444 ἐπὶ
2998 390 3218 462 Ῥώμης
3251 391 3358 443 οὐδ’
3397 390 3585 446 ἄλλοτε
3632 393 3680 445 o!
3725 389 3848 444 καθ’

574 492 665 548 bat
707 488 1101 559 depellendum.
1162 485 1254 540 llis
1307 486 1453 540 enim
1500 487 1712 540 artibus
1755 487 2040 542 victoriam
2097 503 2155 541 se

574 584 894 651 adepturum
933 579 1075 636 haud
1105 577 1266 632 dubia
1301 592 1397 647 spe
1432 587 1876 647 prmsumpserat.
1923 577 2020 631 llic
2056 579 2153 646 igi-

571 683 663 727 tur
689 675 814 727 dum
843 673 1025 726 Batnae
1055 671 1397 742 tyrannidem
1436 680 1677 734 exercet,
1706 670 1793 723 vix
1839 669 1944 724 diei
1977 678 2156 738 potest

570 777 704 836 quot
736 768 1062 834 quantisque
1095 764 1250 819 malis
1286 764 1535 818 subditos
1584 763 1942 833 oppresserit,
1995 774 2156 832 atque

573 857 624 910 iu
692 856 1007 911 servizntem
1065 854 1374 923 redegerit;
1437 853 1570 908 adeo
1625 862 1682 907 ut
1737 854 1803 906 ad
1850 864 2154 908 extremam

573 948 710 1001 trusi
755 948 866 1000 siut
915 946 1300 1000 alimentorum
1367 945 1676 1012 penuriam,
1733 944 1949 1014 qualem
1997 954 2155 998 antea

570 1041 755 1094 Romae
787 1051 880 1094 aut
911 1039 1036 1092 alibi
1069 1052 1306 1107 unquam
1339 1035 1504 1090 fuisse
1541 1035 1685 1090 nulla
1731 1037 2008 1090 hominum
2043 1052 2158 1092 me-

572 1133 742 1187 moria
776 1131 1049 1186 recordari
1081 1139 1281 1199 potest.
1325 1129 1395 1183 At
1433 1130 1484 1182 in
1519 1129 1758 1183 Orientis
1792 1127 2046 1198 partibus
2075 1141 2158 1200 ty-

572 1239 777 1278 rannus
811 1223 1158 1288 Maximinus,
1188 1223 1322 1275 inito
1365 1223 1502 1276 clam
1537 1221 1744 1275 l'tedere
1767 1237 1891 1275 cum
1934 1222 2154 1276 Maxen-

573 1317 645 1371 tio
693 1316 951 1371 Romana:
1005 1318 1158 1372 urbis
1193 1326 1448 1387 tyranno,
1483 1325 1666 1384 utpote
1713 1315 1980 1369 scelerum
2037 1331 2156 1386 ger-

573 1411 832 1463 manitate
860 1410 960 1463 sibi
985 1409 1348 1478 junctissimo,
1378 1409 1466 1463 ditt
1496 1409 1710 1478 quidem
1740 1409 1906 1465 latere
1932 1409 2154 1463 studuit.

549 1485 809 1558 'Tandem
846 1518 974 1556 vero
1000 1503 1372 1571 deprehensus
1420 1519 1610 1572 poenas
1641 1503 1849 1561 debitas
1874 1501 2154 1573 persolvit.

575 1599 760 1653 Mirum
798 1604 881 1650 est
912 1599 1053 1649 enim
1087 1607 1286 1664 quanta
1344 1597 1430 1650 hic.
1479 1596 1735 1665 tthuitia‘
1784 1595 2046 1650 aﬂlnitate
2103 1607 2156 1651 et

568 1689 945 1750 similitudine,
983 1687 1241 1743 Romana:
1277 1688 1428 1744 urbis
1477 1698 1767 1759 tyrannum
1797 1688 2148 1757 espresserit,

570 1796 658 1835 seu
695 1779 875 1847 potius
922 1779 1082 1848 loogo
1136 1779 1423 1832 intervallo
1452 1780 1744 1846 superarit.
1789 1776 1997 1846 Quippe
2051 1778 2150 1831 itu-

569 1880 847 1939 postorum
909 1881 960 1924 et
1011 1884 1288 1938 magorum
1349 1869 1619 1939 principes
1669 1869 1866 1923 summi
1928 1868 2153 1923 honoris

566 1963 772 2031 apicem
807 1962 948 2032 apud
975 1977 1095 2016 eum
1129 1962 1452 2016 obtinebant
1481 1976 1496 2015 :
1522 1977 1643 2015 cum
1683 1960 1797 2029 ipse
1829 1975 1992 2031 supra
2033 1975 2150 2014 mo-

567 2057 689 2110 dum
732 2056 1088 2110 tneticulosns
1122 2066 1269 2109 esset
1298 2069 1363 2110 ac
1411 2054 1841 2122 superstitiosus,
1881 2063 1936 2108 et
1982 2053 2152 2107 simu-

571 2148 834 2200 lacrorum
867 2163 930 2200 ac
962 2147 1269 2199 daemonum
1329 2145 1555 2199 vanitati
1593 2145 1862 2214 imprimis
1913 2145 2148 2200 deditus.

568 2237 707 2292 Nihil
735 2248 888 2294 certe
922 2238 1161 2308 aggredi,
1192 2236 1326 2292 nihil
1366 2252 1603 2302 summo,
1636 2237 1778 2306 quod
1812 2238 1987 2304 aiunt,
2017 2237 2152 2309 digi-

573 2344 627 2388 to
653 2345 1000 2385 commovere
1025 2329 1232 2399 absque
1256 2329 1530 2384 vaticiniis
1550 2339 1605 2384 et
1627 2330 1866 2386 oraculis
1895 2331 2150 2401 audebat.

565 2423 734 2489 Quam
751 2422 819 2477 ob
838 2435 1054 2476 causam
1070 2422 1318 2476 acerbius
1335 2437 1398 2475 ac
1413 2421 1790 2477 vehementius
1809 2438 1968 2492 quam
1993 2437 2152 2492 supe-

569 2513 739 2567 tiores
771 2513 1046 2583 principes
1075 2513 1327 2583 persequi
1373 2522 1590 2567 nostros
1626 2513 1862 2567 instituit
1883 2531 1898 2578 ;
1923 2515 2147 2568 deorum

569 2604 763 2673 templa
797 2605 849 2658 in
881 2604 1115 2675 singulis
1151 2605 1378 2659 urbibus
1423 2605 1557 2675 erigi
1613 2605 1954 2676 pnecipicns,
2001 2615 2055 2660 et
2104 2605 2147 2659 si

565 2711 686 2764 qua:
705 2707 882 2751 essent
919 2697 1182 2766 temporis
1237 2707 1509 2753 vetustate
1551 2699 1813 2767 collapsa,
1879 2701 2145 2769 reparari.

567 2787 641 2841 Ad
680 2782 795 2842 ltzt-c
856 2786 1104 2841 llunines
1161 2788 1212 2842 itt
1267 2789 1494 2857 singulis
1542 2788 1676 2844 locis
1713 2799 1873 2859 atque
1929 2791 2150 2845 urbibus

491 2903 494 2907 λ
567 2877 874 2941 ιτυιιειίῑιιὶι,
924 2877 1227 2946 iisdemque
1257 2879 1595 2934 sacerdotem
1631 2879 1894 2949 cujusque
1929 2883 2149 2950 provin-

565 2969 659 3024 eite
690 2970 955 3039 pt'ail'ccit,
992 2983 1114 3022 eum
1151 2971 1241 3038 qui
1273 2971 1488 3026 cunctis
1534 2971 1586 3025 in
1636 2971 1784 3025 curia
1835 2972 2148 3028 muneribus

2259 487 2405 557 ἡμᾶς
2448 484 2700 553 γενέσθαι
2755 483 3200 556 μνημονεύουσιν.
3253 483 3310 534 'U
3357 483 3400 537 δ’
3431 483 3517 535 ὲπ⁶
3564 483 3850 554 ’Λνατολῆς

2258 577 2518 648 τύραννος
2552 575 2875 643 Μαξιμῖνος,
2897 575 2970 639 ὡς
3008 575 3072 628 ἂν
3099 575 3232 647 πρὸς
3264 575 3491 645 ἀδελφὸν
3518 575 3614 647 τὴν
3649 575 3850 630 κακίαν

2259 671 2394 740 πρὸς
2424 669 2514 723 τὸν
2562 671 2652 722 ἐπὶ
2706 669 2923 740 Ῥώμης
2958 668 3141 738 φιλίαν
3176 669 3415 741 κρύϐδην
3468 668 3851 738 σπενδόμενος,

2259 767 2351 818 ἐπὶ
2383 765 2628 819 πλεῖστόν
2673 781 2863 836 χρονον
2897 763 3182 817 λανθάνειν
3222 762 3523 834 ἐφρόντιζε,
3573 760 3852 832 φωραθείς

2258 855 2321 926 γέ
2366 875 2447 910 τοι
2502 857 2760 928 ὕστερον,
2814 857 2969 929 δίκην
3012 857 3217 911 τίννυσι
3277 857 3376 928 τὴν
3425 855 3599 920 ἀξίαν.
3646 850 3756 907 Ἦν
3793 853 3850 908 δὶ

2260 948 2567 1019 θαυμάσαι,
2606 949 2754 1013 ὅπως
2801 949 2893 1002 καὶ
2937 941 3090 1009 οὗτος
3121 947 3189 1002 τὰ
3232 947 3467 1018 συγγενῆ
3500 946 3594 1000 καὶ
3621 945 3848 1014 ἀδελφὰ,
3893 974 3895 976 -

2263 1041 2464 1112 μᾶλλον
2487 1041 2542 1093 δὲ
2573 1040 2771 1103 κακίας
2796 1041 2864 1094 τὰ
2892 1041 3084 1112 πρῶτα
3103 1041 3198 1093 καὶ
3218 1039 3284 1092 τὰ
3309 1039 3604 1109 νικητήρια
3632 1038 3731 1109 τῆς
3756 1036 3852 1090 τοῦ

2259 1133 2402 1186 κατὰ
2448 1131 2664 1204 Ῥώμην
2692 1133 2956 1205 τυράννου
2991 1132 3360 1204 κακοτροπίας
3386 1130 3848 1202 ἀπενηνεγμένος.

2260 1225 2474 1295 Γοὴτων
2504 1241 2563 1277 τε
2608 1225 2714 1294 γὰρ
2747 1225 2840 1278 καὶ
2878 1225 3066 1294 μάγων
3110 1226 3159 1279 οἱ
3205 1224 3413 1295 πρῶτοι
3457 1224 3558 1294 τῆς
3590 1223 3852 1277 ἀνωτάτω

2261 1319 2388 1387 παρ’
2421 1316 2566 1387 αὐτῷ
2595 1317 2760 1387 τιμῆς
2790 1317 2902 1387 (75)
2937 1315 3185 1388 ἡξίωντο,
3232 1315 3526 1385 ψοφοδεοῦς
3561 1318 3618 1381 ἐς
3652 1315 3720 1369 τὰ
3750 1316 3851 1385 μά-

2259 1407 2416 1461 λιστα
2465 1408 2560 1461 καὶ
2607 1407 3173 1478 δεισιδαιμονεστάτου
3220 1407 3583 1471 καθεστῶτος,
3635 1409 3738 1479 τήν
3791 1424 3849 1460 τε

2260 1499 2389 1568 περὶ
2416 1498 2482 1552 τὰ
2512 1498 2704 1551 εἴδωλα
2740 1500 2834 1551 καὶ
2867 1499 2992 1560 τοὺς
3027 1498 3285 1570 δαίμονας
3315 1499 3443 1571 περί
3475 1497 3672 1552 πολλοῦ
3701 1497 3847 1551 τιθε-

2263 1590 2425 1661 μένου
2474 1590 2702 1660 πλάνην.
2751 1589 3036 1644 Μαντειῶν
3083 1577 3213 1659 γοῦν
3261 1591 3384 1660 δίχα
3445 1591 3538 1643 καὶ
3585 1591 3851 1661 χρησμῶν

2259 1681 2379 1732 οὐδὲ
2416 1681 2610 1752 μέχρις
2639 1681 2851 1752 ὄνυχος,
2885 1682 2959 1744 ὡς
2990 1682 3185 1742 εἰπεῖν,
3208 1681 3412 1752 τολμᾷν
3452 1699 3503 1735 τι
3533 1685 3705 1734 κινιῖν
3742 1677 3852 1746 οἷός

2255 1790 2310 1824 τε
2345 1768 2433 1842 ἦν.
2467 1767 2540 1826 Οὖ
2572 1775 2732 1845 χάριν
2764 1775 2857 1826 καὶ
2885 1775 2964 1844 τῷ
3009 1773 3130 1827 καθ’
3159 1774 3316 1845 ἡμῶν
3348 1773 3703 1846 σφοδρότερον
3802 1775 3850 1827 oi

2256 1864 2491 1935 πρόσθεν
2535 1867 2628 1918 καὶ
2679 1866 3010 1938 πυκνότερον
3061 1867 3340 1920 ἐπετίθετο
3390 1867 3658 1939 διωγμῷ,
3715 1867 3851 1931 νεώς

2254 1975 2312 2010 τε
2357 1947 2498 2011 κατὰ
2545 1959 2724 2011 πᾶσαν
2757 1957 2912 2010 πόλιν
2947 1959 3204 2029 ἐγείρειν,
3238 1961 3331 2013 καὶ
3361 1961 3428 2014 τὰ
3458 1962 3650 2033 χρόνου
3688 1965 3850 2034 μήκει

2257 2052 2472 2123 καθηρη
2483 2052 2619 2122 μένα
2649 2051 2871 2122 τεμένη,
2901 2041 2988 2104 διὰ
3013 2051 3248 2122 σπουδῆς
3291 2053 3646 2107 ἀνανεοῦσθαι
3682 2071 3852 2126 προσ-

2252 2146 2480 2207 τάττων,
2515 2144 2692 2216 ἱερέας
2736 2161 2795 2197 τε
2842 2143 3073 2198 εἰδώλων
3123 2145 3265 2198 κατὰ
3313 2146 3493 2199 πάντα
3535 2147 3704 2201 τόπον
3751 2150 3848 2203 καὶ

2255 2238 2440 2294 πόλιν·
2497 2238 2592 2290 καὶ
2651 2237 2744 2288 ἐπὶ
2803 2235 3002 2290 τούτων
3055 2235 3292 2308 ἑκάστης
3339 2238 3608 2309 ἐπαρχίας
3660 2241 3848 2312 ἀρχιε-

2255 2331 2354 2401 ρέα
2385 2329 2518 2401 (74),
2551 2329 2656 2381 τῶν
2684 2332 2742 2382 ὲν
2765 2327 3060 2392 πολιτείαις
3089 2329 3186 2383 ἕνα
3206 2329 3270 2399 γέ
3314 2346 3433 2384 τινα
3469 2331 3558 2384 τὸν
3614 2332 3851 2401 μάλιστα

2253 2421 2512 2491 ἐμφανῶς
2543 2418 2628 2472 διὰ
2662 2419 2845 2490 πάσης
2893 2418 3252 2492 ὲμπρέψαντα
3313 2420 3675 2493 λειτουργίας,
3712 2427 3850 2494 μετὰ

2254 2512 2644 2583 στρατιωτικοῦ
2671 2513 2892 2582 στίφους
2910 2513 3000 2565 καὶ
3023 2511 3346 2585 δορυφορίας
3371 2515 3671 2581 ἐκτάσσων,
3693 2517 3850 2570 ἀναί-

2251 2603 2346 2674 δην
2377 2620 2434 2657 τε
2459 2605 2592 2657 πᾶσι
2611 2603 2824 2674 γόησιν,
2853 2604 2929 2667 ώς
2959 2603 3025 2657 ἂν
3047 2605 3294 2658 εὐσεϐέσι
3325 2607 3417 2660 καὶ
3445 2607 3580 2660 θεῶν
3611 2626 3848 2680 προσφι-

2251 2697 2420 2759 λέσιν,
2457 2697 2753 2768 ἡγεμονίας
2811 2697 2906 2750 καὶ
2962 2697 3060 2758 τὰς
3106 2698 3368 2766 μεγίστας
3413 2700 3718 2770 προνομίας
3747 2700 3849 2754 δω-

2253 2789 2532 2859 ρούμενος.
2583 2791 2676 2842 Ἐκ
2709 2789 2774 2860 δὴ
2823 2789 3026 2842 τούτων
3057 2788 3399 2860 ὁρμώμενος,
3447 2791 3601 2844 πόλιν
3644 2793 3743 2862 μὲν
3784 2792 3846 2844 οὐ

2254 2880 2381 2950 μίαν
2409 2880 2526 2934 οὐδὲ
2558 2879 2762 2952 χώραν,
2788 2881 2914 2944 ὅλας
2941 2880 2998 2934 δὲ
3027 2881 3194 2953 ἄρδην
3227 2883 3324 2945 τὰς
3359 2883 3448 2934 ὑπ’
3482 2883 3645 2935 αὑτὸν
3672 2885 3848 2954 ἐπαρ-

2251 2971 2393 3041 χίας,
2435 2971 2639 3040 χρυσοῦ
2676 2973 2770 3025 καὶ
2804 2972 3049 3042 ἀργύρου
3090 2973 3184 3026 καὶ
3217 2974 3518 3044 χρημάτων
3549 2975 3848 3047 ἀμυθήτων

565 3061 779 3132 egregie
810 3061 1126 3130 perfunctus
1148 3071 1317 3127 esset,
1366 3061 1552 3116 addito
1594 3065 1641 3118 ei
1672 3065 1888 3120 militari
1934 3066 2144 3120 satelli-

2252 3060 2617 3130 είσπράξεσιν,
2632 3060 2957 3132 ὲπισκήψεσί
2973 3061 3081 3132 (75)
3101 3079 3158 3115 τε
3176 3063 3523 3133 βαρυτάταις,
3543 3065 3638 3118 καὶ
3659 3066 3844 3120 ἄλλοτε

567 3157 661 3209 tio.
703 3154 946 3224 Denique
975 3154 1200 3208 hariolis
1227 3153 1502 3219 ontnibus,
1537 3155 1681 3210 velut
1721 3157 1990 3227 religiosis
2016 3160 2148 3216 viris

567 3263 628 3302 ac
651 3247 831 3299 divino
859 3247 1083 3300 numine
1129 3246 1545 3316 acceptissimis,
1604 3249 2010 3318 provinciarum
2043 3254 2149 3306 ad-

566 3335 993 3390 ministrationes
1015 3335 1259 3406 M312
1292 3338 1525 3391 maxima
1587 3340 1870 3412 privilegia
1924 3359 2148 3399 conceso

565 3427 656 3480 sit.
683 3423 811 3478 Post
846 3428 958 3480 lnec
991 3442 1095 3480 non
1131 3444 1293 3482 unam
1323 3429 1593 3484 duntaxat
1624 3433 1813 3486 urbem
1845 3442 1943 3487 aut
1970 3435 2149 3505 regio-

565 3535 708 3585 nem,
761 3521 855 3574 sed
896 3521 1183 3577 universas
1231 3523 1545 3587 provincias
1601 3525 1828 3595 imperio
1878 3543 1978 3582 suo
2014 3529 2145 3584 sub-

563 3611 752 3680 iectas,
788 3615 905 3667 auri
945 3616 1289 3686 argentique,
1343 3626 1396 3670 et
1430 3619 1786 3686 pecuniarum
1845 3623 2149 3677 exactioni-

563 3706 684 3771 bus,
713 3714 767 3761 et
803 3707 1195 3762 indictionibus
1232 3710 1593 3777 gravissimis,
1647 3714 1927 3784 variisque
1957 3717 2145 3771 subin-

560 3799 629 3855 de
661 3801 1210 3855 condemuationibus
1239 3803 1457 3856 vexavit
1507 3813 1672 3874 atque
1717 3808 2008 3876 oppressit.
2040 3807 2144 3862 Sed

561 3903 616 3946 et
688 3892 1174 3963 locupletissimum
1223 3909 1492 3964 quemque
1566 3899 1811 3966 paternis
1876 3899 2147 3969 avitisque

560 3984 804 4051 spoliatis
835 3985 1011 4048 bonis,
1047 3987 1291 4055 ingentes
1309 4002 1439 4056 opes
1461 4003 1524 4041 ac
1546 4006 1888 4044 nummorum
1925 4008 2147 4048 acervos

564 4077 1001 4131 assentatoribus
1025 4079 1140 4132 suis
1164 4077 1427 4134 donabat.
1478 4079 1595 4134 Jam
1631 4099 1762 4138 vero
1813 4087 2145 4141 temulentim

560 4176 616 4219 et
640 4167 874 4235 crapulae
899 4182 963 4220 eo
1008 4182 1181 4236 usque
1207 4169 1473 4224 obnoxius
1524 4169 1645 4234 fuit,
1689 4182 1745 4226 ut
1773 4173 1827 4227 itt
1860 4186 2144 4244 compota-

565 4258 807 4311 tionibus
867 4258 1140 4312 insaniret
1193 4273 1257 4312 ac
1303 4259 1552 4325 fureret;
1616 4271 1670 4318 et
1722 4281 1783 4318 ea
1851 4265 2144 4336 imperaret

561 4347 769 4412 ebrius,
795 4363 1025 4418 quorum
1060 4348 1322 4417 postridie
1361 4351 1605 4406 sobrium
1635 4356 1954 4423 poenitebat.
1986 4357 2139 4425 Quod

2251 3151 2438 3214 ἄλλαις
2471 3153 2788 3216 καταδίκαις
2835 3152 2958 3222 ἠνία
3005 3154 3096 3206 καὶ
3144 3154 3456 3218 κατεπίεζε.
3491 3157 3611 3210 Τῶν
3643 3174 3707 3226 γε
3742 3157 3844 3228 μὴν

2251 3244 2499 3316 εὐπόρων
2545 3244 2644 3308 τὰς
2700 3245 2764 3297 ὲκ
2811 3244 3093 3316 προγόνων
3149 3248 3601 3319 περιποιηθείσας
3655 3251 3844 3315 οὐσίας

2251 3337 2672 3408 ἀφαιρούμενος,
2709 3337 2972 3402 πλούτους
3015 3340 3227 3412 ἀθρόως
3255 3342 3347 3394 καὶ
3385 3344 3593 3414 σωροὺς
3621 3345 3841 3415 χρημά-

2249 3441 2356 3478 των
2377 3429 2489 3489 τοίς
2525 3427 2662 3497 ἀμφ’
2697 3427 2858 3480 αὑτὸν
2887 3427 3104 3492 κόλαξιν
3143 3429 3416 3502 ἐδωρεῖτο.
3457 3432 3752 3502 Παροινίας
3779 3450 3840 3504 γε

2252 3517 2359 3588 μὴν
2395 3518 2489 3570 καὶ
2538 3517 2711 3589 μέθης
2759 3521 2816 3582 ὲς
2863 3519 3130 3589 τοσαύτην
3181 3522 3381 3594 ἠνέχθη
3418 3525 3615 3595 φορὰν,
3668 3525 3745 3588 ὡς
3785 3529 3843 3580 ἐν

2246 3607 2358 3668 τοῖς
2406 3605 2588 3670 πότοις
2639 3608 3015 3679 παρακόπτειν
3078 3611 3173 3664 καὶ
3230 3612 3340 3664 τῶν
3386 3614 3598 3684 φρενῶν
3636 3617 3841 3688 παρεξ-

2253 3697 2522 3764 ίστασθαι,
2541 3700 2768 3754 τοιαῦτά
2796 3719 2855 3754 τε
2895 3701 3162 3773 μεθύοντα
3190 3706 3569 3775 προστάττειν,
3593 3703 3681 3762 οἶα
3713 3712 3839 3763 άνα-

2248 3792 2495 3862 νήψαντα
2549 3794 2710 3848 αὑτὸν
2747 3797 2811 3866 τῇ
2868 3798 3127 3870 ὑστεραίᾳ
3173 3801 3252 3860 εἰς
3305 3800 3609 3870 μετάμελον
3651 3803 3836 3872 ἄγειν·

2250 3883 2560 3954 κραιπάλης
2603 3885 2660 3937 δὲ
2701 3887 2796 3939 καὶ
2828 3888 3067 3953 ἀσωτίας
3105 3890 3292 3959 μηδενὶ
3325 3891 3644 3947 καταλιπὼν
3674 3895 3844 3968 ὑπερ-

2249 3974 2430 4045 ϐολὴν,
2462 3977 2661 4040 κακίας
2682 3979 2999 4034 διδάσκαλον
3025 3984 3135 4044 τοῖς
3164 3983 3300 4052 ἀμφ’
3331 3983 3494 4038 αὑτὸν
3529 3987 3755 4056 ἄρχουσί
3782 4007 3838 4042 τε

2249 4068 2343 4120 καὶ
2382 4069 2703 4140 ἀρχομένοις
2754 4072 2944 4124 ἑαυτὸν
2993 4073 3246 4143 καθίστη,
3281 4074 3614 4144 θρύπτεσθαι
3651 4080 3751 4148 μὲν
3781 4078 3841 4132 τὸ

2250 4158 2642 4228 στρατιωτικὸν
2697 4161 2785 4214 διὰ
2834 4164 3015 4233 πάσης
3059 4166 3268 4235 τρυφῆς
3309 4183 3368 4218 τε
3411 4169 3505 4220 καὶ
3545 4169 3841 4235 ἀκολασίας

2248 4251 2478 4318 ὲνάγων,
2524 4253 2799 4322 ἡγεμόνας
2829 4253 2883 4306 δὲ
2925 4256 3018 4307 καὶ
3054 4257 3533 4328 στρατοπεδάρχας
3564 4259 3630 4312 δι’
3661 4261 3840 4331 ἁρπα-

2249 4342 2358 4410 γῶν
2387 4344 2481 4396 καὶ
2509 4343 2822 4409 πλεονεξίας
2841 4351 3038 4417 χωρεῖν
3058 4349 3198 4401 κατὰ
3221 4349 3326 4402 τῶν
3343 4350 3619 4420 ὑπηκόων,
3647 4371 3836 4423 μονον-

500 4463 503 4465 ·
561 4448 744 4493 autem
777 4441 840 4492 ad
875 4441 1060 4494 luxum
1096 4456 1160 4495 ae
1202 4441 1426 4496 delicias
1449 4445 1661 4512 attinet,
1703 4447 1755 4500 in
1799 4461 1864 4501 eo
1893 4450 2024 4503 nulli
2057 4467 2141 4503 se-

2252 4434 2364 4504 ουχὶ
2401 4438 2900 4506 συντυραννοῦντας
2956 4439 3105 4509 αὑτῷ
3150 4442 3614 4512 προκαλούμενος.
3651 4445 3714 4497 Τί
3758 4445 3841 4499 δεῖ

563 4532 790 4599 cundus;
824 4532 1081 4602 nequitia:
1118 4535 1294 4590 onmis
1325 4539 1642 4606 ntag'strum
1668 4553 1726 4594 se
1760 4547 1871 4595 tum
1904 4544 2138 4597 rectm-i-

633 4711 745 4784 (73)
767 4715 910 4782 Hap‘
929 4713 1102 4787 αὐτῷ
1131 4717 1326 4786 τιμῆς.
1356 4717 1720 4774 Scribendum
1751 4730 1834 4776 est
1865 4723 2050 4787 αὑτοῦ,
2078 4737 2137 4780 ιιι

562 4784 627 4837 ad
661 4799 814 4837 oram
841 4786 1046 4839 codicis
1080 4784 1315 4842 Tui-ueni
1349 4804 1414 4843 ac
1445 4788 1626 4846 Moraﬁ
1655 4793 1998 4849 emendatur.
2037 4784 2137 4851 Se-

562 4855 748 4925 quitur
775 4855 919 4925 enim
947 4855 1260 4925 ψοφοδεοῦς,
1291 4870 1393 4912 etc.
2018 4864 2023 4870 ”

633 4923 745 5000 (74)
782 4923 1073 4992 Ἐκάστής
1121 4927 1411 4996 ἐπαρχίας
1462 4930 1758 5000 ἀρχιερέα.
1816 4931 2140 4992 Sacerdotes

564 4994 902 5070 vocabantur
952 5011 980 5049 a
1021 4994 1333 5070 gentilibus.
1356 4994 1446 5068 qni
1486 4994 1653 5056 tutius
1684 5005 1978 5070 provincia:
2005 5016 2140 5059 tem-

562 5064 648 5137 pla
673 5078 738 5117 ac
766 5065 985 5119 delubra
1022 5069 1122 5120 sub
1148 5064 1507 5137 dispositione
1539 5087 1638 5124 sua
1675 5064 1950 5130 habebant
1993 5092 2006 5128 :
2042 5074 2140 5130 ﬂa-

565 5136 742 5214 mines
767 5148 919 5199 vero,
949 5138 1039 5205 qui
1086 5137 1137 5190 in
1185 5136 1415 5214 singulis
1456 5142 1671 5214 oppidis
1706 5158 1771 5196 ac
1824 5145 2138 5214 municipiis

561 5205 786 5282 deorum
834 5220 1014 5282 sacraA
1043 5205 1444 5282 procurabant,
1471 5205 1542 5264 ut
1572 5211 1900 5282 jampridem
1951 5205 2135 5272 uoiavi

561 5277 629 5328 ad
663 5275 960 5353 lib_._xxvn_t
989 5275 1531 5353 Amm._Marcelliui.
1568 5275 1709 5353 Cave
1744 5300 1910 5353 porro
1946 5287 2137 5341 existi-

565 5360 705 5424 mes,
735 5345 1086 5424 Maximinum
1120 5348 1362 5424 primum
1383 5352 1698 5424 sacerdotes
1732 5345 2028 5424 proxiucite
2055 5358 2135 5412 in-

562 5418 822 5470 stituisse.
855 5417 950 5470 Diu
982 5417 1126 5470 enim
1153 5427 1278 5471 ante
1312 5419 1457 5472 illum
1487 5417 1854 5480 t‘ueruutISed
1886 5426 2134 5481 Maximi-

565 5500 667 5537 nus
690 5501 881 5563 eorutu
917 5489 1181 5541 honorem
1211 5490 1603 5563 attxit,__addito
1631 5493 1737 5549 illis
1767 5497 2043 5563 satellitio,
2080 5499 2130 5553 id

562 5563 648 5608 est
689 5555 968 5612 lictoribus
1008 5567 1062 5612 et
1101 5559 1526 5626 apparitoribus.
1568 5563 1911 5621 Creabautur
1943 5555 2126 5622 autem

565 5626 878 5704 sacerdotes
907 5643 1246 5704 eat-umore
1285 5629 1603 5704 Curialium,
1639 5633 1671 5686 ii
1728 5637 1822 5704 qui
1869 5639 2124 5694 omnibus

567 5695 878 5758 muneribus
911 5695 1140 5768 publicis
1167 5717 1288 5755 cum
1316 5715 1528 5756 summa
1553 5695 1710 5760 laude
1739 5695 1873 5770 ante,
1904 5709 2127 5778 perfun-

2248 4525 2346 4588 τᾶς
2373 4527 2641 4596 ἐμπαθεῖς
2674 4529 2765 4582 τοῦ
2799 4529 2991 4603 ἀνδρὸς
3025 4534 3413 4605 αἰσχρουργίας
3441 4539 3836 4607 μνημονεύειν;

2248 4729 2317 4806 eti
2351 4741 2556 4806 essent.
2611 4732 2898 4801 Tantaque
2943 4733 3347 4806 hzee‘dignitas
3399 4737 3727 4805 habebatur,
3776 4749 3834 4795 ttt

2249 4800 2396 4868 ipsos
2420 4805 2769 4877 magistratus
2794 4800 2888 4877 seu
2921 4800 3238 4877 duumviros
3265 4808 3315 4859 in
3345 4810 3514 4877 gradu
3547 4800 3834 4864 antecede-

2254 4883 2397 4944 rent.
2433 4871 2596 4926 Certe
2629 4875 2681 4926 in
2717 4875 2886 4942 gestis
2938 4875 3277 4944 purgationis
3322 4871 3622 4939 Caeciliani.
3653 4895 3717 4934 ea
3753 4881 3835 4934 di-

2247 4942 2430 5008 gnitas
2456 4953 2581 4996 ante
2609 4942 3012 4998 duumviratutn
3048 4942 3382 5003 nominatur.
3430 4948 3520 5002 Sic
3566 4952 3712 5002 enim
3757 4951 3828 5005 le-

2246 5011 2394 5077 gitur
2427 5029 2440 5066 :
2478 5032 2496 5063 ε
2540 5013 2612 5089 ΙιιΔ
2639 5013 2761 5078 jure
2791 5017 2930 5089 apud
2972 5015 3251 5089 Aurelium
3291 5017 3576 5089 Didymqu
3637 5018 3834 5088 Sperc-

2245 5090 2391 5155 ctum
2424 5085 2767 5155 sacerdotem
2801 5083 2950 5140 Jovis
2986 5087 3178 5155 optimi
3209 5083 3454 5155 maxinii,
3483 5083 3827 5144 duumvirum

2243 5150 2551 5228 splendidge
2579 5154 2805 5228 colonia:
2835 5150 3342 5228 Catbaginensium.
3380 5176 3398 5209 ι
3439 5150 3576 5212 ’νίιιο
3610 5175 3732 5228 cap.
3771 5161 3825 5221 4.

2245 5219 2340 5301 lib.
2373 5236 2450 5301 ut.
2493 5223 2554 5277 Ili
2595 5227 2915 5301 sacerdotes
2936 5227 2986 5279 iu
3013 5219 3327 5301 :secretaria
3363 5229 3602 5296 judicum
3648 5219 3826 5301 it'tgreQ

2244 5290 2786 5372 tlieqtli.et_entn_iis_
2821 5297 3045 5372 sedendi
3086 5296 3176 5372 jus
3214 5290 3506 5372 habebant,
3563 5312 3622 5356 ut
3679 5290 3826 5372 patet

2245 5361 2490 5437 θεέ-φής
2513 5363 2786 5437 Ῑιιεοάυςί
2813 5367 3068 5437 martyris
3090 5361 3184 5420 die
3209 5385 3237 5422 χ
3275 5369 3612 5427 Novembris.

2314 5431 2429 5506 (ῖὸ)
2504 5431 3274 5506 γἘπισκήψυεσιᾙΜιιεειιιιις
3346 5441 3502 5492 vertit
3575 5441 3824 5506 statutis;

2240 5499 3060 5574 Christopltorsuuusvtmtudutis
3093 5510 3441 5574 gravissimis.
3468 5511 3666 5564 Eadrtn
3693 5499 3823 5564 voce

2240 5572 2418 5626 utitur
2463 5575 2731 5629 Eusebius
2773 5575 2824 5629 in
2865 5577 2958 5630 lib.
3012 5595 3042 5632 ι
3093 5572 3350 5632 Historiae
3406 5579 3816 5637 Ecclesiastica’.

2236 5657 2362 5724 Cap.
2395 5644 2792 5724 8,_de_Lieiniq
2832 5646 3055 5724 loqqeus
3084 5667 3106 5724 :_
3136 5647 3493 5724 Ἐπισκήφεις
3527 5668 3585 5704 τε
3622 5653 3820 5724 μυρίας

2238 5713 2376 5768 κατὰ
2409 5714 2513 5770 τῶν
2542 5715 2868 5790 ὑποχ;ιρίων
2901 5715 3069 5771 ἐθνῶν
3091 5719 3323 5774 ἐπενόει.
