4168 6408
603 251 702 308 ’ἵ87

1310 251 1577 308 EUSEBH
1617 253 2094 314 CASSARIENSIS
2133 260 2281 316 OPP.
2327 259 2502 314 PARS
2541 260 2581 317 l.
2621 291 2690 300 —
2732 259 3118 317 HISTORICA.

3756 263 3865 319 788

605 383 711 422 ma.
739 369 862 422 Haec
888 369 1032 423 enim
1069 369 1230 424 simul
1261 379 1424 440 atque
1461 386 1556 427 eos
1581 373 1775 440 quibus
1810 385 2074 446 tyrannus
2105 377 2170 431 ad

2277 377 2437 432 νοῦσά
2464 395 2522 430 τε
2556 379 2914 450 παραχρῆμα,
2960 378 3050 431 τὸν
3097 378 3192 448 μὲν
3226 376 3416 448 νεκρὸν
3453 379 3563 439 τοῖς
3593 393 3862 447 προαγω-

603 461 908 531 hujusmodi
945 461 1145 532 ﬂagitia
1176 464 1441 520 ministris
1489 466 1763 531 utebatur,
1814 468 2076 538 irrupisse
2113 470 2165 523 in

601 552 815 605 domum
845 567 994 606 suam
1036 556 1318 623 comperit,
1346 567 1400 611 et
1430 558 1683 613 maritum
1714 575 1872 613 suum
1901 561 1994 629 qui
2027 575 2168 629 prte-

602 641 866 695 fecturam
903 641 1162 697 Romana:
1196 645 1346 700 urbis
1375 648 1618 716 gerebat,
1648 652 2004 704 conterritum
2040 666 2167 718 per-

603 734 815 796 misisse
840 735 1164 796 satellitibus
1187 747 1242 790 ut
1269 737 1438 805 ipsam
1462 740 1793 804 abducerent
1828 741 1967 813 (erat
1987 755 2168 798 autem

599 825 956 894 Christiana),
992 826 1158 881 breve
1184 829 1440 897 temporis
1469 832 1701 898 spatium
1731 833 1883 899 quasi
1915 833 1978 885 ad
2007 848 2167 886 exor-

599 916 838 974 nandam
867 931 1064 986 corpus
1091 919 1316 972 concedi
1355 921 1456 974 sibi
1485 923 1797 990 postulavit.
1829 923 1952 977 Post
1979 925 2089 979 haec
2117 926 2169 979 in

600 1001 908 1056 cubiculum
936 1003 1204 1072 ingressa,
1233 1007 1402 1061 solam
1429 1023 1486 1062 se
1518 1009 1761 1063 relictam
1789 1026 1910 1066 esse
1931 1014 2163 1068 circqu-

600 1092 855 1162 spiciens,
905 1095 1140 1163 gladium
1197 1099 1405 1166 pectori
1457 1099 1750 1170 immergit.
1797 1104 1915 1168 Quo
1948 1104 2172 1158 vulnere

599 1188 842 1256 protinus
865 1189 1196 1254 exanimata,
1223 1191 1458 1245 cadaver
1505 1193 1722 1262 quidem
1755 1196 2174 1263 perductoribus

599 1281 925 1350 dereliquit:
981 1284 1096 1352 ipso
1141 1291 1320 1338 autem
1355 1285 1518 1349 facto,
1553 1289 1693 1355 quod
1730 1287 1974 1356 profecto
2018 1290 2164 1343 omni

600 1370 749 1432 vocis
780 1387 914 1433 sono
947 1373 1146 1432 clarius
1177 1376 1410 1439 intonat.
1447 1378 1716 1434 universis
1746 1379 1836 1446 qui
1872 1394 2016 1434 nunc
2045 1389 2169 1434 sunt

597 1471 649 1514 et
676 1464 764 1531 qui
815 1465 1041 1532 posthac
1071 1477 1234 1520 erunt
1267 1467 1574 1522 hominibus
1605 1471 1964 1538 denuntiavit,
2001 1470 2169 1524 solam

2275 474 2390 539 γοίς
2425 470 2844 542 καταλιμπάνει,
2892 471 3074 541 ἔργοις
3110 470 3152 522 δ’
3190 470 3370 532 αὐτοῖς
3417 468 3631 538 ἀπάσης
3669 469 3864 537 φωνῆς

2273 561 2680 632 γεγωνοτέροις,
2717 561 2798 615 ὅτι
2835 557 2993 629 μόνον
3030 559 3325 632 χρημάτων
3351 557 3458 629 (80)
3490 556 3767 627 ἀήττητόν
3805 572 3864 607 τε

2274 654 2366 712 καὶ
2390 652 2690 725 ἀνώλεθρον
2735 656 2767 723 ἡ
2818 652 2964 724 παρὰ
2996 654 3338 723 Χριστιανοῖς
3385 650 3552 721 ἀρετὴ
3585 650 3864 718 πέφυκεν,

2274 747 2353 808 είς
2395 745 2600 807 πάντας
2640 743 2960 815 ἀνθρώπους
2995 743 3123 806 τούς
3147 760 3206 795 τε
3259 740 3355 796 νῦν
3392 741 3551 804 ὄντας
3584 740 3687 794 καὶ
3733 742 3868 801 τοὺς

2279 837 2416 908 μετὰ
2463 838 2636 892 ταῦτα
2683 837 3077 908 γενησομένους
3120 837 3365 906 ἐξέφηνε.
3417 835 3668 906 Τοσαύτη
3727 835 3869 904 δῆτα

2274 927 2471 990 κακίας
2493 927 2633 996 φορὰ
2662 927 2752 995 ὑφ’
2772 926 2868 979 ἕνα
2890 927 2983 979 καὶ
3003 925 3094 977 τὸν
3122 925 3283 977 αὑτὸν
3313 923 3610 994 συνηνέχθη
3637 924 3866 994 καιρὸν,

2277 1017 2415 1088 πρὸς
2438 1017 2544 1070 τῶν
2573 1017 2665 1069 δύο
2690 1018 2967 1088 τυράννων
2994 1015 3256 1086 ἀνατολὴν
3285 1016 3377 1068 καὶ
3402 1014 3552 1068 δύσιν
3578 1014 3656 1066 διε
3668 1013 3868 1083 ιληφό-

2274 1126 2382 1161 των
2417 1107 2872 1179 κατεργασθεῖσα.
2907 1107 3003 1169 Τίς
3029 1107 3072 1159 δ’
3104 1106 3168 1159 ἂν
3190 1106 3288 1176 τὴν
3329 1105 3436 1157 τῶν
3462 1103 3742 1157 τοσούτων
3784 1105 3868 1158 δι-

2279 1196 2650 1269 ερευνώμενος
2679 1196 2880 1262 αἰτίαν,
2908 1196 3175 1259 διστάξαι,
3204 1195 3280 1266 μὴ
3299 1195 3418 1264 οὐχὶ⁸
3441 1193 3533 1247 τὸν
3550 1194 3674 1247 καθ’
3701 1195 3867 1264 ἡμῶν

2270 1287 2506 1358 διωγμὸν
2534 1287 2946 1358 ἀποφήνασθαι;
2983 1289 3112 1340 Ὅτε
3139 1303 3202 1354 γε
3239 1286 3470 1357 μάλιστα
3500 1287 3559 1338 οὐ
3588 1287 3868 1358 πρότερον

2276 1378 2343 1431 τὰ
2371 1379 2467 1449 τῆς
2513 1378 2736 1448 τοσῆσδε
2772 1377 3015 1430 πέπαυτο
3047 1377 3380 1448 συγχύσεως,
3417 1376 3450 1447 ἢ
3495 1378 3870 1446 Χριστιανοὺς

2278 1469 2346 1522 τὰ
2375 1468 2472 1537 τῆς
2499 1467 2808 1539 παρρησίας
2836 1465 3148 1527 ἀπολαϐεῖν.

598 1555 1031 1622 Christianorum
1062 1559 1316 1613 virtutem
1371 1560 1628 1614 invictam
1653 1572 1706 1615 et
1752 1562 2225 1631 inexpugnabilem
2273 1578 2370 1616 nrc
2402 1561 2560 1614 morti
2600 1561 2893 1614 obnoxiam
2939 1573 3079 1614 esse.
3129 1557 3278 1612 Talis
3314 1571 3376 1610 ac
3409 1563 3554 1608 tanta
3599 1553 3871 1622 nequitia:

598 1648 751 1715 copia
788 1664 894 1709 uno
928 1649 1232 1717 eodemque
1277 1659 1519 1718 tempore
1558 1652 1902 1719 exuberavit,
1947 1653 2262 1708 auctoribus
2312 1651 2523 1705 duobus
2565 1651 2830 1720 tyrannis,
2883 1663 3114 1719 quormn
3160 1647 3298 1700 alter
3349 1644 3652 1711 Orientem,
3724 1645 3870 1698 alter

598 1739 945 1795 Occidentem
997 1755 1376 1810 occupaverat.
1421 1744 1552 1810 Quis
1586 1757 1668 1800 est
1719 1762 1883 1816 porro
1945 1749 2035 1817 qui
2077 1763 2198 1802 cum
2261 1755 2535 1799 tantorum
2590 1744 2852 1798 malorum
2905 1758 3124 1800 causam
3173 1743 3532 1812 inquisiverit,
3584 1742 3872 1794 amrinare

599 1833 1277 1903 dubitet,persecutionem
1307 1836 1568 1892 adversus
1601 1854 1698 1892 nos
1721 1841 2050 1894 concitatam
2106 1837 2300 1895 horum
2351 1837 2589 1892 omnium
2645 1837 2848 1892 fontem
2903 1836 3202 1898 exstitisse,
3245 1849 3364 1888 cum
3393 1835 3696 1904 przesertim
3730 1849 3872 1887 non,-

599 1928 702 1997 ttisi
733 1939 854 1999 post
883 1931 1147 1986 redditam
1177 1930 1504 1986 Christianis
1531 1933 1858 2002 libertatem,
1885 1946 2029 1989 tanta
2065 1934 2374 2004 reipublicm
2405 1932 2746 2002 perturbatio
2773 1934 2932 1984 linem
2965 1929 3277 1998 acceperit?

1199 2021 1425 2077 CAPUT
1465 2021 1576 2077 XV.

880 2113 956 2170 De
985 2114 1065 2167 his
1098 2131 1214 2182 qua:
1244 2115 1524 2185 gentilibus
1555 2118 1883 2174 acciderunt.

666 2267 804 2339 'i'oto
838 2281 989 2324 certe
1038 2273 1441 2340 persecutionis
1489 2273 1777 2336 decennio.
1814 2291 2086 2344 nunquam
2137 2293 2166 2331 a

594 2360 799 2430 mutuis
848 2361 992 2414 inter
1034 2350 1181 2434 ipsos
1215 2363 1448 2429 insidiis,
1503 2374 1557 2419 et
1607 2365 1674 2419 ab
1715 2366 1972 2419 intestino
2027 2366 2169 2421 bello

593 2463 862 2518 cessatum
898 2465 998 2510 est.
1028 2455 1104 2522 Ac
1135 2471 1284 2510 mare
1310 2456 1528 2525 quidem
1561 2457 1938 2527 navigantibus
1969 2461 2170 2528 imper-

595 2549 741 2601 vium
778 2557 916 2602 erat.
964 2547 1026 2600 Et
1057 2548 1366 2618 quicunque
1399 2549 1649 2602 alicunde
1680 2550 1975 2618 solverant,
2007 2552 2171 2624 314,

594 2639 845 2709 protinus
872 2640 1010 2710 capti
1044 2640 1382 2708 gravissimis
1409 2643 1726 2701 verberibus
1773 2644 2166 2709 alliciebautur,

593 2736 650 2797 et
680 2730 962 2782 tormentis
1005 2738 1166 2798 atque
1199 2731 1414 2800 ungulis
1453 2730 1620 2784 latera
1665 2732 2025 2798 sulcantibus,
2054 2754 2167 2794 etu-

597 2817 760 2888 niquc
783 2821 1118 2873 cruciatuum
1148 2836 1347 2890 genere
1370 2823 1864 2892 interrogabantur,
1898 2837 2077 2882 utrum
2103 2830 2167 2881 ab

598 2909 844 2977 hostibus
888 2910 1126 2964 venirent
1157 2930 1169 2965 :
1203 2914 1530 2984 tandemque
1567 2917 1750 2970 crucis
1784 2919 2049 2986 supplicio
2078 2931 2170 2974 aut

599 3002 852 3056 incendio
917 3002 1275 3058 necabantur.
1302 3004 1420 3058 iam
1457 3006 1629 3077 clypei
1663 3017 1716 3062 et
1751 3009 1951 3072 loricae,
1981 3011 2086 3064 tela
2119 3021 2172 3066 et

596 3089 791 3152 hasta},
817 3092 1034 3162 aliaque
1067 3091 1330 3158 ejusmodi
1361 3093 1623 3149 bellorum
1657 3097 2014 3152 instrumenta
2050 3101 2173 3154 ubi-

593 3196 700 3264 que
741 3186 1222 3253 comparabantur.
1271 3186 1352 3239 Ad
1391 3186 1506 3240 haec
1539 3187 1793 3244 triremes
1829 3200 1882 3244 et
1912 3207 2064 3246 arma
2103 3192 2169 3244 ad

597 3277 816 3330 navales
839 3291 1042 3350 pugnas
1074 3281 1477 3334 accmumodata
1507 3282 1704 3350 passim
1744 3284 2169 3339 instruebantur.

2803 2018 3190 2076 ΚΕΦΑΛΑΙΟΝ
3221 2020 3320 2074 IE'.

2495 2115 2635 2185 Περὶ
2670 2115 2788 2169 τῶν
2821 2115 2943 2180 τοῖς
2979 2113 3151 2185 ἐκτὸς
3171 2111 3634 2185 συμβεϐηκότων

2766 2173 2998 2257 (Νἱρλι.
3035 2183 3097 2236 Ε.
3129 2173 3374 2248 ’νιῃέἓλ

2341 2284 2439 2340 Διὰ
2477 2276 2679 2341 παντός
2704 2278 2768 2346 γε
2788 2295 2869 2330 τοι
2899 2274 2990 2329 τοῦ
3018 2274 3157 2328 κατὰ
3179 2274 3270 2326 τὸν
3296 2271 3534 2343 διωγμὸν
3560 2271 3865 2334 δεκαέτους

2269 2380 2462 2452 χρόνου
2494 2374 2627 2447 (81),
2664 2369 2775 2424 τῶν
2807 2371 2885 2432 είς
2917 2367 3210 2437 ἐπιϐουλὴν
3239 2365 3333 2418 καὶ
3359 2364 3590 2435 πόλεμον
3619 2363 3716 2416 τὸν
3745 2364 3866 2416 κατ’

2270 2463 2536 2534 ἀλλήλων,
2590 2459 2744 2512 οὐδὲν
2798 2457 2998 2519 αὐτοὺς
3040 2454 3394 2507 διαλέλοιπεν.
3448 2452 3716 2506 Ἀπλωτα
3767 2453 3865 2522 μὲν

2270 2556 2378 2626 γὰρ
2415 2554 2482 2607 τὰ
2529 2550 2670 2605 κατὰ
2704 2548 2973 2603 θάλατταν
3021 2543 3109 2618 ἦν,
3158 2545 3266 2598 οὐδ’
3319 2544 3446 2614 ὲξῆν
3480 2544 3646 2597 ποθεν
3691 2561 3863 2597 κατα-

2274 2646 2630 2706 πλεύσαντας,
2689 2641 2763 2713 μὴ
2814 2641 2934 2710 οὐχὶ
2979 2639 3184 2699 πάσαις
3241 2637 3449 2698 αἰκίαις
3513 2636 3865 2704 ὑπάγεσθαι,

2274 2733 2733 2806 στρεϐλουμένους
2782 2729 2876 2783 καὶ
2913 2727 3012 2793 τὰς
3058 2725 3295 2798 πλευρὰς
3339 2724 3861 2795 καταξαινομὲνους.

2273 2826 2524 2897 βασάνοις
2547 2841 2605 2876 τε
2634 2821 2937 2885 παντοίαις,
2972 2819 3046 2891 μὴ
3075 2820 3182 2890 ἄρα
3213 2819 3361 2891 παρᾶ
3381 2816 3490 2870 τῶν
3514 2817 3578 2869 δι’
3606 2816 3863 2882 ἐναντίας

2271 2917 2482 2988 ἐχθρῶν
2524 2917 2730 2986 ἥκοιεν,
2777 2913 3254 2984 ἀνακρινομένους,
3290 2911 3385 2964 καὶ
3420 2910 3570 2973 τέλος
3605 2911 3865 2979 σταυροῖς

2270 3011 2303 3082 ἢ
2339 3013 2406 3080 τῇ
2431 3007 2519 3061 διὰ
2549 3007 2717 3078 πυρὸς
2751 3004 3127 3075 ὑπαγομένους
3172 3002 3411 3056 κολάσει.
3456 3001 3724 3055 Ἀσπίδων
3773 3001 3865 3053 ἐπὶ

2270 3101 2480 3163 τούτοις
2510 3099 2604 3152 καὶ
2637 3098 2900 3169 θωράκων
2935 3096 3299 3167 παρασκευαὶ,
3339 3094 3505 3164 βελῶν
3545 3110 3603 3146 τε
3649 3095 3749 3146 καὶ
3782 3093 3864 3145 60.-

2276 3194 2472 3265 ρᾶτων,
2498 3191 2591 3244 καὶ
2628 3189 2729 3259 τῆς
2777 3189 2942 3258 ἄλλης
2983 3187 3285 3257 πολεμικῆς
3317 3185 3677 3256 παρατάξεως
3720 3187 3861 3238 ἑτοι-

2277 3285 2497 3355 μασίαισ
2532 3285 2772 3354 τριήρων
2803 3299 2862 3334 τε
2895 3281 2988 3333 καὶ
3027 3280 3133 3333 τῶν
3167 3279 3310 3332 κατὰ
3342 3278 3650 3348 ναυμαχίαν
3678 3277 3863 3330 ὃπλων

597 3365 708 3438 Nec
739 3368 884 3423 aliud
916 3368 1211 3438 quidquam
1259 3383 1579 3440 exspectare
1617 3373 1987 3442 unusquisque
2021 3385 2170 3443 pote-

2277 3375 2412 3430 κατὰ
2435 3374 2612 3428 πάντα
2631 3372 3044 3443 συνεκροτοῦντο
3064 3372 3245 3437 τόπον,
3263 3371 3370 3422 οὐδ’
3395 3367 3462 3441 ἦν
3483 3371 3608 3424 ἄλλο
3627 3387 3682 3423 τι
3701 3369 3863 3423 παντί

596 3467 678 3511 rat
702 3473 860 3527 quam
892 3459 1256 3526 quotidianam
1287 3459 1524 3514 hostium
1555 3462 1942 3518 incursionem.
1977 3463 2170 3519 Fames

598 3557 719 3616 post
751 3549 864 3604 haec
896 3550 1172 3620 pestisque
1200 3553 1532 3622 supervenit,
1575 3555 1638 3608 de
1681 3555 1876 3624 quibus
1910 3570 2008 3611 suo
2053 3556 2170 3613 loco

597 3651 660 3707 ac
691 3645 932 3708 tempore
955 3641 1150 3696 dicturi
1180 3657 1387 3700 sumus.

1180 3827 1409 3882 CAPUT
1454 3827 1593 3882 XVI.

809 3917 880 3974 De
907 3917 1057 3973 rebus
1090 3919 1143 3971 in
1173 3919 1436 3977 meliorem
1460 3930 1655 3978 statum
1687 3920 1960 3978 restitutis,

666 4005 792 4063 Haec
824 4019 948 4062 sunt
993 4024 1112 4077 quae
1146 4019 1255 4064 toto
1306 4010 1702 4079 persecutionis
1754 4010 1897 4064 illius
1930 4022 2172 4079 tempore

596 4099 964 4168 contigerunt.
994 4103 1134 4166 Quae
1155 4103 1370 4170 quidem
1402 4101 1706 4170 persecutio
1737 4116 1839 4170 ope
1871 4102 2039 4156 divini
2068 4102 2174 4154 Nu-

597 4191 780 4254 minis,
811 4207 955 4246 anno
981 4193 1195 4246 tandem
1228 4193 1438 4246 decimo
1460 4209 1682 4260 prorsus
1709 4195 1894 4248 sedata
1925 4202 2027 4257 est,
2049 4209 2171 4248 cum

596 4287 722 4348 post
751 4289 1003 4334 octavum
1038 4297 1238 4335 annum
1294 4281 1692 4352 aliquantisper
1741 4284 2019 4340 remittere
2059 4299 2171 4340 c03-

597 4352 785 4440 pissct.
824 4369 1118 4439 Postquam
1151 4373 1293 4425 enim
1330 4372 1570 4428 caelestis
1608 4377 1697 4430 Dei
1735 4378 1907 4444 gratia
1940 4377 2173 4446 benigno

598 4475 698 4514 nos
726 4476 788 4514 ac
815 4462 1050 4530 propitio
1078 4462 1222 4516 vultu
1251 4465 1509 4533 respexit,
1536 4476 1644 4518 tum
1671 4467 1944 4535 principes
1973 4467 2046 4520 illi
2073 4469 2170 4534 ipsi

2271 3482 2348 3534 τῳ
2382 3462 2705 3533 προσδοκᾷν,
2736 3461 2768 3531 ἢ
2797 3460 3068 3530 πολεμίων
3102 3460 3242 3513 κατὰ
3280 3461 3458 3513 πᾶσαν
3493 3459 3680 3529 ἔφοδον
3724 3459 3860 3530 ὴμέ-

2278 3569 2393 3623 ραν.
2427 3551 2648 3614 Τούτοις
2678 3550 2772 3604 καὶ
2804 3552 2832 3603 ὁ
2868 3550 3005 3620 μετὰ
3056 3549 3229 3604 ταῦτα
3255 3549 3412 3619 λιμός
3443 3566 3503 3602 τε
3552 3548 3646 3603 καὶ
3673 3548 3861 3618 λοιμὸς

2279 3644 2752 3714 ἐγκατασκήπτει·
2806 3642 2932 3713 περὶ
2979 3635 3052 3695 ὧν
3088 3641 3226 3696 κατὰ
3264 3641 3454 3712 καιρὸν
3501 3641 3860 3712 ἱστορήσομεν

2277 3736 2344 3790 τὰ
2370 3734 2575 3788 δέοντα.

2800 3823 3199 3881 ΚΕΦΑΛΛΙΟΝ
3232 3823 3347 3889 ις’.
3391 3806 3401 3809 ’

2279 3914 2420 3983 Περὶ
2473 3914 2585 3984 τῆς
2632 3914 2730 3967 ἐπὶ
2764 3913 2829 3984 τὸ
2879 3913 3148 3984 κρεῖττον
3191 3912 3316 3984 τῶν
3368 3912 3730 3984 πραγμάτων
3755 3930 3857 3982 με..

2610 3983 2872 4051 ταδόλῆς
2901 3983 3040 4054 (Nic.
3073 3987 3144 4038 Η.
3174 3983 3240 4037 E.
3269 3999 3362 4045 vn,
3388 3983 3501 4052 22).

2355 4098 2568 4152 Tomis"
2606 4093 2674 4168 ἦν
2699 4099 2766 4153 τὰ
2803 4097 2914 4168 (82)
2943 4097 3031 4150 διὰ
3059 4097 3259 4160 παντὸς
3292 4097 3384 4153 τοῦ
3414 4096 3655 4168 διωγμοῦ
3686 4114 3858 4168 παρα-

2282 4189 2562 4254 τετακότα,
2584 4188 2792 4258 δεκάτῳ
2825 4189 2920 4258 μὲν
2945 4186 3053 4240 ἔτει
3081 4188 3177 4240 σὺν
3210 4185 3342 4240 Θεοῦ
3372 4186 3554 4258 χάριτι
3585 4185 3858 4247 παντελῶς

2283 4280 2657 4350 πεπαυμένου,
2699 4281 2884 4350 λωφᾷν
2935 4296 2998 4347 γε
3043 4279 3148 4350 μὴν
3195 4279 3312 4350 μετ’
3346 4279 3527 4345 ὃγδοον
3556 4278 3673 4343 ἔτος
3702 4282 3854 4348 ἐναρ-

2285 4372 2537 4443 ξαμένου.
2586 4351 2673 4435 ’ἀς
2711 4371 2814 4442 γὰρ
2858 4371 2956 4441 τὴν
3003 4371 3083 4433 εἰς
3119 4373 3267 4441 ἡμᾶς
3314 4371 3618 4442 ἐπισκοπὴν
3651 4369 3852 4442 εὐμενῆ

2285 4466 2378 4518 καὶ
2408 4465 2536 4518 ἵλεω
2565 4466 2598 4535 ἠ
2627 4463 2746 4517 θεία
2775 4465 2867 4517 καὶ
2896 4463 3145 4534 οὐράνιος
3171 4463 3330 4535 χάρις
3357 4463 3708 4524 ἐνεδείκνυτο,
3737 4462 3853 4516 τότε

599 4553 689 4625 qui
719 4541 1156 4621 persecutionem
1186 4556 1448 4617 adversus
1492 4565 1722 4611 nostros
1752 4557 1984 4627 primum
2027 4573 2170 4612 cont-

2277 4558 2408 4629 δῆτα
2433 4558 2527 4610 καὶ
2549 4558 2600 4610 οἱ
2632 4555 2754 4609 καθ’
2788 4558 2935 4627 ἡμᾶς
2960 4557 3242 4628 ἄρχοντες,
3275 4555 3428 4608 αὐτοὶ
3459 4554 3522 4624 δὴ
3567 4557 3764 4607 ἐκεῖνοι
3791 4553 3853 4605 δι’

600 4678 770 4744 metu,
808 4678 1022 4744 autper
1057 4669 1494 4744 desperationem
1535 4687 1729 4744 manus
1761 4671 1862 4744 sibi
1905 4672 2174 4744 violentas
2206 4684 2252 4741 υ
2280 4671 2482 4744 Christi
2519 4671 2800 4744 δίε-.-ωηο
2827 4687 2952 4744 cum
2980 4669 3543 4744 constantinumvicto
3564 4668 3848 4744 Maxentio,

597 4739 850 4792 alterunt.
879 4738 986 4793 Séd
1019 4741 1235 4806 quoties
1259 4739 1423 4792 divini
1452 4739 1688 4808 Spiritus
1726 4743 1988 4796 instinctu
2021 4742 2086 4795 ad
2125 4745 2175 4797 id

597 4809 968 4877 impelluntur,
1001 4810 1142 4878 quod
1187 4811 1462 4864 rarissime
1501 4811 1696 4864 aet-idit
1729 4829 1742 4866 ;
1773 4821 1900 4865 tunc
1938 4812 2012 4865 id-
2041 4812 2176 4868 laci—

597 4896 700 4944 nus
747 4879 1250 4952 approbatquidem
1301 4896 1363 4933 ac
1409 4883 1636 4933 miratur
1679 4881 1942 4952 Ecclesia,
1979 4883 2178 4952 quippe

600 4966 719 5018 quae
748 4949 933 5001 divino
956 4949 1160 5015 Spiritu
1192 4965 1406 5017 semper
1433 4953 1638 5019 regitur
1670 4961 1725 5006 et
1769 4949 2030 5005 amatur}
2071 4949 2174 5007 non

601 5032 779 5073 tamen
806 5019 1124 5071 imitandum
1151 5022 1421 5088 proponit.
1458 5019 1587 5074 Vide
1617 5037 1735 5088 quae
1756 5024 1818 5074 de
1851 5024 1951 5076 hac
1981 5038 2036 5075 re
2056 5039 2180 5075 Sett-

599 5091 732 5143 serit
760 5089 1092 5160 Augustiuus
1124 5088 1176 5160 in
1211 5088 1348 5160 libro
1386 5107 1398 5143 I
1426 5089 1499 5143 De
1541 5093 1751 5145 civitate
1786 5091 1905 5154 Dei,
1937 5109 2056 5160 cap.
2083 5092 2174 5148 9.6.

601 5161 769 5215 Porro
821 5160 958 5212 idem
1006 5157 1274 5212 scholium
1317 5159 1515 5230 legitur
1555 5162 1804 5216 etiamin
1837 5164 1976 5230 libro
2006 5157 2175 5217 Suvi-

602 5231 766 5285 iiano.

671 5300 782 5369 (80)
812 5299 1015 5370 Μόνον
1056 5297 1394 5368 χρημάτων.
1427 5299 1482 5354 ln
1511 5300 1606 5356 lih.
1633 5317 1648 5354 ι
1679 5301 1754 5370 De
1781 5303 1888 5356 vita
1917 5303 2174 5357 Constan-

599 5370 718 5444 tini,
742 5385 866 5438 cap.
894 5369 1088 5444 ‘28,ttbi
1116 5371 1229 5424 lucc
1250 5370 1482 5444 refertur
1510 5372 1757 5438 historia,
1790 5375 1981 5443 legitur
2019 5375 2177 5444 μόνον

602 5440 810 5514 χρῆμα,
838 5441 1068 5514 rectius,
1105 5451 1162 5514 ut
1191 5442 1408 5514 opinor.

625 5508 651 5527 ““
693 5508 785 5582 81)
832 5508 941 5564 Τοῦ
995 5509 1145 5564 κατὰ
1204 5510 1310 5564 τὸν
1361 5509 1619 5582 διωγμὸν
1654 5512 1974 5582 δεκαετοῦς
2033 5516 2176 5582 χρό-

598 5594 730 5636 νου.
763 5581 1074 5635 Persecutio
1105 5581 1269 5650 coepit
1293 5596 1436 5635 anno
1458 5584 1800 5637 Cbristi503.
1841 5581 2172 5639 Diocletiano

600 5651 770 5709 octies
795 5659 847 5704 et
873 5650 1202 5714 Maximiano
1240 5652 1441 5722 septies
1477 5668 1618 5708 coss.
1665 5653 1836 5709 Desiit
1871 5671 2001 5711 vero
2030 5669 2172 5711 anno

2287 4743 2498 4797 litteras
2522 4743 2589 4795 ad
2619 4741 2970 4796 Maximinum
3021 4741 3262 4795 Orientis
3290 4740 3675 4808 imperatorem
3711 4741 3853 4794 dedit

2287 4829 2382 4880 pro
2417 4811 2853 4872 Christianorum
2902 4812 3173 4875 libertate,
3232 4818 3291 4864 ut
3344 4811 3538 4863 scribit
3595 4810 3851 4864 Eusebius

2287 4883 2338 4939 iu
2370 4881 2507 4935 libro
2541 4897 2617 4937 Ix.
2648 4881 2872 4936 Duravit
2900 4881 3064 4950 igitur
3093 4880 3396 4948 persecutio
3425 4895 3519 4947 per
3541 4880 3728 4932 decem
3755 4895 3850 4950 an-

2287 4967 2406 5015 nos,
2449 4963 2505 5005 ut
2552 4954 2638 5006 hic
2664 4953 2881 5005 dicitur.
2927 4949 3106 5018 Atque
3135 4951 3206 5002 ita
3250 4951 3301 5002 in
3341 4951 3725 5017 tnauuscriptis
3753 4949 3850 5002 Euv

2286 5023 2424 5076 sebii
2446 5022 2723 5082 Chronicia
2763 5030 3021 5076 notantur
3053 5021 3178 5073 anni
3204 5020 3620 5088 persecutionis,
3658 5029 3716 5072 ut
3744 5034 3848 5074 mo-

2287 5095 2403 5145 nuit
2432 5092 2720 5147 Pontaeus.
2747 5090 2860 5146 Non
2903 5103 3049 5149 recte
3074 5090 3234 5158 igitur
3265 5089 3602 5158 Epiphanius
3634 5090 3687 5142 in
3717 5089 3848 5142 libro

2285 5161 2362 5214 De
2392 5163 2712 5232 ponderibus
2743 5169 2791 5214 et
2819 5164 3098 5232 mensuris.
3136 5161 3279 5214 hanc
3312 5161 3757 5232 persecutionem
3778 5173 3847 5212 ιιι

2284 5228 2441 5286 annis
2491 5235 2718 5287 durasse
2762 5233 2973 5288 scribit.
3004 5231 3139 5286 Vide
3181 5239 3342 5296 caput
3375 5228 3462 5293 l6,
3505 5230 3595 5283 ubi
3643 5229 3847 5283 decituo

2287 5317 2430 5355 anno
2462 5301 2646 5356 sedata
2679 5316 2805 5370 esse,
2830 5303 3030 5355 dicitur
3058 5301 3383 5370 persecutio.

2357 5374 2470 5442 (89.)
2502 5372 2725 5442 Τοιαῦτ’
2767 5368 2844 5441 ἦν
2872 5371 2968 5425 τά.
3005 5367 3086 5424 Ab
3134 5370 3216 5424 liis
3246 5371 3426 5442 verbis
3476 5367 3845 5442 inctioavimus

2284 5438 2572 5512 eaput'lli,
2605 5442 2745 5499 Μαι.
2771 5438 2825 5495 et
2854 5442 3210 5512 Fuketiauum
3241 5441 3395 5512 codd.
3429 5439 3621 5512 secuti.
3668 5439 3766 5512 A_t__
3796 5438 3843 5488 in

2285 5508 2472 5569 codice
2525 5511 2781 5567 Medictco
2823 5527 2982 5582 quem
3042 5512 3094 5564 in
3147 5509 3548 5582 distinguendis
3589 5508 3845 5582 capitibus

2282 5585 2528 5652 sequitur
2547 5585 2681 5640 ltob.
2709 5579 3032 5654 Stephanus,
3052 5580 3250 5642 omissa
3279 5580 3365 5643 hic
3381 5588 3466 5634 est
3492 5580 3726 5648 capitum
3752 5579 3846 5632 dis-

2283 5655 2489 5712 tinctio.
2813 5661 2820 5664 ’
