4114 6406
264 298 374 357 ’193

1266 301 1620 362 1118⁵1⁸08ιῶ
1659 301 2225 362 ECCLESIASTICAE
2264 305 2391 362 LIB.
2435 304 2572 361 VIII.

3435 310 3534 365 79I

262 415 517 482 ἅπαντας
541 418 1045 492 ἐπανορθώσασθαι,
1082 422 1176 474 καὶ
1205 422 1394 476 τούτου
1420 420 1679 493 πρόνοιαν
1705 421 1844 490 ποιή-

1965 420 2172 474 monias
2209 418 2570 490 reliquerant,
2601 414 2665 469 ad
2700 415 2970 470 saniorem
3022 419 3346 474 sententiam
3384 437 3538 474 revn-

263 505 488 573 σασθαι,
531 509 619 561 ἵνα
661 511 752 561 καὶ
792 510 841 562 οί
885 510 1204 581 Χριστιανοὶ
1255 511 1451 571 οἵτινες
1497 509 1606 563 τῶν
1651 509 1853 577 γονέων

261 598 371 650 τῶν
403 598 615 652 ἑαυτῶν
658 600 1080 654 καταλελοίπασι
1123 602 1224 673 τὴν
1260 603 1492 674 αἵρεσιν,
1532 603 1612 664 εἰς
1643 600 1852 673 ἀγαθὴν

262 691 527 760 πρόθεσιν
550 691 895 745 ἐπανέλθοιεν
917 709 932 722 ’
967 695 1194 764 ἐπείπερ
1215 695 1321 748 τινὶ
1345 693 1592 764 λογισμῷ
1616 695 1848 765 τοσαύτη

258 778 465 840 αὐτοὺς
515 779 795 847 πλεονεξία
857 783 1186 852 κατεσχήκει
1245 785 1340 836 καὶ
1393 784 1546 836 ἄνοια
1599 785 1850 855 κατειλή-

259 885 351 935 φει
385 868 519 934 (96),
551 869 627 932 ὡς
660 870 734 943 μὴ
780 870 1008 923 ἕπεσθαι
1038 874 1151 935 τοῖς
1198 873 1304 925 ὑπὸ
1332 873 1439 925 τῶν
1476 873 1641 925 πάλαι
1675 890 1849 926 κατα-

256 961 573 1030 δειχθεῖσιν,
612 961 756 1032 ἅπερ
789 961 920 1026 ίσως
965 963 1227 1035 πρότερον
1265 964 1359 1017 καὶ
1389 966 1437 1017 οί
1468 967 1644 1033 γονεῖς
1669 965 1850 1018 αὐτῶν

258 1048 403 1123 ἦσαν
445 1055 908 1124 καταστήσαντες,
943 1053 1075 1107 ἀλλὰ
1119 1055 1258 1108 κατὰ
1293 1056 1390 1126 τήν
1436 1056 1615 1108 αὐτῶν
1651 1057 1848 1128 πρόθε-

263 1161 349 1197 σιν
384 1146 479 1198 atat
527 1146 603 1208 ώς
643 1145 871 1208 ἕκαστος
901 1146 1168 1211 ἐϐούλετο,
1203 1146 1374 1212 οὕτως
1405 1149 1616 1212 ἑαυτοῖς
1643 1150 1735 1203 καὶ
1763 1150 1849 1203 νό-

262 1253 400 1307 μους
433 1237 679 1307 ποιῆσαι,
728 1240 819 1294 καὶ
860 1240 1081 1304 τούτους
1135 1241 1595 1312 παραψυλάττειν,
1648 1244 1740 1295 καὶ
1788 1245 1847 1297 ὲν

256 1326 538 1397 διαφόροις
570 1327 798 1400 διάφορα
837 1329 1012 1401 πλήθη
1047 1331 1316 1400 συνάγειν.
1347 1332 1648 1402 Τοιγαροῦν
1675 1333 1848 1386 τοιού-

256 1433 352 1470 του
401 1418 493 1486 ὐφ’
544 1421 575 1490 ἡ
586 1419 700 1488 μῶν
767 1421 1191 1492 προστάγματος
1242 1423 1843 1495 παρακολουθήσαντος,

251 1506 397 1561 ὥστε
431 1509 525 1561 ἐπὶ
558 1508 623 1562 τὰ
655 1509 759 1562 ὑπὸ
779 1511 887 1562 τῶν
915 1512 1160 1582 ἀρχαίων
1187 1513 1593 1568 κατασταθέντα
1619 1515 1844 1580 ἑαυτοὺς

255 1601 680 1672 μεταστήσαιεν,
723 1601 962 1656 πλεῖστοι
1009 1605 1107 1675 μὲν
1147 1605 1376 1677 κινδύνῳ
1428 1607 1840 1679 ὑποϐληθέντες,

253 1691 501 1745 πλεῖστοι
542 1692 596 1745 δὲ
645 1693 1013 1765 ταραχθέντες
1041 1739 1054 1761 ,
1113 1699 1397 1763 παντοίους
1438 1699 1700 1766 θανάτους
1734 1705 1842 1757 ὑπο

1959 522 2237 567 carentur.
2274 511 2448 566 Tanta
2476 509 2676 579 quippe
2701 522 2794 560 eos
2831 508 3139 576 arrogantia
3168 524 3233 564 ac
3260 514 3535 567 temeritas

1957 605 2123 660 veluti
2158 619 2224 659 ex
2260 616 2529 658 consensu
2563 599 2796 670 quodam
2839 599 3138 663 invaserat,
3173 610 3232 655 ut
3268 602 3532 671 majorum

1957 697 2226 753 institutis
2258 711 2378 766 qua:
2426 696 2655 748 fortasse
2687 690 2756 744 ab
2788 690 3028 754 ipsormn
3065 694 3375 758 parentibus
3417 711 3538 750 san-

1953 790 2059 844 cita
2094 790 2334 850 fuerant,
2363 786 2586 839 minime
2616 778 3031 851 acquiescerent
3062 783 3190 836 :sed
3219 783 3412 853 singuli
3436 798 3536 853 pro

1953 879 2231 934 arbitratu
2258 891 2358 931 suo
2403 891 2467 929 ac
2506 876 2730 930 libidine
2776 875 2919 942 leges
2957 873 3057 926 sibi
3085 873 3216 943 ipsis
3245 878 3536 930 constitue-

1955 979 2076 1026 rent
2103 986 2310 1040 easque
2334 968 2721 1031 observarent,
2749 976 2806 1019 et
2831 967 2882 1018 in
2911 965 3140 1019 diversis
3175 966 3337 1022 sectis
3369 977 3534 1038 atque

1951 1064 2236 1118 sententiis
2283 1063 2533 1115 diversos
2585 1069 2850 1128 cogerent
2911 1068 3104 1113 cretus.
3137 1059 3368 1113 Proinde
3408 1077 3530 1114 cuin

1952 1170 2050 1208 nos
2087 1154 2356 1224 ejusmodi
2406 1151 2905 1221 pronmlgassemus
2938 1151 3197 1214 edictum,
3232 1159 3289 1203 ut
3319 1151 3418 1218 ipsi
3464 1151 3529 1203 ad

1954 1248 2091 1300 ritus
2144 1257 2198 1300 et
2241 1245 2490 1298 instituta
2535 1242 2802 1311 majorum
2859 1251 3259 1296 reverterentur
3304 1259 3318 1296 :
3376 1243 3531 1296 nmlti

1948 1353 2140 1392 eorum
2175 1336 2520 1406 gravissimis
2555 1335 2966 1388 discriminibus
2988 1333 3220 1400 objecti;
3260 1333 3408 1387 multi
3451 1335 3532 1388 in-

1951 1439 2160 1484 tentato
2183 1428 2574 1498 suppliciorum
2604 1437 2770 1491 metu,
2791 1427 2940 1480 varia
2967 1427 3160 1480 mortis
3185 1440 3383 1494 genera
3407 1441 3532 1494 per-

1950 1520 2214 1574 tulerunt.
2252 1520 2387 1574 Cum
2419 1519 2584 1587 igitur
2611 1520 2924 1572 videremus
2950 1517 3237 1588 plerosque
3258 1533 3443 1572 eorum
3476 1518 3530 1571 in

1949 1612 2263 1683 hujnsmodi
2342 1612 2582 1666 amentia
2650 1611 3036 1682 persistentes,
3108 1626 3206 1666 nec
3268 1611 3370 1664 (liis
3430 1611 3532 1663 im-

1953 1706 2276 1760 mortalibus
2326 1706 2531 1760 culttnn
2585 1704 2831 1758 debitum
2887 1705 3173 1769 exhibere,
3213 1719 3312 1759 nec
3343 1719 3531 1759 sacro-

252 1783 483 1852 ἐφερονο
520 1785 613 1836 καὶ
642 1785 829 1856 ἐπειδὴ
845 1785 952 1839 τῶν
983 1787 1192 1840 πολλῶν
1219 1793 1284 1864 τῇ
1313 1792 1447 1866 αὐτῇ
1472 1795 1702 1867 ἀπονοία⁵
1723 1796 1841 1852 δια-

1949 1815 2066 1852 ι·ιιιιι
2113 1797 2554 1853 Christianorum
2587 1797 2948 1851 carreinonias
2977 1797 3160 1858 obire;
3209 1812 3306 1866 pro
3343 1807 3526 1850 nostra

255 1873 554 1944 μενόντων,
582 1876 844 1947 ἑωρῶμεν
880 1880 1014 1949 μήτε
1044 1883 1155 1943 τοῖς
1186 1880 1325 1945 θεοῖς
1363 1887 1474 1946 τοῖς
1501 1887 1845 1958 ἐπουρανίοις

254 1967 356 2043 τὴν
388 1967 744 2040 ὀφειλομένην
789 1969 1087 2042 θρησκείαν
1123 1974 1419 2042 προσάγειν
1453 1977 1668 2041 αὐτοὺς,
1708 1981 1844 2050 μήτε

251 2057 333 2128 τῷ
362 2059 473 2113 τῶν
516 2061 857 2136 Χριστιανῶν
901 2065 1209 2135 προσέχειν,
1261 2066 1572 2137 ἀφορῶντες
1619 2071 1698 2132 εἰς
1743 2070 1843 2142 τὴν

252 2150 534 2223 ἡμετέραν
560 2153 970 2225 φιλανθρωπίαν
1013 2156 1106 2214 καὶ
1139 2157 1237 2228 τὴν
1268 2157 1491 2228 διηνεκῆ
1534 2159 1840 2230 συνήθειαν,

251 2244 320 2300 δι’
349 2241 418 2316 ἧς
446 2246 720 2318 εἰώθαμεν
768 2249 971 2302 ἅπασιν
999 2249 1308 2322 ἀνθρώποις
1339 2253 1670 2324 συγγνώμην
1709 2256 1847 2309 ἁπο-

253 2337 463 2407 νέμειν,
496 2339 881 2409 προθυμότατα
921 2341 1014 2392 καὶ
1062 2342 1120 2393 ἐν
1147 2341 1319 2413 τούτῳ
1353 2342 1450 2414 τὴν
1497 2344 1844 2417 συγχώρησιν

252 2431 352 2500 τὴν
381 2431 655 2502 ἡμετέραν
685 2433 994 2487 ἐπεκτεῖναι
1027 2432 1136 2485 δεῖν
1181 2435 1535 2506 ἐνομίσαμεν,
1575 2437 1658 2490 ἵνα
1688 2435 1844 2502 αὖθις

251 2516 354 2575 ὦσι
385 2525 720 2595 Χριστιανοὶ,
756 2524 851 2577 καὶ
903 2527 1028 2589 τοὺς
1073 2526 1256 2591 οἴκους
1305 2529 1362 2582 ἐν
1402 2524 1484 2592 οἷς
1527 2531 1840 2601 συνήγοντο,

253 2614 522 2670 συνθῶσιν
547 2614 741 2678 οὕτως,
769 2614 912 2668 ὥστε
944 2616 1108 2688 μηδὲν
1141 2619 1458 2672 ὑπεναντίον
1492 2619 1591 2690 τῆς
1622 2622 1845 2692 ἐπιστή-

254 2725 365 2778 μης
395 2708 595 2771 αὐτοὺς
629 2707 922 2777 πράττειν’
965 2709 1031 2762 δι’
1073 2710 1262 2784 ἐτέρας
1313 2710 1368 2763 δέ
1399 2711 1688 2782 ἐπιστολῆς
1730 2715 1844 2776 τοῖς

250 2801 540 2863 δικασταῖς
596 2800 938 2871 δηλώσομεν,
997 2801 1048 2854 τί
1098 2803 1294 2866 αὐτοὺς
1349 2803 1842 2874 παραφυλάξασοαι

252 2892 460 2966 δεήσει.
487 2892 648 2946 Ὅθεν
678 2893 820 2947 κατὰ
841 2893 1044 2964 ταύτην
1072 2893 1172 2964 τὴν
1206 2892 1552 2966 συγχώρησιν
1579 2895 1677 2966 τὴν
1705 2898 1842 2968 ἠμε-

250 2985 418 3056 τέραν
460 2986 731 3056 ὀφείλουσι
765 2985 855 3038 τὸν
886 2985 1095 3040 ἑαυτῶν
1133 2978 1265 3040 Θεδν
1298 2987 1559 3040 ἱκετεύειν
1589 2991 1718 3061 περὶ
1746 2991 1844 3062 τῆς

1945 1891 2279 1944 humanitate
2307 1898 2360 1943 ct
2399 1905 2496 1958 pro
2528 1890 2754 1943 solemni
2807 1889 3058 1943 instituto
3100 1889 3402 1944 clementia:
3428 1904 3528 1942 no-

1943 1995 2070 2038 strae
2113 1999 2219 2052 qua
2273 1983 2542 2037 universis
2608 1981 2924 2036 hominibus
2979 1983 3192 2034 veniam
3261 1982 3526 2049 impertiri

1944 2075 2357 2137 consuevimus,
2384 2074 2438 2128 in
2477 2075 2580 2128 hoc
2609 2073 2774 2126 etiam
2811 2072 3027 2140 negotio
3063 2073 3422 2126 libentissime
3446 2073 3529 2125 in.

1945 2167 2276 2236 dnlgentiam
2309 2174 2552 2218 nostram
2601 2165 2914 2219 censuimus
2942 2179 3064 2217 esse
3108 2162 3523 2231 proferendam,

1945 2267 2002 2310 ιιι
2028 2271 2218 2311 omnes
2242 2256 2534 2311 Christiani
2571 2256 2714 2309 mdes
2747 2270 2873 2308 suas
2911 2255 2962 2306 in
2993 2255 3192 2322 quibus
3225 2263 3526 2306 conventus

1945 2350 2300 2417 peragebant,
2331 2347 2510 2402 denuo
2562 2347 2874 2400 instaurare
2907 2347 3137 2415 possint,
3181 2344 3254 2398 ita
3288 2353 3347 2397 ut
3392 2344 3525 2398 nihil

1945 2439 2276 2492 Contrarium
2296 2437 2602 2506 disciplinae
2627 2452 2738 2490 snte
2756 2434 3013 2504 deinm-ps
3037 2434 3216 2488 facere
3237 2444 3519 2504 cogantur.

1943 2531 2212 2586 Peculiari
2259 2541 2440 2585 autem
2478 2528 2706 2600 epistola
2738 2528 3014 2596 jndicibns
3057 2526 3522 2596 signiﬁcabimus,

1943 2624 2072 2693 quid
2105 2623 2251 2692 ipsos
2289 2622 2590 2676 observare
2613 2629 2881 2690 oporteat.
2917 2618 3262 2687 Quapropter
3290 2619 3359 2670 ob
3385 2620 3523 2671 hanc

1946 2711 2335 2778 indulgentiam
2371 2709 2672 2763 clementia:
2712 2719 2908 2762 nostrze
2934 2708 3100 2760 Deum
3125 2722 3278 2760 suum
3313 2707 3520 2776 precari

1943 2814 1996 2859 et
2022 2805 2316 2858 obsecrare
2349 2817 2442 2857 cos
2471 2810 2706 2871 oportet,
2731 2811 2840 2852 tum
2875 2814 2973 2868 pro
2997 2799 3372 2853 incolumitate
3401 2811 3521 2852 nos-

1947 2905 2050 2958 tra,
2082 2903 2193 2948 tum
2220 2909 2320 2963 pro
2357 2893 2666 2964 reipublirte
2701 2907 2908 2962 suaque
2938 2891 3178 2962 ipsorum
3224 2891 3434 2958 salute;
3467 2902 3525 2944 ut

1944 2997 2000 3041 et
2041 2987 2356 3058 reipublicae
2387 2995 2564 3040 status
2609 2987 2816 3055 integer
2869 2993 3202 3055 permaneat,
3243 2993 3296 3037 et
3341 2983 3440 3053 ipsi
3470 2983 3522 3036 in

252 3079 532 3149 σωτηρίας
562 3078 663 3148 τῆς
692 3077 987 3149 ἡμετέρας,
1025 3078 1119 3130 καὶ
1146 3077 1261 3130 τῶν
1284 3077 1580 3150 δημοσίων,
1619 3081 1712 3132 καὶ
1742 3080 1843 3150 τῆς

1949 3079 2062 3134 suis
2078 3078 2372 3132 domiciliis
2400 3093 2522 3130 eum
2543 3081 2692 3130 omni
2716 3076 3010 3130 securitate
3037 3075 3248 3144 possint
3269 3075 3483 3141 degere.
3500 3095 3518 3128 ι

252 3169 486 3233 ἑαυτῶν,
519 3171 602 3222 ἴνα
632 3169 775 3222 κατὰ
814 3170 989 3223 πάντα
1019 3169 1218 3240 τρόπον
1249 3170 1342 3221 καλ⁸
1373 3169 1440 3223 τὰ
1468 3169 1702 3240 δημόσια
1738 3189 1842 3224 πα-

255 3261 496 3333 ρασχεθῇ
525 3263 652 3332 ὑγιῆ
681 3263 776 3314 καὶ
806 3263 1098 3333 ἀμέριμνοι
1133 3261 1229 3332 ζῇν
1262 3262 1319 3314 ἐν
1352 3265 1416 3333 τῇ
1450 3262 1657 3316 ἑαυτῶν
1689 3263 1842 3336 ἑστίᾳ

254 3354 542 3424 δυνηθῶσι.
567 3375 585 3406 ι
633 3354 816 3407 Ταῦτα
858 3355 998 3415 κατὰ
1041 3356 1140 3424 τὴν
1185 3353 1293 3407 τῶν
1336 3355 1622 3424 Ῥωμαίων
1658 3357 1840 3428 φωνὴν

255 3448 347 3508 ἐπὶ
380 3446 477 3518 τὴν
516 3446 739 3499 Ἐλλάδα
773 3445 1018 3515 γλώτταν
1048 3446 1188 3498 κατὰ
1220 3445 1279 3498 τὸ
1305 3445 1532 3499 δυνατὸν
1564 3447 1838 3518 μεταϐλη-

256 3539 438 3603 θέντα,
469 3538 656 3592 τοῦτον
689 3538 801 3608 ἔχει
830 3538 919 3591 τὸν
947 3538 1165 3610 τρόπον.
1199 3539 1264 3590 Τί
1295 3537 1358 3592 δτι
1389 3534 1481 3592 οὖν
1511 3539 1602 3592 ἐπὶ
1631 3539 1839 3604 τούτοις

258 3626 486 3693 γίνεται,
521 3626 888 3698 ἑπιθεωρῆσαι
921 3627 1130 3697 καιρός.

330 3716 508 3783 Τέλος
521 3716 625 3771 τοῦ
641 3724 690 3785 η’
704 3718 802 3787 .16;
813 3734 890 3769 Ὀυ
912 3715 1016 3785 τῆς
1029 3719 1512 3789 ἐκκνῖησιαστικῆ
1519 3742 1549 3786 ς
1566 3718 1877 3788 Ἱστορίας.

261 3903 347 3954 TO
411 3900 506 3956 ΩΣ
564 3900 850 3955 ΛΕΙΠΟΝ
919 3899 1019 3951 ΕΝ
1092 3901 1295 3957 ΤΙΣΙΝ
1350 3903 1847 3957 ΑΝΤΙΓΡΑΦΟΙΣ

660 3991 760 4042 ΕΝ
815 3992 898 4059 Τῼ
948 3991 1184 4060 ΟΓΔΟῼ
1224 3992 1434 4063 ΛΟΓῼ.

338 4129 477 4183 Ἀλλ’
515 4131 544 4182 ὁ
575 4129 673 4200 μὲν
711 4129 811 4198 τῆς
855 4129 1072 4200 γραφῆς
1106 4128 1279 4191 αἴτιος
1327 4128 1464 4198 μετὰ
1495 4147 1594 4200 την
1634 4130 1842 4186 τοιάνδε

259 4224 548 4295 ὁμολογίαν
587 4221 787 4276 αὐτίκα
827 4223 920 4275 καὶ
967 4223 1066 4276 οὐκ
1100 4223 1180 4285 είς
1217 4223 1426 4292 μακρὸν
1478 4222 1586 4275 τῶν
1616 4223 1845 4294 ἀλγηδό-

1949 3172 2072 3227 Ilaec
2099 3188 2163 3226 ex
2193 3170 2382 3225 Latina
2421 3171 2604 3240 lingua
2631 3172 2682 3223 in
2707 3168 2956 3225 Gra'cum
2982 3185 3286 3224 sermonem
3312 3186 3340 3222 a
3370 3169 3526 3224 nobis

1945 3277 2106 3335 prout
2135 3265 2416 3333 potuimus
2448 3261 2734 3324 translata,
2787 3261 2857 3313 ita
2894 3277 2953 3316 se
2983 3261 3200 3317 habent.
3238 3261 3366 3326 Qua:
3398 3277 3526 3314 vero

1946 3359 2183 3428 posthzec
2223 3357 2518 3410 subsecuta
2561 3363 2710 3416 sunt,
2739 3369 2880 3406 nunc
2911 3361 3124 3422 tempus
3145 3361 3226 3406 est
3254 3361 3315 3405 ut
3343 3351 3524 3406 consi-

1945 3448 2222 3502 deremus.

2028 3719 2177 3775 Finis
2206 3719 2326 3774 libri
2351 3717 2531 3774 octavi
2551 3717 2802 3773 IIiszoria:
2823 3717 3239 3772 ecclesiasticas.

1953 3901 2125 3973 317.
2156 3897 2183 3952 1
2195 3895 2255 3973 Ν.
2283 3893 2715 3973 Οιυλίὲίῖξίίίυί
2743 3891 3525 3973 £35.41’1’1-3.’51”'{§JIQ.Q

2028 3961 2255 4034 QUAS!
2315 3963 2937 4018 SlII’I’LEMlL'NTUM
2994 3961 3198 4015 LIBRI
3257 3961 3520 4017 OCTAVI

2023 4037 2300 4094 ιιιςιιειιι
2315 4034 2400 4088 TU
2415 4035 2478 4087 II.

2027 4134 2224 4186 Verum
2265 4139 2456 4184 auctor
2495 4124 2654 4193 hujus
2689 4124 2848 4178 edicti
2879 4133 3001 4191 post
3035 4124 3338 4190 hujusmodi
3391 4141 3527 4181 con-

1951 4224 2239 4278 fessionem
2278 4223 2540 4274 continno
2583 4216 2692 4268 vita
2725 4215 2886 4268 simul
2921 4232 2982 4269 ac
3022 4215 3301 4270 doloribus
3327 4217 3514 4271 libera-

259 4334 361 4370 κων
399 4314 758 4381 ἀπαλλαγεὶς,
804 4313 1161 4386 μεταλλάττει
1208 4314 1298 4368 τὸν
1344 4314 1478 4384 βίον.
1531 4316 1731 4370 Τοῦτον
1776 4316 1839 4387 δὴ

1953 4327 2037 4369 tus
2071 4324 2178 4369 est.
2205 4312 2362 4367 llnnc
2393 4313 2631 4380 primum
2662 4309 2983 4362 miserandze
3025 4307 3169 4361 illius
3199 4311 3527 4376 persecutio-

259 4407 410 4476 λόγος
442 4407 555 4477 ἔχει
592 4407 806 4478 πρῶτον
841 4408 1012 4459 αῖτιον
1048 4407 1146 4478 τῆς
1173 4406 1266 4459 τοῦ
1299 4407 1541 4478 διωγμοῦ
1573 4408 1842 4478 καταστῆ-

259 4517 342 4554 ναι
377 4500 692 4571 συμφορᾶς,
734 4497 814 4551 ἔτι
852 4498 1019 4551 πάλαι
1053 4498 1159 4568 πρὸ
1187 4498 1284 4569 τῆς
1315 4497 1422 4550 τῶν
1460 4498 1660 4551 λοιπῶν
1689 4499 1842 4569 βασι-

259 4593 392 4646 λέων
421 4593 709 4663 κινήσεως,
741 4592 868 4656 τοὺς
901 4592 958 4643 ὲν
998 4589 1306 4660 στρατείαις
1333 4592 1710 4663 Χριστιανοὺς,
1745 4592 1841 4646 καὶ

259 4683 508 4755 πρώτους
539 4701 602 4752 γε
636 4685 891 4738 ἁπάντων
926 4685 1051 4746 τοὺς
1083 4682 1176 4734 ἐπὶ
1203 4681 1296 4735 τοῦ
1330 4681 1464 4735 ἰδίου
1491 4682 1640 4735 οἴκου
1671 4700 1841 4754 παρα-

260 4774 480 4845 τρέπειν
504 4773 947 4844 ἑκῦεὸιασμένον,
978 4773 1072 4826 καὶ
1111 4773 1237 4834 τοὺς
1274 4771 1372 4842 μὲν
1397 4771 1499 4841 τῆς
1523 4789 1840 4843 στρατιωτι-

261 4866 359 4936 κῆς
387 4863 538 4930 ἀξίας
573 4864 957 4928 ἀποκινοῦντα,
995 4864 1121 4928 τοὺς
1147 4863 1202 4916 δέ
1237 4863 1538 4934 ἀτιμότατα
1578 4861 1839 4934 καθυὸρί-

260 4959 437 5024 ζοντα.
475 4957 575 5028 ἥδη
614 4958 671 5011 δὲ
713 4958 806 5011 καὶ
847 4956 1076 5010 θάνατον
1117 4955 1326 5026 ἑτέροις
1362 4954 1708 5027 ἐπαρτῶντα,
1744 4956 1838 5007 καὶ

259 5049 555 5124 τοῦσχατόν
595 5067 658 5120 γε
698 5052 824 5114 τοὺς
853 5051 950 5122 τῆς
998 5049 1273 5121 βασιλείας
1308 5049 1599 5112 κοινωνοὺς
1631 5049 1724 5105 ἐπὶ
1746 5047 1838 5104 τὸν

263 5230 332 5282 tis
361 5227 604 5290 Galerii,
639 5229 832 5281 tertius
863 5237 1071 5280 tantum
1106 5226 1203 5282 fuit
1250 5227 1465 5282 Licinii.
1513 5227 1667 5295 Quod
1713 5243 1842 5281 vero

261 5303 327 5352 ad
353 5300 697 5354 consulatum
734 5299 922 5352 Licinii
952 5300 1168 5358 attinet.
1200 5298 1318 5366 ejus
1349 5301 1552 5351 tnentio
1586 5300 1642 5352 Iit
1674 5297 1843 5352 inFa-

261 5372 362 5423 stis
389 5370 658 5436 Prosperi,
691 5368 994 5423 Cassiodori
1028 5379 1082 5422 et
1120 5366 1366 5431 Victorii,
1402 5369 1453 5422 in
1485 5372 1683 5436 quilms
1709 5385 1844 5420 eon-

260 5441 344 5491 sul
381 5440 602 5505 ponitur
647 5457 768 5492 cum
810 5440 1142 5493 Maximiano
1191 5443 1327 5508 Aug.
1383 5441 1556 5492 octies
1601 5440 1844 5501 consule,

265 5513 365 5562 hoc
395 5512 514 5577 ipso
549 5525 692 5562 anno
723 5526 829 5576 quo
856 5510 1121 5578 scriptum
1149 5521 1233 5563 est
1265 5510 1525 5563 edictum.
1557 5508 1694 5563 Olim
1729 5509 1850 5577 qni-

263 5581 381 5631 dem
419 5581 470 5632 in
520 5580 974 5632 Atinatationibus
1003 5580 1070 5632 ad
1117 5580 1297 5634 Amm.
1341 5579 1713 5634 Marcellinum
1753 5582 1850 5631 ob-

264 5664 614 5701 servaveram
665 5648 933 5702 Licinium
986 5666 1012 5701 a
1059 5647 1279 5702 Galerio
1312 5651 1614 5716 Augustum
1645 5649 1848 5701 factum

267 5718 458 5778 fuisse.
497 5719 651 5782 paulo
683 5730 810 5774 ante
843 5730 1070 5776 mortem
1097 5718 1298 5775 Galerii
1325 5735 1339 5786 ;
1371 5720 1530 5788 idque
1563 5734 1624 5774 ex
1663 5734 1726 5773 eo
1756 5734 1851 5789 po-

1951 4406 2038 4458 nis
2083 4412 2359 4455 auctorem
2399 4401 2567 4453 luisse
2617 4400 2800 4451 lerunt
2837 4416 2848 4450 :
2888 4395 3089 4464 quippe
3126 4395 3354 4464 qui‘diu
3402 4407 3526 4454 ante

1951 4497 2196 4565 reliquos
2247 4494 2611 4562 imperatores
2641 4529 2656 4553 ,
2705 4488 3043 4542 Christianos
3077 4490 3164 4557 qui
3200 4489 3249 4540 in
3287 4491 3524 4544 exercitu

1953 4588 2308 4649 militabant,
2360 4599 2424 4638 ac
2473 4582 2775 4654 praesertim
2818 4595 2912 4634 eos
2944 4579 3033 4648 qui
3086 4580 3136 4632 in
3184 4580 3381 4649 palatio
3428 4597 3526 4638 suo

1950 4678 2330 4742 versabantur,
2358 4691 2455 4745 per
2491 4675 2598 4728 vim
2642 4673 2914 4725 abducere
2940 4686 2966 4721 a
3005 4669 3262 4740 religione
3305 4687 3400 4725 sua
3434 4687 3526 4725 co-

1949 4782 2112 4828 natus
2160 4772 2230 4826 sit
2265 4787 2278 4824 :
2309 4779 2367 4823 et
2416 4768 2550 4822 alios
2593 4765 2808 4835 quidem
2860 4765 2927 4818 ab
2964 4763 3170 4817 honore
3204 4764 3408 4818 militize
3443 4780 3528 4816 re-

1951 4864 2228 4927 moverit,
2265 4861 2400 4916 alios
2440 4877 2571 4914 vero
2617 4860 2768 4915 omni
2801 4856 3142 4914 contumelia:
3176 4869 3370 4925 genere
3399 4853 3528 4907 aﬂ'e-

1945 4955 2402 5025 cerit:quosdam
2433 4954 2596 5008 etiam
2634 4962 2809 5006 morte
2851 4949 3160 5014 mulctarit;
3199 4949 3410 5002 tandem
3442 4949 3530 5002 de-

1950 5051 2115 5120 nique
2153 5048 2391 5119 collegas
2421 5061 2550 5102 suos
2590 5055 2646 5100 et
2682 5045 2894 5114 imperil
2927 5050 3213 5097 consortes
3240 5040 3306 5094 ad
3337 5054 3527 5094 omnes

1950 5225 2219 5279 tissimum
2263 5223 2583 5293 colligebam
2604 5261 2619 5284 ,
2650 5221 2793 5288 quod
2814 5217 3091 5293 “Galerius
3124 5217 3184 5293 in
3228 5215 3404 5293 edicto
3436 5214 3526 5293 illo

1949 5297 2018 5350 de
2051 5312 2158 5363 quo
2191 5311 2335 5349 nunc
2364 5285 2547 5346 sin-mo
2579 5285 2698 5352 est,
2735 5291 2934 5363 nullam
2965 5287 3156 5340 Licinii
3188 5285 3524 5363 etillegztensni

1951 5355 2280 5418 mentionem
2316 5364 2554 5416 fecisset.
2579 5363 2683 5415 Sed
2710 5377 2830 5412 ctttlt
2861 5360 2911 5410 in
2932 5356 3311 5422 tuattuscriplis
3327 5355 3526 5406 codici-

1947 5435 2067 5496 bns,
2093 5445 2148 5487 et
2171 5435 2308 5500 apud
2336 5433 2698 5498 Nicephorum
2723 5429 2962 5483 Licinius
2982 5429 3255 5500 Augustus
3276 5425 3325 5500 in
3349 5424 3526 5475 edicto

1949 5492 2267 5559 illo-Galerii
2328 5492 2660 5566 nominetur,
2700 5502 2803 5553 ruit
2843 5511 3026 5552 nostra
3073 5497 3158 5547 illa
3190 5492 3521 5562 conjectura,

2017 5575 2130 5643 (9U)
2183 5571 2513 5636 Πλεονεξία
2557 5571 2916 5643 κατεσχήκει
2961 5566 3066 5643 καί
3107 5566 3282 5643 grata
3334 5579 3524 5643 κατει-

1946 5635 2148 5713 λήφει.
2197 5644 2288 5698 Sic
2324 5635 2598 5713 legilu‘rin
2625 5635 2780 5713 codd;
2824 5635 3066 5713 M;iz:__eI
3107 5635 3272 5713 ιιριιη
3329 5637 3526 5702 qu.l.us

1952 5705 2226 5771 consentit
2255 5705 2417 5772 codd.
2453 5710 2590 5770 Fuk.
2621 5720 2674 5766 cl
2703 5710 2830 5765 Sav.
2859 5719 2913 5764 et
2942 5705 3298 5775 Nicephorius.
