4114 6406
618 304 721 360 795

1321 297 1590 354 EUSEBII
1628 294 2101 352 CESARIENSIS
2139 295 2289 351 OPP.
2327 293 2507 352 PARS
2547 295 2588 350 1.
2629 322 2700 335 —
2736 292 3123 350 HISTORICA.

3756 299 3863 354 796

612 421 812 490 ubique
852 409 1191 473 Christianos
1215 415 1616 485 persequendos
1656 414 1950 483 impulerit.
1985 413 2091 469 Sed
2117 422 2173 468 et

2281 413 2415 465 κατὰ
2427 411 2640 465 πάντων
2653 412 3082 484 ἁνακεκινηκότα
3094 412 3329 483 διωγμόν
3346 405 3554 483 (97)·ὧν
3573 413 3666 466 καὶ
3681 416 3867 469 αὐτῶν

611 509 918 579 cujusmodi
953 509 1078 563 vita:
1108 508 1286 562 exitus
1322 507 1446 561 istis
1491 505 1804 575 contigerit,
1839 504 1992 558 nefas
2029 505 2178 558 arbi-

617 614 732 655 tror
764 599 1065 670 praeterire.
1117 597 1249 652 Cum
1289 611 1417 666 ergo
1443 603 1675 665 quatuor
1706 596 1978 663 principes
2009 594 2182 663 impe-

618 692 757 745 rium
790 690 1091 744 Romanum
1129 689 1271 742 inter
1315 702 1373 741 se
1414 686 1600 754 partiti
1645 694 1832 738 essent
1863 702 1879 736 :
1914 685 2020 738 duo
2062 684 2180 752 qui—

619 783 739 836 dem
784 797 850 836 ex
904 781 1010 835 illis
1064 789 1174 833 tum
1206 786 1366 833 aetate
1401 789 1513 831 tum
1555 777 1778 831 honoris
1827 775 2182 846 praerogativa

612 874 892 943 potiores,
943 871 1176 925 nondum
1215 868 1487 937 completo
1532 866 1750 922 biennio
1799 875 1920 935 post
1962 867 2185 921 inchoa—

613 973 721 1018 tam
769 960 1246 1032 persecutionem,
1284 958 1514 1028 imperio
1562 966 1844 1012 cesserunt
1869 996 1886 1021 ,
1925 957 2185 1026 quemad-

614 1057 830 1107 modum
867 1068 896 1107 a
933 1052 1089 1106 nobis
1133 1052 1382 1118 superius
1416 1049 1749 1104 declaratum
1799 1057 1901 1104 est.
1940 1049 2184 1116 Cumque

615 1144 878 1212 reliquum
928 1142 1056 1196 vita:
1105 1149 1318 1208 tempus
1365 1140 1576 1208 privato
1630 1154 1693 1193 ac
1739 1138 1949 1206 plebeio
1995 1139 2182 1193 habitu

614 1235 1028 1304 transegissent,
1067 1232 1376 1300 huiusmodi
1423 1231 1626 1286 exitum
1657 1231 1834 1286 sortiti
1863 1239 2006 1284 sunt.
2034 1229 2184 1285 Alter

613 1326 854 1395 quidem,
885 1324 976 1393 qui
1010 1332 1064 1378 et
1088 1323 1264 1377 multis
1290 1332 1346 1377 et
1371 1323 1594 1376 honoris
1625 1322 1907 1389 privilegio
1949 1322 2183 1392 reliquos

613 1432 802 1471 omnes
832 1424 1220 1481 antecesserat,
1259 1415 1513 1468 diuturno
1536 1428 1597 1468 ac
1633 1413 2018 1469 molestissimo
2040 1426 2186 1468 mor-

613 1506 681 1560 bo
716 1505 1014 1560 confectus.
1052 1504 1225 1569 Alter,
1255 1504 1344 1573 qui
1381 1504 1644 1559 secundus
1670 1506 1738 1558 ab
1767 1517 1833 1559 eo
1869 1505 2080 1569 fuerat,
2108 1504 2184 1558 la-

615 1611 752 1666 queo
784 1597 945 1650 vilam
977 1596 1195 1663 abrupit
1227 1614 1238 1648 :
1268 1595 1420 1662 juxta
1451 1595 1718 1664 quoddam
1755 1596 2058 1650 daemonum
2091 1613 2182 1651 va-

617 1687 860 1740 ticinium
887 1724 902 1749 ,
944 1685 1247 1754 hujusmodi
1287 1686 1554 1755 supplicio
1607 1687 1802 1740 merito
1849 1686 2074 1742 aﬁ‘ectus
2112 1688 2182 1742 ob

2281 504 2381 557 οὐκ
2409 504 2556 570 ἄξιον
2579 504 2640 556 τὸ
2671 503 2764 556 τοῦ
2801 504 2914 574 βίου
2948 503 3101 568 τέλος
3139 505 3469 576 παραδοῦναι
3499 509 3701 576 σιωπῇ.
3728 508 3867 559 T5:-

2280 596 2462 667 τάρων
2499 591 2591 648 οὖν
2636 596 2735 666 τὴν
2771 595 2913 648 κατὰ
2943 596 3158 650 πάντων
3191 596 3534 667 διειληχότων
3566 599 3771 669 ἀρχὴν,
3813 601 3870 652 οἱ

2286 685 2383 755 μὲν
2421 685 2598 757 χρόνῳ
2632 686 2726 738 καὶ
2756 689 2888 757 τιμῇ
2937 687 3358 759 προηγούμενοι,
3390 689 3499 742 οὐδ’
3525 686 3670 754 ὅλοις
3715 690 3868 744 δυοῖν

2284 773 2459 827 ἐτεσιν
2498 775 2874 845 ἐπιγενόμενοι
2924 775 3001 846 τῷ
3046 776 3294 848 διωγμῷ,
3354 777 3707 847 μεθίστανται
3761 778 3866 847 τῆς

2285 864 2592 934 βασιλείας,
2707 866 2800 918 καὶ
2845 865 3080 937 πρόσθεν
3135 869 3266 938 ἡμῖν
3309 868 3618 939 δεδήλωται,
3660 869 3756 922 καὶ¹
3799 869 3872 941 δὴ

2282 953 2372 1006 τὸν
2410 953 2685 1006 ἐπίλοιπον
2706 953 2801 1006 τοῦ
2838 953 2953 1024 βίου
2983 954 3172 1026 χρόνον
3203 955 3438 1027 δημώδει
3475 957 3569 1010 καὶ
3607 957 3872 1026 ἰδιωτικῷ

2283 1043 2468 1113 τρόπῳ
2502 1042 2896 1112 διαγενόμενοι,
2920 1044 3074 1108 τέλος
3112 1045 3312 1099 τοιόνδε
3339 1047 3434 1117 τῆς
3465 1045 3611 1120 ζωῆς
3642 1047 3872 1118 εἰλήχει

2285 1149 2389 1186 σιν·
2426 1135 2453 1185 6
2480 1133 2579 1203 μὲν
2604 1136 2736 1204 τιμῇ
2764 1150 2825 1186 τε
2858 1135 2952 1187 καὶ
2985 1135 3159 1206 χρόνῳ
3184 1136 3288 1189 τῶν
3320 1139 3603 1208 πρωτείων
3621 1138 3869 1208 ἠξιωμέ-

2283 1240 2392 1288 νος,
2429 1225 2615 1295 μακρᾷ
2652 1224 2744 1277 καὶ
2778 1223 3146 1298 ὲπιλυποτάτῃ
3178 1229 3243 1298 τῇ
3281 1228 3373 1283 τοῦ
3417 1227 3666 1297 σώματος
3699 1228 3870 1302 ἀσθες

2284 1314 2404 1386 νείᾳ
2449 1313 2824 1385 διεργασθεὶς,
2873 1317 2901 1369 6
2943 1315 3000 1368 δὲ
3047 1315 3116 1370 τὰ
3157 1317 3382 1388 δεύτερα
3429 1319 3594 1373 αὑτοῦ
3643 1320 3867 1389 φέρων,

2285 1404 2489 1477 ἀγχόνῃ
2517 1404 2612 1475 τὴν
2661 1404 2805 1478 ζωὴν
2853 1407 3199 1478 ἀπορρήξας,
3235 1410 3377 1463 κατά
3417 1427 3542 1464 τινα
3582 1410 3871 1480 δαιμονίαν

2284 1496 2691 1567 προσημείωσιν
2736 1496 2892 1550 τοῦτο
2926 1498 3133 1561 παθὼν,
3185 1499 3273 1552 διὰ
3317 1501 3572 1564 πλείστας
3601 1501 3751 1572 αὐτῷ
3773 1519 3870 1555 τε·

2283 1585 2630 1656 τολμημένας
2663 1586 3030 1658 ῥᾳδιουργίας.
3059 1588 3177 1643 Τῶν
3211 1590 3268 1643 δὲ
3299 1592 3436 1662 μετὰ
3468 1593 3689 1658 τούτους
3709 1595 3740 1646 ό
3767 1598 3870 1665 μὲν

2286 1675 2534 1742 ὕστατος,
2569 1677 2627 1729 ὃν
2649 1678 2743 1731 καὶ
2775 1679 3016 1750 ἀρχηγὸν
3047 1681 3142 1734 τοῦ
3174 1683 3372 1747 παντὸς
3404 1683 3614 1755 ἔφαμεν
3645 1687 3873 1755 γεγονέ-

614 1776 1014 1845 quamplurima
1061 1791 1180 1845 qum
1232 1777 1522 1831 admiserat
1571 1777 1796 1832 scelera.
1838 1778 1917 1832 Ex
1970 1778 2179 1834 duobus

2284 1785 2371 1820 vat
2400 1767 2662 1838 διωγμοῦ,
2703 1770 2927 1823 τοιαῦτα
2955 1764 3043 1824 οἷα
3082 1773 3175 1826 καὶ
3215 1775 3727 1847 προδεδηλώκαμεν,
3765 1778 3870 1831 πέο

614 1876 794 1918 autem
851 1864 1112 1932 reliquis,
1166 1875 1472 1934 postremus
1523 1867 1740 1935 quidem
1796 1882 1955 1936 quem
2011 1869 2178 1923 totius

615 1954 1010 2022 persecutionis
1046 1955 1236 2007 ducem
1269 1963 1431 2023 atque
1477 1964 1749 2010 auctorem
1785 1956 1950 2011 fuisse
1992 1959 2179 2012 retuli-

617 2060 754 2109 mus,
786 2045 1051 2114 ejusmodi
1089 2045 1304 2100 dolores
1341 2046 1560 2116 pertulit
1586 2063 1722 2116 quos
1756 2064 1916 2118 supra
1945 2067 2176 2106 comme-

616 2139 842 2191 moravi.
871 2138 960 2192 llle
988 2153 1114 2191 vero
1145 2138 1235 2206 qui
1265 2139 1433 2203 gradu
1465 2153 1588 2192 eum
1625 2142 1986 2208 praecedebat,
2024 2143 2175 2196 beni-

613 2229 904 2297 gnissilnus
947 2241 1002 2283 et
1050 2229 1506 2283 clementissimus
1567 2229 1862 2298 imperator
1899 2231 2176 2287 Constan-

615 2321 748 2387 tius;
788 2320 876 2390 qui
906 2329 1020 2374 tot‘o
1068 2321 1280 2388 imperii
1330 2321 1410 2374 sui
1453 2322 1785 2389 temporeita
1822 2336 1881 2375 se
1915 2331 2174 2391 gesserat,

614 2420 775 2478 prout
807 2412 1191 2481 imperatorem
1230 2412 1496 2476 decebat;
1533 2424 1585 2465 et
1617 2413 1708 2480 qui
1742 2421 1851 2466 tum
1896 2428 2022 2483 erga
2054 2415 2177 2469 reli-

613 2517 748 2570 quos
787 2517 976 2556 omnes
1029 2502 1480 2556 humanissimum
1535 2517 1592 2555 se
1637 2497 1701 2555 ac
1748 2500 2178 2558 beneﬁcentissi-

614 2608 755 2645 mum
785 2591 1144 2660 praestiterat,
1201 2602 1312 2644 tum
1344 2591 1736 2660 persecutionis
1767 2592 2027 2646 adversus
2077 2609 2174 2648 nos

611 2682 895 2736 concitatae
918 2697 1111 2751 expers
1138 2683 1358 2736 οηιηίιιο
1392 2682 1585 2747 fuerat,
1609 2691 1662 2734 et
1695 2682 1934 2736 cultores
1964 2684 2054 2736 Dei
2078 2685 2178 2739 sub

614 2773 781 2840 ipsius
820 2771 1049 2840 imperio
1083 2773 1337 2841 degentes
1378 2771 1445 2825 ab
1492 2771 1638 2825 omni
1683 2787 1821 2825 noxa
1873 2780 1927 2826 et
1978 2773 2175 2841 injuria

613 2863 882 2915 immunes
908 2871 1253 2926 servaverat;
1305 2877 1367 2915 ac
1403 2876 1576 2930 neque
1627 2861 1979 2916 ecclesiarum
2010 2863 2178 2917 azdili-

612 2954 692 3007 cia
727 2954 1111 3016 subverterat,
1142 2967 1238 3006 nec
1272 2954 1392 3007 novi
1436 2954 1727 3022 quidquam
1779 2955 2038 3009 adversus
2080 2972 2178 3010 nos

2281 1856 2497 1921 πονθεν,
2531 1860 2559 1910 6
2592 1859 2648 1910 δὲ
2683 1859 2868 1913 τοῦτον
2899 1861 3154 1933 προάγων
3177 1867 3540 1936 χρηστότατος
3573 1868 3667 1920 καὶ
3689 1867 3872 1937 ἠπιώ-

2277 1966 2436 2012 τατος
2458 1949 2710 2019 βασιλεὺς
2744 1953 3140 2018 Κωνστάντιος,
3165 1955 3408 2020 ἐπαξίως
3434 1957 3535 2028 τῆς
3564 1961 3871 2028 ἡγεμονίας

2277 2040 2366 2094 τὸν
2395 2041 2609 2095 ἅπαντα
2637 2043 2734 2112 τῆς
2765 2043 2939 2114 ἀρχῆς
2979 2045 3292 2112 διατελέσας
3332 2050 3542 2120 χρόνον.
3582 2051 3746 2105 Ἀλλὰ
3771 2055 3870 2104 καὶ

2277 2133 2444 2186 τᾶλλα
2477 2136 2591 2197 τοῖς
2614 2139 2746 2188 πᾶσι
2772 2136 3092 2203 δεξιώτατον
3116 2140 3209 2194 καὶ
3237 2142 3732 2214 εὑεργετικώτατον
3755 2164 3864 2199 πα-

2279 2224 2495 2296 ρασχὼν
2511 2226 2867 2300 ἑαυτὸν,ἁτὰρ
2880 2229 3080 2284 καὶτοῦ
3097 2231 3215 2284 καθ’
3233 2234 3388 2302 ἡμῶν
3409 2235 3645 2306 πολέμου
3661 2237 3768 2304 ἔξω
3785 2255 3875 2306 γεο

2278 2315 2516 2386 νόμενος,
2535 2317 2626 2370 καὶ
2642 2319 2764 2378 τοὺς
2783 2320 2872 2372 ὑπ’
2892 2320 3050 2375 αὐτὸν
3068 2321 3356 2390 θεοσεϐεῖς,
3375 2327 3630 2392 ἀϐλαϐεῖς
3662 2331 3760 2382 καὶ
3780 2332 3872 2383 ἀν-

2277 2404 2647 2475 επηρεάστους
2662 2406 3009 2478 διαφυλάξας,
3029 2411 3121 2464 καὶ
3137 2412 3271 2482 μήτε
3287 2415 3412 2476 τοὺς
3431 2414 3613 2478 οἴκους
3624 2416 3734 2468 τῶν
3754 2418 3873 2470 Ἐκ·

2278 2493 2378 2566 κλη
2388 2495 2515 2553 σιῶν
2535 2496 2799 2561 καθελὼν,
2819 2499 2946 2571 μηθ’
2964 2500 3051 2553 ἓτε
3061 2502 3152 2570 ρόν
3176 2520 3228 2556 τι
3252 2505 3372 2576 μηδ’
3393 2505 3529 2569 ὅλως
3550 2507 3672 2560 καθ’
3705 2509 3868 2578 ἡμῶν

2279 2591 2556 2643 ὲπικαινου
2567 2593 2790 2662 ργήσας,
2807 2593 2957 2656 τέλος
2969 2594 3219 2666 εὔδαιμον
3233 2597 3340 2666 (98)
3357 2597 3450 2651 καὶ
3466 2602 3869 2672 τρισμακάριον

2277 2680 2440 2742 ὅντως
2461 2682 2751 2752 κατείληφε
2764 2682 2854 2735 τοῦ
2869 2684 3006 2753 βίου,
3017 2687 3174 2755 μόνος
3189 2688 3278 2739 ἐπὶ
3296 2688 3393 2759 τῆς
3406 2690 3566 2742 αὑτοῦ
3587 2691 3868 2759 βασιλείας

2277 2772 2520 2842 εὐμενῶς
2569 2773 2661 2825 καὶ
2694 2774 2985 2840 ἐπιδόξως,
3030 2777 3121 2829 ἐπὶ
3166 2778 3391 2850 διαδόχῳ
3441 2781 3539 2850 τῆς
3587 2781 3869 2851 βασιλείας

2273 2865 2484 2936 γνησίῳ
2532 2866 2682 2918 παιδὶ
2737 2866 2806 2920 τὰ
2860 2868 3035 2921 πάντα
3073 2872 3505 2943 σωφρονεστάτῳ
3560 2874 3655 2931 καὶ
3704 2875 3866 2927 εὐσε-

2279 2957 2528 3028 ϐεστὰτῳ
2556 2959 3009 3030 τελευτήσας-’ἦς
3052 2964 3215 3027 εὐθὺς
3261 2965 3560 3035 ἀρχόμενος
3612 2968 3868 3038 βασιλεὺς

610 3053 909 3108 statuerat;
943 3043 1152 3098 felicem
1185 3051 1240 3098 et
1276 3058 1463 3096 revera
1507 3045 1879 3100 beatissimum
1907 3047 2072 3118 318
2102 3048 2178 3100 vi-

2281 3049 2602 3113 τελεώτατος
2647 3052 2741 3104 καὶ
2800 3053 3070 3123 Σεϐαστὸς
3132 3056 3267 3126 πρὸς
3323 3056 3430 3109 τῶν
3486 3061 3868 3130 στρατοπέδων

615 3144 682 3187 tte
713 3135 913 3186 exitum
942 3133 1266 3204 promeruit.
1301 3133 1506 3201 Quippe
1543 3133 1633 3203 qui
1679 3135 1828 3189 solus
1853 3138 2093 3189 omnium
2124 3137 2176 3188 in

615 3224 840 3291 imperio
883 3238 981 3277 suo
1031 3238 1240 3276 summa
1291 3237 1413 3276 eum
1453 3222 1848 3290 tranquillitate
1897 3233 1952 3276 et
2007 3223 2178 3291 gloria

612 3330 980 3370 successorem
1021 3315 1333 3383 relinquens
1362 3313 1638 3383 proprium
1669 3313 1855 3377 lilium,
1890 3314 2178 3369 modestis-

614 3409 811 3464 simum
855 3417 910 3462 et
942 3407 1406 3476 religiosissimum
1455 3406 1778 3474 principem,
1813 3423 1876 3459 ex
1912 3407 2015 3460 hac
2061 3407 2181 3460 luce

615 3499 890 3569 migravit.
935 3497 1106 3567 Hujus
1153 3507 1335 3552 autem
1368 3497 1510 3552 lilius
1553 3496 1941 3552 Constantinus
1967 3501 2036 3552 ab
2067 3498 2182 3567 ipso

613 3591 794 3644 statim
822 3590 1046 3645 exordio
1083 3603 1366 3657 supremus
1414 3589 1706 3656 imperator
1735 3598 1789 3642 et
1833 3591 2106 3660 Augustus
2152 3604 2182 3643 a

617 3680 878 3736 militibus
913 3680 1252 3734 renuntiatus
1276 3719 1291 3743 ,
1324 3689 1561 3748 paterna:
1594 3695 1721 3748 erga
1752 3680 1906 3733 fidem
1940 3689 2178 3734 nostram

614 3773 831 3842 pietatis
879 3773 1246 3826 aatnnlatorem
1299 3786 1356 3826 se
1393 3771 1664 3839 praestitit.
1697 3769 2014 3838 l‘lujusmodi
2064 3771 2180 3826 exi-

617 3875 728 3918 tum
762 3863 885 3917 vita:
913 3873 1148 3933 quatuor
1199 3863 1495 3931 supradicti
1548 3863 1905 3931 imperatores
1951 3863 2180 3917 diversis

2287 3142 2702 3212 ἀναγορευθεὶς,
2751 3143 2999 3218 ζηλωτὴς
3044 3147 3234 3200 ἑαυτὸν
3283 3149 3384 3217 τῆς
3430 3151 3706 3221 πατρικῆς
3737 3153 3867 3223 περὶ

2286 3232 2374 3286 τὸν
2401 3233 2668 3304 ἡμέτερον
2708 3234 2864 3302 λόγον
2901 3238 3183 3302 εὐσεϐείας
3211 3242 3600 3311 κατεστήσατο.
3627 3243 3864 3316 Τοιαύτη

2285 3321 2392 3373 τῶν
2427 3329 3044 3397 προαναγεγραμμένων
3078 3331 3357 3401 τεσσάρων
3384 3334 3414 3402 ἡ
3439 3333 3530 3385 τοῦ
3563 3332 3680 3402 βίου
3702 3334 3866 3387 ἔκϐα-

2289 3429 2404 3476 σις,
2458 3415 2598 3469 κατὰ
2657 3418 3141 3494 παρηλλαγμένως
3201 3423 3424 3493 χρόνους
3497 3427 3864 3495 γεγενημένη.

2287 3503 2501 3557 Τούτων
2537 3505 2600 3576 δὴ
2635 3508 2792 3577 μόνος
2837 3508 2914 3562 ἔτι
2957 3509 3128 3564 λιπὼν
3173 3514 3202 3564 ό
3252 3513 3432 3584 μικρῷ
3463 3515 3699 3586 πρόσθεν
3732 3518 3865 3586 ἡμῖν

2285 3595 2608 3667 εἰρημένος,
2672 3601 2766 3653 σὺν
2816 3603 2928 3664 τοῖς
2987 3603 3126 3672 μετὰ
3175 3604 3345 3673 ταῦτα
3405 3609 3484 3670 είς
3533 3607 3633 3678 τὴν
3691 3610 3866 3681 ἀρχὴν

2285 3689 2662 3760 εἰσποιηθεῖσι,
2691 3691 2788 3764 τὴν
2822 3693 3303 3766 προδεδηλωμένην
3330 3697 3744 3768 ἐξομολόγησιν,
3774 3701 3863 3754 διὰ

2285 3777 2375 3830 τοῦ
2407 3783 2820 3850 προεκτεθέντος
2846 3787 3122 3858 ἐγγράφου
3149 3787 3304 3856 λόγου
3322 3792 3432 3852 τοῖς
3453 3792 3588 3842 πᾶσι
3623 3793 3864 3863 φανερὰν

2287 3873 2655 3944 κατεστήσατο
2678 3875 2806 3948 (99).

617 3954 946 4022 temporibus
975 3953 1155 4008 sortiti
1186 3961 1329 4007 sunt.
1370 3951 1445 4006 Et
1492 3952 1688 4020 quibus
1721 3952 1872 4006 solus
1900 3953 1990 4006 ille
2021 3968 2178 4020 quem
2212 3970 2376 4026 supra
2427 3967 2850 4020 memoravimus
2873 4006 2888 4030 ,
2926 3983 3031 4021 una
3094 3984 3214 4022 cum
3266 3970 3389 4025 aliis
3443 3972 3535 4041 qui
3598 3989 3773 4042 nuper
3809 3974 3861 4026 in

611 4046 944 4101 consortium
987 4047 1196 4114 imperii
1243 4047 1398 4102 asciti
1429 4045 1663 4112 fuerant,
1692 4047 2091 4103 confessionem
2151 4050 2297 4105 illam
2346 4072 2511 4124 quam
2580 4075 2744 4131 supra
2811 4063 3115 4129 retulimus,
3159 4065 3334 4120 edicto
3361 4066 3534 4134 palam
3584 4069 3862 4138 proposito

612 4137 861 4192 omnibus
887 4139 1201 4208 publicavit.

1006 4235 1150 4312 (Hic
1182 4237 1246 4296 in
1279 4236 1559 4299 editione
1594 4236 1834 4298 Valesii
1869 4238 2280 4326 interseritur
2307 4242 2473 4326 liber
2510 4229 2600 4326 De
2635 4247 3022 4326 martyribus
3054 4249 3419 4325 Pala’slina’,

1725 4333 1917 4395 quem
1964 4318 2129 4380 infra
2163 4322 2430 4382 seorsitn
2473 4323 2780 4402 edimus.)

685 4474 794 4546 (97)
854 4474 1349 4547 Ἀκακεκινηκότα
1409 4477 1685 4547 διωγμόν.
1739 4477 1797 4532 ln
1844 4479 2002 4533 codd.
2064 4479 2179 4533 Ma-

614 4545 800 4618 gorum
829 4555 883 4599 et
913 4545 1166 4618 Medich
1194 4547 1456 4618 scriptum
1506 4545 1682 4618 inveni
1729 4547 2044 4618 διωγμένων
2073 4567 2085 4602 :
2122 4552 2175 4603 in

616 4613 912 4686 l’nketiano
938 4630 1062 4668 vero
1085 4613 1473 4686 δεδιωγμένων.
1501 4617 1629 4683 Quae
1651 4613 2178 4686 tamets'i'depravata

613 4684 966 4756 lectio,_viam
1005 4685 1137 4738 mihi
1169 4687 1236 4739 ad
1273 4684 1432 4754 hujus
1468 4687 1566 4739 loci
1600 4684 2028 4741 emendationem
2061 4704 2180 4756 ape-

616 4755 752 4828 ruit,
783 4753 952 4828 Totus
991 4756 1154 4828 igitur
1186 4753 1352 4828 locus
1385 4759 1456 4828 ita
1507 4756 1763 4828 legendus
1792 4767 1897 4821 est,
1923 4757 2048 4820 τοὺς
2075 4753 2177 4828 τῆς

613 4822 886 4892 βασιλείας
919 4825 1204 4892 κοινωνορς
1234 4825 1324 4876 ἐπὶ
1362 4825 1452 4879 τὸν
1491 4822 1630 4878 κατὰ
1670 4827 1886 4879 πάντων
1923 4822 2179 4880 ἀνακεκὶ-

611 4888 812 4966 autem
829 4893 1071 4966 διωγμόν
1093 4911 1104 4921 ’
1132 4888 1205 4950 ὧν
1235 4896 1328 4946 καὶ
1359 4895 1534 4948 αὐτῶν
1562 4897 1662 4948 οὐκ
1684 4897 1829 4962 ἄξιον
1855 4896 1915 4949 τὸ
1943 4897 2035 4949 τοῦ
2065 4897 2180 4966 βίου

609 4963 760 5026 τέλος
789 4963 1119 5035 παραδοῦναι
1150 4967 1348 5035 σιωπῇ.
1384 4966 1542 5018 Vides
1569 4977 1819 5033 quantam
1849 4967 2046 5020 habeat
2066 4963 2183 5020 'ele-

613 5035 848 5107 gantiam
872 5027 984 5107 'vox_
1023 5027 1119 5107 ὧν,
1149 5027 1440 5101 (ιιιτιιιίἰ-ιοε
1466 5051 1532 5090 ex
1575 5027 1817 5107 vestigiis
1860 5037 2078 5105 scripta:
2105 5037 2181 5090 le-

611 5102 806 5158 ctionis
834 5103 1217 5173 supplevimus.

2358 4483 2468 4568 (98)
2509 4487 2687 4552 Τέλος
2701 4487 3020 4568 εὔδαιμον.
3056 4489 3180 4544 llaec
3215 4492 3281 4546 ad
3329 4491 3549 4548 verbum
3586 4495 3856 4568 descripta

2286 4563 2503 4624 suntex
2538 4571 2655 4624 cap.
2694 4557 2757 4610 Η
2790 4557 2888 4610 lib;
2919 4572 3036 4614 vltl.

2359 4623 2468 4694 (99)
2513 4623 2782 4693 Φανερὰν
2819 4627 3252 4695 κατεστήσατο.
3287 4629 3411 4685 Post
3461 4633 3557 4686 has
3605 4649 3768 4688 voces
3803 4637 3853 4687 iu

2245 4738 2248 4742 .
2289 4694 2529 4775 editione
2556 4695 2860 4775 Genevensi
2888 4699 3170 4775 adduntur:
3188 4703 3302 4756 haec
3337 4702 3497 4775 verba
3523 4704 3638 4775 :le
3670 4704 3735 4775 δὴ
3764 4702 3854 4758 οὖν

2287 4763 2379 4815 ἐπὶ
2403 4763 2613 4844 τούτοις
2642 4766 2872 4844 γίνεται,
2904 4767 3269 4844 ὲπιθεωρῆσαι
3287 4771 3492 4843 καιρός.
3519 4772 3668 4844 Quae
3693 4763 3851 4844 verba

2288 4847 2387 4905 nec
2419 4837 2469 4905 in
2507 4839 2889 4905 manuscriptis
2921 4837 3220 4904 codicibus,
3252 4857 3350 4894 nec
3385 4837 3437 4894 in
3466 4837 3707 4896 editione
3731 4842 3853 4898 Ste-

2288 4902 2449 4981 phani
2506 4902 2798 4981 leguntur,
2853 4917 2908 4961 et
2959 4921 3025 4960 ex
3079 4902 3327 4964 versione
3373 4910 3850 4981 Cltristopliorsoni

2404 4977 2650 5095 avjiplosita
2683 4989 2831 5044 sunt,
2889 4991 3011 5034 cum
3052 4985 3228 5035 tamen
3262 4981 3479 5036 locanda
3511 4972 3624 5037 sint
3667 4984 3720 5038 in
3749 4982 3852 5039 line

2373 5078 2385 5092 .
2418 5057 2536 5100 VIII.
