4132 6406
679 356 782 414 GH

1408 353 1685 409 EESEBII
1721 350 2382 412 CIESABIENSIS'OPP.
2425 355 2602 412 PARS
2640 356 2680 412 1.
2719 386 2784 398 --
2827 355 3215 412 dlSTORlCA.

3835 357 3926 410 8i!

672 468 955 526 dederitis.
989 467 1124 522 Nam
1163 479 1319 523 antea
1357 467 1574 538 quidem
1619 470 1828 524 nemini
1877 479 1994 525 erat
2043 472 2238 526 obscu-

2347 489 2460 536 νεν,
2510 473 2587 536 ὡς
2631 473 2883 543 μέγιστον
2909 473 3108 544 δεῖγμα
3138 476 3236 544 τῆς
3281 467 3592 539 θεοφιλοῦς
3627 468 3776 534 ὐμῶν
3814 487 3929 542 προ-

673 579 791 616 rum
823 573 1030 633 quanta
1076 561 1418 615 observantia
1451 576 1515 615 ac
1551 561 1809 631 religione
1855 563 1984 617 deos
2020 563 2239 617 immor-

675 652 811 708 tales
835 650 1108 708 coleretis.
1144 653 1352 721 Quippe
1388 653 1585 722 quibus
1616 669 1721 707 non
1759 655 2024 708 nudorum
2059 656 2243 707 etina-

675 745 823 799 nium
861 742 1146 798 verborum
1185 743 1360 807 iides,
1410 744 1504 796 sed
1557 744 1816 797 continua
1873 753 1927 796 et
1978 746 2240 814 stupenda

673 821 966 890 illustrium
1001 836 1304 890 facinorum
1339 834 1599 889 miracula
1645 835 2037 890 innotuissent.
2090 834 2243 891 Unde

673 938 725 982 et
755 928 949 982 civitas
974 939 1154 982 vestra
1189 926 1411 982 deorum
1441 927 1828 980 inmortalium
1858 927 2014 982 sedes
2053 942 2117 980 ac
2150 929 2244 980 do-

675 1019 1080 1090 miciliumjure
1115 1019 1309 1073 merito
1342 1017 1661 1087 appelletur.
1703 1017 1884 1071 Multis
1910 1027 2060 1072 certe
2086 1034 2244 1086 argu-

676 1111 877 1162 mentis
928 1107 1338 1162 evidentissime
1382 1115 1627 1176 apparet,
1659 1122 1779 1160 eam
1815 1107 2115 1162 cwlestium
2147 1124 2246 1161 nu-

677 1201 881 1254 minum
929 1201 1160 1254 adventu
1207 1213 1269 1252 ac
1319 1198 1605 1267 praesentia
1663 1197 1883 1252 ﬂorere.
1930 1198 2079 1252 Nune
2115 1213 2246 1253 vero

680 1292 875 1345 civitas
905 1301 1104 1354 vestra,
1147 1288 1405 1357 neglectis
1434 1289 1687 1342 omnibus
1720 1303 1839 1357 qua:
1881 1289 2050 1357 ipsius
2076 1289 2245 1343 inter-

677 1400 796 1438 esse
857 1383 1197 1446 videbantur,
1241 1389 1296 1434 et
1323 1379 1542 1433 omissis
1572 1381 1823 1446 precilms
1852 1396 1986 1448 quas
2021 1396 2120 1450 pro
2146 1383 2248 1435 rei-

677 1473 904 1544 publica:
943 1486 1053 1526 sua:
1105 1469 1332 1539 negotiis
1379 1471 1610 1524 antehac
1670 1469 1826 1523 nobis
1877 1469 2072 1524 oﬂ'erre
2122 1487 2250 1525 cou-

677 1573 968 1628 sueverat;
1019 1563 1109 1616 ubi
1158 1562 1390 1631 primmn
1448 1561 1617 1616 sensit
1675 1562 1925 1616 homines
1972 1565 2249 1616 detestan-

681 1657 763 1711 da:
831 1655 1090 1710 vanitatis
1173 1653 1369 1706 iterum
1438 1667 1656 1721 serpere
1731 1653 1957 1721 rtepissc
1998 1692 2013 1718 ,
2089 1652 2248 1722 353

679 1758 735 1802 et
800 1747 953 1816 quasi
1026 1743 1327 1813 neglectum
1397 1758 1460 1796 ac
1518 1745 1749 1810 sepitum
1806 1745 2090 1811 quemdam
2163 1760 2249 1797 ro-

679 1853 812 1904 gum
865 1837 1117 1890 redivivis
1163 1835 1439 1896 fomitibus
1506 1834 1751 1904 ingentes
1812 1834 2014 1903 ignium
2063 1835 2248 1904 globos

679 1932 855 1982 denuo
895 1929 1174 1992 excitare;
1223 1927 1516 1980 confestim
1573 1927 1638 1978 ad
1696 1935 1934 1979 nostram
1986 1925 2242 1994 pietatem

682 2031 940 2089 tanquam
996 2021 1059 2072 ad
1111 2019 1276 2072 totius
1310 2018 1580 2084 religionis
1613 2018 1947 2084 metropolim
1976 2018 2242 2087 confugit,

681 2113 980 2166 remedium
1022 2113 1236 2181 aliquod
1276 2121 1330 2165 et
1377 2110 1676 2166 subsidium
1727 2109 2047 2176 elllagitans.
2091 2111 2245 2176 Quod

679 2209 897 2277 quidem
939 2206 1157 2260 salubre
1200 2203 1503 2264 consilium,
1536 2201 1688 2255 vobis
1730 2202 1798 2256 ob
1833 2204 1990 2258 iidem
2031 2203 2247 2272 pietatis

682 2310 871 2352 vestrm
903 2314 930 2352 a
968 2299 1071 2351 diis
1101 2295 1497 2349 immortalibus
1521 2304 1828 2363 suggestum
1865 2309 1986 2348 esse
2016 2309 2119 2347 non
2151 2295 2247 2348 du-

681 2391 826 2442 bium
858 2399 962 2443 est.
999 2387 1223 2443 Scilicet
1254 2386 1551 2440 altissimus
1584 2387 1671 2440 ille
1710 2394 1764 2440 et
1790 2387 2055 2441 maximus
2093 2384 2245 2456 Jupi—

682 2492 785 2544 ter,
829 2480 919 2548 qui
976 2477 1294 2532 elarissinia:
1345 2478 1550 2531 civitati
1593 2486 1786 2532 vestrm
1825 2478 2112 2546 praesidet;
2155 2479 2245 2547 qui

680 2573 890 2642 patrios
918 2582 1130 2624 veStros
1157 2570 1308 2635 deos,
1329 2570 1416 2637 qui
1461 2585 1656 2623 uxores
1695 2579 1746 2624 et
1785 2569 2003 2630 liberos,
2040 2571 2129 2640 qui
2157 2587 2248 2639 pe-

681 2673 835 2714 nates
863 2670 916 2713 et
949 2663 1136 2713 domos
1167 2661 1236 2713 ab
1261 2662 1407 2712 omni
1457 2670 1610 2726 peste
1653 2668 1814 2727 atque
1853 2660 2018 2713 exitio
2067 2670 2246 2714 servat

681 2754 1000 2814 incolumes,
1031 2752 1228 2805 vestris
1257 2752 1530 2806 utentibus
1567 2753 1706 2805 hanc
1739 2751 2030 2805 salutarem
2065 2752 2250 2822 injecit

679 2847 1102 2915 cogitationem;
1161 2853 1347 2914 aperte
1398 2843 1648 2897 indicans
1707 2854 1870 2913 atque
1921 2845 2246 2909 ostendens,

678 2951 839 3007 quam
867 2937 1123 2990 eximium
1149 2950 1425 3005 quamque
1455 2935 1772 3003 praeclarum
1805 2945 1858 2990 et
1894 2936 2128 2990 salutare
2156 2938 2246 3003 sit,

679 3030 745 3084 ad
774 3029 980 3086 cultum
1016 3031 1183 3098 ipsius
1214 3040 1264 3082 et
1296 3033 1360 3082 ad
1395 3044 1577 3083 sacras
1599 3030 1823 3083 deormn
1858 3029 2246 3082 immortalium

679 3123 1032 3178 cmremonias
1062 3137 1182 3175 eum
1214 3123 1390 3175 debita
1427 3121 1774 3176 veneratione
1809 3121 2087 3176 accedere.
2116 3121 2249 3188 Quis

2343 565 2606 636 αιρέσεως
2651 564 2938 618 δεδωκέναι
2966 582 2980 596 ο
3032 566 3190 618 ὁπότε
3236 564 3338 617 καὶ
3384 561 3502 632 πρὸ
3539 561 3734 613 τούτου
3777 562 3928 617 οὐδενὶ

2345 656 2623 723 ἄγνωστον
2653 650 2721 725 ἦν
2741 695 2755 718 ,
2801 655 2992 716 ὁποίας
3031 653 3490 724 παρατηρήσεως
3523 650 3620 701 καὶ
3649 647 3927 716 θεοσεϐεῳ

2344 746 2479 817 πρὸς
2511 746 2634 808 τοὺς
2676 745 2974 808 ἀθανάτους
3009 744 3163 808 θεοὺς
3195 743 3547 814 ἐτυγχάνετε
3573 741 3748 804 ὄντες,
3781 737 3852 804 οἷς
3877 746 3927 796 οὐ

2342 837 2512 906 ψιλῶν
2541 836 2632 889 καὶ
2661 837 2937 890 ὐποκένων
2965 837 3222 908 ῥημάτων
3251 835 3372 905 (‘29)
3410 835 3628 895 πίστις,
3663 832 3793 885 ἀλλὰ
3822 851 3928 887 ουν-

2344 929 2442 998 εχῆ
2512 929 2604 982 καὶ⁵
2662 929 2942 1000 παράδοξα
2992 929 3170 999 ἔργων
3232 928 3550 997 ἐπισήμων
3603 924 3926 996 γνωρίζεται.

2345 1021 2541 1092 Διόπερ
2595 1021 2832 1084 ἐπαξίως
2887 1023 2919 1091 ἡ
2964 1020 3205 1091 ὑμετέρα
3254 1019 3421 1078 πόλις
3482 1017 3628 1069 θεῶν
3672 1016 3929 1070 ἀθανάτων

2346 1115 2547 1186 ῖδρυμά
2585 1133 2644 1168 τε
2687 1115 2779 1168 καὶ
2828 1115 3140 1185 οἰκητήριον
3167 1111 3534 1164 ἐπικαλοῖτοο
3576 1107 3790 1171 πολλοῖς
3820 1108 3929 1176 γοῦν

2347 1205 2750 1276 παραδείγμασι
2795 1204 3215 1273 καταφαίνεται,
3259 1205 3325 1272 τῇ
3363 1202 3484 1252 τῶν
3515 1199 3786 1270 οὐρανίων
3813 1199 3930 1251 θεῶν

2348 1298 2515 1367 αὐτὴν
2562 1297 2823 1367 ἐπιδημία
2852 1297 2961 1367 (50)
2995 1295 3194 1348 ἀνθεῖν.
3243 1294 3379 1347 Ἰδοὺ
3419 1293 3612 1345 τοίνυν
3653 1293 3686 1362 ἡ
3721 1291 3929 1361 ὑμετέρα

2351 1391 2500 1450 πόλις
2520 1389 2734 1442 πάντων
2762 1388 2869 1442 τῶν
2897 1389 3001 1460 ἰδία
3025 1387 3394 1460 διαφερόντων
3423 1387 3573 1454 αὐτῇ
3606 1385 3926 1453 ἀμελήσασα,

2349 1482 2443 1534 καὶ
2472 1479 2570 1542 τὰς
2593 1479 2858 1550 πρότερον
2880 1479 2987 1531 τῶν
3014 1479 3154 1550 ὑπὲρ
3180 1480 3315 1548 αὐτῇ
3348 1475 3715 1548 πραγμάτων
3741 1473 3924 1542 δεήσεις

2349 1571 2666 1643 παριδοῦσα,
2697 1572 2785 1623 ὅτε
2830 1570 2989 1624 πάλιν
3020 1570 3212 1642 ᾔσθετο
3235 1570 3361 1632 τούς
3389 1567 3500 1636 τῆς
3538 1566 3813 1636 ἐπαράτου
3844 1583 3926 1634 μα-

2348 1665 2628 1736 ταιότητος
2653 1664 2938 1732 γεγονότας
2959 1662 3146 1734 ἕρπειν
3171 1661 3443 1734 ἄρχεσθαι
3475 1659 3618 1729 (31),
3649 1659 3743 1710 καὶ
3765 1659 3926 1725 ῶσπερ

2351 1757 2711 1828 άμεληθεῖσαν
2742 1755 2834 1810 καὶ
2863 1752 3268 1825 κεκοιμημένην
3298 1751 3490 1822 πυρὰν
3513 1791 3527 1812 ,
3562 1748 3925 1819 ἀναζωπυῳυ-

2281 1851 2322 1905 Β
2355 1849 2530 1920 μένων
2571 1848 2676 1900 τῶν
2715 1847 2938 1919 πυρσῶν
2975 1844 3231 1916 μεγίστας
3276 1843 3565 1915 πυρκαϊὰς
3609 1839 3922 1909 ἀναπληῳῦο

2354 1959 2481 2003 σαν,
2533 1938 2732 2002 εὐθέως
2776 1934 2910 2008 πρὸς
2951 1933 3048 2007 τὴν
3088 1935 3361 2005 ἡμετέραν
3399 1931 3729 1995 εὐσέϐειαν,
3763 1929 3922 2001 ῶσπερ

2353 2029 2485 2104 πρὸς
2518 2030 2846 2102 μητρόπολιν
2870 2029 3058 2081 πασῶν
3083 2026 3423 2089 θεοσεϐειῶν,
3457 2025 3636 2097 χωρίς
3659 2040 3800 2086 τινος
3827 2023 3924 2091 μελο

2351 2121 2558 2192 λήσεως
2595 2121 2933 2189 κατέφυγεν,
2981 2118 3124 2172 ἴασίν
3167 2135 3287 2170 τινα
3336 2117 3436 2170 καὶ
3484 2114 3744 2186 βοήθειαν
3785 2115 3920 2166 ἀπαι-

2351 2214 2518 2266 τοῦσα
2541 2232 2553 2244 ο
2605 2215 2791 2286 ἥντινα
2846 2211 3080 2286 διάνοιαν
3115 2208 3435 2280 σωτηριώδη
3458 2247 3473 2271 ,
3509 2206 3602 2259 διὰ
3639 2207 3736 2276 τὴν
3768 2205 3921 2256 πίστιν

2351 2307 2450 2376 τῆς
2483 2307 2752 2377 ὑμετέρας
2778 2305 3084 2368 θεοσεϐείας
3114 2305 3237 2366 τούς
3256 2303 3413 2365 θεοὺς
3451 2303 3588 2372 ὑμῖν
3620 2298 3916 2370 ἐμϐεϐληκέ-

2354 2415 2438 2453 ναι
2489 2395 2645 2465 ἧλον
2695 2397 2876 2448 ἐστιν·
2930 2396 3135 2454 ἐκεῖνος
3181 2390 3477 2460 τοιγαροῦν
3513 2390 3544 2440 ὁ
3587 2387 3804 2453 ὕψιστος
3843 2387 3917 2438 iul

2358 2484 2610 2553 μέγιστος
2654 2485 2822 2546 Ζεὺς,
2865 2485 2892 2535 ὁ
2943 2481 3357 2552 προκαθήμενος
3398 2479 3509 2547 τῆς
3553 2477 3915 2547 λαμπροτάτης

2355 2577 2507 2646 ὑμῶν
2540 2575 2764 2638 πόλεως,
2800 2573 2827 2625 ὁ
2850 2576 2972 2638 τούς
3003 2573 3288 2644 πατρῴους
3313 2571 3473 2644 ὑμῶν
3503 2570 3665 2632 θεοὺς
3686 2610 3698 2630 ,
3730 2570 3815 2621 καὶ
3837 2585 3913 2635 γυ-

2354 2671 2543 2731 ναῖκας
2583 2668 2676 2721 καὶ
2717 2668 2900 2730 τέκνα,
2934 2664 3027 2719 καὶ
3054 2663 3237 2718 ἐστίαν
3267 2665 3360 2717 καὶ
3401 2663 3594 2724 οἴκους
3629 2660 3735 2712 ἀπὸ
3761 2659 3911 2727 πάσης

2353 2757 2592 2828 ὀλεθρίου
2627 2757 2830 2828 φθορᾶς
2857 2757 3116 2828 ῥυόμενος
3139 2797 3154 2820 ,
3182 2755 3302 2818 ταῖς
3329 2754 3636 2825 ὑμετέραις
3658 2753 3838 2821 ψυχαῖς
3862 2750 3907 2801 τὸ

2357 2851 2619 2920 σωτήριον
2651 2849 2934 2902 ἐνέπνευσε
2971 2847 3212 2918 βούλημα
3238 2889 3251 2910 ,
3282 2848 3599 2909 ἐπιδεικνὺς
3626 2840 3716 2899 καὶ
3743 2841 3907 2913 ἐμφαί-

2355 2955 2486 3007 νων,
2531 2943 2679 3004 ὃπως
2717 2940 2991 3012 ἐξαίρετόν
3030 2941 3144 2992 ἐστι
3186 2941 3279 2994 καὶ
3319 2938 3578 3010 λαμπρὸν
3627 2937 3720 2990 καὶ
3756 2951 3902 3002 σωτη-

2357 3033 2576 3104 ριῶδες,
2621 3034 2758 3104 μετὰ
2793 3034 2886 3086 τοῦ
2923 3033 3270 3105 ὀφειλομένου
3312 3033 3666 3102 σεϐάσματος
3707 3032 3767 3099 τῇ
3804 3027 3904 3096 θρη-

2357 3126 2510 3197 σκείᾳ
2536 3126 2644 3197 (52)
2667 3126 2760 3178 καὶ
2776 3128 2895 3188 ταῖς
2919 3125 3321 3197 ίεροθρησκίαις
3347 3125 3456 3178 τῶν
3484 3123 3763 3178 ἀθανάτων
3788 3119 3900 3172 θεῶν

678 3215 820 3267 enim
866 3225 970 3267 tam
1023 3214 1285 3278 demens,
1337 3221 1553 3279 tamque
1593 3213 1770 3265 onmis
1823 3227 2014 3266 sensus
2052 3227 2243 3282 expers

2350 3215 2648 3286 προσιέναι.
2683 3217 2778 3280 Τίς
2813 3217 2920 3287 γὰρ
2951 3215 3123 3280 οὕτως
3155 3217 3379 3287 ἀνόητος
3410 3216 3440 3287 ἦ
3475 3215 3569 3268 νοῦ
3605 3212 3791 3274 παντὸς
3825 3210 3899 3262 ἀλ-

680 3305 907 3374 reperiri
945 3313 1141 3373 potest,
1187 3303 1276 3370 qui
1316 3317 1420 3355 non
1454 3300 1716 3370 intelligat
1751 3303 1981 3372 propitia
2025 3303 2279 3384 deorum--

680 3397 732 3450 in
765 3412 861 3450 nos
893 3394 1264 3450 benevolentia
1327 3395 1463 3455 ﬁeri.
1517 3396 1659 3464 quod
1712 3411 1812 3450 nec
1857 3405 2005 3449 terra
2039 3395 2246 3449 credita

593 3472 598 3477 l
678 3491 780 3544 sibi
807 3493 1045 3558 abnegat
1071 3488 1308 3552 semina,
1342 3503 1490 3558 spem
1515 3489 1874 3556 agricolarum
1899 3502 2034 3541 vana
2067 3502 2250 3557 exspe-

677 3583 917 3636 ctatione
953 3580 1213 3634 deludens
1240 3596 1255 3645 ;
1290 3595 1389 3634 nec
1416 3579 1566 3649 impii
1603 3579 1722 3634 belli
1753 3588 2007 3649 aspectus
2034 3578 2246 3647 impne-

677 3671 856 3740 pedite
883 3668 1090 3722 deﬁxus
1124 3670 1292 3721 lueret
1322 3668 1376 3722 in
1422 3667 1582 3722 terris
1616 3686 1629 3722 :
1673 3684 1773 3723 nec
1822 3676 2076 3736 corrupta
2123 3668 2244 3723 ραιιὶ

680 3763 939 3831 temperie
962 3762 1168 3815 arentia
1193 3770 1422 3830 pereunt
1449 3775 1678 3830 corpora
1710 3774 1727 3814 :
1760 3776 1860 3816 nec
1880 3763 2247 3816 immoderatis

676 3866 958 3910 ventorum
991 3851 1213 3907 ﬂatibus
1244 3853 1504 3921 agitatum
1535 3856 1754 3925 pelagus
1785 3854 2116 3918 intumescit,
2149 3869 2246 3908 nec

675 3948 872 4001 subita:
917 3953 970 3998 et
1020 3953 1220 4012 prmter
1260 3948 1716 4012 eXspectationeni
1764 3946 2076 4013 ingruentes
2121 3959 2247 4015 pro-

677 4041 826 4095 cellae
850 4039 1216 4108 perniciosam
1258 4039 1499 4092 excitant
1541 4047 1916 4107 tempestatem
1949 4054 1964 4092 :
1996 4039 2248 4108 quodque

678 4147 872 4202 parens
901 4132 1141 4184 omnium
1164 4140 1218 4182 et
1247 4131 1428 4184 nutrix
1465 4139 1630 4195 terra,
1656 4145 1755 4184 nec
1785 4129 1851 4184 ab
1875 4130 1998 4184 imis
2028 4130 2246 4184 sedibus

678 4223 951 4276 horrendo
999 4230 1235 4275 tremore
1287 4235 1556 4276 concussa
1599 4221 1868 4288 emergit;
1905 4234 2004 4273 nec
2057 4235 2245 4274 rursus

677 4324 886 4370 montes
910 4314 1087 4369 ﬂidem
1121 4313 1447 4383 superpositi
1471 4313 1623 4366 hiatu
1655 4313 1833 4367 subito
1860 4313 2240 4367 absorbentur.

2350 3309 2556 3381 λότριος
2590 3310 2872 3381 εὑρεθῆναι
2918 3309 3172 3373 δύναται,
3219 3303 3277 3371 ὃς
3321 3308 3421 3361 οὐκ
3467 3304 3802 3361 αἰσθάνεται,
3844 3302 3895 3368 τῇ

2351 3401 2633 3473 φιλαγάοῳ
2674 3402 2780 3455 τῶν
2821 3402 2957 3455 θεῶν
3001 3399 3202 3471 σπουδῇ
3241 3399 3604 3470 συμϐαίνειν,
3657 3399 3783 3466 μήτε
3819 3393 3896 3461 τὴν

2349 3495 2452 3564 γῆν
2481 3493 2551 3546 τά
2576 3493 2975 3564 παραδιδόμενα
3005 3492 3138 3562 αὐτῇ
3171 3491 3461 3562 σπέρματα
3505 3485 3794 3562 ἀρνεῖσθαι,
3816 3483 3893 3552 τὴν

2352 3586 2462 3638 τῶν
2506 3585 2766 3656 γεωργῶν
2819 3585 3007 3637 ἐλπίδα
3054 3586 3182 3654 κενῇ
3220 3582 3518 3655 προσδοκίᾳ
3571 3579 3891 3649 σφάλλουσιν,

2358 3675 2478 3746 μηδ’
2510 3671 2575 3728 αὖ
2627 3674 2852 3739 ἀσεϐοῦς
2909 3673 3144 3742 πολέμου
3195 3672 3455 3743 πρόσοψιν
3516 3664 3890 3724 ἀνεπικωλύτως

2353 3768 2444 3821 ἐπὶ
2491 3767 2596 3838 γῆς
2635 3766 2980 3839 στηρίζεσθαι
3030 3766 3170 3835 (55),
3218 3763 3310 3817 κα)⁵
3355 3763 3654 3836 φθαρείσης
3697 3759 3784 3828 τῆς
3815 3751 3889 3807 τοῦ

2351 3860 2579 3932 οὐρανοῦ
2609 3860 2923 3933 εὐκρασίας,
2967 3857 3259 3928 αὐχμῶντα
3299 3857 3367 3909 τά
3399 3855 3628 3926 σώματα
3660 3853 3735 3914 εἰς
3759 3849 3892 3902 θάνα-

2354 3971 2443 4006 τον
2472 3951 2895 4021 κατασύρεσθαι,
2932 3950 3067 4021 μηδέ
3099 3951 3203 4020 μὴν
3231 3949 3484 4020 ἀμέτρων
3520 3948 3728 4016 ἀνέμων
3752 3938 3885 3992 πνεύ-

2357 4059 2488 4112 μασι
2521 4043 2618 4112 τὴν
2652 4043 2925 4095 θάλασσαν
2955 4041 3322 4112 κυμαίνουσαν
3357 4036 3751 4112 κορυφοῦσθαι,
3779 4028 3884 4100 μηδέ

2352 4150 2413 4202 γε
2449 4135 2761 4201 καταιγίδας
2786 4133 3218 4204 ἀπροσδοκήτους
3247 4127 3762 4202 καταρρηγνυμένας
3789 4118 3878 4174 ἀλέ·

2351 4227 2496 4298 θριον
2527 4227 2767 4297 χειμῶνα
2802 4225 3105 4297 ἐπεγείρειν
3128 4263 3142 4288 ,
3192 4224 3270 4276 ἔτι
3307 4223 3482 4276 τοίνυν
3515 4223 3650 4294 μήτε
3676 4217 3762 4287 τὴν
3787 4228 3898 4283 τρο--

2351 4313 2447 4380 φὺν
2483 4313 2734 4366 ἁπάντων
2769 4314 2862 4367 καὶ
2905 4313 3115 4385 μητέρα
3161 4311 3294 4384 γῆν,
3342 4313 3449 4366 ἀπὸ
3486 4312 3596 4364 τῶν
3627 4303 3878 4362 κατωτάτω

746 4492 858 4559 (29)
898 4488 998 4559 Οἷς
1027 4496 1098 4567 οὐ
1121 4492 1319 4562 ψιλῶν
1351 4491 1448 4545 καὶ
1476 4491 1790 4546 ὺποκένων
1802 4491 2103 4561 ῥημάτων.
2123 4491 2243 4567 ΔΜυτ

2428 4494 2616 4567 Qualis
2645 4495 2734 4547 ubi
2768 4495 3039 4567 hibernam
3070 4493 3320 4567 Lyciam,
3338 4493 3648 4567 Xanthique
3663 4493 3834 4560 ﬂuenta

673 4569 858 4617 seulns
903 4574 958 4618 et
1012 4566 1541 4633 Clii'tstt'iphOrsonus
1597 4567 1710 4617 hmo
1763 4567 1829 4616 ad
1882 4569 2013 4633 deos
2054 4563 2244 4616 referri

672 4637 1075 4688 existimarunt.
1115 4632 1308 4703 Egoad
1345 4635 1550 4704 Tyrios
1575 4635 1724 4702 ipsos
1761 4635 1940 4690 retuli.
1971 4632 2243 4704 Perstrin-

672 4709 747 4774 μη
773 4716 957 4758 autem
978 4705 1300 4774 Maximinus
1336 4703 1496 4757 fidem
1521 4703 1959 4757 Christianorum
1993 4703 2238 4774 ihisyver-

675 4779 756 4828 bis
786 4793 799 4829 :
829 4775 1109 4828 ὑποκένων
1140 4773 1398 4846 ῥημάτων
1421 4774 1620 4838 πίστις,
1649 4775 1800 4841 quasi
1827 4773 2245 4846 lides_Cln'istia--~

680 4861 864 4897 t-ornm
904 4846 1038 4897 nihil
1069 4843 1261 4912 praetor
1293 4846 1457 4897 verla
1495 4847 1738 4910 haberet,
1797 4859 1861 4898 ac
1900 4843 2062 4897 rebus
2110 4845 2241 4912 ipsis

681 4931 839 4968 JAN‘lla
871 4926 1036 4969 85581.

741 4985 852 5056 (50)
895 4983 1230 5053 Ἑπιδημίᾳ.
1262 4983 1619 5056 crediderunt
1663 4993 1894 5056 veteres,
1927 4982 2091 5037 certis
2119 4981 2238 5035 die-

672 5053 772 5109 bus
803 5053 932 5109 deos
987 5059 1038 5108 in
1091 5053 1351 5122 quasdam
1408 5056 1567 5107 nrbes
1608 5055 1737 5122 ipsis
1785 5065 2035 5121 acceptas
2087 5069 2238 5106 eom-

675 5140 902 5189 meare;
961 5124 1506 5195 easqueémaqpia;
1555 5122 1692 5176 θεῶν
1726 5125 2096 5195 appellabant.
2146 5123 2237 5176 Sic

671 5198 811 5262 apud
855 5195 1033 5250 Delius
1068 5207 1120 5247 et
1148 5194 1385 5248 Milesms
1423 5201 1686 5248 adventus
1715 5195 1970 5262 Apollinis
2017 5194 2235 5246 coleba-

671 5273 794 5328 tur;
839 5266 977 5333 apud
1035 5269 1262 5333 Argivos
1323 5266 1502 5318 Diana:
1533 5303 1546 5325 ,
1608 5275 1663 5315 nt
1705 5265 1892 5316 st'ribit
1945 5262 2238 5316 Menander

671 5340 854 5404 rhetor
891 5352 939 5386 ιιι
965 5353 1082 5404 cap.
1120 5337 1186 5389 de
1221 5336 1437 5403 hymnis
1480 5334 1936 5404 ἀποπεμπτικοίς.
1971 5334 2238 5404 Aristides

671 5405 723 5457 in
761 5401 1156 5458 Panathenaico
1198 5401 1423 5475 πότερον
1449 5407 1545 5466 τὰς
1574 5401 1721 5455 Θεῶν
1768 5402 2058 5475 ἐπιδημίας
2093 5401 2236 5454 είποι

667 5491 772 5537 τις,
813 5477 909 5526 Ι)ιο
939 5474 1360 5545 Chrysostomus
1415 5477 1467 5525 in
1509 5475 1769 5545 oratione
1824 5490 1944 5545 qua:
2011 5474 2233 5525 'l‘arsica

670 5546 1007 5614 inscribitur,
1051 5543 1170 5612 pag.
1209 5545 1314 5598 408
1344 5563 1356 5598 :
1392 5544 1684 5614 Φασίίτους
1734 5543 1977 5605 οἰκιστὰς
2007 5545 2191 5614 ἥρωας
2218 5582 2231 5605 ,

667 5613 702 5686 ἢ
733 5614 888 5678 θεοὺς
919 5615 1173 5678 πολλάκις
1206 5613 1625 5686 ἐπιστρέφεσθαι
1663 5614 1763 5686 τὰς
1803 5615 1982 5667 αὐτῶν
2024 5613 2228 5686 πόλεις,

667 5683 780 5746 τοῖς
817 5686 994 5748 ἄλλοις
1043 5686 1199 5750 ὄντας
1251 5683 1474 5755 ἀφανεῖς
1497 5725 1512 5748 ,
1556 5684 1612 5737 ἔν
1641 5701 1700 5736 τε
1735 5685 1944 5747 θυσίαις
1967 5683 2060 5736 καί
2093 5699 2232 5735 τισιν

669 5756 879 5825 ἐσρταίς
907 5756 1276 5826 δημοτελέσιν,
1316 5767 1422 5810 ete.
1451 5757 1524 5809 Dc
1553 5755 1858 5826 huiusmodi
1889 5761 2111 5808 deorum
2146 5755 2234 5808 ad-

672 5824 831 5881 ventu
873 5824 1048 5896 poene
1078 5832 1276 5896 passim
1306 5826 1618 5894 loquuntur.
1652 5824 1798 5896 Virg.
1834 5825 1927 5880 lib.
1954 5840 2005 5878 IV
2037 5843 2048 5877 :

2422 4566 2658 4629 Deserit,
2683 4581 2745 4619 ac
2781 4565 2967 4618 Delum
2993 4577 3282 4618 maternam
3306 4566 3481 4618 invisit
3519 4564 3718 4633 Apolto.

2346 4698 2484 4752 Hinc
2514 4709 2596 4753 est
2634 4700 2775 4770 quod
2807 4701 3069 4752 adventus
3095 4700 3260 4770 impp.
3298 4701 3350 4754 in
3377 4701 3652 4755 veteribus
3677 4686 3870 4770 nummis

2344 4784 2392 4822 et
2432 4771 2483 4822 in
2511 4763 2837 4824 Kalendario
2875 4763 3184 4839 inscriptus
3208 4763 3486 4824 'cernitur.
3539 4771 3641 4826 Sed
3668 4775 3717 4819 et
3740 4763 3869 4839 libri-

2344 4842 2504 4892 stiani
2545 4843 2611 4892 de
2640 4842 2958 4908 quibusdam
2993 4828 3195 4894 saiictis
3217 4843 3358 4893 idem
3395 4842 3701 4894 credidere:
3733 4842 3779 4885 ut
3814 4828 3866 4908 de

2346 4910 2544 4963 Thecla
2583 4899 2870 4964 Dalisanda
2905 4912 2972 4963 ab
3009 4911 3141 4964 urbe
3169 4912 3410 4964 Seleucia
3455 4916 3770 4964 commeante
3790 4899 3867 4978 sub

2345 4982 2491 5032 diem
2522 4983 2690 5048 ipsius
2716 4982 2935 5043 festum,
2969 4995 3024 5034 et
3061 4982 3126 5034 de
3165 4981 3331 5034 Paulo
3364 4981 3532 5033 lloma
3569 4981 3774 5033 'l‘arsmn
3802 4984 3866 5048 tlt-

2343 5038 2576 5111 visente,
2620 5053 2694 5105 ait
2726 5038 2960 5104 Basilius
2994 5053 3043 5101 in
3080 5051 3170 5104 lib.
3201 5067 3260 5114 ll,
3297 5053 3364 5103 de
3395 5050 3592 5103 Thecla
3619 5090 3630 5109 .
3665 5061 3764 5121 ςθνς
3797 5038 3861 5090 ‘0-

2413 5120 2526 5190 (51)
2551 5123 2790 5188 Ἕρπειν
2806 5121 3114 5190 ἄρχεσθαι.
3135 5124 3286 5190 Apud
3305 5121 3388 5174 Νι(
3403 5121 3658 5186 ephorum
3676 5116 3861 5188 legitur}

2341 5189 2528 5264 ἕρπειν
2563 5193 2655 5264 καὶ
2684 5189 2957 5264 ἔρχεσθαι.
2994 5189 3482 5264 itaqnelegendum
3514 5194 3712 5264 videtur
3738 5223 3752 5246 ,
3793 5192 3864 5230 και

2338 5258 2556 5331 ἔχεσθαι
2589 5258 2780 5333 ῶσπερ
2813 5262 3197 5332 ἁμεληθεῐσαν,
3231 5275 3359 5324 ete.,
3407 5262 3572 5315 δατ-ιιὶ
3619 5258 3858 5318 etiampo-

2343 5343 2458 5404 [est
2479 5334 2571 5385 καὶ
2602 5334 2862 5404 ἄρχεσθαι
2897 5333 3105 5402 ῶσπερ,
3131 5344 3262 5404 ete.,
3291 5334 3478 5404 eodem
3505 5345 3688 5404 sensu:
3767 5389 3777 5404 .
3820 5382 3857 5404 γ,

2338 5471 2366 5524 0
2411 5402 2520 5472 (32)
2549 5399 2651 5524 ίΤῇ
2677 5399 2980 5472 θρησκείᾳ.
3009 5399 3361 5456 scribendum
3394 5403 3607 5457 videtur
3634 5399 3693 5469 τῇ
3727 5399 3860 5446 αὐτου

2375 5488 2539 5524 οησκε
2569 5493 2621 5524 α.

2375 5475 2621 5544 ρησκείᾳ.

2409 5538 2519 5613 (55)
2545 5538 2857 5611 Πρόσοψιν
2875 5541 3287 5611 στηρίζεσθαι.
3315 5542 3518 5597 Alludit
3543 5543 3607 5596 ad
3627 5538 3854 5613 aspectuttt

2335 5624 2389 5685 ei
2411 5594 2606 5685 ἰκτέρὶέ
2615 5594 3116 5685 praegustatas;
3133 5594 3571 5668 abstinentia
3587 5594 3856 5685 στήριγμά

2338 5683 2390 5736 in
2420 5678 2672 5752 planetis,
2702 5678 2823 5738 cum
2858 5685 2909 5736 in
2947 5686 3190 5754 epieyclo
3237 5701 3336 5736 suo
3383 5700 3481 5737 nec
3516 5678 3746 5754 progredi
3767 5685 3854 5723 aut-

2337 5754 2497 5822 plius,
2539 5772 2636 5810 nec
2667 5756 3012 5809 retrocedere
3036 5757 3211 5809 adhuc
3245 5756 3518 5809 videmur.
