4132 6406
246 371 381 429 813

1262 351 1613 419 uts‘ronne
1651 344 2216 415 Eccmstasrtcm
2257 345 2388 411 [ιιι.
2431 338 2522 410 ni.

3422 334 3527 404 ιιι

245 492 514 564 λαγόνων
536 493 736 564 ἑαυτῆς
760 492 819 543 ὲν
839 487 1055 560 φοϐερῷ
1075 483 1262 560 τρόμῳ
1283 481 1686 555 διαταδυομένην
1717 480 1851 552 (54),

1961 475 2107 543 Quas
2129 475 2348 546 quidem
2375 485 2565 530 omnes
2597 467 2942 527 calamitates
2973 467 3148 538 lisque
3170 463 3344 524 adhuc
3374 441 3528 524 acer-

253 586 412 657 μηδέ
436 601 499 654 γε
517 586 588 638 τά
614 583 938 654 ἐπικείμενα
968 581 1069 652 ὅρη
1098 577 1396 649 χασμάτων
1429 573 1728 645 γινομένων
1756 589 1856 626 κα-

246 676 594 741 ταδύεσθαι,
626 676 770 746 άπερ
808 674 985 727 πάντα
1012 674 1105 726 καὶ
1129 671 1334 725 τούτων
1377 666 1458 720 ἔτι
1500 663 1856 737 χαλεπώτερα

251 769 417 824 κακά
454 767 558 838 πρὸ
589 766 779 821 τούτου
821 764 1079 828 πολλάκις
1115 762 1416 832 γεγονέναι,
1447 759 1621 823 οὐδεὶς
1649 759 1851 827 ἀγνοεῖ.

250 860 383 914 Καὶ
423 858 596 912 ταῦτα
632 861 920 928 σύμπαντα
943 855 1033 910 διὰ
1075 855 1174 926 τὴν
1219 851 1461 923 ὀλέθριον
1503 849 1711 919 πλάνην
1753 848 1855 918 τῆς

253 953 536 1006 ὐποκένου
573 953 929 1024 ματαιότητος
959 949 1067 1002 τῶν
1087 947 1360 1020 ἀθεμίτων
1393 943 1692 1017 ἀνθρώπιον
1714 942 1855 996 ὲκεί-

252 1063 375 1100 νων
405 1047 646 1115 ἐγίνετο,
694 1046 857 1116 ἡνίκα
889 1042 1030 1096 κατά
1072 1041 1172 1106 τὰς
1212 1039 1390 1111 ψυχάς
1436 1038 1615 1092 αὑτῶν
1655 1035 1856 1090 ὲπεπόι

251 1137 400 1203 λαζε
419 1180 433 1201 ,
465 1140 589 1203 καὶ,
624 1138 805 1207 σχεδὸν
837 1138 1010 1190 εἰπεῖν
1032 1175 1046 1197 ,
1076 1135 1146 1188 τά
1173 1133 1446 1204 πανταχοῦ
1477 1133 1580 1202 τῆς
1604 1131 1855 1202 οἰκουμέ-

253 1239 366 1298 νης
396 1228 677 1298 αἰσχύναις
711 1227 945 1291 ἐπίεζε.»
986 1225 1207 1289 Τούτοις
1246 1225 1363 1295 μεθ’
1390 1225 1554 1296 ἔτερα
1576 1223 1816 1292 ἐπιλέγει
1836 1241 1850 1254 ο

265 1337 290 1369 ι
316 1318 700 1390 Ἐφοράτωσαν
725 1322 782 1372 ἐν
815 1321 924 1382 τοῖς
946 1317 1200 1370 πλατέσιν
1232 1317 1330 1387 ἤδη
1363 1317 1562 1380 πεδίοις
1591 1315 1853 1369 ἀνθοῦντα

252 1411 337 1466 τὰ
367 1413 514 1483 λήῖα,
549 1412 642 1464 καὶ
671 1413 780 1473 τοῖς
812 1411 1109 1480 ἀστάχυσιν
1134 1408 1577 1479 ὲπικυμαίνοντα,
1603 1409 1698 1461 καὶ
1727 1409 1853 1471 τοὺς

253 1503 542 1574 λειμῶνας
587 1504 651 1556 δι’
687 1502 982 1575 εὑομϐρίαν
1006 1543 1020 1566 ,
1064 1503 1248 1572 φυτοῖς
1282 1502 1377 1554 καὶ
1424 1500 1608 1555 ἄνθεσι
1643 1501 1852 1572 λαμπο-

262 1595 489 1664 μένους,
518 1594 612 1648 ttat
646 1594 745 1664 τὴν
783 1593 877 1646 τοῦ
907 1593 1068 1664 ἀέρος
1105 1592 1433 1646 κατάστασιν
1465 1589 1730 1663 εῠκρατον
1759 1592 1852 1644 καὶ

260 1689 586 1758 πραοτάτην
614 1685 966 1739 ἀποδοθεῖσαν
987 1702 1000 1716 ·
1035 1685 1372 1756 χαιρέτωσαν
1404 1683 1587 1736 λοιπὸν
1614 1681 1852 1746 ἅπαντες

256 1778 356 1833 διά
406 1778 505 1847 τῆς
548 1777 818 1848 ὑμετέρας
858 1776 1167 1841 εὐσεϐείας,
1207 1775 1514 1847 ἱερουργίας
1543 1791 1601 1827 τε
1640 1775 1734 1828 καὶ
1765 1791 1851 1827 τι-

1957 572 2136 627 biores
2163 571 2298 625 alias
2318 610 2334 637 ,
2365 567 2601 624 antehac
2630 564 2830 637 saepius
2879 563 3189 633 contigisse,
3254 577 3415 618 nemo
3445 557 3529 618 ρει

1956 664 2048 735 qui
2077 664 2309 735 ignoret.
2343 660 2470 716 Haec
2499 673 2662 730 porro
2697 655 2876 711 omnia
2906 656 2976 712 ob
3016 656 3332 725 pestiferum
3375 670 3528 710 erro-

1957 772 2069 813 rem
2096 756 2428 812 inanissima:
2452 751 2708 806 vanitatis
2738 748 3127 804 sceleratorum
3163 747 3381 802 illorum
3421 746 3526 801 bo-

1957 853 2164 906 minum
2193 856 2520 909 evenerunt,
2547 861 2654 915 quo
2684 854 2926 913 tempore
2955 857 3109 898 error
3136 841 3222 895 ille
3247 843 3298 895 in
3329 841 3528 897 animis

1957 959 2142 1000 eorum
2192 940 2500 1012 pullulavit,
2553 949 2607 992 et
2647 937 2958 990 universum
2989 933 3376 1004 pmpemodum
3417 944 3528 987 ter-

1958 1053 2144 1092 rarum
2171 1037 2357 1091 orbem
2383 1032 2582 1103 probro
2605 1046 2669 1085 ac
2697 1029 2959 1084 dedecore
2987 1025 3243 1096 opplevit.
3271 1045 3288 1077 ι
3327 1025 3528 1080 Deinde

1957 1129 2146 1200 paucis
2209 1126 2671 1197 iuterjectis,ba3c
2715 1121 3038 1191 subiungit:
3080 1139 3098 1171 ι
3131 1119 3416 1189 Αερὶοἰιιιιι
3472 1120 3525 1174 in

1956 1235 2139 1295 aperta
2173 1238 2483 1290 camporum
2521 1217 2744 1289 planitie
2772 1215 3026 1270 ﬂorentes
3049 1225 3257 1284 segetes
3279 1225 3334 1271 et
3363 1216 3526 1285 spicis

1955 1315 2354 1387 quodammodo
2386 1314 2742 1372 ﬁuctuantes,
2773 1319 2922 1378 prata
2955 1310 3301 1364 considerent
3328 1310 3527 1379 plantis

1955 1418 2010 1465 et
2033 1409 2258 1464 ﬁoribus
2285 1407 2603 1462 collucentia
2635 1415 2856 1476 pr0pter
2879 1413 3235 1472 opportunam
3271 1403 3525 1457 imbrium

1955 1498 2368 1568 irrigationcm;
2405 1497 2526 1551 coeli
2556 1505 2756 1550 statum
2787 1495 3102 1549 intueantur
3136 1493 3189 1547 in
3221 1491 3528 1564 placidissi-

1955 1606 2099 1644 mam
2127 1589 2440 1659 temperiem
2490 1588 2654 1660 354Ι
2719 1588 3054 1642 restitutum.
3120 1585 3394 1640 Lmtentur
3470 1588 3526 1642 in

1953 1692 2227 1753 posterum
2281 1681 2484 1739 cuncti.
2541 1681 2682 1750 quod
2740 1697 2838 1750 per
2876 1690 3109 1734 vestram
3167 1680 3424 1746 pietatem
3475 1681 3530 1733 ct

1953 1773 2224 1830 sacriﬁcia
2256 1782 2310 1826 et
2351 1773 2554 1828 cultum
2584 1773 2832 1837 deorum,
2886 1787 3083 1825 nttmcn
3145 1770 3427 1825 fortissimi
3473 1780 3529 1824 et

265 1871 380 1941 μῆς
404 1910 417 1932 ,
447 1869 547 1939 τῆς
587 1869 679 1921 τοῦ
724 1869 1100 1922 δυνατωτάτου
1141 1867 1231 1920 καὶ
1275 1867 1630 1938 στερροτάτου
1661 1867 1852 1936 ’Ἄρεος

1958 1866 2317 1937 potentissimi
2368 1866 2556 1920 Martis
2611 1865 2878 1936 placatum
2944 1874 3028 1919 est
3066 1882 3078 1918 :
3113 1873 3277 1934 atque
3327 1864 3529 1919 idcirco

260 1959 552 2027 δυνάμεως
589 1957 1082 2029 ἐξευμενισθείσης,
1126 1958 1220 2010 καὶ
1263 1956 1352 2010 διὰ
1388 1956 1545 2009 τοῦτο
1576 1958 1675 2026 τῆς
1712 1955 1852 2008 asa;-

261 2051 518 2120 νωτάτης
540 2051 760 2121 εἰρήνης
799 2047 1028 2119 βεϐαίως
1065 2048 1184 2119 μεθ’
1212 2048 1440 2119 ἡσυχίας
1467 2047 1849 2111 ἀπολαύοντες,

263 2141 679 2213 ήδυνέσθωσαν·
715 2141 808 2194 καὶ
837 2141 948 2194 ὅσοι
994 2143 1094 2211 τῆς
1139 2139 1346 2209 τυφλῆς
1386 2139 1600 2210 ἐκείνης
1646 2139 1853 2210 πλάνης

264 2233 368 2287 καὶ
399 2233 646 2304 περιόδου
677 2231 1019 2286 παντάπασιν
1046 2231 1378 2294 ἀποστάντες
1399 2273 1412 2296 ,
1444 2233 1523 2294 εἰς
1565 2229 1728 2302 ὀρθὴν
1760 2230 1852 2284 καὶ

265 2325 567 2396 καλλίστην
613 2325 853 2378 διάνοιαν
915 2319 1238 2395 ἐπανῆλθον,
1295 2322 1554 2394 μειζόνως
1615 2326 1712 2392 μὲν
1759 2317 1852 2374 οὖν

264 2417 642 2488 χαιρέτωσαν,
696 2417 772 2480 ὡς
823 2416 890 2470 ἂν
938 2419 1002 2470 ὲκ
1048 2415 1314 2487 χειμῶνος
1358 2415 1763 2486 ἀπροσδοκήτου
1816 2414 1848 2485 ἢ

264 2511 424 2564 νόσου
459 2510 682 2582 βαρείας
707 2508 1167 2573 ἀποσπασθέντες,
1201 2509 1295 2562 καὶ
1317 2509 1500 2580 ἡδεῖαν
1530 2511 1608 2573 εἰς
1633 2509 1851 2562 τούπιὸν

264 2604 418 2674 ζωῆς
449 2603 749 2656 ἀπόλαυσιν
779 2601 1224 2672 καρπωσάμενοι.
1270 2600 1352 2654 Ei'
1377 2601 1434 2654 δὲ
1475 2603 1541 2672 τῇ
1591 2601 1852 2672 ἐπαράτῳ

265 2694 449 2748 αὐτῶν
473 2695 788 2765 ματαιότητι
811 2697 900 2747 ὲπι
908 2694 1138 2764 μένοιεν,
1162 2693 1218 2745 ὲν
1243 2691 1422 2763 πολλῷ
1449 2691 1731 2764 πόρρωθεν
1754 2692 1852 2761 τῆς

267 2786 541 2858 ὑμετέρας
575 2785 782 2849 πόλεως
826 2786 918 2838 καὶ
964 2784 1308 2856 περιχώρου,
1348 2782 1530 2847 καθὼς
1559 2783 1848 2854 ἠξιώσατε,

264 2879 742 2951 ἀποχωρισθέντες
783 2877 1226 2950 ὲξελαθήτωσαν,
1260 2876 1326 2930 ἵν’
1361 2875 1533 2940 οὕτως
1571 2877 1691 2930 κατ’
1733 2877 1854 2930 ἀκο-

266 2972 491 3027 λουθίαν
524 2975 622 3045 τῆς
668 2969 982 3037 ἀξιεπαίνου
1029 2971 1183 3042 ὑμῶν
1227 2971 1354 3044 περὶ
1395 2969 1552 3024 τοῦτο
1595 2969 1850 3040 σπουδῆς,

267 3066 472 3129 παντὸς
525 3066 830 3137 μιάσματος
880 3060 973 3118 και
1025 3065 1279 3129 ἀσεϐείας
1330 3064 1766 3137 ἀποχωρισθεῐσα
1815 3065 1849 3135 ή

266 3155 514 3225 ὑμετέρα
559 3154 732 3219 πόλις,
781 3155 920 3209 κατά
973 3155 1072 3226 τὴν
1122 3154 1359 3227 ἔμφυτον
1413 3156 1549 3226 αὑτῇ
1597 3154 1853 3226 πρόθεσιν

267 3247 385 3318 (35)
440 3246 578 3318 μετά
622 3247 714 3301 τοῦ
761 3247 1111 3319 όφειλομὲνου
1164 3248 1525 3319 σεϐάσματος,
1574 3250 1694 3310 ταῖς
1743 3244 1852 3301 τῶν
1881 3276 1925 3337 C

267 3339 556 3408 ἀθανάτων
585 3339 723 3393 θεῶν
765 3339 1094 3412 ἱερουργίαις
1125 3340 1393 3412 ὑπακούῃ.
1434 3341 1550 3392 Ἵνα
1584 3338 1642 3392 δὲ
1679 3338 1851 3410 εἰδῆτε

267 3434 382 3503 ὅσῳ
414 3431 715 3504 προσφιλὴς
747 3436 880 3504 ἡμῖν
907 3433 1130 3502 γέγονεν
1164 3434 1196 3504 ἡ
1241 3434 1368 3503 περί
1402 3431 1591 3485 τούτου
1633 3431 1854 3498 ἀξίωσις

271 3526 448 3596 ὑμῶν,
485 3527 578 3579 καὶ
600 3527 768 3597 χωρὶς
795 3524 1161 3596 ψηφισμάτων
1190 3525 1281 3577 καὶ
1306 3524 1472 3596 χωρὶς
1494 3525 1731 3595 δεήσεως
1758 3524 1856 3576 αύ-

271 3615 507 3688 θαιρέτῳ
552 3616 802 3688 βουλήσει
835 3618 868 3687 ἡ
905 3616 1148 3688 ἡμετέρα
1194 3616 1576 3688 προθυμοτάτη
1621 3616 1853 3684 φιλαγα-

272 3710 415 3773 θίαις
454 3709 636 3780 ψυχὴ,
682 3710 1050 3781 ἐπιτρέπομεν
1094 3713 1159 3780 τῇ
1215 3710 1454 3781 ὑμετέρᾳ
1507 3709 1850 3774 καθοσιώσει,

267 3806 463 3859 όποίαν
499 3805 543 3857 δ’
571 3804 636 3858 ἂν
676 3803 974 3875 βουληθῆτε
1011 3802 1454 3874 μεγαλώωρεάν,
1499 3802 1619 3855 ἀντὶ
1650 3801 1855 3872 ταύτης

268 3897 428 3968 ὑμῶν
456 3899 554 3964 τῆς
587 3896 836 3965 φιλοθέου
867 3895 1178 3966 προθέσεως
1211 3895 1450 3965 αἰτῆσαι.
1483 3896 1590 3948 Καὶ
1619 3895 1718 3966 ἤδη
1757 3894 1854 3964 μὲν

265 3990 430 4043 τοῦτο
461 3995 636 4043 ποιεῖν
667 3991 759 4043 καὶ
787 3990 972 4043 λαϐεῖν
1002 3987 1301 4055 ἀξιώσατε·
1345 3987 1595 4052 τεύξεσθε
1625 3988 1733 4058 γὰρ
1761 3989 1856 4040 αύ-

267 4083 370 4153 τῆς
405 4084 576 4154 χωρίς
608 4101 751 4146 τινος
784 4082 1129 4152 ὑπερθέσεως
1155 4097 1168 4110 ·
1203 4082 1322 4150 ἥτις
1348 4079 1751 4152 παρασχεθεῖσα
1787 4082 1853 4149 τῇ

269 4174 516 4245 ὑμετέρα
544 4174 731 4238 πόλει,
761 4177 840 4238 είς
873 4173 1086 4227 ἅπαντα
1123 4173 1214 4225 τὸν
1253 4172 1424 4226 αἰῶνα
1457 4177 1554 4244 τῆς
1581 4172 1706 4243 περὶ
1732 4173 1855 4235 τοὺς

270 4265 575 4329 ἀθανάτους
607 4266 761 4330 θεοὺς
801 4266 1048 4336 φιλοθέου
1081 4265 1360 4328 εὐσεϐείας
1391 4264 1616 4336 παρέξει
1657 4281 1858 4334 μαρτυ-

272 4359 429 4433 ρίαν,
468 4359 562 4411 το]
603 4360 660 4412 δὲ
703 4361 846 4429 ὑμᾶς
885 4359 995 4429 (56)
1032 4356 1195 4422 ἀξίων
1229 4357 1475 4411 ἐπάθλων
1505 4357 1853 4428 τετυχηκέναι

270 4449 426 4520 παρὰ
450 4450 550 4518 τῆς
584 4450 856 4521 ἡμετέρας
886 4451 1230 4520 φιλαγαθίας,
1268 4451 1468 4519 ταύτης
1491 4448 1644 4520 ὑμῶν
1671 4449 1855 4500 ἕνεκεν

269 4541 372 4610 τῆς
401 4541 493 4594 τοῦ
528 4541 640 4611 βίου
665 4544 1054 4614 προαιρέσεως,
1087 4547 1219 4620 υἱοῖς
1247 4562 1304 4596 τε
1335 4545 1426 4597 καὶ
1456 4541 1696 4611 ἐκγόνοις
1732 4543 1856 4610 ὑμε-

1958 1960 2401 2031 tranquillissima
2462 1975 2593 2030 pace
2646 1961 2887 2030 quietius
2957 1959 3347 2028 pet-fruentes,
3407 1975 3529 2014 sese

1954 2053 2244 2107 oblectent.
2273 2053 2377 2106 Sed
2401 2063 2452 2106 ct
2492 2053 2798 2124 quicunque
2823 2069 2965 2110 εξερο
2987 2054 3078 2108 illo
3105 2069 3296 2108 errore
3328 2062 3382 2108 et
3412 2069 3528 2106 auio

1956 2142 2321 2211 bageliberati
2351 2147 2416 2198 ad
2453 2157 2657 2200 rectam
2688 2161 2984 2216 sanatuquc
3001 2147 3327 2200 sententiam
3363 2147 3532 2200 redie-

1955 2246 2102 2303 runt,
2137 2253 2203 2292 eo
2249 2238 2424 2308 magis
2475 2239 2787 2306 gaudeant;
2837 2250 3091 2308 tanquam
3141 2254 3206 2294 ex
3249 2239 3528 2309 inopinata

1956 2336 2274 2398 tempestate
2325 2340 2418 2384 aut
2475 2347 2542 2385 ex
2603 2331 2924 2401 gravissimo
2967 2333 3156 2386 inorbo
3211 2333 3438 2396 servati,
3475 2340 3532 2386 et

1949 2419 2345 2489 jucundissima
2375 2420 2427 2474 in
2453 2433 2730 2491 posterum
2769 2423 2875 2476 vita
2915 2423 3155 2478 lruituri.
3181 2421 3332 2490 Quod
3367 2423 3412 2476 si
3437 2423 3526 2490 qui

1956 2511 2009 2564 iu
2039 2513 2356 2565 detestando
2383 2527 2491 2566 suae
2531 2511 2789 2566 vanitatis
2829 2528 3016 2569 errore
3049 2514 3224 2568 adhuc
3262 2523 3525 2583 perstant,

1955 2599 1992 2654 ii
2049 2615 2213 2669 quam
2262 2601 2578 2672 longissime
2630 2618 2659 2658 a
2716 2616 2895 2659 vestra
2958 2606 3090 2661 urbe
3142 2615 3197 2661 et
3245 2607 3529 2661 territorio

1954 2692 2176 2759 seclusi,
2226 2694 2368 2749 sicut
2415 2695 2670 2764 petiistis,
2733 2697 3048 2767 abigantur;
3104 2707 3163 2751 ut
3221 2699 3322 2754 hoc
3372 2706 3529 2768 pacto

1955 2784 2148 2839 civitas
2173 2794 2351 2838 vestra
2399 2783 2552 2853 juxta
2607 2786 2880 2842 laudabile
2910 2789 3147 2842 stadium
3196 2799 3434 2844 vesnum
3466 2805 3530 2846 ac

1957 2876 2310 2941 desiderium,
2369 2881 2516 2932 omni
2545 2879 2758 2950 piaculo
2789 2895 2854 2937 ac
2883 2881 3087 2938 scelere
3129 2881 3374 2948 liberata,
3426 2897 3530 2952 pro

1956 2971 2119 3025 insito
2163 2970 2265 3026 sibi
2311 2968 2509 3025 aﬁectu
2546 2987 2667 3026 cum
2712 2971 2889 3026 debita
2926 2974 3275 3030 veneratione
3303 2975 3528 3029 deorum

1956 3062 2339 3118 immortalium
2372 3065 2654 3121 sacriﬁciis
2682 3064 2957 3122 inserviat.
2985 3065 3157 3123 Porro
3183 3077 3242 3123 ut
3271 3054 3532 3138 intelligao

1959 3154 2027 3210 tis
2058 3170 2218 3225 quam
2248 3165 2401 3226 grata
2445 3157 2600 3212 nobis
2631 3155 2794 3213 fuerit
2844 3169 3029 3213 vestra
3068 3159 3182 3214 haec
3211 3159 3529 3229 postulatio,

1956 3256 2011 3299 ct
2035 3245 2270 3316 qualiter
2304 3246 2519 3302 animus
2577 3259 2764 3303 uoster
2817 3250 2979 3304 etiam
3042 3249 3248 3321 absque
3290 3251 3530 3306 decretis

1955 3335 2081 3391 ullis
2116 3351 2180 3391 ac
2217 3338 2576 3408 petitionibus
2605 3340 2748 3395 ultro
2788 3356 2882 3395 sua
2933 3350 3128 3411 sponte
3163 3342 3229 3396 ad
3263 3341 3529 3398 beneﬁcia

1953 3431 2091 3486 viris
2113 3430 2269 3487 bonis
2301 3431 2580 3502 largienda
2620 3433 3058 3505 promptissimus
3090 3445 3208 3498 est;
3256 3433 3530 3491 devoxioui

1953 3532 2152 3578 vestra:
2177 3524 2555 3588 concedimus,
2591 3534 2649 3576 ut
2681 3526 3042 3594 quodcunque
3066 3535 3120 3580 et
3150 3541 3313 3595 quam
3353 3528 3531 3580 maxio

1955 3630 2104 3668 mum
2155 3614 2440 3670 volueritis
2469 3615 2787 3671 beneﬁcium
2821 3633 2918 3687 pro
2943 3617 3044 3672 hoc
3076 3617 3163 3685 pio
3187 3633 3250 3672 ac
3276 3617 3532 3688 religioso

1955 3717 2142 3761 vestro
2175 3708 2458 3777 proposito
2484 3708 2790 3777 postuletis.
2822 3705 2940 3763 Jam
2971 3723 3100 3777 ergo
3139 3717 3198 3762 ut
3236 3708 3286 3762 id
3317 3709 3531 3763 faciatis

1955 3811 2123 3869 utque
2143 3800 2430 3868 accipiatis
2457 3815 2676 3869 operam
2727 3801 2874 3855 date.
2905 3799 3117 3855 Etenim
3151 3800 3281 3855 illud
3326 3801 3532 3870 absque

1957 3892 2061 3946 ulla
2105 3908 2256 3948 mora
2284 3893 2631 3948 consecuturi
2662 3892 2817 3945 estis.
2873 3890 3025 3958 Quod
3077 3891 3294 3959 quidem
3339 3902 3532 3944 vestra:

1957 3985 2164 4038 civitati
2210 3985 2512 4055 praestitum
2557 3984 2914 4050 beneﬁcium,
2949 3999 3072 4038 cuni
3109 3983 3531 4054 religiosissima:

1957 4088 2155 4131 vestrm
2202 4093 2330 4147 erga
2389 4078 2520 4132 deos
2581 4076 2916 4131 immortales
2957 4075 3174 4146 pietatis
3211 4087 3529 4146 perpetuum

1957 4170 2215 4239 deinceps
2249 4169 2355 4224 erit
2390 4170 2764 4224 testimonium
2793 4185 2806 4235 ;
2869 4179 2980 4222 tum
3025 4168 3222 4222 vestris
3253 4167 3530 4223 liberisue

1957 4261 2241 4327 nepotibus
2285 4260 2625 4324 declarabit,
2673 4276 2767 4314 vos
2822 4276 2919 4330 pro
2967 4259 3270 4330 liujusmedi
3319 4261 3529 4314 vivendi

1957 4354 2168 4408 ratione
2203 4364 2367 4423 atque
2398 4356 2648 4410 instituto
2676 4356 2836 4423 digna
2881 4355 3098 4424 pratmia
3137 4369 3166 4408 a
3199 4353 3530 4421 benignitate

1956 4456 2146 4500 nostra
2176 4447 2488 4501 retulisse.»
2526 4447 2846 4515 llnjusniodi
2874 4448 3035 4516 igitur
3058 4446 3252 4499 littera:
3278 4445 3330 4498 in
3355 4447 3530 4498 omni-

1959 4537 2057 4590 bus
2111 4539 2407 4606 provinciis
2469 4540 2759 4592 adversum
2818 4555 2918 4592 nos
2962 4537 3171 4607 publice
3221 4536 3529 4605 propositae.

267 4634 450 4704 τέροις
500 4635 985 4706 ἐπιδειχθήσεται.»
1036 4636 1220 4688 Ταῦτα
1265 4636 1327 4705 δὴ
1369 4635 1488 4688 καθ’
1522 4635 1676 4704 ἡμῶν
1715 4632 1852 4685 κατὰ

1959 4650 2176 4688 omnem
2225 4634 2381 4688 nobis
2429 4645 2688 4702 quantum
2738 4635 2952 4701 quidem
3006 4632 3057 4684 itt
3098 4631 3374 4684 hominum
3432 4647 3530 4700 po-

273 4731 455 4782 πᾶσαν
484 4732 751 4800 ἐπαρχίαν
789 4730 1232 4802 ἀνεστηλίτευτο,
1280 4731 1458 4800 πάσης
1499 4728 1742 4791 ἐλπῖδος,
1792 4727 1851 4778 τὸ

272 4822 402 4889 γοῦν
435 4825 522 4875 ἐπ’
552 4823 876 4894 ἀνθρώποις,
913 4823 1124 4893 ἀγαθῆς
1152 4823 1218 4876 τά
1259 4823 1378 4875 καθ’
1410 4823 1554 4893 ἡμᾶς
1597 4819 1849 4873 ἀποκλεί-

271 4931 427 4966 οντα·
457 4913 552 4976 ὡς.
588 4917 708 4967 κατ’
742 4916 872 4968 αύτὸ
900 4916 962 4984 δὴ
990 4915 1050 4967 τὸ
1080 4915 1218 4968 θεῖον
1245 4917 1419 4967 ἐκεῖνο
1449 4913 1644 4980 λόγιον,
1677 4914 1723 4964 εἰ
1755 4911 1846 4963 δυ-

272 5005 448 5068 νατὸν,
481 5006 570 5058 ἐπὶ
605 5005 812 5070 τούτοις
849 5008 941 5059 καὶ
972 5008 1096 5070 τοὺς
1129 5007 1415 5069 ἐκλεκτοὺς
1455 5006 1650 5068 αὑτοὺς
1684 5021 1846 5056 σκαν-

269 5095 593 5160 δαλίζεσθαι.
639 5098 778 5168 Ἤδη
809 5099 872 5166 γέ
892 5115 972 5152 τοι
1021 5098 1202 5168 σχεδὸν
1239 5102 1338 5170 τῆς
1367 5096 1518 5166 παρά
1542 5099 1651 5158 τοίς
1692 5095 1844 5148 πλεί-

273 5205 419 5251 στοις
451 5189 835 5262 ἀποψυχούσης
862 5190 1206 5261 προσδοκίας,
1233 5189 1443 5262 ἀθρόως
1472 5188 1591 5242 καθ’
1615 5189 1734 5241 όδὸν
1766 5187 1844 5239 ἔτι

273 5277 457 5348 σχεδὸν
493 5277 592 5349 τὴν
634 5281 856 5350 πορείαν
903 5279 958 5332 ἔν
999 5296 1107 5332 τισι
1142 5279 1346 5353 χώραις
1389 5279 1709 5333 διανυόντων
1740 5278 1846 5330 τῶν

343 5440 453 5508 (34)
493 5441 596 5494 Ἐν
617 5439 844 5510 φοϐερῷ
873 5441 1065 5508 τρόμῳ
1084 5439 1552 5510 καταδυομένην.
1588 5438 1846 5494 Scriben-

271 5512 398 5563 dutn
430 5513 643 5566 videtur
697 5510 1137 5580 ἁναδυομένην.
1171 5512 1284 5564 Duo
1335 5513 1479 5564 enim
1540 5521 1698 5564 terra:
1731 5526 1846 5563 uto-

272 5591 423 5633 tuum
453 5595 650 5650 genera
680 5582 780 5635 sibi
811 5583 1040 5650 invicem
1075 5582 1345 5645 opposita,
1373 5583 1460 5635 hic
1491 5596 1518 5634 a
1547 5581 1841 5634 Maximino

269 5643 620 5723 referuntur;
659 5643 993 5723 βρασματίαι
1036 5643 1247 5723 scilicet
1298 5663 1353 5706 et
1405 5652 1722 5722 χασματίαι.
1767 5651 1841 5723 De

267 5722 466 5842 quibus
493 5721 615 5776 vide
648 5721 828 5775 Aiunt.
858 5722 1252 5786 Marcellinum,
1276 5732 1332 5776 et
1358 5721 1478 5791 qua:
1508 5723 1580 5774 ibi
1627 5722 1834 5776 n0tavi.

299 5791 451 5842 unuit
476 5801 658 5842 autem
709 5789 1031 5842 Maximinus
1085 5801 1243 5842 terrae
1313 5801 1516 5842 motum
1549 5791 1718 5842 illutn.
1743 5791 1834 5842 aui

299 5791 451 5844 unuit
476 5801 658 5846 autem
709 5789 1031 5856 Maximinus
1085 5801 1243 5845 terra:
1313 5789 1516 5846 motum
1549 5791 1718 5853 illum,
1743 5791 1836 5859 qui

272 5861 460 5915 urbem
490 5861 691 5931 Tyrum
726 5859 1014 5930 alliixerat,
1043 5876 1184 5917 anno
1225 5872 1356 5918 ante
1401 5863 1837 5931 persecutionem

1965 4736 2158 4778 testate
2210 4726 2372 4778 situm
2419 4735 2553 4782 erat.
2613 4741 2760 4792 spem
2833 4722 3110 4777 felicitatis
3161 4726 3525 4777 ademerant:

1956 4819 2094 4871 adeo
2129 4827 2206 4878 ut,
2234 4817 2384 4886 juxta
2413 4818 2657 4871 divinum
2683 4817 3132 4879 illinloraculum,
3158 4817 3318 4871 etiam
3347 4815 3528 4879 electi,

1955 4910 2000 4962 si
2035 4910 2135 4963 boc
2166 4909 2278 4963 ﬁeri
2311 4919 2522 4978 posset,
2556 4908 2626 4962 ob
2676 4910 2790 4963 haec
2830 4909 3143 4963 scandalum
3180 4918 3518 4978 paterentur.

1970 5001 2217 5070 Cumque
2263 5000 2502 5056 caelestis
2538 5002 2722 5055 auxilii
2755 5002 3090 5072 exspectatio
3114 5000 3223 5070 jam
3265 5003 3316 5053 in
3357 5002 3527 5071 pluri—

1957 5094 2059 5146 mis
2092 5102 2402 5147 nostrorum
2436 5093 2834 5162 refrigesceret,
2870 5102 3086 5160 repente
3109 5090 3374 5146 ministris
3401 5092 3530 5162 ipsis

1955 5187 2046 5254 qui
2077 5185 2425 5252 supradictas
2459 5186 2669 5240 litteras
2715 5185 3177 5240 circumferebant
3242 5185 3419 5239 adhuc
3475 5185 3527 5238 in

1959 5277 2284 5348 quibusdam
2347 5278 2645 5347 provinciis
2705 5278 2808 5332 iter
2867 5293 3022 5332 suum
3097 5279 3522 5345 peragentibus,

1958 5435 2306 5500 Diocletiani,
2344 5446 2403 5490 nt
2436 5431 2605 5490 rele‘rt
2640 5436 2901 5490 Eusebius
2932 5436 2982 5488 iu
3013 5435 3294 5490 Chronico.

2022 5509 2132 5579 (55)
2170 5505 2288 5573 Τὴν
2312 5507 2579 5579 ἔμφυτοι·
2606 5501 2758 5574 αὐτῇ
2809 5505 3115 5579 πρόθεσιν.
3142 5503 3522 5579 _Scribet_tdum

1957 5574 2170 5633 videtur
2198 5574 2349 5630 κατὰ
2380 5574 2496 5643 τὴν
2518 5577 2805 5645 ἔμφυτον,
2858 5587 2914 5628 ιιι
2952 5576 3224 5630 Musculus
3272 5586 3326 5629 et
3356 5574 3518 5628 Chri-

1945 5653 2337 5718 stopborsonns
2367 5647 2632 5718 legerunt.
2675 5647 2840 5700 Paulo
2864 5655 2993 5718 post
3025 5663 3121 5716 pro
3148 5647 3259 5718 ὅσῳ
3292 5661 3521 5716 προσφι-

1942 5716 2044 5790 λὴς
2071 5719 2263 5790 malim”
2284 5719 2522 5790 scribere
2550 5717 2625 5790 ᾡς
2659 5716 2982 5790 προσφιλής.

2013 5790 2124 5855 (56)
2157 5786 2266 5841 Τοῦ
2281 5785 2348 5838 δὲ
2369 5786 2544 5856 ὑμᾶς.
2581 5783 2941 5844 δοιῖὑιειιόιιιιι
2967 5797 3094 5857 puto
3118 5785 3224 5842 τοῦ
3255 5803 3320 5842 τε
3339 5783 3521 5857 ὑμᾶς,

1945 5859 2242 5929 supplendo
2284 5858 2608 5928 μαρτυρίαν.
