4132 6406
669 343 776 400 8l5
1371 341 1640 399 EUSEBII
1677 339 2157 398 CESARIENSIS
2196 340 2348 397 OPP.
2389 337 2570 397 PARS
2610 339 2652 396 Ι.
2691 371 2756 382 -
2797 336 3197 398 HISTORICA.
3812 349 3902 404 8l6

674 460 1209 543 Deus,quiEcclesi:e
1242 477 1352 533 sua:
1391 477 1609 533 semper
1646 462 1962 531 auxiliatur,
1997 462 2233 517 insolen-

2338 459 2430 531 τὴν
2460 458 2824 533 προκειμένην
2863 448 3076 531 γραφὴν
3108 458 3230 513 καθ’
3258 456 3424 531 ἡμῶν
3471 456 3902 530 διακονουμένων,

673 565 781 611 tem
853 555 1114 611 adversus
1166 570 1263 610 nos
1335 556 1553 627 tyranni
1612 556 1918 625 superbiam
1980 565 2236 623 tanquam

2338 555 2365 607 ὁ
2400 554 2499 624 τῆς
2540 551 2674 615 ίδίας
2710 552 3029 624 Ἐκκλησίας
3053 551 3390 625 ὑπερμαχος
3430 549 3610 615 Θεὸς,
3652 557 3906 625 μονονουχὶ

674 648 876 718 injecto
928 646 984 703 in
1037 662 1098 703 os
1155 638 1306 701 freno
1351 646 1738 716 comprimens,
1787 645 1949 718 355
2000 647 2238 703 ccclesiis

673 757 787 796 sua:
816 739 1074 813 potentiae
1116 739 1270 795 nobis
1299 739 1616 809 opitulantis
1666 740 2009 808 przesentiam
2054 739 2237 796 decla-

673 832 832 888 ravit.

1250 921 1476 979 CAPUT
1521 923 1649 979 VIII.

674 1013 752 1071 De
803 1014 883 1070 Itis
929 1030 1050 1087 qua:
1098 1025 1275 1082 postea
1318 1014 1625 1069 acciderunt
1659 1024 1768 1069 tum
1807 1016 1864 1071 in
1907 1015 2073 1083 bello,
2127 1025 2238 1071 tum

1094 1086 1251 1154 [antis
1287 1103 1350 1140 ac
1377 1088 1536 1155 pestis
1567 1096 1815 1155 tempore.

744 1199 879 1256 Nam
909 1201 1113 1257 imbres
1143 1201 1358 1271 quidem
1393 1217 1457 1256 ac
1494 1201 1686 1271 pluviae
1731 1203 1962 1259 hiberno
1997 1212 2240 1276 tempore

677 1292 1043 1348 abundantius
1080 1294 1273 1348 cadere
1318 1304 1516 1363 praeter
1567 1295 1786 1349 solitum
1815 1297 2112 1353 desierunt.
2171 1298 2238 1353 Et

676 1383 952 1456 inaperata
978 1385 1204 1454 contigit
1232 1384 1430 1448 fatues;
1461 1399 1620 1456 quam
1648 1386 1840 1441 deinde
1864 1389 2031 1458 pestis
2051 1390 2239 1445 subse-

674 1488 796 1531 cuta
846 1487 947 1533 est.
999 1478 1201 1533 Praeter
1231 1478 1349 1533 btec
1382 1478 1605 1534 alterius
1640 1478 1923 1546 cujusdam
1953 1481 2124 1537 morbi
2162 1481 2241 1537 vis

673 1570 879 1637 saeviit;
939 1570 1092 1626 ulcus
1137 1570 1387 1625 videlicet
1442 1571 1584 1640 quod
1638 1573 1708 1627 ob
1760 1571 2237 1629 inﬂammationem

672 1663 1043 1718 carbunculus
1087 1672 1334 1718 vocatur.
1393 1662 1491 1717 llic
1533 1664 1772 1728 morbus,
1796 1679 1894 1733 per
1925 1665 2237 1720 universum

672 1770 871 1824 corpus
903 1754 1163 1826 paulatim
1197 1769 1453 1823 serpens,
1496 1754 1680 1822 gravia
1734 1755 1894 1828 aegris
1922 1756 2236 1811 discrimina

672 1847 952 1903 afferebat.
989 1847 1094 1903 Sed
1137 1848 1404 1917 prmcipue
1433 1847 1577 1904 circa
1614 1846 1797 1902 oculos
1824 1848 2036 1903 haerens
2067 1858 2121 1904 et
2152 1848 2233 1903 in-

672 1940 857 1995 sitiens
881 1940 1108 2002 diutius.
1129 1940 1441 1996 innumeros
1463 1942 1786 2011 promiscua!
1805 1942 1982 1997 aetatis
2005 1950 2057 1997 et
2081 1956 2241 1998 sexus

671 2032 970 2088 luminibus
997 2033 1229 2115 orbavit.
1266 2034 1468 2089 Bellum
1503 2035 1723 2102 insuper
1755 2052 1784 2088 a
1824 2046 2057 2106 tyranno
2090 2051 2239 2091 com-

671 2133 877 2178 motum
909 2132 991 2178 est
1018 2122 1283 2180 adversus
1327 2125 1637 2190 Armenios,
1682 2124 1791 2192 jam
1823 2124 1952 2179 inde
1979 2141 2008 2180 a
2043 2125 2241 2197 priscis

673 2215 1009 2286 temporibus
1050 2216 1256 2271 amicos
1287 2231 1350 2272 ac
1399 2216 1577 2272 socios
1620 2216 1799 2287 populi
1846 2216 2096 2272 Romani.
2139 2217 2239 2284 Qui

670 2323 796 2364 cum
825 2308 1123 2363 Christiani
1154 2308 1252 2380 ipsi
1288 2324 1501 2381 quoque
1556 2319 1741 2367 essent
1788 2321 1842 2366 et
1874 2310 2071 2365 divina:
2110 2310 2238 2366 reli-

671 2399 851 2470 gionis
878 2401 1286 2466 studiosissimi,
1349 2401 1458 2457 Deo
1503 2403 1710 2459 invisus
1752 2416 2013 2474 tyrannus
2045 2418 2142 2459 eos
2176 2402 2241 2458 ad

672 2491 1091 2547 simulacrorum
1133 2508 1197 2549 ac
1236 2494 1539 2549 daemonum
1577 2493 1781 2549 cultum
1820 2493 2104 2548 traducere
2147 2507 2243 2562 per

670 2583 779 2638 vim
808 2595 1061 2653 conatus,
1098 2602 1196 2656 pro
1231 2586 1422 2641 amicis
1450 2586 1719 2648 inimicos,
1742 2585 1928 2641 hostes
1956 2599 2053 2655 pro
2080 2583 2243 2639 sociis

670 2674 873 2734 ciiecit.
909 2678 1037 2734 lia‘c
1080 2678 1245 2750 igitur
1289 2678 1468 2733 omnia
1509 2692 1615 2732 uno
1656 2678 1955 2748 eodemque
1998 2687 2242 2746 tempore

672 2785 798 2828 eum
827 2772 1006 2827 subito
1032 2770 1462 2834 confluxissent,
1515 2781 1855 2841 arrogantem
1887 2773 2240 2829 conﬁcientis.

673 2864 795 2919 simi
824 2862 1034 2935 tyranni
1064 2863 1381 2932 iactantiam
1413 2861 1781 2928 confutarunt,
1803 2864 1893 2934 qui
1916 2864 1985 2918 ob
2006 2865 2241 2919 studium

674 2959 729 3015 in
784 2959 1027 3015 colendis
1053 2958 1382 3024 simulacris,
1436 2970 1490 3014 et
1545 2968 1765 3030 propter
1813 2962 2239 3030 persecutionem

674 3058 1006 3114 nostrorum,
1044 3064 1146 3104 nec
1175 3047 1372 3103 famem
1396 3088 1411 3106 .
1444 3063 1542 3103 nec
1573 3049 1960 3121 pestilentiam.
1999 3067 2097 3107 nec
2127 3051 2242 3105 bel-

2336 644 2436 716 τὴν
2461 643 2553 697 τοῦ
2579 644 2840 715 τυράννου
2884 645 3006 699 καθ’
3034 643 3193 716 ἡμῶν
3221 642 3614 715 ἐπιστομίζων
3655 646 3906 713 μεγαλαυ-

2336 737 2480 807 χίαν.
2530 736 2630 808 τὴν
2673 736 2817 808 ὑπὲρ
2868 736 3025 809 ἡμῶν
3078 736 3327 809 οὐράνιον
3374 734 3556 790 αὐτοῦ
3614 738 3909 809 συμμαχίαν

2337 829 2699 884 ἐπεδείκνυτο.

2867 922 3261 977 ΚΕΦΛΔΑΙΟΝ
3297 924 3383 977 Η’.

2337 1014 2477 1084 Περὶ
2505 1013 2627 1068 τῶν
2655 1014 2806 1068 κατὰ
2833 1014 3015 1068 ταῦτα
3042 1016 3520 1084 συμϐεϐηκότων
3548 1014 3626 1069 ἐν
3650 1012 3802 1084 λιμῷ
3829 1014 3911 1072 καί

2777 1084 2968 1155 λοιμῷ
3003 1085 3102 1139 καί
3140 1086 3459 1156 πολέμοις.

2407 1199 2471 1251 Οἱ
2500 1197 2599 1269 μὲν
2622 1193 2716 1253 οὖν
2748 1197 2807 1266 ἐξ
2830 1197 2986 1263 ἐθους
3016 1199 3126 1271 (57)
3157 1201 3351 1274 όμϐροι
3375 1217 3441 1257 τε
3480 1203 3584 1255 καὶ
3603 1198 3752 1254 ὑετοὶ
3770 1239 3784 1262 ,
3811 1217 3910 1269 χει-

2341 1288 2530 1359 μαδίου
2562 1293 2662 1362 τῆς
2697 1289 2842 1362 ὥρας
2879 1291 3263 1365 ὑπαρχούσης,
3307 1294 3411 1366 τὴν
3445 1293 3548 1347 ἐπὶ
3583 1292 3693 1362 γῆς
3723 1292 3913 1365 ἀνεῖχον

2339 1381 2541 1454 συνήθη
2590 1382 2793 1455 φορὰν,
2845 1382 3003 1454 λιμὸς
3041 1380 3089 1437 δ’
3125 1384 3385 1457 ἀδόκητος
3431 1385 3807 1456 ἐπισκήπτει,
3836 1386 3914 1438 καὶ

2336 1473 2521 1545 λοιμὸς
2553 1475 2644 1529 ἐπὶ
2669 1474 2860 1546 τούτῳ,
2896 1476 2990 1529 καί
3014 1493 3156 1541 τινος
3180 1478 3368 1548 ἐτέρου
3398 1480 3749 1548 νοσήματος,
3781 1477 3913 1542 ἕλκος

2336 1562 2393 1618 δὲ
2422 1560 2490 1636 ἦν
2519 1564 2857 1636 φερωνύμως
2878 1564 2971 1619 τοῦ
2990 1565 3268 1637 πυρώδους
3297 1568 3513 1629 ἕνεκεν,
3537 1566 3753 1640 ἄνθραξ
3772 1585 3915 1639 προσ-

2338 1655 2766 1727 αγορευόμενον,
2812 1656 3081 1729 ἐπιφορά·
3115 1656 3144 1710 δ
3172 1657 3292 1712 καθ’
3310 1658 3450 1712 ὅλων
3481 1659 3590 1729 μὲν
3610 1658 3780 1729 ἕρπον
3802 1658 3912 1727 (37')

2340 1748 2446 1802 τῶν
2497 1748 2801 1819 σωμάτων,
2855 1749 3158 1820 σφαλεροὺς
3201 1751 3436 1805 ἐνεποίει
3482 1754 3605 1814 τοῖς
3644 1750 3913 1805 πεπονθόσι

2270 1813 2311 1869 Β
2339 1813 2647 1904 κινδύνους,
2695 1841 2757 1893 ού
2808 1813 2914 1912 μὴν
2966 1813 3100 1895 ἀλλὰ
3140 1813 3241 1895 καὶ
3284 1842 3427 1896 κατὰ
3481 1813 3600 1895 τῶν
3643 1840 3913 1912 ὀφθαλμῶν

2338 1936 2700 2008 διαφερόντως
2732 1938 2823 1991 ἐπὶ
2865 1937 3116 1992 πλεῖστον
3155 1937 3474 2009 γινόμενον,
3514 1935 3753 2007 μυρίους
3779 1935 3913 1998 ὅσους

2340 2028 2536 2100 ἄνδρας
2576 2028 2694 2100 ἅμα
2724 2029 2914 2099 γυναξὶ
2951 2031 3044 2084 καὶ
3075 2031 3231 2083 παισὶ
3276 2030 3496 2102 πηρους
3540 2024 3910 2098 ἀπειργάζετο.

2340 2117 2564 2182 Τούτοις
2591 2120 3093 2192 προσεπανίσταται
3120 2118 3197 2190 τῷ
3219 2119 3475 2191 τυράννῳ
3500 2119 3532 2171 ὁ
3559 2117 3705 2190 πρὸς
3738 2118 3909 2189 Ἀρμε-

2339 2210 2485 2274 νίους
2517 2211 2772 2283 πόλεμος,
2804 2212 3001 2285 ἄνδρας
3025 2212 3085 2278 ἐξ
3115 2212 3342 2285 ἀρχαίου
3370 2212 3567 2281 φίλους
3590 2228 3653 2263 τε
3682 2210 3775 2263 καὶ
3798 2226 3912 2280 συμ-

2344 2301 2549 2373 μάχους
2594 2303 2882 2374 Ῥωμαίων
2908 2322 2921 2336 ·
2968 2303 3063 2369 οὓς
3089 2305 3182 2359 καὶ
3214 2305 3410 2368 αὐτοὺς
3444 2302 3816 2376 Χριστιανοὺς
3836 2301 3908 2356 θν-

2339 2409 2459 2457 τας,
2491 2394 2584 2448 καὶ
2611 2394 2710 2467 τὴν
2737 2398 2816 2460 είς
2848 2396 2908 2450 τὸ
2934 2397 3086 2451 Θείον
3118 2397 3398 2451 εὐσέϐειαν
3427 2397 3524 2452 διὰ
3559 2396 3798 2467 σπουδῆς
3819 2412 3910 2449 ποι-

2340 2487 2632 2557 ουμένους,
2678 2490 2708 2542 ὁ
2753 2488 3010 2561 θεομισὴς
3052 2490 3293 2554 εἰδώλοις
3336 2490 3489 2545 θύειν
3540 2490 3639 2544 καὶ
3687 2489 3906 2558 δαίμοσιν

2341 2579 2718 2649 ἐπαναγκάσαι
2758 2582 3191 2654 πεπειραμένος,
3225 2582 3453 2656 ἐχθροὺς
3486 2583 3617 2636 ἀντὶ
3648 2582 3808 2651 φίλων
3833 2579 3909 2634 καὶ

2343 2670 2631 2742 πολεμίους
2666 2672 2789 2728 ἀντὶ
2822 2675 3126 2745 συμμάχων
3155 2676 3553 2747 κατεστήσατο.
3605 2673 3831 2745 Ἀθρόως
3852 2671 3904 2744 δὴ

2341 2758 2513 2815 ταῦτα
2560 2761 2737 2815 πάντα
2787 2762 2875 2834 ὑφ’
2917 2764 3012 2816 ἕνα
3058 2763 3153 2817 καὶ
3198 2763 3288 2817 τὸν
3338 2765 3505 2819 αὑτὸν
3558 2764 3908 2837 συρρεύσαντα

2341 2858 2533 2930 καιρὸν
2555 2897 2570 2923 ,
2612 2861 2714 2929 τῆς
2743 2858 2834 2913 τοῦ
2880 2859 3142 2931 τυράννου
3174 2859 3511 2933 θρασύτητος
3539 2861 3643 2931 τὴν
3670 2858 3803 2913 κατὰ
3826 2855 3903 2911 τοῦ

2343 2948 2486 3003 θείου
2548 2950 2916 3022 μεγαλαυχίαν
2958 2951 3264 3024 διήλεγξεν,
3306 2952 3387 3006 ὅτι
3430 2952 3497 3024 δὴ
3544 2952 3651 3023 τῆς
3695 2950 3815 3021 περὶ
3848 2948 3905 2999 τὰ

2334 3042 2535 3109 εἴδωλα
2572 3042 2684 3115 (τε)
2714 3042 2879 3096 αὐτοῦ
2908 3043 3145 3114 σπουδῆς
3167 3042 3258 3096 καὶ
3290 3044 3388 3113 τῆς
3416 3043 3547 3097 καθ’
3582 3041 3740 3114 ἡμῶν
3765 3042 3902 3094 ἕνεκα

674 3142 784 3195 lum
818 3140 1053 3210 denique
1099 3139 1266 3193 ullum
1308 3139 1421 3195 suis
1474 3140 1807 3210 temporibus
1839 3142 2104 3197 accidisse
2143 3158 2240 3196 au-

2348 3133 2683 3206 πολιορκίας,
2722 3134 2794 3206 μὴ
2827 3133 3003 3205 λιμὸν,
3039 3135 3172 3207 μηδὲ
3206 3135 3411 3207 λοιμὸν,
3450 3134 3592 3207 μηδὲ
3639 3134 3746 3205 μὴν
3769 3132 3902 3185 πόλε-

673 3233 863 3288 dacter
908 3230 1264 3303 gloriabatur.
1294 3230 1471 3301 Atque
1510 3231 1624 3286 haec
1656 3232 1839 3287 omnia
1871 3233 2060 3288 eodem
2108 3244 2244 3289 tem-

672 3327 824 3395 poris
872 3333 1142 3380 momento
1196 3323 1354 3377 simul
1417 3323 1749 3393 ingruentia,
1810 3326 2055 3393 quaedam
2089 3325 2241 3395 quasi

674 3414 938 3485 prommia
1000 3413 1331 3467 imminentis
1381 3422 1614 3482 tyranno
1661 3413 1810 3468 exitii
1875 3416 2241 3471 ostentabant.

675 3503 745 3569 Et
780 3502 896 3570 ipse
926 3503 1144 3573 quidem
1189 3504 1241 3556 in
1297 3501 1439 3557 bello
1491 3501 1755 3559 adversus
1795 3504 2083 3560 Armenios
2138 3519 2243 3559 una

675 3608 798 3650 cum
848 3595 1090 3649 exercitu
1144 3609 1243 3648 suo
1292 3594 1472 3649 varias
1536 3593 1724 3651 clades
1762 3605 1927 3666 atque
1976 3612 2244 3652 aerumnas

674 3685 914 3754 pertulit.
962 3685 1175 3756 Reliqui
1219 3700 1347 3740 vero
1386 3686 1478 3755 qui
1511 3688 1671 3742 urbes
1708 3686 1820 3757 ejus
1858 3690 2090 3758 imperio
2118 3693 2244 3745 sub-

675 3779 817 3833 ditas
850 3779 1179 3843 incolebant,
1207 3779 1350 3833 fame
1381 3780 1540 3835 simul
1570 3797 1632 3836 ac
1662 3780 1972 3850 pestilentia
2006 3784 2245 3852 graviter

673 3872 855 3926 vexati
885 3880 1051 3926 sunt:
1085 3871 1220 3928 adeo
1253 3880 1313 3926 ut
1341 3888 1479 3927 unus
1510 3872 1768 3927 frumenti
1814 3874 2118 3929 medimnus
2162 3873 2245 3929 bis

674 3964 828 4019 mille
859 3973 909 4020 et
934 3965 1246 4033 quingentis
1269 3965 1464 4021 Atticis
1495 3965 1773 4020 drachmis
1815 3968 2239 4021 venundaretur.

679 4057 746 4112 Et
789 4056 1058 4111 innumeri
1109 4056 1327 4127 quidem
1371 4057 1421 4111 in
1467 4057 1711 4120 urbibus,
1771 4055 1953 4126 plures
2012 4072 2143 4112 vero
2189 4059 2241 4112 in

676 4152 823 4224 agris
854 4163 908 4208 et
942 4152 1078 4207 vicis
1102 4150 1302 4220 passim
1326 4152 1625 4206 interibant
1655 4167 1669 4204 :
1704 4151 1757 4205 in
1790 4161 2000 4205 tantum
2034 4162 2093 4204 ut
2116 4166 2246 4204 cen-

674 4245 856 4301 suales
914 4243 1106 4297 tabulae
1170 4241 1296 4296 olim
1348 4242 1554 4308 ingenti
1626 4242 1950 4297 rusticorum
2017 4258 2243 4297 numero

676 4337 920 4407 repletae,
949 4351 1056 4388 una
1085 4348 1252 4404 prope
1284 4332 1445 4387 litura
1484 4334 1677 4388 deletae
1708 4334 1946 4398 fuerint;
1993 4335 2244 4388 omnibus

678 4428 789 4482 fere
818 4436 910 4480 aut
939 4425 1113 4480 victus
1163 4423 1365 4491 inopia,
1412 4432 1502 4477 aut
1534 4423 1806 4493 pestilenti
1853 4426 2043 4477 morbo
2084 4424 2241 4479 simul

2348 3243 2447 3297 μον
2497 3226 2587 3279 ἐπὶ
2638 3225 2747 3280 τῶν
2804 3226 2966 3283 αὐτοῦ
3019 3226 3289 3298 συμϐῆναι
3320 3227 3533 3300 καιρῶν
3581 3225 3899 3299 ἐθρασύνετο.

2344 3317 2528 3372 Ταῦτα
2559 3319 2603 3372 δ’
2630 3315 2722 3373 οὖν
2753 3318 2890 3389 ὁμοῦ
2917 3319 3012 3373 καὶ
3042 3318 3184 3372 κατὰ
3214 3319 3274 3373 τὸ
3302 3319 3434 3373 αὐτὸ
3461 3319 3793 3378 ἐπελθόντα,
3824 3313 3901 3368 καὶ

2343 3413 2440 3481 τῆς
2489 3411 2652 3464 αὑτοῦ
2708 3412 3090 3483 καταστροφῆς
3139 3412 3476 3485 περιειλήφει
3524 3411 3598 3465 τὰ
3643 3407 3897 3482 προοίμια.

2342 3502 2513 3566 Αὐτὸς
2564 3503 2663 3573 μὲν
2704 3499 2796 3557 οὖν
2844 3505 2971 3577 περὶ
3010 3505 3101 3559 τὸν
3151 3505 3286 3578 πρὸς
3329 3506 3654 3577 Ἀρμενίους
3693 3501 3900 3570 πόλεμον

2344 3593 2460 3664 ἅμα
2499 3597 2611 3659 τοῖς
2653 3594 2816 3650 αὑτοῦ
2865 3596 3244 3667 στρατοπέδοις
3283 3600 3671 3658 κατεπονεῖτο,
3704 3594 3820 3657 τοὺς
3853 3591 3898 3643 δὲ

2341 3685 2559 3751 λοιποὺς
2586 3687 2692 3740 τῶν
2721 3689 2820 3753 τὰς
2853 3689 2944 3742 ὑπ’
2973 3689 3132 3743 αὑτὸν
3173 3689 3355 3747 πόλεις
3388 3691 3703 3743 οἰκούντων.
3736 3682 3895 3744 δεινῶς

2342 3779 2370 3830 ὁ
2414 3778 2574 3850 λιμός
2608 3798 2669 3834 τε
2703 3782 2817 3852 ἅμα
2861 3781 2957 3834 καὶ
2988 3781 3174 3851 λοιμὸς
3207 3783 3616 3854 κατετρυχέτην
3653 3780 3792 3850 (59),
3834 3775 3896 3838 ib;

2344 3869 2459 3934 ἐνδεῖ
2493 3871 2692 3944 μέτρου
2737 3872 2945 3944 πυρῶν,
2984 3872 3247 3944 δισχιλίας
3273 3872 3365 3926 καὶ
3401 3872 3761 3932 πεντακοσίας
3790 3867 3891 3919 Ἀτ-

2342 3967 2501 4028 τικὰς
2529 3965 3132 4020 ἀντικαταλλάττεσθαι.
3163 3966 3361 4039 Μυρίοι
3388 3967 3487 4037 μὲν
3510 3962 3604 4020 οὖν
3629 3961 3893 4031 ἐτύγχανον

2342 4062 2390 4113 οἱ
2427 4058 2566 4112 κατὰ
2591 4058 2771 4122 πόλεις
2801 4059 3142 4131 θνήσκοντες,
3168 4059 3386 4122 πλείους
3412 4059 3469 4111 δὲ
3494 4058 3698 4112 τούτων
3718 4054 3764 4106 oi
3790 4050 3889 4104 κατ’

2342 4151 2546 4223 ἀγρούς
2577 4168 2636 4203 τε
2668 4151 2762 4204 κα)⁵
2794 4149 3014 4221 κώμας.
3060 4151 3137 4214 ὡς
3184 4149 3285 4221 ἤδη
3334 4151 3428 4204 καὶ
3472 4150 3574 4214 τὰς
3618 4148 3774 4202 πάλαι
3800 4139 3890 4193 τῶν

2342 4244 2613 4315 ἀγροίκων
2644 4242 3005 4313 πολυάνδρους
3033 4242 3379 4313 ἀπογραφὰς,
3415 4243 3615 4315 μικροῦ
3649 4242 3750 4293 δεῖν
3776 4250 3885 4288 παν-

2340 4334 2467 4406 τελῆ
2501 4334 2692 4388 παθεῖν
2738 4334 3030 4403 ὲξάλειψιν,
3071 4335 3281 4405 ἀθρόως
3319 4335 3502 4405 σχεδον
3533 4333 3780 4387 ἁπάντων
3814 4328 3886 4379 tv-

2341 4425 2457 4497 δείᾳ
2483 4425 2691 4496 τροφῆς
2718 4426 2812 4477 καὶ
2843 4423 3094 4495 λοιμώδει
3121 4424 3261 4495 νόσῳ
3302 4424 3727 4496 διεφθαρμένων.
3757 4415 3886 4476 Τινὲς

676 4516 1001 4587 absumptis.
1039 4514 1269 4582 Quidam
1302 4529 1400 4582 pro
1427 4513 1618 4583 exiguo
1643 4514 1931 4567 admodum
1968 4515 2092 4568 cibo
2117 4516 2240 4569 cha-

2346 4517 2444 4588 μὲν
2474 4512 2566 4569 οὖν
2598 4517 2663 4569 τὰ
2702 4517 2910 4570 ἑαυτῶν
2947 4516 3175 4585 φίλτατα
3211 4515 3551 4587 βραχυτάτης
3581 4514 3772 4586 τροφῆς
3794 4508 3884 4567 τοῖς

677 4609 891 4664 rissima
927 4607 1149 4678 pignora
1185 4603 1350 4677 356
1380 4605 1828 4674 Iocupletioribus
1871 4608 2104 4661 vendere
2135 4622 2239 4661 non

676 4700 1021 4755 dubitabant.
1074 4699 1201 4761 Alii,
1232 4698 1510 4752 distractis
1566 4697 1828 4766 paulatim
1898 4699 2115 4766 pranliis
2180 4715 2244 4754 ac

677 4788 1026 4844 facultatibus
1092 4787 1225 4851 suis,
1285 4787 1352 4840 ad
1391 4797 1692 4841 extremam
1750 4787 1987 4857 inopiam
2037 4789 2238 4842 redacti

675 4890 824 4937 sunt.
852 4880 963 4935 Nec
990 4878 1214 4934 defuere
1238 4879 1330 4947 qui
1364 4879 1573 4933 modica
1615 4874 1733 4933 feni'
1751 4892 2024 4949 segmenta
2056 4880 2239 4934 avulsa

677 4977 1017 5037 mandentes,
1042 4984 1097 5027 et
1122 4973 1299 5028 noxiis
1333 4974 1654 5043 quibusdam
1687 4972 1888 5041 absque
1910 4972 2019 5026 ullo
2049 4973 2244 5027 discri-

676 5070 828 5123 mine
884 5067 1021 5135 pasti
1078 5067 1414 5135 graminibus
1461 5065 1657 5135 quibus
1707 5065 1959 5120 valetudo
1999 5067 2243 5134 corporis

678 5158 1155 5227 corrumpebatur,
1204 5157 1347 5212 foede
1378 5158 1686 5212 interirent.
1732 5156 1838 5211 Sed
1885 5168 1939 5211 et
1988 5159 2242 5213 mulieres

674 5250 923 5322 quantam
971 5250 1115 5303 inter
1166 5263 1293 5303 suos
1356 5264 1460 5301 nun
1508 5246 1792 5316 ignobiles,
1849 5261 1963 5316 pra:
2028 5262 2238 5300 summa

675 5349 921 5412 egestate
952 5340 1019 5393 ad
1054 5337 1471 5393 iuvereeundam
1502 5337 1797 5407 compulsat
1838 5336 2240 5402 necessitatem,

746 5502 859 5573 (57)
891 5504 955 5573 οι
973 5495 1218 5572 μὲνοῦν
1239 5499 1308 5565 ἐξ
1329 5499 1533 5573 ἔθους.
1576 5501 1656 5573 Ab
1681 5501 1764 5553 bis
1799 5500 1979 5573 verbis
2010 5500 2237 5573 inclma-

675 5569 765 5629 tur
808 5569 858 5628 c.
889 5572 924 5626 8
944 5569 1045 5638 {in
1070 5571 1435 5625 vetustissimo
1461 5569 1732 5625 Mazarino
1757 5570 1962 5636 codice,
1989 5572 2075 5625 cui
2101 5586 2235 5626 con-

676 5646 842 5698 sentit
864 5642 1132 5697 cod.Fuk.
1158 5658 1222 5696 ac
1251 5642 1497 5704 Rutilius,
1515 5652 1570 5695 et
1586 5642 1721 5693 ratio
1741 5642 1853 5707 ipsa
1885 5643 1954 5694 ita
1980 5641 2234 5709 postulat.

610 5710 629 5727 ’
749 5714 884 5781 (57')
928 5715 1174 5782 Ἐράτων.
1215 5711 1306 5767 Sic
1335 5713 1675 5767 correximus
1708 5712 1851 5781 quod
1883 5712 1936 5765 in
1972 5714 2129 5780 impr.
2157 5712 2232 5765 lc-

678 5784 820 5855 gitur
847 5784 1050 5858 ἕρπων,
1076 5784 1188 5839 sive
1214 5797 1403 5839 errore
1436 5793 1673 5855 typogr.,
1707 5785 1820 5837 sive
1843 5782 2230 5853 manuscriptis

2346 4608 2739 4680 εὐπορωτέροις
2772 4608 3102 4679 ἀπεμπολεῖν
3142 4608 3360 4678 ἠξίουν,
3399 4609 3546 4663 ἄλλοι
3576 4608 3632 4662 δὲ
3658 4606 3749 4667 τὰς
3777 4599 3884 4667 κτήο

2351 4716 2462 4764 σεις
2492 4699 2629 4753 κατὰ
2670 4699 2841 4770 βραχὺ
2887 4698 3401 4770 διαπιπράσκοντες,
3450 4703 3530 4763 εἰς
3572 4698 3788 4769 ἐσχάτην
3814 4693 3883 4743 ἐν·

2346 4791 2496 4856 δείας
2528 4791 2758 4864 ἀπορίαν
2798 4790 3056 4862 ἡλαυνοψ
3097 4791 3196 4863 ἤδη
3231 4791 3287 4844 δέ
3319 4809 3461 4856 τινες
3493 4790 3697 4863 σμικρὰ
3720 4785 3880 4858 χόρτου

2347 4880 2785 4952 διαμασσώμενοι
2814 4880 3203 4953 σπαράγματα,
3245 4881 3337 4934 καί
3364 4898 3512 4945 τινας
3537 4878 3749 4947 ἁναίδην
3772 4871 3878 4942 φθο-

2351 4972 2602 5043 ροποιοίις
2633 4970 2900 5034 ἐσθίοντες
2925 4972 3061 5035 πόας
3078 5011 3093 5034 ,
3122 4972 3220 5043 τὴν
3246 4971 3353 5025 τῶν
3394 4972 3656 5041 σωμάτων
3679 4965 3778 5032 ἕξιν
3803 4961 3878 5013 λυ-

2351 5065 2649 5136 μαινόμενα
2690 5063 2995 5117 διώλλυντο.
3031 5065 3140 5117 Καὶ
3167 5064 3402 5132 γυναίων
3430 5063 3487 5116 δὲ
3513 5062 3621 5116 τῶν
3652 5055 3775 5114 κατὰ
3800 5049 3878 5104 πό-

2348 5156 2459 5221 λεις
2505 5156 2790 5224 εὐγενίδων
2822 5155 2963 5219 τινὲς
2983 5195 2997 5217 ,
3025 5156 3104 5220 είς
3129 5155 3481 5224 ἀναίσχυντον
3510 5156 3741 5223 ἀνάγκην
3767 5142 3876 5215 πρὸς

2345 5250 2446 5322 τῆς
2477 5251 2709 5324 ἀπορίας
2743 5248 3070 5311 ἐλασθεῖσαι,
3114 5253 3386 5321 μεταιτεῖν
3429 5250 3519 5303 ἐπὶ
3560 5249 3665 5303 τῶν
3698 5237 3874 5311 ἀγορῶν

2346 5343 2778 5414 προεληλύθεσαν
2802 5382 2817 5405 ,
2859 5341 2959 5413 τῆς
3002 5341 3168 5394 πάλαι
3210 5341 3515 5413 ἐλευθερίου
3556 5338 3747 5411 τροφῆς
3770 5328 3875 5386 ὐπό-

2336 5502 2409 5555 ita
2442 5500 2835 5556 exbiltetttilms.
2882 5500 3046 5556 Ent‘l'.

2406 5572 2518 5635 (58)
2553 5572 2682 5624 Ὀτι
2704 5568 2781 5638 δὴ
2816 5569 2925 5638 τῆς
2953 5568 3086 5638 περὶ
3113 5567 3186 5622 τὰ
3213 5566 3450 5622 εἴδωλα.
3474 5566 3649 5622 Malim
3671 5559 3872 5618 scribere

2335 5641 2370 5696 ὅ
2395 5658 2460 5695 τε
2483 5640 2581 5708 δή.

2410 5686 3031 5837 ξ’»θλιίςατετρυχέτηη
3065 5686 3156 5763 Sic
3221 5710 3272 5793 in
3305 5707 3461 5763 codd.
3499 5706 3657 5773 Μυκη,
3688 5697 3803 5756 Med.
3828 5699 3869 5745 ει

2410 5798 2477 5837 ι’.
2515 5786 2792 5837 scribitur.
2829 5782 3394 5837 ὶυιασκατετρυγετο.

2338 5782 2477 5837 ιτιιιι.
2508 5782 2792 5839 εει-ἰυίιυισ.
2829 5782 2987 5852 \‘ulg.
3009 5782 3394 5851 κατετρύχετο.
