4132 6406
317 294 456 352 817

1330 308 1685 368 ΗΙδΤΟΡὼΕ
1732 312 2292 370 ECCLESIASTICIE
2329 313 2459 372 LIB.
2501 314 2593 372 IX.

3468 319 3569 374 818

322 416 564 490 δειγμα,
595 419 684 475 διὰ
722 423 823 494 τῆς
861 425 987 497 περὶ
1016 427 1080 480 τὸ
1117 428 1406 502 πρόσωπον
1442 430 1658 496 αἰδοῦς,
1698 433 1792 486 καὶ
1821 434 1884 504 τῆ

1982 471 1987 494 ,
2020 433 2360 489 mendicandi
2406 450 2568 490 causa
2616 433 2670 487 in
2725 433 2904 489 furum
2939 435 3263 491 ventitabant
3293 451 3311 491 :
3341 451 3569 505 quarum

327 510 490 580 ἀμφὶ
521 511 619 583 τὴν
662 515 952 587 περιῦολὴν
979 521 1334 593 κοσμιότητος
1362 522 1752 593 ύποφαίνουσαι
1771 542 1784 556 ·
1819 525 1913 577 καὶ

329 604 392 655 οι
441 603 542 674 μὲν
577 605 980 680 ἀπεσκληκότες
1013 612 1202 686 ὥσπερ
1248 615 1440 670 εἴδωλα
1472 616 1640 688 νεκρὰ
1676 611 1778 673 ὧδε
1811 622 1912 674 κά-

333 697 491 748 κεῖσε
538 694 1040 769 ψυχορραγοῦντες,
1079 705 1404 777 ὲνσειόμενοί
1434 723 1495 760 τε
1534 710 1630 762 καὶ
1673 711 1911 782 περιολι-

337 785 652 852 σθαίνοντες
701 790 793 843 ὑπ’
823 792 1123 864 ἀδυναμίας
1163 796 1257 850 τοῦ
1307 799 1530 870 στῆναι,
1583 801 1911 857 κατέπιπτον

335 877 400 966 έν
435 876 630 947 μέσαις
656 883 776 944 ταῖς
793 881 1094 953 πλατείαις,
1117 890 1341 958 πρηνεῖς
1371 889 1415 941 δ’
1443 891 1770 961 ὴπλωμένοι,
1798 894 1912 966 δρέ-

334 965 428 1031 ξαι
459 971 610 1040 σφίσι
651 975 845 1044 μικρὸν
880 977 1083 1047 τρύφος
1119 980 1284 1052 ἄρτου
1332 986 1744 1055 κατηντιϐόλουν
1766 1026 1778 1049 ,
1817 965 1909 1040 καὶ

332 1062 437 1132 τὴν
470 1064 645 1138 ψυχὴν
685 1069 818 1139 πρὸς
842 1071 1097 1141 ἐσχάταις
1132 1075 1344 1145 ἔχοντες
1381 1078 1689 1146 ἀναπνοαῖς,
1719 1085 1908 1154 πεινῇν

331 1154 600 1245 ἐπεϐόων,
630 1159 766 1230 πρὸς
809 1162 976 1234 μόνην
1003 1165 1204 1237 ταύτην
1243 1169 1341 1240 τὴν
1369 1171 1760 1245 ὀδυνηροτάτην
1797 1192 1909 1244 φω-

331 1243 433 1314 νὴν
472 1245 743 1313 εὐσθενεῖς
774 1251 1158 1325 καθιστάμενοι
1187 1273 1202 1289 ο
1251 1259 1300 1311 οἱ
1344 1258 1401 1312 δὲ
1438 1243 1542 1330 τὴν
1567 1243 1773 1332 πληθὺν
1800 1243 1906 1318 τῶν

328 1335 630 1390 αἰτούντων
660 1341 1188 1414 καταπληττόμενοι,
1229 1349 1343 1402 ὅσοι
1379 1349 1485 1403 τῶν
1517 1351 1905 1424 εὐπορωτέρων

328 1424 552 1515 ἐδόκουν
582 1422 742 1494 εἶναι,
792 1432 930 1502 μετά
956 1434 1016 1487 τὸ
1048 1437 1215 1508 μυρία
1250 1443 1566 1510 παρασχεῖν,
1606 1422 1683 1504 είς
1722 1422 1903 1515 ἀπήνῆ

327 1514 518 1571 λοιπὸν
549 1520 643 1573 καὶ
673 1521 934 1591 ἄτεγκτον
967 1527 1203 1598 ἐχώρουν
1228 1528 1462 1583 διάθεσιν
1482 1570 1497 1594 ,
1531 1532 1596 1585 τὰ
1621 1533 1760 1588 αὐτὰ
1792 1514 1903 1600 τοῖς

325 1608 570 1663 αἰτοῦσιν
600 1612 722 1666 ὅσον
747 1613 899 1668 οὔπω
932 1618 1026 1671 καὶ
1062 1620 1216 1673 αὐτοὶ
1249 1622 1527 1676 πείσεσθαι
1561 1626 1900 1696 προσδοκῶν-

324 1715 418 1762 τες
441 1740 455 1763 ,
491 1701 618 1755 ὥστ’
653 1704 752 1776 ἤδη
804 1708 946 1762 κατὰ
990 1710 1162 1780 μέσας
1209 1713 1411 1785 ἀγορὰς
1447 1719 1541 1769 καὶ
1593 1720 1898 1784 στενωποὺς

326 1793 496 1866 νεκρὰ
521 1796 612 1850 καὶ
640 1799 817 1869 γυμνὰ
843 1800 1066 1871 σώματα
1091 1806 1175 1873 ἐφ’
1199 1807 1432 1878 ἡμέραις
1456 1807 1694 1863 πλείοσιν
1717 1811 1897 1880 ἄταφα

326 1884 719 1958 διερριμμένα,
756 1891 882 1945 θέαν
910 1898 1019 1958 τοῖς
1043 1896 1240 1966 ὁρῶσιν
1277 1898 1629 1972 οἰκτροτάτην
1663 1904 1898 1974 παρέχε-

328 1975 474 2030 σθαι.
515 1979 648 2051 Ἤδη
674 1980 736 2050 γέ
769 1999 849 2035 τοι
874 1985 968 2037 καὶ
1005 1985 1179 2039 κυνῶν
1205 2005 1348 2053 τινες
1380 1990 1616 2058 ἐγίνοντο
1646 1991 1798 2063 βορὰ,
1828 1993 1896 2046 δι’

324 2070 394 2139 ἢν
440 2071 669 2141 μάλιστα
718 2076 896 2130 αἰτίαν
939 2078 990 2131 οἱ
1033 2079 1233 2144 ζῶντες
1269 2082 1362 2136 ἐπὶ
1409 2082 1506 2153 τὴν
1549 2086 1901 2153 κυνοκτονίαν,

321 2160 639 2229 ἐτράποντο,
670 2162 776 2217 δέει
808 2165 901 2217 τοῦ
936 2166 1009 2238 μὴ
1033 2167 1410 2242 λυσσήσαντας
1439 2172 1895 2244 ἀνθρωποφαγίαν

321 2250 680 2319 ἐργάσασθαι.
741 2256 850 2326 Οὐχ
895 2257 1094 2327 ἥκιστα
1133 2259 1190 2313 δὲ
1236 2263 1330 2316 καὶ
1383 2265 1411 2316 6
1456 2265 1640 2333 λοιμὸς
1686 2266 1894 2330 πάντας

317 2339 505 2404 οἴκους
527 2344 618 2396 καὶ
642 2347 834 2412 γενεὰς
866 2348 1210 2414 ἐπεϐόσκετο,
1243 2353 1474 2423 μάλιστα
1507 2355 1549 2408 δ’
1570 2356 1662 2420 οὓς
1686 2358 1713 2409 6
1737 2357 1894 2429 λιμὸς

316 2431 409 2486 διὰ
444 2434 503 2487 τὸ
541 2437 790 2509 εὐπορεῖν
822 2441 1038 2512 τροφῶν
1071 2444 1166 2513 ούχ
1207 2440 1315 2509 οἶός
1343 2463 1401 2498 τε
1428 2442 1494 2518 ἦν
1523 2448 1794 2519 ὲκτρίψαι.
1829 2453 1891 2505 Oi

318 2525 373 2590 γ’
400 2520 492 2579 οὖν
535 2529 592 2580 ἐν
641 2533 1008 2601 περιουσίαις,
1057 2534 1312 2607 ἄρχοντες
1354 2539 1447 2592 καὶ
1493 2540 1754 2609 ἡγεμόνες
1796 2543 1890 2596 καὶ

319 2617 506 2690 μυρίοι
550 2620 658 2673 τῶν
701 2624 758 2675 ἐν
796 2623 960 2688 τέλει,
1002 2624 1188 2698 ὥσπερ
1231 2629 1482 2699 ἐπίτηδες
1529 2634 1594 2701 τῇ
1643 2630 1890 2702 λοιμώδει

311 2707 461 2780 νόσῳ
510 2713 642 2782 πρὸς
683 2714 776 2767 τοῦ
817 2715 976 2787 λιμοῦ
1028 2719 1529 2791 καταλελειμμένοι,
1576 2723 1750 2788 ὀξεῖαν
1794 2726 1888 2778 καὶ

313 2800 603 2874 ὠκυτάτην
629 2806 896 2877 ὑπέμενον
927 2809 1180 2880 τελευτήν
1199 2830 1212 2842 ·
1247 2811 1421 2868 πάντα
1451 2812 1494 2867 δ’
1516 2809 1608 2868 οὖν
1634 2815 1886 2888 οἰμωγῶν

309 2889 383 2965 ἦν
415 2895 656 2950 ἀνάπλεα
679 2938 692 2961 ,
731 2900 872 2954 κατὰ
913 2903 1118 2967 πάντας
1145 2922 1205 2958 τε
1238 2909 1562 2972 στενωποὺς,
1597 2909 1799 2979 ἀγοράς
1823 2927 1884 2963 τε

314 2990 409 3042 καὶ
458 2991 734 3056 πλατείας,
781 2995 887 3048 οὐδ’
916 2991 984 3067 ἦν
1033 2998 1160 3052 ἄλλο
1200 3017 1252 3052 τι
1294 2999 1536 3072 θεωρεῖν,
1582 3002 1614 3072 ἢ
1655 3001 1885 3074 θρήνους

320 3081 458 3151 μετὰ
483 3083 588 3136 τῶν
612 3086 852 3157 συνήθων
879 3090 1059 3154 αὐτοῖς
1091 3091 1265 3145 αὐλῶν
1292 3092 1400 3162 (40)
1429 3110 1486 3146 τε
1515 3095 1607 3148 καὶ
1637 3096 1875 3151 κτύπων.

317 3173 518 3228 Τοῦτον
557 3176 620 3248 δὴ
657 3179 746 3232 τὸν
787 3182 984 3251 τρόπον
1023 3183 1170 3236 δυσὶν
1199 3185 1381 3248 ὅπλοις
1412 3190 1520 3250 τοῖς
1546 3188 1880 3261 προδεδηλω-

319 3265 498 3336 μένοις
535 3268 720 3340 λοιμοῦ
752 3289 809 3324 τε
839 3274 974 3343 ὁμοῦ
1019 3276 1111 3328 καὶ
1155 3276 1312 3347 λιμοῦ
1347 3278 1457 3350 (41)
1490 3281 1821 3351 στρατεύσας
1853 3283 1882 3337 6

312 3356 561 3423 Θάνατος,
607 3362 733 3428 ὅλας
768 3367 824 3418 ἐν
863 3365 1028 3438 ὀλίγῳ
1071 3369 1262 3436 γενεὰς
1307 3371 1576 3444 ἐνεμήθη,
1621 3372 1696 3438 ὡς
1747 3375 1879 3446 όρᾷν

310 3447 412 3518 ἤδη
440 3448 582 3505 δυεῖν
607 3455 700 3506 καὶ
729 3454 894 3526 τριῶν
924 3456 1147 3526 σώματα
1176 3460 1402 3530 νεκρῶν,
1424 3462 1527 3515 ὑπὸ
1558 3463 1686 3533 μίαν
1719 3467 1878 3534 ἐκφο-

312 3538 413 3609 ρὰν
464 3542 901 3614 προκομιζόμενα
955 3547 1085 3618 (42).
1146 3549 1381 3604 Τοιαῦτα
1432 3555 1528 3622 τῆς
1575 3553 1877 3623 Μαξιμίνου

312 3632 713 3705 μεγαλαυχίας,
763 3639 852 3691 καὶ
883 3639 989 3693 τῶν
1036 3642 1176 3695 κατὰ
1213 3642 1395 3707 πόλεις
1435 3644 1557 3698 καθ’
1586 3645 1738 3716 ἡμῶν
1774 3646 1878 3719 ψη-

308 3725 592 3793 φισμάτων
630 3729 921 3801 τάπίχειρα
966 3726 1071 3801 ἦν·
1123 3733 1211 3784 ὅτε
1258 3735 1349 3786 καὶ
1396 3738 1493 3806 τῆς
1539 3736 1876 3808 Χριστιανῶν

308 3817 440 3886 περὶ
473 3817 651 3871 πάντα
684 3821 916 3892 σπουδῆς
946 3839 1006 3876 τε
1039 3822 1131 3876 καὶ
1164 3823 1442 3890 εὐσεϐείας
1471 3829 1634 3881 πᾶσιν
1670 3827 1876 3882 ἔθνεσιν

305 3906 528 3977 διὰδηλα
568 3910 801 3983 κατέστη
842 3912 909 3965 τὰ
951 3916 1242 3986 τεκμήρια.
1277 3915 1442 3969 Μόνοι
1472 3916 1602 3986 γοῦν
1638 3919 1694 3971 ὲν
1727 3919 1876 3991 τηλι-

305 3999 483 4073 καύτῃ
512 4001 694 4055 κακῶν
725 4005 1040 4075 περιστάσει
1065 4006 1124 4059 τὸ
1149 4007 1428 4078 συμπαθὲς
1457 4011 1549 4063 καὶ
1577 4009 1874 4083 φιλάνθρω-

307 4107 407 4142 πον
433 4091 612 4163 ἔργοις
641 4095 820 4158 αὐτοῖς
845 4097 1290 4168 ἐπιδεικνύμενοι,
1321 4099 1408 4154 διὰ
1439 4100 1617 4171 πάσης
1641 4103 1868 4176 ἡμέρας,

303 4183 353 4233 of
407 4185 504 4254 μὲν
550 4187 616 4256 τῇ
664 4187 771 4240 τῶν
803 4187 1138 4259 θνησκόντων
1183 4193 1465 4263 (μυριάδες
1508 4194 1552 4246 δ’
1584 4191 1757 4266 ἦσαν,
1789 4191 1872 4260 οἷς

304 4271 452 4337 οῦτις
474 4271 541 4346 ἦν
562 4279 590 4330 ό
621 4278 1099 4350 ἐπιμελησόμενος)
1129 4283 1316 4355 κηδείᾳ
1338 4300 1397 4337 τε
1424 4285 1518 4337 καὶ
1542 4288 1684 4358 ταφῇ
1712 4304 1873 4358 προσ-

303 4369 662 4441 εκαρτέρουν,
709 4375 755 4426 οί
790 4374 844 4426 δὲ
883 4374 991 4428 τῶν
1035 4375 1139 4429 ἀνὰ
1183 4379 1362 4431 πᾶσαν
1403 4379 1502 4450 τὴν
1540 4380 1694 4433 πόλιν
1733 4379 1871 4452 πρὸς

2012 525 2333 580 verecundia
2366 525 2417 580 in
2450 526 2636 591 vultu,
2670 535 2724 581 et
2754 527 2804 580 in
2853 527 3050 580 amictu
3086 527 3345 580 modestia
3367 568 3381 591 ,
3441 528 3568 580 olim

2011 615 2157 684 ipsas
2185 614 2486 670 liberaliter
2516 618 2774 671 educatas
2802 617 2970 672 fuisse
3005 617 3138 672 satis
3182 618 3472 674 iudicabat.
3505 620 3570 674 Et

2011 706 2252 762 nonnulli
2282 707 2495 776 quidem
2529 708 2666 762 aridi
2701 716 2758 762 ut
2793 707 3014 762 umbras
3051 716 3380 762 mortuorum
3419 710 3566 763 dice-

2011 816 2117 868 res,
2173 801 2548 856 deficientibus
2594 800 2800 855 viribus
2853 801 2955 854 huc
3003 799 3129 857 illuc
3170 800 3468 856 nutabu'ndi
3502 814 3564 854 ac

2009 892 2378 962 ce-‘pitantes;
2415 907 2536 946 cum
2577 907 2688 962 pra:
2722 890 3089 946 imbecillitate
3125 893 3422 946 consistere
3457 907 3562 944 non

2010 992 2248 1053 possent,
2305 985 2354 1038 in
2402 983 2598 1037 mediis
2644 981 2834 1052 plateis
2884 983 3252 1048 corruebant;
3302 981 3563 1050 pronique

2009 1074 2157 1129 butni
2213 1073 2456 1142 jacentes
2507 1083 2618 1129 toto
2670 1087 2899 1144 corpore
2959 1088 3228 1143 expanso,
3267 1073 3561 1128 'modicum

2005 1166 2164 1235 panis
2219 1165 2448 1222 frustum
2498 1167 2598 1222 sibi
2668 1167 2869 1237 porrigi
2927 1165 3256 1236 flagitabant.
3322 1164 3562 1234 Cumque

2006 1267 2306 1312 extremum
2359 1271 2494 1326 pene
2555 1259 2804 1329 spiritum
2869 1258 3152 1325 ducerent,
3210 1256 3458 1310 laborare
3505 1269 3560 1308 se

2006 1348 2182 1404 inedia
2213 1348 2662 1416 vociferabantur,
2696 1352 2761 1404 ad
2795 1350 2930 1403 hanc
2959 1349 3127 1403 solum
3151 1347 3560 1401 acerbissimam

2005 1453 2192 1492 vocem
2243 1439 2618 1509 proferendam
2687 1440 2816 1494 satis
2868 1438 3053 1492 validi.
3113 1436 3385 1504 Quotquot
3430 1451 3560 1488 vero

2004 1528 2382 1597 locupletiores
2411 1545 2532 1585 esse
2558 1531 2896 1595 videbantur,
2939 1530 3359 1584 mendicantium
3385 1528 3558 1580 inulti-

2004 1622 2189 1674 tudine
2237 1621 2631 1692 obstupefacti,
2666 1631 2949 1691 postquam
2992 1621 3276 1690 egentibus
3328 1620 3557 1689 plurima

2004 1711 2397 1781 impertierant:
2431 1713 2619 1766 durum
2660 1713 2915 1780 deinceps
2962 1722 3016 1766 et
3047 1712 3226 1766 omnis
3255 1711 3557 1765 miseratio-

1929 1795 1968 1851 Β
1999 1804 2081 1858 nis
2107 1814 2378 1874 expertem
2392 1803 2965 1869 animuminduebant;
2989 1804 3230 1857 eamdem
3251 1819 3369 1855 cum
3403 1817 3555 1857 meu-

1907 3142 1949 3200 C

1997 1895 2306 1950 dicantibus
2330 1896 2691 1950 calamitatem
2728 1896 2828 1965 ipsi
2868 1910 3082 1965 quoque
3107 1896 3255 1950 brevi
3281 1910 3337 1949 se
3361 1909 3554 1965 passu-

1998 2003 2086 2042 ros
2123 2002 2242 2043 esse
2273 1988 2647 2058 praeﬁdentes.
2677 1988 2864 2058 itaque
2896 1988 2947 2041 in
2998 1988 3173 2042 medio
3205 1990 3320 2042 foro
3367 1997 3422 2040 et
3462 2003 3555 2057 per

1996 2082 2144 2135 vicos
2167 2089 2221 2136 et
2241 2083 2577 2150 angiportus,
2608 2081 2750 2134 nuda
2780 2089 2941 2149 atque
2976 2078 3239 2147 insepulta
3289 2081 3554 2132 cadavera

1996 2173 2235 2244 pluribus
2268 2173 2458 2228 diebus
2478 2171 2729 2240 iacentia.
2757 2187 2976 2241 prorsus
3003 2169 3309 2226 miserabile
3340 2180 3554 2240 specta-

1993 2265 2171 2319 culum
2211 2262 3161 2334 intuentibuspraebebant.Qua'dam
3191 2262 3352 2318 etiam
3396 2276 3424 2315 a
3461 2276 3552 2315 ca-

1993 2357 2149 2411 nibus
2171 2357 2428 2411 dilaniata
2470 2368 2619 2413 sunt.
2662 2357 2776 2424 Qua
2807 2357 2869 2410 de
2903 2369 3064 2410 causa
3111 2354 3168 2406 lii
3212 2353 3406 2422 quibus
3439 2354 3552 2406 vita

1990 2448 2167 2502 adhuc
2191 2448 2536 2518 suppetebat,
2562 2449 2760 2517 passim
2805 2462 2969 2502 canes
2994 2445 3330 2501 'interimere
3365 2461 3548 2515 cmpe-

1988 2547 2113 2592 runt
2144 2555 2158 2603 ;
2193 2555 2259 2593 ne
2289 2538 2427 2593 forte
2455 2541 2505 2592 in
2537 2541 2741 2593 rabiem
2771 2539 2910 2593 versi
2938 2536 3088 2592 vivos
3117 2538 3352 2606 posthazc
3375 2531 3551 2592 ftomi-

1988 2643 2082 2682 nes
2109 2627 2455 2682 devorarent.
2483 2627 2699 2682 Interim
2729 2627 3031 2696 pestilentia
3079 2635 3220 2682 totas
3254 2629 3444 2681 domos
3489 2642 3549 2680 ac

1987 2718 2222 2774 familias
2248 2719 2417 2774 nihilo
2443 2723 2660 2791 segnius
2698 2719 3092 2790 depascebatur
3117 2732 3133 2771 :
3164 2718 3431 2788 przecipue
3453 2733 3547 2773 eos

1987 2810 2270 2875 invadens,
2308 2825 2464 2880 quos,
2494 2818 2678 2880 utpote
2707 2809 2916 2864 cunctis
2944 2808 3012 2863 ad
3044 2809 3241 2865 victum
3297 2825 3547 2865 necessa-

1984 2903 2082 2960 riis
2148 2902 2460 2970 aflluentes,
2527 2903 2696 2959 fames
2762 2901 3027 2957 conficere
3095 2917 3201 2955 non
3273 2911 3542 2973 potuerat.

1983 2995 2152 3066 Igitur
2206 2995 2592 3066 cpulentissimi
2652 2995 2851 3067 quique
2911 2993 3312 3066 provinciarum
3365 3003 3542 3050 recto-

1985 3103 2073 3142 res
2156 3102 2219 3140 ac
2286 3087 2584 3157 praesides,
2630 3098 2686 3141 et
2737 3101 2799 3141 ex
2865 3087 3196 3156 primoribus
3262 3086 3541 3142 civitatum

1983 3177 2387 3248 qnamplurimi,
2444 3178 2664 3246 perinde
2694 3192 2760 3233 ac
2787 3177 2829 3232 si
2872 3178 3037 3234 fames
3065 3194 3158 3236 eos
3193 3180 3256 3233 de
3277 3179 3543 3235 industria

1983 3273 2330 3328 transmissos
2357 3273 2674 3343 pestilentiae
2718 3283 3084 3342 reservasset,
3121 3273 3439 3329 acutissimo
3478 3288 3542 3328 ac

1979 3363 2322 3420 velocissimo
2355 3366 2543 3420 mortis
2584 3378 2781 3436 genere
2821 3366 3134 3420 interibant.
3183 3363 3386 3422 Cuncta
3420 3381 3543 3436 pas-

1979 3455 2080 3511 sim
2121 3454 2260 3518 loca.
2305 3455 2638 3524 angiportus,
2687 3453 2826 3520 fora,
2881 3455 3089 3524 plateae,
3143 3455 3393 3509 lamentis
3453 3471 3542 3509 re-

1979 3548 2309 3604 dundabant.
2337 3547 2518 3616 Neque
2549 3547 2690 3600 aliud
2723 3562 2946 3602 cernere
2976 3547 3170 3602 licebat
3190 3563 3349 3616 quam
3383 3547 3536 3617 lugu-

1977 3639 2101 3694 bres
2129 3639 2328 3694 naenias
2365 3653 2488 3692 cum
2539 3640 2738 3692 usitato
2779 3640 2914 3708 apud
2957 3654 3050 3694 eos
3091 3639 3342 3693 tibiarum
3375 3647 3536 3692 cantu

1978 3739 2139 3797 atque
2171 3727 2410 3797 planctu.
2440 3727 2522 3782 Ad
2552 3729 2696 3782 hunc
2725 3731 2942 3783 modum
2971 3730 3179 3782 duobus
3208 3729 3357 3782 hisce
3379 3729 3534 3796 quasi

1976 3817 2097 3872 telis
2123 3817 2282 3888 357
2323 3825 2527 3871 armata
2559 3832 2726 3883 mors,
2780 3817 2921 3873 fame
2951 3818 3199 3872 videlicet
3243 3833 3306 3873 ac
3331 3826 3484 3885 peste
3515 3857 3531 3879 ,

1974 3913 2216 3981 integras
2248 3910 2480 3965 familias
2518 3909 2664 3964 brevi
2711 3921 2952 3981 tempore
2999 3910 3232 3964 vastavit
3265 3927 3280 3964 :
3313 3912 3444 3965 adeo
3478 3917 3534 3963 ut

1974 4021 2040 4061 ex
2076 4020 2177 4058 una
2215 4004 2511 4072 eademque
2555 4002 2714 4056 domo
2758 4003 2863 4057 duo
2921 4001 3078 4057 simul
3124 4017 3190 4056 ac
3227 4001 3328 4056 tria
3371 4001 3534 4056 cada-

1971 4112 2102 4153 vera
2141 4093 2320 4150 efferri
2367 4097 2431 4149 ad
2471 4094 2801 4164 sepulturam
2848 4094 3170 4147 videremus.
3217 4092 3530 4162 Huiusmodi

1971 4189 2253 4260 praemium
2284 4185 2385 4242 fuit
2413 4185 2810 4257 superbissima:
2842 4186 2986 4240 illius
3016 4184 3288 4239 Maximini
3320 4185 3533 4256 jactan-

1973 4282 2078 4346 tiae,
2111 4291 2166 4336 et
2205 4281 2544 4334 decretorum
2577 4293 2696 4350 quae
2745 4279 2992 4333 civitates
3041 4278 3296 4331 adversus
3323 4285 3531 4331 nostros

1970 4376 2273 4431 ediderant.
2299 4373 2416 4440 Quo
2439 4372 2655 4442 quidem
2678 4378 2918 4441 tempore
2945 4369 3377 4425 Christianorum
3402 4383 3529 4437 erga

301 4458 394 4512 τοῦ
435 4460 592 4533 λιμοῦ
631 4466 1149 4537 κατατρυχομένων,
1191 4472 1288 4539 τὴν
1337 4469 1544 4542 πληθὺν
1591 4471 1694 4525 ὑπὸ
1743 4472 1872 4542 μίαν

1982 4481 2166 4521 omnes
2203 4465 2462 4520 sedulitas
2515 4477 2578 4517 ac
2637 4462 2810 4531 pietas
2855 4461 3292 4516 manifestissimo
3331 4461 3528 4514 indicio

302 4549 520 4622 σύνοψιν
547 4554 904 4627 ἀθροίζοντες,
938 4558 1133 4631 ἄρτους
1167 4560 1406 4631 διένεμον
1432 4565 1544 4626 τοῖς
1574 4566 1756 4629 πᾶσιν,
1788 4564 1864 4628 ὡς

301 4644 621 4718 περιῦόητον
667 4650 750 4712 εἰς
800 4651 1006 4715 πάντας
1053 4649 1372 4723 ἀνθρώπους
1426 4655 1756 4724 καταστῆναι
1803 4654 1863 4708 τὸ

370 4819 482 4890 (40)
519 4819 681 4875 Μετὰ
709 4820 826 4875 τῶν
846 4822 1129 4888 συνήθων
1171 4825 1376 4891 αὐτοῖς
1416 4825 1639 4882 αὐλῶν.
1675 4825 1864 4880 Genti-

301 4889 428 4943 lium
459 4889 722 4945 cadavera
753 4908 874 4946 cutn
904 4893 1155 4948 tibiarum
1186 4906 1240 4949 et
1267 4889 1560 4949 naeniarum
1595 4907 1755 4950 cantu
1779 4897 1862 4948 ef-

302 4959 632 5033 ferebantur.
661 4961 831 5027 Qnam
857 4964 910 5015 in
943 4979 1055 5016 rem
1086 4966 1328 5033 przeflcas
1360 4966 1630 5019 habebant
1658 4977 1709 5018 et
1739 4967 1862 5020 siti-

300 5029 469 5094 cines,
499 5029 566 5084 de
615 5033 812 5098 quibus
864 5035 1044 5087 notavi
1084 5029 1150 5087 ad
1200 5036 1378 5088 Amm.
1433 5035 1730 5090 Marcellini
1791 5036 1858 5089 li-

299 5099 453 5152 brum
506 5115 613 5174 xiv.
655 5101 882 5174 Fallitur
922 5106 1118 5174 itaque
1155 5103 1717 5173 Cltristopltorsouus,
1763 5107 1857 5174 qui

299 5170 558 5238 prouecti
582 5169 687 5224 hoc
713 5173 832 5226 loco
869 5169 1147 5227 substituit
1169 5175 1308 5229 ἀντί.
1345 5169 1438 5229 Sic
1470 5177 1612 5230 enim
1641 5169 1805 5230 vertit
1840 5195 1853 5231 :

304 5256 322 5289 ι
356 5237 729 5320 .Nequealiud
777 5241 1069 5310 quidquam
1110 5258 1363 5320 spectare
1411 5246 1605 5300 licebat
1635 5285 1650 5309 ,
1692 5262 1855 5314 quam

299 5310 637 5381 miserabiles
663 5310 836 5374 fletus,
867 5326 1005 5380 quos
1033 5310 1416 5381 pro’tibiarum
1447 5326 1608 5369 cantu
1636 5325 1689 5369 et
1709 5310 1856 5370 istre-

296 5379 416 5498 gilii.
436 5379 565 5446 ipsis
595 5380 646 5435 in
679 5397 828 5436 more
856 5379 1357 5450 pusituedidertittt.
1389 5403 1408 5437 ι
1445 5385 1548 5440 Sed
1578 5387 1852 5457 vulgatam

339 5458 634 5498 crtoturam
677 5466 866 5498 omnes
923 5455 1113 5498 scrimi
1165 5455 1400 5498 collines-
1439 5455 1659 5498 incanum
1717 5456 1852 5498 mlnn

339 5455 634 5527 criptitraut
677 5466 866 5506 omnes
923 5455 1115 5523 scripti
1165 5455 1403 5522 codices,
1438 5455 1853 5527 ipseque—adeo

295 5515 629 5582 Nicepliorus
665 5529 904 5575 tuentur.

364 5587 736 5664 (ξηροιμοῦ
764 5590 1002 5664 meum?
1041 5592 1138 5648 καὶ
1177 5595 1377 5664 λιμοῦ.
1423 5595 1477 5649 In
1511 5595 1668 5652 codd.
1713 5594 1852 5649 Fuk.

293 5667 361 5738 et.
383 5657 551 5738 Savil:
573 5657 809 5738 legitur:
839 5657 1012 5734 λοιμῷ
1045 5679 1102 5716 τε
1132 5657 1266 5736 ὁμοῦ
1298 5667 1388 5720 καί
1406 5665 1568 5737 λιμῷ,
1594 5668 1734 5737 quod
1771 5681 1853 5721 rc-

293 5729 432 5783 ctius
455 5729 589 5784 mihi
623 5729 852 5786 videtur.

1970 4558 2236 4614 universis
2260 4555 2547 4627 gentilibus
2585 4553 3056 4623 inuotuit.Qnippe
3082 4554 3133 4608 bi
3163 4553 3259 4608 soli
3288 4555 3338 4607 in
3367 4562 3443 4608 tot
3464 4566 3528 4606 ac

1969 4652 2134 4707 tantis
2161 4649 2558 4706 calamitatibus
2579 4645 2960 4703 misericordia:
2985 4653 3146 4714 atque
3173 4644 3527 4699 humanitatis

2035 4821 2378 4896 (42)-ξΥθτὸ⁸
2387 4821 2542 4896 μίαν
2593 4819 2864 4896 {lagopgjm
2896 4819 3390 4896 προκοίιςζόμενα,
3437 4819 3528 4896 Sic

1964 4889 2139 4949 codd;
2167 4893 2332 4952 Μαι..
2357 4889 2497 4946 Med.
2530 4901 2581 4962 et
2609 4890 2741 4943 Fuk.
2771 4889 2918 4960 Vulg.
2939 4889 3299 4962 νομιζόμενα.
3361 4892 3527 4944 Paulo

1963 4975 2082 5030 post
2107 4965 2224 5033 lego
2257 4978 2377 5017 eum
2427 4961 2921 5033 Christopborsonu
2954 4961 3080 5032 περὶ
3116 4962 3320 5022 πάντας
3355 4977 3525 5014 σπου-

1961 5035 2079 5106 δῆς.
2105 5031 2368 5106 Caeterum
2399 5031 2538 5106 quod
2574 5032 2660 5085 hic
2683 5032 2748 5084 de
2775 5031 3047 5106 sepultura
3087 5035 3409 5106 cadaverum
3442 5045 3523 5106 re-

1962 5101 2156 5166 fertur,
2190 5102 2322 5156 satis
2352 5102 2551 5156 iudicat
2593 5115 2792 5153 morem
2826 5101 2973 5154 illum
3029 5103 3303 5155 cremandi
3355 5103 3520 5154 cada-

1958 5190 2084 5227 vera
2117 5188 2182 5228 eo
2213 5181 2450 5237 tempore
2504 5170 2716 5239 penitus
2768 5169 3099 5225 obliteratum
3163 5173 3330 5224 fuisse
3375 5171 3518 5233 apud

1957 5241 2431 5317 flatnanos._Quod
2452 5241 2666 5317 quando
2699 5241 2928 5308 primum
2963 5243 3222 5317 coeperit,
3272 5239 3521 5317 difficilli-

1957 5329 2101 5367 mum
2134 5323 2215 5367 est
2243 5312 2444 5365 dicere.
2485 5310 2745 5364 Videntur
2774 5319 2952 5364 tamen
3001 5327 3027 5363 ιι
3058 5309 3257 5366 Judzeis
3287 5309 3522 5363 et‘Cbri-

1957 5384 2146 5438 Stiauis
2181 5384 2322 5435 hunc
2349 5394 2552 5434 morem
2585 5379 2844 5449 paulatim
2881 5381 3126 5434 hausisse
3151 5378 3378 5449 Rﬂlllalll
3402 5419 3417 5442 ,
3453 5380 3518 5430 de

1955 5468 2063 5519 quo
2087 5452 2314 5520 insignis
2341 5461 2426 5504 est
2472 5447 2620 5502 locus
2651 5449 2904 5502 Mat-robii
2939 5453 2988 5503 in
3015 5451 3109 5503 lib.
3140 5465 3213 5502 vn
3255 5447 3518 5520 Saturna-

1956 5516 2106 5588 lium,
2134 5516 2254 5590 cap.
2289 5523 2319 5574 7
2350 5538 2364 5575 :
2396 5539 2414 5572 ι
2453 5520 2652 5574 Deinde
2702 5520 2827 5590 licet
2861 5522 3046 5590 uremli
3073 5533 3293 5590 corpora
3326 5516 3517 5570 defun-

1952 5604 2164 5646 ctorum
2193 5589 2323 5645 usus
2357 5601 2542 5644 nostro
2573 5589 2767 5643 sarculo
2794 5589 2971 5642 nullus
3003 5590 3094 5650 sit,
3141 5589 3301 5642 lectio
3338 5598 3514 5639 tamen

1952 5666 2131 5725 docet,
2165 5676 2229 5716 eo
2259 5672 2496 5728 tempore
2518 5676 2623 5730 quo
2657 5659 2764 5729 igni
2809 5660 2925 5714 dari
2959 5659 3129 5715 bonos
3160 5657 3387 5712 mortuis
3416 5659 3518 5712 lxa-

1951 5731 2202 5796 bebatur,
2231 5751 2249 5783 »
2285 5741 2393 5786 etc.
