4132 6406
694 376 801 446 819

1405 373 1683 432 EUSEBII
1721 374 2202 431 CESARIENSIS
2239 373 2388 431 OPP.
2429 373 2606 431 PARS
2644 373 2687 429 ι.
2723 405 2789 417 -—
2831 372 3222 431 HISTORICA.
3860 376 3949 429 διο

693 496 870 565 omnia
907 495 1068 549 rebus
1096 492 1228 564 ipsis
1266 492 1612 558 exhibentes,
1653 492 1897 562 quotidie
1947 492 2145 561 partim
2174 508 2242 548 cu

2368 496 2617 565 πρᾶγμα,
2648 491 2780 545 Θεόν
2808 508 2868 545 τε
2898 490 3008 545 τῶν
3034 488 3372 563 Χριστιανῶν
3405 486 3692 556 δοξάζειν,
3732 487 3949 557 εὐσεϐεῖς

694 587 880 652 randis
910 600 974 641 ac
1001 585 1326 656 sepeliendis
1352 595 1691 639 mortuorum
1717 585 2070 639 cadaveribus
2100 598 2263 640 vaca-

693 675 844 730 bant.
870 674 1236 741 Moriebantur
1262 684 1442 727 autem
1481 675 1532 728 in
1566 675 1680 729 dies
1709 674 2000 740 innumeri,
2029 690 2260 745 quorum

694 779 852 829 nemo
882 779 1070 827 curam
1128 765 1374 839 gerebat,
1429 763 1631 821 Partim
1668 765 1922 820 omnibus
1967 774 2078 820 tota
2126 766 2262 821 urbe

691 860 876 932 egenis
909 860 999 930 qui
1023 860 1165 919 fame
1193 858 1635 929 opprimebantur
1660 859 1712 914 in
1736 875 1902 915 unum
1930 861 2259 926 convocatis,

691 968 863 1024 panes
890 953 1118 1023 singulis
1169 950 1480 1007 dividebant
1513 969 1528 1005 :
1560 953 1693 1007 adeo
1743 961 1803 1007 ut
1849 968 1970 1008 cum
2001 954 2158 1022 hujus
2182 955 2259 1009 rei

689 1045 835 1103 [auia
880 1046 1091 1105 crebris
1137 1046 1420 1101 hominum
1472 1045 1817 1101 sermonibus
1868 1046 2258 1113 divulgaretur,

688 1136 873 1195 cuncti
917 1135 1358 1197 Christianorum
1409 1137 1577 1191 Deum
1617 1135 1843 1190 summis
1879 1135 2127 1191 laudibus
2157 1152 2258 1192 ex-

692 1228 962 1299 tollerent,
1006 1243 1208 1298 eosque
1244 1228 1389 1285 solos
1442 1229 1558 1300 pios
1617 1228 1710 1285 Dei
1754 1228 1993 1284 cultores
2034 1245 2093 1283 re
2142 1230 2258 1299 ipsa

687 1331 742 1382 et
794 1320 954 1377 factis
995 1322 1376 1392 comprobatos
1428 1336 1551 1378 esse
1598 1322 1920 1376 faterentur.
1971 1320 2101 1394 Quae
2131 1322 2256 1377 dum

687 1415 760 1472 ita
806 1423 1099 1485 geruntur,
1148 1430 1382 1485 magnus
1437 1412 1526 1468 ille
1580 1428 1648 1469 ac
1702 1412 1936 1469 caelestis
1990 1414 2258 1469 Christia«

686 1519 877 1563 norum
916 1514 1283 1575 propugnator
1311 1505 1471 1569 Deus,
1490 1505 1580 1574 qui
1609 1519 1705 1574 per
1744 1519 1906 1574 supra
1933 1494 2257 1563 memoratas

684 1596 1021 1657 Calamitates
1045 1598 1180 1653 iram
1200 1606 1361 1667 atque
1378 1598 1800 1667 indignationem
1820 1612 1972 1655 suam
1996 1598 2255 1652 adversus

681 1697 911 1752 cunctos
940 1690 1197 1746 mortales
1221 1691 1289 1745 ob
1311 1692 1373 1744 ea
1399 1705 1519 1760 qua:
1545 1699 1733 1745 contra
1772 1705 1869 1746 nos
1900 1689 2106 1746 nefarie
2136 1704 2256 1761 gesc

680 1782 899 1850 sissent,
945 1784 1079 1839 satis
1113 1797 1388 1852 superque
1429 1782 1831 1851 declaraverat,
1866 1782 2112 1853 benigna:
2140 1795 2253 1836 suae

2363 602 2424 638 τε
2450 585 2544 639 καὶ
2576 584 2768 655 μόνους
2794 583 3065 655 θεοσεϐεῖς
3088 585 3312 646 τούτους
3333 580 3593 652 άληθῶς,
3627 580 3765 652 πρὸς
3791 582 3948 635 αὐτῶν

2364 676 2719 746 ἐλεγχθέντας
2735 676 2841 730 τῶν
2876 677 3211 748 πραγμάτων
3227 675 3549 747 ὁμολογεῖν.
3593 673 3713 742 Ἐφ’
3738 666 3817 736 οἷς
3840 673 3948 728 τοῦ·

2362 784 2452 820 τον
2488 766 2920 838 ἐπιτελουμένοις
2946 767 3038 819 τὸν
3063 766 3283 837 τρόπον,
3310 768 3340 819 ό
3373 764 3566 837 μέγας
3596 764 3695 819 καὶ
3724 765 3949 835 οὐράνιος

2362 859 2699 931 Χριστιανῶν
2739 859 3053 931 ὐπὲρμαχος
3077 858 3208 922 Θεὸς
3232 901 3245 922 ,
3289 859 3391 928 τὴν
3425 857 3582 910 κατὰ
3622 857 3838 910 πάντων
3867 859 3948 911 ἁν-

2362 949 2594 1022 θρώπων
2620 951 2709 1004 διὰ
2739 952 2844 1006 τῶν
2873 952 3257 1022 δεδηλωμένων
3284 948 3721 1020 ἐπιδειξάμενος
3742 949 3945 1022 ἀπειλὴν

2361 1047 2455 1099 καὶ
2491 1047 2888 1116 ἀγανάκτησιν,
2924 1044 3040 1098 ἀνθ’
3068 1039 3142 1099 ὧν
3182 1047 3261 1108 εἰς
3303 1044 3463 1115 ἡμᾶς
3514 1041 3947 1113 ὑπερϐαλλόντως

2360 1138 2709 1203 ἐνεδείξαντο,
2748 1139 2848 1210 τὴν
2881 1138 3081 1210 εὐμενῆ
3113 1138 3207 1191 καὶ
3236 1136 3480 1208 φαιδρὰν
3508 1136 3615 1205 τῆς
3645 1135 3809 1195 αὐτοῦ
3837 1137 3945 1207 περὶ

2359 1230 2506 1299 ἡμᾶς
2544 1228 2800 1299 προνοίας
2846 1225 3001 1292 αὖθις
3052 1230 3184 1299 ἡμῖν
3238 1228 3416 1299 αὐγὴν
3463 1226 3757 1287 ἀπεδίδου,
3795 1226 3866 1291 t‘u;
3896 1230 3944 1282 ἐν

2359 1318 2514 1389 βαθεί
2545 1319 2720 1390 σκότῳ
2761 1319 3166 1391 παραδοξότατα
3218 1318 3335 1389 φῶς
3379 1319 3528 1389 ἡμῖν
3567 1317 3630 1383 ἐξ
3663 1317 3826 1374 αὐτοῦ
3857 1336 3941 1371 κα-

2292 1427 2309 1449 ·
2356 1410 2655 1481 ταλάμπων
2696 1413 2938 1483 εἰρήνης,
2977 1411 3212 1480 ἐκφανές
3237 1428 3297 1464 τε
3337 1415 3461 1475 τοῖς
3494 1413 3642 1462 πᾶσι
3678 1408 3939 1474 καθιστὰς,

2356 1503 2488 1556 Θεὸν
2535 1503 2699 1557 αὐτὸν
2748 1502 2857 1556 τῶν
2903 1502 3025 1556 καθ’
3066 1506 3214 1575 ἡμᾶς
3257 1504 3573 1557 ἐπίσκοπον
3628 1501 3720 1557 διὰ
3764 1504 3941 1567 παντὸς

2356 1593 2632 1661 γεγονέναι
2669 1593 3029 1665 πραγμάτων,
3076 1593 3404 1665 μαστίξοντα
3446 1595 3558 1665 μὲν
3593 1594 3692 1647 καὶ
3733 1592 3820 1647 διὰ
3847 1593 3938 1647 τῶν

2355 1686 2727 1755 περιστάσεων
2768 1685 2909 1740 κατὰ
2959 1686 3148 1757 καιρὸν
3197 1686 3617 1759 ἐπιστρέφοντα
3662 1686 3756 1740 τὸν
3794 1684 3935 1741 αὐτοῦ

2353 1776 2500 1840 λαὸν,
2530 1777 2689 1832 πάλιν
2718 1780 2766 1832 τ’
2793 1774 2860 1832 αὐ
2896 1778 3036 1850 μετὰ
3061 1778 3159 1851 τὴν
3191 1780 3440 1852 αὐτάρκη
3483 1778 3769 1842 παιδείαν,
3801 1776 3937 1831 ἰλεων

678 1884 808 1939 erga
851 1884 949 1932 nos
986 1871 1343 1942 providentia:
1398 1870 1805 1926 serenissimam
1863 1872 2037 1927 lucem
2100 1870 2242 1926 nobis

2353 1870 2449 1925 καὶ
2477 1870 2679 1942 εὐμενῆ
2712 1873 2827 1936 τοῖς
2858 1872 2939 1935 είς
2975 1871 3138 1928 αὐτὸν
3176 1870 3276 1937 τὰς
3312 1870 3549 1935 ἐλπίδας
3576 1869 3800 1942 ἔχουσιν
3824 1872 3935 1925 dm

678 1962 953 2027 restituit,
1028 1963 1175 2026 velut
1244 1963 1296 2027 in
1354 1963 1695 2020 densissimis
1759 1961 1999 2021 tenebris
2056 1971 2252 2032 praeter

675 2059 918 2114 omnium
947 2060 1408 2129 exspectationem
1436 2062 1584 2131 pacis
1601 2074 1714 2116 sum
1736 2060 2071 2129 splendidum
2094 2058 2256 2128 iubar
2312 2059 2467 2114 nobis
2513 2059 2809 2115 ostendens
2866 2076 2883 2114 :

2357 1962 2697 2033 φαινόμενον.

2940 2068 2994 2115 et
3026 2057 3276 2114 omnibus
3317 2058 3684 2130 apertissime
3734 2059 3928 2112 demon-

675 2159 878 2216 strans,
910 2149 1082 2206 Deum
1124 2153 1294 2223 ipsum
1326 2167 1507 2217 rerum
1567 2163 1883 2215 nostrarum
1939 2153 2296 2228 inspectorem
2328 2186 2329 2189 η
2358 2160 2415 2208 et
2444 2152 2859 2223 gubernatorem
2896 2162 3154 2224 perpetuo
3182 2153 3481 2220 exstitisse,
3526 2152 3629 2223 qui
3692 2151 3925 2221 populum

673 2259 827 2299 suum
889 2245 1161 2303 interdum
1208 2249 1427 2318 quidem
1485 2250 1735 2322 castiget,
1780 2258 1835 2304 et
1869 2250 2037 2315 variis
2090 2250 2332 2305 cladibus
2369 2249 2631 2318 corripiat
2666 2265 2897 2306 :rnrsus
2952 2265 3081 2305 vero
3130 2259 3251 2320 post
3287 2244 3660 2306 sufﬁcientem
3710 2247 3927 2303 animati

671 2339 984 2397 versionem
1016 2343 1309 2415 propitium
1340 2359 1399 2398 se
1434 2359 1496 2400 ac
1523 2344 1812 2415 benignum
1840 2359 1965 2416 erga
1990 2359 2085 2401 eos
2108 2344 2343 2417 praebeat
2397 2343 2490 2415 qui
2525 2357 2676 2414 spem
2709 2342 2761 2398 in
2792 2343 2910 2415 ipso
2933 2343 3363 2399 collocaverunt.

1287 2456 1517 2514 CAPUT
1556 2458 1647 2514 IX.

670 2548 752 2622 De
814 2550 1028 2604 interitu
1073 2560 1416 2621 tyrannorum
1468 2567 1488 2604 :
1533 2561 1580 2605 et
1628 2551 1821 2621 quibus
1865 2552 2031 2614 verbis
2081 2551 2243 2623 paulo

1127 2629 1251 2675 ante
1277 2630 1494 2676 mortem
1516 2633 1640 2678 sunt
1676 2624 1780 2677 usi.

741 2782 876 2847 Cum
911 2783 1078 2852 igitur
1123 2782 1532 2852 Constantinus,
1558 2800 1718 2856 quem
1764 2785 2145 2856 imperatorem
2170 2802 2236 2842 ex

669 2873 1018 2944 imperatore,
1046 2876 1190 2947 pium
1216 2892 1282 2933 ex
1310 2876 1553 2947 piissimo
1598 2892 1661 2932 ac
1712 2876 2110 2934 modestissimo
2144 2894 2240 2950 pa-

668 2975 825 3034 rente
866 2978 1184 3038 prognatum
1242 2983 1365 3031 esse
1415 2970 1530 3041 jam
1603 2970 1862 3036 diximus,
1897 2982 1951 3026 et
2012 2973 2235 3028 secundi

670 3067 792 3138 post
815 3073 937 3123 eum
979 3058 1082 3115 loci
1124 3060 1386 3128 Licinius,
1444 3062 1727 3134 prudentia
1764 3062 1924 3119 simul
1952 3080 2015 3119 ac
2040 3066 2237 3134 pietate

665 3151 969 3220 conspicui,
1011 3154 1080 3211 ab
1118 3154 1360 3216 omnium
1400 3170 1528 3224 rege
1568 3171 1633 3210 ac
1678 3166 1953 3222 servatore
1994 3159 2102 3214 Deo
2134 3159 2240 3215 duo

668 3242 1062 3315 religiosissimi
1091 3247 1353 3313 adversus
1385 3246 1552 3325 358
1584 3249 1718 3305 duos
1760 3249 2116 3320 impiissimos
2153 3260 2238 3323 ty-

666 3361 869 3406 rannos
903 3352 1125 3406 excitati
1174 3351 1433 3420 fuissent;
1478 3354 1666 3424 prtelio
1705 3357 2008 3428 congressi,
2039 3356 2239 3411 auxilio

667 3453 836 3506 divini
875 3456 1113 3511 numinis
1139 3455 1530 3516 ConStantinus
1552 3460 1768 3528 quidem
1820 3458 2150 3521 Maxentium
2184 3464 2237 3518 in

667 3545 804 3600 urbe
848 3546 1013 3601 Roma
1055 3560 1251 3618 prater
1279 3551 1525 3607 omnium
1559 3552 1866 3621 Opinionem
1919 3566 2235 3624 superatum

665 3638 888 3694 occidit.
917 3640 1244 3697 Maximinus
1286 3658 1418 3702 vero
1456 3643 1693 3700 Orientis
1717 3648 1982 3716 tyrannis,
2009 3662 2115 3701 non
2146 3648 2234 3705 diu

664 3742 789 3801 post
840 3730 1097 3788 Maxentii
1159 3734 1359 3790 caedem
1402 3751 1433 3794 a
1478 3736 1692 3792 Licinio
1747 3738 1839 3808 qui
1889 3738 2124 3794 nondum
2180 3741 2235 3794 in

664 3832 911 3893 apertam
960 3826 1235 3880 vesaniam
1287 3838 1542 3898 eruperat
1598 3829 1867 3895 devictus,
1923 3831 2234 3901 turpisaimo

664 3917 856 3971 mortis
889 3932 1086 3987 genere
1117 3920 1391 3974 occubuit.
1422 3919 1619 3976 Verum
1652 3924 1802 3992 prior
1826 3922 2232 3987 Constantinus,

664 4011 756 4079 qui
785 4011 948 4065 etiam
981 4012 1204 4067 honoris
1229 4017 1590 4085 praerogativa
1613 4025 1668 4071 et
1690 4017 1901 4086 imperii
1927 4018 2094 4087 gradu
2119 4018 2232 4086 pri.-

661 4115 811 4155 mum
843 4101 1018 4156 locum
1049 4103 1349 4169 obtinebat,
1379 4104 1747 4160 Romanorum
1776 4109 1867 4174 qui
1909 4107 2231 4175 gravissima

664 4191 950 4262 tyrannide
978 4205 1352 4261 premerentur
1404 4198 1581 4251 vicem
1615 4198 1909 4255 miseratus
1933 4240 1949 4265 ,
1995 4199 2234 4256 caelestis

662 4285 759 4339 Dei
788 4287 1029 4353 numine,
1089 4288 1312 4357 ejusque
1352 4288 1491 4344 Filio
1514 4306 1579 4345 ac
1622 4292 1799 4351 Verbo
1826 4294 2066 4351 omnium
2096 4293 2229 4348 Ser-

662 4384 853 4432 vatore
898 4376 1022 4432 Jesu
1064 4379 1286 4435 Christo
1336 4383 1388 4434 in
1424 4382 1683 4442 auxilium
1733 4384 2048 4454 suppliciter
2075 4385 2229 4442 invo-

661 4479 946 4535 catomum
980 4472 1233 4527 universo
1272 4474 1514 4531 exercitu
1548 4491 1866 4542 progressus
1888 4486 1993 4539 est,
2011 4492 2075 4532 eo
2097 4493 2230 4533 con-

660 4566 783 4622 silio
819 4576 876 4620 ut
912 4565 1171 4624 Romanis
1203 4569 1508 4626 libertatem
1542 4588 1706 4642 quam
1738 4589 1766 4625 a
1810 4574 2104 4641 majoribus
2134 4590 2230 4630 ac-

661 4667 937 4727 ceperant,
988 4658 1295 4715 interventu
1354 4677 1453 4719 suo
1503 4666 1834 4722 restitueret.
1893 4666 2063 4729 Porro
2102 4683 2227 4727 cum
2261 4664 2305 4721 D

658 4750 988 4815 Maxentius,
1032 4755 1364 4823 magicarutn
1434 4758 1633 4811 artium
1706 4759 1990 4829 praestigiis
2059 4760 2231 4831 magis

657 4875 819 4929 quam
855 4861 1194 4929 subditorum
1230 4863 1602 4919 benevolentia
1626 4863 1885 4931 confisus,
1913 4881 1978 4933 ne
2006 4865 2226 4935 quidem

655 4975 811 5023 extra
856 4965 1004 5023 urbis
1049 4978 1236 5039 portas
1270 4969 1518 5040 progredi
1576 4970 1799 5026 auderet
1829 4991 1843 5027 :
1875 4981 2068 5031 cuncta
2098 4986 2226 5032 vero

656 5074 711 5141 in
741 5075 967 5132 circuitu
1014 5078 1168 5133 urbis
1199 5077 1386 5149 Romae
1414 5092 1479 5136 ac
1505 5078 1671 5135 totius
1709 5079 1874 5136 Italiae
1906 5080 2047 5147 loca,
2071 5079 2229 5151 oppi-

725 5245 840 5315 (45)
869 5245 924 5300 1η
956 5247 1212 5303 omnibus
1232 5247 1512 5304 codicibus
1544 5245 1866 5316 transpositi
1893 5254 2051 5302 erant
2079 5246 2221 5305 tituli

651 5316 914 5386 capitum,
938 5328 990 5371 et
1015 5319 1174 5384 capiti
1201 5317 1235 5372 9
1263 5316 1505 5385 adjectus
1525 5329 1645 5373 erat
1680 5318 1869 5372 titulus
1910 5317 2001 5386 qui
2027 5318 2223 5388 capitis

653 5384 723 5442 ιο
753 5401 875 5442 esse
903 5387 1201 5443 debuerat:
1237 5399 1425 5442 contra
1460 5388 1626 5443 capiti
1669 5386 1738 5443 i0
1785 5387 2124 5443 tribuebatur
2174 5388 2222 5443 is

653 5389 723 5442 10
753 5401 875 5442 esse
903 5389 1201 5450 debuerat;
1237 5399 1425 5442 contra
1460 5389 1626 5458 capiti
1669 5389 1738 5443 i0
1785 5389 2124 5451 tribuebatur
2174 5389 2222 5455 is

651 5457 746 5525 qui
777 5458 1032 5527 proprius
1067 5468 1188 5511 erat
1214 5457 1410 5526 capitis
1442 5457 1498 5514 9.
1554 5457 1710 5514 Hunc
1735 5472 1978 5513 errorem
2010 5458 2064 5514 in
2095 5474 2222 5522 ver-

650 5528 810 5585 sione
838 5537 1022 5581 nostra
1074 5529 1584 5583 emendaveramus.

721 5596 844 5669 (44)
873 5597 1196 5669 Γεγονέναι
1223 5598 1677 5669 προειρήκαμεν.
1706 5599 1834 5656 Post
1860 5601 1960 5657 has
1983 5614 2143 5656 voces
2174 5599 2225 5652 in

648 5667 1003 5739 vetustissim.
1058 5669 1217 5739 codd.
1262 5668 1397 5723 Maz.
1450 5680 1505 5730 et
1545 5667 1696 5737 Med.
1750 5673 1865 5726 haec
1924 5679 2227 5739 sequuntur

650 5736 809 5811 verba
838 5754 853 5791 :
875 5737 1147 5811 Λικιννίου
1178 5755 1238 5793 τε
1260 5739 1353 5811 τοῦ
1388 5742 1506 5811 μετ’
1532 5736 1693 5795 αὐτὸν
1719 5741 1933 5795 συνέσει
1960 5736 2055 5806 καὶ
2078 5739 2228 5811 εὐσε-

652 5803 773 5895 βείᾳ
807 5808 1205 5893 τετιμημένων,
1251 5803 1400 5895 πρὸς
1420 5810 1514 5864 τοῦ
1560 5811 1948 5884 παμϐασιλέως
1980 5803 2115 5877 Θεοῦ
2162 5803 2223 5863 τε

2873 2460 3269 2525 ΚΕΦΑΛΛΙΟΝ
3313 2461 3390 2515 Θ¹.

2348 2551 2507 2623 Περί
2527 2550 2640 2621 τῆς
2667 2551 2788 2607 τῶν
2814 2551 3124 2623 τυράννων
3153 2552 3593 2623 καταστροφῆς
3631 2552 3740 2623 τοῦ
3769 2552 3916 2622 βίον,

2417 2622 2516 2695 καί
2565 2625 2719 2695 οἵαις
2744 2622 3098 2695 κέχρήονανξο
3150 2623 3267 2695 πρό
3311 2623 3422 2691 τῆς
3462 2622 3773 2693 τελευτῆς
3814 2642 3916 2695 φωρ

2414 2693 2548 2759 ναῖς
2583 2694 2692 2765 (ιδ)
2720 2693 2857 2765 (Nic.
2899 2693 2966 2748 η.
3004 2692 3071 2747 E.
3095 2709 3189 2761 vn,
3211 2694 3425 2764 εει-δι).

2416 2784 2572 2839 Οὖτω
2616 2785 2679 2858 δὴ
2709 2786 3146 2849 Κωνσταντίνου,
3181 2786 3239 2839 ὃν
3270 2785 3501 2857 βασιλέα
3534 2788 3604 2841 ἐκ
3652 2785 3913 2858 βασιλέως,

2345 2876 2542 2948 εὐσεϐῆ
2570 2895 2630 2931 τε
2660 2876 2719 2944 ἐξ
2741 2876 3127 2931 εὐσεϐεστάτου
3150 2879 3245 2932 καὶ
3273 2880 3451 2932 πάντα
3483 2877 3909 2949 σωφρονεστάτην

2344 2971 2626 3039 γεγονέναι
2664 2972 3071 3043 προειρήκαμεν
3112 2971 3245 3043 (44),
3280 2972 3563 3025 Λικιννίου
3596 2988 3658 3024 τε
3686 2970 3779 3023 τοῦ
3808 2970 3907 3041 μετ’

2345 3062 2507 3116 αὐτὸν
2552 3063 2763 3116 συνέσει
2813 3065 2904 3116 καὶ
2941 3062 3191 3135 εὐσεϐείᾳ
3234 3064 3624 3135 τετιμημένων
3670 3064 3799 3134 πρὸς
3828 3059 3906 3115 τοῦ

2347 3153 2735 3225 παμϐασιλέως
2781 3155 2915 3208 Θεοῦ
2958 3172 3017 3209 τε
3050 3154 3159 3208 τῶν
3201 3154 3337 3208 ὅλων
3372 3156 3469 3209 καὶ
3514 3154 3786 3226 Σωτῆρος,
3827 3151 3905 3205 δύο

2346 3245 2608 3312 θεοφιλῶν
2648 3246 2789 3300 κατὰ
2841 3246 2951 3300 τῶν
3007 3246 3101 3307 δύο
3159 3246 3603 3301 δυσσεϐεστάτων
3653 3245 3904 3317 τυράννοιν

2341 3339 2814 3410 άνεγηγερμένων,
2851 3339 3088 3410 πολέμου
3128 3356 3188 3393 τε
3228 3341 3377 3410 νόμῳ
3423 3336 3898 3411 παραταξαμένων.

2339 3429 2476 3485 Θεοῦ
2543 3431 2953 3503 συμμαχοῦντος
3005 3433 3209 3495 αὐτοῖς,
3265 3432 3683 3503 παραδοξότατα
3735 3428 3899 3485 πίπτει
3956 3480 3963 3489 κ

2343 3523 2441 3594 μὲν
2481 3524 2571 3576 ἐπὶ
2624 3522 2837 3595 Ῥώμης
2864 3523 2970 3576 ὐπὸ
3002 3524 3412 3585 Κωνσταντίψῳ
3459 3521 3781 3589 Μαξέντιος,
3811 3519 3837 3570 ὁ
3857 3516 3894 3569 δ’

2338 3615 2425 3669 ἐπ’
2486 3616 2775 3687 Ἀνατολῆς
2825 3617 2885 3669 οὐ
2932 3616 3098 3669 πολὺν
3155 3614 3419 3685 ἐπιζήσας
3451 3615 3651 3682 ἐκείνῳ
3707 3611 3893 3683 χρόνον,

2338 3710 2601 3781 αἰσχίστῳ
2642 3710 2736 3763 καὶ
2768 3709 2928 3772 αὐτὸς
2968 3709 3073 3761 ὑπὸ
3107 3709 3400 3773 Λικιννίου,
3452 3708 3610 3762 οῦπω
3658 3704 3892 3777 μανέντας

2335 3801 2492 3865 τότε,
2523 3801 2884 3872 καταστρέφει
2926 3800 3159 3870 Θανάτῳ.
3196 3800 3467 3872 Πρότερός
3501 3816 3567 3869 γε
3612 3798 3718 3869 μὴν
3746 3796 3773 3846 ὁ
3813 3791 3892 3845 καὶ

2333 3895 2465 3964 τιμῇ
2497 3893 2590 3946 καί⁵
2614 3891 2764 3957 τάξει
2795 3891 2897 3962 τῆς
2923 3891 3197 3962 βασιλείας
3235 3892 3449 3964 πρῶτος
3482 3889 3884 3947 Κωνσταντῖνος,

2333 3983 2442 4036 τῶν
2482 3984 2575 4037 ἐπὶ
2627 3983 2846 4055 Ῥώμης
2887 3983 3471 4056 κατατυραννουμένων
3508 3981 3675 4054 φειδὼ
3706 3975 3885 4036 λαόὼνν

2334 4076 2465 4129 Θεὸν
2508 4077 2599 4129 τὸν
2650 4058 2917 4147 οὐράνιον,
2958 4075 3046 4129 τόν
3078 4093 3138 4129 τε
3173 4076 3361 4128 τούτου
3410 4076 3604 4145 Λόγον,
3640 4070 3790 4127 αὐτὸν
3832 4066 3883 4134 δὴ

2332 4169 2423 4222 τὸν
2466 4168 2682 4222 πάντων
2711 4169 2938 4241 Σωτῆρα
2994 4166 3200 4240 Ἰησοῦν
3241 4167 3474 4239 Χριστὸν
3513 4166 3789 4235 σύμμαχον
3825 4154 3882 4209 δι’

2332 4259 2505 4329 εὐχῶν
2561 4258 3072 4328 ἐπικαλεσάμενος..
3106 4244 3707 4328 πρόεισιπανστρατιᾷ,
3766 4248 3879 4301 Ῥω-

2335 4350 2516 4420 μαίοις
2540 4349 2608 4402 τά
2638 4351 2736 4420 τῆς
2758 4352 2821 4403 ἐκ
2853 4348 3131 4422 προγόνων
3160 4347 3473 4421 ἐλευθερίας
3493 4339 3876 4419 προμνώμενος-

2331 4441 2629 4507 Μαξεντίου
2658 4441 2793 4512 δῆτα
2841 4441 3038 4513 μᾶλλον
3085 4443 3205 4504 ταῖς
3241 4439 3384 4494 κατὰ
3429 4437 3682 4511 γοητείαν
3721 4443 3876 4502 μηχα-

2329 4537 2468 4598 ναῖς,
2489 4535 2521 4605 ἣ
2545 4537 2610 4607 τῇ
2630 4533 2737 4587 τῶν
2770 4534 3025 4605 ὑπηκόων
3040 4531 3456 4603 ἐπιθαρσοῦντος
3486 4528 3683 4597 εὐνοίᾳ,
3713 4516 3877 4607 προελ-

2334 4622 2448 4677 θεῖν
2488 4640 2553 4693 γε
2601 4622 2707 4695 μὴν
2752 4623 2860 4676 οὐδ’
2898 4624 3020 4676 ὅσον
3072 4621 3255 4675 πυλῶν
3299 4620 3395 4674 τοῦ
3441 4621 3647 4680 ἄστεως
3690 4606 3874 4666 ἐπιτολ-

2341 4716 2569 4788 μῶντος,
2617 4715 2848 4769 ὁπλιτῶν
2890 4714 2935 4768 δ’
2979 4714 3263 4786 ἀναρίθμῳ
3308 4713 3502 4785 πλήθει
3555 4709 3645 4765 καὶ
3678 4715 3873 4773 στρατο-

2337 4808 2514 4877 πέδων
2557 4808 2733 4880 λόχοις
2780 4808 2994 4882 μυρίοις
3028 4810 3202 4863 πάντα
3246 4807 3408 4861 τόπον
3456 4807 3552 4860 καὶ
3584 4800 3751 4875 χώραν
3792 4790 3869 4882 καὶ

2334 4899 2510 4963 πόλιν,
2541 4900 2640 4970 ὅση
2670 4915 2756 4962 τις
2780 4899 2839 4952 ἐν
2866 4897 3050 4970 κύκλῳ
3087 4899 3186 4970 τῆς
3227 4898 3513 4969 Ῥωμαίων
3542 4895 3632 4949 καὶ
3669 4881 3866 4942 Ἰταλίας

2331 4993 2550 5064 ἀπάσης
2582 4993 2671 5046 ὑπ’
2716 4991 2864 5064 αὐτῷ
2903 4979 3211 5056 δεδούλωτο,
3247 4990 3614 5064 φραξαμένου,
3646 4985 3672 5038 ὁ
3699 4979 3790 5064 τῆς
3810 4976 3866 5027 ἔκ

2331 5083 2468 5139 Θεοῦ
2503 5063 2817 5156 συμμαχίας
2839 5063 3158 5155 θάνημμένος
3205 5063 3454 5155 βασιλεὺς
3494 5076 3656 5133 ἐπιὼν
3699 5063 3859 5139 πρώτῃ

2323 5247 2432 5304 τῶν
2462 5248 2599 5302 ὅλων
2639 5247 2733 5301 καὶ
2771 5245 3049 5318 Σωτῆροςο
3084 5245 3178 5299 δύο
3199 5244 3459 5318 θεοφιλῶν
3491 5241 3627 5298 κατὰ
3674 5226 3856 5318 τῶηᾷξῖρ

2323 5264 2432 5304 των
2462 5264 2599 5302 ολων
2639 5264 2733 5301 και
2772 5264 2885 5300 ιω..
2934 5264 3049 5318 ροςσ
3084 5264 3178 5299 ouo
3199 5264 3459 5315 υεοφιλων
3491 5264 3627 5298 κατα
3674 5264 3743 5291 τω
3780 5264 3856 5310 υυςι

2323 5264 3073 5390 δυσσεϐεστάτωνευρτάννων
3100 5316 3570 5390 ἀνεγηγερμένων.
3599 5321 3698 5365 etc.

2326 5370 2640 5460 ἶιῖοίᾸιιιυρ
2673 5370 3066 5460 ίὶξιίΕυέεωυιτὶ
3088 5370 3412 5460 scripsisse
3447 5399 3527 5460 ex_
3546 5370 3855 5460 sequenti}th

2325 5441 2571 5529 θβίκιέέί
2598 5441 2735 5529 Νμοιιι
2764 5441 2817 5511 in
2857 5441 2964 5529 line
2987 5441 3453 5529 periodi,'m_entio
3498 5454 3556 5529 [it
3600 5441 3697 5529 tam

2326 5513 2592 5597 nii'quam
2620 5513 2966 5597 Constantini
2990 5513 3007 5581 Ξ
3039 5542 3106 5581 ex
3128 5513 3235 5597 quo
3258 5525 3475 5597 piztpttm
3497 5524 3572 5587 ﬁt,
3603 5513 3847 5597 Ιᾷιιερὺὶιιιη

2322 5601 2391 5663 de
2418 5590 2647 5665 u'trottue
2670 5612 2832 5667 supra
2866 5596 3102 5667 locutum
3120 5590 3305 5667 fuisse.
3330 5594 3435 5667 Sed
3464 5593 3742 5667 9x’c'ipwr
3759 5590 3848 5667 2?:

2325 5656 2449 5738 men
2489 5656 2689 5722 Licinii
2711 5656 2717 5661 ’
2738 5656 3273 5738 ξδοηειιιιοεχριιιιιίι
3303 5656 3845 5738 σιξ-ειῲςοουιθωξξξξξ

2320 5722 2676 5808 impietatem.
2715 5736 2848 5808 Cum
2877 5737 3036 5808 codd,
3083 5722 3238 5795 ’Μαι
3274 5744 3329 5799 et
3359 5735 3500 5799 Med.
3544 5722 3845 5799 consentiturl

2321 5805 2490 5873 etiam
2525 5806 2663 5865 Fuk.
2693 5815 2749 5864 et
2777 5805 2947 5876 Savil,
