4132 6406
263 286 415 343 8⁸31
1295 292 1641 350 HISTORUE
1682 293 1870 350 ECCLl

1973 282 2238 348 ASTICA'I
2266 292 2407 348 LIB.
2455 291 2544 350 IX.
3453 289 3559 345 828

267 407 413 459 καὶ
445 405 672 479 δευτέρᾳ
718 410 810 462 καὶ
842 410 996 482 τρίτῃ
1029 411 1122 465 τοῦ
1154 413 1414 483 τυράννου
1465 412 1788 484 παρατάξει,
1823 408 1870 466 εἰ

1989 413 2076 476 da,
2107 427 2199 480 reg
2223 427 2356 465 ones
2387 426 2521 479 quas
2549 410 2830 464 servitutis
2856 410 2983 480 iugo
3006 424 3294 478 oppressas
3319 412 3555 472 tenebat,

278 499 464 562 μάλα
491 513 548 549 τε
575 497 755 561 πάσας
789 498 941 560 ἑλὼν,
975 501 1216 571 πρόεισιν
1243 502 1335 554 ἐπὶ
1364 501 1612 554 πλεῖστον
1637 504 1759 555 ὅσον
1789 502 1870 572 τῆς

1990 503 2370 557 innumerabili
2421 511 2755 554 armatorum
2808 501 3148 554 multitudine
3193 511 3247 555 et
3281 501 3557 568 dispositis

299 587 577 650 Ἰταλίας,
607 589 704 660 ἤδη
737 607 796 642 τε
834 591 1001 662 αὐτῆς
1037 592 1251 663 Ῥώμης
1282 592 1514 663 ἄγχιστα
1544 589 1639 663 ἦν’
1683 588 1782 645 εἷθ’
1811 592 1870 654 ὼς

1989 594 2054 647 ad
2106 595 2469 648 insidiandum
2533 593 2868 646 exercitibus
2943 594 3178 662 undique
3228 594 3554 648 muniisset:

287 679 392 748 μὴ
422 678 516 731 τοῦ
547 681 808 751 τυράννου
840 682 994 754 χάριν
1041 683 1328 753 Ῥωμαίοις
1363 683 1617 753 πολεμεῖν
1647 683 1870 751 ἁναγκά·

1986 684 2171 737 divino
2202 684 2371 737 fretus
2411 684 2614 737 auxilio
2650 683 3038 738 Constantinus
3078 685 3330 751 primam,
3357 699 3555 738 sectio-

293 784 480 837 ςοιτο,
510 771 644 836 Θεὸς
681 773 841 836 αὐτὸς
871 774 1087 845 δεσμοῖς
1115 792 1257 828 τισιν
1290 774 1476 846 ὥσπερ
1507 774 1596 827 τὸν
1627 774 1884 845 τύραννον

289 861 650 931 ⁴πορρωτάτω
689 861 870 914 πυλῶν
913 863 1137 928 ἐξέλκει,
1185 865 1277 916 καὶ
1319 863 1386 916 τὰ
1429 864 1595 917 πάλαι
1634 863 1697 935 δὴ
1745 863 1884 917 κατὰ

291 952 527 1006 ἀσεϐῶν
578 953 654 1017 ὼς
705 956 764 1007 ἐν
823 955 991 1026 μύθου
1047 955 1186 1026 λόγῳ
1241 955 1390 1028 παρὰ
1444 961 1556 1020 τοῖς
1614 957 1884 1018 πλείστοις

293 1044 702 1116 ἀπιστούμενα,
731 1048 896 1100 πιστά
917 1065 978 1115 γε
1006 1049 1111 1118 μὴν
1144 1052 1352 1111 πιστοῖς
1379 1050 1436 1100 ὲν
1471 1051 1641 1120 ἱεραῖς
1668 1047 1882 1111 Βίϐλοις

298 1135 753 1206 ἐστηλιτευμένα,
795 1139 930 1210 αὐτῇ
966 1141 1213 1210 ἐνεργείᾳ
1240 1141 1427 1205 πᾶσιν,
1469 1140 1650 1204 ἁπλῶς
1684 1142 1878 1202 εἰπεῖν,

303 1231 522 1290 πιστοῖς
558 1229 651 1282 καὶ
677 1230 943 1295 ἀπίστοις,
972 1231 1270 1303 ὀφθαλμοῖς
1295 1232 1361 1286 τὰ
1393 1233 1670 1304 παράδοξα
1701 1249 1884 1303 παρει-

301 1316 534 1386 ληφόσιν
579 1321 934 1375 ἐπιστώσατο.
988 1324 1196 1392 Ὥσπερ
1229 1321 1321 1378 οὖν
1365 1326 1450 1377 ἐπ’
1499 1323 1663 1378 αὐτοῦ
1722 1326 1882 1377 Matii-

303 1409 448 1472 σέως
495 1411 588 1463 καὶ¹
640 1411 731 1463 τοῦ
789 1411 953 1466 πάλαι
999 1412 1281 1478 θεοσεϐοῦς
1339 1413 1604 1485 Ἐϐραίων
1659 1413 1879 1481 γένους,

307 1518 326 1550 ι
373 1499 594 1571 ἅρματα
619 1501 815 1572 Φαραὼ
852 1505 944 1556 κού¹
970 1503 1068 1574 τὴν
1106 1503 1333 1574 δύναμιν
1362 1504 1526 1557 αὑτοῦ
1553 1503 1773 1574 ἔρριψεν
1800 1506 1881 1567 είς

299 1591 611 1656 Θάλασσαν,
647 1593 959 1657 ἐπιλέκτους
992 1595 1264 1658 ἀναϐάτας
1308 1596 1600 1667 τριστάτας
1638 1596 1746 1666 (45)
1781 1614 1880 1649 κα-

295 1685 614 1738 τεπόντισεν
647 1688 704 1739 ὲν
739 1686 978 1758 Θαλάσσῃ
1010 1688 1264 1760 Ἐρυθρᾷ,
1292 1689 1467 1759 πόντῳ
1500 1689 1766 1758 ἐκάλυψεν
1791 1689 1881 1742 αύ-

1985 775 2107 828 dam
2151 791 2215 830 ac
2270 777 2482 830 tertiam
2533 776 2744 847 tyranni
2787 791 3076 845 aggressus
3107 777 3299 838 aciem,
3335 785 3559 831 cunctas

1985 868 2087 922 levi
2136 869 2350 938 negotio
2385 868 2519 920 fudit
2547 884 2609 921 ac
2635 867 2866 938 fugavit.
2902 867 2975 920 lta
3012 869 3175 921 totius
3207 867 3373 920 Italia:
3403 867 3554 922 aditu

1982 959 2081 1013 sibi
2115 958 2655 1027 patefacto,nlterius
2681 973 3016 1027 progressus,
3045 960 3260 1012 tandem
3290 959 3355 1013 ad
3381 959 3552 1026 ipsam

1983 1066 2155 1120 nsque
2201 1050 2389 1104 urbem
2447 1049 2671 1103 Romam
2720 1049 2988 1119 pervenit.
3027 1050 3224 1103 Verum
3282 1065 3348 1104 ne
3393 1050 3553 1104 unius

1985 1141 2197 1212 tyranni
2254 1155 2413 1194 causa
2449 1140 2722 1194 Romanos
2747 1155 2934 1194 omnes
2973 1155 3286 1208 Oppuguare
3332 1155 3552 1196 necesse

1981 1235 2222 1299 haberet,
2255 1233 2394 1286 Dens
2433 1233 2580 1285 illum
2619 1233 2772 1301 quasi
2807 1232 3040 1286 vinculis
3075 1233 3398 1300 quibusdam
3425 1249 3554 1287 con-

1932 1387 1944 1396 ‘
1981 1324 2227 1378 strictum
2259 1337 2420 1392 quam
2471 1321 2788 1392 longissime
2829 1331 2984 1376 extra
3023 1322 3172 1376 urbis
3211 1334 3393 1390 portas
3421 1339 3551 1392 pro-

1983 1416 2150 1469 traxit
2191 1433 2204 1468 :
2239 1415 2506 1483 simulque
2559 1414 2736 1483 prisca
2783 1413 2874 1466 illa
2903 1413 3161 1468 adversus
3191 1414 3382 1482 impios
3408 1415 3550 1468 edita

1982 1507 2239 1562 miracula
2289 1523 2408 1576 qua:
2462 1507 2634 1559 sacris
2676 1505 3051 1560 Voluminibus
3093 1506 3464 1572 continentur,
3497 1517 3553 1560 et

1979 1598 2174 1665 quibus
2221 1598 2373 1650 multi
2410 1597 2623 1666 quidem
2652 1597 2876 1665 perinde
2907 1613 2971 1650 ac
3022 1597 3220 1652 fabulis
3269 1598 3427 1651 ﬁdem
3459 1599 3552 1652 de-

1981 1698 2192 1759 rogant,
2225 1705 2347 1744 cum
2377 1702 2550 1743 tamen
2587 1690 2724 1757 apud
2778 1689 2961 1743 ﬁdeles
2997 1691 3098 1743 ﬁde
3136 1691 3296 1757 digna
3328 1691 3552 1744 videan-

295 1778 451 1840 τοὺς,
495 1797 514 1829 ι
549 1778 690 1831 κατὰ
719 1779 787 1831 τὰ
810 1779 948 1832 αὐτὰ
975 1779 1038 1849 δὴ
1073 1780 1166 1833 καὶ
1196 1780 1517 1846 Μαξὲντιος,
1557 1781 1608 1834 οἵ
1644 1799 1701 1834 τε
1737 1781 1870 1851 ἀμφ’

1981 1789 2066 1833 ιιιι·
2098 1797 2111 1832 :
2146 1781 2355 1836 cunctis
2385 1791 2491 1834 tam
2517 1781 2765 1836 ﬁdelibus
2796 1798 2956 1851 quam
2989 1781 3298 1836 inﬁdelibus
3326 1784 3418 1852 qui
3447 1782 3551 1838 hoc

295 1867 464 1922 αὑτὸν
496 1869 708 1923 ὁπλῖται
745 1871 840 1922 καὶ
879 1871 1165 1943 δορυφόροι
1199 1871 1387 1925 ἔδυσαν
1433 1874 1511 1936 είς
1545 1873 1700 1943 βυθὸν
1743 1873 1872 1926 ὡσεὶ

297 1957 469 2022 λίθος,
497 1961 732 2029 ὁπηνίκα
758 1960 900 2014 νῶτα
930 1962 1053 2025 δοὺς
1083 1965 1147 2034 τῇ
1173 1965 1237 2016 ὲκ
1268 1963 1402 2016 Θεοῦ
1432 1964 1566 2033 μετὰ
1597 1967 1873 2017 Κωνστανο

302 2052 447 2104 τίνου
477 2051 722 2121 δύναμει,
758 2051 848 2105 τὸν
883 2053 987 2124 πρὸ
1019 2055 1116 2124 τῆς
1150 2056 1374 2125 πορείας
1420 2056 1558 2127 διῄει
1593 2055 1868 2126 ποταμόν·

303 2140 360 2194 δν
401 2141 560 2205 αὐτὸς
604 2143 835 2212 σκάφεσι
885 2142 1077 2210 ζεύξας
1118 2147 1212 2199 καὶ⁸
1245 2143 1301 2200 εὖ
1350 2147 1494 2216 μάλα
1525 2146 1868 2217 γεφυρώσας,

301 2234 550 2304 μηχανὴν
580 2234 801 2306 ὀλέθρου
841 2235 960 2289 καθ’
994 2237 1186 2290 ἑαυτοῦ
1232 2240 1614 2310 συνεστήσατο.
1675 2240 1788 2307 Ἐφ’
1827 2232 1872 2307 ᾧ

299 2321 367 2394 ἦν
401 2325 466 2378 ἂν
493 2328 663 2379 εἰπεῖν
683 2345 696 2356 ’
734 2347 752 2378 ι
789 2327 1000 2381 Λάκκον
1025 2327 1198 2399 ὤρυξε
1229 2330 1324 2382 καὶ
1350 2329 1653 2400 ἀνέσκαψεν
1687 2331 1869 2395 αὐτὸν,

298 2417 396 2469 καὶ
428 2417 746 2487 ἐμπεσεῖται
778 2421 859 2484 είς
905 2419 1093 2492 βόθρον
1125 2420 1183 2473 ὃν
1213 2419 1529 2491 εἰργάσατο.
1587 2422 1870 2493 Ἐπιστρέ-

296 2504 392 2574 ψει
415 2507 442 2558 ό
470 2506 627 2569 πόνος
651 2508 813 2561 αὑτοῦ
858 2511 936 2573 είς
964 2509 1202 2581 κεφαλὴν
1230 2510 1413 2573 αὐτοῦ,
1447 2502 1539 2564 καὶ
1572 2511 1664 2564 ἐπὶ
1707 2529 1867 2583 κορυ-

297 2593 408 2665 φὴν
445 2595 606 2648 αὐτοῦ
656 2598 688 2668 ή
737 2597 921 2652 ἀδικία
964 2599 1128 2653 αὐτοῦ
1169 2599 1551 2671 καταϐήσεται.
1611 2621 1630 2653 ι
1689 2602 1869 2675 Ταύτῃ

296 2685 435 2755 δῆτα
467 2687 563 2740 τοῦ
598 2690 688 2742 ἐπὶ
731 2691 822 2744 τοῦ
871 2690 1116 2762 ποταμοῦ
1163 2690 1463 2762 ζεύγματος
1506 2692 1866 2756 διαλυθέντος,

298 2776 552 2847 segem
583 2781 679 2850 μὲν
716 2785 750 2852 ἡ
788 2781 1053 2846 διάϐασις,
1085 2785 1254 2854 χωρεῖ
1278 2782 1322 2834 δ’
1357 2783 1568 2853 ἁθρόως
1600 2783 1870 2855 αὔτανδρα

293 2880 442 2932 κατὰ
474 2880 568 2932 τοῦ
609 2881 766 2950 βυθοῦ
808 2883 873 2936 τὰ
916 2884 1117 2954 σκάφη,
1159 2883 1249 2936 καὶ
1288 2884 1448 2946 αὑτός
1491 2900 1550 2951 γε
1596 2883 1807 2954 πρῶτος
1843 2886 1870 2937 ὁ

293 2969 741 3036 δυσσεϐέστατος,
776 2970 891 3027 εἶτα
931 2975 987 3028 δὲ
1021 2975 1114 3028 καὶ
1153 2976 1202 3027 οἱ
1244 2976 1385 3045 ἀμφ’
1421 2975 1583 3030 αὐτὸν
1629 2976 1868 3028 ὑπασπι-

300 3062 446 3124 σταὶ,
547 3063 612 3116 τὰ
646 3063 764 3116 θεῖα
787 3067 1160 3136 προαναφωνεῖ
1208 3064 1392 3134 λόγια.
1431 3085 1448 3116 ι
1487 3067 1680 3120 ἔδυσαν
1740 3066 1869 3119 ὡσεὶ

1979 1872 2301 1926 miraculum
2343 1874 2484 1941 quod
2515 1873 2710 1927 dicturi
2747 1889 2954 1936 sumus,
2991 1874 3163 1927 oculis
3197 1875 3307 1928 suis
3339 1884 3551 1944 Specta-

1978 1971 2192 2027 verunt,
2211 1962 2489 2016 verissima
2528 1977 2648 2016 esse
2675 1978 2840 2030 opere
2864 1964 2978 2032 ipso
3002 1965 3393 2033 comprobavit.
3413 1963 3547 2018 Nam

1977 2051 2426 2116 quemadmodum
2467 2050 2634 2105 Mosis
2669 2067 2730 2104 ac
2764 2052 3027 2121 religiosae
3071 2056 3339 2122 quondam
3372 2057 3548 2124 gentis

1979 2140 2326 2196 Hebraeorum
2363 2144 2714 2211 temporibus,
2747 2143 2889 2198 Deus
2931 2160 3126 2198 currus
3163 2154 3216 2198 et
3247 2149 3545 2201 exercitum

1977 2230 2277 2287 Pharaonis
2305 2233 2528 2304 projecit
2569 2235 2620 2288 in
2652 2249 2822 2300 mare,
2848 2235 3174 2291 lectissimos
3211 2237 3410 2290 milites
3438 2247 3546 2292 ter-

1977 2343 2073 2383 nos
2103 2343 2168 2382 ex
2208 2344 2366 2383 curru
2407 2339 2710 2398 pugnantes
2756 2330 3048 2384 submersit
3094 2332 3146 2384 in
3178 2332 3310 2384 mari
3339 2331 3544 2394 Rubro,

1977 2429 2032 2473 ct
2071 2416 2314 2473 [luctibus
2339 2421 2550 2488 operuit
2577 2420 2623 2452 ⁵³
2651 2438 2663 2473 :
2695 2421 2776 2474 sic
2814 2421 2974 2489 plane
3012 2420 3314 2476 Maxentius
3347 2434 3399 2476 et
3424 2423 3548 2492 qui-

1975 2524 2188 2579 cunque
2237 2510 2383 2565 circa
2442 2511 2589 2565 illum
2651 2521 2808 2566 erant
2859 2513 3056 2568 milites
3105 2529 3168 2568 ac
3230 2515 3543 2583 stipatores.

1977 2601 2150 2656 inStar
2190 2602 2380 2670 lapidis
2422 2603 2474 2656 in
2506 2603 2826 2656 altissimum
2865 2606 3133 2672 gurgitem
3180 2605 3492 2660 ceciderunt
3524 2623 3541 2663 :

1977 2699 2106 2744 tunc
2150 2690 2400 2745 videlicet
2429 2706 2550 2746 cum
2581 2692 2758 2745 divina
2808 2693 3008 2747 virtute
3041 2694 3374 2748 Constantini
3415 2709 3542 2765 par-

1977 2782 2122 2835 tibus
2159 2782 2456 2837 auxiliante
2491 2783 2544 2836 in
2586 2780 2766 2852 fugam
2819 2799 3028 2850 versus,
3059 2782 3282 2840 ﬂuvium
3317 2787 3418 2842 sibi
3443 2791 3542 2842 ob-

1970 2871 2171 2941 jectum
2197 2873 2563 2941 pertransiret
2611 2889 2626 2925 :
2667 2874 2832 2946 359
2863 2877 2914 2928 in
2949 2892 3055 2944 quo
3077 2917 3091 2942 ,
3125 2888 3286 2946 ponte
3323 2894 3388 2933 ex
3416 2895 3540 2934 sca-

1974 2965 2096 3035 phis
2142 2964 2508 3029 contabulato,
2587 2967 2701 3035 ipse
2755 2969 3063 3023 machinam
3110 2971 3399 3039 quamdam
3471 2974 3538 3026 ad

1975 3074 2125 3112 suam
2151 3058 2317 3126 ipsius
2337 3058 2632 3128 perniciem
2661 3069 3060 3115 construxerat.
3093 3059 3325 3116 Proinde
3357 3073 3408 3117 et
3437 3064 3540 3118 huc

302 3125 564 3221 μόλυϐδος
609 3156 666 3206 ὲν
713 3125 859 3206 ὓδατί
902 3125 1146 3220 σφοδρῷ’
1196 3173 1214 3205 ι
1263 3125 1402 3208 δυστε
1443 3155 1664 3218 εἰκότως
1708 3156 1755 3206 εί
1794 3155 1867 3226 μὴ

1973 3147 2075 3200 dici
2122 3125 2313 3201 merito
2337 3125 2525 3216 potuit
2557 3165 2572 3202 :
2613 3167 2632 3200 ι
2670 3149 2929 3204 Scrobem
2960 3151 3171 3218 aperuit
3208 3161 3370 3218 atque
3401 3150 3536 3204 etio-

298 3243 512 3310 λόγοις,
547 3244 726 3314 ἔργοις
763 3245 807 3297 δ’
840 3242 932 3299 οὖν
978 3246 1177 3316 ὁμοίως
1214 3248 1326 3311 τοῖς
1374 3247 1514 3318 ἀμφὶ
1559 3247 1651 3299 τὸν
1700 3246 1868 3317 μέγαν

301 3335 608 3406 θεράποντα
639 3338 876 3392 Μωῦσέα
900 3340 1023 3402 τοὺς
1056 3337 1206 3410 παρὰ
1242 3337 1375 3391 Θεοῦ
1419 3339 1518 3408 τὴν
1551 3337 1706 3408 νίκην
1739 3338 1870 3409 ἀραο

303 3426 520 3495 μένους,
560 3427 700 3480 αὐτὰ
731 3428 795 3498 δὴ
835 3428 901 3482 τὰ
931 3428 1074 3482 κατὰ
1104 3429 1200 3482 τοῦ
1249 3429 1416 3484 πάλαι
1447 3427 1740 3492 δυσσεϐοῦς
1772 3445 1868 3480 τυ-

303 3516 498 3586 ράννου
526 3511 628 3571 ὧδέ
659 3535 774 3581 πως
805 3520 1060 3590 ἀνυμνεῖν
1102 3519 1210 3590 (46)
1248 3520 1343 3573 καὶ
1383 3518 1589 3587 λέγειν·
1630 3537 1648 3569 ι
1696 3519 1863 3590 ’ᾼσω-

303 3624 404 3675 μεν
434 3605 512 3677 τῷ
542 3607 749 3678 Κυρίῳ,
784 3609 1008 3674 ἐνδόξως
1039 3609 1146 3680 γὰρ
1182 3607 1508 3673 δεδόξασται.
1549 3610 1744 3662 Ἵππον
1777 3609 1872 3662 καὶ

299 3695 577 3768 ἀναϐάτην
609 3699 828 3769 ἔρριψεν
862 3700 940 3762 εἰς
974 3699 1274 3752 θάλασσαν’
1314 3697 1504 3768 βοηθὸς
1539 3698 1634 3752 καὶ
1670 3715 1870 3751 σκεπα-

300 3792 432 3861 στής
446 3807 548 3860 μου
565 3789 766 3857 Κύριος
783 3789 995 3858 ἐγένετό
1017 3807 1104 3860 μοι
1141 3791 1219 3852 εἱς
1251 3787 1540 3860 σωτηρίαν·
1561 3789 1670 3856 (47)
1697 3807 1714 3837 ›
1741 3787 1830 3839 καί
1852 3804 1866 3816 ο

306 3901 328 3934 ι
375 3882 470 3944 Τίς
509 3881 691 3952 ὅμοιός
742 3899 824 3934 σοι
877 3883 931 3935 ἐν
964 3881 1122 3944 θεοῖς,
1158 3879 1349 3951 Κύριε,
1395 3879 1478 3942 τίς
1523 3878 1704 3949 ὅμοιός
1754 3893 1867 3941 σοι;

300 3973 684 4044 δεδοξασμένος
722 3973 778 4026 ἐν
810 3972 1004 4039 ἁγίοις,
1035 3971 1340 4040 θαυμαστὸς
1375 3971 1430 4023 ὲν
1463 3968 1661 4032 δόξαις,
1703 3967 1869 4021 ποιῶν

301 4066 524 4137 τέρατα.
564 4085 582 4118 ι
616 4064 801 4118 Ταῦτά
830 4081 889 4132 γε
927 4065 1019 4116 καὶ
1049 4065 1148 4116 ὅσα
1179 4060 1386 4124 τούτοις
1426 4060 1628 4130 ἀδελφά
1669 4077 1728 4112 τε
1777 4059 1871 4112 καὶ

303 4155 518 4228 ἐμφερῆ
548 4158 953 4216 Κωνσταντῖνος
980 4153 1056 4225 τῷ
1086 4155 1420 4226 πανηγεμόνι
1465 4153 1557 4207 καλ⁹
1589 4152 1688 4222 τῆς
1717 4151 1872 4220 νίκης

303 4247 459 4315 αἰτίῳ
505 4245 622 4315 Θεῷ
672 4247 852 4308 αὐτοῖς
898 4245 1076 4318 ἔργοις
1122 4248 1455 4318 ἁνυμνὴσας,
1511 4245 1603 4298 ἐπὶ
1657 4242 1871 4313 Ῥώμης

307 4336 422 4403 μετ’
451 4335 728 4388 ἐπινικίων
759 4335 1063 4407 εἰσήλαυνε,
1094 4337 1308 4390 πάντων
1338 4334 1546 4406 ἁθρόως
1570 4334 1729 4386 αὐτὸν
1755 4333 1871 4403 ἅμα

305 4427 498 4498 κομιδῆ
525 4429 736 4498 νηπίοις
765 4431 856 4482 καὶ
882 4428 1113 4498 γυναιξὶ,
1149 4427 1255 4480 τῶν
1283 4445 1342 4480 τε
1371 4428 1479 4480 ἀπὸ
1503 4428 1599 4498 τῆς
1635 4425 1869 4496 συγκλή-

302 4536 394 4572 του
429 4519 621 4592 βουλῆς
654 4521 748 4574 καὶ
779 4521 887 4574 τῶν
929 4521 1102 4575 ἄλλων
1145 4520 1556 4589 διασημοτὰτων
1603 4518 1735 4588 (48),
1773 4517 1868 4569 σὺν

373 4612 420 4644 ⁸³
447 4611 616 4668 Emd.
653 4629 739 4667 xv.
816 4613 862 4644 "
908 4612 1047 4666 Psal.
1083 4629 1174 4676 vn,
1208 4613 1290 4666 16.

373 4703 485 4774 (45)
521 4703 858 4772 Τριστάτας.
892 4706 964 4758 Ita
1001 4706 1192 4774 legitur
1220 4703 1382 4774 Exodi
1429 4717 1548 4769 cap.
1604 4717 1674 4774 xv
1705 4701 1859 4774 ,ξιιὺί

247 4837 250 4841 ι
304 4772 466 4826 multa
497 4775 816 4842 interpretes
852 4772 1086 4828 afferunt
1117 4776 1182 4826 de
1216 4773 1372 4838 hujus
1409 4774 1558 4826 vocis
1587 4772 1862 4842 signiﬁca-

306 4844 470 4900 tione.
506 4844 616 4912 Ego
642 4841 842 4898 ternos
869 4861 938 4898 ex
971 4845 1222 4898 curribus
1246 4853 1547 4912 pugnantes
1598 4841 1855 4910 intelligo,

306 4923 363 4965 ut
395 4922 538 4967 recte
569 4915 728 4967 habet
751 4913 973 4982 Vulgata
997 4914 1175 4967 versio
1199 4953 1214 4976 ,
1268 4928 1426 4978 quam
1460 4912 1730 4982 immerito
1785 4926 1862 4965 re-

306 4983 586 5055 prehendit
613 4981 990 5054 Hieronymus.
1020 4983 1429 5055 Πρωτοστάτης,
1487 4981 1860 5055 παραστάτης,

305 5053 561 5106 voeabula
591 5062 716 5124 sunt
751 5053 962 5107 taetica.
994 5053 1192 5108 Eadem
1219 5054 1386 5106 forma
1419 5053 1732 5124 τριστάτης.
1760 5053 1864 5106 lte-

305 5131 392 5176 cte
420 5137 549 5190 ergo
589 5122 812 5176 Ruﬁnus
847 5134 1019 5178 ternos
1043 5134 1263 5176 statores
1297 5122 1476 5176 vertit.

374 5186 663 5262 (ίθγὮδέ
690 5207 812 5258 πως
835 5194 1139 5263 ἀνυμνεῖν.
1182 5193 1296 5246 Non
1333 5193 1498 5262 probo
1548 5192 1868 5260 interpreta-

306 5261 503 5332 tionem
541 5261 1056 5332 -Christophorsoni,
1086 5265 1177 5331 qui
1203 5261 1363 5316 vertit
1379 5278 1563 5316 canere
1587 5263 1858 5329 potuisset.

306 5329 415 5386 lmo
467 5329 787 5386 vertendum
815 5344 932 5386 erat
961 5329 1227 5397 cecinerit,
1285 5342 1344 5384 ut
1399 5347 1462 5385 ex
1509 5333 1863 5400 sequentibus

305 5413 545 5468 apparet.
578 5403 667 5454 Ait
693 5403 835 5455 enim
878 5402 1164 5465 Eusebius,
1190 5418 1294 5456 non
1323 5403 1526 5460 verbis,
1576 5403 1667 5455 sed
1703 5401 1861 5454 factis

306 5471 434 5539 ipsis
457 5472 870 5524 Constantinum
909 5473 980 5526 ita
1007 5473 1268 5526 cecinisse
1291 5487 1307 5526 :
1341 5471 1528 5524 Ταῦτά
1551 5489 1614 5539 γε
1642 5471 1735 5524 καὶ
1768 5471 1866 5523 ὅσα

301 5538 508 5604 τούτοις
545 5541 766 5611 ἀδελφὰ,
800 5543 1202 5605 Κωνσταντῖνος
1230 5541 1306 5612 τῷ
1337 5541 1455 5611 Θεῴ
1485 5538 1664 5612 ἔργοις
1685 5542 1867 5603 αὐτοῖς

303 5610 640 5681 ἀνυμνήσας.
695 5679 700 5681 Α
1723 5679 1731 5681 _
1863 5680 1867 5681 ν

341 5626 401 5661 νυ
410 5626 640 5674 μνησας.

373 5627 747 5752 ἵόεῦηἶὶῗάθός
766 5682 860 5736 καὶ
887 5681 1235 5750 σκεπαστής
1263 5700 1382 5751 μου
1399 5682 1613 5749 Κύριος
1637 5679 1870 5751 ἐγένετό

1971 3236 2092 3290 dit:
2127 3243 2181 3288 et
2234 3234 2286 3288 in
2339 3235 2542 3291 foveam
2591 3229 2767 3308 quam'
2801 3235 2926 3292 fecit
2972 3237 3085 3308 ipse
3133 3234 3350 3290 incidet.
3399 3238 3537 3291 Con-

1973 3334 2210 3380 vertctur
2239 3325 2392 3380 labor
2413 3327 2528 3395 ejus
2563 3328 2612 3379 in
2641 3332 2913 3397 proprium
2956 3341 3132 3396 caput,
3193 3339 3244 3382 et
3283 3327 3333 3379 in
3366 3329 3530 3381 verti-

1968 3431 2085 3471 cem
2123 3418 2293 3488 iPSiUS
2328 3411 2586 3477 illjllb‘lilia
2615 3414 2732 3484 ejus
2755 3417 3030 3474 recidet“.
3068 3435 3084 3466 ι
3106 3416 3161 3468 In
3190 3415 3335 3470 hunc
3371 3419 3536 3486 igitur

1972 3519 2188 3559 menum
2241 3506 2417 3560 soluta
2463 3507 2641 3577 pontis
2679 3521 2959 3577 compage,
3005 3509 3268 3561 transitus
3313 3509 3533 3577 quidem

1969 3598 2249 3652 subsidere
2281 3597 2482 3666 cmpit;
2521 3599 2729 3667 navigia
2766 3614 2892 3652 vero
2923 3598 3081 3653 simul
3112 3615 3232 3653 cum
3281 3600 3411 3668 ipsis
3439 3601 3530 3654 ho.

1969 3689 2203 3744 minibus
2262 3687 2860 3760 repente'pessumiere
2890 3709 2902 3744 :
2935 3693 3251 3759 prin'nisque
3291 3681 3534 3746 omnium

1968 3780 2385 3836 scelestissimus
2415 3781 2500 3834 ille
2537 3791 2819 3852 tyrannus,
2865 3797 2928 3836 ac
2958 3781 3156 3836 deinde
3186 3783 3362 3836 cuncti
3398 3796 3536 3851 quos

1968 3875 2112 3928 circa
2161 3889 2219 3928 se
2271 3874 2504 3927 habehat
2552 3875 2798 3943 corpOris
2849 3875 3119 3934 custodes,
3165 3876 3307 3928 sicut
3353 3874 3532 3926 divina

1969 3971 2333 4039 praedixerunt
2392 3966 2648 4031 oracula,
2701 3967 2871 4021 instar
2922 3965 3186 4035 plumbea:
3245 3979 3434 4018 massa:
3481 3965 3533 4015 in

1969 4060 2289 4115 altissimum
2335 4059 2598 4128 gurgitem
2651 4057 2854 4126 delapsi
2884 4067 3028 4111 sunt.
3063 4059 3210 4111 Adeo
3237 4065 3294 4109 ut
3338 4055 3536 4108 milites

1969 4152 2059 4221 qui
2085 4160 2211 4205 tunc
2231 4167 2332 4220 ope
2372 4151 2535 4204 divini
2581 4151 2819 4204 numinis
2854 4150 3137 4204 victoriam
3173 4148 3350 4217 adepti
3385 4155 3533 4210 sunt,

1969 4243 2190 4311 perinde
2237 4257 2300 4296 ac
2327 4242 2452 4294 olttn
2489 4241 2744 4294 Israelita“:
2774 4257 2911 4310 quos
2953 4256 3177 4309 magnus
3201 4241 3291 4293 ille
3323 4239 3413 4292 Dei
3447 4237 3532 4290 fav-

1969 4333 2148 4388 mulus
2169 4332 2380 4404 Moyses
2397 4334 2877 4399 dueehat;mcrito,
2903 4335 2946 4387 si
2981 4348 3084 4385 non
3117 4332 3316 4394 verbis,
3343 4330 3532 4383 saltem

1973 4426 2132 4479 rebus
2175 4423 2308 4494 ipsis
2339 4423 2526 4478 eadem
2557 4438 2676 4492 qua:
2708 4424 2782 4476 illi
2829 4424 3098 4492 quondam
3131 4424 3392 4476 adverSus
3433 4423 3532 4473 im-

1974 4516 2118 4587 pium
2155 4515 2302 4569 illum
2347 4514 2682 4570 Pharaonem
2725 4513 2992 4568 cantaturi
3051 4512 3248 4566 iuerint
3300 4513 3350 4566 in
3393 4512 3535 4565 hunc

1960 4719 2060 4770 μοι
2084 4703 2172 4766 είς
2195 4701 2515 4766 σωτηρίαν.
2553 4697 2677 4753 11ωο
2711 4707 2792 4752 est
2817 4698 2980 4752 lectio
3009 4697 3164 4770 codd.
3197 4696 3334 4770 Maz.
3361 4706 3412 4750 et
3435 4696 3534 4770 Sa-

1967 4768 2270 4841 vil.,quam
2321 4775 2608 4824 conﬁrmat
2664 4770 2935 4832 Ruﬁnus;
2983 4768 3071 4841 ‘sic
3124 4769 3265 4819 enim
3319 4768 3528 4841 vertit:

1969 4859 1988 4892 ι
2020 4837 2247 4909 Adnitar
2283 4849 2336 4893 et
2377 4849 2651 4907 protector
2682 4853 2851 4909 meus,
2884 4846 2941 4890 ett
2976 4837 3274 4909 faetusest
3316 4838 3444 4909 mihi
3478 4839 3530 4890 in

1965 4905 2247 4964 salutem.)
2289 4905 2442 4977 Vulg.
2477 4909 2669 4979 βοηθὸς
2707 4907 2799 4960 κιιύ⁸
2829 4905 3136 5028 exertae-sil;
3169 4906 3385 4974 ἐγένετό
3419 4923 3528 4976 μοι.

1969 4980 2143 5028 Locus
2163 4988 2247 5028 est
2296 4980 2347 5028 in
2387 4995 2506 5028 can.
2565 4995 2630 5028 xv
2690 4978 2899 5028 Exodi.
2939 4978 3027 5028 ubi
3105 4978 3326 5028 totnana
3385 4975 3528 5028 LXX

1967 4980 2247 5034 Locusest
2296 4980 2347 5032 in
2387 4975 2506 5047 cap.
2562 4975 2630 5032 κν
2690 4978 2900 5040 Exodi,
2939 4978 3027 5030 ubi
3087 4975 3326 5047 [tertiana
3385 4975 3533 5032 LXX

1971 5052 2330 5117 lnterpretum
2363 5045 2528 5103 editio
2559 5063 2718 5101 voces
2768 5047 2888 5100 illas
2921 5064 3021 5117 μου
3047 5045 3250 5116 Κύριος
3291 5061 3395 5100 non
3434 5049 3534 5098 ha-

1975 5121 2085 5175 bet.
2123 5116 2274 5185 Quod
2299 5119 2541 5187 profecto
2573 5117 2780 5172 miror:
2821 5116 2941 5169 nam
2970 5116 3258 5170 Eusebium
3295 5117 3531 5170 editione

1974 5190 2116 5244 LXX
2185 5188 2539 5256 interpretum
2600 5203 2752 5241 usum
2812 5201 2952 5246 esse,
2989 5202 3085 5256 pro
3132 5197 3298 5256 certo.
3333 5187 3526 5256 habeo.

1971 5259 2137 5314 Paulo
2159 5269 2278 5327 post
2304 5255 2390 5312 ubi
2421 5259 2692 5327 legebatur
2715 5276 2727 5310 :
2756 5255 3065 5327 θαυμαστὸς
3112 5255 3337 5321 ἐνδόξως
3363 5255 3529 5327 ποιῶν

1967 5325 2430 5402 τέρατα,ᾲι·θειίιιιί
2465 5325 2776 5402 θαυμαστὸς
2808 5325 2873 5379 ὲν
2893 5325 3070 5402 δόξαις
3097 5342 3162 5378 ex
3189 5326 3530 5402 auctoritate

1971 5393 2127 5453 co'tld.
2179 5393 2327 5455 illlaz.
2383 5408 2438 5452 et
2469 5393 2631 5460 Fuli.,
2670 5399 2864 5466 quibus
2893 5395 3133 5466 Romana
3189 5393 3332 5450 LXX
3409 5397 3532 5448 sub-

1971 5471 2162 5524 serihit
2185 5469 2370 5527 editio,
2404 5478 2537 5519 utet
2573 5465 2948 5533 interpretatio
2980 5465 3183 5518 Ruﬁni.

2047 5539 2170 5662 (118:I
2196 5538 2308 5592 Καὶ
2332 5537 2452 5590 τῶν
2474 5537 2677 5591 ἄλλων
2703 5532 3172 5604 διασημοτάτων.
3218 5533 3332 5587 Non
3367 5532 3528 5587 intel-

2047 5610 2108 5661 ili.
2177 5624 2278 5662 auc
2303 5623 2485 5661 vocem
2521 5608 3067 5662 Christooborsonus,
3107 5619 3206 5658 nec
3238 5604 3528 5657 Masculus.

1977 5604 2108 5661 texit
2140 5604 2278 5662 hanc
2303 5623 2485 5661 vocem
2521 5608 3067 5675 Cltristophorsontts,
3107 5619 3206 5658 nec
3238 5604 3528 5657 Masculus.

1981 5680 2070 5733 Sic
2090 5677 2262 5734 Graeci
2293 5679 2558 5735 vocabant
2589 5692 2702 5744 eos,
2730 5674 2864 5744 Quos
2902 5674 3076 5728 Latini
3103 5675 3528 5745 perfectissima.
