4132 6406
243 336 378 391 8⁴ὲ5

1252 330 1599 387 ΗΙΞἸῸΒΙᾸΞ
1638 327 2195 386 Εοειεειλδτιελε
2235 328 2365 387 LIB.
2406 328 2496 384 IX.

3403 326 3507 380 89.6

249 454 502 527 φανερὸν
531 451 669 508 εἶναι
695 452 950 515 πέποιθα,
983 451 1109 514 τοὺς
1139 451 1402 513 δεσπότας
1428 450 1584 521 ἡμῶν
1623 449 1837 520 Διοκλη-

1949 460 2082 512 ιι·οι·,
2137 447 2371 516 qualiter
2419 443 2623 499 domini
2668 459 2729 498 ac
2773 452 3025 513 parentes
3081 442 3249 520 nostri
3295 441 3505 496 Diocle-

249 547 449 600 τιανδν
469 548 561 600 καὶ
585 545 920 616 Μαξιμιανὸν
938 547 1063 607 τοὺς
1083 544 1382 614 ἡμετέρους
1401 543 1661 613 πατέρας,
1681 542 1837 612 ὴνίκα

254 639 514 692 συνεῖδον
545 637 730 708 σχεδὸν
751 637 997 698 ἅπαντας
1019 634 1358 706 ἀνθρώπους,
1392 633 1839 703 καταλειφθείσης

252 732 368 799 ’τῆς
399 730 508 782 τῶν
541 728 677 782 θεῶν
713 727 1026 798 θρησκείας,
1059 726 1136 796 τῷ
1172 726 1313 778 ἔθνει
1353 724 1460 778 τῶν
1504 723 1838 794 Χριστιανῶν

255 825 497 884 ἑαυτοὺς
534 821 966 891 συμμεμιχότας,
1003 817 1177 889 ὀρθῶς
1213 815 1600 889 διατεταχέναι,
1633 815 1839 878 πάντας

253 913 585 984 ἀνθρώπους
611 914 736 974 τοὺς
763 912 870 964 ἀπὸ
901 911 1000 980 τῆς
1023 911 1129 963 τῶν
1157 910 1331 963 αὐτῶν
1386 908 1524 963 θεῶν
1568 910 1673 961 τῶν
1706 909 1838 962 ἀθα-

254 1006 443 1057 νάτων
478 1004 771 1076 θρησκείας
813 1005 1292 1075 ἀναχωρήσαντας,
1335 1002 1582 1073 προδήλῳ
1621 1003 1835 1057 κολάσει

259 1099 363 1150 καὶ
390 1097 630 1167 τιμωρία
659 1099 737 1159 είς
772 1096 866 1166 τὴν
897 1096 1192 1167 θρησκείαν
1224 1095 1330 1146 τῶν
1358 1095 1494 1147 θεῶν
1533 1094 1837 1164 ἀνακληθῆ-

257 1205 372 1239 ναι.
416 1187 552 1238 Ἀλλ’
577 1188 663 1239 ὅτε
696 1187 806 1252 ἐγὼ
833 1185 1070 1255 εὐτυχῶς
1091 1186 1152 1237 τὸ
1182 1184 1397 1254 πρῶτον
1439 1186 1517 1247 είς
1544 1185 1641 1254 τὴν
1679 1185 1835 1237 Ἀνα-

258 1279 427 1346 στολὴν
462 1279 570 1348 (52)
606 1279 1003 1348 παρεγενόμην,
1038 1277 1128 1329 καὶ
1163 1277 1331 1344 ἐγνων
1359 1275 1437 1340 εἷς
1462 1293 1611 1339 τινας
1643 1276 1838 1339 τόπους

261 1370 552 1432 πλείστους
592 1368 700 1422 τῶν
734 1367 1032 1439 ἀνθρώπων
1068 1368 1136 1420 τὰ
1166 1369 1399 1438 δημόσια
1427 1366 1654 1436 ὠφελεῖν
1681 1367 1836 1420 δυνα-

264 1463 487 1530 μένους,
523 1461 624 1514 ὑπὸ
651 1460 756 1512 τῶν
785 1459 1052 1512 δικαστῶν
1081 1459 1166 1511 διὰ
1195 1461 1291 1528 τὴν
1326 1459 1727 1530 προειρημένην
1756 1462 1838 1513 αξ-

259 1554 387 1605 τίαν
432 1551 783 1623 ἐξορίζεσθαι,
817 1551 1029 1620 ἑκάστῳ
1063 1551 1168 1604 τῶν
1209 1551 1476 1604 δικαστῶν
1509 1551 1724 1614 ἐντολὰς
1754 1551 1839 1604 δέ-

258 1644 437 1706 δωκα,
463 1643 602 1696 ὥστε
637 1643 839 1713 μηδένα
866 1643 1068 1696 τούτων
1093 1642 1186 1695 τοῦ
1216 1642 1402 1695 λοιποῦ
1437 1642 1837 1713 προσφέρεσθαι

219 1779 237 1795 .
259 1739 379 1798 τοῖς
409 1735 774 1805 ἐπαρχιῶταις
811 1734 1068 1804 ἀπηνῶς,
1116 1733 1249 1788 ἀλλὰ
1295 1733 1493 1803 μᾶλλον
1531 1733 1836 1796 κολακείαις

1943 545 2122 596 tianus
2151 551 2206 596 et
2258 540 2638 602 Maximianus,
2674 552 2794 592 cum
2824 549 3050 592 cunctos
3099 539 3213 592 fere
3238 537 3504 602 homines,

1940 634 2130 687 relicto
2177 633 2400 685 deorum
2435 627 2818 682 immortalium
2855 627 3023 696 cultu,
3048 629 3114 681 ad
3167 627 3506 683 Christiano-

1939 741 2057 778 rum
2089 733 2292 779 sectam
2321 737 2379 777 se
2431 721 2760 790 applicuisse
2809 731 3120 786 cernerent,
3159 729 3303 775 recte
3342 731 3506 790 atque

1939 819 2128 872 ordine
2157 815 2574 877 constituerunt,
2621 823 2679 866 ιιι
2719 813 3026 882 quicunque
3072 828 3100 864 a
3131 813 3352 866 deorum
3380 829 3506 867 suo-

1939 927 2058 964 rum
2084 909 2340 976 religione
2365 908 2741 971 descivissent,
2774 905 2988 976 publica
3037 904 3504 960 animadversione

1938 1011 1989 1055 et
2045 999 2304 1068 supplicio
2344 999 2410 1052 ad
2463 997 2782 1052 earumdem
2833 997 3035 1050 cultum
3096 1005 3503 1051 revocarentur.

1937 1091 2047 1158 Ego
2078 1105 2207 1143 vero
2243 1103 2364 1141 cum
2415 1089 2468 1141 in
2503 1087 2738 1142 Orientis
2777 1085 3080 1156 provincias
3130 1084 3373 1139 felicibus
3412 1101 3507 1139 au-

1939 1179 2124 1246 spiciis
2154 1178 2384 1247 primum
2433 1181 2726 1240 venissem,
2773 1175 3269 1245 comperissemque
3315 1189 3505 1244 quatu-

1940 1271 2200 1340 plurimos
2241 1261 2486 1326 homines
2533 1270 2623 1339 qui
2680 1269 2996 1337 reipublica:
3046 1269 3164 1321 usui
3224 1283 3346 1321 esse
3383 1282 3507 1336 pos-

1942 1372 2078 1426 sent,
2107 1363 2176 1417 ob
2215 1376 2332 1415 eam
2358 1375 2520 1430 quam
2539 1359 2648 1414 dixi
2669 1373 2888 1415 causam
2913 1375 2942 1412 a
2968 1357 3242 1426 judicibus
3271 1358 3322 1410 in
3357 1369 3505 1410 certa

1941 1456 2056 1510 loca
2099 1453 2369 1522 relegari;
2416 1451 2641 1520 singulis
2672 1451 2944 1522 judicibus
3010 1448 3062 1502 in
3110 1450 3382 1504 mandatis
3413 1451 3507 1504 de-

1940 1548 2027 1612 di,
2062 1560 2128 1599 ne
2158 1546 2278 1614 quis
2323 1559 2508 1598 eorum
2549 1544 2800 1611 deinceps
2835 1542 3097 1597 adversus
3150 1543 3510 1611 provinciales

1941 1641 2206 1696 atrociter
2244 1639 2494 1700 szeviret;
2559 1637 2652 1691 sed
2709 1646 2767 1689 ut
2809 1637 2987 1704 potius
3027 1636 3300 1690 blanditiis
3332 1648 3386 1691 et
3415 1639 3508 1691 ad-

1943 1729 2342 1785 hortationibus
2365 1733 2428 1782 ad
2457 1729 2682 1781 deorum
2707 1725 2908 1780 cultum
2934 1741 3029 1780 eos
3062 1741 3318 1780 revocare
3347 1742 3508 1780 cona-

261 1829 361 1879 καὶ
406 1830 736 1897 προτροπαῖς
775 1827 909 1896 πρὸς
949 1825 1048 1896 τὴν
1083 1824 1190 1876 τῶν
1224 1824 1359 1877 θεῶν
1405 1823 1703 1893 θρησκείαν
1741 1823 1806 1876 αὐ

1945 1835 2150 1877 rentur.
2187 1821 2434 1889 Quandiu
2481 1821 2642 1888 igitur
2673 1819 2824 1886 juxta
2866 1820 3174 1873 mandatum
3212 1820 3511 1889 tnajestatis

261 1923 395 1983 τοῦς
427 1919 730 1973 ἀνακαλεῖν.
794 1920 1105 1989 Τηνικαῦτα
1142 1915 1234 1973 οὖν
1284 1921 1372 1972 ὅτε
1424 1918 1728 1982 ἀκολούθως
1773 1921 1837 1990 τῇ

262 2013 512 2065 κελεύσει
559 2015 624 2082 τῇ
670 2014 773 2082 ἐμῇ
810 2013 914 2065 ὑπὸ
953 2013 1061 2065 τῶν
1101 2012 1365 2064 δικαστῶν
1397 2011 1724 2080 ἐφυλάττετο
1770 2011 1840 2064 τὰ

264 2103 716 2172 προστεταγμένα
736 2145 749 2165 ,
785 2103 1058 2156 συνέϐαινε
1108 2103 1308 2173 μηδένα
1340 2103 1404 2155 ἐκ
1435 2102 1543 2154 τῶν
1573 2102 1842 2171 τῆςἋνασ

260 2194 425 2264 τυλῆς
457 2194 659 2264 μερῶν,
694 2195 828 2263 μήτε
866 2195 1137 2264 ἐξόριστον
1173 2195 1308 2263 μήτε
1343 2192 1655 2263 ἐνύϐριστον
1685 2191 1841 2259 γενέ-

264 2285 410 2348 σθαι,
437 2285 572 2337 ἀλλὰ
609 2285 805 2354 μᾶλλον
841 2286 904 2337 ἐκ
948 2285 1040 2337 τοῦ
1075 2285 1147 2355 μὴ
1188 2285 1396 2356 βαρέως
1421 2285 1539 2336 κατ’
1575 2284 1754 2337 αὐτῶν
1784 2300 1838 2336 τι

260 2371 526 2438 γίνεσθαι,
559 2373 638 2434 είς
667 2371 762 2441 τὴν
790 2372 896 2424 τῶν
929 2371 1065 2425 θεῶν
1098 2372 1391 2442 θρησκείαν
1415 2372 1835 2442 ἀνακεκλῆσθαι.

261 2465 417 2520 Μετὰ
447 2464 502 2516 δὲ
530 2464 700 2516 ταῦτα
725 2465 813 2516 ὅτε
836 2463 912 2533 τῷ
940 2464 1256 2535 παρελθόντι
1283 2465 1510 2534 ἐνιαυτῷ
1546 2465 1656 2533 (55)
1687 2465 1841 2517 εὐτυ-

259 2559 374 2628 χῶς
416 2558 622 2626 ἐπέϐην
666 2558 748 2618 είς
792 2557 890 2628 τὴν
934 2558 1299 2627 Νικομήδειαν
1344 2558 1503 2610 κάκεῖ
1547 2557 1836 2620 διετέλουν,

260 2650 626 2721 παρεγένοντο
655 2651 864 2704 πολῖται
896 2651 994 2720 τῆς
1022 2649 1192 2717 αὐτῆς
1222 2649 1426 2712 πόλεως
1458 2649 1594 2721 πρὸς
1628 2651 1696 2720 μὲ
1723 2650 1838 2718 ἅμα

263 2741 402 2812 μετὰ
431 2742 539 2794 τῶν
577 2740 776 2805 ξοάνων
816 2741 922 2794 τῶν
954 2741 1112 2802 θεῶν,
1152 2741 1411 2811 μειζόνως
1452 2742 1716 2811 δεόμενοι,
1753 2742 1839 2794 ἵνα

260 2835 428 2887 παντὶ
461 2835 644 2905 τρόπῳ
669 2835 730 2887 τὸ
758 2834 994 2888 τοιοῦτον
1020 2834 1168 2897 ἔθνος
1200 2835 1464 2905 μηδαμῶς
1497 2835 1840 2906 ἐπιτρέποιτο

260 2929 318 2979 ἐν
353 2931 418 2998 τῇ
461 2927 640 2981 αὐτῶν
685 2928 898 2999 πατρίδι
957 2929 1142 2982 οἰκεῖν.
1192 2928 1328 2980 Ἀλλ’
1361 2930 1447 2980 ὅτε
1483 2928 1652 2996 ἔγνων
1687 2927 1837 2980 πλεί-
1883 2932 1895 2943 '

261 3036 423 3082 στους
467 3020 565 3089 τῆς
596 3021 765 3090 αὐτῆς
817 3020 1109 3091 θρησκείας
1137 3020 1332 3091 ἄνδρας
1388 3021 1444 3072 ὲν
1499 3021 1682 3084 αὐτοῖς
1727 3023 1838 3083 τοῖς

264 3109 491 3180 μέρεσιν
545 3113 732 3171 οίκεῖν,
782 3111 952 3172 οὕτως
995 3111 1178 3173 αὐτοῖς
1228 3110 1326 3173 τὰς
1370 3111 1689 3182 ἀποκρίσεις
1733 3113 1838 3164 ἀπ·-

261 3202 497 3272 ένειμον,
532 3203 613 3255 δτι
656 3206 719 3273 τῇ
770 3204 865 3273 μὲν
912 3205 1122 3270 αἰτήσει
1175 3205 1350 3256 αὐτῶν
1398 3205 1647 3275 ἀσμένως
1681 3205 1838 3278 χάριν

262 3295 494 3364 εῖχηκα,
527 3294 640 3347 ἀλλ’
675 3296 735 3347 οὐ
773 3295 922 3366 παρὰ
953 3296 1168 3348 πάντων
1209 3296 1366 3349 τοῦτο
1399 3296 1616 3368 αἰτηθὲν
1658 3299 1839 3349 κατεῖ-

259 3388 379 3440 δον·
411 3390 459 3439 εί
495 3388 592 3457 μὲν
619 3383 711 3440 οὖν
737 3405 878 3450 τινες
904 3383 1012 3440 εἷεν
1048 3391 1114 3458 τῇ
1146 3390 1280 3459 αὐτῇ
1315 3389 1703 3459 δεισιδαιμονίᾳ
1725 3389 1839 3442 δια-

266 3481 539 3550 μένοντες,
571 3479 744 3539 οὖτως
780 3480 874 3533 ἕνα
905 3481 1132 3534 ἕκαστον
1177 3484 1234 3534 ἐν
1273 3485 1337 3552 τῇ
1377 3481 1481 3553 ἰδίᾳ
1522 3481 1836 3553 προαιρέσει

261 3576 362 3644 τὴν
387 3573 638 3644 βούλησιν
658 3573 798 3644 ἔχειν
819 3574 974 3644 (55⁸),
994 3575 1086 3627 καὶ
1107 3577 1154 3628 εἰ
1179 3576 1446 3646 βούλοιντο
1466 3577 1562 3648 τὴν
1577 3576 1681 3628 τῶν
1699 3574 1834 3628 θεῶν

265 3667 564 3738 θρησκείαν
604 3665 1004 3734 ἐπιγινώσκειν.
1042 3671 1230 3739 Ὅμως
1271 3669 1362 3721 καὶ
1396 3671 1506 3732 τοῖς
1539 3669 1636 3738 τῆς
1671 3667 1841 3737 αὐτῆς

266 3759 475 3822 πόλεως
520 3759 912 3830 Νικομηδεῦσι,
961 3760 1055 3812 καὶ
1087 3763 1209 3822 ταῖς
1260 3758 1473 3821 λοιπαῖς
1513 3759 1730 3811 πόλεσιν
1783 3759 1840 3812 αῖ

266 3851 360 3904 καὶ
395 3852 556 3904 αὑταὶ
584 3853 663 3916 είς
691 3851 940 3904 τοσοῦτον
962 3851 1058 3922 τὴν
1083 3852 1273 3922 ὁμοίαν
1300 3850 1512 3920 αἴτησιν
1544 3867 1839 3921 περισπου-

263 3944 475 4006 δάστως
507 3945 643 4015 πρὸς
684 3946 750 4014 μὲ
780 3945 1164 4014 πεποιήκασιν,
1198 3943 1436 4014 δηλονότι
1471 3943 1556 3996 ἵνα
1593 3941 1726 4014 μηδὲ
1762 3937 1842 4006 εἷς

265 4037 373 4088 τῶν
396 4037 733 4107 Χριστιανῶν
756 4041 874 4100 ταῖς
902 4037 1114 4090 πόλεσιν
1137 4036 1390 4106 ὲνοικοίη,
1419 4037 1660 4107 ἀνάγκην
1685 4035 1840 4106 ἔσχον

269 4130 579 4202 προσφιλῶς
611 4129 1025 4201 ἀποκρίνασθαι,
1061 4133 1143 4184 δτι
1181 4129 1243 4201 δὴ
1292 4130 1421 4183 αὐτὸ
1450 4128 1608 4182 τοῦτο
1651 4131 1744 4182 καὶ
1790 4129 1839 4183 οἱ

269 4226 481 4292 ἀρχαῖοι
510 4223 908 4294 αὐτοκράτορες
937 4225 1135 4287 πάντες
1167 4223 1512 4292 διεφύλαξαν,
1543 4223 1637 4277 καὶ
1661 4225 1842 4288 αὐτοῖς

269 4321 378 4382 τοῖς
413 4318 554 4382 θεοῖς
594 4318 661 4371 δι’
694 4318 787 4381 οὓς
825 4321 1024 4383 πάντες
1056 4320 1330 4392 ἄνθρωποι
1362 4321 1456 4373 καὶ
1489 4319 1624 4390 αὐτὴ
1660 4320 1693 4390 ἡ
1734 4319 1840 4372 τῶν

268 4410 540 4480 δημοσίων
592 4409 856 4481 διοίκησις
919 4411 1251 4475 συνίσταται,
1309 4411 1504 4482 ἤρεσεν
1559 4405 1652 4464 οὖν
1701 4408 1836 4478 (54),

1939 1917 2095 1988 361
2129 1928 2346 1978 nostrze,
2377 1916 2490 1969 htec
2519 1933 2546 1968 a
2572 1915 2863 1984 judicibus,
2899 1925 3057 1984 prout
3085 1915 3380 1984 jnsseram,
3408 1915 3510 1969 ob-

1941 2020 2154 2065 servata
2185 2020 2330 2072 sunt,
2365 2024 2522 2062 nemo
2563 2025 2630 2062 ex
2687 2009 2930 2075 partibus
2964 2007 3208 2061 Orientis
3239 2017 3332 2060 aut
3364 2006 3510 2061 rele-

1941 2113 2117 2171 gatus,
2147 2110 2239 2154 aut
2268 2099 2596 2155 contumelia
2626 2097 2852 2152 allectus
2879 2108 2983 2153 est.
3009 2099 3149 2164 Quin
3185 2099 3362 2166 potius
3393 2113 3510 2167 pro-

1940 2191 2199 2246 vinciales
2227 2190 2392 2244 nostri
2421 2205 2486 2244 eo
2523 2189 2662 2257 quod
2693 2189 3014 2243 clementius
3040 2204 3159 2242 cum
3207 2189 3336 2257 ipsis
3383 2203 3510 2258 age-

1940 2284 2118 2346 batur,
2150 2285 2216 2337 ad
2247 2283 2526 2338 numinum
2559 2283 2762 2336 cultum
2800 2283 3098 2336 redierunt.
3154 2280 3347 2335 Postea
3379 2297 3510 2335 vero

1941 2394 2062 2432 cum
2097 2395 2237 2432 anno
2263 2377 2540 2446 praeterito
2575 2375 2944 2430 Nicomediam
2977 2374 3210 2428 feliciter
3231 2390 3406 2429 essent
3427 2375 3508 2426 in-

1941 2482 2182 2537 gressus,
2211 2468 2356 2521 cives
2381 2467 2500 2536 ejus
2525 2466 2675 2519 urbis
2723 2479 2809 2518 me
2842 2463 2949 2517 illic
3016 2464 3300 2532 degentem
3355 2463 3510 2516 adie-

1940 2571 2062 2615 runt
2096 2576 2221 2615 cum
2259 2561 2480 2614 deorum
2523 2555 2867 2620 simulacris;
2912 2555 3114 2610 obnixe
3164 2565 3412 2617 orantes,
3443 2570 3511 2609 ne

1940 2652 2243 2724 hujusmodi
2276 2651 2552 2707 hominum
2582 2665 2750 2719 genus
2801 2647 2854 2702 iit
2883 2662 2979 2701 sua
3009 2647 3230 2702 civitate
3259 2648 3511 2702 habitare

1939 2745 2160 2800 omnino
2194 2744 2484 2798 sineretur.
2531 2742 2635 2796 Sed
2691 2744 2945 2812 quoniam
3007 2741 3318 2810 complures
3351 2740 3513 2809 hujus

1941 2839 2216 2909 religionis
2249 2837 2394 2892 viros
2421 2836 2526 2891 illis
2558 2837 2607 2889 in
2631 2837 2873 2904 partibus
2898 2835 3094 2903 degere
3121 2848 3508 2902 cognoveram,

1938 2931 2040 2985 hoc
2067 2931 2146 2985 eis
2172 2945 2486 3000 responsum
2519 2931 2659 2991 dedi,
2697 2945 2781 2983 me
2806 2929 3019 2996 quidem
3050 2943 3236 2982 eerum
3265 2925 3509 2996 petitioni

1941 3023 2170 3077 libenter
2235 3021 2705 3092 gratiﬁcaturum;
2760 3021 2852 3075 sed
2911 3037 3016 3075 non
3075 3020 3512 3074 animadvertere

1940 3114 2171 3184 idipsum
2199 3130 2262 3168 ex
2293 3130 2446 3183 :equo
2480 3117 2544 3168 ab
2579 3115 2834 3168 omnibus
2857 3111 3145 3182 postulari.
3171 3112 3323 3178 Quod
3355 3109 3510 3178 siqui

1942 3208 2048 3262 sint
2066 3208 2154 3277 qui
2181 3207 2232 3261 in
2254 3207 2688 3262 Christianorum
2711 3208 3099 3276 superstitione
3131 3213 3508 3275 permaneant,

1943 3317 2382 3371 unumquemque
2417 3317 2513 3370 pro
2544 3302 2810 3353 arbitratu
2846 3317 2908 3354 ac
2949 3301 3145 3353 mentis
3177 3313 3287 3351 sua!
3314 3312 3511 3367 propo-

1940 3396 2043 3450 sito
2070 3395 2268 3464 eligere
2295 3396 2435 3463 quod
2461 3393 2722 3457 vellet;et
2745 3393 2790 3446 si
2815 3397 3038 3446 deorum
3068 3393 3379 3460 religionem
3405 3406 3515 3450 am-

1940 3488 2100 3556 plecti
2131 3487 2348 3551 vellent,
2378 3488 2600 3555 perinde
2623 3488 2673 3538 id
2699 3485 2880 3541 licere.
2909 3483 3016 3538 Sed
3050 3495 3229 3536 tamen
3267 3493 3320 3535 et
3351 3480 3511 3535 Nico-

1941 3581 2323 3641 ntcdieusibus,
2351 3591 2403 3633 et
2434 3580 2656 3648 reliquis
2684 3578 2998 3631 civitatibus
3025 3591 3144 3644 qua:
3173 3576 3416 3628 eamdem
3445 3573 3510 3626 ad

1939 3687 2024 3724 tne
2057 3673 2365 3740 petitionem
2389 3687 2511 3723 cum
2539 3686 2752 3724 summa
2782 3669 3136 3723 contentione
3178 3667 3510 3729 detulerant,

1938 3773 1998 3817 nt
2040 3763 2288 3817 videlicet
2323 3763 2500 3816 nullus
2525 3761 2959 3816 Christianorum
3014 3764 3066 3815 in
3118 3763 3234 3815 suis
3286 3762 3513 3814 urbibus

1938 3856 2230 3922 habitaret,
2250 3871 2467 3908 necesse
2490 3854 2650 3907 habui
2671 3853 2901 3922 benigne
2923 3855 3244 3920 respondere
3260 3892 3275 3917 ,
3299 3851 3512 3920 quando

1941 3948 2010 4001 ita
2044 3948 2389 4002 observatum
2417 3946 2606 3999 fuiSset
2657 3961 2686 3998 a
2729 3947 2942 4000 cunctis
2987 3955 3134 4000 retro
3170 3946 3511 4015 imperatori-

1943 4041 2074 4104 bus;
2110 4039 2213 4094 diis
2239 4055 2454 4109 quoque
2491 4039 2882 4093 immortalibus
2909 4055 3005 4107 per
3035 4053 3169 4106 quos
3202 4053 3371 4106 genus
3410 4037 3511 4090 litt-

1945 4146 2162 4184 tnanunt
2187 4141 2240 4186 et
2265 4130 2572 4200 reipublicze
2599 4140 2879 4196 permanet
2911 4141 3102 4191 status,
3140 4129 3369 4197 idipsum
3399 4130 3513 4199 pla-

1941 4223 2147 4277 cuisset
2176 4242 2189 4276 :
2223 4237 2309 4276 me
2361 4237 2574 4292 quoque
2613 4221 2921 4290 huiusmodi
2977 4223 3294 4292 petitionem
3351 4239 3511 4292 quam

1943 4315 2009 4369 de
2047 4315 2190 4369 cultu
2223 4316 2444 4370 deorum
2478 4331 2698 4370 suorum
2730 4314 2795 4368 ad
2826 4331 2912 4368 me
2936 4317 3287 4379 detulissent,
3317 4317 3516 4369 contir-

1943 4421 2239 4466 maturum.
2275 4409 2632 4476 Quamobrem
2672 4411 2774 4466 etsi
2822 4411 2932 4482 jam
2964 4420 3122 4466 antea
3178 4425 3320 4480 stepe
3349 4410 3516 4464 devo-

270 4591 492 4662 Oriente
523 4590 644 4662 fere
661 4606 872 4658 semper
901 4600 1152 4662 versatus
1183 4597 1287 4649 est,
1318 4589 1499 4662 Caesar
1539 4590 1722 4644 Jovius
1753 4600 1837 4662 est
1869 4597 1912 4651 ι)
1939 4587 2180 4662 Orientis
2215 4601 2476 4650 recenset,
2515 4591 2658 4644 inter
2686 4590 2792 4662 has
2825 4601 3073 4644 numerat
3113 4589 3404 4662 Egyptum
3458 4601 3516 4645 et

273 4661 591 4729 appellatus.
625 4660 716 4714 Sic
741 4663 882 4713 enim
915 4661 964 4712 in
995 4660 1256 4714 Chronico
1292 4661 1653 4713 Alexandrino
1695 4661 1830 4712 dici-

274 4744 380 4792 tur,
414 4741 465 4783 et
495 4732 544 4783 in
577 4743 757 4783 vetere
785 4747 1003 4783 nummo
1031 4745 1189 4800 quem
1220 4731 1387 4783 edidit
1439 4731 1676 4800 Joannes
1707 4729 1831 4800 Tris

273 4812 482 4855 stanus.
541 4801 889 4854 Constantius
929 4799 1082 4864 vero,
1145 4811 1328 4868 utpote
1379 4803 1468 4870 qui
1520 4799 1827 4870 Maximiani

275 4870 510 4925 llereulii
541 4871 832 4939 privignam
885 4871 1132 4933 duxerat,
1168 4881 1221 4922 et
1276 4869 1403 4923 cuin
1451 4871 1542 4923 illo
1573 4872 1623 4923 in
1681 4869 1829 4924 Occi-

273 4946 433 4994 dente
465 4939 804 5000 versabatur,
831 4939 1016 4994 Czesar
1041 4940 1324 4994 Herculius
1349 4941 1522 4995 dictus
1546 4949 1650 4999 est,
1685 4951 1739 4991 ttt
1762 4956 1827 4993 ex

272 5022 454 5064 Vetere
481 5011 803 5081 panegyrico
833 5012 1137 5081 observavit
1173 5011 1336 5064 frater
1367 5026 1530 5081 meus
1558 5011 1828 5064 Adrianus

275 5081 543 5134 Valesius.
607 5079 817 5132 Min-tuo
868 5082 1060 5133 deinde
1099 5080 1339 5144 Galerio,
1364 5080 1706 5140 Maximinus.
1737 5081 1829 5148 qui

273 5153 451 5203 tia-sar
479 5152 547 5202 ab
578 5151 665 5203 illo
704 5151 875 5203 factus
908 5151 1103 5211 fuerat,
1139 5161 1554 5220 cognomentum
1581 5150 1717 5205 Jovii
1745 5165 1834 5204 as-

274 5222 526 5287 sautpsit.
558 5230 612 5273 ttt
637 5237 698 5273 ex
736 5221 834 5272 hoc
865 5221 1075 5273 Eusebii
1122 5221 1236 5274 loco
1270 5223 1548 5275 discimus.

344 5292 456 5359 (δε)
489 5291 589 5356 Εἰς
616 5289 1089 5361 ’τὴνᾺνιιτολήιςἶ
1120 5289 1359 5344 Orientis
1399 5291 1614 5344 nomine
1666 5289 1832 5361 Egy-

274 5371 398 5430 ptus
427 5363 590 5414 etiam
625 5363 1019 5415 continebatur.
1049 5360 1218 5430 Hujus
1260 5362 1402 5416 enim
1434 5360 1831 5415 administratio

274 5431 564 5484 commissa
592 5432 763 5485 fuerat
790 5432 1081 5484 Maximino
1108 5433 1326 5485 Caesari.
1355 5432 1562 5500 Quippe
1594 5431 1834 5484 Maximi-

277 5518 374 5553 nus
403 5517 524 5554 cum
559 5503 738 5555 Ctesar
772 5518 800 5555 a
825 5501 1040 5556 Galerio
1069 5502 1242 5555 factus
1271 5503 1480 5563 fuisset,
1517 5517 1706 5555 omnes
1736 5516 1831 5556 eas

276 5573 578 5638 provincias
600 5588 733 5640 quas
771 5571 1129 5625 Diocletianus
1155 5573 1256 5626 sibi
1296 5573 1609 5633 retinuerat,
1643 5586 1829 5640 regen-

275 5645 369 5692 das
404 5642 627 5710 accepit.
656 5644 828 5708 Atque
852 5643 975 5695 hinc
997 5641 1196 5695 factum
1228 5652 1331 5704 est,
1367 5653 1420 5696 ut
1448 5641 1712 5712 Aigyptus
1737 5641 1825 5712 diu

277 5721 458 5778 postea
497 5713 636 5764 inter
670 5713 975 5777 provincias
1030 5713 1265 5770 Orientis
1299 5711 1580 5766 numerata
1612 5713 1704 5765 sit.
1736 5711 1828 5766 Sic

274 5793 420 5836 certe
454 5784 632 5836 Atnnt.
663 5781 1005 5839 Marcellinus
1032 5784 1086 5839 itt
1112 5783 1204 5839 lib.
1230 5798 1343 5848 liv,
1387 5783 1478 5838 ubi
1528 5781 1832 5852 provincias

1939 4660 2401 4726 Mesopotamiam.
2429 4662 2534 4714 Sed
2569 4669 2624 4712 et
2663 4658 2930 4729 Egyptus
2962 4662 3116 4713 initio
3142 4658 3392 4715 fuit—sub
3425 4676 3516 4716 co-

1939 4731 2070 4783 tnite
2103 4729 2362 4787 Orientis.
2389 4739 2448 4782 ut
2477 4731 2636 4783 docet
2670 4741 2826 4781 vetus
2857 4731 3139 4799 inscriptio
3167 4748 3285 4798 quae
3307 4733 3386 4784 sic
3417 4735 3513 4784 ha-

1936 4801 2027 4854 bet
2063 4816 2075 4850 Ξ
2109 4816 2164 4852 Ι.
2205 4815 2403 4854 ιιικειο
2432 4814 2640 4854 ηειιιιιο
2695 4816 2852 4855 FUBIO
2901 4816 3164 4856 BALBliBIO
3213 4817 3514 4856 CIECILIANO

1936 4886 2162 4924 PLAClDO
2198 4887 2246 4925 C.
2280 4886 2330 4924 ν.
2362 4886 2545 4924 COMlTl
2581 4885 2830 4926 OBIENTIS
2869 4887 3075 4927 ΕΕἹΡἹΊ
3124 4873 3510 4928 ΙΕεΟΡΟΤᾸὶίΙΑΞ

1936 4956 2152 4995 ευκευιλι
2186 4956 2499 4999 οιιοιΝΑιιιο.
2535 4953 2640 4994 etc.

2008 5012 2119 5078 (55)
2165 5011 2248 5075 Τῷ
2272 5013 2626 5080 παρελθόντι
2669 5010 2938 5078 ἐνιαυτῷ.
2963 5011 3117 5065 Anno
3133 5012 3336 5066 scilicet
3360 5011 3511 5065 Chri-

1941 5083 2006 5133 sti
2039 5081 2164 5144 3ll,
2198 5081 2521 5135 Maximiano
2548 5085 2721 5138 octies
2763 5098 2878 5137 eos.
2919 5083 2994 5136 Eo
3043 5084 3186 5134 enitn
3213 5097 3354 5134 anno
3383 5097 3507 5136 cum

1941 5151 2191 5206 Galerius
2229 5162 2488 5223 mortuus,
2515 5165 2679 5218 esset,
2718 5153 3042 5206 Maximinus
3080 5151 3382 5223 Bithyniam
3413 5168 3508 5206 oc-

1940 5224 2178 5294 cupavit,
2213 5237 2372 5288 quant
2397 5222 2646 5294 Galerius
2668 5241 2772 5277 una
2797 5239 2918 5294 cum
2951 5223 3160 5294 Illyrico
3188 5221 3503 5294 etAThracia

1939 5293 2040 5363 sibi
2075 5293 2397 5346 retinuerat.
2435 5292 2568 5346 Vide
2589 5309 2708 5363 qua:
2736 5293 2916 5348 notavi
2946 5291 3109 5362 supra
3138 5307 3188 5347 c.
3228 5291 3286 5358 5,
3317 5292 3406 5345 ubi
3441 5293 3507 5346 de

1937 5360 2456 5442 basiantmrtyrs:

2005 5433 2144 5500 (55')
2161 5433 2262 5486 Ἐν
2276 5430 2357 5500 τῇ
2371 5433 2490 5500 ἰδίᾳ
2511 5433 2846 5502 προαιρέσει
2867 5433 2982 5501 τὴν
2997 5433 3309 5500 ,ϐούλησιν
3318 5430 3500 5501 ἔχειν.

1938 5501 2061 5557 lltec
2088 5505 2502 5572 proverbialiter
2530 5505 2635 5560 dici
2667 5501 2942 5560 videntur.
2975 5503 3088 5559 Hoc
3134 5515 3217 5558 est
3250 5512 3395 5571 quod
3424 5503 3507 5556 dt-

1935 5575 2009 5629 cit
2045 5573 2262 5627 Persius
2289 5590 2301 5626 :

2019 5642 2156 5696 Velle
2183 5659 2334 5698 suum
2360 5647 2542 5707 cuique
2563 5654 2636 5697 est

1940 5714 2045 5769 Sed
2073 5724 2194 5784 post
2225 5715 2338 5768 haec
2364 5718 2524 5784 verba
2557 5715 2766 5778 videtur
2795 5714 3069 5784 quidpiam
3101 5714 3310 5766 deesse.

2011 5776 2122 5854 (si)
2171 5776 2574 5853 'llpweroﬁr.
2615 5776 2946 5840 Ultima'voi
2983 5784 3250 5856 superﬂua
3275 5789 3380 5850 est,
3407 5797 3505 5838 nec
