4132 6406
213 301 387 362 82‘)
1315 314 1667 373 HISTORIE
1715 319 2280 376 ECCLESIASTlC/E
2317 319 2443 374 LIB.
2489 320 2578 375 lx.
3482 327 3586 381 83f)

215 417 364 474 λε’.)
380 428 610 495 σμένον
643 427 878 499 ὀφείλεις
895 431 1150 504 δηλῶσαι.
1183 454 1201 488 ι
1223 435 1388 490 Ταῦθ’
1406 438 1510 492 ὑπὸ
1543 439 1641 511 τῆς
1660 440 1870 512 ἀνάγκη

1975 497 1980 505 _
2014 442 2194 498 lidiam
2216 442 2382 498 animi
2412 442 2494 497 sui
2527 442 2864 498 ostenderat.
2903 441 3090 514 Itaque
3146 459 3305 500 nemo
3339 455 3582 501 nostrum

221 517 764 595 ἐκϐεϐιασμένος.
817 525 931 580 ἀλλ’
991 529 1051 580 οὐ
1115 527 1256 583 κατά
1307 529 1535 602 γνώμην
1585 531 1684 603 τὴν
1731 534 1870 586 αὐτο

2003 543 2098 588 aut
2127 544 2430 589 conventus
2455 534 2860 590 ecclesiasticos
2887 551 3070 606 agere,
3101 547 3194 591 aut
3218 538 3456 606 seipsnm
3487 554 3582 607 pa-

219 610 824 688 διακελευσάμενος,
897 621 1074 674 οὐκέτ’
1132 622 1368 694 ἀληθὴς,
1426 625 1538 677 οὐδ’
1589 623 1870 690 ἀξιόπιστο

2004 624 2107 676 lam
2147 621 2326 678 facere
2352 624 2479 677 etin
2511 632 2757 691 apertum
2783 624 3030 693 proferre
3048 639 3212 679 ausus
3234 633 3346 679 est:
3381 625 3583 696 quippe

227 711 472 777 παρὰ
518 712 632 773 τοῖς
666 713 830 764 πᾶσιν
883 707 971 784 ἦν,
1026 713 1125 783 τῆς
1169 715 1404 784 πρόσθεν
1452 717 1554 789 ἤδη
1608 719 1745 789 μετά
1801 719 1866 789 τὴ

2001 730 2124 769 cum
2179 731 2279 770 nec
2313 714 2536 784 epistola
2580 716 2695 784 ipsa
2730 716 2779 768 id
2839 717 3158 769 nominatim
3211 719 3575 784 concederet;

227 797 508 868 ὁμοίαν
565 801 910 875 συγχώρησιν
971 805 1306 877 παλιμῦὁλου
1361 810 1456 862 καὶ
1505 811 1866 883 διεψευσμένη

2000 808 2094 860 sed
2126 806 2565 874 tantumjuberet
2622 818 2680 862 ttt
2722 809 2791 862 ab
2817 809 2963 862 omni
3017 809 3289 862 calumnia
3323 820 3378 864 et
3413 826 3580 864 vexa-

231 892 479 948 αὐτοῦ
515 894 741 966 γνώμης
773 897 952 951 ἕνεκα.
989 896 1197 953 Οὔκουν
1228 899 1431 972 ἐτόλμα
1457 919 1540 964 τις
1571 903 1680 956 τῶν
1703 905 1733 974 ἡ
1745 903 1870 977 μετέ

2001 901 2146 955 tione
2173 901 2442 956 immunes
2467 917 2623 956 serva
2635 917 2842 958 remur.
2868 902 3181 958 Conventus
3208 913 3388 957 autem
3413 919 3576 972 agere

240 1001 419 1057 ρων
456 988 676 1041 σύνοδον
720 992 1039 1060 συγκροτεῖν
1076 990 1209 1059 (61),
1249 992 1356 1044 οὐδ’
1390 993 1550 1047 αὑτὸν
1587 995 1644 1047 ὲν
1679 996 1870 1066 φανερί

2000 1003 2093 1047 aut
2121 993 2386 1048 ecclesias
2404 1005 2708 1058 exstruere,
2742 1006 2836 1049 aut
2892 997 3038 1050 aliud
3074 997 3203 1066 quid
3232 1011 3422 1050 eorum
3455 1011 3576 1065 qua}

241 1079 780 1150 καταστήσασθαι,
838 1081 918 1133 ὅτι
983 1081 1114 1151 μηδὲ
1178 1081 1323 1134 τοῦτ’
1386 1083 1574 1153 ἤθελεν
1634 1084 1783 1155 αὐτῷ
1837 1102 1867 1137 τ

1999 1083 2156 1138 nobis
2175 1083 2434 1139 solemnia
2495 1096 2624 1140 sunt
2673 1103 2956 1158 peragere,
3008 1103 3346 1158 nequaquam
3381 1088 3575 1156 praeci-

243 1171 570 1242 γράμμα,
605 1172 735 1224 αὐτὸ
778 1173 934 1242 μόνον
963 1173 1022 1226 τὸ
1055 1174 1459 1245 ἀνεπηρέαστον
1502 1178 1636 1246 ἡμῖν
1678 1176 1869 1248 ἐπιτρέ

1998 1177 2202 1245 piebat.
2229 1177 2296 1231 Et
2327 1186 2502 1232 tamen
2540 1180 2690 1247 pacis
2713 1196 2774 1234 ac
2807 1181 3028 1250 pictatis
3062 1182 3276 1251 patroni
3307 1181 3577 1236 Constan-

250 1275 411 1318 πον
449 1265 832 1336 φυλάττεσθαι,
866 1267 926 1318 οὐ
957 1267 1062 1336 μὴν
1094 1267 1342 1331 συνόδους
1370 1268 1685 1321 ἐπικελεῦον
1729 1271 1870 1322 ποιεῖ

1998 1271 2141 1322 ιῐηυε
2163 1276 2218 1322 et
2254 1268 2522 1337 Licinius,
2559 1281 2669 1324 tum
2703 1273 2897 1327 litteris
2934 1273 2999 1326 ad
3043 1274 3216 1342 ipsum
3243 1275 3384 1329 datis
3436 1276 3487 1330 id
3515 1290 3575 1331 se

254 1356 454 1420 σθαι,
516 1357 621 1410 οὐδ’
667 1358 850 1420 οἴκους
907 1356 1212 1428 ἐκκλησιῶν
1256 1358 1594 1430 οἰκοδομεῖν,
1629 1358 1736 1411 οὐδ’
1769 1358 1870 1412 m

1996 1356 2152 1412 nobis
2179 1360 2477 1415 concedere
2515 1361 2962 1430 signiticaveraut
2989 1379 3005 1416 :
3042 1373 3154 1417 tum
3187 1365 3460 1420 universis
3489 1366 3574 1419 di-

254 1463 339 1500 τι
417 1449 533 1502 τῶν
588 1449 830 1520 συνήθων
879 1451 1010 1520 ἡμῖν
1061 1448 1509 1520 διαπράττεσθαι.
1553 1449 1660 1502 Καί
1708 1447 1790 1502 τοί
1828 1465 1870 1517 γι

1997 1448 2132 1502 tioni
2158 1463 2271 1504 suae
2318 1449 2730 1516 lamulantibus,
2774 1454 3070 1524 propositis
3118 1457 3312 1511 edictis
3345 1467 3399 1511 et
3442 1456 3574 1528 legi-

255 1542 462 1596 ταῦθ*
494 1545 540 1596 oi
581 1544 682 1612 τῆς
718 1543 940 1612 εἰρήνης
973 1542 1269 1614 προήγοροι
1303 1542 1397 1596 καὶ
1427 1540 1709 1604 εὐσεϐείας
1736 1541 1870 1592 Κωνι

1994 1540 2095 1596 bus
2127 1541 2358 1612 idipsum
2389 1545 2772 1622 permiserant.
2806 1545 3004 1600 Verum
3045 1548 3245 1617 impius
3275 1548 3363 1604 ille
3392 1565 3462 1604 ne
3491 1551 3573 1605 sic

267 1638 592 1698 σταντῖνος
631 1637 725 1692 καὶ
769 1635 1061 1698 Λικίννιος,
1112 1634 1262 1705 αὐτῷ
1333 1651 1392 1687 τε
1435 1633 1747 1701 ἐπιτρέπειν
1793 1633 1870 1685 ἐπε

1993 1633 2212 1702 quidem
2265 1634 2406 1692 ﬂecti
2469 1652 2534 1692 ac
2592 1638 2868 1708 paululum
2915 1640 3112 1696 cedere
3144 1641 3405 1708 decrevit,
3466 1643 3570 1696 nisi

265 1727 643 1780 εστάλκεσαν
670 1727 802 1796 (62),
836 1727 930 1781 καὶ
961 1729 1072 1791 τοῖς
1099 1727 1188 1780 ὑπ’
1217 1727 1412 1792 αὐτοὺς
1453 1727 1624 1782 ἅπασι
1645 1726 1734 1780 διὰ
1761 1742 1870 1798 προ

1993 1737 2280 1795 postquam
2313 1728 2495 1783 divina
2557 1744 2678 1784 eum
2738 1743 3101 1804 persequente
3155 1733 3370 1803 justitia
3413 1736 3480 1790 ad
3517 1736 3570 1790 id

269 1821 656 1890 γραμμάτων
701 1820 795 1873 καὶ
828 1820 1006 1890 νόμων
1056 1821 1570 1890 συγκεχωρήκεσαν.
1605 1820 1680 1874 Οὐ
1719 1819 1825 1890 μὴν
1864 1837 1870 1868 ε

1998 1820 2211 1874 tandem
2244 1821 2446 1878 invitus
2479 1823 2775 1892 perductus
2797 1836 2900 1881 est.

271 1911 733 1978 δυσσεϐέστατος
772 1913 942 1988 ταύτῃ
972 1912 1212 1972 ἐνδοῦναι
1259 1915 1557 1991 προῄρητο,
1596 1917 1646 1969 εί
1710 1914 1784 1986 μὴ
1821 1913 1910 1974 ὅτε
1950 1911 2088 1984 πρὸς
2118 1915 2218 1987 τῆς
2250 1915 2399 1982 Θείας
2433 1919 2778 1984 συνελασθεὶς
2824 1919 3000 1993 δίκης,
3045 1918 3272 1974 ὕστατόν
3323 1939 3387 1991 γε
3421 1920 3569 1978 ἄκων

279 2007 400 2069 Exi.
433 2005 577 2061 τοῦτ’
611 2007 773 2081 ἤχθη.

846 2099 1238 2164 ΚΕΦΛΛΑΙΟΝ
1286 2100 1342 2155 I'.

426 2193 565 2263 Περί
596 2191 706 2261 τῆς
734 2191 851 2268 rei!
887 2193 1182 2268 osoggér
1199 2194 1513 2268 ,βασιλέων
1555 2197 1748 2268 νίκης.

765 2263 902 2334 (Nic.
933 2265 1003 2322 II.
1028 2263 1095 2322 Ε.
1127 2280 1222 2332 νιι,
1247 2267 1338 2333 37,
1361 2266 1472 2337 σε).

392 2357 752 2429 Ἐκπεριῆλθε
797 2358 842 2411 δ’
876 2357 1039 2411 αὐτὸν
1084 2357 1192 2428 (65)
1227 2359 1448 2431 τοιαύτη
1483 2377 1567 2423 τις
1616 2363 1797 2419 αίτία·
1831 2367 1870 2422 τί

2053 2359 2226 2418 Porro
2253 2363 2564 2435 huiusmodi
2589 2381 2751 2422 causa
2785 2382 2851 2422 ac
2907 2369 3208 2424 necessitas
3247 2385 3374 2425 eum
3406 2374 3562 2441 quasi

296 2447 538 2520 μέγεθος
573 2449 672 2518 τῆς
710 2448 772 2501 οὐ
816 2449 934 2501 κατ’
976 2447 1134 2513 ἀξίαν
1165 2450 1562 2522 ἐπιτραπείσης
1589 2455 1870 2526 ἡγεμονίας

1982 2453 2224 2524 undique
2255 2457 2537 2512 obsessum
2579 2459 2934 2513 constrinxit.
2968 2460 3102 2514 Cum
3131 2461 3562 2532 magnitudinem

2607 2117 2836 2174 CAPUT
2864 2117 2932 2173 Χ.

1992 2203 2072 2260 De
2098 2207 2316 2262 victoria
2341 2208 2550 2278 piorum
2580 2209 2790 2282 Deoque
2807 2221 3138 2280 acceptorum
3169 2212 3562 2282 imperatorum.

289 2537 454 2608 αὐτῷ
500 2537 694 2610 μηκέθ’
740 2536 850 2603 οἷός
880 2555 939 2592 τε
969 2539 1182 2612 φέρειν,
1209 2539 1344 2594 ἀλλά
1387 2542 1455 2595 δι’
1484 2545 1740 2618 ἀπειρίαν
1775 2547 1882 2604 σώ-

295 2647 504 2701 φρονος
548 2630 807 2709 λογισμοῦ
857 2632 950 2685 καὶ
998 2631 1298 2702 βασιλικοῦ,
1355 2635 1733 2706 ἀπειροκάλως
1767 2645 1882 2706 τοῖς

295 2723 624 2794 πράγμασιν
680 2722 964 2794 ἐγχειρῶν,
1022 2723 1115 2777 ἐπὶ
1172 2725 1319 2796 πάσῃ
1382 2743 1442 2778 τε
1504 2727 1880 2801 ὑπερηφανίας

303 2812 647 2883 μεγαλαυχία
669 2813 766 2883 τὴν
793 2812 970 2884 ψυχὴν
1006 2813 1214 2882 ἀλόγως
1242 2815 1448 2886 ἀρθεὶς,
1492 2818 1590 2891 ἢδη
1623 2823 1715 2874 καὶ
1741 2824 1880 2878 κατὰ

294 2907 411 2961 τῶν
445 2909 541 2978 τῆς
578 2908 1166 2978 βασιλείας·κοινωνῶν,
1197 2909 1264 2963 τὰ
1289 2910 1466 2964 πάντα
1497 2913 1660 2966 αὐτοῦ
1689 2915 1878 2986 διαφε-

1980 2547 2316 2618 principatus
2344 2551 2550 2618 absque
2579 2549 2688 2603 ullo
2739 2551 2936 2606 merito
2972 2552 3073 2622 ipsi
3113 2554 3358 2607 concessi
3390 2555 3564 2609 susti-

1986 2660 2118 2701 nere
2146 2643 2378 2714 amplius
2407 2659 2514 2697 nou
2547 2653 2728 2712 posset
2757 2660 2772 2697 :
2809 2644 2906 2697 sed
2938 2646 3215 2699 moderata
3241 2657 3294 2701 et
3324 2647 3564 2716 impera-

1986 2736 2126 2791 toria
2151 2735 2441 2804 prudentia
2472 2735 2692 2804 penitus
2721 2735 3034 2799 destitutus,
3067 2737 3250 2807 inepte
3282 2749 3444 2808 atque
3475 2743 3561 2794 in-

1986 2832 2182 2884 decore
2207 2827 2417 2898 publica
2443 2832 2657 2899 negotia
2687 2839 2983 2895 tractaret;
3007 2845 3070 2884 ac
3111 2841 3370 2898 praeterea
3405 2847 3562 2887 arro-

1987 2921 2132 2992 ganti
2169 2923 2365 2975 mentis
2391 2931 2604 2974 tumore
2646 2931 2847 2975 temere
2873 2931 3015 2975 esset
3039 2921 3234 2982 elatus.
3269 2922 3432 2976 etiam
3462 2923 3560 2975 ad-

301 3001 507 3073 ρόντων
532 2999 677 3069 γένει
704 3018 763 3054 τε
799 3001 892 3055 κα).
926 3001 1162 3073 παιδείᾳ,
1203 3001 1474 3074 ἀξιώματί
1535 3023 1595 3058 τε
1639 3010 1732 3062 καὶ
1761 3028 1870 3065 συν.

1991 3028 2183 3068 versus
2209 3013 2353 3083 ipsos
2381 3012 2593 3081 imperii
2619 3023 2902 3067 consortes
2921 3053 2937 3078 ,
2963 3014 3052 3082 qui
3082 3015 3335 3070 omnibus
3383 3015 3560 3070 modis

300 3093 442 3155 έσει,
478 3093 572 3147 καὶ
595 3093 669 3164 τῷ
702 3111 765 3162 γε
814 3095 1033 3148 πάντων
1076 3096 1505 3167 κορυφαιοτάτῳ,
1534 3101 1876 3176 σωφροσύνῃ,

301 3186 396 3239 καὶ
419 3188 482 3256 τῇ
510 3185 637 3257 περ).
661 3185 749 3239 τδν
773 3185 946 3257 ἀληθῆ
974 3186 1104 3240 Θεὸν
1129 3186 1398 3259 εὐσεϐείᾳ,
1428 3187 1631 3264 τολμᾷν
1655 3190 1879 3267 ὥρμητο

302 3273 688 3350 Θρασύνεσθαι,
731 3281 823 3333 καὶ
865 3281 1076 3352 πρῶτον
1119 3281 1306 3333 ἑαυτὸν
1356 3285 1475 3346 ταῖς
1521 3289 1705 3354 τιμαῖς
1749 3289 1879 3341 ἀνα-

300 3370 548 3444 γορεύειν
571 3371 700 3442 (64).
747 3372 1048 3436 Ἐπιτείνας
1075 3372 1130 3428 δὲ
1153 3373 1232 3436 είς
1259 3374 1514 3427 ἀπόνοιαν
1549 3377 1658 3448 (65)
1685 3379 1751 3432 τά
1778 3381 1876 3452 τῆς

307 3476 521 3548 μανίας,
570 3475 837 3547 συνθήκας
870 3474 935 3538 ἃς
976 3473 1112 3548 πρὸς
1146 3474 1416 3528 Λικίννιον
1467 3477 1732 3548 πεποίητο
1769 3495 1876 3532 παι-

304 3635 444 3690 libri.
487 3635 799 3701 Quanquam
830 3633 1052 3688 Ruﬁnus
1076 3633 1338 3690 Sabinum
1397 3634 1528 3689 dicit
1570 3635 1741 3704 legem
1780 3636 1882 3690 im-

302 3709 570 3778 peratoris
599 3707 797 3778 edicto
827 3720 923 3778 suo
965 3706 1341 3778 prteposuisse.
1381 3705 1470 3760 Sic
1497 3707 1637 3778 etiim
1669 3709 1828 3760 habet
1854 3724 1868 3760 :

308 3775 328 3829 ἆ
372 3777 477 3830 Sed
518 3776 866 3844 Sabinus,qni
899 3791 993 3842 per
1035 3775 1086 3828 id
1131 3785 1342 3840 tempus
1382 3775 1711 3842 prtel'ccturie
1755 3777 1874 3830 cul-

303 3861 427 3901 men
479 3848 738 3916 gerebat,
788 3847 1029 3916 omnium
1097 3846 1501 3914 provinciarum
1563 3847 1872 3903 rectoribus

301 3915 550 3971 scribens
575 3957 588 3977 ,
618 3927 669 3969 et
699 3915 973 3984 przelatam
1006 3916 1346 3984 imperatoris
1399 3916 1643 3970 inserens
1672 3917 1866 3985 legem,

301 3997 407 4041 etc.
450 4006 469 4037 ι
516 3986 808 4039 Fatendum
857 3994 1007 4039 certe
1036 3997 1155 4046 est,
1197 3987 1342 4052 leges
1376 3985 1761 4056 imperatorum
1811 3997 1868 4042 ut

300 4058 626 4126 plurimum,
677 4056 1159 4126 antelatasifuiSse
1215 4057 1407 4126 edictis
1485 4057 1864 4125 praafcctorum

303 4125 564 4196 przetorii.
605 4127 767 4190 Cujus
805 4128 878 4180 rei
925 4125 1133 4178 illustre
1171 4125 1472 4193 exemplum
1515 4127 1777 4182 habemus
1811 4128 1866 4184 in

301 4199 591 4251 collatione
617 4196 1050 4262 Carthaginiensi,
1084 4197 1169 4249 tibi
1200 4207 1322 4264 post
1362 4198 1639 4250 recitatam
1673 4199 1869 4264 episto-

304 4267 408 4319 lam
441 4270 601 4336 impp.
638 4270 703 4320 ad
753 4267 1120 4336 Marcellinum
1163 4267 1434 4336 tribunum
1488 4275 1539 4320 et
1568 4268 1860 4332 notarium,

297 4335 526 4406 jubetur’
552 4335 766 4391 recitari
791 4338 1027 4390 edictum
1060 4335 1400 4397 Marcellini,
1428 4338 1570 4403 quod
1611 4338 1690 4392 sic
1731 4338 1868 4391 inci-

305 4405 381 4475 pit
415 4426 428 4460 :
467 4425 485 4458 ι
522 4408 657 4474 Quid
690 4407 1142 4460 clementissimus
1183 4405 1432 4474 princeps
1467 4406 1527 4462 D.
1573 4407 1635 4461 N.
1679 4407 1863 4461 llono-

1988 3108 2162 3177 ipsum
2199 3105 2503 3170 anteibant,
2542 3119 2762 3175 genere,
2799 3105 3144 3160 institutione
3167 3145 3183 3170 ,
3245 3106 3510 3176 dignitate
3537 3147 3554 3172 ,

1984 3199 2313 3272 prudentia:
2355 3199 2608 3268 quodque
2652 3199 2984 3268 praecipuum
3040 3208 3159 3260 est,
3208 3201 3470 3253 modestia
3503 3209 3554 3254 et

1985 3293 2188 3361 pietate
2219 3305 2346 3360 erga
2372 3305 2558 3343 verum
2584 3288 2825 3343 omnium
2869 3290 3034 3344 Deum
3064 3309 3078 3345 :
3114 3289 3442 3345 conﬁdentia
3469 3299 3554 3343 at-

1981 3399 2089 3454 que
2115 3382 2398 3438 insolentia
2424 3381 2590 3450 etrapit
2639 3381 2842 3447 extolli,
2895 3383 3109 3452 sibique
3147 3383 3380 3450 pritnmn
3416 3384 3556 3436 inter

1984 3477 2129 3546 ipsos
2160 3474 2336 3528 locum
2363 3474 2414 3528 in
2446 3475 2614 3530 titulis
2653 3475 2814 3546 363
2854 3485 3016 3545 atque
3046 3475 3346 3528 honoribus
3373 3474 3551 3528 vindi-

1989 3634 2221 3690 voluisse
2253 3633 2542 3688 Eusebium
2571 3633 2824 3688 existimo
2857 3650 2870 3686 :
2909 3633 3320 3688 Constantinum
3343 3631 3552 3687 scilicet

1980 3722 2044 3760 ac
2077 3705 2342 3759 Liciniqu
2393 3707 2680 3772 scripsisse
2739 3704 3070 3767 Maximino,
3127 3720 3184 3758 se
3239 3705 3551 3774 permisisse

1977 3775 2304 3832 Christianis
2335 3783 2392 3826 ut
2429 3785 2729 3828 conventus
2759 3786 2981 3842 agerent
3009 3787 3060 3826 et
3094 3774 3356 3828 ecclesias
3380 3773 3550 3833 :cdili-

1975 3855 2183 3899 carent.
2245 3845 2302 3898 Si
2356 3846 2478 3911 quis
2530 3855 2708 3897 tamen
2766 3845 3266 3909 interpretatimiem
3318 3842 3548 3896 Muscnli

1971 3916 2124 3984 sequi
2159 3915 2444 3978 maluerit,
2479 3929 2574 3983 per
2604 3929 2690 3967 me
2725 3913 2868 3968 licet.
2901 3914 3027 3966 Mihi
3075 3916 3292 3984 quidem
3348 3927 3548 3980 nequa-

1974 3983 2139 4053 quam
2164 3985 2457 4039 verisimile
2484 3986 2714 4045 videtur,
2745 3984 3165 4038 Constantinum
3198 4000 3258 4035 ac
3276 3983 3542 4036 Licinium

1974 4055 2268 4110 Maximino
2305 4056 2522 4122 collega:
2553 4070 2652 4106 suo
2679 4056 2967 4106 mandasse
3016 4065 3074 4106 ut
3120 4055 3232 4106 hasc
3281 4055 3545 4106 concede-

1974 4138 2052 4180 ret
2084 4125 2437 4179 Christianis.
2478 4124 2528 4175 ΙιΙ
2569 4125 2714 4176 enim
2757 4126 2920 4178 nimis
2948 4139 3217 4192 arrogans
3257 4124 3468 4177 luisset.

2043 4196 2152 4268 (65)
2192 4193 2566 4268 Ἐκπεριῆλθε
2593 4193 2645 4246 δ’
2671 4195 2876 4268 αὐτόν.
2938 4187 3274 4268 [Ιιηιιὲ,νυι’1›ἰ
3303 4195 3406 4268 vim
3436 4208 3540 4247 non

1973 4265 2356 4321 intellexerunt
2410 4267 2756 4334 interpretes.
2813 4266 2964 4330 Quod
3009 4267 3267 4330 ,cquidem
3330 4265 3537 4329 miror;

1971 4353 2092 4390 cum
2125 4338 2339 4402 vulgata
2374 4337 2543 4389 lexiva
2576 4350 2671 4388 eos
2701 4338 2902 4389 docere
2933 4335 3211 4401 potuerint
3249 4336 3402 4386 verbi
3439 4336 3539 4386 hu-

1966 4407 2056 4476 jus
2104 4407 2575 4476 signiﬁcationem.
2624 4405 2794 4458 Porro
2841 4405 2908 4458 ab
2965 4406 3064 4476 hac
3113 4419 3238 4458 voce
3269 4414 3435 4476 caput
3469 4405 3539 4457 10

306 4468 418 4531 rius
459 4468 560 4544 pro
604 4478 883 4532 catholica!
932 4475 1050 4531 fidei
1083 4468 1496 4536 conlinpatioue
1537 4477 1867 4540 decreverit,
1899 4468 2182 4531 D'ordilur
2253 4478 2651 4528 vetustissimus
2732 4476 2900 4529 codex
2974 4474 3300 4528 Mazarimis.
3342 4468 3538 4542 'anus

304 4549 663 4618 antelatormn
722 4549 930 4618 apicum
986 4555 1181 4618 tenore
1240 4558 1611 4616 monstratur,
1658 4559 1786 4618 etc.
1845 4567 1866 4600 ι

304 4617 448 4671 Idem
479 4621 638 4671 etiam
687 4616 770 4671 de
806 4616 1050 4684 epistolis
1091 4617 1477 4684 imperatorum
1530 4617 1871 4672 sentiendum

303 4699 409 4754 est,
460 4705 594 4759 quas
625 4689 976 4759 magistratus
1001 4701 1213 4759 semper
1233 4686 1346 4759 suis
1369 4687 1708 4759 jussioui‘bus
1737 4702 1873 4759 pra;-

303 4755 591 4827 pouebant.
629 4755 1025 4827 Sic'llimerins
1075 4755 1616 4827 rationalis'rEgypti
1665 4755 1869 4826 in’epi-

303 4825 435 4884 stola
469 4832 534 4882 ad
564 4831 905 4897 prmpositum
930 4825 1184 4882 Mareotin
1229 4842 1390 4897 quam
1420 4825 1587 4881 relert
1628 4828 1870 4897 Athana-

302 4902 412 4969 sius
441 4901 490 4953 iu
522 4896 772 4967 Apologia
809 4913 838 4969 A:
870 4897 1170 4969 tl’pévrtoov
1193 4896 1370 4954 τοίνυν
1417 4896 1735 4969 προστυχὼν
1775 4897 1870 4969 κα)

299 4968 378 5040 τῷ
419 4966 700 5040 ἀντιτύπῳ
739 4967 833 5022 τοῦ
881 4966 1024 5022 Θείου
1053 4967 1426 5040 Δγρέιμματος,
1466 4966 1517 5021 “ὃ
1587 4966 1725 5038 μετά
1772 4966 1866 5021 τοῦ

299 5037 498 5094 οἰκείου
526 5037 862 5109 σεὸἀσματος
900 5037 1285 5109 προτέτακται,
1313 5049 1420 5092 etc.

368 5111 481 5182 (61)
509 5106 774 5165 Σύνοδον
793 5106 1168 5182 συγκροτεῖν,
1202 5108 1306 5161 l’ro
1331 5177 1341 5182 Α
1364 5109 1446 5182 bis
1489 5107 1667 5182 verbis
1698 5106 1870 5182 _Nice—

300 5177 501 5250 phorus
548 5183 708 5236 habet
740 5177 1022 5248 συνάγειν,
1055 5193 1216 5250 quam
1254 5177 1467 5250 quidem
1516 5179 1638 5250 ejus
1696 5178 1866 5250 interf

319 5252 657 5305 iretationem
691 5245 1014 5321 magnopere
1062 5245 1251 5321 probo.
1274 5245 1436 5310 ‘Nam
1469 5246 1680 5321 σιὶνοδος
1723 5249 1864 5321 apud

319 5267 657 5305 )l'elaIIOIICIll
691 5267 1014 5321 magnopere
1062 5267 1251 5318 prono.
1303 5267 1436 5310 nam
1469 5267 1680 5311 συνοοος
1723 5267 1864 5318 apuu

299 5267 609 5383 liusebium,
651 5337 754 5374 non
785 5335 998 5389 semper
1027 5318 1294 5389 signiﬁcat
1326 5319 1614 5379 concilium
1652 5319 1864 5387 episco-

301 5407 513 5460 porum,
547 5391 642 5445 sed
678 5388 945 5445 interdum
975 5404 1074 5459 pro
1099 5388 1480 5447 ecclesiasticis
1507 5390 1863 5443 conventibus

299 5472 543 5515 81111111111⁹ο

370 5531 482 5602 (62)
515 5528 686 5596 Αὐτῷ
703 5547 766 5584 τε
784 5528 1617 5602 ἐπιτρέπεινλὲπεστὰλκεσαν.
1653 5527 1860 5602 Museu-

299 5600 389 5662 lus‘
413 5603 573 5656 vertit
599 5617 614 5654 :
650 5620 668 5652 ι
704 5602 1017 5666 Maximino,
1047 5609 1103 5653 ut
1130 5600 1230 5654 ista
1262 5603 1601 5666 concederet,
1630 5600 1862 5668 scripse-

300 5680 443 5729 rant.
493 5690 512 5724 ο
567 5673 824 5727 Eutndem
886 5685 1102 5740 quoque
1150 5685 1403 5734 sensum,
1435 5670 1559 5740 -_sed
1615 5668 1858 5740 pluribus

301 5742 483 5801 verbis
528 5745 798 5812 expressit
840 5737 1386 5811 Cliristophorsonus.
1433 5737 1547 5812 Ego
1579 5739 1722 5796 aliud
1750 5738 1853 5797 sibi

1975 4547 2302 4602 auctoritate
2333 4544 2699 4613 conjecturam
2731 4560 2903 4598 meam
2935 4545 3242 4597 continuari
3285 4559 3390 4597 non
3424 4561 3538 4597 me-

1973 4618 2230 4671 diocriter
2277 4632 2396 4670 sum
2451 4617 2693 4684 gavisus.
2729 4614 2864 4667 Nam
2895 4627 3183 4682 antequam
3211 4630 3331 4667 eum
3380 4615 3536 4667 codi-

1971 4702 2088 4741 cem
2141 4697 2334 4740 nactus
2379 4700 2591 4749 essem,
2646 4699 2675 4737 a
2729 4686 2971 4750 proxime
3021 4685 3270 4750 sequenti
3312 4685 3535 4750 periodo

1970 4767 2130 4826 eaput
2161 4756 2228 4810 10
2263 4756 2661 4826 inchoaveram.
2698 4756 2831 4808 Cum
2870 4756 3056 4809 codice
3081 4754 3219 4808 Maz.
3263 4755 3535 4808 consentit

1969 4825 2130 4882 etian'i
2163 4827 2295 4895 Reg.
2326 4835 2380 4880 et
2411 4825 2545 4878 Fuk.

2039 4897 2149 4969 (64)
2202 4893 2441 4969 Πρῶτον
2471 4894 2692 4949 ἑαυτὸν
2731 4895 2862 4962 ταῖς
2895 4893 3088 4964 τιμαῖς
3125 4894 3528 4969 ἀναγορεύειν.

1966 4965 2022 5024 Id
2049 4965 2170 5032 est,
2205 4965 2263 5020 in
2291 4967 2459 5020 titulis
2494 4968 2672 5035 legum
2705 4975 2760 5019 et
2788 4971 3259 5019 eoustitutionum.
3302 4965 3432 5019 ltem
3475 4968 3530 5020 in

1967 5037 2418 5106 inscriptionibus
2455 5051 2679 5105 operum
2721 5037 3092 5104 publicorum,
3129 5046 3430 5090 statuarmn
3476 5045 3531 5089 et

1966 5105 2256 5178 imaginum
2289 5121 2346 5162 se
2373 5105 2697 5178 Maximinus
2723 5107 2900 5175 priore
2931 5108 3047 5159 loco
3078 5107 3377 5159 nominavit
3403 5115 3530 5160 ante

1963 5175 2339 5233 ConStantium
2362 5186 2416 5231 et
2441 5175 2706 5246 Licinium
2739 5178 2992 5246 collegas,
3024 5177 3112 5243 qui
3147 5185 3325 5230 tamen
3353 5178 3530 5228 senio-

1967 5262 2054 5302 res
2091 5257 2246 5308 erant
2293 5249 2540 5316 Augusti.
2567 5245 2773 5316 ,Vernm
2829 5245 3152 5301 Maximinus
3197 5263 3316 5300 cum
3350 5247 3528 5299 Caesar

1962 5329 2089 5373 ante
2131 5321 2278 5387 ipsos
2313 5315 2527 5372 creatus
2555 5315 2745 5372 fuisset
2767 5357 2782 5383 ,
2822 5318 3124 5388 principem
3157 5317 3335 5372 locum
3372 5317 3442 5369 ob
3470 5316 3523 5368 id

1961 5389 2062 5444 sibi
2094 5388 2422 5444 vimlieabat.

2034 5459 2152 5584 (65)
2176 5462 2278 5526 Εἰς
2315 5459 2628 5514 ἀπόνοιαν.
2666 5457 3010 5528 Nicephorus
3063 5458 3276 5512 inverso
3332 5455 3525 5511 ordine

2034 5541 2090 5584 ut
2157 5531 2399 5584 πιτείναε
2434 5531 2490 5584 δὲ
2515 5532 2594 5584 είς
2626 5530 2822 5584 μανίαν
2851 5531 2922 5582 τά
2965 5528 3064 5584 τῆς
3095 5527 3352 5584 ἀπονοίας
3375 5565 3392 5584 .
3418 5542 3522 5579 non

1960 5527 2090 5604 legit
2125 5527 2399 5604 ἐπιτείνας
2434 5531 2490 5584 δὲ
2515 5532 2594 5593 είς
2625 5527 2822 5604 μανίαν
2851 5531 2929 5604 τὰ,
2965 5528 3064 5604 τῆς
3095 5527 3352 5590 ἀπονοίας
3375 5565 3394 5604 ,_
3418 5542 3522 5604 non

1959 5597 2100 5658 male
2128 5602 2353 5656 ἀπόνοια
2384 5618 2480 5672 pro
2513 5597 2764 5672 superbia
2793 5597 3042 5672 sumitur,
3075 5613 3131 5653 ut
3159 5599 3430 5654 Sescentis
3465 5597 3521 5651 in

1958 5673 2094 5731 locis
2118 5676 2358 5730 occurrit
2388 5674 2525 5744 apud
2560 5671 2823 5728 Joannem
2855 5671 3319 5742 Chrysostomum.
