  <div class='ocr_page' id='page_1' title='image "/cluster/home/n/w/nwhite01/storage/ocr_20150623/20/hvd.32044073501181/429.png"; bbox 0 0 4168 6408; ppageno 0'>
   <div class='ocr_carea' id='block_1_1' title="bbox 636 339 732 394">
    <p class='ocr_par' dir='ltr' id='par_1_1' title="bbox 636 339 732 394">
     <span class='ocr_line' id='line_1_1' title="bbox 636 339 732 394; baseline -0.021 -1"><span class='ocrx_word' id='word_1_1' title='bbox 636 339 732 394; x_wconf 69' lang='lat'><strong>83!</strong></span> 
     </span>
    </p>
   </div>
   <div class='ocr_carea' id='block_1_2' title="bbox 1343 338 3154 415">
    <p class='ocr_par' dir='ltr' id='par_1_2' title="bbox 1343 338 3154 415">
     <span class='ocr_line' id='line_1_2' title="bbox 1343 338 3154 415; baseline 0 -19"><span class='ocrx_word' id='word_1_2' title='bbox 1343 339 1617 399; x_wconf 82' lang='lat' dir='ltr'><strong>EUSEBII</strong></span> <span class='ocrx_word' id='word_1_3' title='bbox 1654 339 2129 397; x_wconf 65' lang='lat' dir='ltr'><strong>CESARIENSIS</strong></span> <span class='ocrx_word' id='word_1_4' title='bbox 2164 338 2315 396; x_wconf 89' lang='lat' dir='ltr'><strong>OPP.</strong></span> <span class='ocrx_word' id='word_1_5' title='bbox 2357 338 2537 394; x_wconf 80' lang='lat' dir='ltr'><strong>PARS</strong></span> <span class='ocrx_word' id='word_1_6' title='bbox 2572 339 2612 394; x_wconf 90' lang='grc'><strong>1.</strong></span> <span class='ocrx_word' id='word_1_7' title='bbox 2655 370 2730 415; x_wconf 21' lang='grc' dir='ltr'><strong>-ν</strong></span> <span class='ocrx_word' id='word_1_8' title='bbox 2762 339 3154 398; x_wconf 79' lang='lat' dir='ltr'><strong>HISTORICA.</strong></span> 
     </span>
    </p>
   </div>
   <div class='ocr_carea' id='block_1_3' title="bbox 3797 345 3894 404">
    <p class='ocr_par' dir='ltr' id='par_1_3' title="bbox 3797 345 3894 404">
     <span class='ocr_line' id='line_1_3' title="bbox 3797 345 3894 404; baseline -0.031 -1"><span class='ocrx_word' id='word_1_9' title='bbox 3797 345 3894 404; x_wconf 69' lang='lat'><strong>832</strong></span> 
     </span>
    </p>
   </div>
   <div class='ocr_carea' id='block_1_4' title="bbox 635 454 2216 533">
    <p class='ocr_par' dir='ltr' id='par_1_4' title="bbox 635 454 2214 528">
     <span class='ocr_line' id='line_1_4' title="bbox 635 454 2214 528; baseline 0.003 -22"><span class='ocrx_word' id='word_1_10' title='bbox 635 471 784 509; x_wconf 82' lang='lat' dir='ltr'><strong>care.</strong></span> <span class='ocrx_word' id='word_1_11' title='bbox 817 454 946 508; x_wconf 84' lang='lat' dir='ltr'><strong>Dein</strong></span> <span class='ocrx_word' id='word_1_12' title='bbox 978 457 1042 509; x_wconf 89' lang='lat' dir='ltr'><strong>ad</strong></span> <span class='ocrx_word' id='word_1_13' title='bbox 1067 455 1507 526; x_wconf 75' lang='lat' dir='ltr'><strong>desperationem</strong></span> <span class='ocrx_word' id='word_1_14' title='bbox 1539 470 1710 528; x_wconf 86' lang='lat' dir='ltr'><strong>usque</strong></span> <span class='ocrx_word' id='word_1_15' title='bbox 1731 457 2112 528; x_wconf 80' lang='lat' dir='ltr'><strong>progrediente</strong></span> <span class='ocrx_word' id='word_1_16' title='bbox 2137 457 2214 510; x_wconf 88' lang='lat' dir='ltr'><strong>in-</strong></span> 
     </span>
    </p>
   </div>
   <div class='ocr_carea' id='block_1_5' title="bbox 2314 454 3895 533">
    <p class='ocr_par' dir='ltr' id='par_1_5' title="bbox 2317 456 3895 533">
     <span class='ocr_line' id='line_1_5' title="bbox 2317 456 3895 533; baseline 0.006 -23"><span class='ocrx_word' id='word_1_17' title='bbox 2317 456 2730 530; x_wconf 84' lang='grc' dir='ltr'>ρασπονδήσας,</span> <span class='ocrx_word' id='word_1_18' title='bbox 2787 459 3022 530; x_wconf 84' lang='grc' dir='ltr'>πόλεμον</span> <span class='ocrx_word' id='word_1_19' title='bbox 3071 457 3333 514; x_wconf 82' lang='grc' dir='ltr'>ἄσπονδον</span> <span class='ocrx_word' id='word_1_20' title='bbox 3387 460 3638 533; x_wconf 71' lang='grc' dir='ltr'>αἴρεταιο</span> <span class='ocrx_word' id='word_1_21' title='bbox 3699 458 3796 519; x_wconf 75' lang='grc' dir='ltr'>εἶτ’</span> <span class='ocrx_word' id='word_1_22' title='bbox 3841 470 3895 520; x_wconf 78' lang='grc' dir='ltr'>ἐν</span> 
     </span>
    </p>
   </div>
   <div class='ocr_carea' id='block_1_6' title="bbox 637 548 2208 620">
    <p class='ocr_par' dir='ltr' id='par_1_6' title="bbox 637 548 2208 620">
     <span class='ocr_line' id='line_1_6' title="bbox 637 548 2208 620; baseline 0.002 -19"><span class='ocrx_word' id='word_1_23' title='bbox 637 549 825 613; x_wconf 84' lang='lat' dir='ltr'><strong>sania,</strong></span> <span class='ocrx_word' id='word_1_24' title='bbox 863 548 1065 603; x_wconf 85' lang='lat' dir='ltr'><strong>violato</strong></span> <span class='ocrx_word' id='word_1_25' title='bbox 1105 551 1250 618; x_wconf 90' lang='lat' dir='ltr'><strong>quod</strong></span> <span class='ocrx_word' id='word_1_26' title='bbox 1286 566 1408 605; x_wconf 92' lang='lat' dir='ltr'><strong>cum</strong></span> <span class='ocrx_word' id='word_1_27' title='bbox 1441 549 1650 606; x_wconf 90' lang='lat' dir='ltr'><strong>Licinio</strong></span> <span class='ocrx_word' id='word_1_28' title='bbox 1681 551 1958 620; x_wconf 76' lang='lat' dir='ltr'><strong>pepigerat</strong></span> <span class='ocrx_word' id='word_1_29' title='bbox 1984 548 2208 615; x_wconf 66' lang='lat' dir='ltr'><strong>ﬁndere,</strong></span> 
     </span>
    </p>
   </div>
   <div class='ocr_carea' id='block_1_7' title="bbox 641 639 2211 711">
    <p class='ocr_par' dir='ltr' id='par_1_7' title="bbox 641 639 2211 711">
     <span class='ocr_line' id='line_1_7' title="bbox 641 639 2211 711; baseline 0.003 -19"><span class='ocrx_word' id='word_1_30' title='bbox 641 639 842 692; x_wconf 90' lang='lat' dir='ltr'><strong>bellum</strong></span> <span class='ocrx_word' id='word_1_31' title='bbox 877 639 1210 709; x_wconf 78' lang='lat' dir='ltr'><strong>inexpiabile</strong></span> <span class='ocrx_word' id='word_1_32' title='bbox 1247 643 1511 711; x_wconf 83' lang='lat' dir='ltr'><strong>suscepit.</strong></span> <span class='ocrx_word' id='word_1_33' title='bbox 1563 640 1693 697; x_wconf 88' lang='lat' dir='ltr'><strong>Post</strong></span> <span class='ocrx_word' id='word_1_34' title='bbox 1739 643 1852 697; x_wconf 65' lang='lat' dir='ltr'><strong>haec</strong></span> <span class='ocrx_word' id='word_1_35' title='bbox 1887 656 2013 696; x_wconf 90' lang='lat' dir='ltr'><strong>cum</strong></span> <span class='ocrx_word' id='word_1_36' title='bbox 2063 643 2211 698; x_wconf 83' lang='lat' dir='ltr'><strong>brevi</strong></span> 
     </span>
    </p>
   </div>
   <div class='ocr_carea' id='block_1_8' title="bbox 641 729 2214 797">
    <p class='ocr_par' dir='ltr' id='par_1_8' title="bbox 641 729 2214 797">
     <span class='ocr_line' id='line_1_8' title="bbox 641 729 2214 797; baseline 0.002 -17"><span class='ocrx_word' id='word_1_37' title='bbox 641 729 904 797; x_wconf 84' lang='lat' dir='ltr'><strong>temporis</strong></span> <span class='ocrx_word' id='word_1_38' title='bbox 934 731 1112 796; x_wconf 88' lang='lat' dir='ltr'><strong>spatio</strong></span> <span class='ocrx_word' id='word_1_39' title='bbox 1137 739 1330 785; x_wconf 89' lang='lat' dir='ltr'><strong>cuncta</strong></span> <span class='ocrx_word' id='word_1_40' title='bbox 1361 730 1690 797; x_wconf 88' lang='lat' dir='ltr'><strong>miscuisset,</strong></span> <span class='ocrx_word' id='word_1_41' title='bbox 1718 739 1774 786; x_wconf 87' lang='lat' dir='ltr'><strong>et</strong></span> <span class='ocrx_word' id='word_1_42' title='bbox 1810 731 2095 785; x_wconf 89' lang='lat' dir='ltr'><strong>universas</strong></span> <span class='ocrx_word' id='word_1_43' title='bbox 2124 747 2214 784; x_wconf 92' lang='lat' dir='ltr'><strong>ur-</strong></span> 
     </span>
    </p>
   </div>
   <div class='ocr_carea' id='block_1_9' title="bbox 639 819 2216 892">
    <p class='ocr_par' dir='ltr' id='par_1_9' title="bbox 639 819 2216 892">
     <span class='ocr_line' id='line_1_9' title="bbox 639 819 2216 892; baseline 0.001 -19"><span class='ocrx_word' id='word_1_44' title='bbox 639 819 736 873; x_wconf 82' lang='lat' dir='ltr'><strong>bes</strong></span> <span class='ocrx_word' id='word_1_45' title='bbox 773 831 984 874; x_wconf 91' lang='lat' dir='ltr'><strong>terrore</strong></span> <span class='ocrx_word' id='word_1_46' title='bbox 1010 836 1075 875; x_wconf 85' lang='lat' dir='ltr'><strong>ac</strong></span> <span class='ocrx_word' id='word_1_47' title='bbox 1108 821 1339 875; x_wconf 88' lang='lat' dir='ltr'><strong>tumultu</strong></span> <span class='ocrx_word' id='word_1_48' title='bbox 1380 823 1692 892; x_wconf 82' lang='lat' dir='ltr'><strong>implesset;</strong></span> <span class='ocrx_word' id='word_1_49' title='bbox 1739 821 1990 878; x_wconf 83' lang='lat' dir='ltr'><strong>collectis</strong></span> <span class='ocrx_word' id='word_1_50' title='bbox 2033 821 2216 875; x_wconf 86' lang='lat' dir='ltr'><strong>omni-</strong></span> 
     </span>
    </p>
   </div>
   <div class='ocr_carea' id='block_1_10' title="bbox 639 913 2214 983">
    <p class='ocr_par' dir='ltr' id='par_1_10' title="bbox 639 913 2214 983">
     <span class='ocr_line' id='line_1_10' title="bbox 639 913 2214 983; baseline 0.001 -16"><span class='ocrx_word' id='word_1_51' title='bbox 639 913 739 967; x_wconf 92' lang='lat' dir='ltr'><strong>bns</strong></span> <span class='ocrx_word' id='word_1_52' title='bbox 773 915 944 983; x_wconf 87' lang='lat' dir='ltr'><strong>cepiis</strong></span> <span class='ocrx_word' id='word_1_53' title='bbox 981 925 1034 968; x_wconf 88' lang='lat' dir='ltr'><strong>et</strong></span> <span class='ocrx_word' id='word_1_54' title='bbox 1063 915 1446 968; x_wconf 81' lang='lat' dir='ltr'><strong>innumerabili</strong></span> <span class='ocrx_word' id='word_1_55' title='bbox 1485 924 1821 970; x_wconf 76' lang='lat' dir='ltr'><strong>armatorum</strong></span> <span class='ocrx_word' id='word_1_56' title='bbox 1865 913 2214 969; x_wconf 86' lang='lat' dir='ltr'><strong>multitudine</strong></span> 
     </span>
    </p>
   </div>
   <div class='ocr_carea' id='block_1_11' title="bbox 642 1006 2216 1078">
    <p class='ocr_par' dir='ltr' id='par_1_11' title="bbox 642 1006 2216 1078">
     <span class='ocr_line' id='line_1_11' title="bbox 642 1006 2216 1078; baseline 0 -17"><span class='ocrx_word' id='word_1_57' title='bbox 642 1008 692 1062; x_wconf 87' lang='lat' dir='ltr'><strong>in</strong></span> <span class='ocrx_word' id='word_1_58' title='bbox 719 1025 884 1063; x_wconf 91' lang='lat' dir='ltr'><strong>unum</strong></span> <span class='ocrx_word' id='word_1_59' title='bbox 908 1016 1120 1072; x_wconf 85' lang='lat' dir='ltr'><strong>coacta,</strong></span> <span class='ocrx_word' id='word_1_60' title='bbox 1155 1009 1418 1062; x_wconf 88' lang='lat' dir='ltr'><strong>adversus</strong></span> <span class='ocrx_word' id='word_1_61' title='bbox 1444 1006 1710 1062; x_wconf 88' lang='lat' dir='ltr'><strong>Licinium</strong></span> <span class='ocrx_word' id='word_1_62' title='bbox 1735 1017 2073 1078; x_wconf 83' lang='lat' dir='ltr'><strong>pugnaturus</strong></span> <span class='ocrx_word' id='word_1_63' title='bbox 2101 1022 2216 1076; x_wconf 90' lang='lat' dir='ltr'><strong>per-</strong></span> 
     </span>
    </p>
   </div>
   <div class='ocr_carea' id='block_1_12' title="bbox 643 1099 2216 1170">
    <p class='ocr_par' dir='ltr' id='par_1_12' title="bbox 643 1099 2216 1170">
     <span class='ocr_line' id='line_1_12' title="bbox 643 1099 2216 1170; baseline 0 -18"><span class='ocrx_word' id='word_1_64' title='bbox 643 1101 822 1164; x_wconf 83' lang='lat' dir='ltr'><strong>rexit;</strong></span> <span class='ocrx_word' id='word_1_65' title='bbox 868 1099 1172 1153; x_wconf 66' lang='lat' dir='ltr'><strong>daemonum</strong></span> <span class='ocrx_word' id='word_1_66' title='bbox 1205 1115 1341 1168; x_wconf 90' lang='lat' dir='ltr'><strong>quos</strong></span> <span class='ocrx_word' id='word_1_67' title='bbox 1385 1101 1499 1170; x_wconf 89' lang='lat' dir='ltr'><strong>ipse</strong></span> <span class='ocrx_word' id='word_1_68' title='bbox 1539 1102 1667 1154; x_wconf 89' lang='lat' dir='ltr'><strong>deos</strong></span> <span class='ocrx_word' id='word_1_69' title='bbox 1705 1100 2077 1162; x_wconf 85' lang='lat' dir='ltr'><strong>existimabat,</strong></span> <span class='ocrx_word' id='word_1_70' title='bbox 2118 1115 2216 1153; x_wconf 85' lang='lat' dir='ltr'><strong>au-</strong></span> 
     </span>
    </p>
   </div>
   <div class='ocr_carea' id='block_1_13' title="bbox 642 1191 2212 1262">
    <p class='ocr_par' dir='ltr' id='par_1_13' title="bbox 642 1191 2212 1262">
     <span class='ocr_line' id='line_1_13' title="bbox 642 1191 2212 1262; baseline -0.001 -16"><span class='ocrx_word' id='word_1_71' title='bbox 642 1192 790 1255; x_wconf 86' lang='lat' dir='ltr'><strong>xilio,</strong></span> <span class='ocrx_word' id='word_1_72' title='bbox 816 1201 869 1246; x_wconf 86' lang='lat' dir='ltr'><strong>et</strong></span> <span class='ocrx_word' id='word_1_73' title='bbox 895 1193 1239 1246; x_wconf 86' lang='lat' dir='ltr'><strong>multitudine</strong></span> <span class='ocrx_word' id='word_1_74' title='bbox 1286 1192 1519 1246; x_wconf 88' lang='lat' dir='ltr'><strong>militum</strong></span> <span class='ocrx_word' id='word_1_75' title='bbox 1567 1207 1728 1262; x_wconf 85' lang='lat' dir='ltr'><strong>supra</strong></span> <span class='ocrx_word' id='word_1_76' title='bbox 1763 1192 1982 1245; x_wconf 90' lang='lat' dir='ltr'><strong>modum</strong></span> <span class='ocrx_word' id='word_1_77' title='bbox 2017 1191 2212 1245; x_wconf 86' lang='lat' dir='ltr'><strong>elatus.</strong></span> 
     </span>
    </p>
   </div>
   <div class='ocr_carea' id='block_1_14' title="bbox 642 1283 2215 1354">
    <p class='ocr_par' dir='ltr' id='par_1_14' title="bbox 642 1283 2215 1354">
     <span class='ocr_line' id='line_1_14' title="bbox 642 1283 2215 1354; baseline 0.001 -18"><span class='ocrx_word' id='word_1_78' title='bbox 642 1284 698 1337; x_wconf 93' lang='lat' dir='ltr'><strong>In</strong></span> <span class='ocrx_word' id='word_1_79' title='bbox 737 1285 853 1353; x_wconf 87' lang='lat' dir='ltr'><strong>ipso</strong></span> <span class='ocrx_word' id='word_1_80' title='bbox 885 1295 1066 1338; x_wconf 87' lang='lat' dir='ltr'><strong>autem</strong></span> <span class='ocrx_word' id='word_1_81' title='bbox 1101 1283 1379 1349; x_wconf 84' lang='lat' dir='ltr'><strong>conﬂictu,</strong></span> <span class='ocrx_word' id='word_1_82' title='bbox 1407 1299 1509 1354; x_wconf 84' lang='lat' dir='ltr'><strong>Ope</strong></span> <span class='ocrx_word' id='word_1_83' title='bbox 1532 1284 1709 1338; x_wconf 88' lang='lat' dir='ltr'><strong>divina</strong></span> <span class='ocrx_word' id='word_1_84' title='bbox 1735 1285 1954 1354; x_wconf 87' lang='lat' dir='ltr'><strong>penitus</strong></span> <span class='ocrx_word' id='word_1_85' title='bbox 1983 1283 2215 1337; x_wconf 91' lang='lat' dir='ltr'><strong>nudatus</strong></span> 
     </span>
    </p>
   </div>
   <div class='ocr_carea' id='block_1_15' title="bbox 643 1373 2211 1444">
    <p class='ocr_par' dir='ltr' id='par_1_15' title="bbox 643 1373 2211 1444">
     <span class='ocr_line' id='line_1_15' title="bbox 643 1373 2211 1444; baseline 0 -16"><span class='ocrx_word' id='word_1_86' title='bbox 643 1376 904 1430; x_wconf 82' lang='lat' dir='ltr'><strong>remansit</strong></span> <span class='ocrx_word' id='word_1_87' title='bbox 933 1391 948 1439; x_wconf 88' lang='lat'><strong>;</strong></span> <span class='ocrx_word' id='word_1_88' title='bbox 983 1383 1036 1429; x_wconf 91' lang='lat' dir='ltr'><strong>et</strong></span> <span class='ocrx_word' id='word_1_89' title='bbox 1069 1391 1166 1444; x_wconf 89' lang='lat' dir='ltr'><strong>per</strong></span> <span class='ocrx_word' id='word_1_90' title='bbox 1197 1375 1345 1429; x_wconf 90' lang='lat' dir='ltr'><strong>illum</strong></span> <span class='ocrx_word' id='word_1_91' title='bbox 1374 1377 1466 1444; x_wconf 91' lang='lat' dir='ltr'><strong>qui</strong></span> <span class='ocrx_word' id='word_1_92' title='bbox 1497 1376 1645 1430; x_wconf 90' lang='lat' dir='ltr'><strong>solus</strong></span> <span class='ocrx_word' id='word_1_93' title='bbox 1670 1385 1755 1430; x_wconf 82' lang='lat' dir='ltr'><strong>est</strong></span> <span class='ocrx_word' id='word_1_94' title='bbox 1778 1373 2018 1429; x_wconf 77' lang='lat' dir='ltr'><strong>omniurn</strong></span> <span class='ocrx_word' id='word_1_95' title='bbox 2049 1375 2211 1442; x_wconf 87' lang='lat' dir='ltr'><strong>Deus,</strong></span> 
     </span>
    </p>
   </div>
   <div class='ocr_carea' id='block_1_16' title="bbox 641 1465 2212 1536">
    <p class='ocr_par' dir='ltr' id='par_1_16' title="bbox 641 1465 2212 1536">
     <span class='ocr_line' id='line_1_16' title="bbox 641 1465 2212 1536; baseline 0.001 -18"><span class='ocrx_word' id='word_1_96' title='bbox 641 1467 868 1522; x_wconf 81' lang='lat' dir='ltr'><strong>victoria</strong></span> <span class='ocrx_word' id='word_1_97' title='bbox 898 1465 1111 1522; x_wconf 88' lang='lat' dir='ltr'><strong>Licinio</strong></span> <span class='ocrx_word' id='word_1_98' title='bbox 1137 1476 1450 1536; x_wconf 88' lang='lat' dir='ltr'><strong>comparata</strong></span> <span class='ocrx_word' id='word_1_99' title='bbox 1477 1477 1583 1522; x_wconf 89' lang='lat' dir='ltr'><strong>est.</strong></span> <span class='ocrx_word' id='word_1_100' title='bbox 1619 1469 1696 1521; x_wconf 88' lang='lat' dir='ltr'><strong>Ac</strong></span> <span class='ocrx_word' id='word_1_101' title='bbox 1724 1467 1959 1536; x_wconf 89' lang='lat' dir='ltr'><strong>primum</strong></span> <span class='ocrx_word' id='word_1_102' title='bbox 1991 1465 2212 1536; x_wconf 87' lang='lat' dir='ltr'><strong>quidem</strong></span> 
     </span>
    </p>
   </div>
   <div class='ocr_carea' id='block_1_17' title="bbox 643 1558 2211 1629">
    <p class='ocr_par' dir='ltr' id='par_1_17' title="bbox 643 1558 2211 1629">
     <span class='ocr_line' id='line_1_17' title="bbox 643 1558 2211 1629; baseline -0.001 -16"><span class='ocrx_word' id='word_1_103' title='bbox 643 1559 910 1614; x_wconf 85' lang='lat' dir='ltr'><strong>militares</strong></span> <span class='ocrx_word' id='word_1_104' title='bbox 937 1561 1124 1628; x_wconf 89' lang='lat' dir='ltr'><strong>copias</strong></span> <span class='ocrx_word' id='word_1_105' title='bbox 1148 1561 1345 1629; x_wconf 82' lang='lat' dir='ltr'><strong>quibus</strong></span> <span class='ocrx_word' id='word_1_106' title='bbox 1376 1561 1614 1615; x_wconf 83' lang='lat' dir='ltr'><strong>maxime</strong></span> <span class='ocrx_word' id='word_1_107' title='bbox 1647 1559 1975 1624; x_wconf 81' lang='lat' dir='ltr'><strong>conﬁdebat,</strong></span> <span class='ocrx_word' id='word_1_108' title='bbox 2008 1558 2211 1613; x_wconf 88' lang='lat' dir='ltr'><strong>amisit.</strong></span> 
     </span>
    </p>
   </div>
   <div class='ocr_carea' id='block_1_18' title="bbox 642 1649 2214 1721">
    <p class='ocr_par' dir='ltr' id='par_1_18' title="bbox 642 1649 2214 1721">
     <span class='ocr_line' id='line_1_18' title="bbox 642 1649 2214 1721; baseline 0.001 -19"><span class='ocrx_word' id='word_1_109' title='bbox 642 1650 883 1718; x_wconf 80' lang='lat' dir='ltr'><strong>Cumque</strong></span> <span class='ocrx_word' id='word_1_110' title='bbox 910 1659 1243 1721; x_wconf 86' lang='lat' dir='ltr'><strong>protectores</strong></span> <span class='ocrx_word' id='word_1_111' title='bbox 1275 1664 1399 1703; x_wconf 88' lang='lat' dir='ltr'><strong>eum</strong></span> <span class='ocrx_word' id='word_1_112' title='bbox 1431 1649 1636 1703; x_wconf 89' lang='lat' dir='ltr'><strong>nudum</strong></span> <span class='ocrx_word' id='word_1_113' title='bbox 1670 1650 2054 1711; x_wconf 87' lang='lat' dir='ltr'><strong>deseruissent,</strong></span> <span class='ocrx_word' id='word_1_114' title='bbox 2077 1661 2127 1703; x_wconf 86' lang='lat' dir='ltr'><strong>et</strong></span> <span class='ocrx_word' id='word_1_115' title='bbox 2148 1649 2214 1703; x_wconf 92' lang='lat' dir='ltr'><strong>ad</strong></span> 
     </span>
    </p>
   </div>
   <div class='ocr_carea' id='block_1_19' title="bbox 644 1739 2215 1812">
    <p class='ocr_par' dir='ltr' id='par_1_19' title="bbox 644 1739 2215 1812">
     <span class='ocr_line' id='line_1_19' title="bbox 644 1739 2215 1812; baseline 0.001 -18"><span class='ocrx_word' id='word_1_116' title='bbox 644 1740 908 1796; x_wconf 83' lang='lat' dir='ltr'><strong>Licinium</strong></span> <span class='ocrx_word' id='word_1_117' title='bbox 959 1751 1084 1796; x_wconf 89' lang='lat' dir='ltr'><strong>tunc</strong></span> <span class='ocrx_word' id='word_1_118' title='bbox 1144 1742 1404 1795; x_wconf 79' lang='lat' dir='ltr'><strong>victorem</strong></span> <span class='ocrx_word' id='word_1_119' title='bbox 1452 1739 1916 1811; x_wconf 80' lang='lat' dir='ltr'><strong>transfugissent,</strong></span> <span class='ocrx_word' id='word_1_120' title='bbox 1967 1741 2215 1812; x_wconf 86' lang='lat' dir='ltr'><strong>protinus</strong></span> 
     </span>
    </p>
   </div>
   <div class='ocr_carea' id='block_1_20' title="bbox 643 1810 2286 1903">
    <p class='ocr_par' dir='ltr' id='par_1_20' title="bbox 643 1810 2286 1903">
     <span class='ocr_line' id='line_1_20' title="bbox 643 1810 2286 1903; baseline -0.001 -18"><span class='ocrx_word' id='word_1_121' title='bbox 643 1832 854 1903; x_wconf 82' lang='lat' dir='ltr'><strong>abjeclo</strong></span> <span class='ocrx_word' id='word_1_122' title='bbox 884 1833 1154 1900; x_wconf 87' lang='lat' dir='ltr'><strong>imperiali</strong></span> <span class='ocrx_word' id='word_1_123' title='bbox 1180 1832 1328 1886; x_wconf 89' lang='lat' dir='ltr'><strong>cultu</strong></span> <span class='ocrx_word' id='word_1_124' title='bbox 1364 1833 1454 1901; x_wconf 92' lang='lat' dir='ltr'><strong>qui</strong></span> <span class='ocrx_word' id='word_1_125' title='bbox 1504 1810 1682 1900; x_wconf 83' lang='lat' dir='ltr'><strong>ipsum</strong></span> <span class='ocrx_word' id='word_1_126' title='bbox 1709 1832 1931 1887; x_wconf 89' lang='lat' dir='ltr'><strong>minime</strong></span> <span class='ocrx_word' id='word_1_127' title='bbox 1963 1810 2210 1898; x_wconf 79' lang='lat' dir='ltr'><strong>decebat,</strong></span> <span class='ocrx_word' id='word_1_128' title='bbox 2246 1810 2286 1866; x_wconf 76' lang='grc' dir='ltr'><strong>Β</strong></span> 
     </span>
    </p>
   </div>
   <div class='ocr_carea' id='block_1_21' title="bbox 643 1921 2214 1993">
    <p class='ocr_par' dir='ltr' id='par_1_21' title="bbox 643 1921 2214 1993">
     <span class='ocr_line' id='line_1_21' title="bbox 643 1921 2214 1993; baseline 0 -16"><span class='ocrx_word' id='word_1_129' title='bbox 643 1924 834 1990; x_wconf 85' lang='lat' dir='ltr'><strong>ignave</strong></span> <span class='ocrx_word' id='word_1_130' title='bbox 867 1921 1156 1977; x_wconf 82' lang='lat' dir='ltr'><strong>admodum</strong></span> <span class='ocrx_word' id='word_1_131' title='bbox 1185 1935 1240 1978; x_wconf 89' lang='lat' dir='ltr'><strong>et</strong></span> <span class='ocrx_word' id='word_1_132' title='bbox 1273 1937 1464 1993; x_wconf 89' lang='lat' dir='ltr'><strong>parum</strong></span> <span class='ocrx_word' id='word_1_133' title='bbox 1499 1922 1729 1977; x_wconf 86' lang='lat' dir='ltr'><strong>viriliter</strong></span> <span class='ocrx_word' id='word_1_134' title='bbox 1783 1923 1954 1978; x_wconf 67' lang='lat' dir='ltr'><strong>turbae</strong></span> <span class='ocrx_word' id='word_1_135' title='bbox 2000 1937 2059 1978; x_wconf 88' lang='lat' dir='ltr'><strong>se</strong></span> <span class='ocrx_word' id='word_1_136' title='bbox 2093 1937 2214 1991; x_wconf 81' lang='lat' dir='ltr'><strong>gre-</strong></span> 
     </span>
    </p>
   </div>
   <div class='ocr_carea' id='block_1_22' title="bbox 641 2013 2214 2084">
    <p class='ocr_par' dir='ltr' id='par_1_22' title="bbox 641 2013 2214 2084">
     <span class='ocr_line' id='line_1_22' title="bbox 641 2013 2214 2084; baseline 0.002 -18"><span class='ocrx_word' id='word_1_137' title='bbox 641 2015 840 2083; x_wconf 81' lang='lat' dir='ltr'><strong>galinm</strong></span> <span class='ocrx_word' id='word_1_138' title='bbox 875 2015 1189 2069; x_wconf 83' lang='lat' dir='ltr'><strong>immiscuit.</strong></span> <span class='ocrx_word' id='word_1_139' title='bbox 1235 2016 1440 2070; x_wconf 88' lang='lat' dir='ltr'><strong>Deinde</strong></span> <span class='ocrx_word' id='word_1_140' title='bbox 1492 2013 1702 2084; x_wconf 82' lang='lat' dir='ltr'><strong>fugiens</strong></span> <span class='ocrx_word' id='word_1_141' title='bbox 1730 2055 1747 2082; x_wconf 91' lang='lat'><strong>,</strong></span> <span class='ocrx_word' id='word_1_142' title='bbox 1799 2025 1853 2069; x_wconf 88' lang='lat' dir='ltr'><strong>et</strong></span> <span class='ocrx_word' id='word_1_143' title='bbox 1888 2014 1940 2069; x_wconf 92' lang='lat' dir='ltr'><strong>in</strong></span> <span class='ocrx_word' id='word_1_144' title='bbox 1973 2015 2120 2084; x_wconf 88' lang='lat' dir='ltr'><strong>agris</strong></span> <span class='ocrx_word' id='word_1_145' title='bbox 2149 2030 2214 2069; x_wconf 89' lang='lat' dir='ltr'><strong>ac</strong></span> 
     </span>
    </p>
   </div>
   <div class='ocr_carea' id='block_1_23' title="bbox 645 2106 2213 2174">
    <p class='ocr_par' dir='ltr' id='par_1_23' title="bbox 645 2106 2213 2174">
     <span class='ocr_line' id='line_1_23' title="bbox 645 2106 2213 2174; baseline 0.001 -15"><span class='ocrx_word' id='word_1_146' title='bbox 645 2108 777 2160; x_wconf 83' lang='lat' dir='ltr'><strong>vicis</strong></span> <span class='ocrx_word' id='word_1_147' title='bbox 797 2121 916 2161; x_wconf 88' lang='lat' dir='ltr'><strong>sese</strong></span> <span class='ocrx_word' id='word_1_148' title='bbox 943 2107 1244 2174; x_wconf 87' lang='lat' dir='ltr'><strong>occultans,</strong></span> <span class='ocrx_word' id='word_1_149' title='bbox 1271 2108 1395 2161; x_wconf 90' lang='lat' dir='ltr'><strong>dum</strong></span> <span class='ocrx_word' id='word_1_150' title='bbox 1437 2108 1597 2162; x_wconf 91' lang='lat' dir='ltr'><strong>saluti</strong></span> <span class='ocrx_word' id='word_1_151' title='bbox 1647 2122 1756 2161; x_wconf 67' lang='lat' dir='ltr'><strong>suae</strong></span> <span class='ocrx_word' id='word_1_152' title='bbox 1804 2107 2082 2170; x_wconf 90' lang='lat' dir='ltr'><strong>consulit,</strong></span> <span class='ocrx_word' id='word_1_153' title='bbox 2124 2106 2213 2160; x_wconf 88' lang='lat' dir='ltr'><strong>vix</strong></span> 
     </span>
    </p>
   </div>
   <div class='ocr_carea' id='block_1_24' title="bbox 645 2197 2214 2265">
    <p class='ocr_par' dir='ltr' id='par_1_24' title="bbox 645 2197 2214 2265">
     <span class='ocr_line' id='line_1_24' title="bbox 645 2197 2214 2265; baseline 0 -13"><span class='ocrx_word' id='word_1_154' title='bbox 645 2200 858 2253; x_wconf 88' lang='lat' dir='ltr'><strong>tandem</strong></span> <span class='ocrx_word' id='word_1_155' title='bbox 898 2216 928 2255; x_wconf 89' lang='lat' dir='ltr'><strong>e</strong></span> <span class='ocrx_word' id='word_1_156' title='bbox 957 2201 1207 2254; x_wconf 91' lang='lat' dir='ltr'><strong>manibus</strong></span> <span class='ocrx_word' id='word_1_157' title='bbox 1256 2201 1489 2254; x_wconf 79' lang='lat' dir='ltr'><strong>hostium</strong></span> <span class='ocrx_word' id='word_1_158' title='bbox 1518 2199 1724 2265; x_wconf 89' lang='lat' dir='ltr'><strong>evasit;</strong></span> <span class='ocrx_word' id='word_1_159' title='bbox 1763 2197 1943 2252; x_wconf 82' lang='lat' dir='ltr'><strong>divina</strong></span> <span class='ocrx_word' id='word_1_160' title='bbox 1972 2198 2060 2253; x_wconf 87' lang='lat' dir='ltr'><strong>illa</strong></span> <span class='ocrx_word' id='word_1_161' title='bbox 2089 2213 2214 2252; x_wconf 84' lang='lat' dir='ltr'><strong>ora-</strong></span> 
     </span>
    </p>
   </div>
   <div class='ocr_carea' id='block_1_25' title="bbox 641 2291 2212 2363">
    <p class='ocr_par' dir='ltr' id='par_1_25' title="bbox 641 2291 2212 2363">
     <span class='ocr_line' id='line_1_25' title="bbox 641 2291 2212 2363; baseline -0.001 -17"><span class='ocrx_word' id='word_1_162' title='bbox 641 2293 762 2346; x_wconf 89' lang='lat' dir='ltr'><strong>cula</strong></span> <span class='ocrx_word' id='word_1_163' title='bbox 791 2309 920 2347; x_wconf 88' lang='lat' dir='ltr'><strong>vera</strong></span> <span class='ocrx_word' id='word_1_164' title='bbox 955 2309 1179 2363; x_wconf 88' lang='lat' dir='ltr'><strong>prorsus</strong></span> <span class='ocrx_word' id='word_1_165' title='bbox 1211 2309 1273 2347; x_wconf 91' lang='lat' dir='ltr'><strong>ac</strong></span> <span class='ocrx_word' id='word_1_166' title='bbox 1305 2293 1406 2348; x_wconf 80' lang='lat' dir='ltr'><strong>(ide</strong></span> <span class='ocrx_word' id='word_1_167' title='bbox 1439 2293 1597 2360; x_wconf 73' lang='lat' dir='ltr'><strong>digna</strong></span> <span class='ocrx_word' id='word_1_168' title='bbox 1627 2306 1746 2346; x_wconf 89' lang='lat' dir='ltr'><strong>esse</strong></span> <span class='ocrx_word' id='word_1_169' title='bbox 1777 2291 1955 2361; x_wconf 86' lang='lat' dir='ltr'><strong>reipsa</strong></span> <span class='ocrx_word' id='word_1_170' title='bbox 2009 2291 2212 2345; x_wconf 85' lang='lat' dir='ltr'><strong>conﬁr-</strong></span> 
     </span>
    </p>
   </div>
   <div class='ocr_carea' id='block_1_26' title="bbox 646 2383 2214 2456">
    <p class='ocr_par' dir='ltr' id='par_1_26' title="bbox 646 2383 2214 2456">
     <span class='ocr_line' id='line_1_26' title="bbox 646 2383 2214 2456; baseline -0.001 -18"><span class='ocrx_word' id='word_1_171' title='bbox 646 2401 842 2452; x_wconf 90' lang='lat' dir='ltr'><strong>mans,</strong></span> <span class='ocrx_word' id='word_1_172' title='bbox 897 2401 1019 2456; x_wconf 78' lang='lat' dir='ltr'><strong>qua:</strong></span> <span class='ocrx_word' id='word_1_173' title='bbox 1063 2386 1141 2440; x_wconf 91' lang='lat' dir='ltr'><strong>sic</strong></span> <span class='ocrx_word' id='word_1_174' title='bbox 1175 2385 1420 2439; x_wconf 85' lang='lat' dir='ltr'><strong>habent:</strong></span> <span class='ocrx_word' id='word_1_175' title='bbox 1466 2403 1485 2437; x_wconf 78' lang='grc' dir='ltr'><strong>ι</strong></span> <span class='ocrx_word' id='word_1_176' title='bbox 1528 2383 1643 2438; x_wconf 83' lang='grc' dir='ltr'>Νοη</span> <span class='ocrx_word' id='word_1_177' title='bbox 1671 2384 1910 2438; x_wconf 86' lang='lat' dir='ltr'><strong>salvatnr</strong></span> <span class='ocrx_word' id='word_1_178' title='bbox 1974 2399 2068 2438; x_wconf 87' lang='lat' dir='ltr'><strong>rex</strong></span> <span class='ocrx_word' id='word_1_179' title='bbox 2117 2397 2214 2453; x_wconf 89' lang='lat' dir='ltr'><strong>per</strong></span> 
     </span>
    </p>
   </div>
   <div class='ocr_carea' id='block_1_27' title="bbox 643 2475 2214 2547">
    <p class='ocr_par' dir='ltr' id='par_1_27' title="bbox 643 2475 2214 2547">
     <span class='ocr_line' id='line_1_27' title="bbox 643 2475 2214 2547; baseline 0 -17"><span class='ocrx_word' id='word_1_180' title='bbox 643 2479 1046 2533; x_wconf 83' lang='lat' dir='ltr'><strong>multitudinem</strong></span> <span class='ocrx_word' id='word_1_181' title='bbox 1080 2478 1294 2531; x_wconf 87' lang='lat' dir='ltr'><strong>virtutis</strong></span> <span class='ocrx_word' id='word_1_182' title='bbox 1325 2492 1458 2539; x_wconf 65' lang='lat' dir='ltr'><strong>suae,</strong></span> <span class='ocrx_word' id='word_1_183' title='bbox 1491 2491 1588 2531; x_wconf 92' lang='lat' dir='ltr'><strong>nec</strong></span> <span class='ocrx_word' id='word_1_184' title='bbox 1621 2478 1772 2547; x_wconf 82' lang='lat' dir='ltr'><strong>gigas</strong></span> <span class='ocrx_word' id='word_1_185' title='bbox 1807 2476 1994 2530; x_wconf 84' lang='lat' dir='ltr'><strong>salvus</strong></span> <span class='ocrx_word' id='word_1_186' title='bbox 2023 2477 2128 2530; x_wconf 90' lang='lat' dir='ltr'><strong>erit</strong></span> <span class='ocrx_word' id='word_1_187' title='bbox 2158 2475 2214 2528; x_wconf 93' lang='lat' dir='ltr'><strong>in</strong></span> 
     </span>
    </p>
   </div>
   <div class='ocr_carea' id='block_1_28' title="bbox 645 2565 2215 2638">
    <p class='ocr_par' dir='ltr' id='par_1_28' title="bbox 645 2565 2215 2638">
     <span class='ocr_line' id='line_1_28' title="bbox 645 2565 2215 2638; baseline -0.002 -15"><span class='ocrx_word' id='word_1_188' title='bbox 645 2570 995 2623; x_wconf 88' lang='lat' dir='ltr'><strong>multitudine</strong></span> <span class='ocrx_word' id='word_1_189' title='bbox 1022 2570 1358 2625; x_wconf 80' lang='lat' dir='ltr'><strong>fortitudinis</strong></span> <span class='ocrx_word' id='word_1_190' title='bbox 1389 2584 1515 2624; x_wconf 67' lang='lat' dir='ltr'><strong>suae.</strong></span> <span class='ocrx_word' id='word_1_191' title='bbox 1565 2569 1753 2623; x_wconf 76' lang='lat' dir='ltr'><strong>Fallax</strong></span> <span class='ocrx_word' id='word_1_192' title='bbox 1781 2582 1950 2638; x_wconf 88' lang='lat' dir='ltr'><strong>eqnns</strong></span> <span class='ocrx_word' id='word_1_193' title='bbox 1977 2567 2040 2622; x_wconf 86' lang='lat' dir='ltr'><strong>ad</strong></span> <span class='ocrx_word' id='word_1_194' title='bbox 2071 2565 2215 2622; x_wconf 84' lang='lat' dir='ltr'><strong>salu-</strong></span> 
     </span>
    </p>
   </div>
   <div class='ocr_carea' id='block_1_29' title="bbox 641 2659 2211 2717">
    <p class='ocr_par' dir='ltr' id='par_1_29' title="bbox 641 2659 2211 2717">
     <span class='ocr_line' id='line_1_29' title="bbox 641 2659 2211 2717; baseline -0.002 -1"><span class='ocrx_word' id='word_1_195' title='bbox 641 2671 749 2716; x_wconf 95' lang='lat' dir='ltr'><strong>tem</strong></span> <span class='ocrx_word' id='word_1_196' title='bbox 789 2680 802 2717; x_wconf 93' lang='lat'>:</span> <span class='ocrx_word' id='word_1_197' title='bbox 839 2662 890 2715; x_wconf 91' lang='lat' dir='ltr'><strong>in</strong></span> <span class='ocrx_word' id='word_1_198' title='bbox 947 2662 1278 2715; x_wconf 87' lang='lat' dir='ltr'><strong>abundantia</strong></span> <span class='ocrx_word' id='word_1_199' title='bbox 1318 2659 1531 2713; x_wconf 92' lang='lat' dir='ltr'><strong>virtutis</strong></span> <span class='ocrx_word' id='word_1_200' title='bbox 1589 2674 1698 2713; x_wconf 65' lang='lat' dir='ltr'><strong>sua:</strong></span> <span class='ocrx_word' id='word_1_201' title='bbox 1745 2675 1852 2713; x_wconf 92' lang='lat' dir='ltr'><strong>non</strong></span> <span class='ocrx_word' id='word_1_202' title='bbox 1886 2659 2211 2714; x_wconf 85' lang='lat' dir='ltr'><strong>servabitur.</strong></span> 
     </span>
    </p>
   </div>
   <div class='ocr_carea' id='block_1_30' title="bbox 642 2750 2212 2820">
    <p class='ocr_par' dir='ltr' id='par_1_30' title="bbox 642 2750 2212 2820">
     <span class='ocr_line' id='line_1_30' title="bbox 642 2750 2212 2820; baseline -0.003 -12"><span class='ocrx_word' id='word_1_203' title='bbox 642 2753 782 2808; x_wconf 83' lang='lat' dir='ltr'><strong>Ecce</strong></span> <span class='ocrx_word' id='word_1_204' title='bbox 812 2752 952 2808; x_wconf 90' lang='lat' dir='ltr'><strong>oculi</strong></span> <span class='ocrx_word' id='word_1_205' title='bbox 1014 2753 1226 2806; x_wconf 86' lang='lat' dir='ltr'><strong>Domini</strong></span> <span class='ocrx_word' id='word_1_206' title='bbox 1286 2766 1450 2820; x_wconf 84' lang='lat' dir='ltr'><strong>super</strong></span> <span class='ocrx_word' id='word_1_207' title='bbox 1502 2761 1803 2804; x_wconf 83' lang='lat' dir='ltr'><strong>metuentes</strong></span> <span class='ocrx_word' id='word_1_208' title='bbox 1834 2765 1980 2818; x_wconf 89' lang='lat' dir='ltr'><strong>eum,</strong></span> <span class='ocrx_word' id='word_1_209' title='bbox 2016 2758 2072 2804; x_wconf 93' lang='lat' dir='ltr'><strong>et</strong></span> <span class='ocrx_word' id='word_1_210' title='bbox 2121 2750 2212 2817; x_wconf 93' lang='lat' dir='ltr'><strong>qui</strong></span> 
     </span>
    </p>
   </div>
   <div class='ocr_carea' id='block_1_31' title="bbox 643 2841 2214 2916">
    <p class='ocr_par' dir='ltr' id='par_1_31' title="bbox 643 2841 2214 2916">
     <span class='ocr_line' id='line_1_31' title="bbox 643 2841 2214 2916; baseline -0.005 -14"><span class='ocrx_word' id='word_1_211' title='bbox 643 2856 866 2916; x_wconf 83' lang='lat' dir='ltr'><strong>sperant</strong></span> <span class='ocrx_word' id='word_1_212' title='bbox 896 2846 948 2901; x_wconf 93' lang='lat' dir='ltr'><strong>in</strong></span> <span class='ocrx_word' id='word_1_213' title='bbox 986 2843 1356 2898; x_wconf 85' lang='lat' dir='ltr'><strong>misericordia</strong></span> <span class='ocrx_word' id='word_1_214' title='bbox 1385 2842 1501 2910; x_wconf 77' lang='lat' dir='ltr'><strong>eius</strong></span> <span class='ocrx_word' id='word_1_215' title='bbox 1535 2858 1548 2894; x_wconf 92' lang='lat'><strong>:</strong></span> <span class='ocrx_word' id='word_1_216' title='bbox 1592 2851 1649 2894; x_wconf 92' lang='lat' dir='ltr'><strong>ut</strong></span> <span class='ocrx_word' id='word_1_217' title='bbox 1702 2841 1895 2895; x_wconf 87' lang='lat' dir='ltr'><strong>liberet</strong></span> <span class='ocrx_word' id='word_1_218' title='bbox 1947 2856 1977 2894; x_wconf 92' lang='lat' dir='ltr'><strong>a</strong></span> <span class='ocrx_word' id='word_1_219' title='bbox 2040 2850 2214 2895; x_wconf 90' lang='lat' dir='ltr'><strong>morte</strong></span> 
     </span>
    </p>
   </div>
   <div class='ocr_carea' id='block_1_32' title="bbox 643 2935 2214 3004">
    <p class='ocr_par' dir='ltr' id='par_1_32' title="bbox 643 2935 2214 3004">
     <span class='ocr_line' id='line_1_32' title="bbox 643 2935 2214 3004; baseline -0.006 -10"><span class='ocrx_word' id='word_1_220' title='bbox 643 2941 858 2994; x_wconf 87' lang='lat' dir='ltr'><strong>animas</strong></span> <span class='ocrx_word' id='word_1_221' title='bbox 887 2953 1075 2994; x_wconf 88' lang='lat' dir='ltr'><strong>eorum</strong></span> <span class='ocrx_word' id='word_1_222' title='bbox 1103 2937 1171 2994; x_wconf 86' lang='lat'><strong>&quot;.</strong></span> <span class='ocrx_word' id='word_1_223' title='bbox 1207 2955 1226 2988; x_wconf 74' lang='grc' dir='ltr'><strong>ι</strong></span> <span class='ocrx_word' id='word_1_224' title='bbox 1259 2937 1349 2990; x_wconf 87' lang='lat' dir='ltr'><strong>Sic</strong></span> <span class='ocrx_word' id='word_1_225' title='bbox 1379 2935 1542 3004; x_wconf 78' lang='lat' dir='ltr'><strong>igitur</strong></span> <span class='ocrx_word' id='word_1_226' title='bbox 1574 2943 1832 3004; x_wconf 86' lang='lat' dir='ltr'><strong>tyrannus</strong></span> <span class='ocrx_word' id='word_1_227' title='bbox 1857 2947 1978 2988; x_wconf 90' lang='lat' dir='ltr'><strong>cum</strong></span> <span class='ocrx_word' id='word_1_228' title='bbox 2003 2947 2214 2988; x_wconf 90' lang='lat' dir='ltr'><strong>summo</strong></span> 
     </span>
    </p>
   </div>
   <div class='ocr_carea' id='block_1_33' title="bbox 643 3025 2212 3103">
    <p class='ocr_par' dir='ltr' id='par_1_33' title="bbox 643 3025 2212 3103">
     <span class='ocr_line' id='line_1_33' title="bbox 643 3025 2212 3103; baseline -0.005 -15"><span class='ocrx_word' id='word_1_229' title='bbox 643 3034 911 3089; x_wconf 87' lang='lat' dir='ltr'><strong>dedecore</strong></span> <span class='ocrx_word' id='word_1_230' title='bbox 958 3043 1119 3101; x_wconf 89' lang='lat' dir='ltr'><strong>atque</strong></span> <span class='ocrx_word' id='word_1_231' title='bbox 1173 3031 1469 3103; x_wconf 80' lang='lat' dir='ltr'><strong>ignominia</strong></span> <span class='ocrx_word' id='word_1_232' title='bbox 1534 3029 1600 3083; x_wconf 89' lang='lat' dir='ltr'><strong>ad</strong></span> <span class='ocrx_word' id='word_1_233' title='bbox 1655 3038 1836 3097; x_wconf 89' lang='lat' dir='ltr'><strong>partes</strong></span> <span class='ocrx_word' id='word_1_234' title='bbox 1883 3028 2093 3097; x_wconf 85' lang='lat' dir='ltr'><strong>imperii</strong></span> <span class='ocrx_word' id='word_1_235' title='bbox 2129 3025 2212 3082; x_wconf 87' lang='lat' dir='ltr'><strong>sui</strong></span> 
     </span>
    </p>
   </div>
   <div class='ocr_carea' id='block_1_34' title="bbox 645 3117 2213 3194">
    <p class='ocr_par' dir='ltr' id='par_1_34' title="bbox 645 3117 2213 3194">
     <span class='ocr_line' id='line_1_34' title="bbox 645 3117 2213 3194; baseline -0.004 -16"><span class='ocrx_word' id='word_1_236' title='bbox 645 3140 924 3190; x_wconf 85' lang='lat' dir='ltr'><strong>reversus,</strong></span> <span class='ocrx_word' id='word_1_237' title='bbox 953 3125 1188 3194; x_wconf 49' lang='lat' dir='ltr'><strong>[militum</strong></span> <span class='ocrx_word' id='word_1_238' title='bbox 1222 3122 1438 3190; x_wconf 87' lang='lat' dir='ltr'><strong>quidem</strong></span> <span class='ocrx_word' id='word_1_239' title='bbox 1483 3118 1666 3173; x_wconf 81' lang='lat' dir='ltr'><strong>furore</strong></span> <span class='ocrx_word' id='word_1_240' title='bbox 1707 3118 1972 3188; x_wconf 87' lang='lat' dir='ltr'><strong>percitus,</strong></span> <span class='ocrx_word' id='word_1_241' title='bbox 2018 3117 2213 3172; x_wconf 87' lang='lat' dir='ltr'><strong>multos</strong></span> 
     </span>
    </p>
   </div>
   <div class='ocr_carea' id='block_1_35' title="bbox 643 3212 2216 3285">
    <p class='ocr_par' dir='ltr' id='par_1_35' title="bbox 643 3212 2216 3285">
     <span class='ocr_line' id='line_1_35' title="bbox 643 3212 2216 3285; baseline -0.005 -13"><span class='ocrx_word' id='word_1_242' title='bbox 643 3217 954 3272; x_wconf 67' lang='lat' dir='ltr'><strong>sacerdotes</strong></span> <span class='ocrx_word' id='word_1_243' title='bbox 983 3231 1046 3270; x_wconf 89' lang='lat' dir='ltr'><strong>ac</strong></span> <span class='ocrx_word' id='word_1_244' title='bbox 1079 3214 1370 3285; x_wconf 86' lang='lat' dir='ltr'><strong>prophetas</strong></span> <span class='ocrx_word' id='word_1_245' title='bbox 1404 3212 1628 3267; x_wconf 89' lang='lat' dir='ltr'><strong>deorum</strong></span> <span class='ocrx_word' id='word_1_246' title='bbox 1657 3225 1898 3272; x_wconf 92' lang='lat' dir='ltr'><strong>suorum,</strong></span> <span class='ocrx_word' id='word_1_247' title='bbox 1927 3222 2063 3278; x_wconf 92' lang='lat' dir='ltr'><strong>quos</strong></span> <span class='ocrx_word' id='word_1_248' title='bbox 2092 3217 2216 3264; x_wconf 87' lang='lat' dir='ltr'><strong>ante</strong></span> 
     </span>
    </p>
   </div>
   <div class='ocr_carea' id='block_1_36' title="bbox 645 3298 2212 3375">
    <p class='ocr_par' dir='ltr' id='par_1_36' title="bbox 645 3298 2212 3375">
     <span class='ocr_line' id='line_1_36' title="bbox 645 3298 2212 3375; baseline -0.007 -13"><span class='ocrx_word' id='word_1_249' title='bbox 645 3315 991 3375; x_wconf 82' lang='lat' dir='ltr'><strong>snspexerat,</strong></span> <span class='ocrx_word' id='word_1_250' title='bbox 1025 3317 1080 3362; x_wconf 89' lang='lat' dir='ltr'><strong>et</strong></span> <span class='ocrx_word' id='word_1_251' title='bbox 1132 3319 1365 3374; x_wconf 91' lang='lat' dir='ltr'><strong>quorum</strong></span> <span class='ocrx_word' id='word_1_252' title='bbox 1406 3302 1641 3356; x_wconf 87' lang='lat' dir='ltr'><strong>oraculis</strong></span> <span class='ocrx_word' id='word_1_253' title='bbox 1689 3302 1962 3356; x_wconf 82' lang='lat' dir='ltr'><strong>excitatus</strong></span> <span class='ocrx_word' id='word_1_254' title='bbox 2017 3298 2212 3353; x_wconf 79' lang='lat' dir='ltr'><strong>bellum</strong></span> 
     </span>
    </p>
   </div>
   <div class='ocr_carea' id='block_1_37' title="bbox 643 3395 2209 3468">
    <p class='ocr_par' dir='ltr' id='par_1_37' title="bbox 643 3395 2209 3468">
     <span class='ocr_line' id='line_1_37' title="bbox 643 3395 2209 3468; baseline -0.006 -14"><span class='ocrx_word' id='word_1_255' title='bbox 643 3409 985 3468; x_wconf 66' lang='lat' dir='ltr'><strong>susceperat,</strong></span> <span class='ocrx_word' id='word_1_256' title='bbox 1022 3406 1278 3467; x_wconf 83' lang='lat' dir='ltr'><strong>tanquam</strong></span> <span class='ocrx_word' id='word_1_257' title='bbox 1321 3395 1746 3464; x_wconf 68' lang='lat' dir='ltr'><strong>prmstigiatores</strong></span> <span class='ocrx_word' id='word_1_258' title='bbox 1771 3408 1832 3447; x_wconf 90' lang='lat' dir='ltr'><strong>ac</strong></span> <span class='ocrx_word' id='word_1_259' title='bbox 1855 3397 2170 3462; x_wconf 90' lang='lat' dir='ltr'><strong>deceptores</strong></span> <span class='ocrx_word' id='word_1_260' title='bbox 2194 3431 2209 3455; x_wconf 92' lang='lat'><strong>,</strong></span> 
     </span>
    </p>
   </div>
   <div class='ocr_carea' id='block_1_38' title="bbox 647 3482 2212 3557">
    <p class='ocr_par' dir='ltr' id='par_1_38' title="bbox 647 3482 2212 3557">
     <span class='ocr_line' id='line_1_38' title="bbox 647 3482 2212 3557; baseline -0.004 -14"><span class='ocrx_word' id='word_1_261' title='bbox 647 3501 810 3557; x_wconf 88' lang='lat' dir='ltr'><strong>atque</strong></span> <span class='ocrx_word' id='word_1_262' title='bbox 845 3488 1066 3557; x_wconf 89' lang='lat' dir='ltr'><strong>insuper</strong></span> <span class='ocrx_word' id='word_1_263' title='bbox 1116 3486 1307 3540; x_wconf 84' lang='lat' dir='ltr'><strong>salutis</strong></span> <span class='ocrx_word' id='word_1_264' title='bbox 1359 3500 1471 3538; x_wconf 71' lang='lat' dir='ltr'><strong>sua:</strong></span> <span class='ocrx_word' id='word_1_265' title='bbox 1527 3484 1830 3553; x_wconf 86' lang='lat' dir='ltr'><strong>proditores</strong></span> <span class='ocrx_word' id='word_1_266' title='bbox 1881 3485 1999 3537; x_wconf 90' lang='lat' dir='ltr'><strong>neci</strong></span> <span class='ocrx_word' id='word_1_267' title='bbox 2045 3482 2212 3536; x_wconf 88' lang='lat' dir='ltr'><strong>dedit.</strong></span> 
     </span>
    </p>
   </div>
   <div class='ocr_carea' id='block_1_39' title="bbox 647 3574 2214 3645">
    <p class='ocr_par' dir='ltr' id='par_1_39' title="bbox 647 3574 2214 3645">
     <span class='ocr_line' id='line_1_39' title="bbox 647 3574 2214 3645; baseline -0.006 -9"><span class='ocrx_word' id='word_1_268' title='bbox 647 3580 895 3636; x_wconf 81' lang='lat' dir='ltr'><strong>Posthaec</strong></span> <span class='ocrx_word' id='word_1_269' title='bbox 927 3594 1049 3633; x_wconf 89' lang='lat' dir='ltr'><strong>cum</strong></span> <span class='ocrx_word' id='word_1_270' title='bbox 1095 3577 1530 3633; x_wconf 82' lang='lat' dir='ltr'><strong>Christianorum</strong></span> <span class='ocrx_word' id='word_1_271' title='bbox 1569 3576 1677 3629; x_wconf 87' lang='lat' dir='ltr'><strong>Deo</strong></span> <span class='ocrx_word' id='word_1_272' title='bbox 1709 3575 1937 3645; x_wconf 81' lang='lat' dir='ltr'><strong>gloriam</strong></span> <span class='ocrx_word' id='word_1_273' title='bbox 1970 3574 2214 3628; x_wconf 85' lang='lat' dir='ltr'><strong>laudem-</strong></span> 
     </span>
    </p>
   </div>
   <div class='ocr_carea' id='block_1_40' title="bbox 645 3666 2212 3742">
    <p class='ocr_par' dir='ltr' id='par_1_40' title="bbox 645 3666 2212 3742">
     <span class='ocr_line' id='line_1_40' title="bbox 645 3666 2212 3742; baseline -0.003 -17"><span class='ocrx_word' id='word_1_274' title='bbox 645 3687 752 3742; x_wconf 89' lang='lat' dir='ltr'><strong>que</strong></span> <span class='ocrx_word' id='word_1_275' title='bbox 783 3672 1082 3734; x_wconf 86' lang='lat' dir='ltr'><strong>tribuisset,</strong></span> <span class='ocrx_word' id='word_1_276' title='bbox 1115 3682 1170 3725; x_wconf 87' lang='lat' dir='ltr'><strong>et</strong></span> <span class='ocrx_word' id='word_1_277' title='bbox 1203 3668 1662 3724; x_wconf 89' lang='lat' dir='ltr'><strong>absolutissimam</strong></span> <span class='ocrx_word' id='word_1_278' title='bbox 1699 3677 1861 3736; x_wconf 89' lang='lat' dir='ltr'><strong>atque</strong></span> <span class='ocrx_word' id='word_1_279' title='bbox 1883 3666 2212 3721; x_wconf 85' lang='lat' dir='ltr'><strong>uberrimam</strong></span> 
     </span>
    </p>
   </div>
   <div class='ocr_carea' id='block_1_41' title="bbox 645 3759 2217 3836">
    <p class='ocr_par' dir='ltr' id='par_1_41' title="bbox 645 3759 2217 3836">
     <span class='ocr_line' id='line_1_41' title="bbox 645 3759 2217 3836; baseline -0.004 -16"><span class='ocrx_word' id='word_1_280' title='bbox 645 3767 819 3836; x_wconf 83' lang='lat' dir='ltr'><strong>legem</strong></span> <span class='ocrx_word' id='word_1_281' title='bbox 854 3780 950 3835; x_wconf 89' lang='lat' dir='ltr'><strong>pro</strong></span> <span class='ocrx_word' id='word_1_282' title='bbox 983 3764 1296 3818; x_wconf 90' lang='lat' dir='ltr'><strong>eornmdem</strong></span> <span class='ocrx_word' id='word_1_283' title='bbox 1328 3761 1763 3816; x_wconf 82' lang='lat' dir='ltr'><strong>Christianorum</strong></span> <span class='ocrx_word' id='word_1_284' title='bbox 1792 3761 2042 3815; x_wconf 81' lang='lat' dir='ltr'><strong>libertate</strong></span> <span class='ocrx_word' id='word_1_285' title='bbox 2071 3759 2217 3814; x_wconf 82' lang='lat' dir='ltr'><strong>tulis-</strong></span> 
     </span>
    </p>
   </div>
   <div class='ocr_carea' id='block_1_42' title="bbox 646 3850 2215 3929">
    <p class='ocr_par' dir='ltr' id='par_1_42' title="bbox 646 3850 2215 3929">
     <span class='ocr_line' id='line_1_42' title="bbox 646 3850 2215 3929; baseline -0.004 -15"><span class='ocrx_word' id='word_1_286' title='bbox 646 3870 752 3924; x_wconf 87' lang='lat' dir='ltr'><strong>set,</strong></span> <span class='ocrx_word' id='word_1_287' title='bbox 785 3875 908 3913; x_wconf 84' lang='lat' dir='ltr'><strong>mox</strong></span> <span class='ocrx_word' id='word_1_288' title='bbox 945 3857 1264 3929; x_wconf 85' lang='lat' dir='ltr'><strong>gravissima</strong></span> <span class='ocrx_word' id='word_1_289' title='bbox 1319 3855 1639 3924; x_wconf 71' lang='lat' dir='ltr'><strong>aegritudine</strong></span> <span class='ocrx_word' id='word_1_290' title='bbox 1685 3863 2012 3922; x_wconf 87' lang='lat' dir='ltr'><strong>correptus,</strong></span> <span class='ocrx_word' id='word_1_291' title='bbox 2071 3850 2215 3907; x_wconf 78' lang='lat' dir='ltr'><strong>nulla</strong></span> 
     </span>
    </p>
   </div>
   <div class='ocr_carea' id='block_1_43' title="bbox 646 3943 2213 4022">
    <p class='ocr_par' dir='ltr' id='par_1_43' title="bbox 646 3943 2213 4022">
     <span class='ocr_line' id='line_1_43' title="bbox 646 3943 2213 4022; baseline -0.004 -16"><span class='ocrx_word' id='word_1_292' title='bbox 646 3952 748 4022; x_wconf 88' lang='lat' dir='ltr'><strong>ipsi</strong></span> <span class='ocrx_word' id='word_1_293' title='bbox 781 3951 1039 4004; x_wconf 90' lang='lat' dir='ltr'><strong>dilatione</strong></span> <span class='ocrx_word' id='word_1_294' title='bbox 1071 3964 1335 4004; x_wconf 86' lang='lat' dir='ltr'><strong>concessa</strong></span> <span class='ocrx_word' id='word_1_295' title='bbox 1367 3985 1384 4013; x_wconf 89' lang='lat'><strong>,</strong></span> <span class='ocrx_word' id='word_1_296' title='bbox 1446 3956 1753 4002; x_wconf 83' lang='lat' dir='ltr'><strong>extremum</strong></span> <span class='ocrx_word' id='word_1_297' title='bbox 1800 3945 1939 4001; x_wconf 91' lang='lat' dir='ltr'><strong>diem</strong></span> <span class='ocrx_word' id='word_1_298' title='bbox 1997 3943 2213 4001; x_wconf 88' lang='lat' dir='ltr'><strong>clausit.</strong></span> 
     </span>
    </p>
   </div>
   <div class='ocr_carea' id='block_1_44' title="bbox 647 4039 1748 4116">
    <p class='ocr_par' dir='ltr' id='par_1_44' title="bbox 647 4039 1748 4116">
     <span class='ocr_line' id='line_1_44' title="bbox 647 4039 1748 4116; baseline -0.007 -14"><span class='ocrx_word' id='word_1_299' title='bbox 647 4047 758 4102; x_wconf 78' lang='lat' dir='ltr'><strong>Lex</strong></span> <span class='ocrx_word' id='word_1_300' title='bbox 787 4060 950 4116; x_wconf 92' lang='lat' dir='ltr'><strong>porro</strong></span> <span class='ocrx_word' id='word_1_301' title='bbox 980 4044 1047 4098; x_wconf 93' lang='lat' dir='ltr'><strong>ab</strong></span> <span class='ocrx_word' id='word_1_302' title='bbox 1085 4044 1177 4098; x_wconf 92' lang='lat' dir='ltr'><strong>illo</strong></span> <span class='ocrx_word' id='word_1_303' title='bbox 1203 4043 1400 4098; x_wconf 90' lang='lat' dir='ltr'><strong>emissa</strong></span> <span class='ocrx_word' id='word_1_304' title='bbox 1431 4043 1509 4096; x_wconf 90' lang='lat' dir='ltr'><strong>sic</strong></span> <span class='ocrx_word' id='word_1_305' title='bbox 1544 4039 1705 4095; x_wconf 87' lang='lat' dir='ltr'><strong>habet</strong></span> <span class='ocrx_word' id='word_1_306' title='bbox 1732 4054 1748 4094; x_wconf 90' lang='lat'><strong>:</strong></span> 
     </span>
    </p>
   </div>
   <div class='ocr_carea' id='block_1_45' title="bbox 651 4126 2214 4209">
    <p class='ocr_par' dir='ltr' id='par_1_45' title="bbox 651 4126 2214 4209">
     <span class='ocr_line' id='line_1_45' title="bbox 651 4126 2214 4209; baseline -0.009 -15"><span class='ocrx_word' id='word_1_307' title='bbox 651 4139 962 4209; x_wconf 72' lang='lat' dir='ltr'><strong>Exemplum</strong></span> <span class='ocrx_word' id='word_1_308' title='bbox 1001 4137 1384 4209; x_wconf 59' lang='lat' dir='ltr'><strong>constitutionis</strong></span> <span class='ocrx_word' id='word_1_309' title='bbox 1418 4153 1448 4189; x_wconf 93' lang='lat' dir='ltr'><strong>a</strong></span> <span class='ocrx_word' id='word_1_310' title='bbox 1495 4143 1720 4209; x_wconf 74' lang='lat' dir='ltr'><strong>tyranno</strong></span> <span class='ocrx_word' id='word_1_311' title='bbox 1757 4147 1851 4209; x_wconf 51' lang='lat' dir='ltr'><strong>p10</strong></span> <span class='ocrx_word' id='word_1_312' title='bbox 1891 4126 2214 4182; x_wconf 74' lang='lat' dir='ltr'><strong>Christianis</strong></span> 
     </span>
    </p>
   </div>
   <div class='ocr_carea' id='block_1_46' title="bbox 718 4198 2216 4275">
    <p class='ocr_par' dir='ltr' id='par_1_46' title="bbox 718 4198 2216 4275">
     <span class='ocr_line' id='line_1_46' title="bbox 718 4198 2216 4275; baseline -0.008 -11"><span class='ocrx_word' id='word_1_313' title='bbox 718 4198 881 4275; x_wconf 61' lang='lat' dir='ltr'><strong>delle,</strong></span> <span class='ocrx_word' id='word_1_314' title='bbox 936 4219 985 4263; x_wconf 78' lang='lat' dir='ltr'><strong>et</strong></span> <span class='ocrx_word' id='word_1_315' title='bbox 1045 4221 1112 4261; x_wconf 74' lang='lat' dir='ltr'><strong>ea:</strong></span> <span class='ocrx_word' id='word_1_316' title='bbox 1151 4205 1339 4261; x_wconf 84' lang='lat' dir='ltr'><strong>Latino</strong></span> <span class='ocrx_word' id='word_1_317' title='bbox 1382 4198 1619 4260; x_wconf 72' lang='lat' dir='ltr'><strong>sermone</strong></span> <span class='ocrx_word' id='word_1_318' title='bbox 1664 4204 1719 4256; x_wconf 78' lang='lat' dir='ltr'><strong>in</strong></span> <span class='ocrx_word' id='word_1_319' title='bbox 1771 4198 2010 4255; x_wconf 71' lang='lat' dir='ltr'><strong>ercum</strong></span> <span class='ocrx_word' id='word_1_320' title='bbox 2039 4209 2216 4252; x_wconf 74' lang='lat' dir='ltr'><strong>trant-</strong></span> 
     </span>
    </p>
   </div>
   <div class='ocr_carea' id='block_1_47' title="bbox 721 4283 866 4336">
    <p class='ocr_par' dir='ltr' id='par_1_47' title="bbox 721 4283 866 4336">
     <span class='ocr_line' id='line_1_47' title="bbox 721 4283 866 4336; baseline 0.021 -3"><span class='ocrx_word' id='word_1_321' title='bbox 721 4283 866 4336; x_wconf 66' lang='lat' dir='ltr'><strong>lata.</strong></span> 
     </span>
    </p>
   </div>
   <div class='ocr_carea' id='block_1_48' title="bbox 721 4359 2207 4439">
    <p class='ocr_par' dir='ltr' id='par_1_48' title="bbox 721 4359 2207 4439">
     <span class='ocr_line' id='line_1_48' title="bbox 721 4359 2207 4439; baseline -0.005 -17"><span class='ocrx_word' id='word_1_322' title='bbox 721 4369 1075 4439; x_wconf 68' lang='lat' dir='ltr'><strong>«Imperator</strong></span> <span class='ocrx_word' id='word_1_323' title='bbox 1116 4364 1301 4424; x_wconf 68' lang='lat' dir='ltr'><strong>Cmsar</strong></span> <span class='ocrx_word' id='word_1_324' title='bbox 1347 4364 1514 4420; x_wconf 86' lang='lat' dir='ltr'><strong>Caius</strong></span> <span class='ocrx_word' id='word_1_325' title='bbox 1560 4362 1810 4418; x_wconf 80' lang='lat' dir='ltr'><strong>Valerius</strong></span> <span class='ocrx_word' id='word_1_326' title='bbox 1857 4359 2207 4424; x_wconf 82' lang='lat' dir='ltr'><strong>Maximinus,</strong></span> 
     </span>
    </p>
   </div>
   <div class='ocr_carea' id='block_1_49' title="bbox 647 4456 2290 4561">
    <p class='ocr_par' dir='ltr' id='par_1_49' title="bbox 647 4456 2290 4561">
     <span class='ocr_line' id='line_1_49' title="bbox 647 4456 2290 4561; baseline 0.001 -51"><span class='ocrx_word' id='word_1_327' title='bbox 647 4457 811 4530; x_wconf 63' lang='lat'><strong>364</strong></span> <span class='ocrx_word' id='word_1_328' title='bbox 825 4456 1199 4522; x_wconf 87' lang='lat' dir='ltr'><strong>Germanicus,</strong></span> <span class='ocrx_word' id='word_1_329' title='bbox 1217 4457 1571 4519; x_wconf 83' lang='lat' dir='ltr'><strong>Sarmaticus,</strong></span> <span class='ocrx_word' id='word_1_330' title='bbox 1591 4457 1738 4522; x_wconf 82' lang='lat' dir='ltr'><strong>Pius,</strong></span> <span class='ocrx_word' id='word_1_331' title='bbox 1757 4457 1927 4524; x_wconf 82' lang='lat' dir='ltr'><strong>Felix,</strong></span> <span class='ocrx_word' id='word_1_332' title='bbox 1947 4457 2210 4526; x_wconf 85' lang='lat' dir='ltr'><strong>Invictus,</strong></span> <span class='ocrx_word' id='word_1_333' title='bbox 2245 4506 2290 4561; x_wconf 65' lang='grc' dir='ltr'>υ</span> 
     </span>
    </p>
   </div>
   <div class='ocr_carea' id='block_1_50' title="bbox 649 4548 2212 4621">
    <p class='ocr_par' dir='ltr' id='par_1_50' title="bbox 649 4548 2212 4621">
     <span class='ocr_line' id='line_1_50' title="bbox 649 4548 2212 4621; baseline -0.001 -18"><span class='ocrx_word' id='word_1_334' title='bbox 649 4552 946 4621; x_wconf 83' lang='lat' dir='ltr'><strong>Augustus.</strong></span> <span class='ocrx_word' id='word_1_335' title='bbox 981 4548 1406 4605; x_wconf 78' lang='lat' dir='ltr'><strong>Provincialium</strong></span> <span class='ocrx_word' id='word_1_336' title='bbox 1441 4559 1750 4603; x_wconf 89' lang='lat' dir='ltr'><strong>nostrorum</strong></span> <span class='ocrx_word' id='word_1_337' title='bbox 1787 4549 2009 4604; x_wconf 86' lang='lat' dir='ltr'><strong>utilitati</strong></span> <span class='ocrx_word' id='word_1_338' title='bbox 2035 4549 2212 4603; x_wconf 90' lang='lat' dir='ltr'><strong>omni-</strong></span> 
     </span>
    </p>
   </div>
   <div class='ocr_carea' id='block_1_51' title="bbox 651 4641 2212 4715">
    <p class='ocr_par' dir='ltr' id='par_1_51' title="bbox 651 4641 2212 4715">
     <span class='ocr_line' id='line_1_51' title="bbox 651 4641 2212 4715; baseline 0.001 -20"><span class='ocrx_word' id='word_1_339' title='bbox 651 4641 755 4696; x_wconf 87' lang='lat' dir='ltr'><strong>bus</strong></span> <span class='ocrx_word' id='word_1_340' title='bbox 785 4641 959 4698; x_wconf 89' lang='lat' dir='ltr'><strong>modis</strong></span> <span class='ocrx_word' id='word_1_341' title='bbox 989 4656 1089 4696; x_wconf 91' lang='lat' dir='ltr'><strong>nos</strong></span> <span class='ocrx_word' id='word_1_342' title='bbox 1138 4649 1395 4715; x_wconf 87' lang='lat' dir='ltr'><strong>perpetuo</strong></span> <span class='ocrx_word' id='word_1_343' title='bbox 1432 4641 1742 4708; x_wconf 85' lang='lat' dir='ltr'><strong>consulere,</strong></span> <span class='ocrx_word' id='word_1_344' title='bbox 1775 4658 1948 4712; x_wconf 88' lang='lat' dir='ltr'><strong>eaque</strong></span> <span class='ocrx_word' id='word_1_345' title='bbox 1980 4642 2115 4712; x_wconf 89' lang='lat' dir='ltr'><strong>ipsis</strong></span> <span class='ocrx_word' id='word_1_346' title='bbox 2143 4642 2212 4696; x_wconf 85' lang='lat' dir='ltr'><strong>li-</strong></span> 
     </span>
    </p>
   </div>
   <div class='ocr_carea' id='block_1_52' title="bbox 717 4766 1362 4834">
    <p class='ocr_par' dir='ltr' id='par_1_52' title="bbox 717 4766 1362 4834">
     <span class='ocr_line' id='line_1_52' title="bbox 717 4766 1362 4834; baseline -0.006 -11"><span class='ocrx_word' id='word_1_347' title='bbox 717 4767 761 4800; x_wconf 85' lang='grc'><strong>⁵⁷</strong></span> <span class='ocrx_word' id='word_1_348' title='bbox 795 4767 935 4823; x_wconf 86' lang='lat' dir='ltr'><strong>Psal.</strong></span> <span class='ocrx_word' id='word_1_349' title='bbox 963 4783 1138 4834; x_wconf 78' lang='lat' dir='ltr'><strong>xxx&quot;,</strong></span> <span class='ocrx_word' id='word_1_350' title='bbox 1179 4766 1362 4820; x_wconf 77' lang='grc'><strong>16-19.</strong></span> 
     </span>
    </p>
   </div>
   <div class='ocr_carea' id='block_1_53' title="bbox 719 4906 2214 4977">
    <p class='ocr_par' dir='ltr' id='par_1_53' title="bbox 719 4906 2214 4977">
     <span class='ocr_line' id='line_1_53' title="bbox 719 4906 2214 4977; baseline 0.003 -16"><span class='ocrx_word' id='word_1_351' title='bbox 719 4906 830 4976; x_wconf 87' lang='grc'>(66)</span> <span class='ocrx_word' id='word_1_352' title='bbox 868 4909 940 4961; x_wconf 81' lang='grc' dir='ltr'><strong>Τὰ</strong></span> <span class='ocrx_word' id='word_1_353' title='bbox 972 4908 1169 4965; x_wconf 83' lang='grc' dir='ltr'>πάντα</span> <span class='ocrx_word' id='word_1_354' title='bbox 1199 4909 1474 4977; x_wconf 66' lang='grc' dir='ltr'>κινήσας.</span> <span class='ocrx_word' id='word_1_355' title='bbox 1524 4908 1708 4963; x_wconf 84' lang='lat' dir='ltr'><strong>Nostri</strong></span> <span class='ocrx_word' id='word_1_356' title='bbox 1757 4910 1973 4966; x_wconf 79' lang='lat' dir='ltr'><strong>codices</strong></span> <span class='ocrx_word' id='word_1_357' title='bbox 2025 4925 2214 4966; x_wconf 88' lang='lat' dir='ltr'><strong>omnes</strong></span> 
     </span>
    </p>
   </div>
   <div class='ocr_carea' id='block_1_54' title="bbox 645 4978 2214 5050">
    <p class='ocr_par' dir='ltr' id='par_1_54' title="bbox 645 4978 2214 5050">
     <span class='ocr_line' id='line_1_54' title="bbox 645 4978 2214 5050; baseline 0.004 -18"><span class='ocrx_word' id='word_1_358' title='bbox 645 4978 848 5032; x_wconf 88' lang='lat' dir='ltr'><strong>habent</strong></span> <span class='ocrx_word' id='word_1_359' title='bbox 876 4980 1138 5050; x_wconf 83' lang='grc' dir='ltr'><strong>κυκήσας.</strong></span> <span class='ocrx_word' id='word_1_360' title='bbox 1171 4980 1321 5045; x_wconf 80' lang='lat' dir='ltr'><strong>Quod</strong></span> <span class='ocrx_word' id='word_1_361' title='bbox 1356 4980 1642 5050; x_wconf 69' lang='lat' dir='ltr'><strong>confirmat</strong></span> <span class='ocrx_word' id='word_1_362' title='bbox 1670 4981 1831 5034; x_wconf 86' lang='lat' dir='ltr'><strong>etiam</strong></span> <span class='ocrx_word' id='word_1_363' title='bbox 1857 4979 2214 5050; x_wconf 81' lang='lat' dir='ltr'><strong>Nicephorus.</strong></span> 
     </span>
    </p>
   </div>
   <div class='ocr_carea' id='block_1_55' title="bbox 648 5049 2217 5120">
    <p class='ocr_par' dir='ltr' id='par_1_55' title="bbox 648 5049 2217 5120">
     <span class='ocr_line' id='line_1_55' title="bbox 648 5049 2217 5120; baseline 0.007 -23"><span class='ocrx_word' id='word_1_364' title='bbox 648 5049 1040 5120; x_wconf 71' lang='lat' dir='ltr'><strong>Quarenescio</strong></span> <span class='ocrx_word' id='word_1_365' title='bbox 1084 5054 1223 5104; x_wconf 91' lang='lat' dir='ltr'><strong>unde</strong></span> <span class='ocrx_word' id='word_1_366' title='bbox 1265 5051 1532 5120; x_wconf 87' lang='lat' dir='ltr'><strong>vulgatam</strong></span> <span class='ocrx_word' id='word_1_367' title='bbox 1582 5049 1918 5120; x_wconf 88' lang='lat' dir='ltr'><strong>Scripturam</strong></span> <span class='ocrx_word' id='word_1_368' title='bbox 1975 5049 2217 5108; x_wconf 87' lang='lat' dir='ltr'><strong>hauserit</strong></span> 
     </span>
    </p>
   </div>
   <div class='ocr_carea' id='block_1_56' title="bbox 648 5118 2217 5188">
    <p class='ocr_par' dir='ltr' id='par_1_56' title="bbox 648 5118 2217 5188">
     <span class='ocr_line' id='line_1_56' title="bbox 648 5118 2217 5188; baseline 0.003 -16"><span class='ocrx_word' id='word_1_369' title='bbox 648 5119 784 5172; x_wconf 74' lang='grc' dir='ltr'>ιιυι).</span> <span class='ocrx_word' id='word_1_370' title='bbox 819 5118 1145 5186; x_wconf 87' lang='lat' dir='ltr'><strong>Stephanus.</strong></span> <span class='ocrx_word' id='word_1_371' title='bbox 1187 5120 1321 5174; x_wconf 82' lang='lat' dir='ltr'><strong>Nam</strong></span> <span class='ocrx_word' id='word_1_372' title='bbox 1343 5118 1398 5174; x_wconf 82' lang='lat' dir='ltr'><strong>et</strong></span> <span class='ocrx_word' id='word_1_373' title='bbox 1427 5120 1625 5188; x_wconf 77' lang='lat' dir='ltr'><strong>Regius</strong></span> <span class='ocrx_word' id='word_1_374' title='bbox 1655 5118 1855 5187; x_wconf 85' lang='lat' dir='ltr'><strong>codex,</strong></span> <span class='ocrx_word' id='word_1_375' title='bbox 1888 5138 2045 5188; x_wconf 88' lang='lat' dir='ltr'><strong>quem</strong></span> <span class='ocrx_word' id='word_1_376' title='bbox 2097 5125 2217 5176; x_wconf 87' lang='lat' dir='ltr'><strong>ubi-</strong></span> 
     </span>
    </p>
   </div>
   <div class='ocr_carea' id='block_1_57' title="bbox 648 5189 2215 5261">
    <p class='ocr_par' dir='ltr' id='par_1_57' title="bbox 648 5189 2215 5261">
     <span class='ocr_line' id='line_1_57' title="bbox 648 5189 2215 5261; baseline 0.005 -20"><span class='ocrx_word' id='word_1_377' title='bbox 648 5189 1113 5261; x_wconf 72' lang='lat' dir='ltr'><strong>quieStephanus</strong></span> <span class='ocrx_word' id='word_1_378' title='bbox 1157 5193 1461 5260; x_wconf 82' lang='lat' dir='ltr'><strong>expressit,</strong></span> <span class='ocrx_word' id='word_1_379' title='bbox 1502 5192 1706 5246; x_wconf 88' lang='lat' dir='ltr'><strong>diserte</strong></span> <span class='ocrx_word' id='word_1_380' title='bbox 1745 5194 2008 5261; x_wconf 89' lang='lat' dir='ltr'><strong>scriptum</strong></span> <span class='ocrx_word' id='word_1_381' title='bbox 2049 5195 2215 5249; x_wconf 87' lang='lat' dir='ltr'><strong>habet</strong></span> 
     </span>
    </p>
   </div>
   <div class='ocr_carea' id='block_1_58' title="bbox 646 5260 914 5321">
    <p class='ocr_par' dir='ltr' id='par_1_58' title="bbox 646 5260 914 5321">
     <span class='ocr_line' id='line_1_58' title="bbox 646 5260 914 5321; baseline -0.007 -8"><span class='ocrx_word' id='word_1_382' title='bbox 646 5260 914 5321; x_wconf 85' lang='grc' dir='ltr'>κυκήσας.</span> 
     </span>
    </p>
   </div>
   <div class='ocr_carea' id='block_1_59' title="bbox 717 5329 2214 5453">
    <p class='ocr_par' dir='ltr' id='par_1_59' title="bbox 717 5329 2214 5453">
     <span class='ocr_line' id='line_1_59' title="bbox 717 5329 2214 5453; baseline 0.003 -71"><span class='ocrx_word' id='word_1_383' title='bbox 717 5329 832 5453; x_wconf 49' lang='grc' dir='ltr'><strong>ἓϋἾ)</strong></span> <span class='ocrx_word' id='word_1_384' title='bbox 864 5329 1144 5399; x_wconf 78' lang='grc' dir='ltr'><strong>Λικιννίῳ</strong></span> <span class='ocrx_word' id='word_1_385' title='bbox 1177 5329 1286 5398; x_wconf 85' lang='grc' dir='ltr'>τῆς</span> <span class='ocrx_word' id='word_1_386' title='bbox 1316 5329 1488 5398; x_wconf 79' lang='grc' dir='ltr'>νίκης</span> <span class='ocrx_word' id='word_1_387' title='bbox 1516 5332 1585 5397; x_wconf 75' lang='grc' dir='ltr'><strong>ἐξ</strong></span> <span class='ocrx_word' id='word_1_388' title='bbox 1608 5331 1799 5386; x_wconf 85' lang='grc' dir='ltr'>αὐτοῦ</span> <span class='ocrx_word' id='word_1_389' title='bbox 1839 5333 1945 5388; x_wconf 84' lang='grc' dir='ltr'>τοῦ</span> <span class='ocrx_word' id='word_1_390' title='bbox 1973 5332 2214 5389; x_wconf 77' lang='grc' dir='ltr'>πάντων·</span> 
     </span>
     <span class='ocr_line' id='line_1_60' title="bbox 753 5398 2209 5453; baseline 0 0"><span class='ocrx_word' id='word_1_391' title='bbox 753 5421 785 5453; x_wconf 78' lang='lat' dir='ltr'><em>c</em></span> <span class='ocrx_word' id='word_1_392' title='bbox 840 5398 938 5452; x_wconf 72' lang='grc' dir='ltr'>καὶ</span> <span class='ocrx_word' id='word_1_393' title='bbox 998 5400 1182 5453; x_wconf 73' lang='grc' dir='ltr'>ιιόνου</span> <span class='ocrx_word' id='word_1_394' title='bbox 1243 5400 1391 5453; x_wconf 84' lang='grc' dir='ltr'><strong>Θεοῦ</strong></span> <span class='ocrx_word' id='word_1_395' title='bbox 1469 5419 1641 5453; x_wconf 85' lang='grc' dir='ltr'>πουτ.</span> <span class='ocrx_word' id='word_1_396' title='bbox 1692 5402 1802 5453; x_wconf 83' lang='lat' dir='ltr'><strong>Hoc</strong></span> <span class='ocrx_word' id='word_1_397' title='bbox 1862 5405 1978 5453; x_wconf 80' lang='lat' dir='ltr'><strong>lum</strong></span> <span class='ocrx_word' id='word_1_398' title='bbox 2042 5405 2209 5453; x_wconf 81' lang='lat' dir='ltr'><strong>nostri</strong></span> 
     </span>
    </p>
   </div>
   <div class='ocr_carea' id='block_1_60' title="bbox 645 5398 2210 5470">
    <p class='ocr_par' dir='ltr' id='par_1_60' title="bbox 645 5398 2210 5470">
     <span class='ocr_line' id='line_1_61' title="bbox 645 5398 2210 5470; baseline 0.003 -17"><span class='ocrx_word' id='word_1_399' title='bbox 645 5398 938 5470; x_wconf 56' lang='grc' dir='ltr'>ἐνὸςκαὶ</span> <span class='ocrx_word' id='word_1_400' title='bbox 990 5398 1182 5470; x_wconf 64' lang='grc' dir='ltr'>μόνου</span> <span class='ocrx_word' id='word_1_401' title='bbox 1243 5400 1391 5470; x_wconf 70' lang='grc' dir='ltr'>Θεοῦ</span> <span class='ocrx_word' id='word_1_402' title='bbox 1469 5419 1641 5470; x_wconf 81' lang='grc' dir='ltr'>πρυτ.</span> <span class='ocrx_word' id='word_1_403' title='bbox 1692 5402 1802 5457; x_wconf 86' lang='lat' dir='ltr'><strong>lloc</strong></span> <span class='ocrx_word' id='word_1_404' title='bbox 1862 5405 1978 5458; x_wconf 84' lang='lat' dir='ltr'><strong>loco</strong></span> <span class='ocrx_word' id='word_1_405' title='bbox 2041 5405 2210 5459; x_wconf 87' lang='lat' dir='ltr'><strong>nostri</strong></span> 
     </span>
    </p>
   </div>
   <div class='ocr_carea' id='block_1_61' title="bbox 648 5468 2211 5542">
    <p class='ocr_par' dir='ltr' id='par_1_61' title="bbox 648 5468 2211 5542">
     <span class='ocr_line' id='line_1_62' title="bbox 648 5468 2211 5542; baseline 0.003 -19"><span class='ocrx_word' id='word_1_406' title='bbox 648 5471 806 5542; x_wconf 59' lang='lat' dir='ltr'><strong>codd.</strong></span> <span class='ocrx_word' id='word_1_407' title='bbox 846 5469 1008 5534; x_wconf 60' lang='grc' dir='ltr'><strong>Μυκη</strong></span> <span class='ocrx_word' id='word_1_408' title='bbox 1045 5469 1185 5542; x_wconf 74' lang='lat' dir='ltr'><strong>Med.</strong></span> <span class='ocrx_word' id='word_1_409' title='bbox 1209 5480 1262 5524; x_wconf 85' lang='lat' dir='ltr'><strong>et</strong></span> <span class='ocrx_word' id='word_1_410' title='bbox 1295 5468 1650 5542; x_wconf 51' lang='lat' dir='ltr'><strong>[fabalian</strong></span> <span class='ocrx_word' id='word_1_411' title='bbox 1689 5489 1851 5526; x_wconf 86' lang='lat' dir='ltr'><strong>voces</strong></span> <span class='ocrx_word' id='word_1_412' title='bbox 1885 5477 2211 5528; x_wconf 79' lang='lat' dir='ltr'><strong>intersernnt</strong></span> 
     </span>
    </p>
   </div>
   <div class='ocr_carea' id='block_1_62' title="bbox 648 5538 2211 5618">
    <p class='ocr_par' dir='ltr' id='par_1_62' title="bbox 648 5538 2211 5618">
     <span class='ocr_line' id='line_1_63' title="bbox 648 5538 2211 5618; baseline 0.003 -26"><span class='ocrx_word' id='word_1_413' title='bbox 648 5538 1150 5618; x_wconf 41' lang='lat' dir='ltr'><strong>i_n_hunchmodnm</strong></span> <span class='ocrx_word' id='word_1_414' title='bbox 1202 5558 1216 5594; x_wconf 88' lang='lat'><strong>:</strong></span> <span class='ocrx_word' id='word_1_415' title='bbox 1256 5539 1334 5612; x_wconf 81' lang='grc' dir='ltr'><strong>τῷ</strong></span> <span class='ocrx_word' id='word_1_416' title='bbox 1378 5538 1855 5618; x_wconf 40' lang='grc' dir='ltr'>τότεςκρατούντι</span> <span class='ocrx_word' id='word_1_417' title='bbox 1913 5561 2211 5618; x_wconf 85' lang='grc' dir='ltr'>πρυτανευ-</span> 
     </span>
    </p>
   </div>
   <div class='ocr_carea' id='block_1_63' title="bbox 648 5609 2206 5680">
    <p class='ocr_par' dir='ltr' id='par_1_63' title="bbox 648 5609 2206 5680">
     <span class='ocr_line' id='line_1_64' title="bbox 648 5609 2206 5680; baseline 0.004 -19"><span class='ocrx_word' id='word_1_418' title='bbox 648 5609 849 5680; x_wconf 63' lang='lat' dir='ltr'><strong>(istanc.</strong></span> <span class='ocrx_word' id='word_1_419' title='bbox 887 5609 1014 5676; x_wconf 76' lang='lat' dir='ltr'><strong>Quae</strong></span> <span class='ocrx_word' id='word_1_420' title='bbox 1045 5625 1202 5664; x_wconf 78' lang='lat' dir='ltr'><strong>voces</strong></span> <span class='ocrx_word' id='word_1_421' title='bbox 1230 5609 1352 5665; x_wconf 84' lang='lat' dir='ltr'><strong>cuin</strong></span> <span class='ocrx_word' id='word_1_422' title='bbox 1408 5611 1566 5665; x_wconf 91' lang='lat' dir='ltr'><strong>tertia</strong></span> <span class='ocrx_word' id='word_1_423' title='bbox 1600 5609 1815 5668; x_wconf 69' lang='lat' dir='ltr'><strong>&#39;abhiuc</strong></span> <span class='ocrx_word' id='word_1_424' title='bbox 1844 5609 1982 5669; x_wconf 78' lang='lat' dir='ltr'><strong>linea</strong></span> <span class='ocrx_word' id='word_1_425' title='bbox 2015 5616 2206 5670; x_wconf 86' lang='lat' dir='ltr'><strong>iterum</strong></span> 
     </span>
    </p>
   </div>
   <div class='ocr_carea' id='block_1_64' title="bbox 649 5679 1784 5748">
    <p class='ocr_par' dir='ltr' id='par_1_64' title="bbox 649 5679 1784 5748">
     <span class='ocr_line' id='line_1_65' title="bbox 649 5679 1784 5748; baseline 0.003 -15"><span class='ocrx_word' id='word_1_426' title='bbox 649 5679 916 5748; x_wconf 81' lang='lat' dir='ltr'><strong>legantur.</strong></span> <span class='ocrx_word' id='word_1_427' title='bbox 950 5695 1134 5747; x_wconf 91' lang='lat' dir='ltr'><strong>parum</strong></span> <span class='ocrx_word' id='word_1_428' title='bbox 1170 5682 1257 5735; x_wconf 91' lang='lat' dir='ltr'><strong>hic</strong></span> <span class='ocrx_word' id='word_1_429' title='bbox 1288 5683 1607 5736; x_wconf 70' lang='lat' dir='ltr'><strong>necessariae</strong></span> <span class='ocrx_word' id='word_1_430' title='bbox 1637 5694 1784 5737; x_wconf 90' lang='lat' dir='ltr'><strong>sunt.</strong></span> 
     </span>
    </p>
   </div>
   <div class='ocr_carea' id='block_1_65' title="bbox 720 5750 2210 5824">
    <p class='ocr_par' dir='ltr' id='par_1_65' title="bbox 720 5750 2210 5824">
     <span class='ocr_line' id='line_1_66' title="bbox 720 5750 2210 5824; baseline 0.003 -20"><span class='ocrx_word' id='word_1_431' title='bbox 720 5751 832 5820; x_wconf 73' lang='lat'><strong>(68)</strong></span> <span class='ocrx_word' id='word_1_432' title='bbox 878 5751 1238 5806; x_wconf 66' lang='lat' dir='ltr'><strong>°On.ltttxt’-r.</strong></span> <span class='ocrx_word' id='word_1_433' title='bbox 1271 5750 1560 5808; x_wconf 78' lang='lat' dir='ltr'><strong>Pedestres</strong></span> <span class='ocrx_word' id='word_1_434' title='bbox 1589 5752 1864 5810; x_wconf 72' lang='lat' dir='ltr'><strong>Maximini</strong></span> <span class='ocrx_word' id='word_1_435' title='bbox 1905 5756 2091 5824; x_wconf 87' lang='lat' dir='ltr'><strong>copias</strong></span> <span class='ocrx_word' id='word_1_436' title='bbox 2127 5756 2210 5809; x_wconf 89' lang='lat' dir='ltr'><strong>in-</strong></span> 
     </span>
    </p>
   </div>
   <div class='ocr_carea' id='block_1_66' title="bbox 2243 3167 2283 3226">
    <p class='ocr_par' dir='ltr' id='par_1_66' title="bbox 2243 3167 2283 3226">
     <span class='ocr_line' id='line_1_67' title="bbox 2243 3167 2283 3226; baseline 0 0"><span class='ocrx_word' id='word_1_437' title='bbox 2243 3167 2283 3226; x_wconf 91' lang='lat' dir='ltr'>C</span> 
     </span>
    </p>
   </div>
   <div class='ocr_carea' id='block_1_67' title="bbox 2316 547 3897 624">
    <p class='ocr_par' dir='ltr' id='par_1_67' title="bbox 2316 547 3897 624">
     <span class='ocr_line' id='line_1_68' title="bbox 2316 547 3897 624; baseline 0.007 -24"><span class='ocrx_word' id='word_1_438' title='bbox 2316 547 2508 620; x_wconf 89' lang='grc' dir='ltr'>βραχεί</span> <span class='ocrx_word' id='word_1_439' title='bbox 2538 549 2608 603; x_wconf 82' lang='grc' dir='ltr'>τὰ</span> <span class='ocrx_word' id='word_1_440' title='bbox 2642 550 2818 604; x_wconf 83' lang='grc' dir='ltr'>πάντα</span> <span class='ocrx_word' id='word_1_441' title='bbox 2856 551 3102 622; x_wconf 76' lang='grc' dir='ltr'>κυκήσας</span> <span class='ocrx_word' id='word_1_442' title='bbox 3137 550 3268 624; x_wconf 72' lang='grc'>(66),</span> <span class='ocrx_word' id='word_1_443' title='bbox 3308 551 3490 606; x_wconf 77' lang='grc' dir='ltr'>πᾶσάν</span> <span class='ocrx_word' id='word_1_444' title='bbox 3523 569 3585 607; x_wconf 87' lang='grc' dir='ltr'><strong>τε</strong></span> <span class='ocrx_word' id='word_1_445' title='bbox 3622 554 3778 609; x_wconf 83' lang='grc' dir='ltr'>πόλιν</span> <span class='ocrx_word' id='word_1_446' title='bbox 3809 559 3897 612; x_wconf 85' lang='grc' dir='ltr'><strong>ὲκ-</strong></span> 
     </span>
    </p>
   </div>
   <div class='ocr_carea' id='block_1_68' title="bbox 2311 639 3894 720">
    <p class='ocr_par' dir='ltr' id='par_1_68' title="bbox 2311 639 3894 720">
     <span class='ocr_line' id='line_1_69' title="bbox 2311 639 3894 720; baseline 0.006 -27"><span class='ocrx_word' id='word_1_447' title='bbox 2311 639 2584 712; x_wconf 82' lang='grc' dir='ltr'>ταράξας,</span> <span class='ocrx_word' id='word_1_448' title='bbox 2621 641 2716 695; x_wconf 75' lang='grc' dir='ltr'><strong>καὶ</strong></span> <span class='ocrx_word' id='word_1_449' title='bbox 2749 643 2857 696; x_wconf 83' lang='grc' dir='ltr'>πᾶν</span> <span class='ocrx_word' id='word_1_450' title='bbox 2892 642 3251 715; x_wconf 89' lang='grc' dir='ltr'>στρατόπεδον</span> <span class='ocrx_word' id='word_1_451' title='bbox 3293 643 3573 715; x_wconf 77' lang='grc' dir='ltr'><strong>μυριάδων</strong></span> <span class='ocrx_word' id='word_1_452' title='bbox 3605 645 3667 700; x_wconf 81' lang='grc' dir='ltr'><strong>τὸ</strong></span> <span class='ocrx_word' id='word_1_453' title='bbox 3702 648 3894 720; x_wconf 84' lang='grc' dir='ltr'>πλῆθος</span> 
     </span>
    </p>
   </div>
   <div class='ocr_carea' id='block_1_69' title="bbox 2313 733 3890 810">
    <p class='ocr_par' dir='ltr' id='par_1_69' title="bbox 2313 733 3890 810">
     <span class='ocr_line' id='line_1_70' title="bbox 2313 733 3890 810; baseline 0.005 -23"><span class='ocrx_word' id='word_1_454' title='bbox 2313 733 2630 805; x_wconf 84' lang='grc' dir='ltr'>ἀνηρίθμων</span> <span class='ocrx_word' id='word_1_455' title='bbox 2662 733 3002 804; x_wconf 84' lang='grc' dir='ltr'>συναγαγὼν,</span> <span class='ocrx_word' id='word_1_456' title='bbox 3039 735 3238 800; x_wconf 80' lang='grc' dir='ltr'><strong>ἔξεισιν</strong></span> <span class='ocrx_word' id='word_1_457' title='bbox 3277 738 3358 800; x_wconf 87' lang='grc' dir='ltr'><strong>είς</strong></span> <span class='ocrx_word' id='word_1_458' title='bbox 3394 738 3576 809; x_wconf 82' lang='grc' dir='ltr'><strong>μάχην</strong></span> <span class='ocrx_word' id='word_1_459' title='bbox 3612 739 3760 810; x_wconf 82' lang='grc' dir='ltr'>αὐτῷ</span> <span class='ocrx_word' id='word_1_460' title='bbox 3794 760 3890 794; x_wconf 86' lang='grc' dir='ltr'>πα-</span> 
     </span>
    </p>
   </div>
   <div class='ocr_carea' id='block_1_70' title="bbox 2317 824 3890 902">
    <p class='ocr_par' dir='ltr' id='par_1_70' title="bbox 2317 824 3890 902">
     <span class='ocr_line' id='line_1_71' title="bbox 2317 824 3890 902; baseline 0.004 -23"><span class='ocrx_word' id='word_1_461' title='bbox 2317 826 2706 898; x_wconf 83' lang='grc' dir='ltr'>ραταξάμενος,</span> <span class='ocrx_word' id='word_1_462' title='bbox 2756 827 3029 896; x_wconf 77' lang='grc' dir='ltr'><strong>δαιμόνων</strong></span> <span class='ocrx_word' id='word_1_463' title='bbox 3075 829 3286 884; x_wconf 81' lang='grc' dir='ltr'><strong>ἐλπίσιν</strong></span> <span class='ocrx_word' id='word_1_464' title='bbox 3329 824 3405 884; x_wconf 80' lang='grc' dir='ltr'>ὧν</span> <span class='ocrx_word' id='word_1_465' title='bbox 3449 831 3513 902; x_wconf 84' lang='grc' dir='ltr'><strong>δὴ</strong></span> <span class='ocrx_word' id='word_1_466' title='bbox 3563 830 3704 902; x_wconf 74' lang='grc' dir='ltr'>ᾤετο</span> <span class='ocrx_word' id='word_1_467' title='bbox 3739 831 3890 898; x_wconf 84' lang='grc' dir='ltr'>θεῶν,</span> 
     </span>
    </p>
   </div>
   <div class='ocr_carea' id='block_1_71' title="bbox 2313 917 3892 997">
    <p class='ocr_par' dir='ltr' id='par_1_71' title="bbox 2313 917 3892 997">
     <span class='ocr_line' id='line_1_72' title="bbox 2313 917 3892 997; baseline 0.006 -27"><span class='ocrx_word' id='word_1_468' title='bbox 2313 917 2406 970; x_wconf 70' lang='grc' dir='ltr'><strong>καὶ</strong></span> <span class='ocrx_word' id='word_1_469' title='bbox 2436 920 2555 980; x_wconf 82' lang='grc' dir='ltr'>ταῖς</span> <span class='ocrx_word' id='word_1_470' title='bbox 2585 917 2694 970; x_wconf 88' lang='grc' dir='ltr'><strong>τῶν</strong></span> <span class='ocrx_word' id='word_1_471' title='bbox 2721 917 2954 973; x_wconf 81' lang='grc' dir='ltr'>ὁπλιτῶν</span> <span class='ocrx_word' id='word_1_472' title='bbox 2998 922 3274 992; x_wconf 72' lang='grc' dir='ltr'>μυριάσιν,</span> <span class='ocrx_word' id='word_1_473' title='bbox 3307 923 3403 994; x_wconf 78' lang='grc' dir='ltr'><strong>τὴν</strong></span> <span class='ocrx_word' id='word_1_474' title='bbox 3443 924 3624 996; x_wconf 74' lang='grc' dir='ltr'>ψυχὴν</span> <span class='ocrx_word' id='word_1_475' title='bbox 3655 926 3892 997; x_wconf 74' lang='grc' dir='ltr'>ἐπῃρμέ-</span> 
     </span>
    </p>
   </div>
   <div class='ocr_carea' id='block_1_72' title="bbox 2313 1007 3892 1085">
    <p class='ocr_par' dir='ltr' id='par_1_72' title="bbox 2313 1007 3892 1085">
     <span class='ocr_line' id='line_1_73' title="bbox 2313 1007 3892 1085; baseline 0.006 -24"><span class='ocrx_word' id='word_1_476' title='bbox 2313 1025 2420 1070; x_wconf 89' lang='grc' dir='ltr'>νος.</span> <span class='ocrx_word' id='word_1_477' title='bbox 2457 1009 2566 1062; x_wconf 76' lang='grc' dir='ltr'>Καὶ</span> <span class='ocrx_word' id='word_1_478' title='bbox 2614 1007 2677 1079; x_wconf 82' lang='grc' dir='ltr'>δὴ</span> <span class='ocrx_word' id='word_1_479' title='bbox 2729 1008 3020 1080; x_wconf 77' lang='grc' dir='ltr'>συμϐαλὼν</span> <span class='ocrx_word' id='word_1_480' title='bbox 3059 1014 3138 1075; x_wconf 89' lang='grc' dir='ltr'>εἰς</span> <span class='ocrx_word' id='word_1_481' title='bbox 3181 1015 3390 1084; x_wconf 86' lang='grc' dir='ltr'>χεῖρας,</span> <span class='ocrx_word' id='word_1_482' title='bbox 3434 1013 3646 1085; x_wconf 77' lang='grc' dir='ltr'>ἔρημος</span> <span class='ocrx_word' id='word_1_483' title='bbox 3694 1014 3787 1084; x_wconf 76' lang='grc' dir='ltr'>τῆς</span> <span class='ocrx_word' id='word_1_484' title='bbox 3832 1017 3892 1070; x_wconf 82' lang='grc' dir='ltr'><strong>ἐκ</strong></span> 
     </span>
    </p>
   </div>
   <div class='ocr_carea' id='block_1_73' title="bbox 2312 1098 3891 1178">
    <p class='ocr_par' dir='ltr' id='par_1_73' title="bbox 2312 1098 3891 1178">
     <span class='ocr_line' id='line_1_74' title="bbox 2312 1098 3891 1178; baseline 0.006 -27"><span class='ocrx_word' id='word_1_485' title='bbox 2312 1098 2447 1152; x_wconf 86' lang='grc' dir='ltr'>Θεοῦ</span> <span class='ocrx_word' id='word_1_486' title='bbox 2488 1099 2812 1153; x_wconf 74' lang='grc' dir='ltr'>καθίσταται</span> <span class='ocrx_word' id='word_1_487' title='bbox 2845 1104 3183 1174; x_wconf 77' lang='grc' dir='ltr'>ἐπισκοπῆς,</span> <span class='ocrx_word' id='word_1_488' title='bbox 3217 1105 3476 1176; x_wconf 85' lang='grc' dir='ltr'>Λικιννίῳ</span> <span class='ocrx_word' id='word_1_489' title='bbox 3505 1107 3608 1177; x_wconf 74' lang='grc' dir='ltr'>τῆς</span> <span class='ocrx_word' id='word_1_490' title='bbox 3649 1107 3805 1178; x_wconf 82' lang='grc' dir='ltr'>νίκης</span> <span class='ocrx_word' id='word_1_491' title='bbox 3837 1106 3891 1172; x_wconf 76' lang='grc' dir='ltr'><strong>ἐξ</strong></span> 
     </span>
    </p>
   </div>
   <div class='ocr_carea' id='block_1_74' title="bbox 2313 1192 3891 1272">
    <p class='ocr_par' dir='ltr' id='par_1_74' title="bbox 2313 1192 3891 1272">
     <span class='ocr_line' id='line_1_75' title="bbox 2313 1192 3891 1272; baseline 0.004 -25"><span class='ocrx_word' id='word_1_492' title='bbox 2313 1192 2478 1247; x_wconf 82' lang='grc' dir='ltr'>αὐτοῦ</span> <span class='ocrx_word' id='word_1_493' title='bbox 2551 1192 2643 1246; x_wconf 78' lang='grc' dir='ltr'>τοῦ</span> <span class='ocrx_word' id='word_1_494' title='bbox 2711 1195 2928 1248; x_wconf 88' lang='grc' dir='ltr'>πάντων</span> <span class='ocrx_word' id='word_1_495' title='bbox 2993 1196 3108 1260; x_wconf 71' lang='grc' dir='ltr'>ἐνὸς</span> <span class='ocrx_word' id='word_1_496' title='bbox 3171 1198 3264 1252; x_wconf 77' lang='grc' dir='ltr'><strong>καὶ</strong></span> <span class='ocrx_word' id='word_1_497' title='bbox 3313 1198 3473 1269; x_wconf 82' lang='grc' dir='ltr'>μόνου</span> <span class='ocrx_word' id='word_1_498' title='bbox 3536 1199 3674 1253; x_wconf 80' lang='grc' dir='ltr'>Θεοῦ</span> <span class='ocrx_word' id='word_1_499' title='bbox 3761 1217 3891 1272; x_wconf 85' lang='grc' dir='ltr'>πρυ-</span> 
     </span>
    </p>
   </div>
   <div class='ocr_carea' id='block_1_75' title="bbox 2313 1284 3888 1362">
    <p class='ocr_par' dir='ltr' id='par_1_75' title="bbox 2313 1284 3888 1362">
     <span class='ocr_line' id='line_1_76' title="bbox 2313 1284 3888 1362; baseline 0.008 -27"><span class='ocrx_word' id='word_1_500' title='bbox 2313 1284 2663 1358; x_wconf 84' lang='grc' dir='ltr'>τανευθείσης</span> <span class='ocrx_word' id='word_1_501' title='bbox 2706 1285 2837 1356; x_wconf 83' lang='grc'>(67).</span> <span class='ocrx_word' id='word_1_502' title='bbox 2883 1288 3168 1342; x_wconf 73' lang='grc' dir='ltr'>’Λπόλλυσι</span> <span class='ocrx_word' id='word_1_503' title='bbox 3230 1289 3295 1361; x_wconf 82' lang='grc' dir='ltr'>δὴ</span> <span class='ocrx_word' id='word_1_504' title='bbox 3364 1291 3582 1362; x_wconf 86' lang='grc' dir='ltr'>πρῶτον</span> <span class='ocrx_word' id='word_1_505' title='bbox 3614 1292 3677 1345; x_wconf 82' lang='grc' dir='ltr'>τὸ</span> <span class='ocrx_word' id='word_1_506' title='bbox 3729 1293 3811 1361; x_wconf 70' lang='grc' dir='ltr'><strong>ἐφ’</strong></span> <span class='ocrx_word' id='word_1_507' title='bbox 3848 1284 3888 1360; x_wconf 82' lang='grc' dir='ltr'>ᾧ</span> 
     </span>
    </p>
   </div>
   <div class='ocr_carea' id='block_1_76' title="bbox 2315 1374 3890 1454">
    <p class='ocr_par' dir='ltr' id='par_1_76' title="bbox 2315 1374 3890 1454">
     <span class='ocr_line' id='line_1_77' title="bbox 2315 1374 3890 1454; baseline 0.005 -26"><span class='ocrx_word' id='word_1_508' title='bbox 2315 1374 2592 1430; x_wconf 77' lang='grc' dir='ltr'>ἐπεποίθει</span> <span class='ocrx_word' id='word_1_509' title='bbox 2654 1377 2927 1432; x_wconf 80' lang='grc' dir='ltr'>ὁπλιτικὸν</span> <span class='ocrx_word' id='word_1_510' title='bbox 2975 1379 3108 1449; x_wconf 88' lang='grc'>(68),</span> <span class='ocrx_word' id='word_1_511' title='bbox 3153 1380 3262 1435; x_wconf 86' lang='grc' dir='ltr'><strong>τῶν</strong></span> <span class='ocrx_word' id='word_1_512' title='bbox 3307 1399 3366 1435; x_wconf 89' lang='grc' dir='ltr'><strong>τε</strong></span> <span class='ocrx_word' id='word_1_513' title='bbox 3428 1381 3571 1454; x_wconf 79' lang='grc' dir='ltr'>ἀμφ’</span> <span class='ocrx_word' id='word_1_514' title='bbox 3606 1383 3770 1437; x_wconf 75' lang='grc' dir='ltr'>αὐτὸν</span> <span class='ocrx_word' id='word_1_515' title='bbox 3813 1381 3890 1436; x_wconf 82' lang='grc' dir='ltr'>δο-</span> 
     </span>
    </p>
   </div>
   <div class='ocr_carea' id='block_1_77' title="bbox 2316 1469 3887 1543">
    <p class='ocr_par' dir='ltr' id='par_1_77' title="bbox 2316 1469 3887 1543">
     <span class='ocr_line' id='line_1_78' title="bbox 2316 1469 3887 1543; baseline 0.004 -22"><span class='ocrx_word' id='word_1_516' title='bbox 2316 1469 2566 1540; x_wconf 77' lang='grc' dir='ltr'>ρυφόρων</span> <span class='ocrx_word' id='word_1_517' title='bbox 2612 1469 2817 1539; x_wconf 81' lang='grc' dir='ltr'>γυμνὸν</span> <span class='ocrx_word' id='word_1_518' title='bbox 2875 1469 2969 1523; x_wconf 72' lang='grc' dir='ltr'>καὶ</span> <span class='ocrx_word' id='word_1_519' title='bbox 3004 1470 3219 1524; x_wconf 86' lang='grc' dir='ltr'>πάντων</span> <span class='ocrx_word' id='word_1_520' title='bbox 3251 1472 3458 1543; x_wconf 81' lang='grc' dir='ltr'>ἔρημον</span> <span class='ocrx_word' id='word_1_521' title='bbox 3517 1473 3686 1527; x_wconf 83' lang='grc' dir='ltr'>αὐτὸν</span> <span class='ocrx_word' id='word_1_522' title='bbox 3729 1491 3887 1527; x_wconf 89' lang='grc' dir='ltr'>κατα-</span> 
     </span>
    </p>
   </div>
   <div class='ocr_carea' id='block_1_78' title="bbox 2313 1557 3886 1632">
    <p class='ocr_par' dir='ltr' id='par_1_78' title="bbox 2313 1557 3886 1632">
     <span class='ocr_line' id='line_1_79' title="bbox 2313 1557 3886 1632; baseline 0.003 -22"><span class='ocrx_word' id='word_1_523' title='bbox 2313 1557 2668 1622; x_wconf 85' lang='grc' dir='ltr'>λελοιπότων,</span> <span class='ocrx_word' id='word_1_524' title='bbox 2721 1559 2816 1612; x_wconf 74' lang='grc' dir='ltr'><strong>καὶ</strong></span> <span class='ocrx_word' id='word_1_525' title='bbox 2867 1559 2945 1629; x_wconf 84' lang='grc' dir='ltr'>τῷ</span> <span class='ocrx_word' id='word_1_526' title='bbox 2997 1559 3119 1613; x_wconf 83' lang='grc' dir='ltr'>τότε</span> <span class='ocrx_word' id='word_1_527' title='bbox 3175 1561 3464 1632; x_wconf 67' lang='grc' dir='ltr'>κρατοῦντι</span> <span class='ocrx_word' id='word_1_528' title='bbox 3543 1578 3886 1632; x_wconf 79' lang='grc' dir='ltr'>προσπεφευ-</span> 
     </span>
    </p>
   </div>
   <div class='ocr_carea' id='block_1_79' title="bbox 2313 1649 3889 1724">
    <p class='ocr_par' dir='ltr' id='par_1_79' title="bbox 2313 1649 3889 1724">
     <span class='ocr_line' id='line_1_80' title="bbox 2313 1649 3889 1724; baseline 0.003 -22"><span class='ocrx_word' id='word_1_529' title='bbox 2313 1649 2510 1718; x_wconf 88' lang='grc' dir='ltr'>γότων,</span> <span class='ocrx_word' id='word_1_530' title='bbox 2550 1650 2786 1715; x_wconf 76' lang='grc' dir='ltr'>ὑπεκδὺς</span> <span class='ocrx_word' id='word_1_531' title='bbox 2828 1651 2855 1704; x_wconf 86' lang='grc' dir='ltr'>ὁ</span> <span class='ocrx_word' id='word_1_532' title='bbox 2893 1651 3125 1716; x_wconf 78' lang='grc' dir='ltr'>δείλαιος</span> <span class='ocrx_word' id='word_1_533' title='bbox 3152 1652 3229 1714; x_wconf 89' lang='grc' dir='ltr'><strong>ώς</strong></span> <span class='ocrx_word' id='word_1_534' title='bbox 3270 1653 3502 1723; x_wconf 83' lang='grc' dir='ltr'>τάχιστα</span> <span class='ocrx_word' id='word_1_535' title='bbox 3535 1653 3627 1706; x_wconf 72' lang='grc' dir='ltr'>τὸν</span> <span class='ocrx_word' id='word_1_536' title='bbox 3659 1655 3720 1707; x_wconf 85' lang='grc' dir='ltr'><strong>οὐ</strong></span> <span class='ocrx_word' id='word_1_537' title='bbox 3767 1653 3889 1724; x_wconf 77' lang='grc' dir='ltr'>πρέ-</span> 
     </span>
    </p>
   </div>
   <div class='ocr_carea' id='block_1_80' title="bbox 2316 1740 3886 1814">
    <p class='ocr_par' dir='ltr' id='par_1_80' title="bbox 2316 1740 3886 1814">
     <span class='ocr_line' id='line_1_81' title="bbox 2316 1740 3886 1814; baseline 0.002 -20"><span class='ocrx_word' id='word_1_538' title='bbox 2316 1757 2486 1794; x_wconf 82' lang='grc' dir='ltr'>ποντα</span> <span class='ocrx_word' id='word_1_539' title='bbox 2527 1740 2674 1813; x_wconf 81' lang='grc' dir='ltr'>αὐτῷ</span> <span class='ocrx_word' id='word_1_540' title='bbox 2711 1742 2984 1812; x_wconf 78' lang='grc' dir='ltr'>βασιλικὸν</span> <span class='ocrx_word' id='word_1_541' title='bbox 3017 1744 3240 1814; x_wconf 84' lang='grc' dir='ltr'>κόσμον,</span> <span class='ocrx_word' id='word_1_542' title='bbox 3272 1743 3460 1810; x_wconf 82' lang='grc' dir='ltr'>δειλῶς</span> <span class='ocrx_word' id='word_1_543' title='bbox 3493 1747 3588 1799; x_wconf 73' lang='grc' dir='ltr'><strong>καὶ</strong></span> <span class='ocrx_word' id='word_1_544' title='bbox 3627 1745 3886 1814; x_wconf 85' lang='grc' dir='ltr'>δυσγενῶς</span> 
     </span>
    </p>
   </div>
   <div class='ocr_carea' id='block_1_81' title="bbox 2316 1833 3884 1906">
    <p class='ocr_par' dir='ltr' id='par_1_81' title="bbox 2316 1833 3884 1906">
     <span class='ocr_line' id='line_1_82' title="bbox 2316 1833 3884 1906; baseline 0 -18"><span class='ocrx_word' id='word_1_545' title='bbox 2316 1833 2409 1888; x_wconf 76' lang='grc' dir='ltr'><strong>καὶ</strong></span> <span class='ocrx_word' id='word_1_546' title='bbox 2448 1833 2724 1905; x_wconf 85' lang='grc' dir='ltr'>ἀνάνδρως</span> <span class='ocrx_word' id='word_1_547' title='bbox 2767 1833 3016 1888; x_wconf 85' lang='grc' dir='ltr'>ὐποδύνει</span> <span class='ocrx_word' id='word_1_548' title='bbox 3064 1835 3124 1888; x_wconf 82' lang='grc' dir='ltr'><strong>τὸ</strong></span> <span class='ocrx_word' id='word_1_549' title='bbox 3171 1835 3398 1906; x_wconf 80' lang='grc' dir='ltr'>πλῆθος,</span> <span class='ocrx_word' id='word_1_550' title='bbox 3447 1837 3690 1891; x_wconf 74' lang='grc' dir='ltr'>κᾶπειτα</span> <span class='ocrx_word' id='word_1_551' title='bbox 3727 1836 3884 1890; x_wconf 86' lang='grc' dir='ltr'>διαδι-</span> 
     </span>
    </p>
   </div>
   <div class='ocr_carea' id='block_1_82' title="bbox 2314 1925 3884 1998">
    <p class='ocr_par' dir='ltr' id='par_1_82' title="bbox 2314 1925 3884 1998">
     <span class='ocr_line' id='line_1_83' title="bbox 2314 1925 3884 1998; baseline 0.002 -20"><span class='ocrx_word' id='word_1_552' title='bbox 2314 1925 2538 1998; x_wconf 87' lang='grc' dir='ltr'>δράσκει</span> <span class='ocrx_word' id='word_1_553' title='bbox 2569 1925 3017 1998; x_wconf 76' lang='grc' dir='ltr'>κρυπταζόμενός</span> <span class='ocrx_word' id='word_1_554' title='bbox 3047 1944 3107 1979; x_wconf 89' lang='grc' dir='ltr'><strong>τε</strong></span> <span class='ocrx_word' id='word_1_555' title='bbox 3144 1925 3246 1979; x_wconf 79' lang='grc' dir='ltr'><strong>ἀνὰ</strong></span> <span class='ocrx_word' id='word_1_556' title='bbox 3277 1929 3404 1990; x_wconf 83' lang='grc' dir='ltr'>τοὺς</span> <span class='ocrx_word' id='word_1_557' title='bbox 3435 1927 3642 1998; x_wconf 74' lang='grc' dir='ltr'>ἀγροὺς</span> <span class='ocrx_word' id='word_1_558' title='bbox 3680 1929 3771 1981; x_wconf 70' lang='grc' dir='ltr'><strong>καὶ</strong></span> <span class='ocrx_word' id='word_1_559' title='bbox 3795 1927 3884 1992; x_wconf 75' lang='grc' dir='ltr'>τὰς</span> 
     </span>
    </p>
   </div>
   <div class='ocr_carea' id='block_1_83' title="bbox 2315 2017 3884 2092">
    <p class='ocr_par' dir='ltr' id='par_1_83' title="bbox 2315 2017 3884 2092">
     <span class='ocr_line' id='line_1_84' title="bbox 2315 2017 3884 2092; baseline 0.003 -22"><span class='ocrx_word' id='word_1_560' title='bbox 2315 2017 2526 2090; x_wconf 83' lang='grc' dir='ltr'>κώμας,</span> <span class='ocrx_word' id='word_1_561' title='bbox 2568 2018 2718 2090; x_wconf 86' lang='grc' dir='ltr'>μόλις</span> <span class='ocrx_word' id='word_1_562' title='bbox 2747 2019 2854 2073; x_wconf 89' lang='grc' dir='ltr'><strong>τῶν</strong></span> <span class='ocrx_word' id='word_1_563' title='bbox 2886 2019 3156 2089; x_wconf 85' lang='grc' dir='ltr'>πολεμίων</span> <span class='ocrx_word' id='word_1_564' title='bbox 3182 2018 3280 2082; x_wconf 82' lang='grc' dir='ltr'><strong>τάς</strong></span> <span class='ocrx_word' id='word_1_565' title='bbox 3308 2023 3519 2091; x_wconf 85' lang='grc' dir='ltr'>χεῖρας,</span> <span class='ocrx_word' id='word_1_566' title='bbox 3551 2021 3622 2074; x_wconf 75' lang='grc' dir='ltr'>τὰ</span> <span class='ocrx_word' id='word_1_567' title='bbox 3651 2021 3752 2092; x_wconf 77' lang='grc' dir='ltr'>τῆς</span> <span class='ocrx_word' id='word_1_568' title='bbox 3787 2039 3884 2075; x_wconf 83' lang='grc' dir='ltr'>σω-</span> 
     </span>
    </p>
   </div>
   <div class='ocr_carea' id='block_1_84' title="bbox 2313 2108 3884 2183">
    <p class='ocr_par' dir='ltr' id='par_1_84' title="bbox 2313 2108 3884 2183">
     <span class='ocr_line' id='line_1_85' title="bbox 2313 2108 3884 2183; baseline 0.002 -21"><span class='ocrx_word' id='word_1_569' title='bbox 2313 2110 2509 2180; x_wconf 86' lang='grc' dir='ltr'>τηρίας</span> <span class='ocrx_word' id='word_1_570' title='bbox 2553 2109 2702 2180; x_wconf 78' lang='grc' dir='ltr'>αὐτῷ</span> <span class='ocrx_word' id='word_1_571' title='bbox 2737 2108 3129 2182; x_wconf 82' lang='grc' dir='ltr'>προμνώμενος</span> <span class='ocrx_word' id='word_1_572' title='bbox 3171 2109 3442 2176; x_wconf 82' lang='grc' dir='ltr'>διέξεισιν,</span> <span class='ocrx_word' id='word_1_573' title='bbox 3493 2111 3679 2183; x_wconf 81' lang='grc' dir='ltr'>ἔργοις</span> <span class='ocrx_word' id='word_1_574' title='bbox 3715 2112 3884 2175; x_wconf 85' lang='grc' dir='ltr'>αὐτοῖς</span> 
     </span>
    </p>
   </div>
   <div class='ocr_carea' id='block_1_85' title="bbox 2315 2194 3886 2272">
    <p class='ocr_par' dir='ltr' id='par_1_85' title="bbox 2315 2194 3886 2272">
     <span class='ocr_line' id='line_1_86' title="bbox 2315 2194 3886 2272; baseline 0.001 -20"><span class='ocrx_word' id='word_1_575' title='bbox 2315 2194 2373 2252; x_wconf 81' lang='grc' dir='ltr'><strong>εὐ</strong></span> <span class='ocrx_word' id='word_1_576' title='bbox 2419 2197 2561 2270; x_wconf 90' lang='grc' dir='ltr'>μάλα</span> <span class='ocrx_word' id='word_1_577' title='bbox 2604 2199 2826 2262; x_wconf 78' lang='grc' dir='ltr'>πιστοὺς</span> <span class='ocrx_word' id='word_1_578' title='bbox 2860 2201 2953 2252; x_wconf 69' lang='grc' dir='ltr'><strong>καὶ</strong></span> <span class='ocrx_word' id='word_1_579' title='bbox 2983 2199 3200 2271; x_wconf 79' lang='grc' dir='ltr'>ἀληθεῖς</span> <span class='ocrx_word' id='word_1_580' title='bbox 3229 2200 3355 2263; x_wconf 78' lang='grc' dir='ltr'>τοὺς</span> <span class='ocrx_word' id='word_1_581' title='bbox 3395 2199 3577 2265; x_wconf 85' lang='grc' dir='ltr'>Θείους</span> <span class='ocrx_word' id='word_1_582' title='bbox 3615 2202 3886 2272; x_wconf 72' lang='grc' dir='ltr'>ἀποφήνας</span> 
     </span>
    </p>
   </div>
   <div class='ocr_carea' id='block_1_86' title="bbox 2315 2287 3884 2364">
    <p class='ocr_par' dir='ltr' id='par_1_86' title="bbox 2315 2287 3884 2364">
     <span class='ocr_line' id='line_1_87' title="bbox 2315 2287 3884 2364; baseline 0.003 -22"><span class='ocrx_word' id='word_1_583' title='bbox 2315 2288 2616 2362; x_wconf 71' lang='grc' dir='ltr'>χρησμοὺς,</span> <span class='ocrx_word' id='word_1_584' title='bbox 2637 2291 2694 2344; x_wconf 80' lang='grc' dir='ltr'>ὲν</span> <span class='ocrx_word' id='word_1_585' title='bbox 2714 2287 2795 2356; x_wconf 74' lang='grc' dir='ltr'>οἷς</span> <span class='ocrx_word' id='word_1_586' title='bbox 2821 2290 3034 2364; x_wconf 81' lang='grc' dir='ltr'>εἴρηται</span> <span class='ocrx_word' id='word_1_587' title='bbox 3055 2311 3066 2322; x_wconf 92' lang='grc'>·</span> <span class='ocrx_word' id='word_1_588' title='bbox 3099 2312 3117 2344; x_wconf 77' lang='grc' dir='ltr'><strong>ι</strong></span> <span class='ocrx_word' id='word_1_589' title='bbox 3157 2293 3233 2346; x_wconf 89' lang='grc' dir='ltr'>Οὐ</span> <span class='ocrx_word' id='word_1_590' title='bbox 3266 2291 3498 2358; x_wconf 77' lang='grc' dir='ltr'>σώζεται</span> <span class='ocrx_word' id='word_1_591' title='bbox 3530 2293 3777 2364; x_wconf 76' lang='grc' dir='ltr'>βασιλεὺς</span> <span class='ocrx_word' id='word_1_592' title='bbox 3805 2294 3884 2347; x_wconf 77' lang='grc' dir='ltr'>διὰ</span> 
     </span>
    </p>
   </div>
   <div class='ocr_carea' id='block_1_87' title="bbox 2314 2380 3882 2456">
    <p class='ocr_par' dir='ltr' id='par_1_87' title="bbox 2314 2380 3882 2456">
     <span class='ocr_line' id='line_1_88' title="bbox 2314 2380 3882 2456; baseline 0.002 -22"><span class='ocrx_word' id='word_1_593' title='bbox 2314 2381 2514 2453; x_wconf 84' lang='grc' dir='ltr'>πολλὴν</span> <span class='ocrx_word' id='word_1_594' title='bbox 2542 2380 2788 2452; x_wconf 76' lang='grc' dir='ltr'>δύναμιν,</span> <span class='ocrx_word' id='word_1_595' title='bbox 2836 2382 2931 2435; x_wconf 76' lang='grc' dir='ltr'>καὶ</span> <span class='ocrx_word' id='word_1_596' title='bbox 2971 2381 3132 2451; x_wconf 83' lang='grc' dir='ltr'>γίγας</span> <span class='ocrx_word' id='word_1_597' title='bbox 3160 2383 3219 2435; x_wconf 88' lang='grc' dir='ltr'><strong>οὐ</strong></span> <span class='ocrx_word' id='word_1_598' title='bbox 3254 2382 3564 2455; x_wconf 87' lang='grc' dir='ltr'>σωθήσεται</span> <span class='ocrx_word' id='word_1_599' title='bbox 3599 2386 3659 2438; x_wconf 81' lang='grc' dir='ltr'>ὲν</span> <span class='ocrx_word' id='word_1_600' title='bbox 3703 2384 3882 2456; x_wconf 77' lang='grc' dir='ltr'>πλήθει</span> 
     </span>
    </p>
   </div>
   <div class='ocr_carea' id='block_1_88' title="bbox 2317 2473 3881 2547">
    <p class='ocr_par' dir='ltr' id='par_1_88' title="bbox 2317 2473 3881 2547">
     <span class='ocr_line' id='line_1_89' title="bbox 2317 2473 3881 2547; baseline 0.002 -22"><span class='ocrx_word' id='word_1_601' title='bbox 2317 2473 2497 2544; x_wconf 73' lang='grc' dir='ltr'>ἰσχύος</span> <span class='ocrx_word' id='word_1_602' title='bbox 2549 2473 2748 2526; x_wconf 77' lang='grc' dir='ltr'><strong>αὐτοῦ⁹</strong></span> <span class='ocrx_word' id='word_1_603' title='bbox 2801 2473 3000 2544; x_wconf 74' lang='grc' dir='ltr'>ψευδὴς</span> <span class='ocrx_word' id='word_1_604' title='bbox 3041 2475 3205 2537; x_wconf 75' lang='grc' dir='ltr'>ἵππος</span> <span class='ocrx_word' id='word_1_605' title='bbox 3261 2476 3340 2538; x_wconf 85' lang='grc' dir='ltr'><strong>είς</strong></span> <span class='ocrx_word' id='word_1_606' title='bbox 3393 2477 3692 2547; x_wconf 85' lang='grc' dir='ltr'>σωτηρίαν,</span> <span class='ocrx_word' id='word_1_607' title='bbox 3732 2478 3786 2530; x_wconf 80' lang='grc' dir='ltr'>ὲν</span> <span class='ocrx_word' id='word_1_608' title='bbox 3829 2475 3881 2528; x_wconf 84' lang='grc' dir='ltr'>δὲ</span> 
     </span>
    </p>
   </div>
   <div class='ocr_carea' id='block_1_89' title="bbox 2316 2563 3882 2637">
    <p class='ocr_par' dir='ltr' id='par_1_89' title="bbox 2316 2563 3882 2637">
     <span class='ocr_line' id='line_1_90' title="bbox 2316 2563 3882 2637; baseline 0.002 -20"><span class='ocrx_word' id='word_1_609' title='bbox 2316 2563 2508 2636; x_wconf 81' lang='grc' dir='ltr'>πλήθει</span> <span class='ocrx_word' id='word_1_610' title='bbox 2534 2564 2812 2635; x_wconf 78' lang='grc' dir='ltr'>δυνάμεως</span> <span class='ocrx_word' id='word_1_611' title='bbox 2835 2564 2998 2618; x_wconf 77' lang='grc' dir='ltr'>αὐτοῦ</span> <span class='ocrx_word' id='word_1_612' title='bbox 3027 2565 3087 2618; x_wconf 91' lang='grc' dir='ltr'><strong>οὐ</strong></span> <span class='ocrx_word' id='word_1_613' title='bbox 3116 2565 3440 2637; x_wconf 82' lang='grc' dir='ltr'>σωθήσεται.</span> <span class='ocrx_word' id='word_1_614' title='bbox 3481 2568 3612 2622; x_wconf 82' lang='grc' dir='ltr'>Ἰδοὺ</span> <span class='ocrx_word' id='word_1_615' title='bbox 3635 2571 3682 2623; x_wconf 73' lang='grc' dir='ltr'>οἱ</span> <span class='ocrx_word' id='word_1_616' title='bbox 3706 2567 3882 2637; x_wconf 68' lang='grc' dir='ltr'>ὀφθαλ-</span> 
     </span>
    </p>
   </div>
   <div class='ocr_carea' id='block_1_90' title="bbox 2317 2658 3879 2730">
    <p class='ocr_par' dir='ltr' id='par_1_90' title="bbox 2317 2658 3879 2730">
     <span class='ocr_line' id='line_1_91' title="bbox 2317 2658 3879 2730; baseline 0.002 -19"><span class='ocrx_word' id='word_1_617' title='bbox 2317 2659 2406 2729; x_wconf 79' lang='grc' dir='ltr'>μοὶ</span> <span class='ocrx_word' id='word_1_618' title='bbox 2435 2658 2638 2730; x_wconf 84' lang='grc' dir='ltr'>Κυρίου</span> <span class='ocrx_word' id='word_1_619' title='bbox 2671 2661 2763 2712; x_wconf 72' lang='grc' dir='ltr'>ἐπὶ</span> <span class='ocrx_word' id='word_1_620' title='bbox 2791 2661 2915 2723; x_wconf 79' lang='grc' dir='ltr'>τοὺς</span> <span class='ocrx_word' id='word_1_621' title='bbox 2954 2659 3319 2730; x_wconf 74' lang='grc' dir='ltr'>φοϐουμένους</span> <span class='ocrx_word' id='word_1_622' title='bbox 3363 2661 3554 2726; x_wconf 80' lang='grc' dir='ltr'>αὐτὸν,</span> <span class='ocrx_word' id='word_1_623' title='bbox 3589 2663 3711 2726; x_wconf 77' lang='grc' dir='ltr'>τοὺς</span> <span class='ocrx_word' id='word_1_624' title='bbox 3742 2661 3879 2716; x_wconf 77' lang='grc' dir='ltr'>ἐλπί-</span> 
     </span>
    </p>
   </div>
   <div class='ocr_carea' id='block_1_91' title="bbox 2315 2750 3880 2823">
    <p class='ocr_par' dir='ltr' id='par_1_91' title="bbox 2315 2750 3880 2823">
     <span class='ocr_line' id='line_1_92' title="bbox 2315 2750 3880 2823; baseline 0.001 -20"><span class='ocrx_word' id='word_1_625' title='bbox 2315 2750 2504 2815; x_wconf 77' lang='grc' dir='ltr'>ζοντας</span> <span class='ocrx_word' id='word_1_626' title='bbox 2533 2752 2624 2804; x_wconf 75' lang='grc' dir='ltr'><strong>ἐπὶ</strong></span> <span class='ocrx_word' id='word_1_627' title='bbox 2649 2753 2709 2804; x_wconf 83' lang='grc' dir='ltr'><strong>τὸ</strong></span> <span class='ocrx_word' id='word_1_628' title='bbox 2742 2752 2887 2814; x_wconf 75' lang='grc' dir='ltr'>ἕλεος</span> <span class='ocrx_word' id='word_1_629' title='bbox 2912 2751 3100 2814; x_wconf 81' lang='grc' dir='ltr'>αὐτοῦ,</span> <span class='ocrx_word' id='word_1_630' title='bbox 3133 2751 3399 2823; x_wconf 76' lang='grc' dir='ltr'>ῥύσασθαι</span> <span class='ocrx_word' id='word_1_631' title='bbox 3439 2757 3505 2808; x_wconf 80' lang='grc' dir='ltr'>ὲκ</span> <span class='ocrx_word' id='word_1_632' title='bbox 3537 2755 3761 2809; x_wconf 80' lang='grc' dir='ltr'>Θανάτου</span> <span class='ocrx_word' id='word_1_633' title='bbox 3791 2753 3880 2815; x_wconf 78' lang='grc' dir='ltr'><strong>τὰς</strong></span> 
     </span>
    </p>
   </div>
   <div class='ocr_carea' id='block_1_92' title="bbox 2313 2843 3878 2918">
    <p class='ocr_par' dir='ltr' id='par_1_92' title="bbox 2313 2843 3878 2918">
     <span class='ocr_line' id='line_1_93' title="bbox 2313 2843 3878 2918; baseline 0.001 -22"><span class='ocrx_word' id='word_1_634' title='bbox 2313 2843 2490 2915; x_wconf 76' lang='grc' dir='ltr'>ψυχὰς</span> <span class='ocrx_word' id='word_1_635' title='bbox 2515 2844 2712 2898; x_wconf 86' lang='grc' dir='ltr'>αὐτῶν.</span> <span class='ocrx_word' id='word_1_636' title='bbox 2746 2863 2764 2896; x_wconf 77' lang='lat' dir='ltr'><strong>t</strong></span> <span class='ocrx_word' id='word_1_637' title='bbox 2799 2843 2953 2898; x_wconf 84' lang='grc' dir='ltr'>Οὐτω</span> <span class='ocrx_word' id='word_1_638' title='bbox 2990 2845 3123 2916; x_wconf 75' lang='grc' dir='ltr'>δῆτα</span> <span class='ocrx_word' id='word_1_639' title='bbox 3154 2845 3416 2916; x_wconf 78' lang='grc' dir='ltr'>αἰσχύνης</span> <span class='ocrx_word' id='word_1_640' title='bbox 3451 2846 3698 2918; x_wconf 78' lang='grc' dir='ltr'>ἔμπλεως</span> <span class='ocrx_word' id='word_1_641' title='bbox 3734 2847 3760 2898; x_wconf 87' lang='grc' dir='ltr'>ὁ</span> <span class='ocrx_word' id='word_1_642' title='bbox 3791 2845 3878 2899; x_wconf 84' lang='grc' dir='ltr'>τύ-</span> 
     </span>
    </p>
   </div>
   <div class='ocr_carea' id='block_1_93' title="bbox 2319 2935 3879 3010">
    <p class='ocr_par' dir='ltr' id='par_1_93' title="bbox 2319 2935 3879 3010">
     <span class='ocr_line' id='line_1_94' title="bbox 2319 2935 3879 3010; baseline 0 -21"><span class='ocrx_word' id='word_1_643' title='bbox 2319 2953 2505 3008; x_wconf 90' lang='grc' dir='ltr'>ραννος</span> <span class='ocrx_word' id='word_1_644' title='bbox 2537 2936 2629 2988; x_wconf 75' lang='grc' dir='ltr'>ἐπὶ</span> <span class='ocrx_word' id='word_1_645' title='bbox 2654 2935 2724 2989; x_wconf 79' lang='grc' dir='ltr'>τὰ</span> <span class='ocrx_word' id='word_1_646' title='bbox 2755 2935 2876 2990; x_wconf 80' lang='grc' dir='ltr'>καθ’</span> <span class='ocrx_word' id='word_1_647' title='bbox 2904 2937 3094 2991; x_wconf 78' lang='grc' dir='ltr'>ἑαυτὸν</span> <span class='ocrx_word' id='word_1_648' title='bbox 3132 2935 3297 2989; x_wconf 78' lang='grc' dir='ltr'>ἐλθὼν</span> <span class='ocrx_word' id='word_1_649' title='bbox 3327 2937 3503 3010; x_wconf 79' lang='grc' dir='ltr'>μέρη.</span> <span class='ocrx_word' id='word_1_650' title='bbox 3537 2937 3745 3010; x_wconf 85' lang='grc' dir='ltr'>πρῶτον</span> <span class='ocrx_word' id='word_1_651' title='bbox 3788 2937 3879 3007; x_wconf 81' lang='grc' dir='ltr'>μὲν</span> 
     </span>
    </p>
   </div>
   <div class='ocr_carea' id='block_1_94' title="bbox 2315 3027 3878 3102">
    <p class='ocr_par' dir='ltr' id='par_1_94' title="bbox 2315 3027 3878 3102">
     <span class='ocr_line' id='line_1_95' title="bbox 2315 3027 3878 3102; baseline -0.001 -19"><span class='ocrx_word' id='word_1_652' title='bbox 2315 3030 2548 3100; x_wconf 78' lang='grc' dir='ltr'>ἐμμανεῖ</span> <span class='ocrx_word' id='word_1_653' title='bbox 2568 3027 2745 3099; x_wconf 81' lang='grc' dir='ltr'>Θυμῷ,</span> <span class='ocrx_word' id='word_1_654' title='bbox 2781 3027 3006 3092; x_wconf 70' lang='grc' dir='ltr'>πολλοὺς</span> <span class='ocrx_word' id='word_1_655' title='bbox 3034 3030 3198 3099; x_wconf 80' lang='grc' dir='ltr'>ἱερεῖς</span> <span class='ocrx_word' id='word_1_656' title='bbox 3221 3029 3313 3082; x_wconf 71' lang='grc' dir='ltr'><strong>καὶ</strong></span> <span class='ocrx_word' id='word_1_657' title='bbox 3340 3031 3630 3102; x_wconf 76' lang='grc' dir='ltr'>προφήτας</span> <span class='ocrx_word' id='word_1_658' title='bbox 3651 3030 3755 3084; x_wconf 88' lang='grc' dir='ltr'><strong>τῶν</strong></span> <span class='ocrx_word' id='word_1_659' title='bbox 3786 3029 3878 3082; x_wconf 77' lang='grc' dir='ltr'>πά-</span> 
     </span>
    </p>
   </div>
   <div class='ocr_carea' id='block_1_95' title="bbox 2317 3113 3880 3194">
    <p class='ocr_par' dir='ltr' id='par_1_95' title="bbox 2317 3113 3880 3194">
     <span class='ocr_line' id='line_1_96' title="bbox 2317 3113 3880 3194; baseline 0.001 -21"><span class='ocrx_word' id='word_1_660' title='bbox 2317 3119 2407 3174; x_wconf 82' lang='grc' dir='ltr'><strong>λαι</strong></span> <span class='ocrx_word' id='word_1_661' title='bbox 2441 3117 2864 3190; x_wconf 77' lang='grc' dir='ltr'>Θαυμαζομένων</span> <span class='ocrx_word' id='word_1_662' title='bbox 2902 3119 3046 3192; x_wconf 83' lang='grc' dir='ltr'><strong>αὐτῴ</strong></span> <span class='ocrx_word' id='word_1_663' title='bbox 3089 3119 3244 3183; x_wconf 79' lang='grc' dir='ltr'>Θεῶν,</span> <span class='ocrx_word' id='word_1_664' title='bbox 3279 3113 3354 3172; x_wconf 79' lang='grc' dir='ltr'>ὧν</span> <span class='ocrx_word' id='word_1_665' title='bbox 3389 3120 3460 3193; x_wconf 80' lang='grc' dir='ltr'>δὴ</span> <span class='ocrx_word' id='word_1_666' title='bbox 3484 3125 3595 3186; x_wconf 86' lang='grc' dir='ltr'>τοῖς</span> <span class='ocrx_word' id='word_1_667' title='bbox 3629 3124 3880 3194; x_wconf 77' lang='grc' dir='ltr'>χρησμοῖς</span> 
     </span>
    </p>
   </div>
   <div class='ocr_carea' id='block_1_96' title="bbox 2318 3211 3878 3283">
    <p class='ocr_par' dir='ltr' id='par_1_96' title="bbox 2318 3211 3878 3283">
     <span class='ocr_line' id='line_1_97' title="bbox 2318 3211 3878 3283; baseline 0.001 -18"><span class='ocrx_word' id='word_1_668' title='bbox 2318 3211 2726 3283; x_wconf 76' lang='grc' dir='ltr'>ἀναρριπισθεὶς</span> <span class='ocrx_word' id='word_1_669' title='bbox 2750 3211 2840 3263; x_wconf 79' lang='grc' dir='ltr'><strong>τὸν</strong></span> <span class='ocrx_word' id='word_1_670' title='bbox 2870 3211 3104 3282; x_wconf 89' lang='grc' dir='ltr'>πόλεμον</span> <span class='ocrx_word' id='word_1_671' title='bbox 3130 3212 3318 3283; x_wconf 76' lang='grc' dir='ltr'>ἤρατο,</span> <span class='ocrx_word' id='word_1_672' title='bbox 3351 3211 3434 3274; x_wconf 85' lang='grc' dir='ltr'>ὡς</span> <span class='ocrx_word' id='word_1_673' title='bbox 3463 3213 3528 3266; x_wconf 80' lang='grc' dir='ltr'>ἂν</span> <span class='ocrx_word' id='word_1_674' title='bbox 3565 3213 3761 3283; x_wconf 84' lang='grc' dir='ltr'>γόητας</span> <span class='ocrx_word' id='word_1_675' title='bbox 3796 3214 3878 3266; x_wconf 75' lang='grc' dir='ltr'>καὶ</span> 
     </span>
    </p>
   </div>
   <div class='ocr_carea' id='block_1_97' title="bbox 2316 3301 3878 3375">
    <p class='ocr_par' dir='ltr' id='par_1_97' title="bbox 2316 3301 3878 3375">
     <span class='ocr_line' id='line_1_98' title="bbox 2316 3301 3878 3375; baseline -0.001 -18"><span class='ocrx_word' id='word_1_676' title='bbox 2316 3302 2634 3366; x_wconf 84' lang='grc' dir='ltr'>ἀπατεῶνας</span> <span class='ocrx_word' id='word_1_677' title='bbox 2661 3301 2754 3356; x_wconf 63' lang='grc' dir='ltr'><strong>κα)⁸</strong></span> <span class='ocrx_word' id='word_1_678' title='bbox 2781 3303 2873 3357; x_wconf 70' lang='grc' dir='ltr'>ἐπὶ</span> <span class='ocrx_word' id='word_1_679' title='bbox 2902 3304 3032 3356; x_wconf 77' lang='grc' dir='ltr'>πᾶσι</span> <span class='ocrx_word' id='word_1_680' title='bbox 3062 3303 3322 3374; x_wconf 81' lang='grc' dir='ltr'>προδότας</span> <span class='ocrx_word' id='word_1_681' title='bbox 3349 3303 3452 3374; x_wconf 82' lang='grc' dir='ltr'>τῆς</span> <span class='ocrx_word' id='word_1_682' title='bbox 3485 3304 3646 3357; x_wconf 84' lang='grc' dir='ltr'>αὐτοῦ</span> <span class='ocrx_word' id='word_1_683' title='bbox 3673 3304 3878 3375; x_wconf 78' lang='grc' dir='ltr'>γενομέο</span> 
     </span>
    </p>
   </div>
   <div class='ocr_carea' id='block_1_98' title="bbox 2314 3391 3876 3467">
    <p class='ocr_par' dir='ltr' id='par_1_98' title="bbox 2314 3391 3876 3467">
     <span class='ocr_line' id='line_1_99' title="bbox 2314 3391 3876 3467; baseline 0 -20"><span class='ocrx_word' id='word_1_684' title='bbox 2314 3411 2436 3458; x_wconf 89' lang='grc' dir='ltr'>νους</span> <span class='ocrx_word' id='word_1_685' title='bbox 2471 3393 2762 3465; x_wconf 82' lang='grc' dir='ltr'>σωτηρίας,</span> <span class='ocrx_word' id='word_1_686' title='bbox 2793 3394 3025 3465; x_wconf 83' lang='grc' dir='ltr'>ἀναιρεῖ,</span> <span class='ocrx_word' id='word_1_687' title='bbox 3069 3391 3187 3448; x_wconf 74' lang='grc' dir='ltr'>εἶτα</span> <span class='ocrx_word' id='word_1_688' title='bbox 3217 3394 3280 3465; x_wconf 82' lang='grc' dir='ltr'>δὴ</span> <span class='ocrx_word' id='word_1_689' title='bbox 3312 3393 3441 3458; x_wconf 76' lang='grc' dir='ltr'>δοὺς</span> <span class='ocrx_word' id='word_1_690' title='bbox 3476 3395 3630 3462; x_wconf 79' lang='grc' dir='ltr'>δόξαν</span> <span class='ocrx_word' id='word_1_691' title='bbox 3667 3396 3740 3467; x_wconf 84' lang='grc' dir='ltr'><strong>τῷ</strong></span> <span class='ocrx_word' id='word_1_692' title='bbox 3778 3395 3876 3449; x_wconf 87' lang='grc' dir='ltr'><strong>τῶν</strong></span> 
     </span>
    </p>
   </div>
   <div class='ocr_carea' id='block_1_99' title="bbox 2314 3483 3874 3557">
    <p class='ocr_par' dir='ltr' id='par_1_99' title="bbox 2314 3483 3874 3557">
     <span class='ocr_line' id='line_1_100' title="bbox 2314 3483 3874 3557; baseline -0.002 -19"><span class='ocrx_word' id='word_1_693' title='bbox 2314 3484 2651 3556; x_wconf 87' lang='grc' dir='ltr'>Χριστιανῶν</span> <span class='ocrx_word' id='word_1_694' title='bbox 2689 3483 2827 3554; x_wconf 80' lang='grc' dir='ltr'>Θεῷ,</span> <span class='ocrx_word' id='word_1_695' title='bbox 2864 3483 3025 3555; x_wconf 83' lang='grc' dir='ltr'>νόμον</span> <span class='ocrx_word' id='word_1_696' title='bbox 3063 3501 3122 3537; x_wconf 88' lang='grc' dir='ltr'><strong>τε</strong></span> <span class='ocrx_word' id='word_1_697' title='bbox 3153 3484 3240 3536; x_wconf 87' lang='grc' dir='ltr'><strong>τὸν</strong></span> <span class='ocrx_word' id='word_1_698' title='bbox 3276 3485 3415 3556; x_wconf 79' lang='grc' dir='ltr'>ὑπὲρ</span> <span class='ocrx_word' id='word_1_699' title='bbox 3447 3485 3752 3557; x_wconf 74' lang='grc' dir='ltr'>ἐλευθερίας</span> <span class='ocrx_word' id='word_1_700' title='bbox 3781 3483 3874 3536; x_wconf 79' lang='grc' dir='ltr'>αὐ-</span> 
     </span>
    </p>
   </div>
   <div class='ocr_carea' id='block_1_100' title="bbox 2313 3575 3871 3649">
    <p class='ocr_par' dir='ltr' id='par_1_100' title="bbox 2313 3575 3871 3649">
     <span class='ocr_line' id='line_1_101' title="bbox 2313 3575 3871 3649; baseline -0.001 -19"><span class='ocrx_word' id='word_1_701' title='bbox 2313 3577 2422 3630; x_wconf 86' lang='grc' dir='ltr'><strong>τῶν</strong></span> <span class='ocrx_word' id='word_1_702' title='bbox 2464 3575 2770 3630; x_wconf 85' lang='grc' dir='ltr'>τελεώτατα</span> <span class='ocrx_word' id='word_1_703' title='bbox 2813 3577 2906 3630; x_wconf 76' lang='grc' dir='ltr'>καὶ</span> <span class='ocrx_word' id='word_1_704' title='bbox 2952 3576 3297 3648; x_wconf 85' lang='grc' dir='ltr'>πληρέστατα</span> <span class='ocrx_word' id='word_1_705' title='bbox 3321 3576 3725 3649; x_wconf 79' lang='grc' dir='ltr'>διαταξάμενος,</span> <span class='ocrx_word' id='word_1_706' title='bbox 3754 3575 3871 3628; x_wconf 85' lang='grc' dir='ltr'>δυσ-</span> 
     </span>
    </p>
   </div>
   <div class='ocr_carea' id='block_1_101' title="bbox 2315 3666 3869 3740">
    <p class='ocr_par' dir='ltr' id='par_1_101' title="bbox 2315 3666 3869 3740">
     <span class='ocr_line' id='line_1_102' title="bbox 2315 3666 3869 3740; baseline -0.003 -18"><span class='ocrx_word' id='word_1_707' title='bbox 2315 3667 2618 3739; x_wconf 82' lang='grc' dir='ltr'>θανατήσας</span> <span class='ocrx_word' id='word_1_708' title='bbox 2666 3666 2882 3726; x_wconf 86' lang='grc' dir='ltr'>αὐτίκα.</span> <span class='ocrx_word' id='word_1_709' title='bbox 2925 3666 3192 3737; x_wconf 81' lang='grc' dir='ltr'>μηδεμιᾶς</span> <span class='ocrx_word' id='word_1_710' title='bbox 3229 3667 3379 3738; x_wconf 83' lang='grc' dir='ltr'>αὐτῷ</span> <span class='ocrx_word' id='word_1_711' title='bbox 3413 3669 3601 3740; x_wconf 86' lang='grc' dir='ltr'>χρόνου</span> <span class='ocrx_word' id='word_1_712' title='bbox 3643 3667 3869 3735; x_wconf 84' lang='grc' dir='ltr'>δοθείσης</span> 
     </span>
    </p>
   </div>
   <div class='ocr_carea' id='block_1_102' title="bbox 2315 3757 3872 3833">
    <p class='ocr_par' dir='ltr' id='par_1_102' title="bbox 2315 3757 3872 3833">
     <span class='ocr_line' id='line_1_103' title="bbox 2315 3757 3872 3833; baseline -0.001 -22"><span class='ocrx_word' id='word_1_713' title='bbox 2315 3759 2670 3833; x_wconf 84' lang='grc' dir='ltr'>προθεσμίας,</span> <span class='ocrx_word' id='word_1_714' title='bbox 2712 3760 2934 3830; x_wconf 81' lang='grc' dir='ltr'>τελευτᾷ</span> <span class='ocrx_word' id='word_1_715' title='bbox 2962 3759 3052 3812; x_wconf 80' lang='grc' dir='ltr'><strong>τὸν</strong></span> <span class='ocrx_word' id='word_1_716' title='bbox 3087 3757 3223 3828; x_wconf 80' lang='grc' dir='ltr'>βίον.</span> <span class='ocrx_word' id='word_1_717' title='bbox 3266 3761 3324 3813; x_wconf 89' lang='grc' dir='ltr'>Ὁ</span> <span class='ocrx_word' id='word_1_718' title='bbox 3370 3761 3428 3815; x_wconf 83' lang='grc' dir='ltr'>δὲ</span> <span class='ocrx_word' id='word_1_719' title='bbox 3476 3757 3872 3830; x_wconf 76' lang='grc' dir='ltr'>καταπεμφθεὶς</span> 
     </span>
    </p>
   </div>
   <div class='ocr_carea' id='block_1_103' title="bbox 2315 3847 3178 3923">
    <p class='ocr_par' dir='ltr' id='par_1_103' title="bbox 2315 3847 3178 3923">
     <span class='ocr_line' id='line_1_104' title="bbox 2315 3847 3178 3923; baseline -0.003 -16"><span class='ocrx_word' id='word_1_720' title='bbox 2315 3853 2405 3908; x_wconf 87' lang='grc' dir='ltr'>ὐπ’</span> <span class='ocrx_word' id='word_1_721' title='bbox 2427 3851 2589 3907; x_wconf 77' lang='grc' dir='ltr'>αὐτοῦ</span> <span class='ocrx_word' id='word_1_722' title='bbox 2616 3852 2796 3923; x_wconf 86' lang='grc' dir='ltr'>νόμος,</span> <span class='ocrx_word' id='word_1_723' title='bbox 2819 3851 3057 3914; x_wconf 77' lang='grc' dir='ltr'>τοιοῦτος</span> <span class='ocrx_word' id='word_1_724' title='bbox 3075 3847 3141 3923; x_wconf 79' lang='grc' dir='ltr'>ἦν</span> <span class='ocrx_word' id='word_1_725' title='bbox 3166 3869 3178 3882; x_wconf 92' lang='grc'><strong>·</strong></span> 
     </span>
    </p>
   </div>
   <div class='ocr_carea' id='block_1_104' title="bbox 2326 4115 3868 4195">
    <p class='ocr_par' dir='ltr' id='par_1_104' title="bbox 2326 4115 3868 4195">
     <span class='ocr_line' id='line_1_105' title="bbox 2326 4115 3868 4195; baseline -0.006 -15"><span class='ocrx_word' id='word_1_726' title='bbox 2326 4124 2712 4195; x_wconf 67' lang='grc' dir='ltr'>Ἀντίγραφον</span> <span class='ocrx_word' id='word_1_727' title='bbox 2743 4123 3059 4195; x_wconf 69' lang='grc' dir='ltr'>ἑρμηνείας</span> <span class='ocrx_word' id='word_1_728' title='bbox 3085 4121 3196 4195; x_wconf 77' lang='grc' dir='ltr'>τῆς</span> <span class='ocrx_word' id='word_1_729' title='bbox 3236 4122 3341 4195; x_wconf 83' lang='grc' dir='ltr'>τοῦ</span> <span class='ocrx_word' id='word_1_730' title='bbox 3395 4121 3691 4195; x_wconf 67' lang='grc' dir='ltr'>τιφάννου</span> <span class='ocrx_word' id='word_1_731' title='bbox 3717 4115 3868 4195; x_wconf 39' lang='grc' dir='ltr'>,ὑπὲρ</span> 
     </span>
    </p>
   </div>
   <div class='ocr_carea' id='block_1_105' title="bbox 2384 4189 3868 4264">
    <p class='ocr_par' dir='ltr' id='par_1_105' title="bbox 2384 4189 3868 4264">
     <span class='ocr_line' id='line_1_106' title="bbox 2384 4189 3868 4264; baseline -0.005 -16"><span class='ocrx_word' id='word_1_732' title='bbox 2384 4189 2751 4264; x_wconf 52' lang='grc' dir='ltr'><strong>Μιᾶτιὰνῶν</strong></span> <span class='ocrx_word' id='word_1_733' title='bbox 2771 4189 3104 4258; x_wconf 67' lang='grc' dir='ltr'>’διατάξεως</span> <span class='ocrx_word' id='word_1_734' title='bbox 3122 4189 3236 4255; x_wconf 65' lang='grc' dir='ltr'>,ἐκ</span> <span class='ocrx_word' id='word_1_735' title='bbox 3267 4189 3596 4263; x_wconf 66' lang='grc' dir='ltr'>Ῥωμαῖκῆς</span> <span class='ocrx_word' id='word_1_736' title='bbox 3621 4189 3868 4264; x_wconf 72' lang='grc' dir='ltr'>γλώττης</span> 
     </span>
    </p>
   </div>
   <div class='ocr_carea' id='block_1_106' title="bbox 2382 4264 3431 4333">
    <p class='ocr_par' dir='ltr' id='par_1_106' title="bbox 2382 4264 3431 4333">
     <span class='ocr_line' id='line_1_107' title="bbox 2382 4264 3431 4333; baseline 0 -14"><span class='ocrx_word' id='word_1_737' title='bbox 2382 4269 2470 4332; x_wconf 80' lang='grc' dir='ltr'>εὶς</span> <span class='ocrx_word' id='word_1_738' title='bbox 2492 4265 2606 4333; x_wconf 77' lang='grc' dir='ltr'>τὴν</span> <span class='ocrx_word' id='word_1_739' title='bbox 2643 4264 2896 4319; x_wconf 77' lang='grc' dir='ltr'>Ἐλλάδα</span> <span class='ocrx_word' id='word_1_740' title='bbox 2919 4266 3431 4333; x_wconf 62' lang='grc' dir='ltr'>μεταληφθείσης.</span> 
     </span>
    </p>
   </div>
   <div class='ocr_carea' id='block_1_107' title="bbox 2389 4351 3864 4426">
    <p class='ocr_par' dir='ltr' id='par_1_107' title="bbox 2389 4351 3864 4426">
     <span class='ocr_line' id='line_1_108' title="bbox 2389 4351 3864 4426; baseline 0.003 -18"><span class='ocrx_word' id='word_1_741' title='bbox 2389 4374 2408 4407; x_wconf 83' lang='grc' dir='ltr'><strong>ι</strong></span> <span class='ocrx_word' id='word_1_742' title='bbox 2428 4353 2786 4425; x_wconf 78' lang='grc' dir='ltr'>Αὐτοκράτωρ</span> <span class='ocrx_word' id='word_1_743' title='bbox 2813 4355 3023 4426; x_wconf 83' lang='grc' dir='ltr'>Καῖσαρ</span> <span class='ocrx_word' id='word_1_744' title='bbox 3073 4355 3231 4418; x_wconf 77' lang='grc' dir='ltr'>Γάϊος</span> <span class='ocrx_word' id='word_1_745' title='bbox 3248 4354 3542 4426; x_wconf 78' lang='grc' dir='ltr'>Οὐαλέριος</span> <span class='ocrx_word' id='word_1_746' title='bbox 3561 4351 3864 4422; x_wconf 48' lang='lat' dir='ltr'><strong>Magram;</strong></span> 
     </span>
    </p>
   </div>
   <div class='ocr_carea' id='block_1_108' title="bbox 2314 4441 3865 4518">
    <p class='ocr_par' dir='ltr' id='par_1_108' title="bbox 2314 4441 3865 4518">
     <span class='ocr_line' id='line_1_109' title="bbox 2314 4441 3865 4518; baseline -0.005 -18"><span class='ocrx_word' id='word_1_747' title='bbox 2314 4445 2668 4518; x_wconf 73' lang='grc' dir='ltr'>Γερμανικὸς,</span> <span class='ocrx_word' id='word_1_748' title='bbox 2699 4445 3060 4518; x_wconf 65' lang='grc' dir='ltr'>Σαρματικὸς,</span> <span class='ocrx_word' id='word_1_749' title='bbox 3091 4445 3352 4516; x_wconf 77' lang='grc' dir='ltr'>Εὐσεϐὴς,</span> <span class='ocrx_word' id='word_1_750' title='bbox 3385 4447 3649 4518; x_wconf 83' lang='grc' dir='ltr'>Εὐτυχὴς,</span> <span class='ocrx_word' id='word_1_751' title='bbox 3668 4441 3865 4510; x_wconf 79' lang='grc' dir='ltr'>’Δνίκη-</span> 
     </span>
    </p>
   </div>
   <div class='ocr_carea' id='block_1_109' title="bbox 2315 4531 3864 4610">
    <p class='ocr_par' dir='ltr' id='par_1_109' title="bbox 2315 4531 3864 4610">
     <span class='ocr_line' id='line_1_110' title="bbox 2315 4531 3864 4610; baseline -0.005 -18"><span class='ocrx_word' id='word_1_752' title='bbox 2315 4555 2427 4602; x_wconf 82' lang='grc' dir='ltr'>τος,</span> <span class='ocrx_word' id='word_1_753' title='bbox 2458 4537 2742 4601; x_wconf 79' lang='grc' dir='ltr'>Σεϐαστός.</span> <span class='ocrx_word' id='word_1_754' title='bbox 2789 4538 2946 4592; x_wconf 86' lang='grc' dir='ltr'>Κατά</span> <span class='ocrx_word' id='word_1_755' title='bbox 3001 4538 3179 4591; x_wconf 84' lang='grc' dir='ltr'>πάντα</span> <span class='ocrx_word' id='word_1_756' title='bbox 3198 4537 3401 4610; x_wconf 82' lang='grc' dir='ltr'>τρόπον</span> <span class='ocrx_word' id='word_1_757' title='bbox 3437 4541 3584 4610; x_wconf 78' lang='grc' dir='ltr'>ἡμᾶς</span> <span class='ocrx_word' id='word_1_758' title='bbox 3620 4531 3864 4607; x_wconf 80' lang='grc' dir='ltr'>διηνεκῶς</span> 
     </span>
    </p>
   </div>
   <div class='ocr_carea' id='block_1_110' title="bbox 2316 4627 3867 4702">
    <p class='ocr_par' dir='ltr' id='par_1_110' title="bbox 2316 4627 3867 4702">
     <span class='ocr_line' id='line_1_111' title="bbox 2316 4627 3867 4702; baseline -0.005 -19"><span class='ocrx_word' id='word_1_759' title='bbox 2316 4628 2424 4683; x_wconf 79' lang='grc' dir='ltr'><strong>τῶν</strong></span> <span class='ocrx_word' id='word_1_760' title='bbox 2467 4627 2818 4700; x_wconf 82' lang='grc' dir='ltr'>ὲπαρχιωτῶν</span> <span class='ocrx_word' id='word_1_761' title='bbox 2861 4628 2968 4682; x_wconf 89' lang='grc' dir='ltr'><strong>τῶν</strong></span> <span class='ocrx_word' id='word_1_762' title='bbox 3005 4629 3288 4702; x_wconf 79' lang='grc' dir='ltr'>ἡμετέρων</span> <span class='ocrx_word' id='word_1_763' title='bbox 3325 4628 3421 4682; x_wconf 79' lang='grc' dir='ltr'>τοῦ</span> <span class='ocrx_word' id='word_1_764' title='bbox 3461 4627 3722 4700; x_wconf 82' lang='grc' dir='ltr'>χρησίμου</span> <span class='ocrx_word' id='word_1_765' title='bbox 3747 4638 3867 4694; x_wconf 86' lang='grc' dir='ltr'>προ-</span> 
     </span>
    </p>
   </div>
   <div class='ocr_carea' id='block_1_111' title="bbox 2313 4901 3859 4979">
    <p class='ocr_par' dir='ltr' id='par_1_111' title="bbox 2313 4901 3859 4979">
     <span class='ocr_line' id='line_1_112' title="bbox 2313 4901 3859 4979; baseline -0.01 -14"><span class='ocrx_word' id='word_1_766' title='bbox 2313 4908 2478 4977; x_wconf 80' lang='lat' dir='ltr'><strong>telligi</strong></span> <span class='ocrx_word' id='word_1_767' title='bbox 2533 4917 2679 4976; x_wconf 86' lang='lat' dir='ltr'><strong>puto.</strong></span> <span class='ocrx_word' id='word_1_768' title='bbox 2719 4905 2888 4979; x_wconf 73' lang='lat' dir='ltr'><strong>Porro</strong></span> <span class='ocrx_word' id='word_1_769' title='bbox 2914 4906 2989 4979; x_wconf 82' lang='lat' dir='ltr'><strong>de</strong></span> <span class='ocrx_word' id='word_1_770' title='bbox 3021 4906 3122 4960; x_wconf 88' lang='lat' dir='ltr'><strong>hac</strong></span> <span class='ocrx_word' id='word_1_771' title='bbox 3165 4904 3443 4979; x_wconf 83' lang='lat' dir='ltr'><strong>Maximini</strong></span> <span class='ocrx_word' id='word_1_772' title='bbox 3473 4901 3859 4979; x_wconf 70' lang='lat' dir='ltr'><strong>pugna_ad_ver-</strong></span> 
     </span>
    </p>
   </div>
   <div class='ocr_carea' id='block_1_112' title="bbox 2312 4971 3862 5048">
    <p class='ocr_par' dir='ltr' id='par_1_112' title="bbox 2312 4971 3862 5048">
     <span class='ocr_line' id='line_1_113' title="bbox 2312 4971 3862 5048; baseline -0.01 -13"><span class='ocrx_word' id='word_1_773' title='bbox 2312 4996 2404 5036; x_wconf 83' lang='lat' dir='ltr'><strong>sus</strong></span> <span class='ocrx_word' id='word_1_774' title='bbox 2431 4971 2712 5033; x_wconf 70' lang='lat' dir='ltr'><strong>Licinium</strong></span> <span class='ocrx_word' id='word_1_775' title='bbox 2766 4978 2818 5030; x_wconf 92' lang='lat' dir='ltr'><strong>in</strong></span> <span class='ocrx_word' id='word_1_776' title='bbox 2868 4975 3101 5048; x_wconf 84' lang='lat' dir='ltr'><strong>Illyrico</strong></span> <span class='ocrx_word' id='word_1_777' title='bbox 3129 4979 3284 5048; x_wconf 75' lang='lat' dir='ltr'><strong>solus</strong></span> <span class='ocrx_word' id='word_1_778' title='bbox 3322 4993 3388 5030; x_wconf 79' lang='lat' dir='ltr'><strong>ex</strong></span> <span class='ocrx_word' id='word_1_779' title='bbox 3410 4971 3695 5048; x_wconf 65' lang='lat' dir='ltr'><strong>historicis</strong></span> <span class='ocrx_word' id='word_1_780' title='bbox 3725 4971 3862 5048; x_wconf 68' lang='lat' dir='ltr'><strong>lesi-</strong></span> 
     </span>
    </p>
   </div>
   <div class='ocr_carea' id='block_1_113' title="bbox 2313 5046 3860 5120">
    <p class='ocr_par' dir='ltr' id='par_1_113' title="bbox 2313 5046 3860 5120">
     <span class='ocr_line' id='line_1_114' title="bbox 2313 5046 3860 5120; baseline -0.01 -14"><span class='ocrx_word' id='word_1_781' title='bbox 2313 5066 2434 5106; x_wconf 84' lang='lat' dir='ltr'><strong>mus</strong></span> <span class='ocrx_word' id='word_1_782' title='bbox 2471 5049 2708 5120; x_wconf 83' lang='lat' dir='ltr'><strong>loquitur</strong></span> <span class='ocrx_word' id='word_1_783' title='bbox 2742 5049 2794 5100; x_wconf 90' lang='lat' dir='ltr'><strong>in</strong></span> <span class='ocrx_word' id='word_1_784' title='bbox 2825 5046 3025 5120; x_wconf 32' lang='lat' dir='ltr'><strong>liba&quot;,</strong></span> <span class='ocrx_word' id='word_1_785' title='bbox 3059 5047 3144 5099; x_wconf 91' lang='lat' dir='ltr'><strong>ubi</strong></span> <span class='ocrx_word' id='word_1_786' title='bbox 3181 5046 3373 5120; x_wconf 77' lang='lat' dir='ltr'><strong>scribit</strong></span> <span class='ocrx_word' id='word_1_787' title='bbox 3407 5046 3666 5120; x_wconf 84' lang='lat' dir='ltr'><strong>Licinium</strong></span> <span class='ocrx_word' id='word_1_788' title='bbox 3697 5046 3860 5120; x_wconf 75' lang='lat' dir='ltr'><strong>primo</strong></span> 
     </span>
    </p>
   </div>
   <div class='ocr_carea' id='block_1_114' title="bbox 2312 5117 3859 5192">
    <p class='ocr_par' dir='ltr' id='par_1_114' title="bbox 2312 5117 3859 5192">
     <span class='ocr_line' id='line_1_115' title="bbox 2312 5117 3859 5192; baseline -0.006 -19"><span class='ocrx_word' id='word_1_789' title='bbox 2312 5121 2529 5192; x_wconf 76' lang='lat' dir='ltr'><strong>quidem</strong></span> <span class='ocrx_word' id='word_1_790' title='bbox 2553 5119 2760 5192; x_wconf 68' lang='lat' dir='ltr'><strong>cladem</strong></span> <span class='ocrx_word' id='word_1_791' title='bbox 2778 5118 3022 5192; x_wconf 82' lang='lat' dir='ltr'><strong>aliquam</strong></span> <span class='ocrx_word' id='word_1_792' title='bbox 3045 5117 3320 5192; x_wconf 68' lang='lat' dir='ltr'><strong>accepisse</strong></span> <span class='ocrx_word' id='word_1_793' title='bbox 3346 5134 3358 5168; x_wconf 93' lang='lat'>:</span> <span class='ocrx_word' id='word_1_794' title='bbox 3385 5117 3478 5169; x_wconf 86' lang='lat' dir='ltr'><strong>sed</strong></span> <span class='ocrx_word' id='word_1_795' title='bbox 3497 5130 3615 5192; x_wconf 49' lang='lat' dir='ltr'><strong>mea</strong></span> <span class='ocrx_word' id='word_1_796' title='bbox 3643 5117 3859 5192; x_wconf 58' lang='lat' dir='ltr'><strong>repetito</strong></span> 
     </span>
    </p>
   </div>
   <div class='ocr_carea' id='block_1_115' title="bbox 2312 5181 3858 5261">
    <p class='ocr_par' dir='ltr' id='par_1_115' title="bbox 2312 5181 3858 5261">
     <span class='ocr_line' id='line_1_116' title="bbox 2312 5181 3858 5261; baseline -0.01 -18"><span class='ocrx_word' id='word_1_797' title='bbox 2312 5181 2540 5261; x_wconf 66' lang='lat' dir='ltr'><strong>praelio,</strong></span> <span class='ocrx_word' id='word_1_798' title='bbox 2574 5181 2920 5261; x_wconf 74' lang='lat' dir='ltr'><strong>Maximinum</strong></span> <span class='ocrx_word' id='word_1_799' title='bbox 2971 5188 3022 5261; x_wconf 84' lang='lat' dir='ltr'><strong>in_</strong></span> <span class='ocrx_word' id='word_1_800' title='bbox 3079 5181 3258 5254; x_wconf 75' lang='lat' dir='ltr'><strong>fugam</strong></span> <span class='ocrx_word' id='word_1_801' title='bbox 3295 5201 3508 5261; x_wconf 78' lang='lat' dir='ltr'><strong>versum</strong></span> <span class='ocrx_word' id='word_1_802' title='bbox 3549 5185 3610 5261; x_wconf 76' lang='lat' dir='ltr'><strong>ad</strong></span> <span class='ocrx_word' id='word_1_803' title='bbox 3639 5181 3858 5261; x_wconf 72' lang='lat' dir='ltr'><strong>Orientis</strong></span> 
     </span>
    </p>
   </div>
   <div class='ocr_carea' id='block_1_116' title="bbox 2311 5257 3857 5330">
    <p class='ocr_par' dir='ltr' id='par_1_116' title="bbox 2311 5257 3857 5330">
     <span class='ocr_line' id='line_1_117' title="bbox 2311 5257 3857 5330; baseline -0.005 -18"><span class='ocrx_word' id='word_1_804' title='bbox 2311 5257 2493 5330; x_wconf 81' lang='lat' dir='ltr'><strong>partes</strong></span> <span class='ocrx_word' id='word_1_805' title='bbox 2519 5273 2578 5330; x_wconf 89' lang='lat' dir='ltr'><strong>s_e</strong></span> <span class='ocrx_word' id='word_1_806' title='bbox 2599 5259 2888 5330; x_wconf 62' lang='lat' dir='ltr'><strong>recepisse,</strong></span> <span class='ocrx_word' id='word_1_807' title='bbox 2914 5267 2968 5310; x_wconf 91' lang='lat' dir='ltr'><strong>et</strong></span> <span class='ocrx_word' id='word_1_808' title='bbox 2997 5258 3063 5330; x_wconf 79' lang='lat' dir='ltr'><strong>de</strong></span> <span class='ocrx_word' id='word_1_809' title='bbox 3083 5257 3387 5330; x_wconf 70' lang='lat' dir='ltr'><strong>reparando</strong></span> <span class='ocrx_word' id='word_1_810' title='bbox 3416 5257 3857 5330; x_wconf 52' lang='lat' dir='ltr'><strong>exerciturogttqj</strong></span> 
     </span>
    </p>
   </div>
   <div class='ocr_carea' id='block_1_117' title="bbox 2312 5319 3852 5396">
    <p class='ocr_par' dir='ltr' id='par_1_117' title="bbox 2312 5319 3852 5396">
     <span class='ocr_line' id='line_1_118' title="bbox 2312 5319 3852 5396; baseline -0.01 -14"><span class='ocrx_word' id='word_1_811' title='bbox 2312 5319 2474 5384; x_wconf 63' lang='lat' dir='ltr'><strong>&#39;visse.</strong></span> <span class='ocrx_word' id='word_1_812' title='bbox 2517 5327 2670 5394; x_wconf 88' lang='lat' dir='ltr'><strong>Quod</strong></span> <span class='ocrx_word' id='word_1_813' title='bbox 2699 5319 2914 5396; x_wconf 87' lang='lat' dir='ltr'><strong>quidem</strong></span> <span class='ocrx_word' id='word_1_814' title='bbox 2945 5319 3175 5378; x_wconf 79' lang='lat' dir='ltr'><strong>mirifice</strong></span> <span class='ocrx_word' id='word_1_815' title='bbox 3207 5326 3465 5396; x_wconf 65' lang='lat' dir='ltr'><strong>convenit</strong></span> <span class='ocrx_word' id='word_1_816' title='bbox 3509 5339 3626 5396; x_wconf 77' lang='lat' dir='ltr'><strong>eum</strong></span> <span class='ocrx_word' id='word_1_817' title='bbox 3653 5319 3852 5372; x_wconf 83' lang='lat' dir='ltr'><strong>Eusebii</strong></span> 
     </span>
    </p>
   </div>
   <div class='ocr_carea' id='block_1_118' title="bbox 2313 5391 3855 5463">
    <p class='ocr_par' dir='ltr' id='par_1_118' title="bbox 2313 5391 3855 5463">
     <span class='ocr_line' id='line_1_119' title="bbox 2313 5391 3855 5463; baseline -0.012 -9"><span class='ocrx_word' id='word_1_818' title='bbox 2313 5399 2484 5455; x_wconf 85' lang='lat' dir='ltr'><strong>nostri</strong></span> <span class='ocrx_word' id='word_1_819' title='bbox 2515 5391 2844 5459; x_wconf 68' lang='lat' dir='ltr'><strong>narratione,</strong></span> <span class='ocrx_word' id='word_1_820' title='bbox 2874 5397 2964 5463; x_wconf 90' lang='lat' dir='ltr'><strong>qui</strong></span> <span class='ocrx_word' id='word_1_821' title='bbox 2993 5397 3183 5449; x_wconf 88' lang='lat' dir='ltr'><strong>scribit</strong></span> <span class='ocrx_word' id='word_1_822' title='bbox 3206 5394 3550 5463; x_wconf 78' lang='lat' dir='ltr'><strong>Maximinum</strong></span> <span class='ocrx_word' id='word_1_823' title='bbox 3576 5391 3689 5443; x_wconf 81' lang='lat' dir='ltr'><strong>fuso</strong></span> <span class='ocrx_word' id='word_1_824' title='bbox 3712 5399 3855 5438; x_wconf 82' lang='lat' dir='ltr'><strong>exer-</strong></span> 
     </span>
    </p>
   </div>
   <div class='ocr_carea' id='block_1_119' title="bbox 2310 5462 3852 5534">
    <p class='ocr_par' dir='ltr' id='par_1_119' title="bbox 2310 5462 3852 5534">
     <span class='ocr_line' id='line_1_120' title="bbox 2310 5462 3852 5534; baseline -0.012 -10"><span class='ocrx_word' id='word_1_825' title='bbox 2310 5470 2420 5524; x_wconf 90' lang='lat' dir='ltr'><strong>citu</strong></span> <span class='ocrx_word' id='word_1_826' title='bbox 2463 5483 2580 5532; x_wconf 85' lang='lat' dir='ltr'><strong>suo,</strong></span> <span class='ocrx_word' id='word_1_827' title='bbox 2611 5469 2678 5520; x_wconf 88' lang='lat' dir='ltr'><strong>ad</strong></span> <span class='ocrx_word' id='word_1_828' title='bbox 2709 5481 2837 5520; x_wconf 89' lang='lat' dir='ltr'><strong>suas</strong></span> <span class='ocrx_word' id='word_1_829' title='bbox 2862 5462 3067 5534; x_wconf 80' lang='lat' dir='ltr'><strong>partes,</strong></span> <span class='ocrx_word' id='word_1_830' title='bbox 3099 5465 3148 5519; x_wconf 93' lang='lat' dir='ltr'><strong>id</strong></span> <span class='ocrx_word' id='word_1_831' title='bbox 3179 5473 3264 5534; x_wconf 81' lang='lat' dir='ltr'><strong>est</strong></span> <span class='ocrx_word' id='word_1_832' title='bbox 3304 5466 3354 5518; x_wconf 91' lang='lat' dir='ltr'><strong>in</strong></span> <span class='ocrx_word' id='word_1_833' title='bbox 3392 5462 3662 5534; x_wconf 83' lang='lat' dir='ltr'><strong>Orientem</strong></span> <span class='ocrx_word' id='word_1_834' title='bbox 3691 5472 3746 5510; x_wconf 88' lang='lat' dir='ltr'><strong>se</strong></span> <span class='ocrx_word' id='word_1_835' title='bbox 3776 5468 3852 5506; x_wconf 88' lang='lat' dir='ltr'><strong>re-</strong></span> 
     </span>
    </p>
   </div>
   <div class='ocr_carea' id='block_1_120' title="bbox 2310 5529 3849 5609">
    <p class='ocr_par' dir='ltr' id='par_1_120' title="bbox 2310 5529 3849 5609">
     <span class='ocr_line' id='line_1_121' title="bbox 2310 5529 3849 5609; baseline -0.015 -15"><span class='ocrx_word' id='word_1_836' title='bbox 2310 5541 2540 5609; x_wconf 84' lang='lat' dir='ltr'><strong>cepisse.</strong></span> <span class='ocrx_word' id='word_1_837' title='bbox 2571 5529 2764 5605; x_wconf 70' lang='lat' dir='ltr'><strong>Pttgna</strong></span> <span class='ocrx_word' id='word_1_838' title='bbox 2795 5529 2959 5609; x_wconf 65' lang='lat' dir='ltr'><strong>igitur</strong></span> <span class='ocrx_word' id='word_1_839' title='bbox 2991 5536 3185 5609; x_wconf 80' lang='lat' dir='ltr'><strong>illa_i_u_</strong></span> <span class='ocrx_word' id='word_1_840' title='bbox 3201 5533 3427 5609; x_wconf 58' lang='lat' dir='ltr'><strong>mtropm</strong></span> <span class='ocrx_word' id='word_1_841' title='bbox 3469 5529 3705 5609; x_wconf 71' lang='lat' dir='ltr'><strong>partibus</strong></span> <span class='ocrx_word' id='word_1_842' title='bbox 3757 5536 3849 5609; x_wconf 51' lang='lat' dir='ltr'><strong>pit:</strong></span> 
     </span>
    </p>
   </div>
   <div class='ocr_carea' id='block_1_121' title="bbox 2311 5600 3850 5679">
    <p class='ocr_par' dir='ltr' id='par_1_121' title="bbox 2311 5600 3850 5679">
     <span class='ocr_line' id='line_1_122' title="bbox 2311 5600 3850 5679; baseline -0.006 -19"><span class='ocrx_word' id='word_1_843' title='bbox 2311 5600 2468 5679; x_wconf 62' lang='lat' dir='ltr'><strong>gn&#39;ata</strong></span> <span class='ocrx_word' id='word_1_844' title='bbox 2503 5618 2607 5675; x_wconf 87' lang='lat' dir='ltr'><strong>est,</strong></span> <span class='ocrx_word' id='word_1_845' title='bbox 2642 5600 2785 5661; x_wconf 58' lang='lat' dir='ltr'><strong>a&#39;nno</strong></span> <span class='ocrx_word' id='word_1_846' title='bbox 2815 5600 3028 5659; x_wconf 51' lang='lat' dir='ltr'><strong>&#39;Christi</strong></span> <span class='ocrx_word' id='word_1_847' title='bbox 3084 5605 3208 5668; x_wconf 78' lang='grc'><strong>515,</strong></span> <span class='ocrx_word' id='word_1_848' title='bbox 3263 5600 3613 5679; x_wconf 61' lang='lat' dir='ltr'><strong>Constantino</strong></span> <span class='ocrx_word' id='word_1_849' title='bbox 3654 5609 3721 5679; x_wconf 49' lang='grc' dir='ltr'>,εει</span> <span class='ocrx_word' id='word_1_850' title='bbox 3771 5600 3850 5679; x_wconf 45' lang='lat' dir='ltr'><strong>“(fl</strong></span> 
     </span>
    </p>
   </div>
   <div class='ocr_carea' id='block_1_122' title="bbox 2311 5665 3844 5743">
    <p class='ocr_par' dir='ltr' id='par_1_122' title="bbox 2311 5665 3844 5743">
     <span class='ocr_line' id='line_1_123' title="bbox 2311 5665 3844 5743; baseline -0.007 -10"><span class='ocrx_word' id='word_1_851' title='bbox 2311 5665 2519 5733; x_wconf 64' lang='lat' dir='ltr'><strong>Licinio</strong></span> <span class='ocrx_word' id='word_1_852' title='bbox 2549 5665 2606 5732; x_wconf 73' lang='lat' dir='ltr'><strong>tti</strong></span> <span class='ocrx_word' id='word_1_853' title='bbox 2661 5687 2894 5738; x_wconf 79' lang='lat' dir='ltr'><strong>coss..nt</strong></span> <span class='ocrx_word' id='word_1_854' title='bbox 2932 5684 3078 5731; x_wconf 90' lang='lat' dir='ltr'><strong>recte</strong></span> <span class='ocrx_word' id='word_1_855' title='bbox 3105 5665 3253 5730; x_wconf 82' lang='lat' dir='ltr'><strong>notat</strong></span> <span class='ocrx_word' id='word_1_856' title='bbox 3283 5671 3537 5743; x_wconf 83' lang='lat' dir='ltr'><strong>Sigonius</strong></span> <span class='ocrx_word' id='word_1_857' title='bbox 3574 5668 3624 5722; x_wconf 92' lang='lat' dir='ltr'><strong>in</strong></span> <span class='ocrx_word' id='word_1_858' title='bbox 3653 5665 3738 5719; x_wconf 87' lang='lat' dir='ltr'><strong>lib.</strong></span> <span class='ocrx_word' id='word_1_859' title='bbox 3768 5673 3844 5723; x_wconf 66' lang='lat' dir='ltr'><strong>Ill.</strong></span> 
     </span>
    </p>
   </div>
   <div class='ocr_carea' id='block_1_123' title="bbox 2311 5747 3005 5816">
    <p class='ocr_par' dir='ltr' id='par_1_123' title="bbox 2311 5747 3005 5816">
     <span class='ocr_line' id='line_1_124' title="bbox 2311 5747 3005 5816; baseline -0.001 -11"><span class='ocrx_word' id='word_1_860' title='bbox 2311 5751 2387 5805; x_wconf 70' lang='lat' dir='ltr'><strong>De</strong></span> <span class='ocrx_word' id='word_1_861' title='bbox 2417 5747 2740 5804; x_wconf 79' lang='lat' dir='ltr'><strong>Occidentali</strong></span> <span class='ocrx_word' id='word_1_862' title='bbox 2764 5748 3005 5816; x_wconf 83' lang='lat' dir='ltr'><strong>imperio.</strong></span> 
     </span>
    </p>
   </div>
  </div>
