4132 6406
247 316 446 378 εδδ

1328 329 1676 389 HISTORIA?
1716 333 2274 398 ECCLESIASTICAE
2314 343 2441 399 LIB.
2487 345 2576 402 IX.

3492 355 3597 424 ssi

244 444 581 499 καθεῖσθαι
615 446 696 499 δεῖ
723 444 866 517 (69),
898 447 992 500 καὶ
1021 447 1193 502 ταῦτα
1221 450 1406 514 αὐτοῖς
1438 450 1723 521 βούλεσθαι
1758 458 1889 527 παρέ

1991 460 2218 519 ,benter
2270 475 2531 534 praestare
2581 482 2701 537 qua:
2746 472 2997 528 omnibus
3052 476 3286 534 maxime
3317 479 3595 544 fructtmsa

247 547 354 598 χε
370 553 453 588 ιν
497 532 580 600 οἷς
616 537 684 590 τά
725 537 974 610 λυσιτελῆ
1011 540 1228 593 πάντων
1269 541 1506 612 μάλιστα
1539 543 1920 615 κατορθοῦται,

249 628 422 680 καὶ
472 631 572 683 ὅσα
601 629 701 700 τῆς
740 630 1074 696 λυσιτελείας
1121 634 1214 686 καὶ
1250 635 1349 704 τῆς
1376 636 1774 707 χρησιμότητός
1806 641 1920 693 ἐστι

249 715 431 787 τῆς
457 719 646 790 κοινῆς
678 721 876 786 αὐτῶν,
913 723 1005 775 καὶ
1032 726 1188 776 ὁποῖα
1222 724 1358 796 πρὸς
1387 725 1486 797 τὴν
1533 725 1796 798 δημοσίαν
1829 729 1920 783 λυ-

257 808 605 862 σιτέλειαν
636 809 894 881 ἁρμόζει,
927 811 1019 864 καὶ
1051 815 1170 876 ταῖς
1199 813 1425 867 ἐκάστον
1459 815 1720 880 διανοίαις
1751 835 1918 889 προσ-

259 897 461 970 φιλῆ
507 901 793 970 τυγχάνει,
839 902 1024 955 οὐδένα
1086 904 1331 972 ἀγνοεῖν,
1364 904 1477 959 ἀλλ’
1518 907 1745 961 ἕκαστον
1788 897 1918 966 ἀνα-

255 990 547 1061 τρέχειν
579 993 664 1044 ἐπ’
698 993 828 1046 αὐτὸ
855 994 914 1046 τὸ
944 996 1246 1066 γινόμενον,
1281 998 1572 1066 γινώσκειν
1597 1018 1656 1053 τε
1687 1001 1916 1058 ἕκαστον

257 1082 437 1134 τῶν
484 1083 786 1157 ἀνθρώπων
820 1087 913 1139 καὶ
943 1086 1084 1157 ἔχειν
1115 1091 1172 1142 ἐν
1213 1090 1421 1160 ἐαυτῷ,
1464 1091 1625 1162 δῆλον
1651 1089 1790 1148 εἶναι
1825 1112 1916 1148 πι-

268 1175 614 1246 στεύομεν.
661 1177 849 1230 Ὁπότε
877 1178 1055 1233 τοίνυν
1082 1180 1186 1251 πρὸ
1212 1182 1402 1235 τούτου
1435 1184 1590 1256 δῆλον
1623 1188 1813 1257 γέγονε
1845 1193 1910 1262 τῇ

265 1269 528 1334 γνώσει
562 1273 626 1342 τῇ
655 1271 916 1343 ἡμετέρᾳ,
944 1273 1008 1325 ἐκ
1034 1273 1238 1344 ταύτης
1263 1274 1366 1345 τῆς
1405 1277 1731 1346 προφάσεως
1759 1281 1816 1345 ἐξ
1844 1278 1913 1353 ἧς

265 1363 752 1433 κεκελευσμένον
794 1359 862 1432 ἦν
903 1364 1007 1416 ὑπὸ
1053 1365 1161 1418 τῶν
1195 1365 1483 1421 θειοτάτων
1532 1371 1909 1441 Διοκλητιανού

271 1456 416 1508 καὶ
445 1457 791 1528 Μαξιμιανοῦ
815 1459 921 1510 τῶν
948 1459 1147 1528 γονέων
1178 1458 1285 1513 τῶν
1315 1461 1618 1534 ἡμετέρων,
1650 1463 1750 1530 τάς
1784 1483 1908 1520 συν-

269 1543 474 1609 όδους
499 1547 607 1600 τῶν
636 1549 976 1620 Χριστιανῶν
1027 1549 1346 1622 ἐξῃρῆσθαι,
1387 1552 1614 1618 πολλοὺς
1653 1557 1908 1628 σεισμοὺς

275 1635 411 1686 καὶ
440 1637 836 1709 άποστερήσεις
867 1639 973 1693 ὑπὸ
1011 1641 1118 1695 τῶν
1157 1643 1516 1712 ὀφφικιαλίων
1553 1648 1903 1719 γεγενῆσθαι,

273 1722 409 1774 καὶ
438 1727 522 1788 εἰς
548 1726 768 1780 τούπιὸν
795 1727 849 1780 δὲ
883 1728 1042 1781 τοῦτο
1069 1733 1373 1804 προχωρεῖν
1409 1733 1550 1789 κατὰ
1585 1737 1694 1791 τῶν
1734 1740 1906 1812 ἐπαρ-

2023 552 2152 616 sint.
2181 562 2236 608 et
2266 570 2606 627 quaecunque
2638 560 2705 615 ad
2735 576 3080 620 communem
3111 567 3350 638 ipsorum
3384 575 3594 630 utilita~

2022 650 2208 696 temet
2237 647 2576 701 commodum
2607 661 2878 734 spectent,
2909 663 2962 709 et
2988 656 3299 725 reipublicae
3345 662 3593 734 inprimis

2022 734 2344 802 conducant,
2384 753 2611 808 quarque
2657 723 2885 814 singulis
2910 723 3205 816 grata—sint
3238 761 3292 807 et
3323 723 3544 826 accepta
3573 777 3588 814 :

2020 823 2290 878 neminem
2348 827 2598 894 ignorare
2627 870 2642 897 ,
2701 834 2793 886 sed
2843 849 3283 908 unumquemque
3317 857 3404 897 res
3445 823 3591 914 ipsas

2017 915 2200 970 animo
2228 919 2595 975 revolventem
2623 939 2781 979 nosse
2807 941 2869 979 ac
2893 941 3207 994 persuasum
3239 932 3438 988 habere
3455 951 3588 990 con-

2017 1005 2250 1062 ﬁdimus.
2281 1008 2440 1065 Certe
2463 1026 2583 1066 cum
2621 1024 2778 1070 antea
2821 1019 2978 1073 nobis
3002 1033 3340 1090 compertum
3372 1024 3584 1096 fuisset,

2014 1099 2302 1154 occasione
2327 1100 2460 1172 legis
2488 1103 2635 1159 illius
2658 1122 2774 1175 quae
2803 1123 2830 1160 a
2861 1109 2999 1164 divis
3032 1112 3366 1170 Diocletiano
3398 1127 3452 1171 et
3476 1118 3586 1172 Ma-

2013 1187 2252 1244 ximiano
2282 1194 2603 1262 parentibus
2634 1199 2836 1252 nostris
2860 1197 2964 1253 lata
2989 1212 3129 1266 erat,
3165 1213 3221 1257 ut
3242 1203 3585 1264 Christiano-

2013 1295 2132 1335 rum
2181 1297 2486 1339 conventus
2514 1288 2727 1356 penitus
2759 1292 3141 1361 aholerentnr;
3191 1297 3385 1353 multas
3443 1315 3582 1355 con-

2011 1373 2290 1428 cussiones
2316 1378 2632 1448 praedasque
2678 1381 2744 1436 ab
2789 1382 3110 1439 ollicialibus
3141 1385 3284 1442 facta
3334 1405 3475 1456 esse,
3505 1405 3583 1445 at-

2010 1477 2114 1532 que
2149 1464 2252 1519 hoc
2281 1467 2484 1521 malum
2534 1469 2586 1522 in
2638 1472 2753 1525 dies
2798 1474 3010 1543 longius
3061 1491 3282 1547 serpere
3319 1481 3580 1538 adversus

2007 1557 2373 1624 provinciales
2405 1565 2855 1630 nostros,quibus
2884 1569 3120 1622 maxime
3149 1572 3454 1626 consultum
3484 1589 3580 1631 vo~

2008 1645 2209 1713 iunius,
2246 1665 2477 1718 quorum
2501 1651 2788 1709 facultates
2813 1655 2912 1709 hoc
2935 1669 3195 1726 praetextu
3221 1664 3463 1730 graviter
3495 1676 3581 1719 at-

2010 1746 2260 1794 teruntur
2289 1760 2303 1799 :
2335 1743 2612 1812 superiore
2643 1759 2781 1800 anno
2809 1749 2947 1804 datis
2981 1751 3046 1804 ad
3085 1752 3328 1822 singulos
3360 1758 3580 1824 provin-

275 1817 532 1884 χιωτῶν
549 1819 656 1871 τῶν
680 1820 982 1892 ἡμετέρων,
1003 1815 1078 1875 ὧν
1099 1824 1332 1894 μάλιστα
1351 1829 1608 1899 πρόνοιαν
1622 1833 1721 1901 τὴν
1743 1850 1889 1905 προσ-

2007 1833 2211 1887 ciarum
2245 1836 2502 1904 prtesides
2553 1837 2752 1893 litteris
2813 1844 3122 1910 statuimus,
3164 1855 3221 1898 ut
3251 1847 3294 1900 si
3329 1848 3450 1916 quis
3481 1851 3571 1902 ad-

278 1908 557 1977 ἠκουσαν
607 1909 849 1978 γίνεσθαι
912 1915 1316 1988 σπουδάζομεν,
1383 1919 1491 1973 τῶν
1548 1923 1745 1977 οὐσιῶν
1793 1927 1900 1980 τῶν

284 1997 465 2050 ἰδίων
519 1999 698 2052 αὐτῶν
755 2003 1267 2075 κατατριϐομένων,
1312 2007 1573 2063 δοθέντων
1635 2016 1898 2085 γραμμά-

282 2105 419 2141 των
449 2089 558 2159 (70)
594 2092 728 2162 πρὸς
764 2095 892 2157 τοὺς
931 2096 1203 2167 ἡγεμόνας
1247 2099 1481 2169 έκάστης
1529 2103 1793 2173 ἐπαρχίας
1822 2105 1900 2176 τῷ

287 2183 633 2254 παρελθόντι
661 2185 908 2256 ἐνιαυτῷ,
934 2189 1425 2261 ἐνομοθετήσαμεν,
1451 2193 1514 2245 ἵν’
1541 2194 1636 2246 ἐάν
1661 2213 1743 2259 τις
1778 2196 1900 2267 βού-

285 2273 458 2326 λοιτο
485 2275 564 2346 τῷ
589 2277 812 2347 τοιούτῳ
837 2277 946 2331 ἔθει
967 2279 1075 2350 (7l)
1109 2280 1140 2350 ἢ
1167 2284 1232 2352 τῇ
1263 2283 1404 2355 αύτῇ
1435 2284 1643 2356 φυλακῇ
1675 2287 1774 2356 τῆς
1804 2289 1900 2342 αὐ-

287 2367 409 2436 τῆς
441 2367 736 2440 θρησκείας
764 2371 1010 2436 ἕπεσθαι,
1033 2373 1223 2427 τοῦτον
1247 2377 1654 2447 ἀνεμποδίστως
1679 2379 1895 2450 ἔχεσθαι
1921 2383 1930 2391 ”

293 2460 409 2528 τῆς
443 2461 752 2531 προθέσεως
784 2465 881 2534 τῆς
923 2467 1116 2518 ἑαυτοῦ
1138 2507 1152 2532 ,
1183 2468 1278 2520 καὶ
1320 2468 1422 2521 ὑπὸ
1461 2470 1687 2540 μηδενὸς
1719 2475 1891 2543 ἐμπο-

292 2551 547 2615 δίζεσθαι
581 2555 713 2625 μηδέ
745 2557 1068 2619 κωλύεσθαι,
1089 2560 1182 2612 καὶ
1207 2556 1345 2613 εἶναι
1377 2562 1558 2626 αὐτοῖς
1587 2564 1891 2637 εὐχέρειαν,

297 2643 438 2697 ἄνευ
467 2647 612 2710 τινὸς
656 2648 818 2716 φόϐου
864 2651 957 2703 καὶ
993 2651 1257 2721 ὑποψίας,
1304 2653 1448 2707 τοῦθ’
1493 2655 1628 2727 ὅπερ
1678 2658 1893 2730 ἑκάστῳ

295 2737 532 2807 ἀρέσκει
569 2741 758 2792 ποιεῖν.
787 2742 934 2809 Πλὴν
974 2743 1095 2796 οὐδὲ
1129 2743 1222 2796 νῦν
1251 2744 1432 2798 λαθεῖν
1461 2747 1608 2816 ἡμᾶς
1637 2747 1889 2820 ἐδυνήθη,

298 2830 387 2882 ὅτι
414 2832 558 2895 τινὲς
580 2831 688 2884 τῶν
707 2833 973 2889 δικαστῶν
1001 2837 1470 2908 παρενεθυμοῦντο
1499 2839 1609 2909 (‘72)
1634 2840 1732 2903 τὰς
1757 2843 1891 2911 ἡμε-

298 2921 471 2993 τέρας
521 2924 828 2990 κελεύσεις,
862 2928 954 2980 καὶ
993 2929 1260 2993 διστάζειν
1302 2931 1427 2994 τοὺς
1468 2932 1766 3004 ἡμετέρους
1794 2935 1888 2987 ἀν-

301 3017 560 3088 θρώπους
612 3022 736 3092 περὶ
779 3021 847 3074 τά
899 3024 1294 3093 προστάγματα
1354 3022 1420 3075 τὰ
1459 3023 1704 3094 ἡμέτερα
1747 3042 1890 3096 παρ-

301 3110 631 3176 εσκεύασαν,
679 3113 770 3164 καὶ
809 3113 1162 3185 ὀκνηρότερον
1196 3115 1474 3185 προσιέναι
1520 3115 1740 3180 ταύταις
1771 3121 1888 3182 ταῖς
1913 3144 1956 3202 C

304 3203 626 3273 θρησκείαις
679 3199 764 3269 αἶς
799 3201 866 3276 ἦν
913 3207 1141 3277 ἀρεστὸν
1193 3207 1403 3271 αὐτοῖς,
1453 3207 1731 3278 ἐποίησαν.
1769 3203 1898 3261 Ἵνα’

303 3298 484 3350 τοίνυν
511 3299 683 3368 είς-τὸ
723 3299 848 3367 ἑξῆς
877 3289 1030 3352 πᾶσα
1063 3298 1267 3367 ὑποψία
1299 3297 1626 3368 ἀμφιϐολίας
1661 3298 1752 3352 τοῦ
1793 3301 1889 3368 φό-

303 3390 400 3442 ϐου
432 3390 543 3459 (75)
585 3391 933 3462 περιαιρεθῇ,
962 3390 1117 3443 τοῦτο
1147 3391 1207 3443 τὸ
1235 3390 1508 3464 διάταγμα
1558 3391 1886 3462 προτεθῆναι

304 3482 792 3554 ἐνομοθετήσαμεν,
816 3484 903 3536 ἵνα
932 3485 1064 3536 πᾶσι
1090 3483 1251 3552 δῆλον
1279 3483 1524 3552 γένηται,
1548 3483 1746 3550 ἐξεῖναι
1764 3483 1887 3536 τού-

303 3591 416 3636 τοις
459 3575 682 3637 οἵτινες
712 3573 912 3646 ταύτην
949 3574 1048 3646 τὴν
1095 3573 1302 3645 αἵρεσιν
1342 3575 1435 3628 καὶ
1461 3575 1558 3646 τὴν
1591 3574 1883 3647 θρησκείαν

308 3667 548 3738 μετιέναι
591 3667 899 3737 βούλονται,
926 3669 990 3719 ἐκ
1022 3666 1224 3738 ταύτης
1264 3666 1363 3736 τῆς
1391 3665 1598 3737 δωρεάς
1627 3667 1726 3737 τῆς
1757 3669 1884 3737 ἡμε-

301 3761 469 3835 τέρας
492 3759 672 3822 καθὼς
692 3761 921 3824 ἕκαστος
939 3760 1182 3831 βούλεται
1209 3760 1241 3832 ἦ
1263 3759 1381 3813 δέον
1401 3759 1548 3830 αὐτῷ
1574 3761 1718 3813 ἐστιν
1747 3761 1880 3830 (74),

302 3855 477 3918 οὕτως
509 3853 782 3926 προσιέναι
810 3856 875 3924 τῇ
907 3852 1172 3926 θρησκείᾳ
1197 3851 1368 3924 ταύτῃ
1394 3852 1459 3922 ἢν
1487 3850 1543 3917 ἐξ
1573 3849 1724 3915 ἔθους
1753 3851 1883 3923 θρη-

307 3947 521 4000 σκεύειν
571 3945 742 3998 εἵλετο
764 3961 777 3975 ·
818 3946 915 3999 καὶ
954 3945 1022 3998 τὰ
1054 3942 1308 4015 Κυριακά
1337 3944 1392 3996 δὲ
1423 3942 1490 3994 τὰ
1517 3945 1690 3995 οἰκεῖα
1732 3944 1880 4008 ὅπως

304 4037 782 4102 κατασκευάζοιεν,
802 4036 1184 4108 συγχωρεῖται.
1212 4035 1328 4089 Ἵνα
1353 4034 1533 4105 μέντοι
1561 4035 1654 4088 καὶ
1678 4035 1877 4106 μείζων

377 4190 489 4262 (69)
515 4189 899 4257 Προνοεῒσθαι
925 4187 1032 4262 δεῖ.
1068 4189 1298 4262 Delenda
1326 4196 1415 4262 est
1446 4204 1546 4242 vox
1571 4189 1670 4251 δεῖ,
1705 4204 1864 4262 quam

305 4259 640 4330 Nitit'phorus
671 4277 774 4313 non
809 4259 1069 4329 agnoscit.
1103 4259 1224 4313 Haec
1252 4261 1393 4314 enim
1427 4263 1603 4312 omnia
1636 4260 1866 4328 pendent

305 4349 371 4386 ex
412 4332 577 4385 verbo
604 4332 742 4399 quod
777 4331 826 4382 in
858 4332 962 4383 line
998 4331 1219 4396 prolixa:
1248 4331 1450 4396 periodi
1483 4331 1713 4396 positum
1758 4341 1862 4384 est.

308 4403 494 4455 Solent
526 4403 719 4469 quippe
750 4402 1103 4468 imperatores
1135 4401 1186 4452 in
1239 4401 1447 4468 legibus
1483 4400 1596 4453 suis
1637 4415 1866 4466 compo-

308 4474 499 4527 nendis
534 4471 721 4540 longas
749 4471 1001 4540 periodos
1043 4470 1343 4540 adhibere;
1383 4472 1432 4522 id
1463 4470 1726 4538 majestati
1779 4486 1864 4522 re-

307 4545 406 4612 gia!
435 4539 735 4608 congruere
759 4539 1153 4612 egistitnantes.
1196 4539 1347 4605 Quod
1393 4540 1662 4606 hodieque
1707 4555 1868 4612 reges

309 4608 476 4666 nostri
533 4612 750 4665 iaciunt.
805 4610 971 4664 Paulo
1008 4619 1128 4679 post
1161 4612 1340 4664 scribo
1389 4625 1456 4663 ex
1486 4608 1868 4679 eodequrtce-

310 4684 499 4752 phoro,
531 4692 584 4737 et
605 4697 680 4752 ex
711 4682 866 4752 codd.
900 4678 1152 4752 Medicaeo
1179 4689 1251 4752 _et
1281 4679 1553 4752 Mazarino
1580 4690 1634 4732 et
1659 4678 1792 4734 Fuk.
1817 4690 1871 4732 et

308 4746 476 4877 ξείνη.
500 4793 516 4816 ,
575 4746 656 4816 οἷς
704 4751 773 4804 τὰ
825 4749 1076 4822 λυσιτελῆ
1119 4749 1335 4804 πάντων
1398 4750 1629 4820 μάλιστα
1674 4766 1870 4822 κατορ-

341 4840 513 4877 ουται.

341 4840 513 4879 ουται.

378 4895 488 4964 (70)
521 4893 822 4948 Δοθέντων
851 4890 1221 4964 γραμμάτων.
1286 4889 1540 4964 ltitelligit
1580 4889 1866 4957 epistolam

309 4961 555 5016 suam’ad
591 4965 850 5017 Sabinum
890 4963 1197 5030 pra-lectum
1227 4961 1476 5027 prtetorio
1509 4976 1668 5028 quam
1718 4971 1866 5012 retu-

311 5034 371 5086 lit
399 5035 665 5086 EuSebius
700 5049 862 5102 supra
899 5049 949 5083 ιιι
995 5047 1116 5099 cap.
1140 5031 1210 5102 79.
1248 5031 1384 5102 Eam
1425 5030 1690 5096 superiori
1726 5045 1869 5102 anno

311 5103 636 5158 Maximinus
674 5100 851 5155 datam
899 5116 1018 5155 esse
1049 5101 1218 5165 dicit,
1247 5100 1298 5153 id
1324 5109 1438 5165 est,
1481 5115 1622 5152 anno
1666 5101 1866 5154 Christi

308 5171 432 5237 512,
470 5174 821 5227 Constantino
846 5187 881 5225 ιι
907 5180 960 5225 et
987 5170 1193 5224 Licinio
1218 5184 1254 5224 ιι
1281 5185 1423 5223 coss.
1455 5169 1529 5223 Ex
1560 5185 1666 5238 quo
1688 5171 1868 5237 sequi-

313 5255 417 5308 tur,
467 5253 799 5312 postremmn
849 5248 952 5295 hoc
1008 5242 1240 5295 edictum
1277 5239 1864 5312 Maximini_scriptum

308 5329 429 5368 esse
460 5308 603 5364 anno
625 5313 820 5367 Christi
849 5312 976 5375 513,
1007 5311 1363 5365 Constantino
1391 5327 1448 5364 ιιι
1477 5319 1530 5362 et
1568 5308 1777 5363 Licinio
1805 5325 1864 5363 ιιι

309 5398 453 5436 cuss.
487 5381 655 5436 Porro
697 5384 835 5436 inter
875 5381 1132 5450 epistolas
1163 5389 1217 5434 et
1260 5380 1435 5433 edicta
1479 5381 1864 5450 imperatorum

312 5453 412 5506 hoc
457 5453 780 5521 praecipuum
825 5449 1115 5504 discrimen
1154 5462 1264 5512 est,
1293 5451 1434 5518 quod
1473 5450 1713 5518 epistola:
1742 5449 1864 5518 qui-

313 5526 430 5576 dem
465 5538 655 5574 nomen
682 5536 866 5576 eorum
898 5522 963 5574 ad
995 5534 1129 5588 quos
1179 5523 1357 5574 missa:
1401 5533 1526 5573 sunt
1567 5521 1864 5587 ascriptum

315 5594 548 5660 habent;
578 5604 698 5645 eum
727 5593 902 5645 edicta
935 5606 1122 5660 omnes
1149 5590 1473 5660 generaliter
1498 5591 1861 5657 alloquuntur.

313 5659 377 5714 Et
408 5662 581 5715 edicta
630 5661 845 5729 quidem
908 5659 1121 5728 publice
1165 5659 1566 5728 proponuntur.
1612 5661 1864 5729 Epistula:

311 5745 437 5783 vero
461 5731 765 5784 ollernntur
790 5732 867 5785 eis
901 5731 966 5782 ad
1009 5744 1143 5797 quos
1178 5733 1354 5784 missa:
1385 5739 1540 5793 sunt,
1582 5740 1639 5783 ut
1671 5730 1864 5796 legitur

312 5800 365 5854 in
395 5800 568 5858 Gestis
591 5801 918 5872 purgationis
941 5799 1214 5856 Caeciliani
1249 5814 1368 5870 pag.
1397 5799 1489 5869 28,
1513 5815 1607 5855 nec
1635 5801 1860 5870 proponi

1903 4511 1946 4564 D

2003 1922 2211 1979 haarcre
2246 1926 2371 1980 huic
2400 1937 2582 1991 sectze,
2611 1938 2664 1980 et
2687 1931 2964 1999 religionis
3005 1934 3148 1988 illius
3175 1934 3575 1993 obserVantiam

2001 2015 2156 2084 sequi
2188 2017 2368 2081 vellet,
2405 2018 2453 2071 ei
2483 2018 2675 2073 liceret
2707 2022 2914 2090 absque
2949 2023 3057 2075 ullo
3102 2025 3489 2095 impedimento
3520 2030 3572 2083 in

2000 2104 2278 2174 proposito
2306 2122 2405 2160 suo
2432 2123 2773 2174 permanere,
2809 2127 2907 2165 nec
2956 2113 3097 2168 ullus
3125 2129 3248 2169 eum
3311 2118 3575 2187 impedire

1998 2208 2092 2251 aut
2132 2198 2418 2267 prohibere
2469 2201 2734 2268 auderet;
2787 2206 2881 2258 sed
2926 2214 2980 2258 nt
3014 2207 3243 2276 quisque
3295 2224 3483 2263 eorum
3520 2211 3570 2264 id

1998 2291 2140 2361 quod
2172 2291 2272 2344 sibi
2325 2291 2534 2346 libitum
2581 2306 2756 2357 esset,
2807 2296 2924 2349 sine
2965 2297 3072 2352 ullo
3104 2310 3250 2353 metu
3299 2316 3360 2355 ac
3396 2304 3573 2373 suspi-

1998 2380 2156 2434 cione
2208 2383 2403 2449 agendi
2453 2383 2727 2438 licentiam
2766 2385 3016 2441 haberet.
3072 2388 3266 2442 Verum
3319 2407 3390 2446 ne
3427 2409 3571 2449 nunc

1995 2472 2212 2540 quidem
2246 2471 2414 2527 latere
2446 2489 2546 2528 nos
2591 2476 2796 2544 potuit,
2858 2479 3121 2545 quosdam
3184 2496 3248 2533 ex
3291 2481 3570 2550 iudicibus

1994 2567 2263 2626 praacepta
2303 2570 2488 2614 nostra
2540 2562 2718 2616 minus
2771 2575 2920 2619 recte
2983 2567 3362 2636 intellexisse,
3421 2582 3476 2625 et
3513 2573 3568 2628 in

1993 2664 2153 2704 causa
2181 2651 2346 2706 fuisse
2393 2663 2448 2707 ut
2485 2655 2685 2708 sudditi
2742 2657 2913 2710 nostri
2966 2657 3304 2726 jnssionibus
3364 2667 3569 2721 nostris

1992 2740 2320 2805 difﬁderent,
2355 2752 2411 2797 et
2449 2745 2513 2797 ad
2547 2745 2746 2798 cultum
2777 2747 3052 2817 religionis
3086 2750 3229 2804 illius
3261 2768 3423 2821 quam
3454 2771 3564 2810 ma-

1989 2836 2136 2890 xime
2175 2838 2474 2905 probabant
2519 2841 2867 2896 cunctantius
2909 2847 3253 2898 accederent.
3285 2848 3452 2916 igitur
3507 2859 3566 2904 ut

1989 2929 2164 2982 omnis
2191 2930 2241 2983 in
2269 2941 2541 2999 posterum
2560 2934 2795 3001 suspicio
2815 2945 2988 2990 metus
3009 2946 3063 2990 et
3092 2937 3422 3007 ambiguitas
3455 2941 3564 2998 adi-

1990 3029 2188 3088 matur,
2247 3022 2350 3076 hoc
2380 3024 2616 3077 edictum
2647 3027 2876 3096 proponi
2901 3030 3213 3092 statuimus,
3239 3047 3347 3100 quo
3378 3035 3559 3087 cuncti

1990 3110 2296 3181 intelligant
2321 3113 2387 3167 i'is
2410 3116 2500 3182 qui
2531 3115 2670 3168 hanc
2705 3127 2908 3170 sectam
2949 3126 3003 3171 et
3049 3119 3370 3187 religionem
3405 3123 3558 3191 sequi

1988 3203 2199 3271 volunt,
2225 3219 2289 3257 ex
2316 3204 2416 3258 hac
2447 3206 2774 3275 indulgentia
2806 3209 3107 3278 maiestatis
3137 3220 3338 3266 nostrae.
3369 3212 3558 3280 licere,

1983 3297 2364 3366 proutcuique
2396 3296 2607 3350 libitum
2659 3309 2753 3350 aut
2796 3311 3076 3369 acceptum
3108 3301 3296 3367 fuerit,
3332 3305 3397 3356 ad
3437 3319 3556 3357 eam

1984 3388 2298 3457 religionem
2323 3389 2409 3442 cui
2443 3405 2508 3442 ex
2548 3405 2699 3443 more
2734 3391 2939 3445 servire
2964 3393 3554 3450 eonstituitcolendam

1982 3481 2260 3533 accedere.
2317 3478 2422 3532 Sed
2477 3488 2530 3534 et
2559 3478 2838 3536 Dominica
2902 3499 2997 3536 sua
3060 3485 3190 3552 ipsis
3245 3486 3559 3541 instaurare

1988 3575 2323 3628 Conceditur.
2359 3571 2626 3626 Caeterum
2683 3583 2741 3627 ut
2785 3575 3115 3644 indulgentia
3172 3587 3358 3632 nostra
3392 3579 3559 3646 proli-

1987 3666 2109 3717 xior
2142 3672 2424 3730 appareat,
2469 3660 2596 3716 illud
2628 3663 2790 3718 etiam
2823 3666 3038 3719 sancire
3065 3665 3370 3733 voluimus;
3405 3677 3460 3722 ut
3510 3668 3554 3722 si

1982 3769 2102 3824 qua:
2135 3756 2326 3808 domus
2363 3763 2455 3806 ant
2513 3753 2632 3808 loca
2691 3753 2758 3806 ad
2810 3754 2900 3824 jus
2945 3756 3375 3811 Christianorum
3406 3769 3556 3814 ante-

1981 3847 2084 3902 hac
2128 3846 2487 3916 pertinentia,
2543 3862 2610 3901 ex
2658 3847 2903 3918 jussione
2953 3849 3198 3900 divorum
3271 3857 3552 3918 parentum

1979 3939 2138 4011 365
2173 3948 2482 3994 nostrorum
2514 3939 2581 3993 ad
2608 3939 2697 4006 jus
2727 3938 2843 3992 [lsei
2874 3939 3125 3994 devoluta
3168 3940 3294 4004 sint,
3348 3951 3438 3993 aut
3486 3943 3554 3994 ab

1980 4033 2161 4103 aliqua
2206 4032 2428 4086 civitate
2475 4041 2758 4101 occupata,
2817 4040 2914 4086 aut
2967 4042 3114 4085 certe
3161 4033 3398 4093 vendita,
3461 4041 3554 4085 aut

1975 4189 2169 4249 solent,
2201 4186 2302 4241 nisi
2333 4187 2656 4240 nominatim
2685 4186 2928 4241 additum
2966 4185 3036 4239 sit
3063 4188 3114 4240 in
3158 4186 3266 4240 line
3285 4186 3550 4255 epistolae,

1980 4277 1998 4308 ι
2039 4271 2392 4327 proponatur.
2434 4276 2453 4308 ι
2504 4257 2749 4324 Denique
2784 4257 2833 4310 in
2864 4259 3106 4327 epistolis
3131 4274 3322 4310 nomen
3354 4261 3554 4327 dunta-

1976 4326 2066 4381 xat
2102 4329 2443 4395 imperatoris
2480 4344 2602 4380 cum
2639 4326 2980 4395 paucissimis
3017 4328 3184 4379 titulis
3231 4326 3544 4396 praefigitur.

1972 4397 2029 4451 In
2056 4399 2246 4453 edictis
2279 4413 2406 4451 vero
2434 4413 2622 4452 omnes
2656 4398 2817 4459 tituli,
2846 4399 2992 4452 nullo
3011 4399 3232 4462 omisso,
3263 4397 3551 4466 diligenter

1970 4477 2025 4521 et
2059 4469 2346 4522 ambitiose
2375 4480 2671 4536 ponuntur.

2045 4539 2158 4610 (7t)
2197 4537 2280 4603 Τῷ
2309 4538 2553 4603 τοιούτῳ
2594 4537 2735 4591 ἔθει.
2793 4538 3019 4610 Ruﬁnus
3061 4536 3188 4610 legit
3216 4536 3374 4610 έθνει
3400 4577 3416 4601 ,
3471 4537 3551 4610 sic

1969 4608 2111 4662 etiiin
2147 4611 2328 4669 vertit,
2363 4629 2380 4658 ι
2423 4619 2476 4660 ιιι
2507 4611 2548 4661 si
2591 4625 2710 4677 quis
2757 4609 2914 4660 vellet.
2943 4609 3088 4674 genti
3140 4608 3261 4658 huic
3293 4608 3372 4660 vel
3424 4608 3549 4660 reli-

1971 4679 2437 4747 gioniadlnerere.
2470 4696 2490 4728 ι
2531 4677 2661 4732 Vide
2697 4694 2815 4745 quze
2839 4694 2998 4744 Supra
3031 4679 3207 4730 notavi
3241 4677 3305 4729 ad
3336 4692 3456 4746 cap.
3491 4678 3525 4731 9

2041 4749 2155 4820 (Ἱῖ)
2182 4749 2731 4816 Παοοενεθυμοῦντο.
2762 4747 2976 4820 Longus
3010 4747 3174 4820 vertit
3207 4766 3225 4797 ι
3275 4749 3413 4799 male
3451 4762 3546 4820 ac.-

1969 4814 2231 4886 ccpissen
2269 4814 2416 4888 quod
2455 4814 2706 4886 equidem
2733 4814 3094 4887 valde'proho.
3129 4814 3520 4887 Νιιιιιπαρενθυ

1974 4889 2194 4960 μεῖσθαι
2240 4891 2459 4959 proprie
2509 4891 2780 4956 signiticat
2819 4889 2977 4960 __male
3039 4890 3409 4960 niterpretart.
3475 4889 3546 4939 At

1969 4957 2262 5020 Musculus,
2295 4974 2526 5027 etttnque
2564 4969 2780 5012 secutus
2809 4957 3337 5024 ChristophorStmus
3369 4968 3545 5027 verti--

1969 5040 2093 5082 runt
2122 5030 2391 5095 negligere
2417 5024 2562 5095 {pro
2599 5029 2767 5081 nihilo
2799 5030 2997 5081 habere
3019 5066 3032 5088 ,
3073 5028 3248 5079 minus
3281 5037 3446 5080 recte.
3486 5024 3544 5078 ln

1969 5100 2154 5153 codice
2187 5098 2321 5151 l'uk.
2369 5108 2422 5152 et
2462 5099 2625 5150 Savil.
2685 5097 2879 5165 legitur
2923 5101 3052 5167 παρ’
3089 5096 3239 5149 οὐδὲν
3286 5095 3526 5149 ἐτίθεντο

1969 5169 2121 5233 Quod
2172 5171 2383 5222 videtur
2436 5168 2632 5221 scholii
2685 5173 2804 5221 vice
2872 5171 2934 5220 ad
2992 5171 3288 5234 marginem
3367 5167 3544 5236 primo

1969 5241 2287 5306 ascriptum,
2316 5247 2504 5306 postea
2537 5238 2587 5291 in
2627 5247 2829 5290 textum
2866 5239 3171 5305 irrepsisse.

2040 5305 2152 5390 (7_3)
2193 5305 2716 5390 1414?.t601t'acmt05
2755 5309 2964 5376 φόϐου.
2998 5307 3358 5362 Scribendum
3392 5305 3542 5359 vide-

1966 5377 2058 5432 tur
2080 5377 2406 5449 ἀμφιϐολίας
2434 5395 2492 5431 τε
2522 5377 2703 5449 φόὸοςῌ.

2039 5444 2150 5521 (75)
2175 5444 2246 5521 ᾚ
2290 5449 2430 5502 δέον
2478 5444 2638 5521 αὐτῷ
2669 5447 2858 5501 ἐστιν.
2890 5447 3062 5521 -Ἡδέα
3111 5446 3310 5521 [legius
3349 5444 3531 5521 codex.

1967 5514 2073 5573 Sed
2105 5514 2156 5573 in
2183 5519 2441 5574 Medioneo
2473 5534 2536 5572 ac
2578 5517 2856 5572 Malui-ine
2889 5519 3083 5583 legitur
3118 5518 3151 5582 ἢ
3202 5517 3338 5570 δέον.
3384 5514 3540 5568 Nice-

1966 5591 2170 5660 βιώτω
2221 5605 2350 5644 vero
2393 5590 2556 5643 habet
2605 5589 2638 5660 ἢ
2688 5589 2785 5660 ἡδὺ
2830 5589 2977 5660 αύτῷ
3007 5590 3190 5660 ἐστιν,
3239 5600 3344 5638 ιιοιι
3380 5586 3538 5660 male.

1969 5655 2155 5712 Ἥδιον
2185 5672 2360 5712 tamen
2392 5655 2638 5712 mallem.
2672 5655 2803 5714 Cum
2839 5655 3140 5726 Nicephoro
3191 5655 3540 5710 consentiunt

1964 5732 2122 5786 codd.
2157 5728 2272 5785 Fuit
2325 5739 2378 5784 et
2404 5728 2570 5784 Savil.
