4132 6406
627 315 733 373 835

1334 272 1604 370 Ευεεοιι
1641 303 2122 368 οΑεεΑιιιεΝειε
2160 305 2312 362 ora.
2353 301 2534 359 mas
2570 299 2612 356 ι.
2651 330 2722 341 -
2767 289 3157 356 msromca.

3883 287 3983 340 858

627 429 792 510 alicui
822 429 964 484 dono
994 427 1160 492 data;
1191 437 1389 483 cuncta
1425 428 1491 482 ad
1519 397 1810 499 pristinum
1840 425 1926 490 ius
1949 439 2013 480 ac
2045 422 2212 479 domi-

2333 418 2539 489 {éV‘Q‘tdt
2566 419 2600 488 ἡ
2622 415 2867 488 ἡμετέρα
2887 413 3088 487 δωρεὰ,
3107 414 3200 468 καὶ
3226 411 3415 467 τοῦτο
3442 402 3858 510 νομοθετῇςὶαι
3891 423 3982 460 καθ

629 523 780 578 nium
817 519 1259 576 Christianorum
1284 529 1630 587 revocentur,
1661 519 1848 574 uthac
1878 518 2043 573 etiam
2075 519 2128 571 in
2155 530 2215 571 re

629 616 889 686 pietatem
943 629 1008 670 ac
1037 612 1437 684 providentiam
1479 620 1724 667 nostram
1764 609 1951 667 cuncti
2001 609 2216 678 possint

634 717 953 772 agnoscere.
999 720 1017 753 ι
1053 700 1179 756 Haec
1235 707 1362 755 sunt
1409 701 1624 771 tyranni
1678 701 1869 766 verba,
1925 715 2046 770 quae
2093 707 2218 770 post

634 793 814 847 edicta
852 792 942 844 illa
973 791 1245 846 adversus
1274 780 1618 846 Christianos
1645 791 1697 845 in
1724 791 1882 845 aareis
1919 791 2120 846 tabulis
2147 791 2216 844 ab

635 884 757 952 ipso
792 883 1092 954 proposita,
1127 883 1363 938 nondum
1403 896 1544 938 anno
1594 883 1812 954 penitus
1845 894 2040 938 exacto
2086 884 2217 938 sub-

636 988 823 1030 secuta
865 986 1013 1029 sunt.
1045 975 1112 1029 Et
1141 975 1233 1042 qui
1264 969 1422 1043 paulo
1445 987 1604 1031 antea
1637 992 1734 1030 nos
1765 975 2024 1044 profanos
2054 987 2220 1044 atque

636 1066 835 1134 impios
866 1077 920 1118 et
958 1064 1011 1118 in
1046 1065 1341 1134 perniciem
1373 1065 1592 1135 generis
1632 1066 1857 1120 humani
1897 1076 2053 1121 natos
2100 1081 2221 1120 esse

639 1167 950 1221 censuerat,
981 1157 1116 1211 adeo
1150 1166 1338 1210 utnon
1381 1157 1540 1211 modo
1590 1159 1776 1220 urbes,
1807 1158 1903 1212 sed
1960 1174 2029 1213 ne
2060 1173 2222 1228 agros

639 1249 858 1318 quidem
907 1260 961 1302 et
1006 1242 1328 1304 solitudines
1379 1248 1623 1302 incolere
1673 1248 2011 1310 sinerentur;
2048 1250 2115 1301 ab
2155 1264 2222 1303 eo

641 1339 1058 1395 constitutiones
1087 1351 1141 1396 et
1194 1339 1341 1408 leges
1391 1355 1488 1410 pro
1519 1340 1847 1394 Christianis
1888 1341 2216 1396 edebantur.

644 1433 708 1485 Et
730 1432 819 1501 qui
855 1447 1025 1501 nuper
1060 1443 1186 1485 ante
1220 1431 1389 1502 ipsius
1422 1431 1639 1501 tyranni
1688 1431 1873 1485 oculos
1899 1429 2130 1485 flammis
2159 1446 2223 1485 ac

643 1525 811 1587 ferro,
836 1535 889 1578 et
914 1523 1208 1578 bestiarqu
1270 1539 1332 1578 ac
1380 1524 1660 1578 volucrum
1708 1523 1908 1577 laniatu
1972 1523 2225 1577 absume-

643 1619 864 1680 bantur,
899 1628 1202 1686 cunctaque
1231 1631 1514 1688 poenarum
1543 1626 1598 1670 et
1630 1616 1820 1670 mortis
1849 1631 2047 1686 genera
2079 1615 2224 1671 velut

645 1709 794 1778 impii
827 1718 880 1764 et
907 1709 1186 1775 religionis
1241 1710 1420 1763 omnis
1447 1717 1703 1778 expertes
1753 1707 2116 1762 miserabilem
2166 1708 2221 1761 in

2310 508 2683 581 τηξιώσαμεν,
2711 508 2777 560 ἵν’
2809 506 2866 560 εῐ
2882 523 3028 569 τινες
3053 506 3221 559 οἰκίαι
3250 505 3358 558 καὶ
3392 498 3612 572 χωρία
3635 496 3745 548 τοῦ
3776 491 3983 550 δικαίου

2312 605 2420 658 τῶν
2450 601 2792 676 Χριστιανῶν
2836 600 2943 673 πρὸ
2986 599 3176 653 τούτου
3209 597 3567 667 ἐτύγχανον
3595 590 3769 652 ὄντα,
3800 590 3868 643 ὲκ
3894 591 3985 663 τῆς

2315 692 2618 758 κελεύσεως
2650 692 2757 746 τῶν
2786 691 2988 761 γονέων
3023 690 3134 742 τῶν
3168 688 3497 761 ἡμετέρων
3539 685 3635 745 εἰς
3676 682 3747 734 τὸ
3782 682 3984 736 δίκαιον

2321 787 2584 858 μετέπεσε
2609 785 2703 838 τοῦ
2733 785 2952 854 φίσκου,
2977 782 3010 854 ἢ
3035 782 3140 835 ὑπό
3171 799 3314 844 τινος
3343 773 3730 847 κατελήφθη
3760 773 3981 837 πόλεως,

2317 878 2428 930 εἴτε
2468 877 2761 949 διάπρασις
2791 875 2996 940 τούτων
3027 874 3359 945 γεγένηται,
3408 869 3548 923 εἴτε
3605 869 3700 929 εἰς
3746 867 3979 936 χάρισμα

2317 970 2523 1023 δέδοταί
2554 969 2664 1040 (75)
2689 986 2816 1034 τινι,
2839 967 3009 1020 ταῦτα
3039 968 3216 1019 πάντα
3245 967 3323 1028 εἰς
3364 963 3444 1016 τὸ
3476 962 3750 1032 ἀρχαῖον
3785 957 3985 1012 δίκαιον

2319 1065 2426 1118 τῶν
2461 1061 2801 1135 Χριστιανῶν
2847 1059 3214 1131 ἀνακληθῆναι
3249 1055 3684 1124 ἐκελεύσαμεν
3709 1093 3726 1115 ,
3767 1054 3859 1105 ἴνα
3901 1055 3985 1106 καὶ

2321 1156 2378 1208 έν
2415 1152 2589 1223 τούτῳ
2626 1151 2726 1220 τῆς
2772 1151 3046 1222 ἡμετέρας
3081 1147 3366 1211 εὐσεϐείας
3410 1146 3533 1198 καὶ⁵
3576 1142 3696 1212 τῆς
3731 1143 3984 1212 προνοίας

2321 1245 2571 1316 αἴσθησιν
2604 1244 2803 1306 πάντες
2835 1241 3091 1295 λάϐωσιν.
3131 1260 3150 1291 ι
3184 1235 3350 1293 Αὖται
3391 1236 3513 1292 τοῦ
3555 1236 3857 1306 τυράννου
3884 1254 3980 1305 φω-

2321 1343 2432 1407 ναὶ,
2457 1339 2565 1393 οὐδ’
2592 1338 2711 1391 ὅλον
2745 1336 2988 1389 ἐνιαυτὸν
3018 1333 3125 1388 τῶν
3156 1331 3297 1386 κατὰ
3327 1328 3747 1403 Χριστιανῶν
3779 1331 3839 1380 ὲν
3867 1331 3981 1398 στή-

2321 1435 2439 1497 λαις
2470 1429 2899 1500 ἀνατεθειμένων
2934 1427 3081 1498 αὑτῷ
3109 1425 3532 1494 διαταγμάτων
3585 1420 3974 1493 ὑστερίσασαι.

2322 1524 2433 1577 Καὶ
2464 1522 2592 1592 παρ’
2624 1513 2668 1587 ᾧ
2704 1537 2767 1588 γε
2812 1516 2991 1590 μικρῴ
3039 1515 3272 1589 πρόσθεν
3305 1512 3641 1574 δυσσεϐεῖς
3688 1510 3975 1581 ἐδοκοῦμεν

2323 1617 2419 1670 καὶ
2446 1613 2595 1668 ἄθεοι
2625 1614 2721 1665 καὶ
2749 1612 2949 1674 παντὸς
2983 1609 3194 1680 ὄλεθροι
3222 1609 3315 1662 τοῦ
3345 1608 3510 1679 βίου,
3549 1604 3643 1666 ὡς
3680 1602 3764 1674 μὴ
3803 1603 3884 1655 ὅτι
3917 1620 3970 1672 γε

2325 1707 2502 1770 πόλιν,
2526 1703 2640 1758 ἀλλ’
2664 1704 2784 1757 οὑδὲ
2816 1701 2997 1774 χώραν
3022 1703 3130 1756 οὐδ’
3159 1702 3396 1776 ἐρημίαν
3437 1701 3646 1751 οἰκεῖν
3685 1696 3971 1764 ἐπιτρέπει

645 1807 861 1855 modum
888 1801 1249 1881 sustinebant,
1290 1801 1450 1854 iidem
1485 1815 1627 1852 nunc
1665 1806 1720 1852 et
1772 1797 2093 1867 religionem
2126 1812 2222 1852 co-

2333 1802 2476 1862 σθαι,
2500 1799 2648 1871 παρὰ
2676 1797 2847 1866 τούτῳ
2871 1796 3143 1861 διατάξεις
3172 1797 3310 1868 ὑπὲρ
3335 1789 3740 1866 Χριστιανῶν
3773 1791 3865 1842 καὶ
3893 1808 3964 1841 va-

670 1888 777 1939 lere
806 1885 1086 1949 dicuntur,
1121 1893 1173 1939 et
1206 1884 1515 1940 instaurare
1556 1886 1839 1942 Dominica
1885 1902 1985 1943 sua
2037 1885 2232 1942 sinun-

668 1984 757 2028 tur
784 1995 796 2030 :
831 1977 964 2044 quin
988 1984 1040 2030 ct
1068 1975 1193 2044 jura
1219 1977 1465 2045 quaedam
1492 1978 1626 2047 ipsis
1657 1987 1961 2048 competere
1984 1978 2124 2032 idem
2152 1985 2235 2048 ty-

668 2081 878 2121 rannus
927 2074 1160 2121 testatur
1211 2067 1534 2139 fateturque.
1585 2069 1711 2126 Hmc
1764 2072 1930 2142 igitur
1975 2088 2098 2128 cum
2146 2071 2236 2127 ille

667 2157 956 2212 confessus
993 2157 1209 2224 fuisset,
1247 2161 1402 2228 quasi
1433 2162 1664 2230 quodam
1689 2171 1912 2232 accepto
1933 2163 2231 2225 beneﬁcio;

667 2249 738 2303 ob
787 2265 905 2303 eam
957 2249 1131 2319 ipsam
1184 2265 1408 2305 causam
1461 2254 1674 2309 mitiore
1725 2270 1888 2324 quam
1927 2255 2237 2309 merebatur

669 2355 829 2408 poena
867 2340 1114 2403 aﬂ‘eetus,
1157 2344 1435 2411 repentina
1471 2359 1501 2397 a
1537 2345 1644 2399 Deo
1671 2360 1968 2414 percussus
1997 2347 2150 2416 plaga
2180 2345 2236 2400 in

667 2432 910 2486 secundo
956 2435 1140 2502 praelio
1189 2444 1418 2488 mortem
1453 2438 1698 2505 oppetiit.
1741 2435 1911 2491 Porro
1953 2453 2062 2491 non
2111 2438 2237 2492 talis

666 2523 847 2577 exitus
876 2524 999 2578 vitae
1027 2525 1073 2580 ei
1112 2527 1358 2595 contigit,
1391 2529 1570 2596 qualis
1603 2529 1834 2585 ducibus
1866 2537 2029 2599 atque
2062 2531 2230 2599 impe-

665 2616 939 2672 ratoribus
975 2618 1293 2686 contingere
1334 2619 1492 2684 solet,
1553 2621 1646 2690 qui
1688 2636 1788 2690 pro
1827 2621 1999 2691 gloria
2041 2628 2094 2674 et
2138 2637 2237 2690 pro

667 2708 814 2762 notis
840 2722 904 2762 ac
935 2707 1296 2764 familiaribus
1337 2709 1550 2779 fortiter
1585 2710 1910 2766 dimicantes
1944 2711 2234 2781 gloriosam

668 2808 898 2854 mortem
948 2802 1221 2855 constanti
1270 2803 1451 2856 animo
1502 2804 1804 2857 subierunt.
1851 2803 2052 2858 Verum
2109 2819 2234 2859 cum

669 2892 946 2945 exercitus
971 2891 1145 2961 ipsius
1175 2893 1290 2946 acie
1307 2892 1418 2962 jam
1449 2895 1717 2947 instructa
1748 2900 1918 2948 staret
1944 2894 1998 2947 in
2021 2909 2234 2964 campo,

667 2979 786 3050 ipse
820 2981 967 3035 domi
1005 2981 1200 3038 sedens
1239 2998 1303 3037 ac
1344 2999 1465 3039 sese
1502 2986 1808 3048 occultans,
1842 2984 2024 3040 subito
2051 2993 2239 3056 utpote

667 3071 866 3142 impius
890 3072 1091 3144 Deique
1121 3073 1295 3129 hostis
1319 3075 1519 3130 inﬂicta
1549 3076 1767 3132 coalitus
1794 3076 1951 3147 plaga
1982 3085 2095 3132 toto
2118 3091 2234 3132 cor-

667 3181 799 3236 pore
841 3182 1156 3236 percussus,
1207 3167 1414 3224 debitas
1463 3184 1655 3239 poenas
1698 3169 1975 3239 persolvit.
2024 3167 2236 3240 Quippe

665 3259 1004 3328 gravissimis
1033 3259 1311 3314 doloribus
1345 3262 1740 3331 tormentisque
1757 3261 2080 3332 exagitatus,
2106 3277 2234 3330 pro-

666 3363 772 3402 nus
797 3347 946 3402 humi
969 3348 1352 3417 volutabatur;
1386 3351 1566 3406 inedia
1598 3351 2024 3418 contabescens;
2049 3347 2233 3407 carni-

663 3439 770 3494 bus
803 3441 1016 3494 occulto
1043 3439 1278 3510 quodam
1317 3451 1371 3496 et
1403 3441 1662 3498 divinitus
1689 3443 1935 3498 immisso
1961 3440 2085 3512 igne
2112 3443 2227 3496 col-

661 3529 1102 3600 liquescentibus.
1169 3535 1321 3589 Adeo
1389 3545 1450 3590 ut
1500 3552 1622 3590 cum
1684 3537 1790 3592 illa:
1849 3535 1961 3606 jam
2025 3539 2240 3608 penitus

639 3619 1048 3688 ,diﬂluxissent,
1080 3626 1327 3695 pristina:
1367 3628 1586 3696 quidem
1610 3629 1798 3685 formae
1825 3629 2035 3700 species
2062 3632 2240 3687 omnis

663 3716 718 3771 in
753 3715 845 3770 illo
870 3716 1218 3788 aboleretur;
1269 3719 1544 3775 aridorum
1578 3730 1757 3776 autem
1808 3724 2012 3780 ossium
2062 3727 2239 3796 quod-

663 3809 787 3861 dam
819 3811 970 3878 quasi
1006 3811 1356 3867 simulacrum
1378 3812 1538 3884 lougo
1570 3815 1830 3885 temporis
1865 3827 2038 3872 tractu
2062 3817 2242 3874 exsic-

662 3911 842 3956 catum
874 3903 1138 3958 duntaxat
1167 3917 1496 3962 remaneret.
1531 3909 1719 3977 Itaque
1750 3925 1940 3964 omnes
1982 3911 2072 3979 qui
2113 3912 2242 3967 ade-

663 4001 806 4058 rant,
828 4007 1026 4064 corpus
1055 3994 1195 4049 illius
1229 3995 1362 4049 nihil
1397 3994 1540 4049 aliud
1567 4009 1687 4051 esse
1709 3996 2046 4067 judicabant,
2078 4014 2239 4069 quam

662 4084 967 4152 sepulcrum
1009 4087 1221 4150 animae,
1257 4087 1311 4141 in
1343 4097 1556 4142 mortuo
1588 4091 1699 4157 jam
1737 4105 1801 4144 ac
1822 4088 2096 4144 tabefacto
2123 4105 2242 4145 cor-

664 4193 796 4247 pore
820 4178 1065 4233 defossaa.
1094 4179 1258 4250 366
1285 4179 1530 4250 Cumque
1572 4183 1754 4236 acrius
1783 4183 1960 4236 adhuc
1991 4193 2046 4235 et
2075 4183 2242 4236 vehe-

665 4269 901 4321 mentius
933 4268 1001 4322 ab
1044 4269 1252 4322 intimis
1287 4284 1458 4337 usque
1493 4269 1736 4324 medullis
1768 4285 1889 4324 eum
1943 4271 2242 4325 inflamma-

666 4360 740 4414 tio
771 4368 1019 4425 torreret,
1081 4359 1222 4414 oculi
1270 4361 1485 4428 quidem
1542 4363 1641 4432 ipsi
1683 4363 2018 4429 exsilierunt,
2070 4375 2124 4419 et
2175 4380 2240 4420 ex

665 4453 898 4522 propriis
954 4452 1175 4508 sedibus
1232 4453 1426 4519 avulsi,
1477 4469 1679 4509 cmcum
1729 4470 1854 4509 eum
1881 4455 2234 4524 reliquerunt.

2345 1880 2592 1952 μοθεσιαι
2629 1881 3027 1942 συνετάττοντο,
3058 1878 3152 1932 καὶ
3181 1879 3229 1930 οἱ
3262 1877 3366 1946 πρὸ
3399 1877 3682 1948 βραχέος
3716 1877 3855 1946 πυρὶ
3880 1874 3960 1928 καὶ

2342 1972 2563 2042 σιδήρῳ,
2614 1969 2816 2041 θηρίων
2853 1986 2912 2022 τε
2942 1969 3036 2023 καὶ
3072 1967 3275 2021 οἰωνῶν
3312 1968 3454 2039 βορᾷ
3495 1967 3627 2037 πρὸ
3668 1965 3956 2036 ὀφθαλμῶν

2339 2062 2504 2116 αὑτοῦ
2540 2061 2632 2114 τοῦ
2675 2061 2938 2129 τυράννου
2981 2061 3438 2132 διαφθειρόμενοι,
3498 2060 3616 2114 καὶ
3669 2062 3787 2112 πᾶν
3829 2055 3952 2122 εἶδος

2341 2151 2614 2216 κολάσεως
2649 2141 2744 2204 καὶ
2781 2151 3068 2222 τιμωρίας,
3100 2152 3418 2221 ἀπαλλαγῆς
3452 2169 3523 2204 τε
3571 2149 3709 2220 βίου
3752 2151 3952 2220 οἰκτρό-

2339 2259 2497 2306 τατα,
2520 2241 2594 2304 ὡς
2624 2241 2690 2295 ἂν
2711 2231 2856 2295 ἄθεοι
2885 2242 2979 2294 καὶ
3011 2243 3308 2308 δυσσεϐεῖς,
3343 2242 3780 2312 ὑπομένοντες,
3816 2238 3945 2293 οὗτοι

2339 2337 2432 2391 νῦν
2477 2329 2612 2409 πρδς
2659 2336 2822 2391 αὑτοῦ
2861 2338 2952 2390 καὶ
2996 2329 3316 2409 θρησκεύειν
3355 2336 3792 2408 ὁμολογοῦνται
3831 2335 3947 2405 θρη-

2341 2429 2548 2495 σκείαν,
2580 2430 2674 2482 καὶ
2703 2428 3084 2492 ἐπισκευάζειν
3114 2429 3366 2500 Κυριακά
3387 2428 3838 2500 ἐπιτρέποντας,
3860 2427 3942 2478 καὶ

2338 2521 2560 2575 δικαίων
2579 2521 2739 2574 τινῶν
2761 2521 2943 2586 αὑτοῖς
2970 2523 3229 2592 μετεῖναι,
3253 2510 3416 2585 αὑτδς
3438 2517 3470 2575 ὁ
3497 2521 3791 2590 τύραννος
3818 2535 3941 2588 μαρ-

2338 2616 2493 2684 τυρεῖ
2530 2614 2624 2667 καὶ
2657 2615 2926 2684 ὁμολογεῖ.
2968 2604 3076 2667 Καὶ
3100 2613 3162 2686 δὴ
3189 2613 3411 2668 τοιαῦτα
3437 2612 3936 2684 ἐξομολογησάμε-

2339 2722 2448 2771 νος,
2473 2705 2659 2777 ὥσπερ
2688 2707 2832 2769 τινὸς
2860 2705 3037 2776 τυχὼν
3059 2707 3395 2777 εὐεργεσίας,
3419 2707 3656 2760 τούτων
3679 2705 3749 2774 δὴ
3771 2704 3938 2756 αὑτῶν

2340 2777 2522 2860 ἕνεκα,
2567 2792 2728 2868 ἦττον
2846 2799 3035 2852 παθεῖν
3075 2799 3237 2852 αὑτὸν
3278 2799 3443 2870 ἐχρῆν
3490 2799 3688 2868 δήπου
3733 2796 3929 2856 παθὼν,

2340 2885 2512 2960 ἁθρόα
2545 2889 2681 2942 Θεοῦ
2712 2891 2939 2961 πληγεὶς
2981 2891 3224 2961 μάστιγι,
3261 2892 3319 2944 ἐν
3350 2890 3598 2963 δευτέρᾳ
3633 2889 3737 2941 τοῦ

2345 2991 2444 3052 μου
2479 2982 2720 3055 συμϐολῇ
2757 2983 3144 3056 καταστρέφει.
3187 2983 3402 3036 Γίνεται
3438 2983 3485 3036 δ’
3525 2981 3694 3052 αὑτῷ
3734 2979 3803 3034 τά
3837 2979 3925 3047 τῆς

2341 3075 2724 3145 καταστροφῆς
2752 3075 2851 3146 οὑχ
2886 3071 2972 3128 οἷα
3012 3079 3333 3148 στρατηγοῖς
3370 3075 3772 3146 πολεμάρχαις
3802 3072 3924 3141 (³76)‹

2343 3165 2482 3237 ὑπὲρ
2521 3166 2722 3238 ἀρετῆς
2760 3168 2854 3220 καὶ
2894 3167 3182 3239 γνωρίμων
3217 3167 3472 3232 πολλάκις
3510 3164 3921 3238 ἀνδριζομένοις

2339 3258 2398 3310 ἐν
2432 3256 2675 3329 πολέμῳ,
2698 3257 2795 3330 τὴν
2815 3251 3008 3330 εὐκλεῆ
3033 3258 3283 3332 τελευτὴν
3313 3260 3607 3331 εὐθαρσῶς
3637 3258 3920 3326 ὑπομεῖναι

2341 3348 2559 3421 συνέϐη,
2581 3348 2715 3405 ἀλλὰ
2743 3349 2852 3422 γάρ
2879 3351 2972 3404 ᾶτε
2993 3368 3076 3415 τις
3099 3351 3363 3424 δυσσεϐὴς
3386 3353 3480 3405 καὶ
3507 3351 3810 3421 Θεομάχος,
3831 3349 3917 3416 τῆς

2336 3441 2690 3514 παρατάξεως
2715 3441 2789 3494 ἐτ’
2821 3441 2969 3512 αὐτῷ
3002 3442 3107 3513 πρὸ
3143 3441 3235 3495 τοῦ
3288 3441 3468 3498 πεδίου
3493 3443 3613 3514 (77)
3653 3439 3914 3494 συνεστώ-

2341 3563 2461 3617 σης,
2478 3545 2616 3599 οἴκοι
2645 3544 2819 3616 μένων
2844 3541 3004 3606 αὑτὸς
3025 3543 3118 3596 καὶ
3143 3539 3621 3613 κρυπταξόμενος,
3655 3535 3755 3608 τὴν
3780 3546 3909 3606 προσ

2339 3614 2576 3711 ἡκουσαν
2620 3614 2890 3708 τιμωρίαν
2923 3635 3134 3706 ὑπέχει,
3180 3627 3352 3706 ἀθρόα
3375 3632 3511 3688 Θεοῦ
3545 3631 3784 3702 πληγεὶς
3816 3614 3924 3680 καθ⁴

2341 3731 2464 3783 ὅλου
2493 3728 2586 3782 τοῦ
2638 3728 2888 3800 σώματος
2918 3726 3173 3798 μάστιγι,
3203 3724 3280 3790 ὡς
3319 3725 3580 3796 ἀλγηδόσι
3615 3723 3818 3782 δειναῖς
3844 3716 3924 3770 καὶ

2343 3821 2738 3894 ’ττεριωδυνίαιςΔ
2771 3819 3157 3891 ἐλαυνόμενον,
3207 3819 3387 3890 πρηνῆ
3425 3817 3765 3871 καταπεσεῖν
3791 3808 3919 3880 λιμῷ

2343 3898 2716 3986 φθειρόμενον,
2735 3929 2834 3976 τας
2855 3930 2915 3966 τε
2940 3913 3147 3983 σάρκας
3169 3911 3296 3975 ὅλας
3327 3913 3545 3983 ἀοράτῳ
3574 3911 3671 3964 καὶ
3692 3904 3918 3976 θεηλάτῳ

2343 4004 2474 4075 πυρὶ
2504 4002 2802 4073 τηκόμενον
2826 3999 3244 4074 διαρρευσάσας,
3280 3999 3356 4063 ὼς
3394 4000 3454 4052 τὸ
3497 4000 3598 4070 μὲν
3642 3997 3750 4049 πᾶν
3789 3987 3910 4050 εἶδος

2340 4096 2438 4166 τῆς
2469 4094 2700 4157 παλαιᾶς
2723 4093 2937 4164 μορφῆς
2962 4092 3347 4162 ἀφανισθῆναι,
3380 4091 3560 4163 ξηρῶν
3584 4091 3632 4144 δ’
3657 4083 3802 4156 αὑτῷ
3825 4082 3910 4154 μό·

2342 4204 2429 4240 νον
2452 4185 2653 4239 ὀστέων
2687 4179 2796 4238 οἷόν
2827 4203 2879 4238 τι
2920 4184 3118 4256 μακρῷ
3150 4183 3329 4256 χρόνῳ
3371 4176 3903 4247 κατεσκελετευμένον

2342 4277 2558 4331 εἴδωλον
2582 4276 3003 4346 ὑπολειφθῆναι·
3038 4269 3114 4339 ὡς
3144 4276 3263 4348 μηδ’
3292 4275 3417 4330 ἄλλο
3437 4293 3489 4328 τι
3523 4272 3762 4345 νομίζειν
3795 4266 3904 4326 τοὺς

2345 4365 2638 4438 παρόντας,
2663 4366 2694 4438 ἢ
2719 4366 2885 4434 τάφον
2905 4365 3053 4436 αὑτῷ
3079 4365 3179 4434 τῆς
3209 4366 3384 4436 ψυχῆς
3417 4366 3698 4433 γεγονέναι
3728 4361 3782 4412 τὸ
3809 4355 3897 4408 σῶ-

2347 4475 2442 4527 μα,
2472 4458 2528 4510 ἐν
2555 4457 2654 4527 ἥδη
2706 4454 2884 4526 νεκρῷ
2914 4455 3005 4507 καὶ
3046 4454 3322 4517 παντελῶς
3359 4454 3756 4526 ἀποῤῥεὺσαντι
3791 4463 3901 4501 κατ·

663 4542 913 4598 Pos‘thtec
946 4543 1296 4599 nihilominus
1339 4546 1515 4600 adhuc
1544 4548 1795 4614 spirans;
1862 4547 2027 4600 multa
2078 4563 2232 4617 spon-

2345 4555 2754 4626 ορωρυγμένης.
2790 4553 3150 4626 Σφοδρότερον
3183 4551 3228 4605 δ’
3258 4552 3336 4604 ἔτι
3369 4552 3565 4622 μᾶλλον
3593 4553 3688 4622 τῆς
3719 4547 3896 4616 θέρμης

665 4633 801 4687 dens
825 4633 1075 4700 Domino,
1121 4644 1349 4689 mortem
1396 4635 1712 4689 advocabat.
1772 4634 2118 4707 Tandemque
2171 4641 2240 4694 ob

665 4729 1022 4782 contumelias
1094 4728 1293 4798 quibus
1357 4727 1631 4784 Christum
1686 4727 1991 4796 affecisset,
2044 4733 2241 4788 merito

736 4912 852 4983 (725i
876 4915 978 4981 Εἰς
999 4912 1262 4983 χάρισμα
1283 4913 1535 4968 δέδοται.
1566 4914 1700 4967 Data
1728 4915 1796 4968 ah
1819 4915 2242 4983 imperatoribus

668 4985 927 5053 intelligo.
965 4987 1224 5039 Solebant
1253 4990 1395 5039 enim
1448 4989 1838 5052 imperatores,
1867 4987 2067 5054 praedia
2121 5001 2242 5055 qua:

669 5057 803 5108 t’isco
833 5057 1101 5124 applicata
1135 5058 1350 5110 fuerant
1395 5058 1705 5123 petentibus
1731 5058 1955 5110 donare.
1995 5055 2131 5112 Vide
2173 5057 2242 5110 ti-

670 5125 838 5196 talum
875 5127 927 5179 in
976 5128 1166 5196 codice
1198 5128 1272 5180 De
1303 5128 1662 5196 petitionibus.

741 5195 854 5266 (76)
878 5194 1309 5266 Πολεμάρχαιςζ
1347 5197 1437 5251 Sic
1488 5197 1541 5249 in
1597 5196 1758 5250 codd.
1805 5195 1972 5265 Regio
2015 5194 2150 5249 Fuk.
2184 5203 2238 5250 et

668 5265 946 5321 Malarino
977 5265 1195 5336 legitur,
1219 5275 1385 5330 recte,
1421 5270 1472 5320 ni
1506 5266 1678 5319 fallor.
1708 5267 1801 5336 Est
1842 5269 1986 5319 enim
2027 5268 2236 5335 epithe-

669 5347 780 5390 tum
834 5339 982 5391 vocis
1035 5335 1389 5406 priccedentis
1450 5335 1792 5407 στρατηγοῖς.
1865 5337 2017 5407 Vulg.
2083 5337 2238 5389 πολε-

670 5407 921 5480 μάρχοις.
955 5408 1124 5480 Paulo
1148 5421 1269 5480 post
1299 5424 1366 5461 ex
1393 5406 1551 5480 codd.
1583 5406 1725 5461 Med.
1750 5419 1814 5480 et
1849 5406 1988 5480 Μελ
2015 5409 2232 5480 scribe:

669 5477 927 5542 πολλάκις
955 5478 1376 5550 ἀνδριζομένοις.
1416 5477 1573 5533 Prior
1600 5493 1703 5532 vox
1730 5479 1884 5533 deest
1910 5479 1963 5531 in
2002 5477 2236 5546 vulgatis

667 5550 1015 5603 cdilimtihtts.

741 5619 853 5689 (77)
892 5615 1006 5672 Ἔτ’
1031 5616 1191 5685 αὐτῷ
1212 5619 1326 5688 πρὸ
1359 5618 1468 5672 τοῦ
1497 5617 1727 5673 πεδίου.
1763 5618 2061 5689 improprie
2097 5617 2246 5689 locu:-

669 5687 759 5743 tus
786 5693 1035 5756 videtur,
1070 5707 1167 5758 pro
1212 5687 1310 5752 eo,
1373 5693 1513 5752 (ιυοά
1571 5691 1676 5758 alii
1729 5687 1973 5744 dicerent
2019 5689 2113 5742 ἐπὶ
2150 5687 2243 5742 τοῦ

670 5759 872 5815 audiat).
905 5760 994 5815 Sic
1021 5755 1148 5816 alibi
1179 5764 1313 5817 dixit
1350 5759 1456 5831 πρὸ
1502 5755 1594 5814 τοῦ
1625 5760 1997 5831 δικαστηρίου,
2039 5769 2105 5832 ειν
2138 5760 2246 5832 πρὸ

2348 4647 2508 4699 αὑτὸν
2542 4647 2606 4698 ἐκ
2638 4643 2832 4713 βάθους
2881 4643 3086 4714 μυελῶν
3114 4643 3581 4713 καταφ).εγοὺτης,
3612 4635 3895 4712 προπηῶήι

2352 4737 2451 4808 μὲν
2478 4737 2626 4808 αὑτῷ
2653 4737 2720 4790 τά
2747 4736 2970 4808 ὄμματα
2997 4736 3129 4807 (78),
3165 4737 3259 4790 καὶ
3280 4740 3379 4807 τῆς
3407 4736 3539 4800 ἰδίας
3565 4736 3762 4808 λήξεως
3780 4729 3892 4782 ἀπο·

2346 4917 2441 4971 τοῦ
2488 4917 2768 5040 ιὲβκὴματος.
2832 4918 2941 4973 Sed
3010 4926 3066 4972 et
3119 4917 3180 4970 τὸ
3238 4918 3360 4981 ἔτι,
3418 4916 3630 4972 videtur
3688 4910 3889 4986 positum

2349 5004 2447 5040 nro
2513 5003 2612 5040 .on.

2391 5005 2447 5041 ΙΊ)
2488 5003 2586 5042 'non
2602 5032 2612 5042 .

2348 5004 2400 5059 ΡΙ
2417 5004 3160 5127 ῗῖῶοηίιροπηδῶσιναὺτῷ
3181 5057 3255 5111 τὰ
3278 5058 3524 5127 ὄμματα.
3569 5055 3886 5127 ldent_test:_t-

2351 5119 2438 5183 tur
2476 5119 2925 5200 Chrysostomus
2960 5129 3012 5182 in
3049 5119 3424 5200 oratiouevxtle
3480 5137 3669 5200 sancto
3715 5119 3882 5200 liable

2347 5210 2535 5274 contra
2561 5193 2790 5274 gentiles
2817 5217 2837 5274 :_
2857 5197 2969 5251 τῶν
3006 5197 3104 5269 μὲν
3135 5199 3243 5270 γὰρ
3267 5198 3446 5274 πάλαι
3466 5193 3882 5274 βασιλευσάντωγν-

2337 5270 2386 5321 οἳ
2417 5269 2485 5320 τὸ.
2515 5266 2737 5341 τοιαῦτα
2763 5266 3164 5341 τολμήσαντες,
3199 5266 3336 5341 μετὰ
3363 5266 3562 5341 πολλάς
3589 5270 3692 5341 καὶΔ
3709 5266 3880 5331 ἀφορήν

2336 5356 2463 5412 τους
2496 5340 2800 5412 συμφορὰς,
2835 5338 3074 5412 αἰσχρῶς
3102 5338 3474 5412 κα¹ιέλεεινῶς
3495 5340 3599 5412 τὸν
3645 5338 3744 5412 βίον
3770 5345 3874 5412 καῖ·

2337 5399 2532 5492 έλυσαν
2553 5399 2578 5438 ”
2605 5399 2804 5492 τοῦ
2844 5399 3299 5492 μὲνῖτξςμόρας
3339 5410 3428 5492 ἔτι
3451 5399 3878 5492 ζῶντοςταὺτομά-

2339 5497 2447 5551 τως
2477 5471 2782 5551 ἐκπηδῆσαι
2812 5471 2922 5534 τῶν
2960 5471 3610 5551 ὸφθαλμῶν,Μαξιμῖνος
3634 5471 3770 5551 οὗτος
3795 5471 3876 5543 ἦν’

2349 5550 2440 5602 τὸν
2486 5550 2542 5602 δὲ
2582 5548 2820 5626 μανέντα
2843 5568 2856 5581 ·
2910 5550 3102 5626 τὸν-δὲ
3141 5548 3274 5626 ἄλλῃ
3299 5548 3538 5626 *τοιαύτῃ
3580 5548 3875 5626 χρησάμενογ

2353 5623 2627 5692 συμφορᾷ.
2662 5640 2679 5673 t
2720 5623 2797 5676 Ex
2831 5620 3068 5689 antiquis
3116 5620 3272 5676 eniui'
3297 5620 3711 5692 imperatoribus
3733 5620 3762 5670 ii
3801 5624 3872 5681 qi"

2351 5691 2548 5762 similia
2602 5692 2719 5746 ausi
2777 5693 2886 5762 sint
2933 5703 3268 5760 perpetrare,
3319 5703 3438 5760 post
3481 5691 3874 5762 multaseasq"?

2353 5761 2724 5819 intolerabiles
2749 5757 3090 5818 calamitates
3115 5803 3129 5830 ,
3159 5757 3412 5818 fwdo'ac
3453 5759 3740 5818 miserabili
3756 5757 3872 5814 exiit!
