4132 6406
201 288 360 344 837
1291 293 1644 354 HISTORIE
1682 295 2242 356 ECCLESIASTICIE
2285 302 2418 358 LIB.
2459 297 2549 360 IX.
3463 303 3568 360 838

207 414 560 479 πεσόντα,
597 415 775 488 πηρὸν
803 417 962 470 αὐτὸν
993 418 1233 489 ἀφίησιν.
1273 420 1332 472 Ὀ
1360 420 1406 474 δ’
1443 420 1534 473 ἐπὶ
1563 419 1770 484 τούτοις
1806 421 1877 475 ἔτι

1992 423 2106 479 haec
2171 440 2230 479 se
2306 427 2513 494 perpeti
2595 425 2914 492 confessus,
2967 425 3217 484 .anlmam
3275 424 3566 481 exhalavit.

209 507 572 574 ἐμπνέων,
598 510 1129 581 ἀνθομολογούμενος
1156 511 1235 581 τῷ
1267 511 1478 584 Κυρίῳ,
1529 512 1756 567 θάνατον
1805 516 1896 568 ἐπ-

210 599 566 661 εκαλεῖτο,
599 601 778 654 καὶτὸ
822 601 1178 668 πανύστατον,
1213 604 1436 667 ἐνδίκως
1461 602 1632 656 ταῦτα
1659 593 1757 674 τῆς
1780 606 1921 659 κατὰ
1951 608 2045 662 τοῦ
2077 607 2310 681 Χριστοῦ
2337 610 2621 682 παροινίας
2660 608 2820 682 χάριν
2873 607 3209 680 ὁμολογήσας
3235 591 3445 674 παθεῖν,
3471 613 3566 679 τὴν

213 686 472 760 ψυχὴν
503 691 756 760 ἀφιησιν.

824 784 1221 837 ΚΕΦᾹΛΑῙΟΝ
1256 785 1359 840 IA'.

222 871 433 937 Περὶ
467 871 584 940 τῆς
626 872 890 940 ὑστάτης
925 875 1224 941 ἀπωλείας
1258 875 1378 928 τῶν
1404 875 1514 943 τῆς
1549 879 1892 943 θεοσεϐείας

688 944 916 1012 ἐχθρῶν
939 946 1076 1014 (Mc.
1114 945 1180 996 ll.
1203 945 1266 998 Ε.
1309 961 1402 1007 vn,
1429 947 1540 1015 59).

337 1035 532 1090 Οῦτω
559 1037 696 1106 δῆτα
722 1037 1030 1107 Μαξιμίνου
1062 1038 1307 1092 ἐκποδὼν
1339 1040 1656 1111 γενομένου,
1687 1041 1762 1104 ὡς
1794 1043 1890 1112 μό-

234 1143 368 1189 νος
409 1129 496 1182 ἔτι
526 1128 726 1182 λείπων
755 1128 864 1181 τῶν
897 1129 996 1198 τῆς
1026 1130 1337 1195 θεοσεϐείας
1368 1132 1600 1204 ἐχθρῶν,
1638 1133 1891 1187 ἁπάντων

239 1219 571 1290 χείριστος
610 1222 922 1294 ἀναπέφηνε
949 1262 962 1284 ,
1013 1223 1080 1276 τὰ
1137 1224 1238 1293 μὲν
1282 1225 1383 1294 τῆς
1426 1225 1532 1278 τῶν
1586 1226 1890 1296 ἐκκλησιῶν

242 1311 653 1376 ἀνανεώσεως
687 1315 751 1367 ἐκ
794 1314 1058 1384 θεμελίων
1087 1316 1269 1386 χάριτι
1300 1317 1434 1369 Θεοῦ
1469 1316 1562 1370 τοῦ
1591 1317 1892 1388 παντοκρά-

246 1417 455 1472 copo;
503 1402 777 1474 ἠγείρετο,
822 1405 850 1456 ὃ
897 1421 956 1456 τε
987 1405 1224 1476 Χριστοῦ
1261 1405 1416 1475 λόγος
1464 1409 1546 1470 είς
1599 1393 1754 1470 δόξαν
1795 1407 1888 1463 τοῦ

248 1491 399 1542 τῶν
430 1492 572 1545 ὅλων
596 1493 729 1547 Θεοῦ
759 1494 1100 1565 διαλάμπων,
1133 1497 1351 1566 μείζονα
1389 1497 1486 1566 τὴν
1531 1499 1766 1570 πρόσθεν
1793 1501 1892 1554 ἀπε-

259 1582 582 1653 ελάμϐανε
615 1587 948 1657 παρρησίαν,
979 1585 1048 1638 τὰ
1085 1587 1140 1640 δὲ
1183 1588 1280 1658 τῆς
1309 1588 1623 1653 δυσσεϐείας
1652 1591 1758 1644 τῶν
1791 1591 1890 1662 τῆς

258 1673 611 1739 θεοσεϐείας
659 1677 866 1750 ἐχθρῶν
921 1679 1183 1750 αἰσχύνης
1233 1680 1328 1732 καὶ
1376 1681 1604 1750 ἀτιμίας
1653 1683 1889 1754 ἐσχάτης

259 1768 694 1837 ἐνεπίμπλατο.
749 1770 972 1842 Πρῶτός
1017 1789 1076 1824 τε
1117 1772 1227 1844 γὰρ
1261 1773 1423 1834 αὐτὸς
1469 1776 1675 1838 ἐκεῖνος
1711 1775 1877 1841 Μαξι-

1989 1771 2380 1825 alliciebantur.
2411 1769 2652 1824 Primum
2680 1771 2820 1823 enim
2850 1771 3177 1824 Maximinus
3228 1771 3361 1839 ipse,
3388 1772 3561 1824 hostis

271 1862 475 1927 μῖνος,
502 1860 758 1914 ἁπάντων
783 1862 1187 1933 πολεμιώτατος
1212 1863 1322 1935 (79)
1359 1865 1465 1917 ὑπὸ
1488 1865 1596 1918 τῶν
1625 1867 1877 1938 κρατούν-

1990 1863 2235 1932 publicus
2272 1864 2340 1917 ab
2369 1862 2787 1931 imperatoribus
2841 1863 3202 1925 renuntiatus,
3236 1863 3428 1916 edictis
3461 1879 3561 1932 pu-

265 1971 402 2006 των
441 1954 865 2026 ἀναγορευθεὶς,
909 1956 1334 2019 δυσσεϐέστατος
1364 1957 1459 2010 καὶ
1489 1957 1877 2030 δυσωνυμώτα-

1990 1957 2128 2010 blice
2158 1957 2444 2025 propositis
2469 1956 2820 2024 impiissimus
2850 1969 2913 2008 ac
2943 1955 3241 2010 detestandi
3301 1955 3559 2020 nominis,

2618 785 2844 841 CAPUT
2868 784 2958 840 Xl.

2103 901 2178 956 De
2204 903 2387 955 ultima
2407 901 2564 954 exitio
2592 898 2820 953 hostium
2838 898 3156 953 Christiania
3176 897 3460 969 religionis.

2064 1040 2122 1091 ln
2155 1039 2298 1092 hunc
2321 1035 2488 1106 igitur
2515 1037 2728 1090 modum
2758 1033 2969 1088 sublato
3000 1050 3030 1088 e
3085 1035 3222 1088 viris
3252 1033 3561 1096 Maximino,

1992 1130 2082 1198 qui
2118 1129 2265 1184 solus
2290 1144 2356 1182 ex
2392 1127 2665 1197 religionis
2693 1127 2938 1181 hostibus
2977 1126 3155 1179 adhuc
3203 1125 3424 1180 relictus
3455 1142 3566 1180 om-

1993 1236 2088 1274 nes
2113 1221 2454 1288 improbitate
2478 1219 2775 1287 superavit,
2805 1218 3160 1272 ecclesiarum
3194 1216 3409 1285 quidem
3433 1218 3565 1272 {edi-

1993 1313 2111 1365 ﬁcia
2146 1311 2528 1380 onmipotentis
2558 1311 2647 1363 Dei
2681 1310 2944 1363 beneﬁcio
2979 1309 3044 1362 ab
3084 1309 3217 1377 ipsis
3239 1307 3564 1362 fundamen-

1993 1405 2061 1457 tis
2097 1414 2349 1456 renovata
2381 1404 2822 1465 exstruebantur,
2866 1401 3176 1469 Christique
3206 1401 3453 1455 doctrina
3495 1399 3562 1453 ad

1990 1494 2213 1565 gloriam
2273 1494 2466 1547 summi
2501 1494 2741 1547 onmium
2797 1495 2887 1547 Dei
2941 1493 3312 1562 rcSpIendens,
3358 1491 3563 1560 majore

1990 1583 2148 1654 quam
2178 1595 2332 1639 antea
2367 1584 2616 1639 libertate
2645 1583 2747 1637 frui
2783 1584 2970 1651 coepit.
3008 1583 3158 1651 lmpii
3193 1598 3322 1637 vero
3355 1593 3409 1638 et
3437 1583 3564 1637 reli-

1989 1677 2163 1747 gionis
2219 1679 2425 1743 hostes,
2485 1692 2696 1731 summo
2745 1677 3008 1730 dedecore
3056 1685 3218 1746 atque
3265 1675 3557 1745 ignominia

272 2063 388 2108 τος
429 2047 526 2099 καὶ
574 2045 993 2116 θεομισέστατος
1025 2047 1286 2116 τύραννος
1319 2048 1406 2100 διὰ
1437 2051 1888 2121 προγράμμάτων

272 2133 574 2205 δημοσίων
623 2135 1053 2205 ἁνεστηλίτευτο,
1097 2137 1307 2207 γραφαί
1350 2154 1409 2189 τε
1451 2139 1574 2192 ὅσαι
1613 2144 1693 2204 είς
1727 2139 1889 2211 τιμὴν

277 2225 463 2278 αὑτοῦ
513 2224 608 2278 καὶ
648 2226 755 2278 τῶν
787 2226 950 2278 αὑτοῦ
983 2228 1187 2280 παίδων
1221 2230 1362 2283 κατᾶ
1398 2231 1575 2283 πᾶσαν
1611 2231 1889 2287 ἀνέκειντο

280 2320 476 2382 πόλιν,
512 2321 566 2372 αἱ
603 2319 699 2389 μὲν
730 2317 789 2383 ἐξ
819 2319 982 2388 ὕψους
1014 2322 1094 2383 εἰς
1144 2321 1338 2390 ἔδαφος
1382 2323 1738 2394 ῥιπτούμεναι
1772 2343 1888 2379 συν-

285 2412 598 2482 ετρίϐοντο,
636 2412 691 2464 αἱ
720 2411 772 2465 δὲ
804 2411 900 2474 τὰς
942 2412 1234 2484 προσόψεις
1261 2415 1593 2484 ἠχρειοῦντο,
1630 2418 1887 2490 σκοτεινῷ

284 2502 552 2576 χρώματι.
602 2503 1173 2575 καταμελανούμεναι,
1209 2507 1540 2577 ἀνδριάντων
1582 2525 1642 2561 τε
1688 2510 1886 2579 ὁμοίως

286 2595 486 2647 ὁπόση
517 2595 598 2657 είς
626 2594 724 2664 τὴν
758 2593 921 2646 αὑτοῦ
953 2595 1116 2666 τιμὴν
1142 2595 1562 2668 διανεστήκεσαν
1582 2637 1596 2660 ,
1625 2598 1885 2663 ὡσαύτως

293 2688 652 2758 ῥιπτούμενοι
702 2687 1111 2758 συνετρίϐοντο,
1170 2689 1344 2757 γέλως
1399 2694 1495 2745 καὶ
1542 2692 1730 2746 παιδιὰ
1774 2695 1884 2756 τοῖς

294 2779 601 2852 ἐνυϐρίζειν
622 2781 714 2833 καὶ
736 2783 1087 2852 ὲμπαροινεῖν
1111 2780 1381 2836 ἐθέλουσιν
1402 2784 1727 2856 ὲκκείμενοι.
1751 2782 1884 2840 Εἶτα

290 2870 348 2924 δὲ
377 2873 476 2924 καὶ
508 2871 616 2923 τῶν
648 2871 820 2924 ἄλλων
865 2870 964 2942 τῆς
1001 2870 1310 2934 θεοσεϐείας
1357 2872 1564 2943 ἐχθρῶν
1606 2876 1776 2926 πᾶσαι
1826 2875 1882 2927 at!

292 2966 455 3034 τιμαὶ
498 2962 889 3034 περιηροῦντο,
925 2963 1227 3015 ἐκτείνοντο
1271 2963 1327 3017 δὲ
1368 2966 1462 3018 καὶ
1501 2965 1700 3029 πάντες
1737 2967 1785 3018 οἱ
1815 2965 1882 3019 τὰ

294 3055 605 3126 Μαξιμίνου
632 3054 976 3126 φρονοῦντες,
1007 3055 1120 3108 ὅσοι
1153 3055 1385 3125 μάλιστα
1406 3057 1513 3111 τῶν
1545 3061 1604 3111 ἐν
1638 3060 1883 3131 ἀρχικοῖς

296 3147 604 3220 ἀξιώμασιν
648 3149 738 3200 ὑπ’
773 3147 938 3202 αὑτοῦ
993 3148 1383 3219 τετιμημένοι,
1430 3153 1496 3221 τῇ
1543 3151 1679 3221 πρὸς
1722 3151 1881 3204 αὐτὸν

296 3235 560 3308 κολακείᾳ
586 3236 830 3308 σοϐαρῶς
854 3235 1275 3309 ἐνεπαρῴνησαν
1296 3237 1373 3308 τῷ
1397 3239 1518 3292 καθ’
1542 3242 1573 3310 ἡ
1582 3242 1688 3310 μᾶς
1716 3241 1878 3312 λόγῳε

1991 2045 2208 2116 Deoque
2233 2046 2438 2099 invisus
2471 2056 2733 2116 tyrannus
2755 2044 3054 2113 appellatus
3082 2054 3180 2100 est.
3216 2043 3320 2098 Sed
3344 2053 3398 2098 et
3429 2045 3562 2097 ima-

1991 2139 2141 2207 gines
2162 2153 2279 2206 quae
2311 2137 2410 2207 ipsi
2438 2136 2733 2203 liberisque
2760 2137 2880 2204 ejus
2923 2136 3151 2190 honoris
3174 2151 3338 2189 causa
3374 2135 3562 2203 positze

1990 2243 2084 2296 per
2116 2226 2357 2298 singulas
2385 2241 2551 2296 prope
2587 2226 2748 2280 urbes
2777 2226 3110 2290 visebantur,
3145 2227 3263 2280 alia:
3291 2241 3322 2280 e
3343 2225 3559 2281 sublimi

1989 2320 2208 2388 tlejectte
2238 2320 2635 2388 confractteque
2672 2329 2800 2374 sunt
2828 2337 2842 2385 ;
2874 2320 2991 2374 aliae
3037 2321 3254 2376 inutiles
3312 2321 3557 2385 redditae,

1987 2415 2272 2468 obliterato
2312 2414 2519 2468 scilicet
2574 2413 2748 2483 nigris
2791 2415 3066 2469 coloribus
3127 2414 3299 2467 vultu.
3355 2413 3560 2468 Statua!

1987 2522 2201 2574 quoque
2227 2515 2493 2574 quotquot
2522 2506 2744 2560 honoris
2766 2506 2886 2573 ejus
2911 2522 3073 2561 causa
3093 2515 3288 2560 erectae
3317 2504 3558 2570 fuerant,

1986 2599 2208 2667 dejectte
2240 2598 2491 2652 similiter
2519 2609 2681 2668 atque
2716 2599 2987 2664 contritae,
3037 2600 3254 2654 cunctis
3307 2599 3399 2668 qui
3442 2598 3558 2653 illu-

1985 2691 2114 2742 dere
2141 2700 2305 2758 atque
2352 2689 2614 2742 insultare
2665 2690 2988 2752 voluissent,
3043 2691 3108 2743 ad
3163 2689 3451 2744 ludibrium
3501 2699 3559 2743 et
3601 2707 3605 2710 ·

1986 2780 2363 2832 contumeliam
2396 2781 2656 2850 expositae
2687 2780 2860 2837 fuere.
2913 2780 3158 2836 Posthacc
3185 2782 3364 2836 ezcteri
3390 2781 3556 2836 etiam

1985 2869 2260 2940 religionis
2291 2868 2472 2924 hostes
2523 2871 2733 2924 cunctis
2765 2871 3069 2925 honoribus
3125 2870 3341 2940 spoliati
3410 2881 3553 2926 sunt.

1984 2962 2186 3018 Omnes
2221 2963 2456 3032 denique
2507 2963 2598 3030 qui
2649 2979 2677 3017 a
2709 2963 2986 3018 Maximini
3050 2965 3250 3034 pariter
3311 2965 3558 3034 partibus

1987 3056 2244 3116 Stabant;
2282 3057 2370 3123 qui
2402 3070 2512 3126 prtc
2542 3054 2768 3126 reliquis
2810 3058 3212 3126 provinciarum
3253 3057 3557 3112 rectoribus

1985 3151 2054 3203 ab
2084 3163 2150 3201 eo
2181 3147 2313 3201 culti
2342 3157 2394 3201 et
2429 3148 2628 3210 ornati,
2662 3157 2718 3202 ut
2743 3148 2791 3203 ei
2817 3157 3250 3213 assentarenlur,
3294 3149 3558 3204 adversus
3602 3127 3612 3139 ’

1986 3240 2298 3307 religionem
2335 3250 2576 3294 nostram
2614 3239 2907 3295 insolenter
2937 3240 3258 3295 debacchati
3311 3239 3552 3306 fuerant,

295 3322 406 3390 οἷος
429 3323 499 3398 ἦν
535 3329 564 3378 ὁ
607 3328 756 3398 παρὰ
788 3328 996 3392 πάντας
1026 3328 1174 3399 αὐτῷ
1201 3328 1526 3400 τιμιώτατος
1557 3333 1652 3386 καὶ
1679 3332 1877 3385 αἱδεσι-

1983 3329 2160 3398 capite
2185 3329 2510 3398 pleetuntur.
2535 3328 2612 3383 Ex
2632 3345 2864 3398 quorum
2890 3346 3118 3387 nun‘tero
3140 3330 3553 3395 fuitPiceutius.

299 3417 568 3488 μὼτατος,
610 3418 837 3488 ἑταίρων
877 3435 935 3469 τε
982 3417 1346 3490 γνησιώτατος
1373 3459 1387 3481 ,
1422 3420 1712 3486 Πευκέτιος
1747 3422 1877 3494 (80),

295 3508 590 3572 δισῦπατος
619 3510 713 3562 καὶ
757 3505 1087 3580 τρισὺπατος
1109 3551 1124 3575 ,
1170 3511 1261 3564 καὶ
1296 3511 1402 3564 τῶν
1430 3511 1658 3566 καθόλου
1701 3514 1874 3582 λόγων

297 3602 535 3673 ἔπαρχος
566 3602 675 3674 (81)
707 3601 844 3674 πρὸς
907 3602 1073 3656 αὑτοῦ
1133 3604 1534 3675 καθεσταμένος
1555 3644 1570 3669 ,
1603 3605 1871 3659 Κουλκια-

295 3793 528 3862 periere.
579 3788 818 3862 Alterius
857 3792 1001 3862 enim
1051 3791 1225 3844 adhuc
1277 3788 1508 3842 viventis
1543 3791 1757 3858 pupillae
1805 3806 1871 3844 ex

296 3857 467 3918 oculis
492 3861 814 3914 exsilierunt
852 3875 865 3912 :
910 3857 1186 3914 Maximini
1215 3862 1462 3915 videlicet
1490 3857 1664 3924 ;alter
1691 3862 1872 3914 furore

298 3933 578 4003 percitus;
615 3932 756 4003 alius
786 3931 886 3986 alio
915 3945 1208 4002 oppressus
1268 3933 1607 4003 incommodo
1641 3944 1867 4003 mortem

295 4000 541 4072 oppetiit.
605 4021 623 4052 ι
686 4000 855 4054 Porro
900 4000 1199 4070 imperator
1251 4003 1370 4072 qui
1406 4000 1588 4072 furore
1641 4002 1876 4069 percitus

296 4071 452 4136 obiit,
487 4072 849 4125 Diocletianus
892 4085 996 4126 est.
1048 4072 1101 4126 Id
1146 4072 1291 4124 enim
1345 4071 1412 4126 de
1462 4071 1552 4125 illo
1609 4081 1877 4125 testantur

299 4143 561 4198 Eusebius
592 4153 650 4199 et
680 4140 1088 4195 Constantinus.
1130 4141 1208 4194 De
1243 4141 1516 4195 Maximini
1553 4154 1731 4194 autem
1766 4157 1874 4195 cte-

297 4217 460 4269 citate
484 4213 650 4265 habes
664 4215 804 4278 apud
828 4213 1184 4280 Epiphanium
1207 4213 1258 4264 in
1283 4213 1420 4266 libro
1449 4211 1519 4264 De
1537 4213 1872 4280 ponderibus.

364 4285 477 4352 (79)
516 4281 828 4352 Ἀπάντωιί
849 4282 1306 4352 πολεμιώτατος.
1381 4283 1752 4352 Scribenduur
1797 4283 1876 4334 vi-

297 4350 760 4421 ιίειυτπολέμιος.
794 4351 916 4405 Vult
963 4350 1108 4405 enitr.
1159 4354 1336 4407 dicere
1384 4352 1664 4416 Eusebius,
1705 4350 1876 4404 Maxi-

297 4427 499 4478 mimun
551 4424 761 4476 hostem
814 4425 1087 4492 publicum
1135 4438 1254 4476 esse
1299 4425 1656 4476 declaratum.
1716 4424 1868 4488 Quod

298 4495 611 4549 solentniter
644 4495 806 4547 liebat
832 4506 1053 4548 senatus
1088 4494 1362 4555 consulto,
1389 4503 1446 4545 ut
1481 4493 1674 4546 docent
1723 4494 1864 4546 scri-

299 4578 478 4633 ptores
499 4562 749 4635 llistorzaa
776 4567 1030 4635 Augusta:
1055 4564 1234 4617 multis
1260 4565 1312 4616 in
1343 4564 1492 4627 locis,
1512 4573 1566 4616 et
1595 4564 1865 4632 prmcipue

299 4638 382 4689 ubi
416 4637 481 4688 dc
510 4633 827 4687 Maxitlum.

366 4707 477 4774 (80)
506 4705 844 4771 Πευκέτιος.
902 4704 1203 4758 Picentium
1253 4704 1388 4756 verti
1437 4719 1452 4760 :
1495 4719 1601 4773 quo
1649 4703 1866 4758 nomine

298 4781 510 4844 quidam
544 4780 643 4829 luit
673 4777 1034 4829 calumniator
1061 4777 1364 4829 Constantii
1400 4777 1732 4844 temporibus
1753 4813 1770 4836 ,
1807 4783 1864 4830 ut

297 4843 483 4900 scribit
514 4846 762 4899 Zositnus
788 4851 838 4899 in
866 4850 970 4899 line
999 4848 1089 4898 lib.
1122 4863 1177 4899 tt.
1222 4847 1381 4898 Certe
1406 4845 1583 4898 Latini
1613 4843 1865 4898 Picentes

297 4930 505 4983 Vocant,
537 4933 670 4982 quos
697 4916 867 4970 Cra-ci
904 4916 1242 4978 Πευκετίους.

365 4982 636 5058 (διγΤών
677 4988 934 5040 καθόλου
981 4988 1177 5056 λόγων
1214 4986 1496 5058 ἔπαρχος.
1543 4982 1863 5058 Prmfectum

297 5056 544 5127 pra-torio
582 5060 885 5124 intelligere
909 5059 1122 5110 videtur
1151 5075 1161 5109 :
1200 5056 1436 5127 ἔπαρχος
1462 5057 1748 5127 enimnon
1778 5056 1864 5127 di-

297 5125 434 5182 citur
454 5130 553 5180 nisi
575 5131 641 5181 de
659 5129 924 5196 przcl'ectis
949 5129 1221 5195 praetorio,
1245 5125 1497 5178 autnrtii.
1523 5125 1862 5196 Addequod,

295 5216 411 5254 eum
430 5195 687 5253 Eusebius
699 5221 723 5250 u
735 5198 924 5252 ﬂirtuet
942 5200 1237 5252 l'iccntiutu
1261 5196 1488 5250 summis
1505 5195 1798 5249 honoribus
1813 5206 1866 5250 et

295 5270 566 5338 geminato
583 5273 869 5322 Consulatu
897 5279 1142 5322 ornatum
1168 5270 1334 5322 fuisse
1359 5285 1387 5320 a
1407 5264 1723 5332 Maximino,
1762 5267 1863 5338 fini-

293 5337 470 5408 cptum
504 5350 648 5391 esset
670 5340 866 5403 dicere,
886 5355 1006 5392 eum
1026 5351 1426 5406 procuratorem
1451 5351 1674 5391 summa:
1700 5337 1774 5408 rei
1801 5337 1867 5390 ab

296 5407 384 5463 illo
402 5409 598 5462 factum
616 5409 808 5475 fuisse,
835 5423 954 5476 quae
992 5409 1150 5464 exilis
1177 5409 1464 5461 admodum
1485 5408 1722 5477 dignitas
1742 5407 1863 5477 fuit.

296 5481 396 5534 Sed
434 5489 622 5532 contra
651 5481 791 5533 lianc
826 5475 1150 5533 sententiam
1181 5479 1316 5533 facit
1345 5475 1722 5545 primm—quod
1758 5475 1866 5530 τῶν

294 5548 518 5605 καθόλου
534 5549 704 5618 λόγων
727 5549 987 5603 vocabulo
1003 5563 1216 5617 semper
1253 5551 1516 5603 Eusebius
1550 5548 1866 5603 rationalem

294 5637 386 5675 seu
415 5634 817 5688 procuratorem
843 5633 1070 5673 summa:
1093 5621 1170 5672 rei
1199 5621 1467 5687 designat,
1491 5628 1549 5672 ut
1579 5634 1740 5686 supra
1772 5633 1869 5672 no-

298 5693 523 5743 tavitnus
543 5705 652 5742 non
679 5691 865 5745 semel.
891 5690 1092 5744 Deinde
1144 5690 1427 5755 praefectus
1457 5699 1606 5757 ιιι-εει.
1631 5689 1870 5741 Maximi-

293 5764 345 5815 ni
375 5760 474 5814 fuit
505 5758 760 5820 Sabinus.
786 5770 1021 5832 utsupra
1044 5761 1276 5815 vidimus
1305 5773 1450 5813 anno
1470 5759 1670 5814 Christi
1693 5759 1790 5812 511
1814 5769 1868 5814 et

1987 3424 2042 3478 in
2069 3437 2283 3478 snnuno
2309 3421 2513 3478 honore
2544 3438 2608 3477 ac
2633 3423 2986 3479 veneratione
3007 3426 3076 3480 ab
3106 3426 3292 3480 eodem
3317 3426 3552 3490 habitus,

1982 3526 2033 3569 et
2063 3513 2324 3569 sodalium
2354 3513 2596 3566 omnium
2640 3514 2798 3584 longe
2824 3515 3184 3571 charissimus
3215 3532 3230 3570 ε
3266 3531 3424 3586 quem
3465 3517 3556 3572 ille

1983 3608 2179 3662 iterum
2208 3621 2273 3661 ac
2303 3607 2462 3660 tertio
2496 3605 2770 3661 consulem
2811 3617 2864 3683 et
2893 3606 3206 3677 prtefectum
3252 3624 3318 3664 ac
3366 3624 3556 3680 procu-

1978 3785 2103 3861 5l2.
2136 3786 2244 3861 Nec
2274 3799 2403 3838 vero
2426 3785 2663 3855 dignitas
2693 3786 2780 3841 illa
2819 3791 3183 3856 procuratoris
3200 3806 3426 3847 summa:
3447 3796 3550 3861 rei,

1979 3860 2121 3913 inter
2143 3857 2276 3910 viles
2308 3871 2368 3910 ac
2399 3868 2697 3923 postremas
2722 3861 3053 3912 numeranda
3077 3870 3180 3915 est.
3202 3861 3337 3916 Nam
3365 3873 3419 3917 et
3441 3857 3551 3919 Ma;

1977 3930 2218 3991 crianus,
2249 3929 2294 3979 is
2324 3927 2412 4000 qui
2442 3925 2818 4000 subpallieno
2842 3929 3125 4000 imperium
3155 3932 3402 4000 arripuit,
3425 3950 3548 3989 eum

1978 3997 2446 4072 ltoiioretlt_gessit;
2478 4005 2530 4049 et
2555 3997 2815 4072 Eusebius
2839 3998 2953 4072 ipse
2978 4003 3028 4055 in
3056 4002 3147 4056 lib.
3175 3997 3284 4066 un,
3310 4018 3432 4072 cap.
3459 4006 3546 4069 10,

1972 4069 2147 4142 ἀρχὴν
2195 4067 2256 4142 οῦ
2303 4067 2400 4138 τὴν
2428 4067 2693 4142 τυχοῦσαν
2725 4069 2978 4137 appellat,
3012 4073 3098 4123 ubi
3142 4077 3207 4125 de
3237 4067 3548 4131 Pliiloromo

1973 4138 2211 4208 martyre
2235 4139 2496 4208 loquitur.
2531 4138 2681 4204 Quod
2713 4150 2891 4193 autem
2926 4144 3004 4195 ait
3036 4142 3324 4208 Eusebius,
3353 4143 3548 4201 Picen-

1975 4206 2131 4262 lium—
2157 4224 2186 4260 a
2234 4206 2528 4261 Maximino
2585 4209 2664 4262 bis
2702 4224 2765 4262 ac
2806 4209 2964 4264 tertio
3007 4212 3284 4266 consulem
3312 4206 3544 4270 factum

1974 4281 2158 4354 luisse,
2197 4294 2300 4354 non
2331 4279 2596 4354 modicam
2618 4279 2776 4354 habet
2805 4279 3197 4354 tliﬂieultatcm.
3228 4283 3346 4338 Jam
3380 4300 3543 4354 supra

1969 4351 2404 4414 observavimus,
2443 4348 2788 4420 Maximinum
2819 4351 3045 4420 Augusti
3080 4369 3276 4407 nomen
3317 4356 3419 4408 sibi
3446 4348 3544 4410 'as-

1972 4420 2268 4489 sumpsisse
2319 4429 2437 4486 post
2485 4419 2689 4472 obitum
2732 4419 2952 4486 Galerii,
2984 4438 3126 4477 anno
3167 4425 3371 4479 Christi
3413 4427 3540 4482 5Η.

1971 4490 2138 4558 Igitur
2187 4501 2313 4544 ante
2357 4492 2457 4543 hoc
2494 4500 2703 4560 tempus
2751 4507 2873 4544 cum
2921 4495 3104 4548 Ctesar
3137 4503 3344 4548 tantum
3374 4510 3538 4560 esset,

1970 4561 2270 4615 Picentium
2315 4559 2592 4614 consulem
2638 4559 2818 4614 facere
2859 4577 2962 4615 non
3011 4566 3202 4631 potuit.
3242 4566 3351 4619 Soli
3397 4559 3540 4621 enim

1969 4634 2196 4696 Augusti
2223 4631 2892 4705 creaiulortttnconsulum
2922 4633 3011 4701 jus
3046 4634 3337 4688 habebant.
3359 4636 3542 4705 Itaque

1971 4715 2093 4771 post
2114 4712 2340 4756 mortem
2360 4699 2906 4772 GaleriiMaxitninus
2923 4699 3536 4772 seipsumctPiceutiunt

1971 4777 2351 4843 eodenranno
2393 4771 2674 4843 Consulem
2724 4771 3037 4826 declaravit.
3090 4771 3378 4843 Sequente,
3411 4781 3538 4831 item

1973 4857 2114 4895 anim
2143 4842 2459 4894 Maximinus
2486 4855 2520 4893 ll
2549 4851 2598 4892 et
2625 4840 2948 4896 Picentiustt
2976 4840 3228 4898 consulés
3248 4848 3462 4901 luerunt
3487 4853 3536 4901 in

1972 4911 2210 4969 Oriente.
2229 4928 2349 4965 cum
2372 4913 2420 4963 in
2441 4911 2732 4964 Occidente
2753 4915 3139 4967 Constantinus
3166 4931 3200 4968 ll
3227 4925 3278 4969 et
3302 4916 3540 4973 Licinius

1973 4984 2223 5036 consules
2245 4991 2426 5035 essent
2461 4997 2473 5033 :
2511 4983 2561 5033 in
2595 4980 2740 5033 italia
2777 4998 2901 5035 vero
2931 4999 2983 5037 et
3017 4983 3200 5038 Africa
3236 4988 3538 5041 Maxentius

1973 5062 2226 5121 quartum
2252 5051 2640 5123 solus.ASecuto
2671 5053 2921 5120 deinceps
2948 5071 3112 5116 anno,
3136 5057 3226 5123 qui
3264 5056 3361 5111 fuit
3381 5060 3539 5113 Chri-

1974 5124 2041 5176 sti
2070 5123 2196 5186 515,
2222 5125 2360 5175 idem
2400 5121 2723 5175 Maximinus
2749 5139 2806 5176 ιιι
2832 5135 2884 5177 et
2913 5121 3184 5179 Picentius
3209 5144 3264 5182 ιιι
3291 5131 3540 5183 consules

1975 5193 2028 5246 in
2064 5192 2286 5247 Oriente
2316 5193 2555 5264 luerunt,
2589 5202 2646 5243 ut
2677 5209 2758 5264 ex
2801 5197 2900 5248 hoc
2943 5197 3136 5264 insigni
3172 5199 3386 5253 Eusebii
3419 5200 3537 5253 loco

1975 5266 2256 5335 perspicue
2318 5260 2860 5335 col_ligi_tur.__Neque
2917 5260 3076 5320 enirn
3117 5271 3377 5324 credibile
3432 5283 3534 5335 est,

1976 5332 2326 5386 Maximinum
2359 5333 2511 5386 alteri
2549 5332 2766 5399 quidem
2799 5336 3051 5391 tribuisse
3086 5344 3300 5391 tertium
3342 5332 3539 5394 (ξοιιειιὲ

1975 5405 2164 5465 lattuu,
2195 5405 2383 5475 ipsum
2409 5418 2538 5456 vero
2570 5405 2831 5475 nesetnel
2859 5407 3074 5475 quidem
3103 5409 3374 5464 consulem
3406 5410 3539 5466 fuis-

1975 5491 2053 5528 se.
2083 5475 2244 5528 Certe
2266 5475 2317 5527 in
2345 5471 2600 5526 Chronico
2621 5471 2986 5530 Alexandrina
3015 5477 3259 5533 Galerius
3291 5479 3539 5534 Maximi-

1975 5562 2075 5598 nus
2115 5546 2299 5598 consul
2356 5547 2576 5613 ponitur
2615 5560 2734 5598 cum
2788 5545 3112 5604 Maximiano
3167 5566 3262 5605 Vttt
3290 5553 3534 5615 consule,

1975 5616 2068 5687 qui
2098 5626 2183 5669 est
2214 5631 2388 5687 annus
2415 5616 2616 5670 Christi
2636 5617 2767 5687 511.
2817 5618 3133 5687 Quanquam
3168 5622 3218 5674 in
3253 5622 3342 5676 illo
3368 5621 3538 5676 Chro-

1977 5686 2102 5760 nico,
2123 5687 2322 5760 dicitur
2353 5685 2610 5760 Galerius
2631 5686 2914 5760 Maximus.
2944 5685 3051 5744 Nos
3088 5692 3249 5760 igitur
3281 5702 3391 5746 tres
3423 5692 3538 5746 Ma—

1978 5758 2164 5813 ximini
2191 5757 2506 5814 consulatus
2535 5758 2691 5823 primi
2723 5763 2960 5815 omnium
2989 5757 3422 5820 observavimus.
3455 5765 3531 5820 Et
