4132 6406
612 294 719 351 87.9

1326 284 1593 344 EUSEBll
1628 282 2114 344 CESARIENSIS
2151 285 2300 343 OPP.
2338 285 2519 342 PARS
2556 288 2595 344 l.
2632 318 2701 329 —-
2740 287 3129 345 HISTORICA.

3840 287 3937 340 εις»

618 419 854 465 ratorem
884 422 1109 463 summa:
1135 406 1210 477 rei
1235 416 1536 462 creaverat.
1587 407 1653 460 Et
1680 406 1968 461 Culcianus
2014 407 2187 460 omni-

2291 407 2377 472 νός
2408 408 2517 478 (82)
2552 425 2610 461 τε
2663 409 2923 473 ὡσαύτως
2952 411 3038 464 διὰ
3083 412 3272 483 πάσης
3324 407 3606 479 ἀρχικῆς
3657 405 3940 478 προελθὼν

615 503 717 558 bus
744 501 1001 557 similiter
1027 498 1435 569 magistratibus
1464 506 1519 552 et
1554 499 1954 568 provinciarum
2008 500 2182 552 admi-

618 584 1029 648 nistrationibus
1079 591 1417 660 perfunctus,
1480 590 1573 659 qui
1618 600 1674 645 et
1730 593 1843 659 ipse
1889 590 2188 645 innumeris

617 688 1043 743 Christianorum
1074 684 1314 737 caedibus
1341 683 1481 748 apud
1519 681 1808 753 Egyptum
1836 682 2187 736 inclaruerat.

618 779 721 833 Alii
750 777 910 848 367
939 785 1199 845 praeterea
1238 788 1342 827 non
1390 773 1569 842 pauci,
1628 788 1657 825 a
1705 773 1904 843 quibus
1971 773 2190 842 potissi-

619 886 764 924 mum
796 867 1112 922 confirmata
1142 874 1197 920 et
1222 875 1380 918 aucta
1431 881 1553 921 esse
1583 865 1857 920 Maximini
1913 866 2187 936 tyrannica

619 961 911 1016 crudelitas
944 959 1249 1013 videbatur.
1298 958 1470 1013 Porro
1504 959 1668 1011 etiam
1710 957 2077 1013 Theotecnum
2125 958 2191 1012 ad

618 1054 941 1124 supplicium
978 1053 1207 1107 vocabat
1249 1052 1431 1106 divina
1489 1051 1725 1119 justitia,
1768 1053 2189 1121 haudquaquam

619 1148 787 1201 oblita
813 1160 1004 1199 eorum
1041 1159 1160 1212 quae
1202 1143 1292 1196 ille
1321 1140 1582 1197 adversus
1636 1143 1974 1197 Christianos
2002 1156 2194 1212 perpe-

620 1245 882 1291 traverat.
912 1232 1121 1288 Etenim
1151 1234 1219 1286 ob
1255 1232 1611 1287 simulacrum
1654 1231 1781 1285 illud
1836 1232 1975 1301 quod
2004 1232 2192 1286 Antio-

620 1327 758 1381 cbize
793 1332 1236 1387 cctisecraverat,
1264 1323 1612 1392 prosperiore
1640 1321 1857 1377 fortuna
1899 1322 1973 1375 uti
2022 1323 2192 1386 visus,

619 1420 783 1473 etiam
808 1431 1010 1487 prmses
1038 1417 1328 1485 provinciae
1375 1429 1403 1467 a
1435 1415 1728 1468 Maximino
1768 1414 1942 1469 factus
1994 1414 2189 1468 fuerat.

624 1510 729 1563 Sed
757 1524 880 1563 cum
913 1507 1155 1561 Licinius
1197 1505 1536 1559 Antiochiam
1585 1504 1842 1567 venisset,
1874 1514 1927 1556 et
1989 1502 2196 1571 praesti-

622 1599 860 1669 giatores
895 1596 1259 1665 pervestigare
1315 1609 1378 1649 ac
1408 1592 1811 1662 deprehendere
1849 1583 2191 1656 instituisset,

623 1701 764 1754 inter
807 1704 1031 1751 cmteros
1073 1695 1234 1749 etiam
1281 1689 1403 1745 novi
1444 1687 1593 1743 illius
1632 1684 1909 1739 simulacri
1954 1684 2186 1753 prepbe-

2287 502 2557 565 ἐξουσίας,
2575 504 2603 554 ὁ
2633 504 2727 555 καὶ
2762 504 2922 566 αὐτὸς
2948 504 3157 575 μυρίοις
3170 508 3294 567 τοῖς
3322 501 3469 555 κατ’
3490 502 3795 567 Αἴγυπτον
3812 503 3939 571 Χρι-

2288 592 2518 646 στιανῶν
2575 593 3084 664 ἐλλαμπρυνόμενος
3140 596 3441 666 αἵμασιν,
3508 590 3681 645 ἄλλοι
3740 606 3801 642 τε
3854 593 3943 645 ἐπὶ

2286 684 2495 747 τούτοις
2528 686 2627 737 οὐκ
2655 684 2844 753 ὀλίγοι,
2887 686 2954 738 δι’
2978 680 3053 739 ὧν
3086 687 3337 757 μάλιστα
3373 684 3458 736 τὰ
3490 682 3605 753 τῆς
3633 682 3943 751 Μαξιμίνου

2288 776 2597 847 τυραννίδος
2636 778 2988 847 ἐκραταιοῦτό
3036 796 3094 832 τε
3142 781 3234 833 καὶ
3290 776 3555 850 ηὔξετο.
3626 774 3852 826 Ἐκὰλει

2288 868 2395 939 ἄρα
2443 869 2536 922 καὶ
2565 869 2852 923 Θεότεκνον
2894 871 3003 941 (85)
3052 872 3085 943 ἡ
3135 870 3285 941 δίκη,
3339 866 3646 939 οὐδαμῶς
3690 868 3764 920 τὰ
3811 873 3945 921 κατὰ

2288 962 2628 1033 Χριστιανῶν
2678 961 2825 1031 αύτῷ
2874 963 3235 1032 πεπραγμένα
3301 961 3473 1032 λήθῃ
3534 958 3941 1027 παραδιδοῦσα.

2302 1050 2425 1106 Ἐπὶ
2471 1053 2568 1124 μὲν
2610 1053 2718 1124 γὰρ
2769 1052 2845 1123 τῷ
2889 1055 3008 1106 κατ’
3059 1053 3415 1124 Ἀντιόχειαν
3470 1050 3776 1123 ἱδρυθέντι
3824 1053 3943 1121 παρ’

2290 1144 2454 1199 αὑτοῦ
2504 1146 2677 1215 ξοάνῳ
2724 1144 2880 1211 δόξας
2929 1147 3238 1217 εὐημερεῖν,
3284 1148 3415 1216 ἤδη
3471 1144 3586 1196 καὶ
3645 1146 3944 1213 ἡγεμονίας

2291 1238 2491 1308 ἠξίωτο
2546 1238 2695 1308 παρά
2742 1239 3067 1309 Μαξιμίνου.
3120 1238 3420 1301 Λικίννιος
3479 1238 3533 1290 δ’
3579 1235 3798 1299 ἐπιϐάς
3852 1242 3940 1308 τῆς

2304 1329 2619 1400 Ἀντιοχέων
2652 1330 2890 1394 πόλεως,
2925 1332 3112 1401 φωράν
3147 1350 3207 1385 τε
3244 1334 3494 1403 γοήτων
3530 1332 3939 1400 ποιησάμενος,

2290 1418 2417 1482 τοὺς
2441 1418 2534 1472 τοῦ
2578 1419 2877 1488 νεοπαγοῦς
2920 1419 3106 1485 ξοάνου
3132 1424 3445 1492 προφήτας
3487 1420 3601 1472 καὶ
3640 1421 3817 1491 ἱερεῖς
3850 1420 3938 1490 βα-

2295 1512 2475 1575 σάνοις
2514 1511 2767 1583 ᾐκίζετο,
2808 1510 2914 1564 τίνι
2954 1510 3096 1582 λόγῳ
3139 1513 3235 1583 τὴν
3279 1512 3540 1581 ἀπάτην
3587 1511 3936 1581 καθυπεκρίο

2293 1621 2445 1658 νοντο
2498 1604 2916 1673 πυνθανόμενος.
2978 1604 3066 1667 Ὠς
3116 1604 3161 1656 δ’
3202 1602 3707 1675 ἐπικρύπτεσθαι
3764 1604 3934 1669 αὐτοῖς

2294 1696 2429 1767 πρὸς
2476 1696 2584 1749 τῶν
2640 1696 2885 1765 βασάνων
2938 1695 3439 1766 συνελαυνομένοις
3506 1694 3804 1747 ἀδύνατον
3855 1692 3932 1765 ἦν,

621 1801 705 1845 tas
745 1797 797 1843 et
838 1786 1150 1842 sacerdotes
1195 1783 1477 1837 tormentis
1528 1777 1781 1847 subjecit,
1823 1791 1930 1844 qua
1980 1776 2190 1829 ratione

2295 1763 2513 1860 ἐδήλουν
2535 1790 2591 1842 δέ
2620 1763 2680 1843 τὸ
2711 1792 2815 1841 πᾶν
2843 1790 3136 1861 μυστήριον
3162 1763 3390 1857 ἀπάτην
3416 1788 3758 1856 τυγχάνειν
3785 1763 3931 1861 τέχνη

623 1883 869 1936 fraudem
911 1880 1336 1933 concinuassent
1378 1874 1737 1938 interrogans.
1780 1866 1882 1933 Qui
1928 1880 2051 1919 cum
2098 1882 2190 1922 ve-

629 1964 847 2017 ritatem
902 1963 1134 2033 amplius
1166 1963 1341 2017 celare
1373 1977 1477 2015 non
1525 1972 1746 2029 possent
1802 1962 1851 2013 vi
1908 1972 2201 2016 tormento-

628 2072 748 2109 rum
779 2056 982 2121 adacti,
1010 2056 1283 2123 totiusque
1307 2054 1551 2124 mysterii
1584 2068 1801 2107 scenam
1832 2069 1859 2106 a
1887 2052 2199 2109 Theotecno

627 2152 743 2195 arte
774 2142 1005 2211 quadam
1057 2143 1411 2211 compositam
1458 2141 1625 2196 fuisse
1675 2142 2013 2207 faterentur;
2054 2142 2197 2198 Lici-

628 2236 751 2291 nius
808 2237 999 2290 merito
1038 2236 1299 2305 supplicio
1357 2246 1581 2291 cunctos
1646 2235 1906 2301 alliciens,
1966 2238 2197 2305 primum

627 2328 843 2395 quidem
883 2327 1251 2380 Theotccnum
1282 2326 1479 2395 ipsum,
1508 2328 1700 2381 deinde
1738 2326 1972 2396 reliquos
1993 2326 2200 2383 fraudis

627 2432 690 2471 ac
714 2419 1108 2488 prtestigiarum
1138 2418 1385 2471 conscios
1416 2432 1479 2471 ac
1527 2418 1836 2486 participes,
1882 2428 1999 2487 post
2028 2419 2196 2486 pluri-

628 2522 747 2563 mos
783 2510 1058 2563 cruciatus
1084 2507 1317 2562 interfici
1339 2507 1522 2574 jussit.
1556 2510 1771 2579 Adjecti
1814 2522 1939 2565 sunt
1970 2512 2055 2565 bis
2081 2526 2199 2564 om-

626 2604 790 2657 nibus
820 2604 982 2657 etiam
1015 2603 1295 2656 Maximini
1326 2602 1480 2657 liberi
1508 2620 1523 2667 ;
1555 2619 1690 2673 quos
1716 2604 1801 2657 ille
1836 2604 1947 2673 jam
1987 2606 2196 2672 imperii

626 2706 908 2751 consortes
954 2704 1005 2749 et
1046 2696 1321 2750 titulorum
1369 2706 1530 2765 atque
1573 2697 1863 2766 imaginum
1912 2698 2197 2766 participes

580 2786 587 2793 ’
627 2784 851 2840 fecerat.
879 2788 1116 2857 Denique
1142 2788 1428 2857 prapinqui
1456 2803 1643 2842 omnes
1673 2788 1909 2858 tyranni,
1937 2790 2025 2856 qui
2054 2788 2195 2844 fastu

625 2886 682 2932 et
710 2878 1003 2935 insolentia
1040 2881 1167 2933 elati
1228 2890 1454 2935 cunctos
1488 2881 1749 2933 mortales
1804 2881 2045 2949 potentia
2099 2896 2196 2935 sua

626 2978 1037 3035 oppresserant,
1073 2971 1259 3024 eadem
1285 2985 1405 3024 cum
1441 2970 1543 3022 illis
1568 2986 1704 3039 quos
1730 2986 1891 3040 supra
1932 2987 2195 3026 memora-

2294 1884 2359 1952 τῇ
2392 1882 2682 1934 Θεοτέκνου
2720 1881 3211 1953 μεμηχανημένην,
3259 1885 3378 1943 τοῖς
3427 1883 3593 1933 πᾶσι
3644 1881 3755 1949 τὴν
3788 1881 3929 1945 ἀξίαι

2295 1972 2503 2036 ἐπιθεὶς
2535 1973 2709 2044 δίκην,
2754 1972 2965 2043 πρῶτον
2997 1972 3155 2024 αὑτὸν
3188 1972 3536 2032 Θεότεκνον,
3582 1966 3718 2022 εἶτα
3760 1970 3818 2022 δέ
3851 1972 3929 2023 καὶ

2292 2066 2417 2128 τοὺς
2448 2064 2546 2134 τῆς
2578 2064 2831 2135 γοητείας
2875 2066 3197 2127 κοινωνοὺς,
3257 2064 3405 2135 μετὰ
3468 2063 3765 2125 πλείστας
3807 2064 3925 2125 ὅσας

2293 2157 2477 2219 αἰκίας
2512 2156 2723 2226 θανάτῳ
2756 2155 3106 2227 παραδίδωσι.
3147 2156 3372 2219 Τούτοις
3420 2156 3625 2209 ἆπασι
3681 2154 3926 2225 προσετί-

2294 2248 2448 2301 θεντο
2474 2249 2567 2300 καὶ
2594 2250 2642 2300 oi
2668 2247 2975 2319 Μαξιμίνου
3016 2249 3201 2311 παῖδες
3243 2248 3334 2312 οὓς
3377 2250 3499 2320 ἤδη
3544 2249 3655 2301 καὶ¹
3697 2249 3801 2318 τῆς
3836 2248 3922 2317 βα-

2294 2341 2506 2412 σιλικῆς
2536 2341 2729 2411 τιμῆς,
2773 2344 2871 2412 τῆς
2908 2359 2966 2395 τε
2998 2343 3055 2393 ἐν
3082 2343 3262 2406 πίναξι
3288 2344 3385 2396 καὶ
3424 2344 3707 2415 γραφαῖς
3736 2342 3921 2394 ἀναθέο

2296 2452 2430 2497 σεως
2469 2434 2729 2503 πεποίητο
2769 2432 3055 2497 κοινωνούς
3078 2452 3090 2464 ’
3140 2437 3231 2487 καὶ
3269 2438 3317 2488 οἱ
3366 2437 3697 2504 συγγενεῖς
3736 2434 3794 2487 δὲ
3830 2436 3912 2487 τοῦ

2292 2526 2550 2594 τυράννου
2575 2523 2634 2577 τὺ
2663 2526 2792 2595 πρὶν
2832 2524 3143 2594 αὐχοῦντες,
3184 2526 3277 2578 καὶ
3312 2527 3548 2588 πάντας
3588 2524 3914 2596 ἀνθρώπους

2292 2613 2776 2668 καταδυναστεύειν
2809 2615 3129 2687 ἐπηρμένοι,
3181 2615 3245 2668 τὰ
3276 2616 3421 2669 αὐτὰ
3476 2618 3608 2679 τοῖς
3648 2614 3906 2686 προδεδη-

2290 2702 2553 2774 λωμένοις
2598 2704 2733 2776 μετά
2774 2706 2873 2776 τῆς
2908 2707 3140 2777 ἐσχάτης
3173 2709 3395 2778 ἀτιμίας
3444 2710 3755 2777 ἔπασχον,
3794 2710 3907 2759 ἐπεὶ

2295 2796 2370 2867 μὴ
2395 2796 2642 2862 ἐδέξαντο
2671 2797 2914 2850 παιδείαν
2943 2797 3073 2867 (84),
3112 2799 3247 2868 μηδὲ
3288 2799 3557 2867 ἔγνωσαν
3591 2800 3741 2871 μηδὲ
3788 2816 3899 2851 συνε

2289 2888 2428 2959 ἧκαν
2460 2889 2557 2960 τὴν
2592 2888 2905 2958 φάσκουσαν
2934 2891 2991 2942 ἐν
3021 2892 3185 2961 ἱεροῖς
3214 2890 3394 2958 λόγοις
3432 2891 3865 2962 παρακέλευσιν
3884 2908 3896 2920 ·

2297 2982 2425 3052 «Μὴ
2459 2982 2745 3034 πεποίθετε
2778 2983 2862 3034 ἐπ’
2892 2983 3187 3053 ἄρχοντας,
3221 2986 3314 3036 ἐπὶ
3357 2988 3522 3048 υἱοὺς
3566 2984 3893 3056 ἀνθρώπων,

626 3063 802 3112 vimus
828 3076 1041 3115 summa
1074 3077 1196 3115 cum
1227 3062 1522 3132 ignominia
1550 3065 1787 3132 perpessi
1820 3074 1963 3119 sunt.
1989 3064 2191 3133 Quippe

2291 3066 2371 3136 οἷς
2394 3073 2493 3125 οὐκ
2522 3072 2635 3125 ἐστι
2666 3075 2905 3144 σωτηρία
2931 3092 2945 3105 ·
2975 3075 3311 3139 ἐξελεύσεται
3342 3078 3403 3130 τὸ
3449 3078 3690 3148 πνεῦμα
3737 3077 3894 3129 αύτοῦ

626 3152 716 3220 qui
749 3153 1087 3224 disciplinam
1126 3169 1228 3207 non
1267 3156 1637 3223 accepissent;
1676 3169 1849 3223 neque
1875 3157 2195 3211 admonitio-

626 3261 749 3299 nem
801 3246 945 3299 illam
1000 3246 1395 3301 intellexissent
1448 3262 1511 3300 ac
1546 3248 1916 3317 percepissent
1972 3263 2092 3316 qua:
2143 3249 2192 3301 in

624 3337 797 3391 sacris
829 3337 1052 3391 Litteris
1090 3338 1167 3390 sic
1202 3339 1346 3393 edita
1377 3348 1461 3394 est
1500 3355 1514 3393 :
1555 3356 1574 3389 ι
1620 3337 1794 3393 Nolite
1817 3338 2090 3393 conlidere
2141 3338 2195 3391 in

625 3430 981 3499 principibus,
1021 3432 1071 3483 iii
1109 3432 1232 3486 filiis
1260 3432 1537 3486 hominum
1562 3432 1832 3501 inquibus
1863 3447 1967 3485 nou
1999 3442 2080 3484 est
2107 3447 2196 3485 sa—

624 3524 729 3578 lus.
768 3524 950 3578 Exibit
995 3524 1224 3593 Spiritus
1276 3524 1394 3593 ejus
1422 3535 1477 3578 et
1530 3535 1836 3579 revertetur
1882 3526 1934 3577 in
1996 3535 2196 3576 terram

623 3636 777 3676 suam
812 3640 825 3677 :
860 3623 913 3675 in
964 3622 1055 3675 illa
1109 3622 1196 3676 die
1265 3622 1518 3690 peribunt
1588 3635 1778 3676 omnes
1839 3620 2198 3690 cogitationes

623 3726 810 3767 eorum
837 3711 903 3768 ³⁸.
938 3732 957 3765 ι
988 3712 1078 3766 Sic
1103 3712 1264 3782 igitur
1283 3713 1430 3765 omni
1458 3711 1719 3765 malorum
1745 3712 1977 3766 colluvie
1999 3728 2198 3781 expur-

624 3816 772 3873 gata,
813 3804 944 3859 solis
980 3803 1339 3858 Constantino
1363 3817 1427 3857 ac
1477 3802 1687 3856 Licinio
1731 3804 2022 3871 imperium
2054 3802 2197 3870 quod

626 3898 759 3967 ipsis
783 3897 1145 3965 competebat,
1174 3895 1386 3948 firmum
1418 3896 1655 3960 nullique
1671 3894 1959 3949 obnoxium
1984 3894 2199 3948 invidia:

623 3988 911 4045 remansit.
936 3988 1037 4054 Qui
1075 4004 1197 4042 eum
1230 3987 1618 4042 beneficiorum
1674 4000 1793 4055 qua:
1824 4002 1855 4041 a
1887 3986 1996 4039 Deo
2046 4000 2199 4039 acce-

623 4094 815 4155 perant
844 4084 945 4138 sibi
984 4080 1186 4136 conscii
1236 4089 1437 4143 essent,
1488 4091 1617 4133 ante
1646 4081 1823 4133 omnia
1863 4080 2139 4147 impietate
2168 4092 2199 4131 e

625 4176 808 4229 medio
855 4176 1088 4239 sublata,
1147 4176 1385 4229 studium
1448 4174 1685 4232 virtutis,
1733 4172 1898 4225 divini
1958 4170 2197 4223 numinis

626 4275 864 4315 amorem
884 4270 936 4314 et
958 4261 1232 4329 pietatem,
1253 4267 1574 4330 gratumque
1590 4272 1714 4330 erga
1741 4256 1907 4313 Deum
1931 4261 2195 4328 animum,

627 4350 751 4404 latis
766 4366 863 4420 pro
876 4350 1312 4405 Christianorum
1329 4352 1586 4421 religione
1601 4350 1807 4421 legibus
1821 4348 2189 4408 declararunt.

792 4436 945 4491 Finis
991 4439 1112 4491 libri
1152 4442 1275 4493 noni
1306 4439 1559 4495 Historia:
1588 4439 1972 4495 ecclesiasticm.

685 4587 733 4621 ⁸⁸
767 4588 904 4644 Psal.
940 4606 1125 4655 cxuu,
1154 4590 1279 4645 2-4.

2292 3165 2385 3216 καὶ
2427 3164 2755 3236 ἀποστρέψει
2806 3169 2885 3229 εἰς
2922 3166 3017 3237 τὴν
3068 3169 3171 3239 γῆν
3213 3170 3377 3223 αὑτοῦ
3406 3187 3419 3198 ⁸
3483 3174 3547 3224 ἐν
3593 3171 3785 3240 ἐκείνῃ
3832 3172 3889 3239 τῇ

2292 3257 2476 3331 ἡμέρᾳ
2508 3258 2830 3312 ἀπολοῦνται
2876 3260 3073 3324 πάντες
3122 3264 3171 3314 οἱ
3224 3263 3599 3334 διαλογισμοὶ»
3634 3264 3839 3315 αὐτῶν.
3868 3282 3883 3311 ο

2293 3345 2449 3398 υῦτω
2492 3347 2629 3417 δῆτα
2674 3349 2782 3403 τῶν
2825 3349 3098 3403 δυσσεϐὦν
3150 3351 3652 3421 ἐκκαθαρθέντων,
3714 3350 3889 3419 μόνοις

2292 3439 2622 3507 ἐφυλάττετο
2646 3442 2713 3495 τὰ
2737 3445 2835 3515 τῆς
2859 3444 3240 3515 προσηκούσης
3275 3444 3564 3514 βασιλείας
3597 3444 3796 3514 βέϐαιά
3828 3460 3881 3493 τε

2292 3533 2384 3584 καί
2412 3534 2743 3603 ἀνεπίφθονα
2769 3575 2782 3598 ,
2824 3537 3217 3608 Κωνσταντίνῳ
3255 3540 3348 3591 καὶ
3374 3540 3650 3607 Λικιννίῳ
3671 3553 3685 3565 ·
3732 3537 3780 3588 οἳ
3829 3536 3883 3587 τὺ

2292 3625 2525 3697 πρόσθεν
2572 3627 2823 3682 ἁπάντων
2868 3630 3271 3702 ἐκκαθάραντες
3315 3630 3407 3683 τοῦ
3462 3632 3585 3703 βίου
3625 3631 3727 3701 τὴν
3769 3629 3877 3680 θεοο

2292 3716 2533 3788 εχθρίαν,
2564 3719 2671 3773 τῶν
2718 3721 2782 3773 ὲκ
2816 3721 2949 3775 Θεοῦ
2996 3722 3485 3793 πρυτανευθέντων
3520 3723 3753 3792 ἀγαθῶν
3781 3721 3875 3773 αύ-

2291 3810 2404 3870 τοίς
2449 3810 2766 3881 ᾐσθημένοι,
2814 3812 2875 3864 τὸ
2915 3812 3201 3883 φιλάρετον
3248 3814 3340 3865 καὶ
3383 3814 3676 3883 θεοφιλὲς,
3716 3812 3774 3864 τό
3813 3827 3867 3863 τε

2293 3901 2427 3972 πρὸς
2451 3902 2511 3954 τὸ
2534 3903 2685 3955 Θείον
2720 3905 2937 3967 εὐσεϐὲς
2972 3906 3067 3959 καὶ⁸
3111 3906 3427 3977 εὐχάριστον
3467 3908 3561 3962 διά
3607 3906 3707 3977 τῆς
3737 3904 3869 3974 ὑπὲρ

2292 3996 2628 4064 Χριστιανῶν
2655 3997 2983 4064 ἐνεδείξαντο
3008 4000 3349 4070 νομοθεσίας.

2357 4421 2534 4488 Τέλος
2580 4422 2685 4475 τοῦ
2742 4422 2789 4477 θ’
2845 4420 3216 4558 λόξοὲτοέἔίἓ
3265 4414 3797 4490 Ἐκκλησιᾱστικῆς

615 4747 810 4814 quibus
864 4746 1040 4817 colligi
1079 4758 1280 4817 potest,
1330 4748 1675 4804 Maximinum
1701 4749 1917 4802 circiter
1959 4747 2176 4803 biennio
2208 4750 2251 4807 ι)
2282 4765 2381 4802 nus
2406 4759 2582 4805 tamen
2609 4750 2952 4813 Quintianum
2975 4749 3157 4801 vertit.
3184 4748 3334 4817 Apud
3353 4747 3707 4815 Nicephorum
3726 4741 3841 4817 Ᾱςυλ

613 4818 913 4887 Augustum
964 4819 1153 4883 fuisse,
1206 4835 1328 4872 cum
1358 4818 1466 4887 jam
1509 4833 1667 4873 antea
1694 4836 1760 4873 vu
1812 4819 1967 4872 anuis
1998 4818 2179 4873 Cmsat‘

615 4885 839 4952 fuisset;
885 4896 939 4941 et
965 4892 1030 4943 ad
1060 4906 1257 4943 annum
1287 4885 1484 4944 Christi
1511 4890 1615 4944 3l5
1654 4890 1979 4956 pervenisse.
2025 4889 2179 4954 Quod

612 4958 778 5029 etiam
806 4975 870 5012 ex
896 4960 1139 5026 epistolis
1158 4962 1395 5029 ejusdem
1422 4960 1927 5014 demonstravimus.
1954 4958 2186 5013 l’roinde

613 5028 800 5095 tuiror,
854 5030 995 5083 unde
1039 5031 1090 5084 in
1140 5031 1353 5084 Eusebii
1393 5030 1687 5084 Chronicon
1733 5031 2013 5098 irrepserit
2052 5031 2186 5083 adeo

2287 4821 2473 4884 κιανός
2495 4822 2773 4883 scribitur,
2799 4834 3088 4888 uirumque
3114 4813 3387 4875 mendose.
3410 4813 3688 4888 Culcianus
3707 4813 3832 4865 enim

2287 4891 2572 4945 dicebatur
2611 4894 2699 4945 hic
2744 4907 2963 4958 praises,
3004 4885 3070 4942 'ut
3117 4902 3312 4955 praeter
3343 4889 3632 4944 Eusebium
3661 4885 3835 4937 docent

2283 4962 2417 5014 Acta
2446 4963 2716 5027 passionis
2746 4961 2946 5013 Philete
2970 4961 3244 5027 martyris.

2354 5018 2492 5100 (83)
2526 5033 2873 5086 Θεότεκνον.
2903 5030 3007 5100 HDe
3062 5018 3163 5100 hoc
3228 5028 3543 5100 Theotecn‘o
3572 5018 3831 5100 Eusebius

2280 5087 2442 5168 supra
2470 5087 2521 5156 in
2553 5105 2654 5156 hoc
2687 5104 2845 5155 libro.
2895 5099 3049 5153 llunc
3090 5097 3455 5154 'l‘heotecnum
3488 5098 3697 5153 Galerio
3735 5087 3830 5142 Ma—

2279 5172 2522 5225 ximiano
2578 5173 2915 5241 persuasis<e
2980 5179 3038 5222 ut
3099 5173 3528 5239 persecutionem
3580 5168 3865 5241 _ad_vc.rs.ft5.

2280 5230 2623 5295 Christianos
2654 5245 2978 5306 institueret,
3010 5230 3199 5293 scribit
3228 5244 3528 5294 Cedrenus.
3575 5230 3826 5306 Sed__fallio

2285 5322 2393 5383 tur,
2423 5314 2549 5365 dum
2575 5312 2847 5383 Galerium
2875 5301 3257 5383 Maiimiauum
3301 5326 3396 5379 pro
3427 5308 3640 5363 Galerio
3682 5301 3827 5383 Maxi-

2283 5382 2432 5453 mino
2458 5384 2696 5448 accepit,
2736 5382 2829 5453 qui
2873 5381 3132 5435 solemnis
3166 5390 3248 5433 est
3287 5395 3443 5435 error
3497 5381 3819 5433 recentiorum

2284 5449 2625 5505 Graecorum.

2356 5520 2466 5589 (84)
2518 5519 2615 5587 Μὴ
2666 5518 2948 5583 ἐδέξαντο
2975 5517 3267 5573 παιδείαν.
3320 5517 3547 5573 Locutio
3578 5517 3822 5589 estsact’}!

2287 5576 2609 5659 Sc‘rip'turze:
2635 5591 2727 5644 Sic
2756 5576 2807 5643 in
2849 5592 3055 5657 psalmo
3082 5605 3112 5642 u
3155 5605 3168 5641 :
3212 5590 3592 5659 Appia/tendite
3626 5576 3816 5659 disclPli‘

2289 5657 2433 5727 nam,
2458 5671 2509 5714 et
2540 5662 2837 5716 innumeris
2864 5662 2916 5714 in
2945 5661 3078 5715 locis
3111 5659 3320 5716 Veteris
3342 5657 3697 5715 lustrutnenti.

614 5098 795 5165 gravis
823 5114 1006 5166 error,
1042 5108 1099 5152 ut
1120 5116 1265 5155 mors
1285 5100 1565 5155 Maximini
1588 5110 1715 5154 ante
1749 5103 1945 5154 cwdem
1976 5098 2186 5152 Maxem

614 5168 685 5241 tii_
708 5167 992 5241 referatur.
1044 5169 1196 5236 Quod
1232 5174 1449 5240 quidem
1495 5170 1807 5241 llierOnyuii
1844 5169 1998 5241 culpa
2035 5185 2183 5241 com—

614 5238 845 5311 missum
891 5240 1121 5307 videtur,
1169 5238 1365 5311 quippe
1428 5246 1522 5311 qui
1580 5238 1883 5296 Eusebiano
1917 5238 2180 5293 Chronico

614 5307 783 5361 multa
814 5306 878 5361 de
901 5326 999 5361 suo
1035 5306 1261 5364 addidit.

685 5378 795 5449 (82)
825 5381 1218 5445 Κουλκιανός.
1252 5379 1452 5434 Fuerat
1502 5381 1587 5434 bic
1615 5395 1811 5450 praeses
1867 5378 2181 5450 Thebaidis,

613 5456 673 5500 ut
709 5448 940 5501 teStatur
973 5450 1303 5518 Epiphanius
1330 5451 1382 5503 in
1419 5448 1732 5511 literesi‘68.
1759 5465 1878 5518 quae
1906 5459 1989 5504 est
2022 5448 2185 5502 Mele—

616 5517 1027 5591 ti‘anorum,his
1057 5522 1285 5591 verbis:
1326 5520 1655 5591 Κουλκιανὸς
1701 5517 1799 5590 μὲν
1846 5517 1913 5591 ἦν
1948 5520 2185 5591 ἔπαρχος

611 5588 709 5657 τῆς
760 5588 1074 5662 Θηϐαΐδοςς⁸
1110 5588 1510 5662 Ἀλεξανδρείας
1569 5588 1964 5662 δέξίεροκλῆς.
1998 5588 2188 5662 Scribe

615 5673 733 5711 meo
767 5662 1003 5728 periculo
1036 5658 1459 5722 Koalxtatvéc‘ex
1491 5662 1592 5718 hoc
1622 5658 1836 5717 Eusebii
1868 5658 2005 5717 loco.
2038 5658 2189 5714 Rufi-
