4132 6406
226 386 364 444 849

1275 387 1620 448 ΙΠΞΤΟΚΙΑΞ
1661 391 2220 448 ΕαοιεδιΑετιεΑε
2260 390 2388 449 LIB.
2425 390 2490 447 Χ.

3394 387 3497 441 εεε

244 502 733 583 -ς-ῃαηῖτιτρτός
752 505 941 583 ἐπὶτῇ
963 509 1081 564 τῶν
1128 511 1472 579 ἑκκλησιων
1522 511 1822 583 οἰκοδομῆς

1930 514 1968 583 -ιι
2013 512 2200 571 Oratio
2228 512 2568 583 panegyrici:
2591 578 2600 583 Α
2624 511 2688 562 de
2740 504 3107 583 wdiﬁcatione_
3137 500 3496 565 ecclesiarum,

280 578 576 640 Παυλίνῳ
610 579 829 646 Τυριων
856 580 1167 651 ἐπισκόπῳ
1193 578 1795 653 προσπεςςωνημένὸςζ

320 662 396 721 Ὦ
438 668 582 738 φίλοι
618 668 753 724 Θεοῦ
802 673 895 727 καὶ
946 675 1128 745 ἱερεῖς,
1174 677 1221 728 οἱ
1254 676 1344 730 τὸν
1388 675 1541 744 ἅγιον
1590 675 1823 748 ποδήρη,

226 760 342 815 καὶ
380 758 474 814 τὸν
510 760 759 833 οὐράνιον
788 764 886 835 τῆς
918 763 1075 836 δόξης
1115 766 1399 836 στέφανον,
1438 767 1497 820 τό
1524 784 1584 820 τε
1620 770 1826 840 χρῖσμα

227 846 303 900 τὸ
350 846 555 912 ἔνθεον,
594 852 689 905 καὶ
722 851 822 924 τὴν
862 853 1139 926 ἱερατικὴν
1180 856 1275 909 τοῦ
1319 857 1476 925 ἀγίου
1510 856 1825 928 Πνεῦματος

232 940 444 1013 στολὴν
495 944 978 1017 περιϐεϐλημένοι,
1024 948 1086 1001 σύ
1146 966 1227 1013 τε,
1273 944 1318 1003 ὦ
1363 949 1482 1004 νέου
1523 951 1678 1020 ἁγίου
1720 950 1825 1006 νεὼ

226 1029 383 1085 Θεοῦ
422 1035 821 1108 σεμνολόγημα,
848 1040 1058 1110 γεραρᾷ
1098 1041 1194 1110 μὲν
1226 1041 1480 1113 φρονήσει
1513 1042 1661 1113 παρά
1687 1039 1821 1094 Θεοῦ

233 1127 609 1197 τετιμημένε,
644 1130 768 1194 νέας
805 1131 861 1184 δὲ
907 1134 998 1185 καὶ
1039 1133 1394 1206 ἀκμαζούσης
1437 1133 1635 1205 ἀρετῆς
1686 1133 1822 1206 ἔργα

238 1218 520 1292 πολυτελῆ
544 1222 639 1275 καὶ
665 1222 891 1292 πράξεις
930 1224 1354 1296 ὲπιδεδειγμένε,
1389 1218 1433 1293 ᾧ
1466 1227 1557 1279 τὸν
1599 1228 1690 1280 ἐπὶ
1720 1226 1823 1296 γῆς

232 1304 394 1365 οἷκον
429 1310 592 1375 αὐτὸς
628 1313 657 1365 ό
694 1313 783 1366 τὸν
831 1312 1121 1384 σύμπαντα
1155 1317 1359 1387 κόσμον
1393 1319 1660 1389 περιέχων
1691 1316 1823 1380 Θεὸς

229 1397 536 1469 δείμασθαι
575 1398 670 1453 καὶ
709 1399 966 1456 ἀνανεοῦν
1009 1403 1229 1475 Χριστῷ
1273 1403 1350 1475 τῷ
1396 1406 1674 1475 μονογενεῖ
1728 1405 1823 1458 καὶ

231 1493 584 1563 πρωτογενεῖ
619 1492 783 1547 αὑτοῦ
816 1493 991 1563 Λόγῳ,
1024 1497 1090 1566 τῇ
1134 1512 1193 1548 τε
1238 1496 1368 1566 ἁγίᾳ
1396 1495 1491 1549 καὶ
1532 1496 1824 1569 θεοπρεπεῖ

228 1582 436 1636 τούτου
465 1581 670 1657 νύμφῃ,
708 1584 878 1655 γέρας
902 1585 1175 1658 ἐξαίρετον
1200 1585 1497 1658 δεδώρηται
1528 1587 1638 1659 (95)
1663 1604 1677 1618 ο
1708 1587 1817 1642 εἴτε

229 1692 326 1739 τις
349 1675 473 1730 νέον
499 1694 557 1730 σε
589 1677 875 1748 Βεσελεὴλ,
904 1678 1054 1742 θείας
1086 1680 1440 1750 ἀρχιτέκτονα
1469 1681 1674 1751 σκηνῆς
1698 1680 1818 1734 ἐθέ-

228 1763 322 1819 λοι
351 1767 560 1830 καλεῖν,
590 1768 698 1820 εἴτε
720 1768 1027 1839 Σολομῶνα,
1068 1770 1258 1840 καινῆς
1300 1768 1393 1823 καὶ
1418 1769 1550 1823 πολὺ
1579 1769 1818 1843 κρείττο-

2212 574 2445 639 Plautino
2478 578 2756 649 Tyriorum
2785 577 3022 645 episcopo
3053 574 3217 627 dicta.

1993 675 2168 731 Amici
2202 683 2259 729 et
2289 671 2604 728 sacerdotes
2638 668 2755 732 Dei,
2802 665 2895 735 qui
2937 679 3090 718 sacra
3119 662 3301 717 tunica
3336 661 3498 715 talari

1927 767 2124 827 induti.
2177 777 2232 819 et
2289 762 2494 819 cmlesti
2524 760 2712 830 gloria:
2753 772 2954 811 corona
2994 755 3257 821 decorati,
3285 754 3500 808 divina-

1925 873 2030 925 que
2061 856 2314 910 unctione
2337 851 2584 915 delibuti,
2619 860 2672 904 et
2698 849 3027 904 sacerdotali
3061 846 3231 900 sancti
3262 843 3498 913 Spiritua

1927 959 2075 1003 veste
2104 947 2296 1003 amicti‘
2325 946 2495 1011 estis;
2524 957 2685 1012 tuque
2716 960 2748 998 ο
2772 942 2894 997 novi
2928 956 2991 995 ac
3031 940 3201 994 sancti
3228 936 3320 993 Dei
3356 948 3496 993 tem-

1927 1040 1997 1109 pli
2042 1041 2206 1093 decus
2235 1037 2495 1092 eximium
2524 1076 2540 1103 ,
2571 1036 2662 1104 qui
2698 1034 2853 1088 senili
2901 1033 3117 1104 quidem
3161 1029 3440 1100 prudentia
3464 1044 3493 1081 a

1927 1135 2037 1188 Deo
2067 1134 2351 1187 decoratus
2379 1146 2457 1195 es,
2484 1129 2740 1200 juvenilis
2773 1137 2953 1182 autem
3008 1143 3070 1195 ac
3101 1127 3292 1181 vividae
3324 1125 3496 1179 virtu-

1927 1229 1996 1281 tis
2026 1226 2283 1296 prmclara
2322 1224 2568 1278 facinora
2599 1220 2850 1283 edidisti;
2895 1219 2981 1273 cui
3022 1220 3137 1288 ipse
3182 1218 3496 1272 universum

1924 1320 2181 1374 mundum
2233 1319 2515 1373 continens
2580 1316 2744 1378 Deus,
2782 1316 2921 1368 hanc
2969 1314 3021 1367 in
3064 1313 3227 1366 terris
3279 1312 3496 1366 donmm

1921 1410 2140 1466 Christo
2174 1409 2334 1464 unico
2382 1423 2450 1464 ac
2509 1407 2872 1477 pritnogeuito
2905 1419 3005 1459 suo
3041 1404 3236 1466 Verbo.
3276 1412 3501 1457 sanctae-

1920 1517 2025 1572 qne
2049 1516 2111 1557 ac
2137 1499 2333 1554 divitum
2354 1497 2475 1569 ejus
2507 1511 2718 1565 sponsae
2749 1503 3067 1547 construere
3114 1508 3179 1548 ac
3209 1507 3495 1561 renovare,

1921 1592 2119 1647 eximia
2175 1591 2408 1661 quadam
2465 1587 2823 1658 praerogativa
2860 1585 3172 1651 concessit;
3209 1583 3372 1654 372
3402 1598 3498 1637 seu

1924 1686 2050 1756 quis
2106 1694 2158 1741 te
2206 1695 2402 1738 novum
2452 1679 2779 1735 Beseleelem
2828 1676 2994 1732 divini
3030 1677 3383 1731 architectum
3416 1686 3500 1729 taw

1924 1777 2204 1834 bernaeuli
2239 1788 2438 1830 vocare
2484 1771 2753 1835 voluerit;
2787 1785 2883 1824 seu
2941 1768 3311 1834 Salomonem,
3345 1782 3498 1823 novae

230 1874 332 1921 νος
377 1858 733 1931 Ἰερουσαλὴμ
766 1859 1022 1930 βασιλέα,
1058 1862 1168 1913 εἴτε
1201 1862 1294 1914 καὶ
1326 1860 1444 1914 νέον
1491 1860 1815 1932 Ζοροϐάϐελ,

1922 1887 1985 1926 ac
2017 1869 2187 1924 multo
2214 1864 2614 1938 praestantioris
2656 1861 2957 1918 Jerusalem
3029 1874 3247 1929 regem:
3276 1875 3371 1915 seu
3411 1861 3499 1916 de-

229 1949 340 2021 τὴν
376 1949 510 2005 πολῦ
543 1950 824 2022 κρείττονα
854 1949 1011 2016 δόξαν
1047 1952 1147 2022 τῆς
1177 1952 1448 2025 προτέρας
1479 1952 1556 2023 τῷ
1592 1952 1697 2022 νεῷ
1724 1952 1817 2006 τοῦ

229 2040 381 2096 Θεοῦ
408 2042 754 2115 περιτιθέντα
777 2061 789 2075 ·
824 2043 959 2098 ἀλλὰ
986 2046 1081 2097 καὶ
1108 2045 1284 2115 ὑμεῖς,
1316 2039 1361 2098 ὦ
1387 2045 1487 2114 τῆς
1510 2046 1660 2117 ἱερᾶς
1690 2046 1820 2115 ἀγέο

228 2132 339 2206 ὶης
363 2135 598 2206 Χριστοῦ
631 2134 940 2207 θρέμματα,
961 2137 1132 2205 λόγων
1163 2138 1382 2207 ἀγαθῶν
1405 2138 1575 2203 ἑστία,
1610 2156 1821 2212 σωφρο-

231 2223 415 2295 σύνης
475 2226 877 2299 παιδευτήριον,
945 2230 1037 2283 καὶ
1107 2230 1418 2295 θεοσεϐείας
1477 2230 1670 2302 σεμνὸν
1725 2230 1819 2285 καὶ

228 2315 491 2383 θεοσεϐὲς
517 2319 877 2393 ἀκροατήριον
918 2322 1028 2393 (96)
1050 2338 1064 2353 ο
1101 2322 1266 2377 πάλαι
1309 2325 1408 2394 μὲν
1440 2327 1570 2397 ἡμῖν
1600 2324 1697 2389 τὰς
1725 2341 1821 2378 πα·

232 2413 498 2486 ρεδόξους
530 2414 875 2487 θεοσημείας,
909 2416 1003 2469 καὶ
1035 2415 1141 2469 τῶν
1170 2415 1262 2469 τοῦ
1293 2416 1498 2488 Κυρίου
1528 2416 1820 2487 θαυμάτων

230 2504 342 2569 τὰς
378 2507 462 2570 είς
505 2504 824 2578 ἀνθρώπους
872 2507 1207 2580 εὐεργεσίας,
1247 2508 1335 2562 διά
1376 2507 1535 2561 θείων
1571 2510 1814 2578 ἀναγνω-

233 2597 468 2668 σμάτων
514 2599 650 2670 ἀκοῇ
682 2599 1164 2671 παραδεχομένοις,
1199 2598 1401 2671 ὕμνους
1441 2601 1520 2663 είς
1548 2599 1681 2653 Θεὸν
1727 2600 1820 2653 καὶ

233 2689 385 2760 ᾠδὰς
423 2691 765 2762 ἀναπέμπειν
804 2692 952 2763 ἐξῆν,
981 2691 1157 2761 λέγειν
1199 2692 1605 2764 παιδευομένοις
1630 2709 1643 2722 ⁸
1693 2710 1712 2743 ι
1760 2692 1819 2746 '0

236 2782 400 2848 Θεὸς,
429 2785 485 2838 ἐν
532 2787 643 2847 τοῖς
690 2784 825 2837 ὠσὶν
874 2784 1029 2855 ἡμῶν
1081 2785 1426 2856 ἠκούσαμεν·
1482 2786 1531 2838 οί
1581 2783 1819 2856 πατέρες

237 2875 404 2946 ἡμῶν
457 2876 782 2947 ἀνήγγειλάν
826 2879 955 2949 ἡμῖν
1011 2876 1170 2950 ἔργον
1217 2878 1245 2930 ὃ
1286 2878 1528 2949 εἰργάσω
1594 2878 1652 2931 ὲν
1699 2880 1817 2940 ταῖς

238 2965 481 3038 ἡμέραις
502 2968 698 3032 αὐτῶν,
739 2971 795 3020 ἐν
826 2970 1057 3040 ἡμέραις
1082 2970 1351 3040 ἀρχαίαις.
1389 2989 1406 3020 ι
1451 2968 1610 3021 Ἀλλὰ
1636 2967 1730 3021 νῦν
1752 2984 1816 3037 γε

237 3057 420 3110 οῦκέτ’
462 3059 654 3123 ἀκοαῖς
700 3061 819 3114 οὐδὲ
853 3062 1022 3137 λόγων
1065 3064 1273 3132 φήμαις
1310 3061 1402 3115 τὸν
1437 3060 1695 3132 βραγίονα
1726 3060 1817 3113 τὸν

240 3148 470 3220 ὑψηλὸν,
501 3152 599 3222 τήν
630 3169 688 3205 τε
726 3152 974 3224 οὐράνιον
1006 3152 1181 3219 δεξιὰν
1233 3151 1328 3205 τοῦ
1376 3150 1688 3219 παναγάθου
1722 3150 1815 3202 καὶ

1922 1966 2088 2033 nique
2137 1977 2334 2016 novum
2388 1954 2726 2021 Zorobabel;
2766 1955 2964 2024 quippe
3011 1952 3103 2021 qui
3168 1950 3370 2018 templo
3400 1950 3496 2004 Dei

1921 2058 2082 2126 longe
2134 2054 2402 2124 majorem
2433 2066 2595 2121 quam
2631 2059 2789 2104 antea
2826 2046 3175 2114 splendorem
3206 2044 3493 2113 adjeceris.

1922 2148 2030 2201 Vos
2065 2159 2278 2218 quoque
2327 2159 2359 2198 ο
2403 2159 2531 2215 grex
2584 2141 2785 2198 Christi
2815 2154 2994 2201 sacer,
3021 2137 3354 2207 optimorum
3382 2152 3498 2192 ser-

1922 2252 2142 2293 monum
2175 2234 2530 2298 domicilium,
2563 2231 2843 2286 modestiae
2871 2228 3081 2293 schola,
3122 2242 3286 2298 grave
3312 2243 3376 2284 ac
3403 2243 3496 2282 re-

1921 2333 2171 2403 ligiosum
2226 2329 2448 2400 pictatis
2504 2324 2871 2389 auditorium;
2904 2321 3222 2392 jamdudum
3276 2322 3497 2391 quidem

1922 2441 2020 2479 nos
2053 2423 2144 2493 qui
2175 2420 2436 2491 stupenda
2486 2418 2577 2474 Dei
2602 2415 2867 2487 prodigia,
2892 2423 2949 2470 et.
2977 2414 3351 2469 admirabilem
3389 2413 3495 2466 Do-

1921 2517 2050 2571 mini
2077 2530 2202 2585 erga
2236 2513 2485 2568 homines
2532 2509 2941 2564 beneﬁcentiam
2984 2522 3048 2560 ex
3088 2506 3287 2560 divinis
3326 2518 3498 2559 sacrm

1921 2609 2217 2675 Scriptum
2243 2603 2569 2660 lectionibus
2597 2601 2911 2670 frequenter
2935 2598 3310 2663 audiebamus,
3340 2596 3497 2665 hym-

1921 2717 2019 2757 nos
2047 2710 2100 2756 et
2131 2699 2346 2756 cantica
2386 2697 2438 2751 in
2477 2695 2569 2749 Dei
2605 2694 2818 2748 laudem
2854 2691 3145 2747 concinere
3175 2687 3494 2752 assuefacti,

1920 2796 2003 2850 his
2029 2793 2209 2849 verbis
2258 2791 2334 2846 uti
2386 2800 2753 2859 poteramus:
2796 2804 2814 2835 ι
2840 2784 3238 2848 Deus,auribus
3285 2781 3500 2834 nostris

1919 2885 2268 2941 audivimus:
2308 2892 2491 2951 patres
2569 2878 2740 2933 nostri
2801 2874 3268 2930 annnntiaveruut
3338 2872 3497 2927 nobis

1918 2991 2053 3046 opus
2085 2974 2229 3044 quod
2260 2980 2521 3041 operatus
2553 2983 2611 3023 es
2658 2968 2711 3020 in
2742 2966 2937 3020 diebus
2973 2980 3186 3028 eorum,
3214 2964 3273 3017 in
3303 2962 3496 3018 diebus

1918 3069 2157 3137 antiquis
2177 3067 2243 3120 ⁸³.
2271 3084 2290 3118 ι
2324 3064 2476 3120 Nunc
2506 3077 2638 3118 vero
2669 3074 2791 3115 cum
2832 3074 2938 3112 non
2996 3057 3183 3111 auditu
3224 3056 3358 3117 solo.
3398 3069 3499 3115 nee

1926 3161 2103 3215 verbis
2137 3174 2200 3214 ac
2233 3150 2379 3211 fama
2400 3159 2579 3218 tenus,
2615 3152 2706 3207 Dei
2735 3149 2923 3220 optimi
2971 3148 3193 3203 maximi
3232 3149 3372 3215 regis
3402 3163 3496 3199 no,

240 3240 638 3311 παμϐασιλέως
670 3244 830 3313 ἡμῶν
875 3243 1011 3297 Θεοῦ
1057 3243 1597 3316 παραλαμϐάνουσιν,
1638 3241 1820 3313 ἔργοις

1922 3249 2019 3303 stri
2067 3248 2351 3303 brachium
2378 3244 2652 3299 excelsum
2679 3253 2732 3297 et
2769 3240 3046 3295 cmlestem
3082 3240 3330 3294 dextram
3366 3252 3493 3306 per-

237 3327 309 3394 δ’,
353 3331 431 3394 ὠς
462 3331 590 3395 ἔπος
624 3335 815 3398 εἰπεῖν,
852 3336 946 3389 καὶ
983 3336 1164 3398 αὐτοῖς
1205 3335 1505 3406 ὀφθαλμοῖς
1542 3332 1608 3386 τά
1651 3333 1818 3386 πάλαι

244 3423 351 3495 μνῆ
362 3437 436 3495 μῃ
466 3424 873 3496 παραδεδομένα
899 3428 1062 3481 πιστὰ
1082 3429 1174 3481 καὶ
1198 3427 1369 3498 ἀληθῆ
1392 3426 1815 3499 καθορωμένοις,

241 3512 497 3584 δεύτερον
564 3515 730 3587 ὕμνον
799 3518 1065 3572 ἐπινίκιον
1126 3518 1390 3590 πάρεστιν
1458 3516 1815 3589 ἀναμέλπειν,

241 3607 492 3680 ἐναργῶς
518 3627 575 3662 τε
605 3611 905 3681 ἀναφωνεῖν
932 3612 1027 3665 καὶ
1064 3610 1240 3680 λέγειν
1260 3627 1273 3641 '
1309 3630 1329 3661 ι
1364 3609 1632 3681 Καθάπερ
1653 3606 1820 3679 ἡκού-

243 3717 440 3772 σαμεν,
470 3701 640 3766 οῦτως
679 3704 772 3756 καὶ
805 3703 1037 3772 εἴδομεν,
1075 3702 1134 3755 ὲν
1167 3701 1311 3755 πόλει
1342 3701 1548 3774 Κυρίου
1589 3699 1696 3753 τῶν
1728 3699 1819 3751 δυ-

239 3794 481 3863 νάμεων,
509 3797 568 3847 ἐν
613 3795 761 3848 πόλει
802 3795 895 3848 τοῦ
932 3792 1067 3850 (θεοῦ
1094 3795 1271 3867 ἡμῶν.
1320 3812 1338 3846 ›
1376 3794 1514 3865 Hei;
1548 3793 1605 3846 δὲ
1647 3790 1818 3856 πόλει,

242 3885 277 3957 ἢ
311 3887 439 3958 τῇδε
467 3890 533 3960 τῇ
574 3891 835 3956 νεοπαγεῖ
863 3889 957 3941 κο.)⁸
986 3887 1316 3957 θεοτεύκτῳς
1350 3888 1471 3958 ἥτις
1502 3887 1648 3939 ἐστὶν
1701 3884 1820 3937 Ἐκ-

241 3979 444 4051 κλησία
473 3979 607 4034 Θεοῦ
636 3981 835 4046 ζῶντος
854 4020 867 4045 ,
901 3980 1089 4045 στῦλος
1126 3980 1220 4034 καὶ
1248 3977 1527 4050 ἑδραίωμα
1555 3978 1655 4049 τῆς
1686 3977 1819 4048 ἀλη-

243 4072 422 4137 θείας·
448 4074 575 4146 περὶ
597 4070 664 4146 ἦς
694 4077 788 4127 καὶ
813 4073 939 4128 ἄλλο
965 4092 1017 4126 τι
1044 4074 1183 4127 θεῖον
1202 4072 1379 4142 λόγιον
1401 4066 1503 4124 (ἰδέ
1529 4089 1642 4135 πως
1659 4071 1822 4139 εὐαγ-

242 4165 518 4235 γελίζεται
536 4182 549 4193 ⁸
594 4185 612 4217 ι
648 4164 1018 4235 Δεδοξασμένα
1047 4163 1279 4237 ἐλαλήθη
1306 4163 1431 4235 περὶ
1467 4161 1581 4227 σοῦ,
1607 4164 1639 4233 ἡ
1668 4162 1821 4226 πόλις

240 4255 338 4311 τοῦ
375 4256 541 4311 Θεοῦο
586 4276 604 4309 ι
648 4258 731 4328 ἐφ’
769 4258 835 4328 ἢν
874 4255 966 4310 τοῦ
1013 4256 1325 4325 παναγάθου
1356 4256 1822 4327 συγκροτήσαντος

241 4352 392 4421 ἡμᾶς
427 4347 562 4403 Θεοῦ
593 4348 680 4403 διὰ
714 4348 811 4418 τῆς
839 4346 933 4400 τοῦ
984 4345 1321 4416 Μονογενοῦς
1367 4344 1531 4399 αὐτοῦ
1578 4345 1819 4416 χάριτος,

238 4441 352 4495 τῶν
428 4440 885 4512 ἀνακεκλημένων
947 4440 1177 4502 ἕκαστος
1237 4438 1471 4509 ὑμνείτω
1541 4439 1822 4510 μονονουχὶ

1920 3341 2213 3411 ripiamus;
2246 3337 2548 3403 sethreipsa
2585 3335 2918 3403 nostrisque,
2955 3341 3014 3386 ut
3055 3331 3128 3386 ita
3154 3331 3494 3398 dicam,ocu-

1921 3432 2006 3496 iis,
2044 3447 2235 3487 eorum
2271 3445 2393 3501 qua:
2434 3428 2565 3485 olim
2598 3427 2817 3494 scriptis
2840 3424 3051 3496 prodita
3080 3432 3209 3478 sunt
3237 3422 3396 3476 ﬁdem
3428 3434 3494 3475 ac

1919 3524 2200 3577 veritatem
2252 3534 2565 3583 cernamus,
2619 3517 2849 3572 alterum
2895 3515 3052 3571 nobis
3106 3512 3494 3583 triumphalem

1922 3618 2180 3688 hymnum
2212 3629 2412 3669 canere
2441 3623 2603 3680 atque
2634 3613 2688 3665 in
2731 3612 2845 3666 haec
2890 3611 3052 3666 verba
3086 3609 3287 3664 diserte
3311 3606 3496 3661 excla-

1922 3726 2068 3765 mare
2095 3709 2222 3764 licet
2252 3726 2265 3762 :
2300 3727 2318 3760 ι
2349 3708 2503 3763 Sicut
2534 3704 2939 3776 autlivittitts,sic
2960 3713 3015 3759 et
3039 3702 3297 3767 vidimus,
3332 3699 3383 3753 in
3410 3700 3495 3753 ci—

1921 3802 2084 3856 vitate
2119 3801 2326 3854 Domini
2363 3799 2656 3865 virtutum,
2701 3800 2752 3853 in
2792 3797 3013 3851 civitate
3062 3794 3154 3848 Dei
3194 3790 3445 3847 nostri“.
3470 3808 3499 3843 ι

1921 3894 2179 3960 Quaenam
2204 3906 2334 3945 vero
2361 3892 2449 3945 illa
2480 3891 2675 3947 civitas
2709 3898 2810 3954 est,
2842 3888 2941 3942 nisi
2975 3886 3089 3941 hcce
3136 3900 3327 3939 recens
3351 3892 3497 3937 stru-

1920 3997 2009 4040 cta
2056 3995 2111 4038 et
2140 3999 2169 4038 a
2218 3986 2329 4040 Deo
2381 3983 2634 4037 condita:
2666 3980 2906 4036 Ecclesia
2950 3979 3158 4034 scilicet
3194 3974 3288 4029 Dei
3362 3975 3492 4037 vivi,

1922 4077 2170 4132 columna
2198 4086 2252 4131 ct
2284 4075 2686 4129 (irritamentum
2725 4070 2992 4125 veritatis.
3035 4067 3109 4122 De
3142 4081 3244 4135 qua
3263 4074 3316 4119 et
3348 4065 3497 4118 aliud

1922 4168 2191 4239 quoddam
2227 4166 2318 4219 Dei
2347 4164 2631 4218 oraculum
2665 4163 2735 4214 ita
2791 4160 3107 4230 pronuntiat
3142 4174 3155 4209 :
3196 4176 3214 4209 ι
3246 4156 3494 4211 Gloriosa

1922 4260 2061 4312 dicta
2094 4267 2215 4312 sunt
2242 4258 2306 4311 de
2335 4265 2405 4315 te,
2432 4254 2624 4308 civitas
2655 4251 2747 4306 Dei
2772 4252 2837 4305 ⁸⁵.
2864 4269 2882 4303 ι
2912 4250 2966 4304 In
2999 4265 3158 4319 quam
3200 4264 3322 4302 cum
3357 4245 3500 4300 Deus

1921 4351 2159 4418 optimus
2215 4348 2484 4400 maximus
2537 4343 2713 4413 gratia
2775 4358 2838 4397 ac
2912 4340 3175 4394 beneticio
3228 4336 3497 4404 unigenili

1923 4441 2045 4496 Fiiii
2080 4440 2159 4494 sui
2194 4455 2290 4493 nos
2315 4435 2752 4508 cengregaverit,
2791 4434 3160 4503 unusquisque
3185 4447 3369 4484 eorum
3405 4430 3497 4496 qui

245 4532 383 4603 βοῶν
397 4534 502 4634 ’καὶ
524 4533 717 4601 λέγων*
757 4552 774 4583 ι
814 4531 1137 4603 Εὑφράνθην
1166 4533 1257 4585 ἐπὶ
1282 4532 1395 4594 τοῖς
1423 4530 1670 4603 είρηκόσι
1708 4548 1818 4601 μοι,

1924 4531 2201 4586 convocati
2251 4538 2378 4583 sunt
2419 4537 2579 4582 canat
2631 4537 2796 4595 atque
2843 4525 3111 4578 exclamet
3149 4522 3232 4575 bis
3263 4523 3493 4576 verbis:

1974 4624 1991 4634 ι
2129 4632 2134 4634 Α
2405 4620 2416 4630 ο
2492 4619 2540 4634 ια
2623 4632 2644 4634 ς
2785 4615 2901 4634 19η.-
2965 4629 3004 4634 α,
3034 4625 3082 4634 _.
3125 4631 3149 4634 __
3181 4613 3255 4634 ξιξ
3326 4613 3374 4634 ε--
3427 4615 3471 4634 1,.

245 4625 325 4688 είς
369 4619 515 4677 οἷκον
561 4624 765 4695 Κυρίου
819 4622 1219 4696 πορευσόμεθα.
1276 4643 1294 4675 ›
1343 4623 1487 4677 Καίσ
1543 4640 1563 4675 ι
1621 4622 1816 4695 Κύριε,

246 4716 503 4787 ἠγάπησα
544 4717 875 4788 εὐπρέπειαν
907 4717 1055 4771 οἴκου
1108 4734 1221 4781 σου,
1257 4717 1351 4769 καὶ
1394 4715 1557 4768 τόπον
1611 4713 1819 4785 σκηνώε-

247 4812 415 4878 ματος
438 4808 595 4882 δόξης
626 4827 741 4866 σου.
787 4829 806 4862 ι
840 4810 950 4864 Καὶ
996 4809 1069 4881 μὴ
1115 4810 1273 4882 μόνον
1312 4827 1376 4878 γε
1405 4812 1433 4863 ό
1462 4808 1647 4873 καθεῖς
1684 4808 1814 4880 (97),

311 4957 359 4990 ”
383 4956 521 5012 Psal.
560 4973 714 5025 ant,
744 4957 799 5012 ε.
866 4958 909 4989 ⁸⁸
940 4956 1079 5011 Psal.
1109 4971 1276 5021 xcv",
1314 4956 1367 5010 9.
1434 4954 1479 4986 ⁸³
1502 4953 1639 5008 Psal.
1668 4969 1885 5017 Lxxxit,
1935 4953 1997 5007 5..

248 5115 310 5168 ad
364 5114 833 5168 immortalitatem
892 5129 994 5166 una
1038 5128 1158 5167 cum
1209 5128 1274 5166 eo
1322 5112 1689 5166 cxvitaremnr
1753 5127 1823 5166 ex

248 5196 435 5240 morte.
481 5205 499 5235 ι
531 5185 840 5240 Ferrandus
865 5185 1129 5237 diaconus
1154 5187 1207 5236 in
1236 5184 1467 5253 cpistola
1498 5183 1565 5237 ad
1594 5182 1822 5251 Fulgen-

245 5256 378 5309 tium
450 5255 524 5310 De
576 5257 832 5323 baptismo
882 5253 1150 5321 ιΕιΙιίομίε
1204 5267 1221 5305 :
1287 5273 1303 5303 ι
1356 5253 1496 5307 llora
1563 5261 1817 5323 exoptata

248 5327 455 5379 cunctis
511 5328 826 5387 advenerat,
865 5326 916 5378 in
968 5340 1072 5392 qua
1130 5324 1358 5392 populus
1410 5322 1815 5393 acquisitionis,

248 5395 592 5464 Redemptori
632 5412 731 5450 suo
772 5410 867 5464 per
896 5395 1220 5462 baptismum
1241 5397 1622 5461 consepultus,
1649 5396 1814 5464 vitam

249 5463 482 5547 veterem
537 5463 782 5536 poneret
826 5474 880 5519 et
925 5480 1116 5518 novam
1175 5465 1593 5519 resurrectionis
1651 5463 1811 5517 (idem

250 5546 535 5591 ttttmvattls
563 5546 886 5590 assumeret.
925 5553 944 5585 ›

317 5607 427 5674 (95;
452 5606 643 5675 Γέρας
670 5605 975 5674 ἐξαίρετον
994 5603 1332 5674 δεδώρηται.
1360 5603 1811 5675 Chrislopborso-o

250 5673 347 5730 nus
378 5681 491 5733 hinc
525 5673 687 5731 verba
742 5673 813 5729 ita
845 5678 1076 5745 accepit.
1111 5673 1264 5744 ultast
1296 5690 1501 5745 sensus
1543 5678 1614 5729 sit
1643 5673 1811 5745 aulum

250 5748 395 5802 illam
427 5762 457 5800 a
492 5740 1067 5816 Paulinofabricatam
1096 5740 1217 5799 eSSe
1242 5744 1409 5816 γέρας
1439 5743 1712 5815 ἐξαίρετον
1739 5740 1816 5812 τῷ

248 5817 466 5896 Χριστῷ
480 5819 573 5873 καὶ
598 5820 669 5890 τῇ
694 5815 1009 5886 Ἐκκλησία.
1033 5816 1141 5880 Ego
1154 5831 1279 5872 vero
1303 5816 1465 5870 alium
1497 5819 1683 5873 borum
1701 5829 1821 5869 ver-

1930 4643 1949 4675 ι
1974 4624 2208 4678 Lanatus
2242 4636 2359 4676 sum
2405 4620 2457 4671 in
2492 4619 2574 4671 his
2615 4632 2734 4685 qua:
2766 4615 2910 4669 dicta
2963 4625 3089 4667 sunt
3124 4613 3283 4676 mihi,
3325 4613 3378 4666 in
3409 4615 3497 4666 do-

1925 4732 2068 4769 mum
2135 4713 2346 4767 Domini
2400 4710 2602 4765 ibimus
2625 4708 2690 4760 ⁸⁸.
2731 4726 2750 4760 ι
2810 4706 2877 4760 Et
2939 4721 3127 4759 rursus
3160 4724 3172 4758 :
3210 4703 3499 4768 «Domine,

1924 4807 2087 4862 dilexi
2138 4805 2388 4858 decorem
2439 4802 2632 4855 domus
2665 4808 2790 4859 tum,
2830 4805 2884 4851 et
2910 4795 3092 4850 locum
3148 4794 3498 4848 habitattouis

2064 4950 2108 4981 “
2149 4949 2288 5005 Psal.
2317 4961 2460 5009 CXXI,
2498 4944 2545 4998 1.

1922 5111 2115 5166 borum
2151 5122 2369 5164 sensum
2401 5121 2522 5161 esse
2550 5105 2843 5169 existimo;
2888 5103 3056 5158 Deum
3102 5102 3309 5157 scilicet
3350 5100 3507 5156 hanc

1918 5182 2171 5235 eximiam
2219 5180 2630 5248 prtet'ogativmn
2656 5175 2889 5248 Paulino
2919 5176 3279 5248 concessisse.
3311 5181 3372 5226 ut
3430 5189 3508 5226 at-

1918 5254 2041 5306 dem
2096 5251 2148 5305 in
2196 5245 2358 5303 terris
2405 5248 2624 5302 Christo
2668 5258 2723 5300 et
2768 5246 3025 5299 Ecclesia:
3087 5245 3385 5298 fabricaret
3443 5260 3505 5293 ne

1920 5330 2232 5375 renovaret.
2286 5319 2547 5373 Enmdem
2590 5330 2805 5385 quoque
2855 5331 3076 5370 sensum
3139 5326 3359 5368 secutus
3421 5322 3505 5366 est

1917 5392 2209 5446 Musvulus.

1991 5464 2105 5531 (9(3)
2134 5457 2421 5525 Θεοσεὸὲς
2446 5454 2858 5531 ἀκροατήριρν.
2876 5455 3000 5531 _Non
3027 5452 3365 5531 (ιιιὺίιοῃιιὶιι
3392 5450 3496 5531 Ειιέ

1917 5524 2105 5586 sobius
2168 5524 2457 5595 scripserit
2507 5528 2828 5598 θεοπρεπὲς.
2876 5525 3119 5592 Ineptum
3151 5524 3297 5578 enim
3351 5530 3497 5575 esset

1923 5606 2123 5665 dicere,
2155 5599 2464 5662 θεοσεϐείας
2488 5597 2736 5660 θεοσεϐὲς
2759 5598 3141 5667 ἀκροατήριονἶ

1998 5660 2120 5742 (9η
2150 5671 2201 5723 '0
2263 5660 2493 5742 xaﬂsirj.
2524 5668 2768 5742 Barbara
2810 5660 2909 5720 ν’οχ
2944 5660 3057 5742 pro
3103 5660 3184 5742 είς
3241 5661 3491 5742 ἕκαστος.

1927 5735 2228 5810 Quod—cum
2261 5757 2364 5794 non
2411 5739 2886 5793 animadvertisset
2942 5735 3230 5801 Muscnlus,
3272 5735 3495 5802 inepttsv

1925 5816 2058 5869 sitne
2095 5812 2254 5867 vertit
2288 5830 2305 5863 ι
2344 5813 2433 5877 qui
2465 5810 2637 5865 sedet.
2678 5827 2697 5861 ι
