4168 6408
547 308 654 364 855

1257 295 1530 354 EUSEBII
1565 297 2044 355 CIESARIENSIS
2081 299 2232 356 OPP.
2275 299 2455 355 PARS
2495 300 2535 355 Ι.
2577 331 2646 342 --
2685 299 3083 356 HISTORICA.

3668 286 3782 342 εέϐ

547 424 749 480 milites
772 418 1062 476 durissima
1090 430 1316 487 qumque
1345 423 1663 469 constanter
1684 415 2002 471 sustinendo
2045 417 2126 473 de-

2233 417 2327 470 καὶ
2358 417 2436 487 τῷ
2481 415 2755 486 σύμπαντι
2787 414 2998 487 οὐρανῷ
3032 432 3092 467 τε
3126 414 3222 468 καὶ
3251 415 3437 486 κόσμῳ
3471 413 3789 486 προήγαγεν,

546 518 918 578 claraverant;
947 519 1167 580 repente
1213 523 1502 578 apparens,
1537 518 1761 563 cunctos
1784 508 1997 577 quidem
2037 509 2130 563 ini-

477 621 486 630 ‘
547 609 718 662 micos
741 606 1032 673 hostesque
1055 600 1254 656 delevit
1282 608 1336 654 et
1371 601 1438 654 ad
1462 600 1690 654 nihilum
1724 601 1950 670 redegit,
1993 601 2130 655 adeo

546 710 606 754 ut
659 712 726 752 ne
767 694 1031 750 nominati
1086 693 1304 762 quidem
1336 709 1575 762 unquam
1620 691 1786 747 fuisse
1818 693 2126 746 videantur.

543 790 761 844 Amicos
783 801 912 842 vero
928 795 983 840 et
1004 783 1300 839 familiares
1318 798 1465 848 suos,
1490 783 1630 853 apud
1652 797 1841 838 omnes
1855 798 1960 837 non
1985 799 2130 838 mor-

548 882 686 936 tales
714 880 1093 943 modo,verum
1138 876 1301 932 etiam
1325 876 1574 931 cmlestes
1623 885 1938 945 potestates,
1961 875 2129 930 solem

545 987 778 1043 quoque,
796 971 978 1025 lunam
1003 985 1068 1024 ac
1105 969 1310 1038 reliqua
1329 967 1530 1032 sidera,
1561 967 1869 1036 coelumque
1897 983 1960 1022 ac
1985 984 2132 1021 mnu.

545 1068 674 1119 dum
700 1064 1010 1118 universum
1032 1101 1048 1127 ,
1077 1076 1239 1133 supra
1268 1075 1482 1116 omnem
1513 1059 1738 1128 gloriam
1761 1059 1960 1115 evexit.
1984 1060 2131 1114 Adeo

547 1163 626 1220 ut,
640 1155 782 1224 quod
811 1169 1083 1223 nunquam
1102 1161 1259 1207 antea
1277 1153 1599 1220 contigerat,
1615 1151 1809 1206 summi
1831 1152 2129 1220 imperato-

549 1260 635 1304 ‘es
654 1246 815 1318 375
832 1245 1052 1301 honoris
1069 1246 1210 1300 illius
1237 1259 1395 1313 quem
1427 1245 1519 1299 Dei
1534 1243 1793 1299 beneﬁcio
1812 1253 2132 1311 acceperunt

547 1337 647 1392 sibi
679 1335 903 1403 conscii,
930 1336 1043 1405 jam
1064 1335 1116 1390 in
1136 1345 1470 1390 mortuorum
1505 1334 1913 1390 simulacrorum
1941 1335 2129 1388 faciem

550 1438 871 1499 conspuant,
907 1438 962 1483 et
997 1427 1260 1498 profanos
1289 1429 1590 1483 dmmonum
1628 1429 1767 1483 ritus
1790 1429 2129 1495 conculcent,

546 1537 612 1575 ac
638 1529 906 1576 vetustum
929 1535 1170 1576 errorem
1195 1536 1224 1574 a
1249 1519 1545 1587 majoribus
1571 1521 1825 1574 traditum
1846 1521 2127 1586 irrideant,

548 1628 712 1666 unum
735 1627 867 1667 vero
900 1627 964 1668 ac
1005 1613 1180 1667 solum
1214 1614 1382 1668 Deum
1411 1629 1533 1668 cum
1559 1627 1688 1684 erga
1720 1627 1912 1667 omnes
1941 1622 2050 1665 tum
2077 1615 2127 1666 in

548 1703 751 1772 seipsos
781 1704 1014 1757 maxime
1038 1703 1340 1759 beneﬁcum
1391 1713 1688 1774 agnoscant
1718 1722 1732 1767 ;
1768 1714 1823 1757 et
1851 1703 2124 1758 Christum

549 1789 641 1843 Dei
673 1788 869 1845 Filium
923 1792 1302 1846 universorum
1345 1807 1526 1862 regem
1566 1807 1686 1848 esse
1717 1795 2076 1862 proliteantur
2109 1811 2124 1860 ;
2157 1779 2198 1832 Β

547 1895 670 1934 eum
710 1881 1056 1936 Servatorem
1093 1883 1144 1936 in
1173 1883 1365 1937 edictis
1391 1884 1504 1938 suis
1533 1883 1828 1952 przcdicent
1860 1903 1874 1952 ;
1905 1883 2128 1954 ejusque

549 1989 635 2026 res
673 1973 932 2042 prmclare
958 1984 1142 2042 gestas
1173 1985 1225 2030 et
1252 1975 1508 2032 victorias
1533 1977 1597 2031 de
1631 1977 1809 2046 impiis
1831 1989 2037 2048 partas,
2075 1979 2126 2034 in

549 2063 722 2117 media
757 2065 889 2118 urbe
919 2082 1039 2133 ane
1095 2066 1338 2120 omnium
1395 2076 1508 2122 toto
1562 2069 1693 2122 orbe
1728 2069 2011 2122 civitatum
2045 2087 2130 2124 re-

548 2158 669 2223 gina
716 2166 817 2222 est,
859 2159 1130 2228 regalibus
1171 2160 1422 2229 apicibus
1455 2161 1520 2215 ad
1551 2171 1866 2231 perpetuam
1896 2164 2129 2231 posteri-

549 2249 674 2303 tatis
709 2252 1029 2305 memoriam
1073 2253 1448 2320 prtescribant.
1475 2253 1626 2309 Adeo
1657 2263 1714 2309 ut
1742 2253 2001 2310 Servator
2032 2271 2130 2310 no-

549 2353 659 2395 ster
679 2339 840 2397 Jesus
873 2343 1148 2410 Christus,
1192 2349 1339 2400 solus
1367 2363 1433 2401 ex
1469 2348 1723 2403 omnibus
1748 2349 1839 2418 qui
1881 2351 1950 2403 ah
1981 2350 2126 2405 omni

546 2451 661 2490 aevo
713 2453 954 2507 unquam
991 2441 1343 2507 exstiterunt,
1375 2444 1442 2498 ab
1491 2444 1624 2512 ipsis
1671 2445 1820 2498 orbis
1859 2453 2126 2498 terrarum

549 2528 774 2582 summis
805 2529 1144 2599 principibus
1173 2547 1278 2586 non
1309 2541 1367 2586 ut
1396 2549 1489 2588 rex
1515 2535 1755 2603 vulgaris
1789 2552 1855 2590 ex
1892 2537 2127 2591 homini-

549 2634 644 2672 nns
667 2620 840 2674 factus
868 2623 1212 2689 pra-dicetur,
1243 2623 1336 2676 sed
1368 2633 1626 2695 tanquam
1657 2628 1855 2680 summi
1883 2629 2125 2684 omnium

548 2706 639 2762 Dei
689 2711 952 2765 naturalis
987 2710 1183 2775 Filius,
1215 2728 1279 2768 ac
1314 2728 1410 2784 per
1442 2729 1502 2768 se
1537 2713 1681 2770 Deus
1707 2716 1963 2772 adoretur
1993 2719 2016 2772 :‘
2045 2731 2127 2772 at-

547 2815 650 2868 que
677 2799 731 2854 id
759 2800 886 2869 jure
935 2803 1151 2858 merito.
1185 2805 1317 2870 Quis
1353 2807 1497 2860 enim
1532 2823 1594 2862 ex
1629 2809 1886 2865 omnibus
1907 2813 1996 2881 qui
2027 2828 2127 2866 un-

549 2908 705 2961 quam
758 2893 979 2948 fuerunt
1011 2895 1249 2964 regibus,
1297 2897 1365 2950 ad
1401 2906 1610 2952 tantum
1667 2899 1889 2954 virtutis
1921 2917 1985 2956 ac
2035 2917 2126 2971 po-

547 2988 728 3040 tentia:
781 2987 996 3042 culmen
1038 2998 1261 3044 erectus
1301 2999 1405 3055 est,
1435 3001 1494 3046 ut
1521 2993 1768 3048 omnium
1813 2997 2124 3052 mortalium

549 3094 709 3133 iures
737 3087 899 3149 atque
929 3080 1138 3151 linguas
1171 3083 1535 3153 appellatione
1564 3087 1644 3140 sui
1677 3088 1914 3144 nominis
1939 3090 2124 3160 imple-

547 3171 679 3225 ret?
714 3173 846 3238 Quis
888 3187 957 3228 ex
1002 3174 1218 3242 regibus
1262 3175 1411 3244 leges
1456 3176 1592 3232 adeo
1617 3178 1734 3248 pias
1759 3195 1824 3234 ac
1850 3181 2123 3237 modestos

543 3261 852 3328 constituit,
885 3273 1052 3332 utque
1085 3266 1152 3318 ab
1175 3264 1380 3320 ultimis
1407 3268 1521 3321 oris
1550 3267 1618 3322 ad
1653 3279 1928 3325 extremos
1951 3287 2123 3342 usque

547 3363 820 3408 terrarum
855 3354 992 3410 lines
1018 3358 1233 3411 cunctis
1271 3357 1582 3415 hominibus
1610 3361 1954 3418 audientibus
1995 3381 2120 3435 per-

547 3455 708 3514 petuo
742 3445 1071 3516 legerentur,
1120 3448 1402 3502 obtinuit?
1445 3450 1578 3516 Quis
1613 3450 1848 3508 ferarum
1883 3459 2123 3526 gentium

547 3537 782 3592 numiies
813 3546 867 3592 et
891 3539 1153 3593 barbaros
1193 3555 1374 3595 mores
1412 3538 1716 3599 mitissitnis
1741 3555 1901 3616 atque
1934 3551 2124 3602 huma-

547 3629 786 3684 nissimis
841 3631 1049 3699 legibus
1107 3633 1448 3702 abrogavit?
1494 3635 1629 3702 Quis
1676 3646 1753 3692 tot
1800 3640 2122 3696 saeculorum

547 3721 722 3790 spatio
767 3721 836 3778 ab
884 3723 1138 3778 omnibus
1193 3725 1564 3795 impugnatus,
1596 3729 1706 3784 vim
1754 3745 1818 3785 ac
1868 3733 2121 3787 virtutem

547 3814 781 3872 humana
823 3815 1082 3886 majorem
1133 3820 1392 3888 ostendit,
1434 3822 1571 3876 adeo
1598 3832 1657 3876 ut
1686 3823 1737 3876 in
1775 3823 1893 3878 dies
1915 3823 2124 3878 ellloreo

547 3913 684 3972 seat,
719 3907 980 3977 omnique
1025 3910 1258 3964 subintde
1312 3927 1428 3967 :evo
1456 3912 1769 3968 adolescere
1815 3915 2062 3969 videatur
2100 3917 2124 3968 ?

547 3997 677 4062 Quis
705 4008 917 4069 gentem
937 4015 1056 4068 qua:
1076 4019 1142 4057 ne
1168 4004 1357 4059 auditu
1387 4005 1608 4076 quidem
1641 4007 1873 4060 antehac
1907 4010 2120 4076 cognita

547 4089 744 4153 fuerat,
780 4106 886 4145 non
946 4093 998 4145 in
1032 4095 1270 4151 obscuro
1327 4097 1510 4166 aliquo
1551 4109 1711 4153 terrae
1763 4099 1980 4169 angulo,
2027 4103 2123 4154 sed

547 4195 642 4248 per
675 4195 890 4235 omnem
938 4183 1030 4250 qui
1067 4187 1168 4240 sub
1219 4186 1361 4241 coelo
1401 4197 1485 4242 est
1530 4197 1799 4242 terrarum
1859 4189 2121 4243 ambitum

546 4272 874 4327 constituit?
903 4275 1034 4339 Quis
1062 4277 1262 4330 milites
1291 4293 1421 4333 suos
1449 4279 1669 4349 pietatis
1706 4280 1877 4333 armis
1907 4280 1978 4333 ita
2010 4297 2125 4334 mu-

2231 507 2373 561 ὥστε
2415 508 2537 579 ἤδη,
2567 507 2595 560 ὃ
2615 508 2748 578 μηδὲ
2782 507 2967 561 ἄλλοτέ
3004 524 3110 571 πω,
3143 507 3269 569 τοὺς
3299 507 3512 560 πάντων
3544 504 3804 558 ἀνωτάτω

2235 600 2506 670 βασιλέας,
2539 598 2608 672 ἦς
2639 599 2920 670 λελόγχασι
2960 601 3089 670 παρ’
3134 598 3296 652 αὑτοῦ
3342 598 3508 670 τιμῆς
3539 597 3806 669 συνῃσθη-

2235 695 2446 766 μένους,
2477 695 2685 766 νεκρῶν
2722 694 2818 764 μὲν
2850 691 3081 746 εἰδώλων
3111 691 3440 746 καταπτύειν
3472 690 3816 761 προσώποις,

2232 788 2424 839 πατεῖν
2449 786 2492 838 δ’
2523 785 2736 856 ἄθεσμα
2753 784 3020 856 δαιμόνων
3044 783 3261 854 θέσμια,
3285 783 3379 836 καὶ
3399 781 3632 844 παλαιᾶς
3659 781 3776 834 ἀπά
3811 775 3836 826 "7

2230 892 2330 946 της
2364 875 2843 946 πατροπαραδότου
2881 874 3235 943 κατεγγελᾷν,
3272 873 3366 926 ἕνα
3395 872 3451 924 δέ
3484 873 3642 942 μόνον
3673 871 3806 926 Θεὸν

2230 967 2321 1020 τὸν
2355 967 2528 1020 κοινὸν
2559 966 2810 1020 ἁπάντων
2835 967 2926 1018 καὶ
2949 965 3154 1018 ἑαυτῶν
3175 965 3464 1036 εὐεργέτην
3494 963 3801 1036 γνωρίζειν,
3846 1037 3848 1039 _

2232 1059 2464 1130 Χριστόν
2499 1076 2558 1112 τε
2599 1058 2692 1112 τοῦ
2737 1056 2871 1110 Θεοῦ
2906 1057 3075 1110 Παῖὸα
3127 1056 3478 1129 παμϐασιλέα
3515 1058 3623 1109 τῶν
3670 1056 3806 1109 ὅλων
3857 1061 3865 1068 ’

2231 1149 2534 1220 ὁμολογεῖν,
2565 1149 2794 1219 Σωτῆρά
2818 1165 2874 1201 τε
2903 1147 3064 1200 αὑτὸν
3093 1148 3150 1199 ἐν
3182 1147 3404 1218 στήλαις
3432 1144 3803 1217 ἀναγορεύειν,

2233 1242 2600 1312 ἀνεξαλείπτῳ
2647 1243 2835 1313 μνήμῃ
2866 1241 2935 1295 τὰ
2973 1239 3368 1312 κατορθώματα
3405 1240 3499 1293 καὶ
3529 1238 3626 1302 τὰς
3664 1237 3811 1292 κατά

2231 1334 2340 1386 τῶν
2366 1333 2576 1386 ἀσεϐῶν
2609 1332 2772 1385 αὑτοῦ
2812 1332 2987 1394 νίκας,
3027 1331 3164 1402 μέσῃ
3195 1334 3259 1402 τῇ
3296 1329 3653 1402 βασιλευούσῃ
3696 1330 3810 1383 τῶν

2230 1425 2324 1478 ἐπὶ
2356 1426 2458 1496 γῆς
2485 1424 2634 1478 πόλει
2666 1424 2961 1496 βασιλικοῖς
2996 1423 3336 1495 χαρακτῆρσι
3365 1422 3438 1493 (5)
3473 1422 3813 1494 προσεγγρά-

2231 1532 2430 1584 φοντας
2450 1532 2466 1547 '
2497 1514 2634 1568 ὥστε
2673 1515 2830 1586 μόνον
2867 1514 2974 1568 τῶν
3005 1513 3064 1579 ἐξ
3097 1513 3290 1577 αἰῶνος
3335 1513 3542 1585 Ἰησοῦν
3574 1514 3810 1585 Χριστὸν

2229 1605 2320 1659 τὸν
2345 1605 2498 1676 ἡμῶν
2525 1605 2772 1676 Σωτῆρα,
2801 1605 2894 1658 καὶ
2921 1603 3057 1674 πρὸς
3080 1601 3259 1656 αὐτῶν
3287 1601 3393 1655 τῶν
3422 1603 3513 1654 ἐπὶ
3543 1601 3647 1672 γῆς
3674 1603 3814 1655 ἀνω·

2229 1698 2395 1759 τάτω,
2444 1699 2541 1768 οὐχ
2573 1693 2661 1751 οἶα
2694 1697 2870 1750 κοινὸν
2901 1696 2960 1762 ἐξ
2988 1694 3289 1768 ἀνθρώπων
3317 1693 3536 1765 βασιλέα
3587 1696 3811 1766 γενόμε-

2227 1807 2314 1843 νον
2345 1788 2752 1860 ὁμολογεῖσθαι,
2795 1789 2910 1843 ἀλλ’
2937 1783 3025 1841 οἷα
3056 1788 3150 1840 τοῦ
3197 1788 3423 1841 καθόλου
3468 1788 3601 1842 Θεοῦ
3636 1789 3811 1843 Παῖόα

2227 1883 2446 1951 γνήσιον
2495 1882 2588 1934 καὶ
2628 1881 2883 1934 αὑτόθεον
2928 1880 3002 1952 (6)
3044 1866 3486 1953 προσκυνεῖσθαι,
3537 1883 3631 1935 καί
3665 1883 3810 1940 εἰκό-

2226 1990 2354 2036 τως.
2386 1973 2480 2036 Τίς
2522 1973 2632 2045 γὰρ
2663 1973 2770 2026 τῶν
2818 1971 3038 2026 πώποτε
3075 1973 3338 2043 βασιλέων
3382 1973 3633 2028 τοσοῦτον
3680 1976 3810 2047 ἀρε-

2226 2063 2326 2132 τῆς
2360 2063 2661 2132 ἠνέγκατο,
2696 2062 2770 2126 ώς
2820 2063 3035 2118 πάντων
3067 2063 3175 2117 τῶν
3225 2064 3318 2117 ἐπὶ
3356 2064 3460 2135 γῆς
3502 2065 3809 2136 ἀνθρώπων

2228 2155 2396 2228 ἀκοὴν
2438 2157 2529 2209 καὶ
2575 2155 2820 2224 γλῶτταν
2856 2155 3134 2227 ἐμπλῆσαι
3179 2156 3278 2226 τῆς
3319 2157 3485 2211 αὑτοῦ
3533 2175 3809 2229 προσηγο-

2229 2249 2351 2321 ρίας
2393 2248 2503 2317 (7);
2561 2247 2656 2311 Τίς
2704 2247 2953 2317 βασιλεὺς
2997 2248 3193 2318 νόμους
3251 2249 3492 2313 εὐσεϐεῖς
3525 2250 3666 2304 οὕτω
3712 2251 3810 2306 καὶ

2230 2339 2512 2412 σώφρονας
2539 2340 2948 2411 διαταξάμενος,
2984 2341 3092 2395 ἀπὸ
3135 2342 3387 2414 περάτων
3436 2343 3538 2414 γῆς
3583 2345 3679 2396 καλ⁸
3727 2346 3809 2408 εἰς

2227 2434 2374 2504 ἄκρα
2414 2433 2513 2504 τῆς
2541 2433 2668 2505 ὅλης
2700 2435 3042 2504 οἰκουμένης,
3095 2438 3175 2498 εἰς
3217 2437 3449 2509 ἐπήκοον
3483 2436 3684 2490 ἅπασιν
3717 2438 3807 2491 ἀν-

2228 2523 2465 2596 θρώποις
2521 2524 2987 2594 ἀναγινώσκεσθαι
3039 2527 3279 2598 διαρκῶς
3332 2529 3665 2600 ἐκράτυνεν;
3709 2529 3808 2593 Τίς

2226 2619 2520 2690 ἀνημέρων
2569 2619 2738 2673 ἐθνῶν
2792 2619 2888 2690 ἔθη
2946 2619 3197 2694 βάρϐαρα
3247 2623 3340 2675 καὶ
3391 2624 3640 2695 ἀνήμερα
3695 2625 3808 2686 τοῖς

2225 2713 2454 2783 ἡμέροις
2498 2711 2660 2765 αὑτοῦ
2710 2714 2802 2766 καὶ
2846 2712 3376 2785 φιλανθρωποτάτοις
3422 2715 3693 2787 παρέλυσε
3727 2715 3806 2770 vd-

2230 2821 2383 2876 μοις;
2423 2805 2518 2868 Τίς
2551 2803 2743 2858 αἰῶσιν
2776 2804 2918 2869 ὅλοις
2961 2805 3065 2858 ύπὸ
3111 2805 3329 2859 πάντων
3379 2807 3806 2878 πολεμούμενος,

2225 2895 2323 2967 τὴν
2369 2895 2508 2969 ὑπὲρ
2548 2895 2834 2967 ἄνθρωπον
2882 2895 3080 2968 ἀρετὴν
3133 2897 3466 2963 ἐπεδείξατο,
3515 2897 3591 2958 ὡς
3625 2896 3806 2950 ἀνθεῖν

2226 2988 2497 3058 ὁσημέραι
2522 2987 2616 3040 καὶ
2648 2988 2858 3052 νεάζειν
2885 2987 2975 3042 διά
2999 2989 3200 3052 παντὸς
3228 2987 3322 3041 τοῦ
3353 2989 3500 3059 gica;
3535 2989 3628 3052 Τίς
3655 2989 3806 3054 ἔθνος

2226 3079 2289 3132 τὸ
2323 3079 2444 3150 μηδ’
2478 3079 2744 3133 ἀκουσθὲν
2780 3080 2835 3147 ἐξ
2881 3077 3095 3144 αἰῶνος,
3131 3082 3230 3134 οὐκ
3269 3082 3326 3133 ἐν
3359 3081 3531 3152 γωνίᾳ
3569 3099 3658 3134 ποι
3700 3080 3805 3150 γῆς

2229 3170 2470 3241 λεληθὸς,
2506 3171 2640 3226 ἀλλά
2671 3171 2792 3226 καθ’
2830 3172 2958 3242 ὅλης
2989 3174 3087 3244 τῆς
3111 3173 3200 3243 ὑφ’
3233 3172 3367 3244 ἡλίῳ
3403 3172 3682 3245 ἱδρύσατος
3709 3173 3752 3224 Τ
3760 3174 3807 3238 ῖς

2229 3265 2508 3330 εὐσεϐείας
2543 3268 2727 3332 ὅπλοις
2771 3269 2943 3333 οὕτως
2975 3269 3248 3341 ἐφράξατο
3277 3271 3404 3334 τοὺς
3447 3267 3806 3342 στρατιώτας,

2228 3359 2304 3422 ώς
2337 3358 2643 3430 ἀδάμαντος
2667 3360 2765 3424 τάς
2790 3361 2968 3432 ψυχὰς
2997 3360 3422 3433 κραταιοτέρους
3455 3362 3511 3414 ἐν
3534 3363 3645 3423 τοῖς
3671 3359 3808 3431 πρὸς

2226 3451 2354 3515 τοὺς
2387 3453 2708 3517 ἀντιπάλους
2753 3454 2929 3522 ἀγῶσι
2961 3454 3370 3522 διαφαίνεσθαι;
3407 3454 3503 3516 Τίς
3545 3453 3806 3523 βασιλέων

2225 3546 2306 3608 εἰς
2340 3543 2592 3598 τοσοῦτον
2627 3548 2838 3617 κρατεῖ,
2873 3545 2968 3598 καὶ
3015 3549 3310 3617 στρατηγεῖ
3351 3563 3412 3614 γε
3456 3544 3594 3616 μετά
3637 3543 3805 3597 θάνα-

2225 3654 2338 3701 τον,
2370 3638 2463 3690 καὶ
2496 3638 2732 3710 τρόπαια
2763 3641 2883 3692 κατ’
2909 3637 3118 3711 ἐχθρῶν
3162 3639 3365 3708 ἵστησι,
3392 3638 3485 3691 καὶ
3514 3638 3690 3691 πάντα
3719 3637 3808 3689 τός

2228 3748 2328 3783 πον
2354 3731 2448 3784 καὶ
2479 3729 2664 3803 χώραν
2695 3732 2790 3784 καὶ
2818 3731 2990 3796 πόλιν,
3033 3731 3258 3785 Ἐλλάδα
3290 3749 3349 3784 τε
3383 3731 3475 3784 καὶ
3508 3729 3806 3801 βάρϐαρον,

2233 3821 2525 3892 βασιλικῶν
2583 3821 2746 3875 οἴκων
2805 3821 2968 3875 αὑτοῦ
3032 3821 3248 3895 πληροῖ,
3305 3821 3397 3874 καὶ
3451 3819 3610 3873 θείων
3664 3819 3806 3873 ναῶν

2229 3913 2605 3986 ἀφιερώμαοσν
2633 3915 2706 3984 (8)
2729 3931 2743 3979 ;
2770 3909 2873 3968 Οἴα
2909 3914 3035 3967 τάδε
3065 3914 3134 3967 τὰ
3174 3911 3328 3966 τοῦδε
3370 3912 3464 3967 τοῦ
3506 3910 3611 3966 νεὼ
3648 3929 3806 3982 περι-

2229 4005 2400 4075 καλλῆ
2439 4006 2770 4076 κοσμήματά
2811 4023 2872 4058 τε
2922 4006 3016 4059 καὶ
3054 4005 3378 4076 ἀναθήματα
3403 4021 3416 4034 ⁶
3463 4004 3498 4058 ἂ
3535 4004 3630 4057 καὶ
3667 4004 3805 4058 αὐτὰ

2229 4095 2401 4166 σεμνά
2430 4097 2526 4167 μὲν
2551 4098 2627 4161 ὼς
2658 4097 2873 4169 ἀληθῶς
2906 4099 2999 4152 καὶ
3030 4099 3260 4168 μεγάλα,
3288 4095 3598 4165 ἐκπλήξεώς
3627 4114 3684 4150 τε
3713 4098 3803 4150 καὶ

2229 4188 2502 4260 θαύματος
2535 4188 2680 4252 ἄξια,
2713 4191 2807 4244 καὶ
2835 4185 2922 4243 οἷα
2943 4191 3043 4260 τῆς
3069 4190 3160 4244 τοῦ
3187 4191 3438 4260 Σωτῆρος
3469 4187 3623 4260 ἡμῶν
3656 4187 3804 4257 βασιν

2227 4282 2376 4344 λείας
2418 4281 2622 4352 ἐναργῆ
2659 4281 2923 4351 δείγματα
2958 4283 3054 4353 (9),
3098 4283 3178 4335 ὅτι
3212 4283 3304 4334 καὶ
3347 4279 3442 4334 νῦν
3489 4279 3650 4343 αὐτὸς
3684 4275 3804 4332 εἷπε

617 4432 713 4513 (5).
745 4434 1118 4516 Βαοςςλιιξιοῗς.
1142 4435 1537 4516 χαρακτῆρσι.
1602 4436 2126 4506 Christopborsonus

2236 4439 2378 4516 quod
2409 4439 2624 4506 quidem
2659 4453 2764 4490 non
2802 4438 3029 4504 faceret,
3055 4437 3100 4492 si
3133 4438 3199 4492 de
3233 4437 3365 4508 ipsis
3395 4446 3550 4490 antea
3593 4434 3804 4490 locutus

548 4525 567 4556 ‹
610 4504 928 4570 maiusculis
959 4506 1152 4559 litteris
1187 4527 1203 4558 ι
1236 4510 1418 4560 vertit.

617 4575 693 4643 (ϐ)
739 4574 851 4648 Καὶ
906 4577 1214 4631 αὺτόθεον.
1265 4577 1550 4632 Notandus
1592 4585 1676 4632 est
1729 4577 1784 4632 in
1819 4577 2012 4648 primis
2041 4579 2129 4631 hic

548 4647 738 4708 lorus,
793 4647 847 4700 in
916 4662 1023 4714 quo
1094 4648 1363 4702 Eusebius
1418 4648 1694 4702 Christum
1752 4647 1911 4702 vocat
1963 4649 2126 4702 αὐτό-

544 4716 691 4778 θεον,
723 4716 774 4770 id
803 4728 887 4771 est
945 4733 1038 4786 per
1067 4734 1125 4772 se
1156 4737 1219 4772 ac
1249 4735 1375 4772 vere
1407 4719 1597 4773 Deum.
1629 4720 1726 4773 Hic
1760 4720 1904 4773 enim
1936 4721 2127 4773 unicus

550 4787 700 4840 locus
720 4825 735 4848 ,
775 4802 896 4841 meo
937 4789 1154 4857 quidem
1180 4788 1396 4856 judicio
1417 4831 1430 4850 .
1466 4791 1664 4845 suilicit
1691 4790 1755 4842 ad
1791 4791 2126 4858 repellendas

545 4873 738 4929 omnes
787 4859 1088 4912 calumnias
1138 4874 1360 4923 eorum,
1391 4861 1482 4929 qui
1541 4860 1832 4916 Eusebium
1881 4871 2124 4914 nostrum

548 4928 1024 4999 Arianidogmatis
1071 4931 1190 4984 labo
1231 4928 1512 4999 aspersum
1552 4934 1720 4987 luisse
1752 4931 2118 4987 crediderunt.

549 4998 642 5072 Sic
670 4999 830 5051 etiam
869 4999 1007 5072 infra
1042 4998 1306 5054 nominat
1328 5002 1429 5054 hac
1460 5017 1582 5069 pag.
1615 5004 1708 5057 τοῦ
1741 4999 2127 5072 παμϐασιλέως

547 5068 644 5121 καὶ
687 5069 1086 5139 πανηγεμόνος,
1132 5071 1227 5124 καὶ
1266 5072 1430 5125 αὑτοῦ
1462 5068 1609 5126 Θεοῦ
1647 5068 1833 5142 λόγου.
1880 5073 1973 5124 Est
2026 5087 2124 5122 ano

552 5152 656 5192 lein
705 5142 816 5192 lucc
862 5142 1063 5192 locutio
1113 5141 1412 5195 Platonica.
1474 5143 1607 5197 Nam
1654 5157 1712 5199 ut
1762 5144 1916 5195 Plato
1963 5143 2123 5194 αύτο-

546 5208 752 5284 αγαθόν
803 5219 960 5284 vocat
996 5213 1163 5284 quod
1231 5224 1340 5284 est?
1373 5229 1498 5268 vere
1523 5231 1586 5268 ac
1643 5232 1737 5284 per
1787 5229 1846 5267 Se
1903 5214 2123 5273 bonum,

547 5286 626 5404 Bic
659 5280 923 5335 Eusebius
950 5280 1203 5334 αὑτόθεον
1235 5283 1370 5335 dixit
1412 5287 1501 5351 qui
1535 5295 1617 5338 est
1643 5280 1780 5339 ’νοω
1826 5298 1890 5337 ac
1938 5299 2035 5350 per
2067 5298 2124 5337 se

594 5363 712 5404 cus.

594 5363 712 5405 cus.

616 5423 694 5492 (Ἰ)
729 5419 842 5488 Τῆς
884 5424 1070 5477 αὐτοῦ
1105 5425 1529 5492 προσηγορίας.
1557 5425 1988 5480 Christianorum
2024 5441 2121 5478 no-

549 5507 669 5546 men
706 5493 976 5562 intelligit,
1011 5511 1106 5563 per
1145 5512 1336 5546 oinnes
1381 5498 1577 5562 ubique
1611 5507 1800 5563 gentes
1843 5499 2018 5550 i‘usunt
2061 5513 2125 5547 ac

548 5574 907 5632 propagatum
935 5582 948 5628 ;
978 5581 1077 5620 nec
1100 5567 1271 5618 solum
1301 5563 1580 5628 Romanis,
1613 5570 1706 5620 sed
1737 5569 1898 5620 etiam
1930 5568 2126 5620 barba-

553 5632 954 5704 t'ist'ognitunt.
983 5636 1134 5702 Quod
1162 5635 1205 5688 si
1237 5637 1360 5703 quis
1391 5637 1564 5704 ipsum
1591 5636 1796 5692 Christi
1829 5651 2023 5690 nomen
2049 5640 2126 5688 in-

552 5703 800 5776 telligere
828 5705 1001 5768 malit,
1023 5707 1270 5776 equidem
1301 5703 1760 5776 non’magnopere
1786 5705 2120 5775 repugnabo,

553 5773 713 5839 paulo
747 5785 868 5841 post
901 5779 1043 5831 cnim
1074 5773 1300 5844 ’subjicit
1339 5773 1606 5834 Eusebius
1633 5773 1712 5834 ’σε
1755 5773 2117 5846 Christianis:

2235 4511 2444 4563 luisset.

2305 4579 2378 4649 (8)
2413 4579 2594 4633 Θείων
2634 4577 2798 4649 ναῶν
2835 4578 3255 4649 ἀφιερώμασιν.
3289 4577 3562 4630 Masculus
3604 4577 3802 4649 vertit:

2238 4669 2256 4701 ι
2297 4646 2606 4704 Divinarum
2645 4646 2962 4717 templorum
3002 4646 3529 4704 consecrationilms.
3571 4667 3588 4699 ι
3646 4646 3804 4702 Chri-

2231 4721 2626 4788 stopborsonus
2668 4735 2797 4772 vero
2842 4719 3282 4788 interpretatur:
3342 4736 3360 4768 ι
3412 4719 3616 4770 Divinis
3666 4728 3804 4768 tein-

2232 4792 2336 4860 plis
2365 4803 2588 4858 auguste
2617 4792 2974 4846 consecratis.
3007 4809 3024 4841 ι
3060 4791 3282 4843 Videtur
3311 4799 3488 4841 tamen
3516 4803 3617 4841 vox
3651 4788 3804 4855 ἀφιέο

2233 4878 2412 4932 ρωμα,
2429 4878 2531 4914 non
2551 4862 3022 4915 consecrationem
3047 4860 3368 4932 templorum
3384 4861 3695 4932 designare.
3712 4862 3805 4912 sed

2230 4928 2408 5000 potius
2421 4932 2642 4984 donaria
2659 4946 2777 5000 qua:
2795 4933 2900 4984 Deo
2913 4940 3267 4985 consecrantn
3281 4947 3323 4984 r.
3343 4929 3504 4998 quue
3517 4946 3616 5000 con
3629 4928 3658 4980 ii
3671 4945 3784 5000 rma

2234 4994 2320 5054 iur
2345 4994 2700 5066 sequentibus
2721 4999 2938 5055 Enscbii
2965 5002 3161 5054 verbis.
3190 5000 3281 5054 Sic
3307 4994 3450 5052 enim
3477 4999 3691 5052 subdit:
3719 4994 3807 5052 οἷα

2228 5072 2352 5144 τάδε
2384 5071 2454 5125 τὰ
2496 5072 2589 5125 τοῦ
2626 5070 2729 5124 νεὼ
2759 5071 3056 5144 περικαλλῆ
3093 5069 3423 5144 κοσμήματά
3455 5087 3514 5144 τε
3546 5070 3806 5144 καὶμάνα-

2231 5142 2467 5212 ϐήματα.
2497 5144 2657 5195 Certe
2689 5144 2731 5195 si
2758 5141 3224 5196 consecrationem
3254 5142 3605 5193 intellexisset
3640 5141 3806 5192 Ense-

2229 5219 2445 5279 scbins,
2478 5213 2778 5284 ἀφιέρωσιν
2829 5213 3096 5278 dixisset,
3133 5225 3192 5266 tit
3249 5227 3410 5277 supra
3462 5213 3513 5284 in
3569 5225 3688 5276 cap.
3749 5212 3804 5262 ἒ).

2230 5284 2395 5338 Porro
2435 5282 2771 5338 coddﬁFuk.
2819 5293 2874 5337 ct
2920 5283 3048 5337 Sav.
3095 5299 3202 5335 uno
3247 5285 3410 5333 verbo
3467 5282 3553 5333 hic
3592 5284 3805 5331 anetin-

2228 5370 2315 5408 res
2355 5365 2498 5407 sunt.
2527 5355 2618 5406 Sic
2647 5353 2789 5409 enim
2817 5355 3038 5408 habent:
3074 5355 3168 5406 ml.
3199 5351 3356 5406 θείων
3385 5351 3528 5404 ναῶν
3561 5350 3803 5422 ἀφιερώ-

2231 5442 2392 5494 μασιν
2425 5429 2638 5494 κοσμεῖ.

2295 5497 2366 5565 (9)
2393 5493 2663 5564 Σωτῆρος
2687 5495 2852 5564 ἡμῶν
2869 5496 3191 5561 ,ϐασιλείας
3211 5495 3512 5564 δείγματα.
3538 5495 3592 5546 In
3617 5493 3801 5565 codice

2228 5567 2396 5634 Regio
2431 5569 2497 5620 ad
2535 5569 2672 5619 latus
2703 5567 2858 5629 hujus
2891 5569 3044 5619 linea:
3089 5569 3334 5633 apposita
3363 5577 3448 5618 est
3487 5564 3798 5631 huiusmodi

2229 5649 2352 5689 nota
2383 5654 2484 5707 ωρ.
2517 5638 2581 5690 de
2609 5654 2712 5706 qua
2743 5649 2866 5691 nota
2902 5639 3117 5707 abunde
3145 5637 3380 5690 diximus
3410 5636 3460 5689 in
3491 5636 3798 5689 adnotatio-

2228 5709 2387 5760 nibus
2420 5706 2485 5759 ad
2538 5707 2573 5758 Ι.
2610 5724 2644 5760 I.
2682 5708 2735 5761 In
2769 5723 2888 5775 cap.
2920 5706 2987 5760 16
3011 5747 3026 5768 ,
3057 5708 3152 5761 lib.
3181 5723 3232 5760 tv
3255 5747 3270 5767 ,
3316 5707 3562 5760 eanidem
3614 5716 3798 5760 notam

2227 5777 2390 5832 liabet
2436 5777 2637 5847 Regius
2697 5781 2866 5834 codex
2914 5779 2980 5833 ad
3036 5779 3122 5835 illa
3171 5777 3333 5834 vetba
3386 5777 3587 5834 Justini
3630 5791 3796 5846 appo-
