  <div class='ocr_page' id='page_1' title='image "/cluster/home/n/w/nwhite01/storage/ocr_20150623/20/hvd.32044073501181/444.png"; bbox 0 0 4132 6406; ppageno 0'>
   <div class='ocr_carea' id='block_1_1' title="bbox 234 373 409 436">
    <p class='ocr_par' dir='ltr' id='par_1_1' title="bbox 234 373 409 436">
     <span class='ocr_line' id='line_1_1' title="bbox 234 373 409 436; baseline 0.011 -2"><span class='ocrx_word' id='word_1_1' title='bbox 234 373 409 436; x_wconf 72' lang='lat'><strong>861</strong></span> 
     </span>
    </p>
   </div>
   <div class='ocr_carea' id='block_1_2' title="bbox 1345 383 3592 448">
    <p class='ocr_par' dir='ltr' id='par_1_2' title="bbox 1345 383 3592 448">
     <span class='ocr_line' id='line_1_2' title="bbox 1345 383 3592 448; baseline 0.004 -9"><span class='ocrx_word' id='word_1_2' title='bbox 1345 383 1693 441; x_wconf 62' lang='lat' dir='ltr'><strong>HISTORIAE</strong></span> <span class='ocrx_word' id='word_1_3' title='bbox 1735 384 2297 444; x_wconf 75' lang='lat' dir='ltr'><strong>ECCLESlASTlCAS</strong></span> <span class='ocrx_word' id='word_1_4' title='bbox 2338 389 2447 444; x_wconf 83' lang='lat' dir='ltr'><strong>LIB</strong></span> <span class='ocrx_word' id='word_1_5' title='bbox 2508 389 2574 444; x_wconf 79' lang='grc' dir='ltr'><strong>Χ.</strong></span> <span class='ocrx_word' id='word_1_6' title='bbox 3487 393 3592 448; x_wconf 69' lang='lat'><strong>862</strong></span> 
     </span>
    </p>
   </div>
   <div class='ocr_carea' id='block_1_3' title="bbox 239 495 1896 582">
    <p class='ocr_par' dir='ltr' id='par_1_3' title="bbox 239 495 1896 578">
     <span class='ocr_line' id='line_1_3' title="bbox 239 495 1896 578; baseline 0.003 -22"><span class='ocrx_word' id='word_1_7' title='bbox 239 495 486 573; x_wconf 66' lang='grc' dir='ltr'>ἧταν·</span> <span class='ocrx_word' id='word_1_8' title='bbox 535 507 614 568; x_wconf 83' lang='grc' dir='ltr'><strong>είς</strong></span> <span class='ocrx_word' id='word_1_9' title='bbox 676 504 848 576; x_wconf 75' lang='grc' dir='ltr'>β’ραχυ</span> <span class='ocrx_word' id='word_1_10' title='bbox 895 505 952 557; x_wconf 74' lang='grc' dir='ltr'>δὲ</span> <span class='ocrx_word' id='word_1_11' title='bbox 1001 505 1338 577; x_wconf 72' lang='grc' dir='ltr'><strong>ταράξαντες</strong></span> <span class='ocrx_word' id='word_1_12' title='bbox 1385 507 1479 558; x_wconf 79' lang='grc' dir='ltr'><strong>καὶ</strong></span> <span class='ocrx_word' id='word_1_13' title='bbox 1521 504 1896 578; x_wconf 70' lang='grc' dir='ltr'>ταραχθέντες,</span> 
     </span>
    </p>
   </div>
   <div class='ocr_carea' id='block_1_4' title="bbox 2001 495 3587 582">
    <p class='ocr_par' dir='ltr' id='par_1_4' title="bbox 2013 511 3587 582">
     <span class='ocr_line' id='line_1_4' title="bbox 2013 511 3587 582; baseline 0.005 -20"><span class='ocrx_word' id='word_1_14' title='bbox 2013 524 2198 562; x_wconf 82' lang='lat' dir='ltr'><strong>eorum</strong></span> <span class='ocrx_word' id='word_1_15' title='bbox 2236 512 2326 580; x_wconf 90' lang='lat' dir='ltr'><strong>qui</strong></span> <span class='ocrx_word' id='word_1_16' title='bbox 2383 512 2500 582; x_wconf 83' lang='lat' dir='ltr'><strong>ejus</strong></span> <span class='ocrx_word' id='word_1_17' title='bbox 2538 513 2616 566; x_wconf 85' lang='lat' dir='ltr'><strong>rei</strong></span> <span class='ocrx_word' id='word_1_18' title='bbox 2673 522 2924 566; x_wconf 89' lang='lat' dir='ltr'><strong>auctores</strong></span> <span class='ocrx_word' id='word_1_19' title='bbox 2961 511 3203 580; x_wconf 80' lang='lat' dir='ltr'><strong>fuerant,</strong></span> <span class='ocrx_word' id='word_1_20' title='bbox 3255 513 3587 582; x_wconf 84' lang='lat' dir='ltr'><strong>improbitati</strong></span> 
     </span>
    </p>
   </div>
   <div class='ocr_carea' id='block_1_5' title="bbox 245 597 1896 676">
    <p class='ocr_par' dir='ltr' id='par_1_5' title="bbox 245 597 1895 674">
     <span class='ocr_line' id='line_1_5' title="bbox 245 597 1895 674; baseline 0.004 -26"><span class='ocrx_word' id='word_1_21' title='bbox 245 597 414 650; x_wconf 69' lang='grc' dir='ltr'>εἷθ’</span> <span class='ocrx_word' id='word_1_22' title='bbox 452 597 777 668; x_wconf 76' lang='grc' dir='ltr'><strong>ὑποσχόντες</strong></span> <span class='ocrx_word' id='word_1_23' title='bbox 802 599 1074 669; x_wconf 75' lang='grc' dir='ltr'><strong>τιμωρίαν</strong></span> <span class='ocrx_word' id='word_1_24' title='bbox 1106 599 1166 652; x_wconf 82' lang='grc' dir='ltr'><strong>ού</strong></span> <span class='ocrx_word' id='word_1_25' title='bbox 1215 599 1468 671; x_wconf 80' lang='grc' dir='ltr'>μεμπτὴν</span> <span class='ocrx_word' id='word_1_26' title='bbox 1497 603 1563 672; x_wconf 81' lang='grc' dir='ltr'>τῇ</span> <span class='ocrx_word' id='word_1_27' title='bbox 1597 601 1740 674; x_wconf 81' lang='grc' dir='ltr'>δίκῃ,</span> <span class='ocrx_word' id='word_1_28' title='bbox 1770 603 1895 654; x_wconf 86' lang='grc' dir='ltr'>ἐαυ-</span> 
     </span>
    </p>
   </div>
   <div class='ocr_carea' id='block_1_6' title="bbox 2001 597 3584 676">
    <p class='ocr_par' dir='ltr' id='par_1_6' title="bbox 2010 605 3584 676">
     <span class='ocr_line' id='line_1_6' title="bbox 2010 605 3584 676; baseline 0.004 -21"><span class='ocrx_word' id='word_1_29' title='bbox 2010 605 2204 658; x_wconf 86' lang='lat' dir='ltr'><strong>cedere</strong></span> <span class='ocrx_word' id='word_1_30' title='bbox 2242 605 2689 659; x_wconf 81' lang='lat' dir='ltr'><strong>sustinenszcum</strong></span> <span class='ocrx_word' id='word_1_31' title='bbox 2723 605 2952 674; x_wconf 62' lang='lat' dir='ltr'><strong>quaesito</strong></span> <span class='ocrx_word' id='word_1_32' title='bbox 2991 606 3096 659; x_wconf 87' lang='lat' dir='ltr'><strong>alio</strong></span> <span class='ocrx_word' id='word_1_33' title='bbox 3120 606 3257 668; x_wconf 91' lang='lat' dir='ltr'><strong>loco,</strong></span> <span class='ocrx_word' id='word_1_34' title='bbox 3285 609 3584 676; x_wconf 84' lang='lat' dir='ltr'><strong>cujusmodi</strong></span> 
     </span>
    </p>
   </div>
   <div class='ocr_carea' id='block_1_7' title="bbox 253 691 1896 768">
    <p class='ocr_par' dir='ltr' id='par_1_7' title="bbox 253 691 1896 763">
     <span class='ocr_line' id='line_1_7' title="bbox 253 691 1896 763; baseline 0.004 -23"><span class='ocrx_word' id='word_1_35' title='bbox 253 693 442 754; x_wconf 70' lang='grc' dir='ltr'>’τοὺς</span> <span class='ocrx_word' id='word_1_36' title='bbox 471 692 566 745; x_wconf 71' lang='grc' dir='ltr'><strong>καὶ</strong></span> <span class='ocrx_word' id='word_1_37' title='bbox 591 691 775 757; x_wconf 80' lang='grc' dir='ltr'>φίλους</span> <span class='ocrx_word' id='word_1_38' title='bbox 799 692 893 744; x_wconf 73' lang='grc' dir='ltr'><strong>καὶ</strong></span> <span class='ocrx_word' id='word_1_39' title='bbox 918 691 1118 755; x_wconf 79' lang='grc' dir='ltr'>οἴκους,</span> <span class='ocrx_word' id='word_1_40' title='bbox 1147 692 1314 763; x_wconf 84' lang='grc' dir='ltr'>ἄρδην</span> <span class='ocrx_word' id='word_1_41' title='bbox 1376 694 1706 756; x_wconf 71' lang='grc' dir='ltr'>ἀναστάτους</span> <span class='ocrx_word' id='word_1_42' title='bbox 1769 713 1896 747; x_wconf 86' lang='grc' dir='ltr'>κατ-</span> 
     </span>
    </p>
   </div>
   <div class='ocr_carea' id='block_1_8' title="bbox 2001 691 3589 768">
    <p class='ocr_par' dir='ltr' id='par_1_8' title="bbox 2006 695 3589 768">
     <span class='ocr_line' id='line_1_8' title="bbox 2006 695 3589 768; baseline 0.005 -22"><span class='ocrx_word' id='word_1_43' title='bbox 2006 695 2234 768; x_wconf 88' lang='lat' dir='ltr'><strong>plurima</strong></span> <span class='ocrx_word' id='word_1_44' title='bbox 2295 696 2420 751; x_wconf 89' lang='lat' dir='ltr'><strong>huic</strong></span> <span class='ocrx_word' id='word_1_45' title='bbox 2459 697 2665 750; x_wconf 91' lang='lat' dir='ltr'><strong>civitati</strong></span> <span class='ocrx_word' id='word_1_46' title='bbox 2716 708 3044 767; x_wconf 89' lang='lat' dir='ltr'><strong>supersunt,</strong></span> <span class='ocrx_word' id='word_1_47' title='bbox 3079 698 3280 753; x_wconf 83' lang='lat' dir='ltr'><strong>laboris</strong></span> <span class='ocrx_word' id='word_1_48' title='bbox 3328 715 3589 768; x_wconf 86' lang='lat' dir='ltr'><strong>compen-</strong></span> 
     </span>
    </p>
   </div>
   <div class='ocr_carea' id='block_1_9' title="bbox 262 769 1896 862">
    <p class='ocr_par' dir='ltr' id='par_1_9' title="bbox 262 781 1896 854">
     <span class='ocr_line' id='line_1_9' title="bbox 262 781 1896 854; baseline 0.002 -22"><span class='ocrx_word' id='word_1_49' title='bbox 262 781 306 832; x_wconf 81' lang='grc' dir='ltr'><strong><em>ἑ</em></strong></span> <span class='ocrx_word' id='word_1_50' title='bbox 323 798 578 851; x_wconf 67' lang='grc' dir='ltr'>στησαψ</span> <span class='ocrx_word' id='word_1_51' title='bbox 607 782 678 844; x_wconf 81' lang='grc' dir='ltr'>ὡς</span> <span class='ocrx_word' id='word_1_52' title='bbox 702 781 800 844; x_wconf 74' lang='grc' dir='ltr'><strong>τὰς</strong></span> <span class='ocrx_word' id='word_1_53' title='bbox 823 781 987 835; x_wconf 76' lang='grc' dir='ltr'>παλαι</span> <span class='ocrx_word' id='word_1_54' title='bbox 1021 781 1242 852; x_wconf 80' lang='grc' dir='ltr'>στήλαις</span> <span class='ocrx_word' id='word_1_55' title='bbox 1260 783 1430 852; x_wconf 87' lang='grc' dir='ltr'>ἱεραῖς</span> <span class='ocrx_word' id='word_1_56' title='bbox 1461 784 1896 854; x_wconf 76' lang='grc' dir='ltr'>καταγραφείσας</span> 
     </span>
    </p>
   </div>
   <div class='ocr_carea' id='block_1_10' title="bbox 2001 769 3584 862">
    <p class='ocr_par' dir='ltr' id='par_1_10' title="bbox 2006 769 3584 862">
     <span class='ocr_line' id='line_1_10' title="bbox 2006 769 3584 862; baseline 0.004 -24"><span class='ocrx_word' id='word_1_57' title='bbox 2006 769 2151 840; x_wconf 74' lang='lat' dir='ltr'><strong>ilium</strong></span> <span class='ocrx_word' id='word_1_58' title='bbox 2185 788 2386 850; x_wconf 79' lang='lat' dir='ltr'><strong>facere,</strong></span> <span class='ocrx_word' id='word_1_59' title='bbox 2421 803 2589 857; x_wconf 88' lang='lat' dir='ltr'><strong>seque</strong></span> <span class='ocrx_word' id='word_1_60' title='bbox 2631 789 2813 844; x_wconf 91' lang='lat' dir='ltr'><strong>multis</strong></span> <span class='ocrx_word' id='word_1_61' title='bbox 2842 791 3074 860; x_wconf 86' lang='lat' dir='ltr'><strong>negotiis</strong></span> <span class='ocrx_word' id='word_1_62' title='bbox 3103 791 3337 846; x_wconf 80' lang='lat' dir='ltr'><strong>liberare</strong></span> <span class='ocrx_word' id='word_1_63' title='bbox 3368 805 3584 862; x_wconf 83' lang='lat' dir='ltr'><strong>posset;</strong></span> 
     </span>
    </p>
   </div>
   <div class='ocr_carea' id='block_1_11' title="bbox 267 865 1896 952">
    <p class='ocr_par' dir='ltr' id='par_1_11' title="bbox 267 865 1896 942">
     <span class='ocr_line' id='line_1_11' title="bbox 267 865 1896 942; baseline 0.002 -21"><span class='ocrx_word' id='word_1_64' title='bbox 267 872 668 942; x_wconf 73' lang='grc' dir='ltr'>προρρήσεις,</span> <span class='ocrx_word' id='word_1_65' title='bbox 705 870 883 941; x_wconf 78' lang='grc' dir='ltr'>ἔργοις</span> <span class='ocrx_word' id='word_1_66' title='bbox 914 870 1108 933; x_wconf 75' lang='grc' dir='ltr'>πιστὰς</span> <span class='ocrx_word' id='word_1_67' title='bbox 1133 871 1527 941; x_wconf 70' lang='grc' dir='ltr'>ὁμολογεῖσθαι,</span> <span class='ocrx_word' id='word_1_68' title='bbox 1556 872 1623 924; x_wconf 81' lang='grc' dir='ltr'>δι’</span> <span class='ocrx_word' id='word_1_69' title='bbox 1648 865 1720 925; x_wconf 79' lang='grc' dir='ltr'>ὧν</span> <span class='ocrx_word' id='word_1_70' title='bbox 1748 873 1816 925; x_wconf 84' lang='grc' dir='ltr'>τά</span> <span class='ocrx_word' id='word_1_71' title='bbox 1843 891 1896 926; x_wconf 91' lang='grc' dir='ltr'><strong>τε</strong></span> 
     </span>
    </p>
   </div>
   <div class='ocr_carea' id='block_1_12' title="bbox 2001 865 3587 952">
    <p class='ocr_par' dir='ltr' id='par_1_12' title="bbox 2007 883 3587 952">
     <span class='ocr_line' id='line_1_12' title="bbox 2007 883 3587 952; baseline 0.004 -20"><span class='ocrx_word' id='word_1_72' title='bbox 2007 889 2184 934; x_wconf 89' lang='lat' dir='ltr'><strong>tamen</strong></span> <span class='ocrx_word' id='word_1_73' title='bbox 2209 883 2417 950; x_wconf 88' lang='lat' dir='ltr'><strong>primus</strong></span> <span class='ocrx_word' id='word_1_74' title='bbox 2443 883 2556 951; x_wconf 83' lang='lat' dir='ltr'><strong>ipse</strong></span> <span class='ocrx_word' id='word_1_75' title='bbox 2593 885 2658 935; x_wconf 89' lang='lat' dir='ltr'><strong>ad</strong></span> <span class='ocrx_word' id='word_1_76' title='bbox 2690 899 2827 952; x_wconf 91' lang='lat' dir='ltr'><strong>opus</strong></span> <span class='ocrx_word' id='word_1_77' title='bbox 2874 898 2994 938; x_wconf 89' lang='lat' dir='ltr'><strong>sese</strong></span> <span class='ocrx_word' id='word_1_78' title='bbox 3026 885 3315 952; x_wconf 83' lang='lat' dir='ltr'><strong>accingens</strong></span> <span class='ocrx_word' id='word_1_79' title='bbox 3347 903 3360 948; x_wconf 88' lang='lat'><strong>;</strong></span> <span class='ocrx_word' id='word_1_80' title='bbox 3395 885 3587 938; x_wconf 88' lang='lat' dir='ltr'><strong>deinde</strong></span> 
     </span>
    </p>
   </div>
   <div class='ocr_carea' id='block_1_13' title="bbox 267 961 1896 1043">
    <p class='ocr_par' dir='ltr' id='par_1_13' title="bbox 267 961 1896 1038">
     <span class='ocr_line' id='line_1_13' title="bbox 267 961 1896 1038; baseline 0.003 -24"><span class='ocrx_word' id='word_1_81' title='bbox 267 963 446 1016; x_wconf 69' lang='grc' dir='ltr'>ἄλλα</span> <span class='ocrx_word' id='word_1_82' title='bbox 483 964 513 1014; x_wconf 88' lang='grc' dir='ltr'>ὁ</span> <span class='ocrx_word' id='word_1_83' title='bbox 554 961 694 1025; x_wconf 87' lang='grc' dir='ltr'>θεῖος</span> <span class='ocrx_word' id='word_1_84' title='bbox 726 962 1054 1031; x_wconf 75' lang='grc' dir='ltr'>ἐπαληθεύει</span> <span class='ocrx_word' id='word_1_85' title='bbox 1105 961 1282 1030; x_wconf 82' lang='grc' dir='ltr'>λόγος,</span> <span class='ocrx_word' id='word_1_86' title='bbox 1315 963 1453 1036; x_wconf 74' lang='grc' dir='ltr'>ἀτὰρ</span> <span class='ocrx_word' id='word_1_87' title='bbox 1496 965 1590 1017; x_wconf 75' lang='grc' dir='ltr'><strong>καὶ</strong></span> <span class='ocrx_word' id='word_1_88' title='bbox 1619 964 1744 1018; x_wconf 81' lang='grc' dir='ltr'>τάδε</span> <span class='ocrx_word' id='word_1_89' title='bbox 1775 967 1896 1038; x_wconf 60' lang='grc' dir='ltr'>περὶ</span> 
     </span>
    </p>
   </div>
   <div class='ocr_carea' id='block_1_14' title="bbox 2001 961 3585 1043">
    <p class='ocr_par' dir='ltr' id='par_1_14' title="bbox 2007 973 3585 1043">
     <span class='ocr_line' id='line_1_14' title="bbox 2007 973 3585 1043; baseline 0.002 -18"><span class='ocrx_word' id='word_1_90' title='bbox 2007 973 2172 1027; x_wconf 90' lang='lat' dir='ltr'><strong>totius</strong></span> <span class='ocrx_word' id='word_1_91' title='bbox 2201 973 2381 1043; x_wconf 84' lang='lat' dir='ltr'><strong>populi</strong></span> <span class='ocrx_word' id='word_1_92' title='bbox 2418 975 2615 1029; x_wconf 88' lang='lat' dir='ltr'><strong>animis</strong></span> <span class='ocrx_word' id='word_1_93' title='bbox 2651 975 2954 1029; x_wconf 78' lang='lat' dir='ltr'><strong>incredibili</strong></span> <span class='ocrx_word' id='word_1_94' title='bbox 2989 976 3271 1030; x_wconf 76' lang='lat' dir='ltr'><strong>alacritate</strong></span> <span class='ocrx_word' id='word_1_95' title='bbox 3305 978 3585 1030; x_wconf 84' lang='lat' dir='ltr'><strong>eontirma-</strong></span> 
     </span>
    </p>
   </div>
   <div class='ocr_carea' id='block_1_15' title="bbox 271 1055 1896 1140">
    <p class='ocr_par' dir='ltr' id='par_1_15' title="bbox 271 1055 1896 1126">
     <span class='ocr_line' id='line_1_15' title="bbox 271 1055 1896 1126; baseline 0.002 -19"><span class='ocrx_word' id='word_1_96' title='bbox 271 1055 494 1108; x_wconf 72' lang='grc' dir='ltr'>αὐτῶν</span> <span class='ocrx_word' id='word_1_97' title='bbox 535 1055 1000 1126; x_wconf 78' lang='grc' dir='ltr'>ἀποφαινόμενοςο</span> <span class='ocrx_word' id='word_1_98' title='bbox 1035 1075 1053 1106; x_wconf 77' lang='grc' dir='ltr'><strong>ι</strong></span> <span class='ocrx_word' id='word_1_99' title='bbox 1128 1056 1432 1126; x_wconf 81' lang='grc' dir='ltr'>Ῥομφαίαν</span> <span class='ocrx_word' id='word_1_100' title='bbox 1490 1057 1800 1110; x_wconf 77' lang='grc' dir='ltr'>ἐσπάσαντο</span> <span class='ocrx_word' id='word_1_101' title='bbox 1852 1059 1896 1110; x_wconf 85' lang='lat' dir='ltr'><strong>oi</strong></span> 
     </span>
    </p>
   </div>
   <div class='ocr_carea' id='block_1_16' title="bbox 2001 1055 3582 1140">
    <p class='ocr_par' dir='ltr' id='par_1_16' title="bbox 2005 1067 3582 1140">
     <span class='ocr_line' id='line_1_16' title="bbox 2005 1067 3582 1140; baseline 0.001 -22"><span class='ocrx_word' id='word_1_102' title='bbox 2005 1067 2096 1128; x_wconf 89' lang='lat' dir='ltr'><strong>tis,</strong></span> <span class='ocrx_word' id='word_1_103' title='bbox 2131 1077 2295 1136; x_wconf 89' lang='lat' dir='ltr'><strong>atque</strong></span> <span class='ocrx_word' id='word_1_104' title='bbox 2327 1083 2392 1120; x_wconf 83' lang='lat' dir='ltr'><strong>ex</strong></span> <span class='ocrx_word' id='word_1_105' title='bbox 2445 1068 2696 1122; x_wconf 90' lang='lat' dir='ltr'><strong>omnibus</strong></span> <span class='ocrx_word' id='word_1_106' title='bbox 2728 1085 2831 1121; x_wconf 92' lang='lat' dir='ltr'><strong>una</strong></span> <span class='ocrx_word' id='word_1_107' title='bbox 2871 1069 3075 1140; x_wconf 81' lang='lat' dir='ltr'><strong>ingenti</strong></span> <span class='ocrx_word' id='word_1_108' title='bbox 3131 1085 3290 1122; x_wconf 91' lang='lat' dir='ltr'><strong>manu</strong></span> <span class='ocrx_word' id='word_1_109' title='bbox 3332 1069 3582 1132; x_wconf 90' lang='lat' dir='ltr'><strong>conﬂata,</strong></span> 
     </span>
    </p>
   </div>
   <div class='ocr_carea' id='block_1_17' title="bbox 281 1149 1896 1228">
    <p class='ocr_par' dir='ltr' id='par_1_17' title="bbox 281 1149 1896 1220">
     <span class='ocr_line' id='line_1_17' title="bbox 281 1149 1896 1220; baseline 0.001 -19"><span class='ocrx_word' id='word_1_110' title='bbox 281 1149 649 1220; x_wconf 73' lang='grc' dir='ltr'>ἁμαρτωλοὶ,</span> <span class='ocrx_word' id='word_1_111' title='bbox 687 1151 954 1204; x_wconf 84' lang='grc' dir='ltr'>ἐνέτειναν</span> <span class='ocrx_word' id='word_1_112' title='bbox 997 1150 1149 1215; x_wconf 80' lang='grc' dir='ltr'>τόξον</span> <span class='ocrx_word' id='word_1_113' title='bbox 1190 1151 1390 1214; x_wconf 73' lang='grc' dir='ltr'>αὐτῶν,</span> <span class='ocrx_word' id='word_1_114' title='bbox 1431 1151 1526 1204; x_wconf 76' lang='grc' dir='ltr'>τοῦ</span> <span class='ocrx_word' id='word_1_115' title='bbox 1575 1151 1896 1206; x_wconf 75' lang='grc' dir='ltr'>καταϐαλεῖν</span> 
     </span>
    </p>
   </div>
   <div class='ocr_carea' id='block_1_18' title="bbox 2001 1149 3586 1228">
    <p class='ocr_par' dir='ltr' id='par_1_18' title="bbox 2004 1159 3586 1228">
     <span class='ocr_line' id='line_1_18' title="bbox 2004 1159 3586 1228; baseline 0.002 -18"><span class='ocrx_word' id='word_1_116' title='bbox 2004 1160 2236 1225; x_wconf 88' lang='lat' dir='ltr'><strong>primum</strong></span> <span class='ocrx_word' id='word_1_117' title='bbox 2269 1159 2373 1213; x_wconf 79' lang='lat' dir='ltr'><strong>hoc</strong></span> <span class='ocrx_word' id='word_1_118' title='bbox 2402 1169 2679 1212; x_wconf 89' lang='lat' dir='ltr'><strong>certamen</strong></span> <span class='ocrx_word' id='word_1_119' title='bbox 2712 1159 2916 1223; x_wconf 80' lang='lat' dir='ltr'><strong>subiit;</strong></span> <span class='ocrx_word' id='word_1_120' title='bbox 2957 1160 3323 1228; x_wconf 67' lang='lat' dir='ltr'><strong>aequissinnnn</strong></span> <span class='ocrx_word' id='word_1_121' title='bbox 3373 1160 3586 1215; x_wconf 79' lang='lat' dir='ltr'><strong>scilicet</strong></span> 
     </span>
    </p>
   </div>
   <div class='ocr_carea' id='block_1_19' title="bbox 281 1242 1896 1321">
    <p class='ocr_par' dir='ltr' id='par_1_19' title="bbox 281 1242 1896 1317">
     <span class='ocr_line' id='line_1_19' title="bbox 281 1242 1896 1317; baseline 0.003 -24"><span class='ocrx_word' id='word_1_122' title='bbox 281 1243 529 1312; x_wconf 67' lang='grc' dir='ltr'>πτωχὸν</span> <span class='ocrx_word' id='word_1_123' title='bbox 568 1245 660 1296; x_wconf 71' lang='grc' dir='ltr'>καὶ</span> <span class='ocrx_word' id='word_1_124' title='bbox 689 1242 913 1314; x_wconf 82' lang='grc' dir='ltr'>πένητα,</span> <span class='ocrx_word' id='word_1_125' title='bbox 947 1242 1039 1296; x_wconf 76' lang='grc' dir='ltr'>τοῦ</span> <span class='ocrx_word' id='word_1_126' title='bbox 1076 1243 1273 1314; x_wconf 80' lang='grc' dir='ltr'>σφάξαι</span> <span class='ocrx_word' id='word_1_127' title='bbox 1298 1245 1425 1308; x_wconf 73' lang='grc' dir='ltr'>τοὺς</span> <span class='ocrx_word' id='word_1_128' title='bbox 1458 1244 1636 1308; x_wconf 83' lang='grc' dir='ltr'>εύθεῖς</span> <span class='ocrx_word' id='word_1_129' title='bbox 1667 1247 1732 1315; x_wconf 82' lang='grc' dir='ltr'><strong>τῇ</strong></span> <span class='ocrx_word' id='word_1_130' title='bbox 1769 1262 1896 1317; x_wconf 87' lang='grc' dir='ltr'>καρ-</span> 
     </span>
    </p>
   </div>
   <div class='ocr_carea' id='block_1_20' title="bbox 2001 1242 3586 1321">
    <p class='ocr_par' dir='ltr' id='par_1_20' title="bbox 2002 1251 3586 1321">
     <span class='ocr_line' id='line_1_20' title="bbox 2002 1251 3586 1321; baseline 0.001 -17"><span class='ocrx_word' id='word_1_131' title='bbox 2002 1261 2177 1312; x_wconf 88' lang='lat' dir='ltr'><strong>ratus,</strong></span> <span class='ocrx_word' id='word_1_132' title='bbox 2207 1261 2256 1304; x_wconf 92' lang='lat' dir='ltr'><strong>ut</strong></span> <span class='ocrx_word' id='word_1_133' title='bbox 2285 1253 2397 1306; x_wconf 61' lang='lat' dir='ltr'><strong>ha‘c</strong></span> <span class='ocrx_word' id='word_1_134' title='bbox 2437 1251 2548 1320; x_wconf 88' lang='lat' dir='ltr'><strong>ipsa</strong></span> <span class='ocrx_word' id='word_1_135' title='bbox 2576 1251 2921 1321; x_wconf 74' lang='lat' dir='ltr'><strong>potissimum</strong></span> <span class='ocrx_word' id='word_1_136' title='bbox 2959 1252 3200 1306; x_wconf 82' lang='lat' dir='ltr'><strong>Ecclesia</strong></span> <span class='ocrx_word' id='word_1_137' title='bbox 3229 1268 3348 1319; x_wconf 72' lang='lat' dir='ltr'><strong>qua:</strong></span> <span class='ocrx_word' id='word_1_138' title='bbox 3392 1253 3459 1304; x_wconf 89' lang='lat' dir='ltr'><strong>ah</strong></span> <span class='ocrx_word' id='word_1_139' title='bbox 3490 1251 3586 1305; x_wconf 83' lang='lat' dir='ltr'><strong>ho-</strong></span> 
     </span>
    </p>
   </div>
   <div class='ocr_carea' id='block_1_21' title="bbox 279 1334 1898 1407">
    <p class='ocr_par' dir='ltr' id='par_1_21' title="bbox 279 1334 1898 1407">
     <span class='ocr_line' id='line_1_21' title="bbox 279 1334 1898 1407; baseline 0.002 -22"><span class='ocrx_word' id='word_1_140' title='bbox 279 1334 433 1405; x_wconf 73' lang='grc' dir='ltr'>δία·</span> <span class='ocrx_word' id='word_1_141' title='bbox 465 1338 498 1406; x_wconf 78' lang='grc' dir='ltr'>ἡ</span> <span class='ocrx_word' id='word_1_142' title='bbox 554 1335 796 1407; x_wconf 77' lang='grc' dir='ltr'>ῥομφαία</span> <span class='ocrx_word' id='word_1_143' title='bbox 825 1335 1002 1389; x_wconf 78' lang='grc' dir='ltr'>αὐτῶν</span> <span class='ocrx_word' id='word_1_144' title='bbox 1033 1335 1262 1388; x_wconf 73' lang='grc' dir='ltr'>εἰσέλθοι</span> <span class='ocrx_word' id='word_1_145' title='bbox 1297 1338 1377 1399; x_wconf 86' lang='grc' dir='ltr'>εἰς</span> <span class='ocrx_word' id='word_1_146' title='bbox 1423 1335 1652 1407; x_wconf 80' lang='grc' dir='ltr'>καρδίαν</span> <span class='ocrx_word' id='word_1_147' title='bbox 1701 1336 1898 1399; x_wconf 72' lang='grc' dir='ltr'>αὐτῶν,</span> 
     </span>
    </p>
   </div>
   <div class='ocr_carea' id='block_1_22' title="bbox 289 1427 1904 1500">
    <p class='ocr_par' dir='ltr' id='par_1_22' title="bbox 289 1427 1904 1500">
     <span class='ocr_line' id='line_1_22' title="bbox 289 1427 1904 1500; baseline 0.002 -22"><span class='ocrx_word' id='word_1_148' title='bbox 289 1430 408 1482; x_wconf 71' lang='grc' dir='ltr'><strong>καὶ</strong></span> <span class='ocrx_word' id='word_1_149' title='bbox 438 1429 506 1481; x_wconf 76' lang='grc' dir='ltr'>τὰ</span> <span class='ocrx_word' id='word_1_150' title='bbox 524 1428 652 1492; x_wconf 87' lang='grc' dir='ltr'>τόξα</span> <span class='ocrx_word' id='word_1_151' title='bbox 674 1427 850 1480; x_wconf 77' lang='grc' dir='ltr'>αὐτῶν</span> <span class='ocrx_word' id='word_1_152' title='bbox 881 1428 1209 1500; x_wconf 77' lang='grc' dir='ltr'>συντριϐείη.</span> <span class='ocrx_word' id='word_1_153' title='bbox 1244 1447 1261 1479; x_wconf 75' lang='grc' dir='ltr'><strong>ι</strong></span> <span class='ocrx_word' id='word_1_154' title='bbox 1301 1429 1409 1481; x_wconf 79' lang='grc' dir='ltr'>Καὶ</span> <span class='ocrx_word' id='word_1_155' title='bbox 1466 1428 1656 1481; x_wconf 74' lang='grc' dir='ltr'>πάλινο</span> <span class='ocrx_word' id='word_1_156' title='bbox 1685 1446 1705 1480; x_wconf 74' lang='grc' dir='ltr'><strong>ι</strong></span> <span class='ocrx_word' id='word_1_157' title='bbox 1769 1430 1904 1482; x_wconf 85' lang='grc' dir='ltr'><strong>Ἀπ-</strong></span> 
     </span>
    </p>
   </div>
   <div class='ocr_carea' id='block_1_23' title="bbox 294 1519 1904 1595">
    <p class='ocr_par' dir='ltr' id='par_1_23' title="bbox 294 1519 1904 1595">
     <span class='ocr_line' id='line_1_23' title="bbox 294 1519 1904 1595; baseline 0.004 -23"><span class='ocrx_word' id='word_1_158' title='bbox 294 1519 488 1575; x_wconf 78' lang='grc' dir='ltr'>ώλετο</span> <span class='ocrx_word' id='word_1_159' title='bbox 517 1520 578 1574; x_wconf 81' lang='grc' dir='ltr'><strong>τὸ</strong></span> <span class='ocrx_word' id='word_1_160' title='bbox 615 1520 953 1592; x_wconf 87' lang='grc' dir='ltr'>μνημόσυνον</span> <span class='ocrx_word' id='word_1_161' title='bbox 974 1521 1150 1575; x_wconf 74' lang='grc' dir='ltr'>αὐτῶν</span> <span class='ocrx_word' id='word_1_162' title='bbox 1172 1523 1288 1592; x_wconf 84' lang='grc' dir='ltr'>μετ’</span> <span class='ocrx_word' id='word_1_163' title='bbox 1320 1522 1475 1592; x_wconf 66' lang='grc' dir='ltr'>ἤχου,</span> <span class='ocrx_word' id='word_1_164' title='bbox 1516 1522 1609 1576; x_wconf 74' lang='grc' dir='ltr'><strong>καὶ</strong></span> <span class='ocrx_word' id='word_1_165' title='bbox 1641 1523 1700 1577; x_wconf 85' lang='grc' dir='ltr'><strong>τὸ</strong></span> <span class='ocrx_word' id='word_1_166' title='bbox 1734 1523 1904 1595; x_wconf 72' lang='grc' dir='ltr'>ὄνομα</span> 
     </span>
    </p>
   </div>
   <div class='ocr_carea' id='block_1_24' title="bbox 303 1612 1902 1685">
    <p class='ocr_par' dir='ltr' id='par_1_24' title="bbox 303 1612 1902 1685">
     <span class='ocr_line' id='line_1_24' title="bbox 303 1612 1902 1685; baseline 0.002 -18"><span class='ocrx_word' id='word_1_167' title='bbox 303 1615 499 1668; x_wconf 79' lang='grc' dir='ltr'>αὐτῶν</span> <span class='ocrx_word' id='word_1_168' title='bbox 537 1612 822 1685; x_wconf 67' lang='grc' dir='ltr'>ἐξήλειψας</span> <span class='ocrx_word' id='word_1_169' title='bbox 853 1615 933 1678; x_wconf 81' lang='grc' dir='ltr'><strong>είς</strong></span> <span class='ocrx_word' id='word_1_170' title='bbox 966 1613 1056 1666; x_wconf 77' lang='grc' dir='ltr'><strong>τὸν</strong></span> <span class='ocrx_word' id='word_1_171' title='bbox 1099 1613 1293 1675; x_wconf 77' lang='grc' dir='ltr'>αἰῶνα,</span> <span class='ocrx_word' id='word_1_172' title='bbox 1340 1614 1434 1668; x_wconf 76' lang='grc' dir='ltr'><strong>καὶ</strong></span> <span class='ocrx_word' id='word_1_173' title='bbox 1467 1615 1545 1679; x_wconf 86' lang='grc' dir='ltr'>εἰς</span> <span class='ocrx_word' id='word_1_174' title='bbox 1590 1615 1683 1669; x_wconf 84' lang='grc' dir='ltr'><strong>τὸν</strong></span> <span class='ocrx_word' id='word_1_175' title='bbox 1729 1616 1902 1670; x_wconf 81' lang='grc' dir='ltr'>αίῶνα</span> 
     </span>
    </p>
   </div>
   <div class='ocr_carea' id='block_1_25' title="bbox 299 1707 1903 1779">
    <p class='ocr_par' dir='ltr' id='par_1_25' title="bbox 299 1707 1903 1779">
     <span class='ocr_line' id='line_1_25' title="bbox 299 1707 1903 1779; baseline 0.001 -20"><span class='ocrx_word' id='word_1_176' title='bbox 299 1707 408 1759; x_wconf 74' lang='grc' dir='ltr'>τοῦ</span> <span class='ocrx_word' id='word_1_177' title='bbox 444 1707 666 1772; x_wconf 77' lang='grc' dir='ltr'>αἰῶνοςο</span> <span class='ocrx_word' id='word_1_178' title='bbox 702 1708 783 1760; x_wconf 83' lang='grc' dir='ltr'><strong>ὅτι</strong></span> <span class='ocrx_word' id='word_1_179' title='bbox 818 1707 881 1778; x_wconf 83' lang='grc' dir='ltr'>δὴ</span> <span class='ocrx_word' id='word_1_180' title='bbox 915 1707 1008 1760; x_wconf 74' lang='grc' dir='ltr'><strong>καὶ</strong></span> <span class='ocrx_word' id='word_1_181' title='bbox 1037 1707 1094 1760; x_wconf 81' lang='grc' dir='ltr'><strong>ἐν</strong></span> <span class='ocrx_word' id='word_1_182' title='bbox 1119 1710 1308 1770; x_wconf 81' lang='grc' dir='ltr'>κακοῖς</span> <span class='ocrx_word' id='word_1_183' title='bbox 1341 1707 1644 1778; x_wconf 83' lang='grc' dir='ltr'>γενόμενοι,</span> <span class='ocrx_word' id='word_1_184' title='bbox 1674 1707 1903 1779; x_wconf 86' lang='grc' dir='ltr'>ἐκέκρα-</span> 
     </span>
    </p>
   </div>
   <div class='ocr_carea' id='block_1_26' title="bbox 311 1795 1896 1871">
    <p class='ocr_par' dir='ltr' id='par_1_26' title="bbox 311 1795 1896 1871">
     <span class='ocr_line' id='line_1_26' title="bbox 311 1795 1896 1871; baseline 0 -18"><span class='ocrx_word' id='word_1_185' title='bbox 311 1801 445 1869; x_wconf 79' lang='grc' dir='ltr'>ξαν,</span> <span class='ocrx_word' id='word_1_186' title='bbox 477 1801 571 1854; x_wconf 71' lang='grc' dir='ltr'>καὶ</span> <span class='ocrx_word' id='word_1_187' title='bbox 604 1800 703 1854; x_wconf 76' lang='grc' dir='ltr'>οὐκ</span> <span class='ocrx_word' id='word_1_188' title='bbox 728 1795 794 1870; x_wconf 82' lang='grc' dir='ltr'>ἦν</span> <span class='ocrx_word' id='word_1_189' title='bbox 825 1801 853 1852; x_wconf 87' lang='grc' dir='ltr'><strong>ό</strong></span> <span class='ocrx_word' id='word_1_190' title='bbox 878 1798 1086 1863; x_wconf 81' lang='grc' dir='ltr'>σώζων,</span> <span class='ocrx_word' id='word_1_191' title='bbox 1112 1803 1248 1871; x_wconf 78' lang='grc' dir='ltr'>πρὸς</span> <span class='ocrx_word' id='word_1_192' title='bbox 1273 1799 1498 1869; x_wconf 77' lang='grc' dir='ltr'>Κύριον,</span> <span class='ocrx_word' id='word_1_193' title='bbox 1530 1801 1622 1854; x_wconf 75' lang='grc' dir='ltr'><strong>καὶ</strong></span> <span class='ocrx_word' id='word_1_194' title='bbox 1667 1801 1764 1853; x_wconf 76' lang='grc' dir='ltr'><strong>οὐκ</strong></span> <span class='ocrx_word' id='word_1_195' title='bbox 1785 1802 1896 1853; x_wconf 82' lang='grc' dir='ltr'>εἱσ-</span> 
     </span>
    </p>
   </div>
   <div class='ocr_carea' id='block_1_27' title="bbox 2001 1342 3582 1414">
    <p class='ocr_par' dir='ltr' id='par_1_27' title="bbox 2001 1342 3582 1414">
     <span class='ocr_line' id='line_1_27' title="bbox 2001 1342 3582 1414; baseline 0 -16"><span class='ocrx_word' id='word_1_196' title='bbox 2001 1344 2180 1399; x_wconf 75' lang='lat' dir='ltr'><strong>SIibus</strong></span> <span class='ocrx_word' id='word_1_197' title='bbox 2231 1355 2536 1414; x_wconf 75' lang='lat' dir='ltr'><strong>expugnata</strong></span> <span class='ocrx_word' id='word_1_198' title='bbox 2594 1342 2817 1407; x_wconf 79' lang='lat' dir='ltr'><strong>fuerat;</strong></span> <span class='ocrx_word' id='word_1_199' title='bbox 2861 1359 2982 1413; x_wconf 72' lang='lat' dir='ltr'><strong>qua:</strong></span> <span class='ocrx_word' id='word_1_200' title='bbox 3033 1345 3180 1413; x_wconf 89' lang='lat' dir='ltr'><strong>prior</strong></span> <span class='ocrx_word' id='word_1_201' title='bbox 3233 1343 3582 1414; x_wconf 82' lang='lat' dir='ltr'><strong>gravissimos</strong></span> 
     </span>
    </p>
   </div>
   <div class='ocr_carea' id='block_1_28' title="bbox 2001 1435 3579 1504">
    <p class='ocr_par' dir='ltr' id='par_1_28' title="bbox 2001 1435 3579 1504">
     <span class='ocr_line' id='line_1_28' title="bbox 2001 1435 3579 1504; baseline 0.001 -15"><span class='ocrx_word' id='word_1_202' title='bbox 2001 1435 2214 1489; x_wconf 87' lang='lat' dir='ltr'><strong>labores</strong></span> <span class='ocrx_word' id='word_1_203' title='bbox 2276 1445 2463 1490; x_wconf 87' lang='lat' dir='ltr'><strong>nostra</strong></span> <span class='ocrx_word' id='word_1_204' title='bbox 2515 1451 2678 1490; x_wconf 88' lang='lat' dir='ltr'><strong>causa</strong></span> <span class='ocrx_word' id='word_1_205' title='bbox 2735 1436 3071 1490; x_wconf 84' lang='lat' dir='ltr'><strong>sustinuerat</strong></span> <span class='ocrx_word' id='word_1_206' title='bbox 3111 1453 3126 1490; x_wconf 89' lang='lat'><strong>:</strong></span> <span class='ocrx_word' id='word_1_207' title='bbox 3175 1452 3292 1504; x_wconf 69' lang='lat' dir='ltr'><strong>quae</strong></span> <span class='ocrx_word' id='word_1_208' title='bbox 3335 1437 3579 1490; x_wconf 82' lang='lat' dir='ltr'><strong>eannlem</strong></span> 
     </span>
    </p>
   </div>
   <div class='ocr_carea' id='block_1_29' title="bbox 2003 1526 3579 1596">
    <p class='ocr_par' dir='ltr' id='par_1_29' title="bbox 2003 1526 3579 1596">
     <span class='ocr_line' id='line_1_29' title="bbox 2003 1526 3579 1596; baseline 0.001 -16"><span class='ocrx_word' id='word_1_209' title='bbox 2003 1527 2282 1580; x_wconf 90' lang='lat' dir='ltr'><strong>nobiscum</strong></span> <span class='ocrx_word' id='word_1_210' title='bbox 2317 1526 2773 1596; x_wconf 89' lang='lat' dir='ltr'><strong>persecutionem,</strong></span> <span class='ocrx_word' id='word_1_211' title='bbox 2809 1532 2918 1579; x_wconf 87' lang='lat' dir='ltr'><strong>imo</strong></span> <span class='ocrx_word' id='word_1_212' title='bbox 2964 1536 3092 1580; x_wconf 89' lang='lat' dir='ltr'><strong>ante</strong></span> <span class='ocrx_word' id='word_1_213' title='bbox 3135 1541 3231 1579; x_wconf 79' lang='lat' dir='ltr'><strong>nos</strong></span> <span class='ocrx_word' id='word_1_214' title='bbox 3260 1527 3579 1596; x_wconf 86' lang='lat' dir='ltr'><strong>pertulerat,</strong></span> 
     </span>
    </p>
   </div>
   <div class='ocr_carea' id='block_1_30' title="bbox 2002 1617 3574 1688">
    <p class='ocr_par' dir='ltr' id='par_1_30' title="bbox 2002 1617 3574 1688">
     <span class='ocr_line' id='line_1_30' title="bbox 2002 1617 3574 1688; baseline 0.001 -18"><span class='ocrx_word' id='word_1_215' title='bbox 2002 1633 2121 1688; x_wconf 75' lang='lat' dir='ltr'><strong>qua:</strong></span> <span class='ocrx_word' id='word_1_216' title='bbox 2147 1618 2291 1672; x_wconf 83' lang='lat' dir='ltr'><strong>velut</strong></span> <span class='ocrx_word' id='word_1_217' title='bbox 2322 1619 2496 1671; x_wconf 85' lang='lat' dir='ltr'><strong>mater</strong></span> <span class='ocrx_word' id='word_1_218' title='bbox 2519 1618 2755 1686; x_wconf 86' lang='lat' dir='ltr'><strong>propriis</strong></span> <span class='ocrx_word' id='word_1_219' title='bbox 2793 1617 2917 1670; x_wconf 79' lang='lat' dir='ltr'><strong>tiliis</strong></span> <span class='ocrx_word' id='word_1_220' title='bbox 2944 1626 3062 1670; x_wconf 89' lang='lat' dir='ltr'><strong>erat</strong></span> <span class='ocrx_word' id='word_1_221' title='bbox 3083 1617 3298 1680; x_wconf 80' lang='lat' dir='ltr'><strong>orbata,</strong></span> <span class='ocrx_word' id='word_1_222' title='bbox 3333 1617 3424 1671; x_wconf 91' lang='lat' dir='ltr'><strong>Dei</strong></span> <span class='ocrx_word' id='word_1_223' title='bbox 3462 1628 3574 1686; x_wconf 86' lang='lat' dir='ltr'><strong>opt.</strong></span> 
     </span>
    </p>
   </div>
   <div class='ocr_carea' id='block_1_31' title="bbox 2001 1707 3582 1777">
    <p class='ocr_par' dir='ltr' id='par_1_31' title="bbox 2001 1707 3582 1777">
     <span class='ocr_line' id='line_1_31' title="bbox 2001 1707 3582 1777; baseline -0.001 -13"><span class='ocrx_word' id='word_1_224' title='bbox 2001 1726 2151 1764; x_wconf 74' lang='lat' dir='ltr'><strong>max.</strong></span> <span class='ocrx_word' id='word_1_225' title='bbox 2212 1709 2580 1763; x_wconf 76' lang='lat' dir='ltr'><strong>muniﬁcentia</strong></span> <span class='ocrx_word' id='word_1_226' title='bbox 2630 1707 2910 1762; x_wconf 86' lang='lat' dir='ltr'><strong>nobiscum</strong></span> <span class='ocrx_word' id='word_1_227' title='bbox 2952 1708 3240 1762; x_wconf 78' lang='lat' dir='ltr'><strong>frueretur.</strong></span> <span class='ocrx_word' id='word_1_228' title='bbox 3273 1707 3406 1762; x_wconf 75' lang='lat' dir='ltr'><strong>Nam</strong></span> <span class='ocrx_word' id='word_1_229' title='bbox 3445 1726 3582 1777; x_wconf 88' lang='lat' dir='ltr'><strong>quo-</strong></span> 
     </span>
    </p>
   </div>
   <div class='ocr_carea' id='block_1_32' title="bbox 2002 1801 3582 1875">
    <p class='ocr_par' dir='ltr' id='par_1_32' title="bbox 2002 1801 3582 1875">
     <span class='ocr_line' id='line_1_32' title="bbox 2002 1801 3582 1875; baseline -0.001 -15"><span class='ocrx_word' id='word_1_230' title='bbox 2002 1807 2144 1860; x_wconf 83' lang='lat' dir='ltr'><strong>niam</strong></span> <span class='ocrx_word' id='word_1_231' title='bbox 2183 1819 2410 1875; x_wconf 84' lang='lat' dir='ltr'><strong>magnus</strong></span> <span class='ocrx_word' id='word_1_232' title='bbox 2459 1803 2547 1857; x_wconf 90' lang='lat' dir='ltr'><strong>ille</strong></span> <span class='ocrx_word' id='word_1_233' title='bbox 2589 1801 2803 1867; x_wconf 86' lang='lat' dir='ltr'><strong>Pastor,</strong></span> <span class='ocrx_word' id='word_1_234' title='bbox 2838 1803 2965 1856; x_wconf 84' lang='lat' dir='ltr'><strong>feris</strong></span> <span class='ocrx_word' id='word_1_235' title='bbox 3009 1817 3075 1856; x_wconf 92' lang='lat' dir='ltr'><strong>ac</strong></span> <span class='ocrx_word' id='word_1_236' title='bbox 3117 1803 3286 1870; x_wconf 85' lang='lat' dir='ltr'><strong>lupis,</strong></span> <span class='ocrx_word' id='word_1_237' title='bbox 3322 1803 3490 1874; x_wconf 82' lang='lat'><strong>378</strong></span> <span class='ocrx_word' id='word_1_238' title='bbox 3526 1815 3582 1860; x_wconf 88' lang='lat' dir='ltr'><strong>et</strong></span> 
     </span>
    </p>
   </div>
   <div class='ocr_carea' id='block_1_33' title="bbox 310 1873 1896 1968">
    <p class='ocr_par' dir='ltr' id='par_1_33' title="bbox 310 1892 1896 1966">
     <span class='ocr_line' id='line_1_33' title="bbox 310 1892 1896 1966; baseline -0.003 -17"><span class='ocrx_word' id='word_1_239' title='bbox 310 1897 553 1966; x_wconf 80' lang='grc' dir='ltr'>ήκουσεν</span> <span class='ocrx_word' id='word_1_240' title='bbox 577 1894 772 1948; x_wconf 75' lang='grc' dir='ltr'>αὐτῶν.</span> <span class='ocrx_word' id='word_1_241' title='bbox 801 1892 940 1946; x_wconf 82' lang='grc' dir='ltr'>Ἀλλ’</span> <span class='ocrx_word' id='word_1_242' title='bbox 959 1894 1008 1944; x_wconf 77' lang='grc' dir='ltr'>οἱ</span> <span class='ocrx_word' id='word_1_243' title='bbox 1039 1893 1135 1963; x_wconf 76' lang='grc' dir='ltr'><strong>μὲν</strong></span> <span class='ocrx_word' id='word_1_244' title='bbox 1168 1892 1624 1963; x_wconf 86' lang='grc' dir='ltr'>συνεποδίσθησαν</span> <span class='ocrx_word' id='word_1_245' title='bbox 1656 1893 1748 1945; x_wconf 70' lang='grc' dir='ltr'><strong>καὶ</strong></span> <span class='ocrx_word' id='word_1_246' title='bbox 1772 1892 1896 1945; x_wconf 76' lang='grc' dir='ltr'>ἔπε-</span> 
     </span>
    </p>
   </div>
   <div class='ocr_carea' id='block_1_34' title="bbox 2001 1873 3580 1968">
    <p class='ocr_par' dir='ltr' id='par_1_34' title="bbox 2001 1895 3580 1968">
     <span class='ocr_line' id='line_1_34' title="bbox 2001 1895 3580 1968; baseline -0.001 -17"><span class='ocrx_word' id='word_1_247' title='bbox 2001 1898 2146 1951; x_wconf 91' lang='lat' dir='ltr'><strong>omni</strong></span> <span class='ocrx_word' id='word_1_248' title='bbox 2176 1897 2469 1968; x_wconf 83' lang='lat' dir='ltr'><strong>agrestium</strong></span> <span class='ocrx_word' id='word_1_249' title='bbox 2505 1906 2667 1965; x_wconf 88' lang='lat' dir='ltr'><strong>atque</strong></span> <span class='ocrx_word' id='word_1_250' title='bbox 2700 1895 3016 1948; x_wconf 88' lang='lat' dir='ltr'><strong>immanium</strong></span> <span class='ocrx_word' id='word_1_251' title='bbox 3052 1895 3348 1950; x_wconf 90' lang='lat' dir='ltr'><strong>bestiarum</strong></span> <span class='ocrx_word' id='word_1_252' title='bbox 3381 1912 3580 1965; x_wconf 82' lang='lat' dir='ltr'><strong>genere</strong></span> 
     </span>
    </p>
   </div>
   <div class='ocr_carea' id='block_1_35' title="bbox 310 1987 1896 2060">
    <p class='ocr_par' dir='ltr' id='par_1_35' title="bbox 310 1987 1896 2060">
     <span class='ocr_line' id='line_1_35' title="bbox 310 1987 1896 2060; baseline -0.002 -18"><span class='ocrx_word' id='word_1_253' title='bbox 310 2007 433 2053; x_wconf 86' lang='grc' dir='ltr'>σον,</span> <span class='ocrx_word' id='word_1_254' title='bbox 471 1991 629 2060; x_wconf 79' lang='grc' dir='ltr'>ἡμεῖς</span> <span class='ocrx_word' id='word_1_255' title='bbox 673 1988 729 2042; x_wconf 78' lang='grc' dir='ltr'>δὲ</span> <span class='ocrx_word' id='word_1_256' title='bbox 771 1989 1076 2059; x_wconf 85' lang='grc' dir='ltr'>ἁνέστημεν</span> <span class='ocrx_word' id='word_1_257' title='bbox 1125 1988 1218 2040; x_wconf 68' lang='grc' dir='ltr'><strong>καὶ</strong></span> <span class='ocrx_word' id='word_1_258' title='bbox 1266 1987 1732 2058; x_wconf 76' lang='grc' dir='ltr'>ἀνιορθώθημεν.»</span> <span class='ocrx_word' id='word_1_259' title='bbox 1785 1988 1896 2040; x_wconf 77' lang='grc' dir='ltr'>Καὶ</span> 
     </span>
    </p>
   </div>
   <div class='ocr_carea' id='block_1_36' title="bbox 308 2076 1895 2151">
    <p class='ocr_par' dir='ltr' id='par_1_36' title="bbox 308 2076 1895 2151">
     <span class='ocr_line' id='line_1_36' title="bbox 308 2076 1895 2151; baseline -0.003 -19"><span class='ocrx_word' id='word_1_260' title='bbox 308 2079 442 2147; x_wconf 73' lang='grc' dir='ltr'>τόγε</span> <span class='ocrx_word' id='word_1_261' title='bbox 468 2081 524 2132; x_wconf 85' lang='grc' dir='ltr'><strong>ἐν</strong></span> <span class='ocrx_word' id='word_1_262' title='bbox 555 2078 769 2142; x_wconf 85' lang='grc' dir='ltr'>τούτοις</span> <span class='ocrx_word' id='word_1_263' title='bbox 800 2076 1220 2151; x_wconf 71' lang='grc' dir='ltr'>προαναφιονοῦν</span> <span class='ocrx_word' id='word_1_264' title='bbox 1240 2093 1254 2106; x_wconf 90' lang='grc'><strong>·</strong></span> <span class='ocrx_word' id='word_1_265' title='bbox 1296 2096 1313 2126; x_wconf 83' lang='grc' dir='ltr'><strong>ι</strong></span> <span class='ocrx_word' id='word_1_266' title='bbox 1339 2077 1530 2148; x_wconf 82' lang='grc' dir='ltr'>Κύριε,</span> <span class='ocrx_word' id='word_1_267' title='bbox 1565 2079 1623 2129; x_wconf 82' lang='grc' dir='ltr'><strong>ἐν</strong></span> <span class='ocrx_word' id='word_1_268' title='bbox 1653 2081 1717 2148; x_wconf 82' lang='grc' dir='ltr'>τῇ</span> <span class='ocrx_word' id='word_1_269' title='bbox 1748 2077 1895 2129; x_wconf 80' lang='grc' dir='ltr'>πόλει</span> 
     </span>
    </p>
   </div>
   <div class='ocr_carea' id='block_1_37' title="bbox 310 2169 1895 2245">
    <p class='ocr_par' dir='ltr' id='par_1_37' title="bbox 310 2169 1895 2245">
     <span class='ocr_line' id='line_1_37' title="bbox 310 2169 1895 2245; baseline -0.003 -19"><span class='ocrx_word' id='word_1_270' title='bbox 310 2191 413 2226; x_wconf 85' lang='grc' dir='ltr'><strong>σου</strong></span> <span class='ocrx_word' id='word_1_271' title='bbox 460 2174 557 2245; x_wconf 73' lang='grc' dir='ltr'><strong>τὴν</strong></span> <span class='ocrx_word' id='word_1_272' title='bbox 609 2173 793 2225; x_wconf 81' lang='grc' dir='ltr'>εἰκόνα</span> <span class='ocrx_word' id='word_1_273' title='bbox 846 2171 1023 2225; x_wconf 77' lang='grc' dir='ltr'>αὐτῶν</span> <span class='ocrx_word' id='word_1_274' title='bbox 1068 2169 1505 2234; x_wconf 77' lang='grc' dir='ltr'>ἐξουδενώσεις,ι</span> <span class='ocrx_word' id='word_1_275' title='bbox 1554 2170 1751 2241; x_wconf 81' lang='grc' dir='ltr'>ἀληθὲς</span> <span class='ocrx_word' id='word_1_276' title='bbox 1804 2172 1895 2223; x_wconf 79' lang='grc' dir='ltr'>ὑπ’</span> 
     </span>
    </p>
   </div>
   <div class='ocr_carea' id='block_1_38' title="bbox 308 2262 1897 2336">
    <p class='ocr_par' dir='ltr' id='par_1_38' title="bbox 308 2262 1897 2336">
     <span class='ocr_line' id='line_1_38' title="bbox 308 2262 1897 2336; baseline -0.003 -18"><span class='ocrx_word' id='word_1_277' title='bbox 308 2265 608 2336; x_wconf 70' lang='grc' dir='ltr'>ὀφθαλμοῖς</span> <span class='ocrx_word' id='word_1_278' title='bbox 639 2265 854 2318; x_wconf 77' lang='grc' dir='ltr'>πάντων</span> <span class='ocrx_word' id='word_1_279' title='bbox 883 2264 1278 2333; x_wconf 79' lang='grc' dir='ltr'>ἀναπέφανται.</span> <span class='ocrx_word' id='word_1_280' title='bbox 1321 2262 1465 2314; x_wconf 77' lang='grc' dir='ltr'>Ἀλλ’</span> <span class='ocrx_word' id='word_1_281' title='bbox 1494 2263 1541 2314; x_wconf 89' lang='grc' dir='ltr'><strong>οί</strong></span> <span class='ocrx_word' id='word_1_282' title='bbox 1575 2262 1674 2332; x_wconf 80' lang='grc' dir='ltr'><strong>μὲν</strong></span> <span class='ocrx_word' id='word_1_283' title='bbox 1707 2264 1897 2331; x_wconf 74' lang='grc' dir='ltr'>γιγαν-</span> 
     </span>
    </p>
   </div>
   <div class='ocr_carea' id='block_1_39' title="bbox 308 2354 1894 2430">
    <p class='ocr_par' dir='ltr' id='par_1_39' title="bbox 308 2354 1894 2430">
     <span class='ocr_line' id='line_1_39' title="bbox 308 2354 1894 2430; baseline -0.004 -18"><span class='ocrx_word' id='word_1_284' title='bbox 308 2377 422 2412; x_wconf 87' lang='grc' dir='ltr'><strong>των</strong></span> <span class='ocrx_word' id='word_1_285' title='bbox 455 2358 650 2430; x_wconf 81' lang='grc' dir='ltr'>τρόπον</span> <span class='ocrx_word' id='word_1_286' title='bbox 689 2356 985 2427; x_wconf 81' lang='grc' dir='ltr'>θεομαχίαν</span> <span class='ocrx_word' id='word_1_287' title='bbox 1032 2356 1423 2426; x_wconf 73' lang='grc' dir='ltr'>ἐνστησάμενοι</span> <span class='ocrx_word' id='word_1_288' title='bbox 1469 2354 1722 2425; x_wconf 84' lang='grc' dir='ltr'>τοιαύτην</span> <span class='ocrx_word' id='word_1_289' title='bbox 1754 2354 1894 2425; x_wconf 81' lang='grc' dir='ltr'><strong>εἰλὴ-</strong></span> 
     </span>
    </p>
   </div>
   <div class='ocr_carea' id='block_1_40' title="bbox 308 2447 1898 2522">
    <p class='ocr_par' dir='ltr' id='par_1_40' title="bbox 308 2447 1898 2522">
     <span class='ocr_line' id='line_1_40' title="bbox 308 2447 1898 2522; baseline -0.005 -16"><span class='ocrx_word' id='word_1_290' title='bbox 308 2469 444 2522; x_wconf 77' lang='grc' dir='ltr'>χασι</span> <span class='ocrx_word' id='word_1_291' title='bbox 496 2452 594 2522; x_wconf 79' lang='grc' dir='ltr'><strong>τὴν</strong></span> <span class='ocrx_word' id='word_1_292' title='bbox 624 2449 718 2503; x_wconf 74' lang='grc' dir='ltr'>τοῦ</span> <span class='ocrx_word' id='word_1_293' title='bbox 755 2450 868 2520; x_wconf 82' lang='grc' dir='ltr'>βίου</span> <span class='ocrx_word' id='word_1_294' title='bbox 903 2449 1320 2520; x_wconf 74' lang='grc' dir='ltr'>καταστροφήν·</span> <span class='ocrx_word' id='word_1_295' title='bbox 1350 2447 1448 2518; x_wconf 83' lang='grc' dir='ltr'>τῆς</span> <span class='ocrx_word' id='word_1_296' title='bbox 1484 2447 1527 2500; x_wconf 89' lang='grc' dir='ltr'>δ’</span> <span class='ocrx_word' id='word_1_297' title='bbox 1563 2448 1770 2518; x_wconf 80' lang='grc' dir='ltr'>ἐρήμου</span> <span class='ocrx_word' id='word_1_298' title='bbox 1804 2447 1898 2500; x_wconf 72' lang='grc' dir='ltr'><strong>καὶ</strong></span> 
     </span>
    </p>
   </div>
   <div class='ocr_carea' id='block_1_41' title="bbox 310 2533 1896 2616">
    <p class='ocr_par' dir='ltr' id='par_1_41' title="bbox 310 2533 1896 2616">
     <span class='ocr_line' id='line_1_41' title="bbox 310 2533 1896 2616; baseline -0.005 -18"><span class='ocrx_word' id='word_1_299' title='bbox 310 2546 448 2616; x_wconf 79' lang='grc' dir='ltr'>παρ’</span> <span class='ocrx_word' id='word_1_300' title='bbox 475 2542 780 2616; x_wconf 80' lang='grc' dir='ltr'>ἀνθρώποις</span> <span class='ocrx_word' id='word_1_301' title='bbox 814 2541 1260 2612; x_wconf 83' lang='grc' dir='ltr'>ἁπεγνωσμένης,</span> <span class='ocrx_word' id='word_1_302' title='bbox 1297 2539 1521 2593; x_wconf 78' lang='grc' dir='ltr'>τοιαῦτα</span> <span class='ocrx_word' id='word_1_303' title='bbox 1546 2533 1634 2593; x_wconf 75' lang='grc' dir='ltr'><strong>οἷα</strong></span> <span class='ocrx_word' id='word_1_304' title='bbox 1659 2539 1725 2592; x_wconf 85' lang='grc' dir='ltr'>τὰ</span> <span class='ocrx_word' id='word_1_305' title='bbox 1757 2538 1896 2610; x_wconf 78' lang='grc' dir='ltr'>ὁρώ-</span> 
     </span>
    </p>
   </div>
   <div class='ocr_carea' id='block_1_42' title="bbox 316 2631 1898 2710">
    <p class='ocr_par' dir='ltr' id='par_1_42' title="bbox 316 2631 1898 2710">
     <span class='ocr_line' id='line_1_42' title="bbox 316 2631 1898 2710; baseline -0.006 -19"><span class='ocrx_word' id='word_1_306' title='bbox 316 2655 456 2710; x_wconf 86' lang='grc' dir='ltr'>μενα</span> <span class='ocrx_word' id='word_1_307' title='bbox 483 2638 583 2708; x_wconf 75' lang='grc' dir='ltr'>τῆς</span> <span class='ocrx_word' id='word_1_308' title='bbox 605 2636 744 2690; x_wconf 73' lang='grc' dir='ltr'>κατὰ</span> <span class='ocrx_word' id='word_1_309' title='bbox 769 2635 899 2688; x_wconf 77' lang='grc' dir='ltr'>Θεὸν</span> <span class='ocrx_word' id='word_1_310' title='bbox 928 2634 1204 2704; x_wconf 77' lang='grc' dir='ltr'>ὑπομονῆς</span> <span class='ocrx_word' id='word_1_311' title='bbox 1227 2631 1296 2685; x_wconf 78' lang='grc' dir='ltr'>τὰ</span> <span class='ocrx_word' id='word_1_312' title='bbox 1317 2632 1466 2704; x_wconf 86' lang='grc' dir='ltr'>τέλη,</span> <span class='ocrx_word' id='word_1_313' title='bbox 1497 2632 1572 2695; x_wconf 82' lang='grc' dir='ltr'>ὡς</span> <span class='ocrx_word' id='word_1_314' title='bbox 1600 2631 1898 2699; x_wconf 73' lang='grc' dir='ltr'>ἀναφωνεῖν</span> 
     </span>
    </p>
   </div>
   <div class='ocr_carea' id='block_1_43' title="bbox 310 2725 1897 2801">
    <p class='ocr_par' dir='ltr' id='par_1_43' title="bbox 310 2725 1897 2801">
     <span class='ocr_line' id='line_1_43' title="bbox 310 2725 1897 2801; baseline -0.004 -18"><span class='ocrx_word' id='word_1_315' title='bbox 310 2732 453 2801; x_wconf 78' lang='grc' dir='ltr'>αὐτῇ</span> <span class='ocrx_word' id='word_1_316' title='bbox 488 2731 585 2800; x_wconf 74' lang='grc' dir='ltr'><strong>τὴν</strong></span> <span class='ocrx_word' id='word_1_317' title='bbox 620 2727 954 2801; x_wconf 76' lang='grc' dir='ltr'>προφητείαν</span> <span class='ocrx_word' id='word_1_318' title='bbox 999 2727 1222 2780; x_wconf 74' lang='grc' dir='ltr'>Ἡσαΐου</span> <span class='ocrx_word' id='word_1_319' title='bbox 1255 2725 1428 2779; x_wconf 76' lang='grc' dir='ltr'>ταῦτα</span> <span class='ocrx_word' id='word_1_320' title='bbox 1453 2743 1466 2756; x_wconf 75' lang='grc' dir='ltr'><strong>ο</strong></span> <span class='ocrx_word' id='word_1_321' title='bbox 1493 2745 1510 2776; x_wconf 77' lang='grc' dir='ltr'><strong>ι</strong></span> <span class='ocrx_word' id='word_1_322' title='bbox 1549 2725 1897 2797; x_wconf 76' lang='grc' dir='ltr'>Εὐφράνθητι</span> 
     </span>
    </p>
   </div>
   <div class='ocr_carea' id='block_1_44' title="bbox 315 2817 1898 2894">
    <p class='ocr_par' dir='ltr' id='par_1_44' title="bbox 315 2817 1898 2894">
     <span class='ocr_line' id='line_1_44' title="bbox 315 2817 1898 2894; baseline -0.003 -20"><span class='ocrx_word' id='word_1_323' title='bbox 315 2822 520 2894; x_wconf 84' lang='grc' dir='ltr'>ἔρημος</span> <span class='ocrx_word' id='word_1_324' title='bbox 553 2820 781 2890; x_wconf 56' lang='grc' dir='ltr'>διψῶσα,</span> <span class='ocrx_word' id='word_1_325' title='bbox 815 2819 1160 2889; x_wconf 83' lang='grc' dir='ltr'>ἁγαλλιάσθω</span> <span class='ocrx_word' id='word_1_326' title='bbox 1193 2819 1396 2889; x_wconf 81' lang='grc' dir='ltr'>ἕρημος</span> <span class='ocrx_word' id='word_1_327' title='bbox 1429 2817 1523 2871; x_wconf 70' lang='grc' dir='ltr'><strong>καὶ</strong></span> <span class='ocrx_word' id='word_1_328' title='bbox 1564 2818 1792 2870; x_wconf 84' lang='grc' dir='ltr'>ἀνθείτω</span> <span class='ocrx_word' id='word_1_329' title='bbox 1824 2817 1898 2880; x_wconf 81' lang='grc' dir='ltr'><strong>ὡς</strong></span> 
     </span>
    </p>
   </div>
   <div class='ocr_carea' id='block_1_45' title="bbox 314 2899 1893 2985">
    <p class='ocr_par' dir='ltr' id='par_1_45' title="bbox 314 2899 1893 2985">
     <span class='ocr_line' id='line_1_45' title="bbox 314 2899 1893 2985; baseline -0.001 -19"><span class='ocrx_word' id='word_1_330' title='bbox 314 2914 534 2985; x_wconf 72' lang='grc' dir='ltr'>κρίνονο</span> <span class='ocrx_word' id='word_1_331' title='bbox 570 2913 663 2965; x_wconf 81' lang='grc' dir='ltr'><strong>καὶ</strong></span> <span class='ocrx_word' id='word_1_332' title='bbox 706 2899 990 2982; x_wconf 80' lang='grc' dir='ltr'>ἐξανθήσει</span> <span class='ocrx_word' id='word_1_333' title='bbox 1035 2911 1131 2964; x_wconf 75' lang='grc' dir='ltr'><strong>καὶ</strong></span> <span class='ocrx_word' id='word_1_334' title='bbox 1174 2910 1559 2979; x_wconf 83' lang='grc' dir='ltr'>ἁγαλλιάσεται</span> <span class='ocrx_word' id='word_1_335' title='bbox 1590 2909 1660 2962; x_wconf 79' lang='grc' dir='ltr'><strong>τὰ</strong></span> <span class='ocrx_word' id='word_1_336' title='bbox 1694 2909 1893 2982; x_wconf 74' lang='grc' dir='ltr'>ἔρημα.</span> 
     </span>
    </p>
   </div>
   <div class='ocr_carea' id='block_1_46' title="bbox 329 3003 1900 3076">
    <p class='ocr_par' dir='ltr' id='par_1_46' title="bbox 329 3003 1900 3076">
     <span class='ocr_line' id='line_1_46' title="bbox 329 3003 1900 3076; baseline -0.004 -16"><span class='ocrx_word' id='word_1_337' title='bbox 329 3004 606 3075; x_wconf 76' lang='grc' dir='ltr'>’ἰσχύσατε</span> <span class='ocrx_word' id='word_1_338' title='bbox 641 3007 818 3076; x_wconf 81' lang='grc' dir='ltr'>χεῖρες</span> <span class='ocrx_word' id='word_1_339' title='bbox 869 3003 1170 3074; x_wconf 83' lang='grc' dir='ltr'>ἀνειμέναι,</span> <span class='ocrx_word' id='word_1_340' title='bbox 1209 3003 1303 3056; x_wconf 67' lang='grc' dir='ltr'><strong>καὶ</strong></span> <span class='ocrx_word' id='word_1_341' title='bbox 1351 3003 1554 3070; x_wconf 88' lang='grc' dir='ltr'>γόνατα</span> <span class='ocrx_word' id='word_1_342' title='bbox 1589 3003 1900 3074; x_wconf 80' lang='grc' dir='ltr'>παραλελυ-</span> 
     </span>
    </p>
   </div>
   <div class='ocr_carea' id='block_1_47' title="bbox 319 3094 1896 3168">
    <p class='ocr_par' dir='ltr' id='par_1_47' title="bbox 319 3094 1896 3168">
     <span class='ocr_line' id='line_1_47' title="bbox 319 3094 1896 3168; baseline -0.01 -17"><span class='ocrx_word' id='word_1_343' title='bbox 319 3099 491 3167; x_wconf 84' lang='grc' dir='ltr'>μένα·</span> <span class='ocrx_word' id='word_1_344' title='bbox 538 3095 954 3168; x_wconf 78' lang='grc' dir='ltr'>παρακαλέσατε</span> <span class='ocrx_word' id='word_1_345' title='bbox 1001 3094 1306 3163; x_wconf 64' lang='grc' dir='ltr'>ὀλιγόψυχοι</span> <span class='ocrx_word' id='word_1_346' title='bbox 1349 3097 1415 3165; x_wconf 85' lang='grc' dir='ltr'>τῇ</span> <span class='ocrx_word' id='word_1_347' title='bbox 1470 3094 1696 3165; x_wconf 67' lang='grc' dir='ltr'>διανοίᾳ,</span> <span class='ocrx_word' id='word_1_348' title='bbox 1747 3094 1896 3166; x_wconf 66' lang='grc' dir='ltr'>ἰσχύ-</span> 
     </span>
    </p>
   </div>
   <div class='ocr_carea' id='block_1_48' title="bbox 1999 1986 3582 2060">
    <p class='ocr_par' dir='ltr' id='par_1_48' title="bbox 1999 1986 3582 2060">
     <span class='ocr_line' id='line_1_48' title="bbox 1999 1986 3582 2060; baseline -0.002 -16"><span class='ocrx_word' id='word_1_349' title='bbox 1999 1989 2248 2060; x_wconf 85' lang='lat' dir='ltr'><strong>depulso,</strong></span> <span class='ocrx_word' id='word_1_350' title='bbox 2283 1989 2521 2057; x_wconf 84' lang='lat' dir='ltr'><strong>ipsisque</strong></span> <span class='ocrx_word' id='word_1_351' title='bbox 2549 1986 2765 2040; x_wconf 89' lang='lat' dir='ltr'><strong>leonum</strong></span> <span class='ocrx_word' id='word_1_352' title='bbox 2797 1986 3320 2050; x_wconf 77' lang='lat' dir='ltr'><strong>maxillis,utdivina</strong></span> <span class='ocrx_word' id='word_1_353' title='bbox 3348 1987 3582 2056; x_wconf 84' lang='lat' dir='ltr'><strong>loquun-</strong></span> 
     </span>
    </p>
   </div>
   <div class='ocr_carea' id='block_1_49' title="bbox 2001 2063 3576 2148">
    <p class='ocr_par' dir='ltr' id='par_1_49' title="bbox 2001 2063 3576 2148">
     <span class='ocr_line' id='line_1_49' title="bbox 2001 2063 3576 2148; baseline 0 -12"><span class='ocrx_word' id='word_1_354' title='bbox 2001 2093 2090 2136; x_wconf 89' lang='lat' dir='ltr'><strong>tur</strong></span> <span class='ocrx_word' id='word_1_355' title='bbox 2117 2081 2360 2144; x_wconf 88' lang='lat' dir='ltr'><strong>oracula,</strong></span> <span class='ocrx_word' id='word_1_356' title='bbox 2391 2079 2662 2142; x_wconf 88' lang='lat' dir='ltr'><strong>contritis,</strong></span> <span class='ocrx_word' id='word_1_357' title='bbox 2705 2079 2849 2133; x_wconf 89' lang='lat' dir='ltr'><strong>ﬂlios</strong></span> <span class='ocrx_word' id='word_1_358' title='bbox 2898 2079 3064 2148; x_wconf 80' lang='lat' dir='ltr'><strong>ipsius</strong></span> <span class='ocrx_word' id='word_1_359' title='bbox 3095 2063 3300 2135; x_wconf 7' lang='lat' dir='ltr'><strong>rursus,</strong></span> <span class='ocrx_word' id='word_1_360' title='bbox 3326 2082 3379 2135; x_wconf 90' lang='lat' dir='ltr'><strong>in</strong></span> <span class='ocrx_word' id='word_1_361' title='bbox 3414 2099 3576 2136; x_wconf 88' lang='lat' dir='ltr'><strong>nmnn</strong></span> 
     </span>
    </p>
   </div>
   <div class='ocr_carea' id='block_1_50' title="bbox 1998 2174 3578 2245">
    <p class='ocr_par' dir='ltr' id='par_1_50' title="bbox 1998 2174 3578 2245">
     <span class='ocr_line' id='line_1_50' title="bbox 1998 2174 3578 2245; baseline 0.001 -16"><span class='ocrx_word' id='word_1_362' title='bbox 1998 2190 2322 2244; x_wconf 78' lang='lat' dir='ltr'><strong>congregare</strong></span> <span class='ocrx_word' id='word_1_363' title='bbox 2348 2176 2596 2245; x_wconf 84' lang='lat' dir='ltr'><strong>dignatus</strong></span> <span class='ocrx_word' id='word_1_364' title='bbox 2623 2174 2950 2244; x_wconf 60' lang='lat' dir='ltr'><strong>fueratJure</strong></span> <span class='ocrx_word' id='word_1_365' title='bbox 2981 2175 3175 2228; x_wconf 90' lang='lat' dir='ltr'><strong>merito</strong></span> <span class='ocrx_word' id='word_1_366' title='bbox 3208 2175 3374 2242; x_wconf 89' lang='lat' dir='ltr'><strong>ipsam</strong></span> <span class='ocrx_word' id='word_1_367' title='bbox 3400 2177 3578 2244; x_wconf 71' lang='lat' dir='ltr'><strong>gregis</strong></span> 
     </span>
    </p>
   </div>
   <div class='ocr_carea' id='block_1_51' title="bbox 1999 2266 3576 2336">
    <p class='ocr_par' dir='ltr' id='par_1_51' title="bbox 1999 2266 3576 2336">
     <span class='ocr_line' id='line_1_51' title="bbox 1999 2266 3576 2336; baseline 0.001 -15"><span class='ocrx_word' id='word_1_368' title='bbox 1999 2269 2206 2322; x_wconf 87' lang='lat' dir='ltr'><strong>caulam</strong></span> <span class='ocrx_word' id='word_1_369' title='bbox 2238 2267 2580 2333; x_wconf 83' lang='lat' dir='ltr'><strong>instauravit,</strong></span> <span class='ocrx_word' id='word_1_370' title='bbox 2605 2276 2661 2320; x_wconf 91' lang='lat' dir='ltr'><strong>ut</strong></span> <span class='ocrx_word' id='word_1_371' title='bbox 2691 2267 2983 2336; x_wconf 87' lang='lat' dir='ltr'><strong>ignominia</strong></span> <span class='ocrx_word' id='word_1_372' title='bbox 3029 2266 3267 2322; x_wconf 70' lang='lat' dir='ltr'><strong>aﬂireret</strong></span> <span class='ocrx_word' id='word_1_373' title='bbox 3298 2269 3576 2324; x_wconf 88' lang='lat' dir='ltr'><strong>inimicmn</strong></span> 
     </span>
    </p>
   </div>
   <div class='ocr_carea' id='block_1_52' title="bbox 2000 2361 3576 2432">
    <p class='ocr_par' dir='ltr' id='par_1_52' title="bbox 2000 2361 3576 2432">
     <span class='ocr_line' id='line_1_52' title="bbox 2000 2361 3576 2432; baseline 0.001 -16"><span class='ocrx_word' id='word_1_374' title='bbox 2000 2370 2052 2416; x_wconf 90' lang='lat' dir='ltr'><strong>et</strong></span> <span class='ocrx_word' id='word_1_375' title='bbox 2080 2361 2389 2426; x_wconf 80' lang='lat' dir='ltr'><strong>ultorem&quot;,</strong></span> <span class='ocrx_word' id='word_1_376' title='bbox 2419 2369 2580 2430; x_wconf 89' lang='lat' dir='ltr'><strong>utque</strong></span> <span class='ocrx_word' id='word_1_377' title='bbox 2620 2361 2905 2431; x_wconf 89' lang='lat' dir='ltr'><strong>impiorum</strong></span> <span class='ocrx_word' id='word_1_378' title='bbox 2947 2363 3208 2417; x_wconf 88' lang='lat' dir='ltr'><strong>adversus</strong></span> <span class='ocrx_word' id='word_1_379' title='bbox 3256 2364 3419 2416; x_wconf 88' lang='lat' dir='ltr'><strong>Deum</strong></span> <span class='ocrx_word' id='word_1_380' title='bbox 3439 2380 3576 2432; x_wconf 70' lang='lat' dir='ltr'><strong>pra!-</strong></span> 
     </span>
    </p>
   </div>
   <div class='ocr_carea' id='block_1_53' title="bbox 2000 2451 3577 2523">
    <p class='ocr_par' dir='ltr' id='par_1_53' title="bbox 2000 2451 3577 2523">
     <span class='ocr_line' id='line_1_53' title="bbox 2000 2451 3577 2523; baseline 0.001 -17"><span class='ocrx_word' id='word_1_381' title='bbox 2000 2453 2248 2507; x_wconf 85' lang='lat' dir='ltr'><strong>liantium</strong></span> <span class='ocrx_word' id='word_1_382' title='bbox 2285 2451 2522 2505; x_wconf 78' lang='lat' dir='ltr'><strong>nefarios</strong></span> <span class='ocrx_word' id='word_1_383' title='bbox 2564 2467 2728 2505; x_wconf 86' lang='lat' dir='ltr'><strong>ausus</strong></span> <span class='ocrx_word' id='word_1_384' title='bbox 2759 2452 2951 2507; x_wconf 86' lang='lat' dir='ltr'><strong>illustri</strong></span> <span class='ocrx_word' id='word_1_385' title='bbox 3001 2464 3322 2523; x_wconf 83' lang='lat' dir='ltr'><strong>argumento</strong></span> <span class='ocrx_word' id='word_1_386' title='bbox 3351 2458 3577 2509; x_wconf 83' lang='lat' dir='ltr'><strong>convin-</strong></span> 
     </span>
    </p>
   </div>
   <div class='ocr_carea' id='block_1_54' title="bbox 2000 2543 3574 2614">
    <p class='ocr_par' dir='ltr' id='par_1_54' title="bbox 2000 2543 3574 2614">
     <span class='ocr_line' id='line_1_54' title="bbox 2000 2543 3574 2614; baseline 0.001 -13"><span class='ocrx_word' id='word_1_387' title='bbox 2000 2555 2168 2601; x_wconf 87' lang='lat' dir='ltr'><strong>ceret.</strong></span> <span class='ocrx_word' id='word_1_388' title='bbox 2192 2543 2380 2614; x_wconf 88' lang='lat' dir='ltr'><strong>Itaque</strong></span> <span class='ocrx_word' id='word_1_389' title='bbox 2412 2544 2486 2597; x_wconf 90' lang='lat' dir='ltr'><strong>illi</strong></span> <span class='ocrx_word' id='word_1_390' title='bbox 2517 2544 2624 2597; x_wconf 88' lang='lat' dir='ltr'><strong>Deo</strong></span> <span class='ocrx_word' id='word_1_391' title='bbox 2655 2545 2835 2608; x_wconf 87' lang='lat' dir='ltr'><strong>invisi,</strong></span> <span class='ocrx_word' id='word_1_392' title='bbox 2863 2561 3006 2599; x_wconf 91' lang='lat' dir='ltr'><strong>nunc</strong></span> <span class='ocrx_word' id='word_1_393' title='bbox 3027 2546 3258 2614; x_wconf 88' lang='lat' dir='ltr'><strong>amplius</strong></span> <span class='ocrx_word' id='word_1_394' title='bbox 3290 2563 3396 2602; x_wconf 89' lang='lat' dir='ltr'><strong>non</strong></span> <span class='ocrx_word' id='word_1_395' title='bbox 3429 2557 3574 2614; x_wconf 87' lang='lat' dir='ltr'><strong>sunt,</strong></span> 
     </span>
    </p>
   </div>
   <div class='ocr_carea' id='block_1_55' title="bbox 1999 2635 3576 2708">
    <p class='ocr_par' dir='ltr' id='par_1_55' title="bbox 1999 2635 3576 2708">
     <span class='ocr_line' id='line_1_55' title="bbox 1999 2635 3576 2708; baseline 0.007 -23"><span class='ocrx_word' id='word_1_396' title='bbox 1999 2638 2217 2707; x_wconf 81' lang='lat' dir='ltr'><strong>quando</strong></span> <span class='ocrx_word' id='word_1_397' title='bbox 2249 2652 2316 2690; x_wconf 85' lang='lat' dir='ltr'><strong>ne</strong></span> <span class='ocrx_word' id='word_1_398' title='bbox 2356 2645 2465 2689; x_wconf 89' lang='lat' dir='ltr'><strong>tum</strong></span> <span class='ocrx_word' id='word_1_399' title='bbox 2498 2635 2713 2704; x_wconf 85' lang='lat' dir='ltr'><strong>quidem</strong></span> <span class='ocrx_word' id='word_1_400' title='bbox 2749 2647 2926 2691; x_wconf 89' lang='lat' dir='ltr'><strong>erant.</strong></span> <span class='ocrx_word' id='word_1_401' title='bbox 2973 2638 3038 2691; x_wconf 87' lang='lat' dir='ltr'><strong>Et</strong></span> <span class='ocrx_word' id='word_1_402' title='bbox 3077 2649 3426 2708; x_wconf 83' lang='lat' dir='ltr'><strong>posteaquam</strong></span> <span class='ocrx_word' id='word_1_403' title='bbox 3462 2656 3576 2696; x_wconf 86' lang='lat' dir='ltr'><strong>mo-</strong></span> 
     </span>
    </p>
   </div>
   <div class='ocr_carea' id='block_1_56' title="bbox 2001 2727 3576 2802">
    <p class='ocr_par' dir='ltr' id='par_1_56' title="bbox 2001 2727 3576 2802">
     <span class='ocr_line' id='line_1_56' title="bbox 2001 2727 3576 2802; baseline 0.003 -20"><span class='ocrx_word' id='word_1_404' title='bbox 2001 2731 2122 2783; x_wconf 92' lang='lat' dir='ltr'><strong>dico</strong></span> <span class='ocrx_word' id='word_1_405' title='bbox 2154 2727 2414 2796; x_wconf 87' lang='lat' dir='ltr'><strong>temporis</strong></span> <span class='ocrx_word' id='word_1_406' title='bbox 2448 2729 2624 2797; x_wconf 88' lang='lat' dir='ltr'><strong>spatio</strong></span> <span class='ocrx_word' id='word_1_407' title='bbox 2652 2729 2842 2783; x_wconf 88' lang='lat' dir='ltr'><strong>turbas</strong></span> <span class='ocrx_word' id='word_1_408' title='bbox 2872 2731 3182 2784; x_wconf 74' lang='lat' dir='ltr'><strong>excitarunt</strong></span> <span class='ocrx_word' id='word_1_409' title='bbox 3226 2732 3437 2802; x_wconf 88' lang='lat' dir='ltr'><strong>ipsique</strong></span> <span class='ocrx_word' id='word_1_410' title='bbox 3462 2741 3576 2787; x_wconf 90' lang='lat' dir='ltr'><strong>tur-</strong></span> 
     </span>
    </p>
   </div>
   <div class='ocr_carea' id='block_1_57' title="bbox 2000 2820 3577 2892">
    <p class='ocr_par' dir='ltr' id='par_1_57' title="bbox 2000 2820 3577 2892">
     <span class='ocr_line' id='line_1_57' title="bbox 2000 2820 3577 2892; baseline 0.004 -18"><span class='ocrx_word' id='word_1_411' title='bbox 2000 2822 2083 2875; x_wconf 90' lang='lat' dir='ltr'><strong>bis</strong></span> <span class='ocrx_word' id='word_1_412' title='bbox 2121 2821 2306 2890; x_wconf 87' lang='lat' dir='ltr'><strong>agitati</strong></span> <span class='ocrx_word' id='word_1_413' title='bbox 2349 2830 2510 2885; x_wconf 91' lang='lat' dir='ltr'><strong>sunt;</strong></span> <span class='ocrx_word' id='word_1_414' title='bbox 2543 2833 2731 2889; x_wconf 86' lang='lat' dir='ltr'><strong>poenas</strong></span> <span class='ocrx_word' id='word_1_415' title='bbox 2773 2820 2970 2876; x_wconf 90' lang='lat' dir='ltr'><strong>deinde</strong></span> <span class='ocrx_word' id='word_1_416' title='bbox 3001 2824 3351 2892; x_wconf 86' lang='lat' dir='ltr'><strong>gravissimas</strong></span> <span class='ocrx_word' id='word_1_417' title='bbox 3383 2826 3577 2880; x_wconf 79' lang='lat' dir='ltr'><strong>divina:</strong></span> 
     </span>
    </p>
   </div>
   <div class='ocr_carea' id='block_1_58' title="bbox 1997 2909 3576 2980">
    <p class='ocr_par' dir='ltr' id='par_1_58' title="bbox 1997 2909 3576 2980">
     <span class='ocr_line' id='line_1_58' title="bbox 1997 2909 3576 2980; baseline 0.004 -17"><span class='ocrx_word' id='word_1_418' title='bbox 1997 2909 2218 2979; x_wconf 76' lang='lat' dir='ltr'><strong>justitizn</strong></span> <span class='ocrx_word' id='word_1_419' title='bbox 2271 2909 2677 2980; x_wconf 87' lang='lat' dir='ltr'><strong>persolventes,</strong></span> <span class='ocrx_word' id='word_1_420' title='bbox 2730 2911 3052 2980; x_wconf 84' lang='lat' dir='ltr'><strong>semetipsos</strong></span> <span class='ocrx_word' id='word_1_421' title='bbox 3107 2929 3228 2966; x_wconf 90' lang='lat' dir='ltr'><strong>cum</strong></span> <span class='ocrx_word' id='word_1_422' title='bbox 3285 2915 3477 2969; x_wconf 88' lang='lat' dir='ltr'><strong>amicis</strong></span> <span class='ocrx_word' id='word_1_423' title='bbox 3522 2927 3576 2971; x_wconf 89' lang='lat' dir='ltr'><strong>et</strong></span> 
     </span>
    </p>
   </div>
   <div class='ocr_carea' id='block_1_59' title="bbox 2000 3001 3586 3074">
    <p class='ocr_par' dir='ltr' id='par_1_59' title="bbox 2000 3001 3586 3074">
     <span class='ocr_line' id='line_1_59' title="bbox 2000 3001 3586 3074; baseline 0.004 -20"><span class='ocrx_word' id='word_1_424' title='bbox 2000 3003 2146 3056; x_wconf 87' lang='lat' dir='ltr'><strong>omni</strong></span> <span class='ocrx_word' id='word_1_425' title='bbox 2184 3001 2389 3055; x_wconf 80' lang='lat' dir='ltr'><strong>familia</strong></span> <span class='ocrx_word' id='word_1_426' title='bbox 2449 3001 2689 3054; x_wconf 82' lang='lat' dir='ltr'><strong>furnlitus</strong></span> <span class='ocrx_word' id='word_1_427' title='bbox 2739 3013 3080 3057; x_wconf 82' lang='lat' dir='ltr'><strong>everterunt.</strong></span> <span class='ocrx_word' id='word_1_428' title='bbox 3119 3005 3269 3059; x_wconf 89' lang='lat' dir='ltr'><strong>Adeo</strong></span> <span class='ocrx_word' id='word_1_429' title='bbox 3300 3016 3358 3058; x_wconf 93' lang='lat' dir='ltr'><strong>ut</strong></span> <span class='ocrx_word' id='word_1_430' title='bbox 3388 3008 3586 3074; x_wconf 66' lang='lat' dir='ltr'><strong>praadi-</strong></span> 
     </span>
    </p>
   </div>
   <div class='ocr_carea' id='block_1_60' title="bbox 2001 3093 3575 3165">
    <p class='ocr_par' dir='ltr' id='par_1_60' title="bbox 2001 3093 3575 3165">
     <span class='ocr_line' id='line_1_60' title="bbox 2001 3093 3575 3165; baseline 0.003 -16"><span class='ocrx_word' id='word_1_431' title='bbox 2001 3097 2212 3150; x_wconf 84' lang='lat' dir='ltr'><strong>ctioues</strong></span> <span class='ocrx_word' id='word_1_432' title='bbox 2244 3095 2344 3148; x_wconf 74' lang='lat' dir='ltr'><strong>illa:</strong></span> <span class='ocrx_word' id='word_1_433' title='bbox 2376 3095 2548 3148; x_wconf 91' lang='lat' dir='ltr'><strong>sacris</strong></span> <span class='ocrx_word' id='word_1_434' title='bbox 2570 3093 2698 3147; x_wconf 92' lang='lat' dir='ltr'><strong>olim</strong></span> <span class='ocrx_word' id='word_1_435' title='bbox 2734 3094 2929 3149; x_wconf 78' lang='lat' dir='ltr'><strong>tabulis</strong></span> <span class='ocrx_word' id='word_1_436' title='bbox 2974 3096 3266 3165; x_wconf 65' lang='lat' dir='ltr'><strong>inscripta},</strong></span> <span class='ocrx_word' id='word_1_437' title='bbox 3305 3113 3452 3154; x_wconf 91' lang='lat' dir='ltr'><strong>nunc</strong></span> <span class='ocrx_word' id='word_1_438' title='bbox 3487 3115 3575 3154; x_wconf 88' lang='lat' dir='ltr'><strong>ve-</strong></span> 
     </span>
    </p>
   </div>
   <div class='ocr_carea' id='block_1_61' title="bbox 318 3185 1896 3286">
    <p class='ocr_par' dir='ltr' id='par_1_61' title="bbox 318 3186 1894 3261">
     <span class='ocr_line' id='line_1_61' title="bbox 318 3186 1894 3261; baseline -0.004 -18"><span class='ocrx_word' id='word_1_439' title='bbox 318 3208 471 3254; x_wconf 87' lang='grc' dir='ltr'>σατε,</span> <span class='ocrx_word' id='word_1_440' title='bbox 524 3191 598 3261; x_wconf 77' lang='grc' dir='ltr'><strong>μὴ</strong></span> <span class='ocrx_word' id='word_1_441' title='bbox 641 3188 909 3258; x_wconf 77' lang='grc' dir='ltr'>φοϐεῖσθε.</span> <span class='ocrx_word' id='word_1_442' title='bbox 958 3187 1087 3240; x_wconf 78' lang='grc' dir='ltr'>Ἰδοὺ</span> <span class='ocrx_word' id='word_1_443' title='bbox 1120 3189 1147 3240; x_wconf 87' lang='grc' dir='ltr'><strong>ὀ</strong></span> <span class='ocrx_word' id='word_1_444' title='bbox 1179 3187 1310 3248; x_wconf 78' lang='grc' dir='ltr'>Θεὸς</span> <span class='ocrx_word' id='word_1_445' title='bbox 1341 3186 1497 3256; x_wconf 75' lang='grc' dir='ltr'>ἡμῶν</span> <span class='ocrx_word' id='word_1_446' title='bbox 1538 3186 1716 3257; x_wconf 86' lang='grc' dir='ltr'>κρίσιν</span> <span class='ocrx_word' id='word_1_447' title='bbox 1766 3190 1894 3242; x_wconf 82' lang='grc' dir='ltr'>ἀντ-</span> 
     </span>
    </p>
   </div>
   <div class='ocr_carea' id='block_1_62' title="bbox 2001 3185 3576 3286">
    <p class='ocr_par' dir='ltr' id='par_1_62' title="bbox 2002 3185 3576 3260">
     <span class='ocr_line' id='line_1_62' title="bbox 2002 3185 3576 3260; baseline 0.004 -20"><span class='ocrx_word' id='word_1_448' title='bbox 2002 3186 2231 3242; x_wconf 70' lang='lat' dir='ltr'><strong>rissimaa</strong></span> <span class='ocrx_word' id='word_1_449' title='bbox 2265 3201 2384 3240; x_wconf 89' lang='lat' dir='ltr'><strong>esse</strong></span> <span class='ocrx_word' id='word_1_450' title='bbox 2423 3185 2579 3238; x_wconf 75' lang='lat' dir='ltr'><strong>factis</strong></span> <span class='ocrx_word' id='word_1_451' title='bbox 2625 3185 2755 3252; x_wconf 87' lang='lat' dir='ltr'><strong>ipsis</strong></span> <span class='ocrx_word' id='word_1_452' title='bbox 2795 3187 3251 3254; x_wconf 88' lang='lat' dir='ltr'><strong>comproheulur,</strong></span> <span class='ocrx_word' id='word_1_453' title='bbox 3293 3188 3576 3260; x_wconf 89' lang='lat' dir='ltr'><strong>inquibus</strong></span> 
     </span>
    </p>
   </div>
   <div class='ocr_carea' id='block_1_63' title="bbox 1425 3278 1486 3294">
    <p class='ocr_par' dir='ltr' id='par_1_63' title="bbox 1425 3278 1486 3294">
     <span class='ocr_line' id='line_1_63' title="bbox 1425 3278 1486 3294; baseline 0 0"><span class='ocrx_word' id='word_1_454' title='bbox 1425 3278 1486 3294; x_wconf 59' lang='grc' dir='ltr'><strong>’ΠΡ</strong></span> 
     </span>
    </p>
   </div>
   <div class='ocr_carea' id='block_1_64' title="bbox 316 3279 1896 3350">
    <p class='ocr_par' dir='ltr' id='par_1_64' title="bbox 316 3279 1896 3350">
     <span class='ocr_line' id='line_1_64' title="bbox 316 3279 1896 3350; baseline -0.004 -12"><span class='ocrx_word' id='word_1_455' title='bbox 316 3284 611 3338; x_wconf 87' lang='grc' dir='ltr'>αποδίδωσι</span> <span class='ocrx_word' id='word_1_456' title='bbox 639 3282 732 3335; x_wconf 58' lang='grc' dir='ltr'><strong>καὶ⁸</strong></span> <span class='ocrx_word' id='word_1_457' title='bbox 765 3279 1170 3343; x_wconf 81' lang='grc' dir='ltr'>ἁνταποδὼσει,</span> <span class='ocrx_word' id='word_1_458' title='bbox 1216 3280 1375 3342; x_wconf 71' lang='grc' dir='ltr'>αὐτὸς</span> <span class='ocrx_word' id='word_1_459' title='bbox 1420 3279 1538 3350; x_wconf 72' lang='grc' dir='ltr'>ἥξει</span> <span class='ocrx_word' id='word_1_460' title='bbox 1588 3281 1683 3332; x_wconf 68' lang='grc' dir='ltr'><strong>καῖ⁸</strong></span> <span class='ocrx_word' id='word_1_461' title='bbox 1731 3280 1896 3332; x_wconf 81' lang='grc' dir='ltr'>σώσει</span> 
     </span>
    </p>
   </div>
   <div class='ocr_carea' id='block_1_65' title="bbox 317 3373 1892 3446">
    <p class='ocr_par' dir='ltr' id='par_1_65' title="bbox 317 3373 1892 3446">
     <span class='ocr_line' id='line_1_65' title="bbox 317 3373 1892 3446; baseline -0.002 -18"><span class='ocrx_word' id='word_1_462' title='bbox 317 3377 498 3446; x_wconf 69' lang='grc' dir='ltr'>ἡμᾶς·</span> <span class='ocrx_word' id='word_1_463' title='bbox 562 3375 662 3437; x_wconf 83' lang='grc' dir='ltr'>ὅτι,</span> <span class='ocrx_word' id='word_1_464' title='bbox 738 3375 922 3445; x_wconf 80' lang='grc' dir='ltr'>φησὶν,</span> <span class='ocrx_word' id='word_1_465' title='bbox 981 3373 1188 3445; x_wconf 71' lang='grc' dir='ltr'>ἐρράγη</span> <span class='ocrx_word' id='word_1_466' title='bbox 1247 3375 1304 3425; x_wconf 92' lang='grc' dir='ltr'><strong>ἐν</strong></span> <span class='ocrx_word' id='word_1_467' title='bbox 1351 3376 1417 3444; x_wconf 78' lang='grc' dir='ltr'>τῇ</span> <span class='ocrx_word' id='word_1_468' title='bbox 1478 3374 1670 3445; x_wconf 75' lang='grc' dir='ltr'>ἐρήμῳ</span> <span class='ocrx_word' id='word_1_469' title='bbox 1728 3373 1892 3444; x_wconf 82' lang='grc' dir='ltr'>ὓδωρ,</span> 
     </span>
    </p>
   </div>
   <div class='ocr_carea' id='block_1_66' title="bbox 319 3465 1894 3540">
    <p class='ocr_par' dir='ltr' id='par_1_66' title="bbox 319 3465 1894 3540">
     <span class='ocr_line' id='line_1_66' title="bbox 319 3465 1894 3540; baseline -0.003 -18"><span class='ocrx_word' id='word_1_470' title='bbox 319 3470 414 3522; x_wconf 76' lang='grc' dir='ltr'>καὶ</span> <span class='ocrx_word' id='word_1_471' title='bbox 462 3467 676 3540; x_wconf 75' lang='grc' dir='ltr'>φάραγξ</span> <span class='ocrx_word' id='word_1_472' title='bbox 721 3468 778 3519; x_wconf 85' lang='grc' dir='ltr'><strong>ἐν</strong></span> <span class='ocrx_word' id='word_1_473' title='bbox 822 3470 891 3537; x_wconf 85' lang='grc' dir='ltr'>γῇ</span> <span class='ocrx_word' id='word_1_474' title='bbox 939 3465 1167 3539; x_wconf 62' lang='grc' dir='ltr'>διψώσῃ,</span> <span class='ocrx_word' id='word_1_475' title='bbox 1224 3468 1318 3519; x_wconf 69' lang='grc' dir='ltr'><strong>καὶ</strong></span> <span class='ocrx_word' id='word_1_476' title='bbox 1380 3468 1412 3537; x_wconf 87' lang='grc' dir='ltr'><strong>ἡ</strong></span> <span class='ocrx_word' id='word_1_477' title='bbox 1467 3466 1693 3538; x_wconf 85' lang='grc' dir='ltr'>ἄνυδρος</span> <span class='ocrx_word' id='word_1_478' title='bbox 1745 3465 1894 3519; x_wconf 77' lang='grc' dir='ltr'>ἔσται</span> 
     </span>
    </p>
   </div>
   <div class='ocr_carea' id='block_1_67' title="bbox 319 3557 1894 3632">
    <p class='ocr_par' dir='ltr' id='par_1_67' title="bbox 319 3557 1894 3632">
     <span class='ocr_line' id='line_1_67' title="bbox 319 3557 1894 3632; baseline -0.001 -18"><span class='ocrx_word' id='word_1_479' title='bbox 319 3563 400 3624; x_wconf 80' lang='grc' dir='ltr'><strong>εἰς</strong></span> <span class='ocrx_word' id='word_1_480' title='bbox 443 3561 569 3632; x_wconf 74' lang='grc' dir='ltr'>ἕλη,</span> <span class='ocrx_word' id='word_1_481' title='bbox 631 3560 725 3613; x_wconf 69' lang='grc' dir='ltr'>καὶ</span> <span class='ocrx_word' id='word_1_482' title='bbox 781 3561 860 3622; x_wconf 83' lang='grc' dir='ltr'><strong>είς</strong></span> <span class='ocrx_word' id='word_1_483' title='bbox 917 3557 1012 3628; x_wconf 79' lang='grc' dir='ltr'><strong>τὴν</strong></span> <span class='ocrx_word' id='word_1_484' title='bbox 1078 3558 1318 3629; x_wconf 65' lang='grc' dir='ltr'>διψῶσαν</span> <span class='ocrx_word' id='word_1_485' title='bbox 1383 3557 1488 3627; x_wconf 77' lang='grc' dir='ltr'>γῆν</span> <span class='ocrx_word' id='word_1_486' title='bbox 1565 3558 1715 3630; x_wconf 82' lang='grc' dir='ltr'>πηγὴ</span> <span class='ocrx_word' id='word_1_487' title='bbox 1765 3557 1894 3612; x_wconf 84' lang='grc' dir='ltr'>ὓδα-</span> 
     </span>
    </p>
   </div>
   <div class='ocr_carea' id='block_1_68' title="bbox 318 3650 1896 3722">
    <p class='ocr_par' dir='ltr' id='par_1_68' title="bbox 318 3650 1896 3722">
     <span class='ocr_line' id='line_1_68' title="bbox 318 3650 1896 3722; baseline -0.002 -16"><span class='ocrx_word' id='word_1_488' title='bbox 318 3671 412 3716; x_wconf 84' lang='grc' dir='ltr'><strong>τος</strong></span> <span class='ocrx_word' id='word_1_489' title='bbox 478 3653 696 3706; x_wconf 75' lang='grc' dir='ltr'>ἔσται.»</span> <span class='ocrx_word' id='word_1_490' title='bbox 756 3653 865 3704; x_wconf 68' lang='grc' dir='ltr'>Καὶ</span> <span class='ocrx_word' id='word_1_491' title='bbox 931 3651 1054 3703; x_wconf 80' lang='grc' dir='ltr'>τάδε</span> <span class='ocrx_word' id='word_1_492' title='bbox 1127 3652 1224 3721; x_wconf 78' lang='grc' dir='ltr'><strong>μὲν</strong></span> <span class='ocrx_word' id='word_1_493' title='bbox 1277 3650 1456 3718; x_wconf 86' lang='grc' dir='ltr'>λόγοις</span> <span class='ocrx_word' id='word_1_494' title='bbox 1520 3651 1688 3704; x_wconf 84' lang='grc' dir='ltr'>πάλαι</span> <span class='ocrx_word' id='word_1_495' title='bbox 1764 3668 1896 3722; x_wconf 86' lang='grc' dir='ltr'>προ-</span> 
     </span>
    </p>
   </div>
   <div class='ocr_carea' id='block_1_69' title="bbox 320 3743 1895 3814">
    <p class='ocr_par' dir='ltr' id='par_1_69' title="bbox 320 3743 1895 3814">
     <span class='ocr_line' id='line_1_69' title="bbox 320 3743 1895 3814; baseline 0.021 -14"><span class='ocrx_word' id='word_1_496' title='bbox 320 3746 698 3807; x_wconf 79' lang='grc' dir='ltr'>θεσπισθέντα,</span> <span class='ocrx_word' id='word_1_497' title='bbox 747 3744 958 3807; x_wconf 70' lang='grc' dir='ltr'>Βίδλοις</span> <span class='ocrx_word' id='word_1_498' title='bbox 1018 3745 1188 3814; x_wconf 64' lang='grc' dir='ltr'>ἱεραῖς</span> <span class='ocrx_word' id='word_1_499' title='bbox 1244 3743 1649 3814; x_wconf 63' lang='grc' dir='ltr'><strong>καταδέ6)“ητθ’</strong></span> <span class='ocrx_word' id='word_1_500' title='bbox 1708 3745 1777 3797; x_wconf 69' lang='grc' dir='ltr'><strong>τά</strong></span> <span class='ocrx_word' id='word_1_501' title='bbox 1832 3760 1895 3812; x_wconf 61' lang='grc' dir='ltr'>γε</span> 
     </span>
    </p>
   </div>
   <div class='ocr_carea' id='block_1_70' title="bbox 323 3834 1893 3910">
    <p class='ocr_par' dir='ltr' id='par_1_70' title="bbox 323 3834 1893 3910">
     <span class='ocr_line' id='line_1_70' title="bbox 323 3834 1893 3910; baseline -0.003 -19"><span class='ocrx_word' id='word_1_502' title='bbox 323 3839 428 3910; x_wconf 73' lang='grc' dir='ltr'>μὴν</span> <span class='ocrx_word' id='word_1_503' title='bbox 461 3838 595 3909; x_wconf 74' lang='grc' dir='ltr'>ἔργα</span> <span class='ocrx_word' id='word_1_504' title='bbox 623 3836 798 3890; x_wconf 75' lang='grc' dir='ltr'>οὐκέτ’</span> <span class='ocrx_word' id='word_1_505' title='bbox 834 3837 1043 3898; x_wconf 84' lang='grc' dir='ltr'>ἀκοαῖς,</span> <span class='ocrx_word' id='word_1_506' title='bbox 1076 3835 1186 3888; x_wconf 85' lang='grc' dir='ltr'>ἀλλ’</span> <span class='ocrx_word' id='word_1_507' title='bbox 1222 3834 1404 3906; x_wconf 70' lang='grc' dir='ltr'>ἔργοις</span> <span class='ocrx_word' id='word_1_508' title='bbox 1433 3837 1565 3906; x_wconf 77' lang='grc' dir='ltr'>ἡμῖν</span> <span class='ocrx_word' id='word_1_509' title='bbox 1594 3834 1893 3906; x_wconf 85' lang='grc' dir='ltr'>παραδέδο-</span> 
     </span>
    </p>
   </div>
   <div class='ocr_carea' id='block_1_71' title="bbox 317 3927 1896 4000">
    <p class='ocr_par' dir='ltr' id='par_1_71' title="bbox 317 3927 1896 4000">
     <span class='ocr_line' id='line_1_71' title="bbox 317 3927 1896 4000; baseline -0.003 -18"><span class='ocrx_word' id='word_1_510' title='bbox 317 3950 429 3985; x_wconf 69' lang='grc' dir='ltr'>ται.</span> <span class='ocrx_word' id='word_1_511' title='bbox 474 3930 538 3983; x_wconf 80' lang='grc' dir='ltr'><strong>Ἠ</strong></span> <span class='ocrx_word' id='word_1_512' title='bbox 567 3929 767 4000; x_wconf 79' lang='grc' dir='ltr'>ἕρημος</span> <span class='ocrx_word' id='word_1_513' title='bbox 802 3929 917 3998; x_wconf 72' lang='grc' dir='ltr'>ἥδε,</span> <span class='ocrx_word' id='word_1_514' title='bbox 962 3929 994 3998; x_wconf 79' lang='grc' dir='ltr'><strong>ἡ</strong></span> <span class='ocrx_word' id='word_1_515' title='bbox 1036 3927 1279 3997; x_wconf 77' lang='grc' dir='ltr'>ἄνυδρος,</span> <span class='ocrx_word' id='word_1_516' title='bbox 1312 3930 1345 3997; x_wconf 82' lang='grc' dir='ltr'>ἡ</span> <span class='ocrx_word' id='word_1_517' title='bbox 1381 3930 1524 3999; x_wconf 76' lang='grc' dir='ltr'>χήρα</span> <span class='ocrx_word' id='word_1_518' title='bbox 1567 3928 1662 3981; x_wconf 73' lang='grc' dir='ltr'>καὶ</span> <span class='ocrx_word' id='word_1_519' title='bbox 1705 3927 1896 3998; x_wconf 80' lang='grc' dir='ltr'>ἀπερί-</span> 
     </span>
    </p>
   </div>
   <div class='ocr_carea' id='block_1_72' title="bbox 323 4015 1896 4091">
    <p class='ocr_par' dir='ltr' id='par_1_72' title="bbox 323 4015 1896 4091">
     <span class='ocr_line' id='line_1_72' title="bbox 323 4015 1896 4091; baseline -0.003 -16"><span class='ocrx_word' id='word_1_520' title='bbox 323 4015 619 4091; x_wconf 79' lang='grc' dir='ltr'>στατος,ἦς</span> <span class='ocrx_word' id='word_1_521' title='bbox 640 4041 655 4072; x_wconf 79' lang='grc' dir='ltr'><strong>ι</strong></span> <span class='ocrx_word' id='word_1_522' title='bbox 673 4021 750 4083; x_wconf 83' lang='grc' dir='ltr'>ὡς</span> <span class='ocrx_word' id='word_1_523' title='bbox 774 4021 830 4071; x_wconf 84' lang='grc' dir='ltr'><strong>ἐν</strong></span> <span class='ocrx_word' id='word_1_524' title='bbox 848 4017 1039 4090; x_wconf 78' lang='grc' dir='ltr'>δρυμῷ</span> <span class='ocrx_word' id='word_1_525' title='bbox 1071 4017 1240 4082; x_wconf 82' lang='grc' dir='ltr'>ξύλων</span> <span class='ocrx_word' id='word_1_526' title='bbox 1269 4018 1476 4083; x_wconf 81' lang='grc' dir='ltr'>ἀξίναις</span> <span class='ocrx_word' id='word_1_527' title='bbox 1508 4018 1771 4089; x_wconf 65' lang='grc' dir='ltr'>ἐξέκοψαν</span> <span class='ocrx_word' id='word_1_528' title='bbox 1798 4019 1896 4083; x_wconf 77' lang='grc' dir='ltr'><strong>τὰς</strong></span> 
     </span>
    </p>
   </div>
   <div class='ocr_carea' id='block_1_73' title="bbox 321 4110 1898 4183">
    <p class='ocr_par' dir='ltr' id='par_1_73' title="bbox 321 4110 1898 4183">
     <span class='ocr_line' id='line_1_73' title="bbox 321 4110 1898 4183; baseline -0.003 -15"><span class='ocrx_word' id='word_1_529' title='bbox 321 4115 494 4178; x_wconf 86' lang='grc' dir='ltr'>πύλας</span> <span class='ocrx_word' id='word_1_530' title='bbox 527 4114 618 4166; x_wconf 74' lang='grc' dir='ltr'><strong>ἐπὶ</strong></span> <span class='ocrx_word' id='word_1_531' title='bbox 659 4113 718 4165; x_wconf 76' lang='grc' dir='ltr'>τὸ</span> <span class='ocrx_word' id='word_1_532' title='bbox 760 4111 911 4174; x_wconf 75' lang='grc' dir='ltr'>αὐτὸ,</span> <span class='ocrx_word' id='word_1_533' title='bbox 959 4113 1016 4164; x_wconf 84' lang='grc' dir='ltr'><strong>ἐν</strong></span> <span class='ocrx_word' id='word_1_534' title='bbox 1050 4111 1246 4164; x_wconf 81' lang='grc' dir='ltr'>πέλυκι</span> <span class='ocrx_word' id='word_1_535' title='bbox 1280 4111 1373 4165; x_wconf 74' lang='grc' dir='ltr'><strong>καὶ</strong></span> <span class='ocrx_word' id='word_1_536' title='bbox 1407 4110 1747 4183; x_wconf 79' lang='grc' dir='ltr'>λαξευτηρίῳ</span> <span class='ocrx_word' id='word_1_537' title='bbox 1776 4127 1898 4163; x_wconf 88' lang='grc' dir='ltr'>συν-</span> 
     </span>
    </p>
   </div>
   <div class='ocr_carea' id='block_1_74' title="bbox 321 4198 1893 4278">
    <p class='ocr_par' dir='ltr' id='par_1_74' title="bbox 321 4198 1893 4278">
     <span class='ocr_line' id='line_1_74' title="bbox 321 4198 1893 4278; baseline -0.004 -18"><span class='ocrx_word' id='word_1_538' title='bbox 321 4206 608 4278; x_wconf 65' lang='grc' dir='ltr'>τρίψαντες</span> <span class='ocrx_word' id='word_1_539' title='bbox 636 4203 825 4275; x_wconf 71' lang='grc' dir='ltr'>αὐτὴν,</span> <span class='ocrx_word' id='word_1_540' title='bbox 869 4198 936 4274; x_wconf 75' lang='grc' dir='ltr'>ἦς</span> <span class='ocrx_word' id='word_1_541' title='bbox 969 4204 1062 4256; x_wconf 75' lang='grc' dir='ltr'><strong>καὶ</strong></span> <span class='ocrx_word' id='word_1_542' title='bbox 1092 4203 1191 4266; x_wconf 72' lang='grc' dir='ltr'><strong>τὰς</strong></span> <span class='ocrx_word' id='word_1_543' title='bbox 1218 4202 1432 4273; x_wconf 76' lang='grc' dir='ltr'>βίϐλους</span> <span class='ocrx_word' id='word_1_544' title='bbox 1463 4203 1893 4274; x_wconf 81' lang='grc' dir='ltr'>διαφθείραντες,</span> 
     </span>
    </p>
   </div>
   <div class='ocr_carea' id='block_1_75' title="bbox 321 4296 1896 4369">
    <p class='ocr_par' dir='ltr' id='par_1_75' title="bbox 321 4296 1896 4369">
     <span class='ocr_line' id='line_1_75' title="bbox 321 4296 1896 4369; baseline -0.001 -18"><span class='ocrx_word' id='word_1_545' title='bbox 321 4299 646 4369; x_wconf 80' lang='grc' dir='ltr'>ἐνεπύρισαν</span> <span class='ocrx_word' id='word_1_546' title='bbox 698 4298 754 4349; x_wconf 86' lang='grc' dir='ltr'><strong>ἐν</strong></span> <span class='ocrx_word' id='word_1_547' title='bbox 807 4297 939 4368; x_wconf 73' lang='grc' dir='ltr'>πυρὶ</span> <span class='ocrx_word' id='word_1_548' title='bbox 971 4297 1030 4349; x_wconf 82' lang='grc' dir='ltr'><strong>τὸ</strong></span> <span class='ocrx_word' id='word_1_549' title='bbox 1075 4298 1427 4368; x_wconf 83' lang='grc' dir='ltr'>ἁγιαστήριον</span> <span class='ocrx_word' id='word_1_550' title='bbox 1477 4296 1570 4349; x_wconf 78' lang='grc' dir='ltr'>τοῦ</span> <span class='ocrx_word' id='word_1_551' title='bbox 1618 4297 1774 4361; x_wconf 76' lang='grc' dir='ltr'>Θεοῦ,</span> <span class='ocrx_word' id='word_1_552' title='bbox 1817 4298 1896 4360; x_wconf 85' lang='grc' dir='ltr'>εἰς</span> 
     </span>
    </p>
   </div>
   <div class='ocr_carea' id='block_1_76' title="bbox 320 4389 1896 4465">
    <p class='ocr_par' dir='ltr' id='par_1_76' title="bbox 320 4389 1896 4465">
     <span class='ocr_line' id='line_1_76' title="bbox 320 4389 1896 4465; baseline -0.002 -20"><span class='ocrx_word' id='word_1_553' title='bbox 320 4395 417 4465; x_wconf 73' lang='grc' dir='ltr'><strong>τὴν</strong></span> <span class='ocrx_word' id='word_1_554' title='bbox 476 4395 576 4465; x_wconf 78' lang='grc' dir='ltr'><strong>γῆν</strong></span> <span class='ocrx_word' id='word_1_555' title='bbox 624 4391 967 4463; x_wconf 73' lang='grc' dir='ltr'>ἐϐεόήλωσαν</span> <span class='ocrx_word' id='word_1_556' title='bbox 1003 4391 1059 4443; x_wconf 71' lang='grc' dir='ltr'>τὸ</span> <span class='ocrx_word' id='word_1_557' title='bbox 1092 4392 1354 4461; x_wconf 72' lang='grc' dir='ltr'>σκήνωμα</span> <span class='ocrx_word' id='word_1_558' title='bbox 1381 4389 1473 4443; x_wconf 75' lang='grc' dir='ltr'>τοῦ</span> <span class='ocrx_word' id='word_1_559' title='bbox 1507 4391 1768 4461; x_wconf 81' lang='grc' dir='ltr'>ὀνόματος</span> <span class='ocrx_word' id='word_1_560' title='bbox 1797 4392 1896 4443; x_wconf 73' lang='grc' dir='ltr'>αύ-</span> 
     </span>
    </p>
   </div>
   <div class='ocr_carea' id='block_1_77' title="bbox 320 4483 1896 4558">
    <p class='ocr_par' dir='ltr' id='par_1_77' title="bbox 320 4483 1896 4558">
     <span class='ocr_line' id='line_1_77' title="bbox 320 4483 1896 4558; baseline -0.003 -18"><span class='ocrx_word' id='word_1_561' title='bbox 320 4488 434 4550; x_wconf 81' lang='grc' dir='ltr'>τοῦ,</span> <span class='ocrx_word' id='word_1_562' title='bbox 481 4488 547 4557; x_wconf 77' lang='grc' dir='ltr'>ῆν</span> <span class='ocrx_word' id='word_1_563' title='bbox 591 4484 895 4558; x_wconf 85' lang='grc' dir='ltr'>ἐτρύγησαν</span> <span class='ocrx_word' id='word_1_564' title='bbox 925 4483 1122 4546; x_wconf 73' lang='grc' dir='ltr'>πάντες</span> <span class='ocrx_word' id='word_1_565' title='bbox 1155 4485 1203 4535; x_wconf 73' lang='lat' dir='ltr'><strong>el</strong></span> <span class='ocrx_word' id='word_1_566' title='bbox 1249 4484 1757 4555; x_wconf 82' lang='grc' dir='ltr'>παραπορευόμενοι</span> <span class='ocrx_word' id='word_1_567' title='bbox 1798 4483 1896 4554; x_wconf 74' lang='grc' dir='ltr'><strong>τὴν</strong></span> 
     </span>
    </p>
   </div>
   <div class='ocr_carea' id='block_1_78' title="bbox 2003 3278 3576 3347">
    <p class='ocr_par' dir='ltr' id='par_1_78' title="bbox 2003 3278 3576 3347">
     <span class='ocr_line' id='line_1_78' title="bbox 2003 3278 3576 3347; baseline 0.003 -12"><span class='ocrx_word' id='word_1_568' title='bbox 2003 3297 2122 3335; x_wconf 91' lang='lat' dir='ltr'><strong>cum</strong></span> <span class='ocrx_word' id='word_1_569' title='bbox 2154 3278 2257 3333; x_wconf 87' lang='lat' dir='ltr'><strong>alia</strong></span> <span class='ocrx_word' id='word_1_570' title='bbox 2310 3278 2522 3334; x_wconf 87' lang='lat' dir='ltr'><strong>divinus</strong></span> <span class='ocrx_word' id='word_1_571' title='bbox 2571 3293 2752 3334; x_wconf 84' lang='lat' dir='ltr'><strong>sermo</strong></span> <span class='ocrx_word' id='word_1_572' title='bbox 2788 3294 2912 3336; x_wconf 86' lang='lat' dir='ltr'><strong>vere</strong></span> <span class='ocrx_word' id='word_1_573' title='bbox 2957 3285 3290 3347; x_wconf 82' lang='lat' dir='ltr'><strong>pronuntiat,</strong></span> <span class='ocrx_word' id='word_1_574' title='bbox 3319 3295 3426 3337; x_wconf 89' lang='lat' dir='ltr'><strong>tum</strong></span> <span class='ocrx_word' id='word_1_575' title='bbox 3461 3287 3576 3340; x_wconf 84' lang='lat' dir='ltr'><strong>haec</strong></span> 
     </span>
    </p>
   </div>
   <div class='ocr_carea' id='block_1_79' title="bbox 2003 3371 3576 3443">
    <p class='ocr_par' dir='ltr' id='par_1_79' title="bbox 2003 3371 3576 3443">
     <span class='ocr_line' id='line_1_79' title="bbox 2003 3371 3576 3443; baseline 0.002 -16"><span class='ocrx_word' id='word_1_576' title='bbox 2003 3375 2068 3427; x_wconf 88' lang='lat' dir='ltr'><strong>de</strong></span> <span class='ocrx_word' id='word_1_577' title='bbox 2103 3373 2290 3426; x_wconf 88' lang='lat' dir='ltr'><strong>iisdem</strong></span> <span class='ocrx_word' id='word_1_578' title='bbox 2315 3373 2512 3426; x_wconf 87' lang='lat' dir='ltr'><strong>diserte</strong></span> <span class='ocrx_word' id='word_1_579' title='bbox 2542 3371 2811 3442; x_wconf 79' lang='lat' dir='ltr'><strong>profatur:</strong></span> <span class='ocrx_word' id='word_1_580' title='bbox 2835 3393 2852 3422; x_wconf 86' lang='grc'><em>‹</em></span> <span class='ocrx_word' id='word_1_581' title='bbox 2875 3373 3122 3428; x_wconf 87' lang='lat' dir='ltr'><strong>Gladium</strong></span> <span class='ocrx_word' id='word_1_582' title='bbox 3156 3375 3576 3443; x_wconf 82' lang='lat' dir='ltr'><strong>evaginaverunt</strong></span> 
     </span>
    </p>
   </div>
   <div class='ocr_carea' id='block_1_80' title="bbox 2004 3464 3575 3534">
    <p class='ocr_par' dir='ltr' id='par_1_80' title="bbox 2004 3464 3575 3534">
     <span class='ocr_line' id='line_1_80' title="bbox 2004 3464 3575 3534; baseline 0.002 -17"><span class='ocrx_word' id='word_1_583' title='bbox 2004 3473 2358 3533; x_wconf 89' lang='lat' dir='ltr'><strong>peccatores;</strong></span> <span class='ocrx_word' id='word_1_584' title='bbox 2410 3464 2762 3518; x_wconf 90' lang='lat' dir='ltr'><strong>intenderunt</strong></span> <span class='ocrx_word' id='word_1_585' title='bbox 2819 3479 3005 3517; x_wconf 89' lang='lat' dir='ltr'><strong>arcum</strong></span> <span class='ocrx_word' id='word_1_586' title='bbox 3058 3481 3248 3528; x_wconf 82' lang='lat' dir='ltr'><strong>stnnn,</strong></span> <span class='ocrx_word' id='word_1_587' title='bbox 3281 3475 3337 3518; x_wconf 91' lang='lat' dir='ltr'><strong>ut</strong></span> <span class='ocrx_word' id='word_1_588' title='bbox 3384 3481 3575 3534; x_wconf 84' lang='lat' dir='ltr'><strong>percu-</strong></span> 
     </span>
    </p>
   </div>
   <div class='ocr_carea' id='block_1_81' title="bbox 2006 3555 3576 3622">
    <p class='ocr_par' dir='ltr' id='par_1_81' title="bbox 2006 3555 3576 3622">
     <span class='ocr_line' id='line_1_81' title="bbox 2006 3555 3576 3622; baseline 0.002 -13"><span class='ocrx_word' id='word_1_589' title='bbox 2006 3559 2141 3609; x_wconf 88' lang='lat' dir='ltr'><strong>tiaut</strong></span> <span class='ocrx_word' id='word_1_590' title='bbox 2178 3555 2482 3609; x_wconf 88' lang='lat' dir='ltr'><strong>mendicum</strong></span> <span class='ocrx_word' id='word_1_591' title='bbox 2519 3565 2573 3609; x_wconf 91' lang='lat' dir='ltr'><strong>et</strong></span> <span class='ocrx_word' id='word_1_592' title='bbox 2628 3569 2942 3622; x_wconf 84' lang='lat' dir='ltr'><strong>pauperem,</strong></span> <span class='ocrx_word' id='word_1_593' title='bbox 2990 3566 3044 3609; x_wconf 87' lang='lat' dir='ltr'><strong>et</strong></span> <span class='ocrx_word' id='word_1_594' title='bbox 3091 3557 3343 3610; x_wconf 86' lang='lat' dir='ltr'><strong>occidant</strong></span> <span class='ocrx_word' id='word_1_595' title='bbox 3399 3567 3576 3612; x_wconf 85' lang='lat' dir='ltr'><strong>rectos</strong></span> 
     </span>
    </p>
   </div>
   <div class='ocr_carea' id='block_1_82' title="bbox 2003 3648 3577 3716">
    <p class='ocr_par' dir='ltr' id='par_1_82' title="bbox 2003 3648 3577 3716">
     <span class='ocr_line' id='line_1_82' title="bbox 2003 3648 3577 3716; baseline 0 -12"><span class='ocrx_word' id='word_1_596' title='bbox 2003 3651 2187 3704; x_wconf 86' lang='lat' dir='ltr'><strong>corde.</strong></span> <span class='ocrx_word' id='word_1_597' title='bbox 2229 3649 2454 3704; x_wconf 86' lang='lat' dir='ltr'><strong>Gladius</strong></span> <span class='ocrx_word' id='word_1_598' title='bbox 2487 3663 2675 3701; x_wconf 89' lang='lat' dir='ltr'><strong>eorum</strong></span> <span class='ocrx_word' id='word_1_599' title='bbox 2713 3651 2880 3701; x_wconf 90' lang='lat' dir='ltr'><strong>intret</strong></span> <span class='ocrx_word' id='word_1_600' title='bbox 2913 3648 2966 3700; x_wconf 92' lang='lat' dir='ltr'><strong>in</strong></span> <span class='ocrx_word' id='word_1_601' title='bbox 3007 3650 3169 3702; x_wconf 83' lang='lat' dir='ltr'><strong>corda</strong></span> <span class='ocrx_word' id='word_1_602' title='bbox 3216 3650 3479 3716; x_wconf 84' lang='lat' dir='ltr'><strong>ipsorum,</strong></span> <span class='ocrx_word' id='word_1_603' title='bbox 3522 3661 3577 3704; x_wconf 83' lang='lat' dir='ltr'><strong>et</strong></span> 
     </span>
    </p>
   </div>
   <div class='ocr_carea' id='block_1_83' title="bbox 2001 3737 3577 3808">
    <p class='ocr_par' dir='ltr' id='par_1_83' title="bbox 2001 3737 3577 3808">
     <span class='ocr_line' id='line_1_83' title="bbox 2001 3737 3577 3808; baseline -0.001 -14"><span class='ocrx_word' id='word_1_604' title='bbox 2001 3755 2159 3794; x_wconf 88' lang='lat' dir='ltr'><strong>arcus</strong></span> <span class='ocrx_word' id='word_1_605' title='bbox 2192 3756 2376 3794; x_wconf 87' lang='lat' dir='ltr'><strong>eorum</strong></span> <span class='ocrx_word' id='word_1_606' title='bbox 2409 3737 2817 3808; x_wconf 83' lang='lat' dir='ltr'><strong>confringantur</strong></span> <span class='ocrx_word' id='word_1_607' title='bbox 2838 3737 2902 3792; x_wconf 74' lang='grc'><strong>⁷⁸.</strong></span> <span class='ocrx_word' id='word_1_608' title='bbox 2936 3757 2954 3789; x_wconf 74' lang='grc' dir='ltr'><strong>ι</strong></span> <span class='ocrx_word' id='word_1_609' title='bbox 2992 3738 3054 3790; x_wconf 79' lang='lat' dir='ltr'><strong>Et</strong></span> <span class='ocrx_word' id='word_1_610' title='bbox 3087 3737 3280 3792; x_wconf 86' lang='lat' dir='ltr'><strong>iterum</strong></span> <span class='ocrx_word' id='word_1_611' title='bbox 3310 3755 3323 3790; x_wconf 84' lang='lat'><strong>:</strong></span> <span class='ocrx_word' id='word_1_612' title='bbox 3348 3757 3368 3790; x_wconf 71' lang='grc' dir='ltr'><strong>ι</strong></span> <span class='ocrx_word' id='word_1_613' title='bbox 3412 3739 3577 3793; x_wconf 80' lang='lat' dir='ltr'><strong>Periit</strong></span> 
     </span>
    </p>
   </div>
   <div class='ocr_carea' id='block_1_84' title="bbox 2006 3828 3575 3898">
    <p class='ocr_par' dir='ltr' id='par_1_84' title="bbox 2006 3828 3575 3898">
     <span class='ocr_line' id='line_1_84' title="bbox 2006 3828 3575 3898; baseline 0 -15"><span class='ocrx_word' id='word_1_614' title='bbox 2006 3830 2258 3884; x_wconf 88' lang='lat' dir='ltr'><strong>memoria</strong></span> <span class='ocrx_word' id='word_1_615' title='bbox 2305 3830 2540 3898; x_wconf 91' lang='lat' dir='ltr'><strong>ipsorum</strong></span> <span class='ocrx_word' id='word_1_616' title='bbox 2595 3843 2715 3880; x_wconf 91' lang='lat' dir='ltr'><strong>cum</strong></span> <span class='ocrx_word' id='word_1_617' title='bbox 2771 3829 2972 3881; x_wconf 89' lang='lat' dir='ltr'><strong>sonitu.</strong></span> <span class='ocrx_word' id='word_1_618' title='bbox 3020 3828 3084 3881; x_wconf 83' lang='lat' dir='ltr'><strong>Et</strong></span> <span class='ocrx_word' id='word_1_619' title='bbox 3133 3843 3328 3882; x_wconf 89' lang='lat' dir='ltr'><strong>nomen</strong></span> <span class='ocrx_word' id='word_1_620' title='bbox 3385 3843 3575 3884; x_wconf 86' lang='lat' dir='ltr'><strong>eorum</strong></span> 
     </span>
    </p>
   </div>
   <div class='ocr_carea' id='block_1_85' title="bbox 2003 3919 3577 3988">
    <p class='ocr_par' dir='ltr' id='par_1_85' title="bbox 2003 3919 3577 3988">
     <span class='ocr_line' id='line_1_85' title="bbox 2003 3919 3577 3988; baseline 0 -12"><span class='ocrx_word' id='word_1_621' title='bbox 2003 3919 2249 3977; x_wconf 83' lang='lat' dir='ltr'><strong>delevisti</strong></span> <span class='ocrx_word' id='word_1_622' title='bbox 2278 3922 2327 3974; x_wconf 92' lang='lat' dir='ltr'><strong>in</strong></span> <span class='ocrx_word' id='word_1_623' title='bbox 2359 3921 2616 3975; x_wconf 66' lang='lat' dir='ltr'><strong>smeulum</strong></span> <span class='ocrx_word' id='word_1_624' title='bbox 2643 3930 2694 3975; x_wconf 92' lang='lat' dir='ltr'><strong>et</strong></span> <span class='ocrx_word' id='word_1_625' title='bbox 2718 3920 2768 3972; x_wconf 92' lang='lat' dir='ltr'><strong>in</strong></span> <span class='ocrx_word' id='word_1_626' title='bbox 2796 3921 3053 3975; x_wconf 71' lang='lat' dir='ltr'><strong>sarculum</strong></span> <span class='ocrx_word' id='word_1_627' title='bbox 3079 3922 3260 3985; x_wconf 63' lang='lat' dir='ltr'><strong>sgcculi</strong></span> <span class='ocrx_word' id='word_1_628' title='bbox 3309 3919 3377 3972; x_wconf 87' lang='grc'><strong>⁷⁷.</strong></span> <span class='ocrx_word' id='word_1_629' title='bbox 3431 3921 3577 3988; x_wconf 82' lang='lat' dir='ltr'><strong>Quc-</strong></span> 
     </span>
    </p>
   </div>
   <div class='ocr_carea' id='block_1_86' title="bbox 2005 4013 3578 4080">
    <p class='ocr_par' dir='ltr' id='par_1_86' title="bbox 2005 4013 3578 4080">
     <span class='ocr_line' id='line_1_86' title="bbox 2005 4013 3578 4080; baseline 0 -13"><span class='ocrx_word' id='word_1_630' title='bbox 2005 4015 2148 4067; x_wconf 87' lang='lat' dir='ltr'><strong>niam</strong></span> <span class='ocrx_word' id='word_1_631' title='bbox 2177 4029 2299 4066; x_wconf 89' lang='lat' dir='ltr'><strong>cum</strong></span> <span class='ocrx_word' id='word_1_632' title='bbox 2335 4015 2385 4066; x_wconf 92' lang='lat' dir='ltr'><strong>iu</strong></span> <span class='ocrx_word' id='word_1_633' title='bbox 2429 4013 2584 4068; x_wconf 83' lang='lat' dir='ltr'><strong>malis</strong></span> <span class='ocrx_word' id='word_1_634' title='bbox 2621 4023 2832 4080; x_wconf 89' lang='lat' dir='ltr'><strong>essent,</strong></span> <span class='ocrx_word' id='word_1_635' title='bbox 2894 4013 3264 4065; x_wconf 61' lang='lat' dir='ltr'><strong>clan‘iaverunt</strong></span> <span class='ocrx_word' id='word_1_636' title='bbox 3297 4052 3312 4072; x_wconf 89' lang='lat'><strong>,</strong></span> <span class='ocrx_word' id='word_1_637' title='bbox 3344 4027 3441 4067; x_wconf 90' lang='lat' dir='ltr'><strong>nec</strong></span> <span class='ocrx_word' id='word_1_638' title='bbox 3476 4015 3578 4067; x_wconf 80' lang='lat' dir='ltr'><strong>luit</strong></span> 
     </span>
    </p>
   </div>
   <div class='ocr_carea' id='block_1_87' title="bbox 2001 4099 3573 4176">
    <p class='ocr_par' dir='ltr' id='par_1_87' title="bbox 2001 4099 3573 4176">
     <span class='ocr_line' id='line_1_87' title="bbox 2001 4099 3573 4176; baseline -0.003 -20"><span class='ocrx_word' id='word_1_639' title='bbox 2001 4108 2091 4176; x_wconf 86' lang='lat' dir='ltr'><strong>qui</strong></span> <span class='ocrx_word' id='word_1_640' title='bbox 2123 4114 2408 4169; x_wconf 88' lang='lat' dir='ltr'><strong>servaret,</strong></span> <span class='ocrx_word' id='word_1_641' title='bbox 2433 4107 2497 4158; x_wconf 92' lang='lat' dir='ltr'><strong>ad</strong></span> <span class='ocrx_word' id='word_1_642' title='bbox 2537 4104 2841 4170; x_wconf 91' lang='lat' dir='ltr'><strong>Dominum,</strong></span> <span class='ocrx_word' id='word_1_643' title='bbox 2884 4119 2980 4158; x_wconf 91' lang='lat' dir='ltr'><strong>nec</strong></span> <span class='ocrx_word' id='word_1_644' title='bbox 3007 4105 3283 4157; x_wconf 79' lang='lat' dir='ltr'><strong>exaudivit</strong></span> <span class='ocrx_word' id='word_1_645' title='bbox 3324 4119 3418 4159; x_wconf 86' lang='lat' dir='ltr'><strong>eos</strong></span> <span class='ocrx_word' id='word_1_646' title='bbox 3505 4099 3573 4152; x_wconf 76' lang='grc'><strong>⁷⁸.</strong></span> 
     </span>
    </p>
   </div>
   <div class='ocr_carea' id='block_1_88' title="bbox 2005 4197 3572 4269">
    <p class='ocr_par' dir='ltr' id='par_1_88' title="bbox 2005 4197 3572 4269">
     <span class='ocr_line' id='line_1_88' title="bbox 2005 4197 3572 4269; baseline -0.001 -16"><span class='ocrx_word' id='word_1_647' title='bbox 2005 4201 2203 4256; x_wconf 75' lang='lat' dir='ltr'><strong>Verum</strong></span> <span class='ocrx_word' id='word_1_648' title='bbox 2291 4200 2389 4269; x_wconf 91' lang='lat' dir='ltr'><strong>ipsi</strong></span> <span class='ocrx_word' id='word_1_649' title='bbox 2441 4199 2657 4267; x_wconf 90' lang='lat' dir='ltr'><strong>quidem</strong></span> <span class='ocrx_word' id='word_1_650' title='bbox 2705 4197 2924 4267; x_wconf 84' lang='lat' dir='ltr'><strong>obligati</strong></span> <span class='ocrx_word' id='word_1_651' title='bbox 2973 4209 3099 4250; x_wconf 91' lang='lat' dir='ltr'><strong>sunt</strong></span> <span class='ocrx_word' id='word_1_652' title='bbox 3141 4208 3196 4252; x_wconf 91' lang='lat' dir='ltr'><strong>et</strong></span> <span class='ocrx_word' id='word_1_653' title='bbox 3224 4198 3572 4265; x_wconf 89' lang='lat' dir='ltr'><strong>ceciderunt,</strong></span> 
     </span>
    </p>
   </div>
   <div class='ocr_carea' id='block_1_89' title="bbox 2005 4289 3573 4346">
    <p class='ocr_par' dir='ltr' id='par_1_89' title="bbox 2005 4289 3573 4346">
     <span class='ocr_line' id='line_1_89' title="bbox 2005 4289 3573 4346; baseline -0.002 -1"><span class='ocrx_word' id='word_1_654' title='bbox 2005 4309 2101 4346; x_wconf 91' lang='lat' dir='ltr'><strong>nos</strong></span> <span class='ocrx_word' id='word_1_655' title='bbox 2135 4301 2313 4346; x_wconf 88' lang='lat' dir='ltr'><strong>autem</strong></span> <span class='ocrx_word' id='word_1_656' title='bbox 2349 4290 2688 4346; x_wconf 76' lang='lat' dir='ltr'><strong>surreximus</strong></span> <span class='ocrx_word' id='word_1_657' title='bbox 2740 4299 2788 4342; x_wconf 90' lang='lat' dir='ltr'><strong>et</strong></span> <span class='ocrx_word' id='word_1_658' title='bbox 2839 4289 3002 4343; x_wconf 85' lang='lat' dir='ltr'><strong>erecti</strong></span> <span class='ocrx_word' id='word_1_659' title='bbox 3060 4304 3247 4342; x_wconf 89' lang='lat' dir='ltr'><strong>sumus</strong></span> <span class='ocrx_word' id='word_1_660' title='bbox 3273 4289 3341 4343; x_wconf 73' lang='lat'><strong>7°.</strong></span> <span class='ocrx_word' id='word_1_661' title='bbox 3388 4308 3406 4340; x_wconf 78' lang='grc' dir='ltr'><strong>ι</strong></span> <span class='ocrx_word' id='word_1_662' title='bbox 3441 4289 3573 4343; x_wconf 88' lang='lat' dir='ltr'><strong>lllnd</strong></span> 
     </span>
    </p>
   </div>
   <div class='ocr_carea' id='block_1_90' title="bbox 2003 4379 3576 4454">
    <p class='ocr_par' dir='ltr' id='par_1_90' title="bbox 2003 4379 3576 4454">
     <span class='ocr_line' id='line_1_90' title="bbox 2003 4379 3576 4454; baseline -0.003 -17"><span class='ocrx_word' id='word_1_663' title='bbox 2003 4401 2219 4454; x_wconf 80' lang='lat' dir='ltr'><strong>quoque</strong></span> <span class='ocrx_word' id='word_1_664' title='bbox 2264 4385 2405 4453; x_wconf 88' lang='lat' dir='ltr'><strong>quod</strong></span> <span class='ocrx_word' id='word_1_665' title='bbox 2455 4382 2770 4451; x_wconf 76' lang='lat' dir='ltr'><strong>przcdictutn</strong></span> <span class='ocrx_word' id='word_1_666' title='bbox 2809 4382 2984 4434; x_wconf 76' lang='lat' dir='ltr'><strong>fuerat</strong></span> <span class='ocrx_word' id='word_1_667' title='bbox 3031 4380 3111 4433; x_wconf 89' lang='lat' dir='ltr'><strong>his</strong></span> <span class='ocrx_word' id='word_1_668' title='bbox 3154 4380 3369 4434; x_wconf 81' lang='lat' dir='ltr'><strong>verbis:</strong></span> <span class='ocrx_word' id='word_1_669' title='bbox 3401 4398 3419 4431; x_wconf 79' lang='grc' dir='ltr'><strong>ι</strong></span> <span class='ocrx_word' id='word_1_670' title='bbox 3471 4379 3576 4432; x_wconf 92' lang='lat' dir='ltr'><strong>Do-</strong></span> 
     </span>
    </p>
   </div>
   <div class='ocr_carea' id='block_1_91' title="bbox 2005 4471 3573 4542">
    <p class='ocr_par' dir='ltr' id='par_1_91' title="bbox 2005 4471 3573 4542">
     <span class='ocr_line' id='line_1_91' title="bbox 2005 4471 3573 4542; baseline -0.006 -12"><span class='ocrx_word' id='word_1_671' title='bbox 2005 4480 2170 4536; x_wconf 87' lang='lat' dir='ltr'><strong>mine,</strong></span> <span class='ocrx_word' id='word_1_672' title='bbox 2212 4478 2263 4528; x_wconf 94' lang='lat' dir='ltr'><strong>in</strong></span> <span class='ocrx_word' id='word_1_673' title='bbox 2293 4477 2508 4529; x_wconf 81' lang='lat' dir='ltr'><strong>civitate</strong></span> <span class='ocrx_word' id='word_1_674' title='bbox 2547 4485 2632 4526; x_wconf 90' lang='lat' dir='ltr'><strong>tua</strong></span> <span class='ocrx_word' id='word_1_675' title='bbox 2687 4474 2975 4542; x_wconf 82' lang='lat' dir='ltr'><strong>imaginem</strong></span> <span class='ocrx_word' id='word_1_676' title='bbox 3020 4486 3204 4524; x_wconf 88' lang='lat' dir='ltr'><strong>eorum</strong></span> <span class='ocrx_word' id='word_1_677' title='bbox 3255 4472 3322 4524; x_wconf 93' lang='lat' dir='ltr'><strong>ad</strong></span> <span class='ocrx_word' id='word_1_678' title='bbox 3352 4471 3573 4524; x_wconf 83' lang='lat' dir='ltr'><strong>nihilum</strong></span> 
     </span>
    </p>
   </div>
   <div class='ocr_carea' id='block_1_92' title="bbox 321 4563 1896 4651">
    <p class='ocr_par' dir='ltr' id='par_1_92' title="bbox 321 4575 1896 4651">
     <span class='ocr_line' id='line_1_92' title="bbox 321 4575 1896 4651; baseline -0.004 -18"><span class='ocrx_word' id='word_1_679' title='bbox 321 4581 460 4641; x_wconf 78' lang='grc' dir='ltr'>ὁδὸν,</span> <span class='ocrx_word' id='word_1_680' title='bbox 497 4577 919 4651; x_wconf 86' lang='grc' dir='ltr'>προκαθελόντες</span> <span class='ocrx_word' id='word_1_681' title='bbox 951 4577 1121 4648; x_wconf 74' lang='grc' dir='ltr'>αὐτῆς</span> <span class='ocrx_word' id='word_1_682' title='bbox 1161 4577 1287 4638; x_wconf 70' lang='grc' dir='ltr'>τοὺς</span> <span class='ocrx_word' id='word_1_683' title='bbox 1334 4578 1640 4646; x_wconf 80' lang='grc' dir='ltr'>φραγμοὺς,</span> <span class='ocrx_word' id='word_1_684' title='bbox 1684 4577 1751 4646; x_wconf 78' lang='grc' dir='ltr'>ἢν</span> <span class='ocrx_word' id='word_1_685' title='bbox 1788 4575 1896 4627; x_wconf 88' lang='grc' dir='ltr'>ἐλυ-</span> 
     </span>
    </p>
   </div>
   <div class='ocr_carea' id='block_1_93' title="bbox 2001 4563 3576 4651">
    <p class='ocr_par' dir='ltr' id='par_1_93' title="bbox 2007 4563 3576 4638">
     <span class='ocr_line' id='line_1_93' title="bbox 2007 4563 3576 4638; baseline -0.006 -15"><span class='ocrx_word' id='word_1_686' title='bbox 2007 4571 2214 4638; x_wconf 84' lang='lat' dir='ltr'><strong>redich</strong></span> <span class='ocrx_word' id='word_1_687' title='bbox 2244 4569 2312 4631; x_wconf 79' lang='grc' dir='ltr'><strong>⁸ο,</strong></span> <span class='ocrx_word' id='word_1_688' title='bbox 2358 4587 2376 4619; x_wconf 75' lang='grc' dir='ltr'><strong>ι</strong></span> <span class='ocrx_word' id='word_1_689' title='bbox 2407 4567 2743 4620; x_wconf 80' lang='lat' dir='ltr'><strong>verissimum</strong></span> <span class='ocrx_word' id='word_1_690' title='bbox 2770 4581 2888 4620; x_wconf 87' lang='lat' dir='ltr'><strong>esse</strong></span> <span class='ocrx_word' id='word_1_691' title='bbox 2935 4581 3122 4618; x_wconf 88' lang='lat' dir='ltr'><strong>omnes</strong></span> <span class='ocrx_word' id='word_1_692' title='bbox 3162 4563 3334 4616; x_wconf 86' lang='lat' dir='ltr'><strong>oculis</strong></span> <span class='ocrx_word' id='word_1_693' title='bbox 3376 4563 3576 4616; x_wconf 89' lang='lat' dir='ltr'><strong>nostris</strong></span> 
     </span>
    </p>
   </div>
   <div class='ocr_carea' id='block_1_94' title="bbox 326 4665 1902 4744">
    <p class='ocr_par' dir='ltr' id='par_1_94' title="bbox 326 4665 1902 4744">
     <span class='ocr_line' id='line_1_94' title="bbox 326 4665 1902 4744; baseline -0.002 -20"><span class='ocrx_word' id='word_1_694' title='bbox 326 4673 531 4742; x_wconf 79' lang='grc' dir='ltr'>μηνατο</span> <span class='ocrx_word' id='word_1_695' title='bbox 559 4665 621 4734; x_wconf 78' lang='grc' dir='ltr'>ὗς</span> <span class='ocrx_word' id='word_1_696' title='bbox 667 4673 731 4722; x_wconf 89' lang='grc' dir='ltr'><strong>ἐκ</strong></span> <span class='ocrx_word' id='word_1_697' title='bbox 776 4669 1002 4742; x_wconf 79' lang='grc' dir='ltr'>δρυμοῦ,</span> <span class='ocrx_word' id='word_1_698' title='bbox 1033 4669 1126 4722; x_wconf 67' lang='grc' dir='ltr'><strong>καὶ</strong></span> <span class='ocrx_word' id='word_1_699' title='bbox 1175 4668 1356 4738; x_wconf 59' lang='lat' dir='ltr'><strong>pom;</strong></span> <span class='ocrx_word' id='word_1_700' title='bbox 1383 4668 1572 4740; x_wconf 86' lang='grc' dir='ltr'>ἄγριος</span> <span class='ocrx_word' id='word_1_701' title='bbox 1600 4670 1902 4744; x_wconf 80' lang='grc' dir='ltr'>κατενεμή-</span> 
     </span>
    </p>
   </div>
   <div class='ocr_carea' id='block_1_95' title="bbox 325 4750 1902 4831">
    <p class='ocr_par' dir='ltr' id='par_1_95' title="bbox 325 4750 1902 4831">
     <span class='ocr_line' id='line_1_95' title="bbox 325 4750 1902 4831; baseline -0.001 -18"><span class='ocrx_word' id='word_1_702' title='bbox 325 4750 474 4824; x_wconf 67' lang='grc' dir='ltr'>σατοξ</span> <span class='ocrx_word' id='word_1_703' title='bbox 505 4760 768 4830; x_wconf 78' lang='grc' dir='ltr'>»Χριστοῦ</span> <span class='ocrx_word' id='word_1_704' title='bbox 785 4760 1008 4828; x_wconf 73' lang='grc' dir='ltr'>δυνάμει</span> <span class='ocrx_word' id='word_1_705' title='bbox 1036 4759 1322 4831; x_wconf 83' lang='grc' dir='ltr'>παραδόξῳ</span> <span class='ocrx_word' id='word_1_706' title='bbox 1361 4759 1475 4823; x_wconf 80' lang='grc' dir='ltr'>νῦν,</span> <span class='ocrx_word' id='word_1_707' title='bbox 1509 4761 1597 4813; x_wconf 80' lang='grc' dir='ltr'>ὅτε</span> <span class='ocrx_word' id='word_1_708' title='bbox 1637 4760 1778 4812; x_wconf 88' lang='grc' dir='ltr'>θέλει</span> <span class='ocrx_word' id='word_1_709' title='bbox 1805 4760 1902 4812; x_wconf 79' lang='grc' dir='ltr'>αὑ-</span> 
     </span>
    </p>
   </div>
   <div class='ocr_carea' id='block_1_96' title="bbox 324 4851 1897 4924">
    <p class='ocr_par' dir='ltr' id='par_1_96' title="bbox 324 4851 1897 4924">
     <span class='ocr_line' id='line_1_96' title="bbox 324 4851 1897 4924; baseline -0.003 -17"><span class='ocrx_word' id='word_1_710' title='bbox 324 4854 434 4918; x_wconf 78' lang='grc' dir='ltr'>τὸς,</span> <span class='ocrx_word' id='word_1_711' title='bbox 456 4854 674 4923; x_wconf 84' lang='grc' dir='ltr'>γέγονεν</span> <span class='ocrx_word' id='word_1_712' title='bbox 695 4855 769 4916; x_wconf 85' lang='grc' dir='ltr'>ὠς</span> <span class='ocrx_word' id='word_1_713' title='bbox 793 4855 974 4924; x_wconf 87' lang='grc' dir='ltr'>κρίνον</span> <span class='ocrx_word' id='word_1_714' title='bbox 993 4869 1004 4881; x_wconf 91' lang='grc'>·</span> <span class='ocrx_word' id='word_1_715' title='bbox 1031 4854 1152 4905; x_wconf 72' lang='grc' dir='ltr'>ἐπεὶ</span> <span class='ocrx_word' id='word_1_716' title='bbox 1181 4854 1275 4906; x_wconf 80' lang='grc' dir='ltr'><strong>καὶ</strong></span> <span class='ocrx_word' id='word_1_717' title='bbox 1302 4852 1422 4905; x_wconf 86' lang='grc' dir='ltr'>τότε</span> <span class='ocrx_word' id='word_1_718' title='bbox 1451 4851 1616 4904; x_wconf 77' lang='grc' dir='ltr'>αὐτοῦ</span> <span class='ocrx_word' id='word_1_719' title='bbox 1648 4852 1897 4923; x_wconf 82' lang='grc' dir='ltr'>νεύματι,</span> 
     </span>
    </p>
   </div>
   <div class='ocr_carea' id='block_1_97' title="bbox 323 4940 1899 5016">
    <p class='ocr_par' dir='ltr' id='par_1_97' title="bbox 323 4940 1899 5016">
     <span class='ocr_line' id='line_1_97' title="bbox 323 4940 1899 5016; baseline -0.003 -18"><span class='ocrx_word' id='word_1_720' title='bbox 323 4946 397 5008; x_wconf 83' lang='grc' dir='ltr'><strong>ὡς</strong></span> <span class='ocrx_word' id='word_1_721' title='bbox 449 4945 513 4998; x_wconf 83' lang='grc' dir='ltr'>ἂν</span> <span class='ocrx_word' id='word_1_722' title='bbox 560 4944 965 5016; x_wconf 83' lang='grc' dir='ltr'>προκηδομένου</span> <span class='ocrx_word' id='word_1_723' title='bbox 1010 4943 1214 5013; x_wconf 81' lang='grc' dir='ltr'>πατρὸς</span> <span class='ocrx_word' id='word_1_724' title='bbox 1277 4941 1769 4996; x_wconf 82' lang='grc' dir='ltr'>ἐπαιδεύετο.«Ὂν</span> <span class='ocrx_word' id='word_1_725' title='bbox 1792 4940 1899 5013; x_wconf 75' lang='grc' dir='ltr'><strong>γὰρ</strong></span> 
     </span>
    </p>
   </div>
   <div class='ocr_carea' id='block_1_98' title="bbox 323 5033 1898 5108">
    <p class='ocr_par' dir='ltr' id='par_1_98' title="bbox 323 5033 1898 5108">
     <span class='ocr_line' id='line_1_98' title="bbox 323 5033 1898 5108; baseline -0.004 -18"><span class='ocrx_word' id='word_1_726' title='bbox 323 5039 509 5108; x_wconf 82' lang='grc' dir='ltr'>ἁγαπᾷ</span> <span class='ocrx_word' id='word_1_727' title='bbox 540 5037 765 5107; x_wconf 83' lang='grc' dir='ltr'>Κύριος,</span> <span class='ocrx_word' id='word_1_728' title='bbox 804 5036 1064 5097; x_wconf 78' lang='grc' dir='ltr'>παιδεύει,</span> <span class='ocrx_word' id='word_1_729' title='bbox 1115 5037 1369 5105; x_wconf 86' lang='grc' dir='ltr'>μαστιγοῖ</span> <span class='ocrx_word' id='word_1_730' title='bbox 1397 5033 1452 5086; x_wconf 83' lang='grc' dir='ltr'>δὲ</span> <span class='ocrx_word' id='word_1_731' title='bbox 1487 5034 1666 5086; x_wconf 80' lang='grc' dir='ltr'>πάντα</span> <span class='ocrx_word' id='word_1_732' title='bbox 1692 5033 1807 5085; x_wconf 82' lang='grc' dir='ltr'>υἱὸν</span> <span class='ocrx_word' id='word_1_733' title='bbox 1839 5033 1898 5084; x_wconf 79' lang='grc' dir='ltr'>ὃν</span> 
     </span>
    </p>
   </div>
   <div class='ocr_carea' id='block_1_99' title="bbox 323 5125 1901 5200">
    <p class='ocr_par' dir='ltr' id='par_1_99' title="bbox 323 5125 1901 5200">
     <span class='ocr_line' id='line_1_99' title="bbox 323 5125 1901 5200; baseline -0.004 -18"><span class='ocrx_word' id='word_1_734' title='bbox 323 5129 704 5200; x_wconf 81' lang='grc' dir='ltr'>παραδέχεται.</span> <span class='ocrx_word' id='word_1_735' title='bbox 723 5125 950 5195; x_wconf 72' lang='grc' dir='ltr'>»Μέτρῳ</span> <span class='ocrx_word' id='word_1_736' title='bbox 966 5126 1098 5196; x_wconf 83' lang='grc' dir='ltr'>δῆτα</span> <span class='ocrx_word' id='word_1_737' title='bbox 1128 5126 1270 5180; x_wconf 83' lang='grc' dir='ltr'>κατὰ</span> <span class='ocrx_word' id='word_1_738' title='bbox 1298 5125 1358 5178; x_wconf 86' lang='grc' dir='ltr'><strong>τὸ</strong></span> <span class='ocrx_word' id='word_1_739' title='bbox 1389 5126 1506 5178; x_wconf 84' lang='grc' dir='ltr'>δέον</span> <span class='ocrx_word' id='word_1_740' title='bbox 1550 5125 1901 5195; x_wconf 85' lang='grc' dir='ltr'>ἐπιστραφεῖ-</span> 
     </span>
    </p>
   </div>
   <div class='ocr_carea' id='block_1_100' title="bbox 324 5217 1899 5290">
    <p class='ocr_par' dir='ltr' id='par_1_100' title="bbox 324 5217 1899 5290">
     <span class='ocr_line' id='line_1_100' title="bbox 324 5217 1899 5290; baseline -0.003 -16"><span class='ocrx_word' id='word_1_741' title='bbox 324 5239 413 5283; x_wconf 87' lang='grc' dir='ltr'><strong>σα,</strong></span> <span class='ocrx_word' id='word_1_742' title='bbox 446 5217 601 5284; x_wconf 76' lang='grc' dir='ltr'>αὖθις</span> <span class='ocrx_word' id='word_1_743' title='bbox 641 5220 844 5274; x_wconf 81' lang='grc' dir='ltr'>ἄνωθεν</span> <span class='ocrx_word' id='word_1_744' title='bbox 876 5219 935 5284; x_wconf 87' lang='grc' dir='ltr'><strong>ἐξ</strong></span> <span class='ocrx_word' id='word_1_745' title='bbox 977 5219 1229 5289; x_wconf 77' lang='grc' dir='ltr'>ὑπαρχῆς</span> <span class='ocrx_word' id='word_1_746' title='bbox 1272 5219 1532 5288; x_wconf 80' lang='grc' dir='ltr'>ἁγαλλιᾷν</span> <span class='ocrx_word' id='word_1_747' title='bbox 1565 5218 1899 5290; x_wconf 65' lang='grc' dir='ltr'>προστάττεη</span> 
     </span>
    </p>
   </div>
   <div class='ocr_carea' id='block_1_101' title="bbox 323 5311 1899 5385">
    <p class='ocr_par' dir='ltr' id='par_1_101' title="bbox 323 5311 1899 5385">
     <span class='ocr_line' id='line_1_101' title="bbox 323 5311 1899 5385; baseline -0.003 -17"><span class='ocrx_word' id='word_1_748' title='bbox 323 5333 433 5379; x_wconf 87' lang='grc' dir='ltr'>ται,</span> <span class='ocrx_word' id='word_1_749' title='bbox 467 5315 678 5379; x_wconf 84' lang='grc' dir='ltr'>ἐξανθεῖ</span> <span class='ocrx_word' id='word_1_750' title='bbox 717 5332 776 5367; x_wconf 88' lang='grc' dir='ltr'><strong>τε</strong></span> <span class='ocrx_word' id='word_1_751' title='bbox 814 5314 889 5377; x_wconf 84' lang='grc' dir='ltr'>ὡς</span> <span class='ocrx_word' id='word_1_752' title='bbox 935 5314 1138 5385; x_wconf 88' lang='grc' dir='ltr'>κρίνον,</span> <span class='ocrx_word' id='word_1_753' title='bbox 1168 5313 1261 5366; x_wconf 72' lang='grc' dir='ltr'><strong>καὶ</strong></span> <span class='ocrx_word' id='word_1_754' title='bbox 1297 5312 1396 5382; x_wconf 79' lang='grc' dir='ltr'><strong>τῆς</strong></span> <span class='ocrx_word' id='word_1_755' title='bbox 1442 5311 1626 5364; x_wconf 78' lang='grc' dir='ltr'>ἐνθέου</span> <span class='ocrx_word' id='word_1_756' title='bbox 1672 5312 1899 5374; x_wconf 78' lang='grc' dir='ltr'>εὐωδίας</span> 
     </span>
    </p>
   </div>
   <div class='ocr_carea' id='block_1_102' title="bbox 323 5399 1898 5472">
    <p class='ocr_par' dir='ltr' id='par_1_102' title="bbox 323 5399 1898 5472">
     <span class='ocr_line' id='line_1_102' title="bbox 323 5399 1898 5472; baseline -0.003 -13"><span class='ocrx_word' id='word_1_757' title='bbox 323 5410 402 5468; x_wconf 77' lang='grc' dir='ltr'><strong>εἰς</strong></span> <span class='ocrx_word' id='word_1_758' title='bbox 431 5407 636 5468; x_wconf 79' lang='grc' dir='ltr'>πάντας</span> <span class='ocrx_word' id='word_1_759' title='bbox 679 5406 910 5457; x_wconf 86' lang='grc' dir='ltr'>ἀποπνεῖ</span> <span class='ocrx_word' id='word_1_760' title='bbox 937 5401 1256 5472; x_wconf 80' lang='grc' dir='ltr'>ἀνθρώπους</span> <span class='ocrx_word' id='word_1_761' title='bbox 1281 5420 1294 5432; x_wconf 88' lang='grc'><strong>·</strong></span> <span class='ocrx_word' id='word_1_762' title='bbox 1331 5404 1434 5464; x_wconf 82' lang='grc' dir='ltr'>ὃτι,</span> <span class='ocrx_word' id='word_1_763' title='bbox 1455 5399 1668 5467; x_wconf 77' lang='grc' dir='ltr'>φησὶν,ι</span> <span class='ocrx_word' id='word_1_764' title='bbox 1686 5402 1898 5472; x_wconf 74' lang='grc' dir='ltr'>ἐρράγη</span> 
     </span>
    </p>
   </div>
   <div class='ocr_carea' id='block_1_103' title="bbox 325 5493 1896 5570">
    <p class='ocr_par' dir='ltr' id='par_1_103' title="bbox 325 5493 1896 5570">
     <span class='ocr_line' id='line_1_103' title="bbox 325 5493 1896 5570; baseline -0.004 -18"><span class='ocrx_word' id='word_1_765' title='bbox 325 5501 380 5552; x_wconf 81' lang='grc' dir='ltr'><strong>ἐν</strong></span> <span class='ocrx_word' id='word_1_766' title='bbox 410 5501 477 5569; x_wconf 70' lang='grc' dir='ltr'>τῇ</span> <span class='ocrx_word' id='word_1_767' title='bbox 504 5499 693 5570; x_wconf 78' lang='grc' dir='ltr'>ἐρήμῳ</span> <span class='ocrx_word' id='word_1_768' title='bbox 721 5497 885 5567; x_wconf 67' lang='grc' dir='ltr'>ὕδωρ,</span> <span class='ocrx_word' id='word_1_769' title='bbox 908 5517 925 5548; x_wconf 79' lang='grc' dir='ltr'><strong>ι</strong></span> <span class='ocrx_word' id='word_1_770' title='bbox 943 5495 1002 5549; x_wconf 73' lang='grc' dir='ltr'>τὸ</span> <span class='ocrx_word' id='word_1_771' title='bbox 1019 5498 1164 5566; x_wconf 71' lang='grc' dir='ltr'>νᾶμα</span> <span class='ocrx_word' id='word_1_772' title='bbox 1199 5495 1294 5565; x_wconf 65' lang='grc' dir='ltr'>τῆς</span> <span class='ocrx_word' id='word_1_773' title='bbox 1329 5494 1480 5556; x_wconf 84' lang='grc' dir='ltr'>θείας</span> <span class='ocrx_word' id='word_1_774' title='bbox 1506 5493 1598 5546; x_wconf 76' lang='grc' dir='ltr'>τοῦ</span> <span class='ocrx_word' id='word_1_775' title='bbox 1630 5495 1896 5566; x_wconf 86' lang='grc' dir='ltr'>σωτηρίου</span> 
     </span>
    </p>
   </div>
   <div class='ocr_carea' id='block_1_104' title="bbox 396 5621 3004 5706">
    <p class='ocr_par' dir='ltr' id='par_1_104' title="bbox 396 5621 3004 5706">
     <span class='ocr_line' id='line_1_104' title="bbox 396 5621 3004 5706; baseline -0.007 -13"><span class='ocrx_word' id='word_1_776' title='bbox 396 5639 441 5670; x_wconf 79' lang='grc'><strong>⁷⁸</strong></span> <span class='ocrx_word' id='word_1_777' title='bbox 458 5639 600 5694; x_wconf 86' lang='lat' dir='ltr'><strong>Psal.</strong></span> <span class='ocrx_word' id='word_1_778' title='bbox 620 5639 804 5706; x_wconf 80' lang='lat' dir='ltr'><strong>vm,3.</strong></span> <span class='ocrx_word' id='word_1_779' title='bbox 861 5637 907 5669; x_wconf 68' lang='lat'><strong>7°</strong></span> <span class='ocrx_word' id='word_1_780' title='bbox 930 5638 1072 5693; x_wconf 87' lang='lat' dir='ltr'><strong>Psal.</strong></span> <span class='ocrx_word' id='word_1_781' title='bbox 1103 5652 1287 5703; x_wconf 74' lang='lat' dir='ltr'><strong>xxxvi,</strong></span> <span class='ocrx_word' id='word_1_782' title='bbox 1314 5634 1502 5700; x_wconf 70' lang='lat'><strong>“,15.</strong></span> <span class='ocrx_word' id='word_1_783' title='bbox 1568 5635 1768 5690; x_wconf 83' lang='lat' dir='ltr'><strong>&quot;Psal.</strong></span> <span class='ocrx_word' id='word_1_784' title='bbox 1794 5652 1866 5701; x_wconf 78' lang='lat' dir='ltr'><strong>rx,</strong></span> <span class='ocrx_word' id='word_1_785' title='bbox 1885 5637 2006 5705; x_wconf 83' lang='lat'><strong>9,6.</strong></span> <span class='ocrx_word' id='word_1_786' title='bbox 2065 5630 2111 5661; x_wconf 69' lang='grc'><strong>’³</strong></span> <span class='ocrx_word' id='word_1_787' title='bbox 2138 5629 2426 5693; x_wconf 78' lang='lat' dir='ltr'><strong>Psal.xvn,</strong></span> <span class='ocrx_word' id='word_1_788' title='bbox 2448 5626 2538 5680; x_wconf 63' lang='lat'><strong>49..</strong></span> <span class='ocrx_word' id='word_1_789' title='bbox 2591 5623 2790 5677; x_wconf 77' lang='lat' dir='ltr'><strong>&quot;Psal.</strong></span> <span class='ocrx_word' id='word_1_790' title='bbox 2812 5638 2925 5688; x_wconf 71' lang='grc' dir='ltr'>ιιι,</span> <span class='ocrx_word' id='word_1_791' title='bbox 2952 5621 3004 5676; x_wconf 90' lang='grc'><strong>9.</strong></span> 
     </span>
    </p>
   </div>
   <div class='ocr_carea' id='block_1_105' title="bbox 328 5772 1885 5849">
    <p class='ocr_par' dir='ltr' id='par_1_105' title="bbox 328 5772 1885 5849">
     <span class='ocr_line' id='line_1_105' title="bbox 328 5772 1885 5849; baseline -0.004 -17"><span class='ocrx_word' id='word_1_792' title='bbox 328 5778 564 5849; x_wconf 67' lang='grc' dir='ltr'>ὓῑοιιςςῐὶ</span> <span class='ocrx_word' id='word_1_793' title='bbox 600 5776 968 5835; x_wconf 74' lang='lat' dir='ltr'><strong>Alexandrini,</strong></span> <span class='ocrx_word' id='word_1_794' title='bbox 993 5775 1084 5838; x_wconf 85' lang='lat' dir='ltr'><strong>qui</strong></span> <span class='ocrx_word' id='word_1_795' title='bbox 1110 5775 1174 5849; x_wconf 80' lang='lat' dir='ltr'><strong>de</strong></span> <span class='ocrx_word' id='word_1_796' title='bbox 1203 5774 1478 5849; x_wconf 68' lang='lat' dir='ltr'><strong>Macriano</strong></span> <span class='ocrx_word' id='word_1_797' title='bbox 1499 5772 1726 5839; x_wconf 78' lang='lat' dir='ltr'><strong>ejusque</strong></span> <span class='ocrx_word' id='word_1_798' title='bbox 1752 5772 1885 5826; x_wconf 84' lang='lat' dir='ltr'><strong>lihe-</strong></span> 
     </span>
    </p>
   </div>
   <div class='ocr_carea' id='block_1_106' title="bbox 329 5846 1878 5912">
    <p class='ocr_par' dir='ltr' id='par_1_106' title="bbox 329 5846 1878 5912">
     <span class='ocr_line' id='line_1_106' title="bbox 329 5846 1878 5912; baseline -0.004 -10"><span class='ocrx_word' id='word_1_799' title='bbox 329 5867 400 5902; x_wconf 70' lang='grc' dir='ltr'>τις</span> <span class='ocrx_word' id='word_1_800' title='bbox 428 5846 498 5902; x_wconf 77' lang='lat' dir='ltr'><strong>ita</strong></span> <span class='ocrx_word' id='word_1_801' title='bbox 533 5850 768 5912; x_wconf 82' lang='lat' dir='ltr'><strong>loquitur</strong></span> <span class='ocrx_word' id='word_1_802' title='bbox 799 5850 849 5902; x_wconf 89' lang='lat' dir='ltr'><strong>in</strong></span> <span class='ocrx_word' id='word_1_803' title='bbox 897 5849 1056 5912; x_wconf 83' lang='lat' dir='ltr'><strong>epist.</strong></span> <span class='ocrx_word' id='word_1_804' title='bbox 1106 5846 1170 5899; x_wconf 80' lang='lat' dir='ltr'><strong>ad</strong></span> <span class='ocrx_word' id='word_1_805' title='bbox 1217 5847 1686 5899; x_wconf 80' lang='lat' dir='ltr'><strong>llermamntonent</strong></span> <span class='ocrx_word' id='word_1_806' title='bbox 1722 5860 1878 5905; x_wconf 84' lang='lat' dir='ltr'><strong>quant</strong></span> 
     </span>
    </p>
   </div>
   <div class='ocr_carea' id='block_1_107' title="bbox 2002 4655 3576 4732">
    <p class='ocr_par' dir='ltr' id='par_1_107' title="bbox 2002 4655 3576 4732">
     <span class='ocr_line' id='line_1_107' title="bbox 2002 4655 3576 4732; baseline -0.005 -16"><span class='ocrx_word' id='word_1_807' title='bbox 2002 4661 2397 4732; x_wconf 78' lang='lat' dir='ltr'><strong>perspeximus.</strong></span> <span class='ocrx_word' id='word_1_808' title='bbox 2451 4660 2515 4713; x_wconf 82' lang='lat' dir='ltr'><strong>Et</strong></span> <span class='ocrx_word' id='word_1_809' title='bbox 2565 4659 2616 4711; x_wconf 93' lang='lat' dir='ltr'><strong>hi</strong></span> <span class='ocrx_word' id='word_1_810' title='bbox 2680 4659 2895 4726; x_wconf 90' lang='lat' dir='ltr'><strong>quidem</strong></span> <span class='ocrx_word' id='word_1_811' title='bbox 2956 4655 3060 4710; x_wconf 87' lang='lat' dir='ltr'><strong>Deo</strong></span> <span class='ocrx_word' id='word_1_812' title='bbox 3107 4656 3318 4709; x_wconf 83' lang='lat' dir='ltr'><strong>bellum</strong></span> <span class='ocrx_word' id='word_1_813' title='bbox 3373 4655 3576 4709; x_wconf 78' lang='lat' dir='ltr'><strong>inferre</strong></span> 
     </span>
    </p>
   </div>
   <div class='ocr_carea' id='block_1_108' title="bbox 2003 4745 3574 4821">
    <p class='ocr_par' dir='ltr' id='par_1_108' title="bbox 2003 4745 3574 4821">
     <span class='ocr_line' id='line_1_108' title="bbox 2003 4745 3574 4821; baseline -0.007 -16"><span class='ocrx_word' id='word_1_814' title='bbox 2003 4769 2150 4806; x_wconf 90' lang='lat' dir='ltr'><strong>more</strong></span> <span class='ocrx_word' id='word_1_815' title='bbox 2181 4753 2458 4821; x_wconf 84' lang='lat' dir='ltr'><strong>gigantum</strong></span> <span class='ocrx_word' id='word_1_816' title='bbox 2481 4750 2622 4809; x_wconf 84' lang='lat' dir='ltr'><strong>ausi,</strong></span> <span class='ocrx_word' id='word_1_817' title='bbox 2651 4747 2956 4816; x_wconf 70' lang='lat' dir='ltr'><strong>huiusmodi</strong></span> <span class='ocrx_word' id='word_1_818' title='bbox 3000 4747 3118 4799; x_wconf 81' lang='lat' dir='ltr'><strong>vita:</strong></span> <span class='ocrx_word' id='word_1_819' title='bbox 3154 4747 3359 4798; x_wconf 75' lang='lat' dir='ltr'><strong>exitum</strong></span> <span class='ocrx_word' id='word_1_820' title='bbox 3399 4745 3574 4798; x_wconf 89' lang='lat' dir='ltr'><strong>sortiti</strong></span> 
     </span>
    </p>
   </div>
   <div class='ocr_carea' id='block_1_109' title="bbox 2000 4837 3566 4905">
    <p class='ocr_par' dir='ltr' id='par_1_109' title="bbox 2000 4837 3566 4905">
     <span class='ocr_line' id='line_1_109' title="bbox 2000 4837 3566 4905; baseline -0.008 -8"><span class='ocrx_word' id='word_1_821' title='bbox 2000 4855 2146 4897; x_wconf 90' lang='lat' dir='ltr'><strong>sunt.</strong></span> <span class='ocrx_word' id='word_1_822' title='bbox 2192 4843 2279 4896; x_wconf 92' lang='lat' dir='ltr'><strong>Illa</strong></span> <span class='ocrx_word' id='word_1_823' title='bbox 2339 4857 2468 4896; x_wconf 85' lang='lat' dir='ltr'><strong>vero</strong></span> <span class='ocrx_word' id='word_1_824' title='bbox 2504 4855 2672 4892; x_wconf 88' lang='lat' dir='ltr'><strong>vacua</strong></span> <span class='ocrx_word' id='word_1_825' title='bbox 2719 4853 2782 4892; x_wconf 91' lang='lat' dir='ltr'><strong>ac</strong></span> <span class='ocrx_word' id='word_1_826' title='bbox 2827 4839 3039 4892; x_wconf 81' lang='lat' dir='ltr'><strong>deserta</strong></span> <span class='ocrx_word' id='word_1_827' title='bbox 3075 4846 3130 4891; x_wconf 91' lang='lat' dir='ltr'><strong>et</strong></span> <span class='ocrx_word' id='word_1_828' title='bbox 3177 4837 3434 4905; x_wconf 89' lang='lat' dir='ltr'><strong>opinione</strong></span> <span class='ocrx_word' id='word_1_829' title='bbox 3461 4851 3566 4886; x_wconf 87' lang='lat' dir='ltr'><strong>0m-</strong></span> 
     </span>
    </p>
   </div>
   <div class='ocr_carea' id='block_1_110' title="bbox 2004 4927 3576 5004">
    <p class='ocr_par' dir='ltr' id='par_1_110' title="bbox 2004 4927 3576 5004">
     <span class='ocr_line' id='line_1_110' title="bbox 2004 4927 3576 5004; baseline -0.007 -15"><span class='ocrx_word' id='word_1_830' title='bbox 2004 4937 2150 4990; x_wconf 90' lang='lat' dir='ltr'><strong>nium</strong></span> <span class='ocrx_word' id='word_1_831' title='bbox 2183 4934 2616 5004; x_wconf 73' lang='lat' dir='ltr'><strong>deplorata,su:e</strong></span> <span class='ocrx_word' id='word_1_832' title='bbox 2651 4940 2874 5001; x_wconf 89' lang='lat' dir='ltr'><strong>propter</strong></span> <span class='ocrx_word' id='word_1_833' title='bbox 2905 4931 3070 4983; x_wconf 89' lang='lat' dir='ltr'><strong>Deum</strong></span> <span class='ocrx_word' id='word_1_834' title='bbox 3105 4927 3401 4983; x_wconf 72' lang='lat' dir='ltr'><strong>tolerantia:</strong></span> <span class='ocrx_word' id='word_1_835' title='bbox 3433 4927 3576 4979; x_wconf 85' lang='lat' dir='ltr'><strong>hunc</strong></span> 
     </span>
    </p>
   </div>
   <div class='ocr_carea' id='block_1_111' title="bbox 2000 5019 3575 5098">
    <p class='ocr_par' dir='ltr' id='par_1_111' title="bbox 2000 5019 3575 5098">
     <span class='ocr_line' id='line_1_111' title="bbox 2000 5019 3575 5098; baseline -0.007 -16"><span class='ocrx_word' id='word_1_836' title='bbox 2000 5045 2158 5098; x_wconf 89' lang='lat' dir='ltr'><strong>quem</strong></span> <span class='ocrx_word' id='word_1_837' title='bbox 2191 5029 2467 5083; x_wconf 87' lang='lat' dir='ltr'><strong>cernimus</strong></span> <span class='ocrx_word' id='word_1_838' title='bbox 2507 5027 2667 5080; x_wconf 80' lang='lat' dir='ltr'><strong>finem</strong></span> <span class='ocrx_word' id='word_1_839' title='bbox 2705 5033 2996 5080; x_wconf 89' lang='lat' dir='ltr'><strong>consecuta</strong></span> <span class='ocrx_word' id='word_1_840' title='bbox 3032 5031 3136 5078; x_wconf 87' lang='lat' dir='ltr'><strong>est.</strong></span> <span class='ocrx_word' id='word_1_841' title='bbox 3166 5023 3314 5076; x_wconf 83' lang='lat' dir='ltr'><strong>Adeo</strong></span> <span class='ocrx_word' id='word_1_842' title='bbox 3339 5019 3575 5074; x_wconf 85' lang='lat' dir='ltr'><strong>utlsaias</strong></span> 
     </span>
    </p>
   </div>
   <div class='ocr_carea' id='block_1_112' title="bbox 2000 5113 3570 5190">
    <p class='ocr_par' dir='ltr' id='par_1_112' title="bbox 2000 5113 3570 5190">
     <span class='ocr_line' id='line_1_112' title="bbox 2000 5113 3570 5190; baseline -0.005 -16"><span class='ocrx_word' id='word_1_843' title='bbox 2000 5123 2259 5190; x_wconf 87' lang='lat' dir='ltr'><strong>propheta</strong></span> <span class='ocrx_word' id='word_1_844' title='bbox 2281 5122 2393 5174; x_wconf 69' lang='lat' dir='ltr'><strong>haec</strong></span> <span class='ocrx_word' id='word_1_845' title='bbox 2437 5119 2514 5172; x_wconf 92' lang='lat' dir='ltr'><strong>illi</strong></span> <span class='ocrx_word' id='word_1_846' title='bbox 2554 5117 2906 5186; x_wconf 88' lang='lat' dir='ltr'><strong>pronuntiare</strong></span> <span class='ocrx_word' id='word_1_847' title='bbox 2949 5116 3193 5168; x_wconf 84' lang='lat' dir='ltr'><strong>videatur</strong></span> <span class='ocrx_word' id='word_1_848' title='bbox 3226 5133 3239 5168; x_wconf 87' lang='lat'><strong>:</strong></span> <span class='ocrx_word' id='word_1_849' title='bbox 3276 5133 3294 5165; x_wconf 82' lang='grc' dir='ltr'><strong>ι</strong></span> <span class='ocrx_word' id='word_1_850' title='bbox 3341 5113 3570 5176; x_wconf 75' lang='lat' dir='ltr'><strong>Lmtare,</strong></span> 
     </span>
    </p>
   </div>
   <div class='ocr_carea' id='block_1_113' title="bbox 2000 5205 3572 5275">
    <p class='ocr_par' dir='ltr' id='par_1_113' title="bbox 2000 5205 3572 5275">
     <span class='ocr_line' id='line_1_113' title="bbox 2000 5205 3572 5275; baseline -0.01 -5"><span class='ocrx_word' id='word_1_851' title='bbox 2000 5215 2235 5270; x_wconf 83' lang='lat' dir='ltr'><strong>solitudo</strong></span> <span class='ocrx_word' id='word_1_852' title='bbox 2268 5213 2568 5275; x_wconf 90' lang='lat' dir='ltr'><strong>siticulosa,</strong></span> <span class='ocrx_word' id='word_1_853' title='bbox 2597 5209 2829 5263; x_wconf 83' lang='lat' dir='ltr'><strong>exsultet</strong></span> <span class='ocrx_word' id='word_1_854' title='bbox 2863 5207 3094 5260; x_wconf 81' lang='lat' dir='ltr'><strong>solitudo</strong></span> <span class='ocrx_word' id='word_1_855' title='bbox 3125 5217 3175 5260; x_wconf 92' lang='lat' dir='ltr'><strong>et</strong></span> <span class='ocrx_word' id='word_1_856' title='bbox 3204 5206 3394 5259; x_wconf 88' lang='lat' dir='ltr'><strong>ﬂoreat</strong></span> <span class='ocrx_word' id='word_1_857' title='bbox 3427 5215 3484 5257; x_wconf 92' lang='lat' dir='ltr'><strong>ut</strong></span> <span class='ocrx_word' id='word_1_858' title='bbox 3507 5205 3572 5256; x_wconf 88' lang='lat' dir='ltr'><strong>li-</strong></span> 
     </span>
    </p>
   </div>
   <div class='ocr_carea' id='block_1_114' title="bbox 2001 5295 3574 5370">
    <p class='ocr_par' dir='ltr' id='par_1_114' title="bbox 2001 5295 3574 5370">
     <span class='ocr_line' id='line_1_114' title="bbox 2001 5295 3574 5370; baseline -0.008 -11"><span class='ocrx_word' id='word_1_859' title='bbox 2001 5308 2156 5370; x_wconf 91' lang='lat' dir='ltr'><strong>lium,</strong></span> <span class='ocrx_word' id='word_1_860' title='bbox 2182 5317 2235 5359; x_wconf 94' lang='lat' dir='ltr'><strong>et</strong></span> <span class='ocrx_word' id='word_1_861' title='bbox 2270 5304 2537 5359; x_wconf 89' lang='lat' dir='ltr'><strong>ﬂorebunt</strong></span> <span class='ocrx_word' id='word_1_862' title='bbox 2564 5314 2618 5356; x_wconf 89' lang='lat' dir='ltr'><strong>et</strong></span> <span class='ocrx_word' id='word_1_863' title='bbox 2647 5300 2999 5356; x_wconf 79' lang='lat' dir='ltr'><strong>exsultabant</strong></span> <span class='ocrx_word' id='word_1_864' title='bbox 3032 5298 3148 5352; x_wconf 89' lang='lat' dir='ltr'><strong>loca</strong></span> <span class='ocrx_word' id='word_1_865' title='bbox 3200 5303 3435 5352; x_wconf 88' lang='lat' dir='ltr'><strong>deserta.</strong></span> <span class='ocrx_word' id='word_1_866' title='bbox 3468 5295 3574 5348; x_wconf 68' lang='lat' dir='ltr'><strong>llo-</strong></span> 
     </span>
    </p>
   </div>
   <div class='ocr_carea' id='block_1_115' title="bbox 2003 5391 3569 5474">
    <p class='ocr_par' dir='ltr' id='par_1_115' title="bbox 2003 5391 3569 5474">
     <span class='ocr_line' id='line_1_115' title="bbox 2003 5391 3569 5474; baseline -0.006 -22"><span class='ocrx_word' id='word_1_867' title='bbox 2003 5400 2299 5474; x_wconf 52' lang='lat' dir='ltr'><strong>horamini,</strong></span> <span class='ocrx_word' id='word_1_868' title='bbox 2333 5411 2522 5450; x_wconf 88' lang='lat' dir='ltr'><strong>manus</strong></span> <span class='ocrx_word' id='word_1_869' title='bbox 2569 5398 2910 5464; x_wconf 87' lang='lat' dir='ltr'><strong>languentes,</strong></span> <span class='ocrx_word' id='word_1_870' title='bbox 2957 5404 3012 5446; x_wconf 87' lang='lat' dir='ltr'><strong>et</strong></span> <span class='ocrx_word' id='word_1_871' title='bbox 3059 5407 3230 5460; x_wconf 84' lang='lat' dir='ltr'><strong>genua</strong></span> <span class='ocrx_word' id='word_1_872' title='bbox 3263 5391 3519 5444; x_wconf 84' lang='lat' dir='ltr'><strong>dissoluta</strong></span> <span class='ocrx_word' id='word_1_873' title='bbox 3556 5407 3569 5442; x_wconf 91' lang='lat'>:</span> 
     </span>
    </p>
   </div>
   <div class='ocr_carea' id='block_1_116' title="bbox 2015 5485 3575 5558">
    <p class='ocr_par' dir='ltr' id='par_1_116' title="bbox 2015 5485 3575 5558">
     <span class='ocr_line' id='line_1_116' title="bbox 2015 5485 3575 5558; baseline -0.009 -10"><span class='ocrx_word' id='word_1_874' title='bbox 2015 5493 2369 5548; x_wconf 81' lang='lat' dir='ltr'><strong>consulamini</strong></span> <span class='ocrx_word' id='word_1_875' title='bbox 2390 5532 2404 5554; x_wconf 93' lang='lat'><strong>,</strong></span> <span class='ocrx_word' id='word_1_876' title='bbox 2433 5507 2529 5544; x_wconf 80' lang='lat' dir='ltr'><strong>vos</strong></span> <span class='ocrx_word' id='word_1_877' title='bbox 2571 5489 2960 5558; x_wconf 87' lang='lat' dir='ltr'><strong>pusillanimes,</strong></span> <span class='ocrx_word' id='word_1_878' title='bbox 2990 5485 3392 5548; x_wconf 78' lang='lat' dir='ltr'><strong>conl&#39;ortatnini,</strong></span> <span class='ocrx_word' id='word_1_879' title='bbox 3420 5498 3485 5537; x_wconf 89' lang='lat' dir='ltr'><strong>ne</strong></span> <span class='ocrx_word' id='word_1_880' title='bbox 3516 5485 3575 5535; x_wconf 90' lang='lat' dir='ltr'><strong>ti-</strong></span> 
     </span>
    </p>
   </div>
   <div class='ocr_carea' id='block_1_117' title="bbox 3071 5614 3572 5680">
    <p class='ocr_par' dir='ltr' id='par_1_117' title="bbox 3071 5614 3572 5680">
     <span class='ocr_line' id='line_1_117' title="bbox 3071 5614 3572 5680; baseline -0.008 -5"><span class='ocrx_word' id='word_1_881' title='bbox 3071 5620 3115 5651; x_wconf 77' lang='grc' dir='ltr'><strong>⁸ο</strong></span> <span class='ocrx_word' id='word_1_882' title='bbox 3139 5617 3276 5673; x_wconf 84' lang='lat' dir='ltr'><strong>Psal.</strong></span> <span class='ocrx_word' id='word_1_883' title='bbox 3298 5631 3464 5680; x_wconf 80' lang='lat' dir='ltr'><strong>mni,</strong></span> <span class='ocrx_word' id='word_1_884' title='bbox 3481 5614 3572 5672; x_wconf 73' lang='lat'><strong>20.</strong></span> 
     </span>
    </p>
   </div>
   <div class='ocr_carea' id='block_1_118' title="bbox 1993 5743 3572 5842">
    <p class='ocr_par' dir='ltr' id='par_1_118' title="bbox 1993 5743 3572 5842">
     <span class='ocr_line' id='line_1_118' title="bbox 1993 5743 3572 5842; baseline -0.009 -19"><span class='ocrx_word' id='word_1_885' title='bbox 1993 5771 2153 5824; x_wconf 79' lang='lat' dir='ltr'><strong>refert</strong></span> <span class='ocrx_word' id='word_1_886' title='bbox 2185 5743 2452 5842; x_wconf 70' lang='lat' dir='ltr'><strong>Eusebius</strong></span> <span class='ocrx_word' id='word_1_887' title='bbox 2488 5765 2538 5822; x_wconf 92' lang='lat' dir='ltr'><strong>in</strong></span> <span class='ocrx_word' id='word_1_888' title='bbox 2568 5765 2774 5827; x_wconf 77' lang='lat' dir='ltr'><strong>lib.vn,</strong></span> <span class='ocrx_word' id='word_1_889' title='bbox 2799 5775 2917 5830; x_wconf 86' lang='lat' dir='ltr'><strong>cap.</strong></span> <span class='ocrx_word' id='word_1_890' title='bbox 2951 5757 3057 5814; x_wconf 75' lang='lat'><strong>&#39;25:</strong></span> <span class='ocrx_word' id='word_1_891' title='bbox 3094 5759 3121 5810; x_wconf 89' lang='grc' dir='ltr'><strong>ό</strong></span> <span class='ocrx_word' id='word_1_892' title='bbox 3162 5755 3259 5828; x_wconf 75' lang='grc' dir='ltr'><strong>μὲν</strong></span> <span class='ocrx_word' id='word_1_893' title='bbox 3293 5756 3394 5810; x_wconf 65' lang='grc' dir='ltr'>οὐκ</span> <span class='ocrx_word' id='word_1_894' title='bbox 3427 5754 3572 5811; x_wconf 69' lang='grc' dir='ltr'>ἔστιν</span> 
     </span>
    </p>
   </div>
   <div class='ocr_carea' id='block_1_119' title="bbox 1988 5840 2410 5909">
    <p class='ocr_par' dir='ltr' id='par_1_119' title="bbox 1988 5840 2410 5909">
     <span class='ocr_line' id='line_1_119' title="bbox 1988 5840 2410 5909; baseline -0.007 -16"><span class='ocrx_word' id='word_1_895' title='bbox 1988 5840 2280 5909; x_wconf 49' lang='lat' dir='ltr'><strong>summa:</strong></span> <span class='ocrx_word' id='word_1_896' title='bbox 2325 5840 2410 5903; x_wconf 79' lang='grc' dir='ltr'><strong>ἦν.</strong></span> 
     </span>
    </p>
   </div>
  </div>
