4168 6408
645 333 745 389 871

647 457 788 509 Dens
833 461 958 509 tuus
1006 468 1022 507 :

645 546 806 618 333
848 546 900 599 in
937 547 1314 601 misericordia
1347 562 1541 616 magna
1584 548 1886 602 miserebor
1917 549 2016 602 tui.
2058 548 2112 602 In
2143 548 2224 602 ira

649 639 747 691 levi
776 639 946 691 averti
980 638 1176 692 faciem
1195 653 1372 692 meam
1417 638 1515 693 abs
1553 649 1645 706 te;
1683 648 1737 692 et
1769 642 1820 692 in
1854 640 2223 694 misericordia

647 743 844 787 mterua
877 733 1174 788 miserebor
1199 733 1271 785 tui
1297 773 1312 796 ,
1332 733 1466 786 dixit
1493 733 1822 801 Redemptor
1846 731 2116 791 Dominus
2133 735 2182 767 ”
2206 754 2220 792 :

644 823 914 892 Exsurge,
971 837 1221 889 exsurge,
1283 839 1405 891 qua:
1445 824 1631 878 bibisti
1698 826 1764 879 de
1801 840 1960 879 manu
2011 826 2224 881 Domini

646 919 875 972 calicem
913 916 1117 970 furoris
1152 915 1293 986 ejus.
1325 917 1563 972 Calicem
1618 918 1760 972 enim
1813 921 2008 985 ruinse,
2059 935 2227 990 pocu-

645 1010 760 1064 lum
798 1010 1002 1064 furoris
1040 1011 1141 1065 mei
1189 1011 1400 1065 ebibisti
1435 1020 1600 1081 atque
1643 1012 1976 1067 exbausisti:
2019 1023 2074 1066 et
2113 1028 2222 1066 non

645 1112 768 1156 erat
795 1104 891 1171 qui
920 1103 1298 1158 consolaretur
1328 1111 1377 1157 te
1408 1105 1460 1156 in
1493 1104 1748 1159 omnibus
1777 1103 1904 1159 filiis
1945 1107 2053 1160 tuis
2088 1121 2225 1175 quos

645 1195 913 1264 genuisti:
952 1210 1052 1249 nec
1077 1205 1194 1249 erat
1219 1195 1308 1264 qui
1337 1195 1772 1265 apprchenderet
1801 1212 2020 1250 manum
2054 1207 2221 1252 tuam.

647 1290 789 1344 Ecce
837 1291 934 1344 tuli
981 1292 1046 1345 de
1091 1307 1254 1344 manu
1313 1301 1406 1346 tua
1453 1293 1679 1348 calicem
1727 1293 1917 1358 ruinae,
1967 1295 2221 1362 poculum

645 1383 851 1439 furoris
883 1385 1011 1439 mei.
1051 1384 1158 1440 Nec
1192 1385 1416 1457 adjicies
1456 1385 1597 1439 ultra
1636 1394 1697 1440 ut
1744 1387 1899 1441 bibas
1928 1387 2118 1441 illum:
2159 1388 2222 1441 Et

644 1477 787 1530 dabo
828 1476 975 1530 illum
1026 1477 1078 1530 in
1129 1493 1322 1531 manus
1349 1493 1535 1532 eorum
1573 1479 1664 1548 qui
1708 1489 1759 1533 te
1790 1479 2050 1549 injustitia
2095 1478 2222 1534 aife-

643 1578 841 1623 cerunt
881 1584 944 1623 ac
991 1569 1399 1638 depresserunt.
1443 1570 1716 1639 Exsurge,
1762 1587 2015 1642 exsurge,
2061 1571 2223 1625 indue

643 1661 1050 1726 fortitudinem,
1101 1662 1266 1716 indue
1311 1661 1534 1729 gloriam
1571 1672 1738 1716 tuam.
1785 1661 1992 1716 Excute
2033 1663 2222 1733 pulve-

644 1769 760 1808 rem
802 1768 855 1809 et
897 1771 1076 1826 surge.
1125 1755 1300 1819 Sede,
1357 1755 1503 1808 solve
1555 1754 1838 1807 vinculum
1879 1755 2000 1809 colli
2047 1755 2122 1809 tui
2150 1755 2216 1810 "‘.

1358 330 1630 390 EUSEBH
1667 330 2156 389 σίΕΞΑῙὶῘΕΝειὸ
2181 330 2346 391 ⁸01³1⁵.
2389 331 2573 390 PARS
2609 332 2654 388 1.
2693 361 2765 376 ——
2801 331 3202 390 HISTORICA.

1079 451 1291 507 Modico
1360 461 1603 524 tempore
1669 453 1931 526 dereliqui
1999 465 2092 522 te;
2179 467 2220 511 el

2337 453 2669 510 ὲδιδάσκετο.
2701 452 2895 527 Θαῦμα
2926 456 3024 526 μὲν
3053 451 3147 509 οὖν
3177 455 3432 528 μέγιστον
3463 455 3630 512 τοῦτο
3663 458 3762 512 καὶ
3792 459 3941 532 πέρα

3830 341 3938 397 ΒἹΞ

2329 548 2509 618 πάσης
2559 547 2906 620 ἐκπλήξεως,
2955 549 3193 620 μάλιστα
3241 553 3354 616 τοῖς
3402 552 3494 605 ἐπὶ
3528 550 3675 624 μόνῃ
3717 555 3786 624 τῇ
3830 554 3943 607 τῶν

2329 643 2530 710 ἔξωθεν
2569 644 2842 716 φαντασίᾳ
2867 644 2959 698 τὸν
2992 645 3118 699 νοῦν
3157 645 3576 718 προσανέχουσι.
3620 645 3942 718 Θαυμάτων

2315 735 2385 788 ’δὲ
2428 735 2855 808 θαυμασιώτερα
2895 738 2967 792 τά
3007 755 3067 791 τε
3117 737 3431 811 ἀρχέτυπα,
3475 740 3572 793 καὶ
3619 738 3841 793 τούτων
3874 742 3944 795 τὰ

2328 829 2662 900 πρωτότυπα
2690 829 2859 901 νοητά
2886 829 2979 883 καὶ
3009 829 3288 901 θεοπρεπῆ
3330 831 3768 904 παραδείγματα
3787 873 3803 899 ,
3840 834 3943 906 τῆς

2327 920 2512 973 ἐνθέου
2557 921 2701 990 φημὶ
2747 921 2843 974 καὶ
2882 920 3109 994 λογικῆς
3135 924 3192 974 ὲν
3220 923 3419 994 ψυχαῖς
3451 924 3756 998 οἰκοδομῆς
3801 928 3941 980 ἀνα-

2319 1009 2612 1082 νεώματα·
2646 1013 2713 1083 ἢν
2745 1011 2909 1076 αὐτὸς
2945 1012 2975 1063 ὁ
3002 1013 3236 1079 Θεόπαις
3271 1018 3390 1069 κατ’
3425 1016 3615 1071 είκόνα
3642 1016 3748 1089 τὴν
3773 1018 3940 1084 αὐτὸς

2326 1099 2493 1156 αὒτοῦ
2537 1102 2988 1174 δημιουργήσας,
3023 1105 3198 1176 πάντη
3232 1122 3292 1157 τε
3333 1105 3427 1159 καὶ
3455 1106 3602 1160 κατά
3651 1106 3842 1160 πάντα
3878 1108 3940 1162 τὸ

2327 1191 2625 1244 θεοείκελον
2651 1191 2856 1264 δεδωρη
2867 1193 3046 1263 μένος,
3083 1193 3362 1266 ἄφθαρτον
3393 1195 3578 1265 φύσιν,
3609 1197 3938 1269 ἀσώματον,

2325 1283 2571 1355 λογικὴν,
2607 1285 2788 1356 πάσης
2821 1283 3058 1352 γεώδους
3093 1285 3225 1358 ὕλης
3251 1286 3560 1360 ἀλλοτρίαν,
3594 1289 3940 1364 αὑτονοεράν

2325 1380 2514 1433 οὐσίαν
2543 1380 2655 1450 (52)
2676 1421 2691 1445 ,
2724 1379 2872 1445 ἅπαξ
2896 1380 2956 1434 τὸ
2990 1380 3208 1452 πρῶτον
3236 1383 3301 1435 ἐκ
3331 1382 3426 1435 τοῦ
3464 1383 3538 1455 μὴ
3572 1383 3736 1447 ὖντος
3767 1387 3846 1449 εἰς
3876 1385 3939 1439 τὸ

2325 1468 2464 1527 εἶναι
2504 1474 2934 1544 συστησάμενος,
2960 1472 3179 1546 νύμφην
3214 1475 3411 1544 ἁγίαν,
3442 1477 3536 1528 καὶ
3563 1475 3711 1530 νεὼν
3743 1477 3936 1531 πανίε-

2325 1582 2446 1637 ρον,
2494 1564 2673 1636 ἑαυτῷ
2706 1583 2764 1618 τε
2800 1566 2894 1618 καὶ
2935 1565 3014 1637 τῷ
3041 1567 3213 1636 Πατρὶ
3259 1569 3694 1639 κατειργάσατο.
3735 1572 3804 1623 ⁸0
3843 1570 3935 1624 καὶ

2325 1655 2515 1725 σαφῶς
2536 1657 2700 1721 αὐτὸς
2722 1657 2998 1728 ὁμολογῶν
3024 1659 3304 1727 ἐκφαίνει,
3330 1659 3506 1730 λέγων
3531 1676 3545 1690 ·
3583 1679 3602 1712 ι
3629 1661 3934 1733 Ἐνοικήσω

2326 1751 2384 1802 ἐν
2414 1750 2597 1813 αὐτοῖς
2614 1751 2714 1804 καὶ
2737 1752 3196 1823 ὲμπεριπατήσω,
3223 1753 3317 1805 καὶ
3339 1752 3534 1824 ἔσομαι
3561 1754 3756 1831 αὐτῶν
3778 1754 3930 1820 Θεὸς,

641 1849 848 1903 Attolle
879 1851 1303 1918 circumquaque
1333 1849 1519 1904 oculos
1565 1860 1707 1912 tuos,
1739 1859 1794 1904 et
1822 1850 1942 1904 vide
1983 1865 2219 1919 congre-

2331 1840 2426 1894 καὶ
2460 1839 2613 1894 αὐτοὶ
2659 1814 3008 1911 ἔσονταίμοι
3054 1814 3199 1904 λαόςζ
3230 1859 3248 1891 ι
3301 1842 3412 1894 Καὶ
3438 1814 3714 1916 ’τοιαύτη
3746 1843 3845 1916 μὲν

639 1949 800 2010 gatos
848 1941 988 1995 iilios
1042 1951 1180 1994 tuos.
1227 1940 1366 1993 Ecce
1415 1941 1730 2010 congregati
1785 1950 1910 1996 sunt
1953 1950 2008 1996 et
2056 1956 2212 1996 vene-

642 2043 772 2086 runt
810 2033 875 2085 ad
917 2044 988 2087 te.
1027 2031 1165 2086 Vivo
1200 2047 1320 2103 ego,
1364 2033 1495 2086 dicit
1536 2032 1830 2086 Dominus:
1876 2033 2000 2102 quia
2045 2036 2222 2088 omni-

645 2130 747 2180 bus
787 2125 872 2179 his
917 2125 1063 2178 velut
1095 2134 1418 2180 ornamento
1461 2124 1732 2185 vestieris,
1773 2135 1823 2178 et
1852 2126 2222 2183 circumdahis

645 2219 742 2271 tibi
778 2234 872 2271 eos
915 2218 1070 2286 quasi
1122 2227 1381 2272 ornatum
1419 2233 1636 2288 sponsa.
1681 2217 1824 2286 Quia
1868 2220 2083 2274 deserta
2133 2230 2220 2274 tua

643 2321 696 2363 et
745 2325 870 2378 qua:
910 2319 1166 2378 corrupta
1197 2321 1352 2364 erant
1384 2325 1447 2365 ac
1490 2311 1765 2380 prolapsa,
1809 2327 1954 2365 nunc
1991 2323 2220 2382 angusta

644 2415 806 2455 erunt
839 2402 1033 2456 incolis
1061 2404 1204 2472 luis;
1251 2414 1304 2457 et
1338 2401 1496 2472 longe
1533 2402 1662 2456 ﬁent
1707 2405 1804 2457 abs
1841 2413 1892 2457 te
1925 2404 2015 2472 qui
2061 2403 2223 2458 devo-

641 2497 844 2552 l'ahant
875 2506 947 2550 te.
996 2498 1185 2551 Dicent
1225 2497 1370 2552 enim
1401 2497 1456 2550 in
1494 2511 1655 2550 aures
1693 2478 1813 2550 tuas
1846 2497 1942 2550 ﬁlii
1975 2497 2048 2550 tui
2085 2512 2219 2566 quos

643 2589 972 2656 perdidisti:
1003 2592 1279 2658 Angustus
1327 2599 1409 2643 est
1451 2589 1582 2642 mihi
1636 2590 1820 2655 locus;
1871 2591 2034 2645 facito
2087 2591 2219 2645 mihi

645 2680 822 2736 locum
857 2691 918 2734 ut
963 2680 1288 2735 inhabilem.
1336 2683 1402 2736 Et
1450 2681 1596 2736 dices
1640 2681 1693 2736 in
1728 2684 1893 2738 corde
1925 2692 2048 2736 too:
2086 2683 2222 2750 Quis

642 2769 777 2826 Istos
827 2771 1014 2838 genuit
1056 2770 1227 2825 mihi?
1269 2771 1378 2840 Ego
1421 2772 1553 2826 orba
1586 2780 1639 2826 et
1671 2773 1854 2839 vidua.
1901 2773 2009 2829 llos
2044 2785 2222 2830 autem

640 2865 768 2934 quis
809 2863 1066 2917 educavit
1101 2862 1278 2916 mihi?
1329 2863 1438 2926 Ego
1481 2864 1737 2918 derelicta
1787 2881 1904 2919 sum
1958 2867 2104 2920 sola:
2155 2865 2220 2922 Hi

644 2971 777 3008 vero
825 2957 1049 3009 ubinam
1093 2964 1256 3008 erant
1298 2954 1475 3008 mihi?
1511 2973 1528 3005 ι
1583 2954 1707 3010 "me
1758 2955 1924 3012 Isaias
1963 2958 2223 3013 vaticina-

643 3055 731 3101 tus
763 3047 936 3102 est":
977 3047 1090 3101 hinc
1120 3047 1169 3100 in
1193 3047 1363 3101 sacris
1389 3046 1764 3103 Voluminibus
1780 3048 1846 3102 de
1877 3049 2032 3104 nobis
2055 3049 2224 3104 multo

643 3125 1120 3215 anteprrcscripta
1161 3149 1336 3194 erant.
1375 3138 1646 3194 Cintcrum
1693 3142 1982 3212 oportebat
2021 3151 2079 3195 ut
2122 3145 2221 3197 bo-

645 3249 769 3288 rum
820 3234 1110 3287 verborum
1163 3233 1450 3286 veritatem
1505 3233 1669 3287 rebus
1728 3234 1858 3304 ipsis
1901 3235 2220 3304 completam

645 3325 866 3377 tandem
899 3323 1297 3392 acciperemus.
1330 3322 1601 3387 Quoniam
1631 3323 1796 3392 igitur
1824 3340 2054 3394 sponsus
2085 3325 2222 3380 Ver-

644 3416 774 3471 bum
811 3416 903 3470 Dei
946 3418 1058 3470 haec
1089 3428 1304 3484 sponsa:
1335 3431 1468 3479 suae,
1496 3427 1860 3473 sacrosancta:
1885 3418 2094 3473 scilicet
2124 3420 2225 3474 Ec-

645 3509 850 3571 clesiae,
903 3507 1224 3578 proiocutus
1267 3512 1464 3575 fuerat,
1502 3517 1650 3562 recte
1690 3519 1857 3579 atque
1902 3510 2091 3566 ordine
2124 3527 2223 3566 no-

644 3609 760 3654 ster
810 3602 910 3654 iste
967 3615 1180 3670 sponsae
1225 3600 1493 3664 vestitor,
1541 3600 1682 3654 hanc
1732 3603 1999 3654 desertam
2038 3611 2091 3656 et
2129 3617 2223 3655 va-

644 3706 831 3755 enam,
869 3702 923 3746 et
964 3701 1217 3762 tanquam
1256 3693 1491 3746 cadaver
1526 3691 1674 3746 humi
1713 3694 2009 3760 jacentem,
2049 3695 2222 3749 omni-

640 3799 752 3854 que
792 3784 1030 3839 humana
1067 3799 1162 3851 spe
1194 3783 1534 3847 destitutam,
1569 3785 1946 3839 communibus
1980 3786 2220 3839 omnium

641 3885 888 3930 vestrum
952 3875 1236 3946 precibus,
1291 3890 1486 3930 manus
1539 3876 1586 3930 ci
1643 3885 1853 3931 vestras
1897 3876 2218 3946 porrigens,

643 3966 741 4021 Dei
778 3967 978 4021 summi
1028 3967 1268 4019 omnium
1305 3966 1465 4035 lic-gis
1495 3977 1654 4032 nutu,
1697 3976 1753 4020 et
1799 3969 2048 4036 praesenti
2095 3967 2220 4022 Jcsu

637 4058 849 4113 Christi
887 4057 1130 4127 potentia
1180 4058 1356 4112 erexit
1399 4067 1566 4128 atque
1597 4059 1876 4113 excitavit.
1918 4058 2220 4114 Excitatam

642 4165 777 4204 vero
811 4150 877 4202 ad
926 4165 1048 4202 eum
1084 4151 1302 4202 modum
1336 4150 1622 4204 constituit
1649 4165 1714 4204 ac
1745 4151 2032 4220 disposuit,
2060 4165 2220 4220 quem

636 4257 710 4295 ex
765 4258 1043 4296 sacrorum
1099 4241 1446 4295 oraculorum
1511 4241 1882 4311 descriptione
1933 4243 2218 4297 didicerat.

641 4333 744 4387 Est
793 4331 1008 4400 quidem
1055 4331 1157 4384 hoc
1207 4346 1340 4400 opus
1381 4329 1728 4399 miraculum,
1767 4343 1820 4387 et
1857 4334 2002 4388 omni
2049 4333 2223 4387 admi-

642 4425 860 4478 ratione
898 4421 1092 4488 majus,
1141 4421 1206 4476 iis
1233 4423 1537 4492 praesertim
1569 4423 1659 4492 qui
1703 4425 1770 4477 ad
1812 4425 1982 4479 solam
2036 4440 2219 4480 rerum

2245 3182 2294 3240 C

2329 1932 2510 1986 τελεία
2543 1933 2637 1986 καὶ
2667 1932 3053 2005 κεκαθαρμένη
3089 1933 3233 2005 ψυχὴ
3254 1973 3268 1996 ,
3317 1934 3558 2006 ἀρχῆθεν
3593 1934 3746 1989 οὕτω
3775 1952 3930 2005 γεγε-

2331 2026 2535 2097 νημένη
2562 2065 2578 2090 ,
2636 2026 2722 2080 οἶα
2772 2027 2864 2080 τὸν
2914 2026 3165 2099 οὐράνιον
3212 2028 3368 2096 λόγον
3419 2027 3926 2100 ἀγαλματοφορεῖν.

2344 2118 2503 2172 Ἀλλά
2538 2117 2647 2190 γὰρ
2680 2118 2858 2190 φθόνῳ
2885 2118 2982 2172 καὶ
3017 2118 3163 2192 ζήλῳ
3203 2119 3298 2173 τοῦ
3331 2119 3704 2192 φιλοπονήρου
3734 2122 3925 2193 δαίμο-

2327 2232 2439 2278 νος,
2470 2213 2772 2287 φιλοπαθὴς
2793 2215 2887 2267 καὶ
2909 2213 3268 2284 φιλοπόνηρος
3303 2212 3362 2280 ἐξ
3387 2213 3748 2280 αὒτεξουσίου
3777 2214 3924 2286 αίρέ·

2331 2323 2469 2369 eam;
2505 2305 2769 2377 γενομένη
2790 2345 2804 2369 ,
2836 2305 3367 2376 ὑπαναχωρήσαντος
3409 2304 3586 2375 αὐτῆς
3617 2303 3716 2358 τοῦ
3747 2305 3920 2366 Θείου,

2329 2399 2408 2462 ώς
2432 2397 2498 2451 ἂν
2527 2396 2731 2469 ἕρημος
2755 2395 3081 2468 προστάτου,
3111 2394 3378 2458 εὐάλωτος
3400 2396 3492 2448 καὶ
3518 2397 3603 2459 είς
3626 2395 3921 2466 ἐπιϐουλὴν

2328 2489 2561 2562 εὐχερὴς
2577 2492 2687 2553 τοῖς
2705 2491 2769 2542 ἐκ
2792 2489 3002 2559 μακροῦ
3023 2486 3306 2556 διαφθονου
3313 2486 3492 2557 μένοις
3509 2486 3919 2558 ἀπελήλεγκται

2331 2582 2464 2652 (53),
2477 2583 2597 2645 ταῖς
2616 2599 2675 2634 τε
2695 2582 2802 2634 τῶν
2820 2580 3065 2650 ἀοράτων
3082 2577 3289 2651 ἐχθρῶν
3309 2579 3402 2632 καὶ
3418 2579 3628 2651 νοητῶν
3646 2580 3919 2650 πολεμίων

2327 2671 2606 2726 ἑλεπόλεσι
2635 2671 2730 2725 καὶ
2776 2673 3044 2742 μηχαναῖς
3077 2669 3500 2740 καταϐληθείσα.
3531 2669 3740 2742 πτῶμα
3776 2668 3918 2736 ἐξαίο

2333 2782 2446 2818 σιον
2479 2765 2933 2824 καταπέπτωκεν,
2964 2764 3044 2826 είς
3072 2763 3195 2816 ὅσον
3233 2762 3341 2815 οὐδ’
3365 2763 3458 2815 ἐπὶ
3490 2762 3630 2834 λίθῳ
3653 2761 3804 2815 λίθον
3821 2761 3917 2833 τῆς

2331 2858 2532 2929 ἀρετῆς
2558 2857 2769 2910 ἑστῶτα
2794 2857 2851 2922 ἐν
2877 2857 3014 2926 αὐτῇ
3041 2855 3333 2926 διαμεῖναι,
3369 2854 3497 2926 ὅλην
3516 2854 3579 2907 δὲ
3609 2853 3786 2907 διόλου
3817 2868 3916 2924 χα-

2327 2951 2434 3023 μαὶ
2466 2951 2678 3005 κεῖσθαι
2728 2949 2949 3022 νεκρὰν,
2979 2949 3086 3002 τῶν
3109 2950 3235 3020 περὶ
3260 2947 3675 3017 Θεοῦςφυσικῶν
3697 2944 3915 3000 ἐννοιῶν

2332 3044 2563 3115 πάμπαν
2583 3044 2858 3114 ἀπεστερη
2869 3041 3055 3111 μένην.
3079 3040 3437 3092 11επτωκυῖαν
3461 3037 3530 3110 δὴ
3555 3037 3763 3108 ταύτην
3787 3035 3915 3090 ἐκείρ

2331 3152 2428 3207 νην
2457 3135 2555 3208 τὴν
2587 3136 2708 3188 κατ’
2738 3133 2920 3187 εἰκόνα
2945 3131 3078 3186 Θεοῦ
3117 3132 3681 3197 κατασκευασθεῖσαν,
3716 3131 3912 3202 ἐλυμή-

2326 3245 2454 3282 νατο
2481 3230 2580 3299 οὐχ
2606 3220 2670 3292 ’ὗς
2697 3220 2850 3290 οὗτος
2874 3227 2902 3280 ό
2931 3227 2994 3278 ὲκ
3020 3225 3227 3298 δρυμοῦ
3257 3224 3349 3277 τοῦ
3377 3226 3504 3296 παρ’
3529 3225 3666 3295 ἡμῖν
3693 3223 3910 3296 ὁρατοῦ,

2322 3318 2462 3372 ἀλλά
2496 3336 2579 3382 τις
2608 3318 2930 3389 φθοροποιὺς
2955 3317 3193 3388 δαίμων,
3239 3315 3333 3368 καὶ
3372 3314 3542 3385 θῆρες
3571 3316 3755 3388 ἄγριοι
3794 3331 3909 3384 νοη-

2324 3411 2406 3464 τοί
2432 3427 2445 3443 ο
2491 3408 2539 3463 οἳ
2577 3410 2674 3464 καὶ
2705 3413 2818 3473 τοῖς
2861 3409 3088 3463 πάθεσιν
3127 3402 3214 3461 οἷα
3258 3409 3785 3479 πεπυρακτωμένοις
3813 3405 3910 3475 τῆς

2326 3503 2475 3572 σφῶν
2504 3503 2702 3566 κακίας
2731 3502 2941 3574 βέλεσιν
2965 3501 3076 3570 (54)
3103 3501 3272 3572 αὐτὴν
3297 3501 3696 3571 ἐξυφάψαντες.
3722 3499 3909 3554 ἐνεπύ-

2327 3612 2483 3667 ρισαν
2526 3597 2583 3648 ὲν
2628 3595 2763 3665 πυρὶ
2795 3594 2856 3648 τὸ
2883 3595 3024 3647 θεῖον
3052 3593 3219 3656 ὅντως
3246 3594 3606 3666 ἀγιαστήριον
3632 3594 3727 3648 τοῦ
3753 3591 3907 3655 Θεοῦ,

2325 3691 2406 3752 είς
2432 3687 2530 3758 τὴν
2550 3688 2656 3759 γῆν
2682 3703 2740 3740 τε
2767 3687 3109 3758 ὲ6ε6ήλωσαν
3139 3686 3198 3739 τὸ
3227 3687 3491 3757 σκήνωμα
3521 3686 3621 3740 τοῦ
3653 3686 3905 3757 ὀνόματος

2325 3779 2515 3833 αὐτοῦ’
2552 3775 2670 3832 εἶτα
2705 3779 2883 3850 πολλῷ
2911 3779 2989 3850 τῷ
3016 3778 3372 3851 προσχώματι
3414 3779 3513 3850 τῆν
3557 3779 3748 3832 ἀθλίαν
3781 3793 3903 3831 κατ·

2320 3871 2643 3944 ορύξαντες,
2669 3875 2747 3937 είς
2778 3871 3095 3926 ἀνέλπιστον
3125 3871 3304 3941 πάσης
3333 3871 3700 3944 περιέτρεψαν
3734 3885 3902 3938 σωτη·

2326 3965 2465 4037 ρίας.
2508 3964 2645 4018 Ἀλλ’
2679 3966 2771 4034 ὂγε
2801 3962 3051 4034 κηδεμὼν
3085 3964 3256 4035 αὐτῆς
3286 3965 3489 4034 Λόγος,
3532 3968 3564 4019 ό
3607 3961 3899 4035 θεοφεγγὴς

2321 4057 2420 4111 καλ⁸
2450 4057 2736 4128 σωτήριος,
2767 4057 2865 4127 τὴν
2896 4055 3015 4109 κατ’
3050 4056 3208 4122 ἀξίαν
3252 4057 3408 4129 δίκην
3438 4058 3548 4111 τῶν
3575 4055 3897 4130 ἁμαρτημά-

2322 4165 2432 4203 των
2462 4149 2824 4218 ὐποσχοῦσαν,
2860 4145 3014 4212 αὖθις
3047 4148 3361 4222 ὲξυπαρχῆς
3392 4150 3755 4224 ἀνελάμϐανε,
3791 4148 3896 4200 Πα-

2323 4240 2451 4311 τρδς
2483 4239 2796 4309 παναγάθου
2828 4239 3204 4312 φιλανθρωπίᾳ
3249 4241 3590 4313 πειθόμενος.
3633 4239 3806 4301 Δύτάς
3832 4237 3892 4306 δὴ

2322 4328 2414 4386 οὖν
2448 4332 2667 4405 πρώτας
2713 4333 2810 4396 τὰς
2845 4333 2954 4386 τῶν
2998 4334 3256 4388 ἀνωτάτω
3291 4334 3684 4404 βασιλευόντων
3723 4330 3890 4403 ψυχὰς

2325 4425 2715 4496 προελόμενος,
2759 4425 2868 4479 τῶν
2911 4427 3007 4497 μὲν
3045 4426 3320 4481 δυσσεὸῶν
3348 4431 3441 4482 καὶ
3474 4429 3729 4501 ὀλεθρίων
3762 4423 3890 4478 πάνθ

645 4517 976 4570 exteriorum
1025 4513 1260 4583 speciem
1298 4515 1605 4568 attendunt.
1648 4514 1914 4570 Omnibus
1953 4531 2082 4571 vero
2112 4517 2218 4572 mi-

2326 4532 2430 4568 των
2455 4556 2470 4579 ,
2501 4515 2680 4568 αὐτῶν
2709 4533 2768 4568 τε
2800 4515 2908 4569 τῶν
2938 4517 3125 4570 δεινῶν
3161 4518 3254 4571 καὶ
3288 4518 3558 4590 θεομισῶν
3601 4517 3885 4589 τυράννων,

647 4609 849 4663 raculis
890 4606 1219 4662 mirabiliora
1257 4607 1423 4680 384
1465 4617 1591 4662 sunt
1634 4610 1965 4680 archetypa,
2005 4618 2058 4664 et
2100 4610 2216 4680 pri-

647 4702 852 4755 initivse
893 4716 1077 4755 eorum
1130 4701 1431 4772 imagines,
1474 4701 1741 4772 spiritalia
1791 4701 2010 4770 Deoqne
2057 4701 2217 4772 digna

2323 4608 2423 4678 τὴν
2448 4608 2770 4680 οίκουμὲνην
2802 4609 3016 4663 ἃπασαν
3045 4610 3111 4661 δι’
3137 4610 3314 4664 αὐτῶν
3343 4612 3452 4665 τῶν
3475 4608 3886 4682 θεοφιλεστάτων

2327 4700 2664 4773 ὲκαθήρατο,
2707 4697 2826 4755 εἶτα
2869 4701 2925 4756 δὲ
2971 4704 3097 4766 τοὺς
3140 4702 3288 4773 αὐτῷ
3331 4703 3636 4776 γνωρίμους
3676 4701 3882 4770 ἄνδρας»

716 4843 762 4872 ⁸³
798 4841 899 4894 lsa.
935 4857 1044 4906 LIV,
1084 4841 1200 4898 4—8.
1276 4842 1322 4877 ⁸⁸
1353 4843 1457 4897 lsa.
1495 4859 1569 4908 ιι,
1607 4842 1813 4913 17-23;
1839 4860 1948 4912 ιιι,
1990 4845 2108 4900 1ο2.
2177 4845 2220 4878 ⁸⁸

2326 4860 2361 4900 ι.
2389 4860 2536 4909 xux,
2567 4844 2750 4901 18ιὲ1.

717 4975 848 5046 (⁸5ίῆ
867 4976 1244 5046 Αὑτονοερὰν
1270 4979 1508 5034 οὐσίαν.
1544 4978 1636 5034 Sic
1659 4978 1891 5034 animam
1925 4980 2216 5036 humanam

646 5057 803 5119 vocat
833 5045 1294 5119 Eusebius,un
1333 5053 1403 5103 sit
1437 5065 1532 5119 per
1557 5066 1615 5104 se
1655 5059 1710 5103 et
1737 5060 1929 5104 natura
1985 5067 2079 5106 sua
2135 5053 2220 5106 in-

648 5117 913 5192 telligens.
978 5116 1450 5192 Sic‘philosophi'
1495 5120 1715 5192 νοερὰςν
1758 5120 1946 5185 οὐσίας
2023 5131 2218 5176 vocant

651 5187 979 5239 substantias
1001 5188 1316 5261 “spiritalem,
1345 5187 1478 5257 quas
1513 5187 1670 5260 vuigo
1690 5191 2094 5261 intelligentias
2124 5209 2216 5245 vo-

652 5273 854 5310 ramus.
887 5261 954 5309 At.
993 5257 1517 5331 Christopborsnuus
1544 5257 1734 5328 νοέράν
1803 5257 1942 5315 idem
2009 5263 2216 5331 putavit;

653 5343 766 5380 esse
803 5342 867 5380 ac
925 5329 1153 5398 νοητήν,
1212 5332 1357 5396 gravi
1416 5345 1626 5384 errore.
1682 5332 1770 5385 Sic
1810 5334 1952 5385 enim
2010 5329 2213 5386 vertit:

656 5417 671 5445 ι
705 5400 1071 5472 substantiam
1101 5400 1210 5472 sola
1251 5399 1848 5472 mentisintelligentia:
1871 5404 2140 5472 cognitam
2166 5405 2214 5457 ei

652 5468 1118 5544 ri_i|ittc|is.intqiii
1145 5484 1394 5544 maguum
1416 5468 1709 5544 discrimen
1741 5468 1987 5544 estinter
2003 5473 2213 5544 νοητόν,

651 5540 699 5611 id
737 5540 1230 5611 t-sl,_iutclligibile.
1256 5550 1308 5611 et
1329 5540 1682 5611 vospdvulnod
1713 5551 1794 5595 est
1826 5540 2210 5596 intellecuiale.

651 5608 783 5659 Nam
812 5609 1077 5678 ilhinuera
1101 5665 1106 5672 ,
1130 5609 1279 5662 verbi
1313 5608 1509 5678 gratia,
1550 5621 1602 5663 et
1636 5612 1940 5678 bujusmodi
2001 5615 2214 5668 intelle-

650 5688 766 5753 ctus
797 5677 1069 5744 ilgtucnla,
1107 5679 1285 5753 νοητά.Δ
1318 5677 1802 5753 ξυμμεεαγνοερά
1851 5698 2210 5751 nequaquam.

651 5745 848 5820 Eadem
876 5763 977 5801 vox
1009 5745 1250 5804 occurrit
1277 5751 1438 5804 inira.
1468 5745 1756 5806 Nebridius
1797 5753 1848 5806 in
1888 5745 2115 5820 epistola
2145 5755 2208 5809 71

651 5818 717 5868 ad
769 5816 1126 5883 Augustinum
1199 5832 1486 5890 utrumque
1560 5821 1762 5891 optime
1831 5816 2082 5876 distinxit
2131 5825 2214 5878 bis

2325 4985 2529 5040 verbis.
2577 4985 2963 5056 Potestﬂenim
3010 4985 3458 5056 quemadmodum
3513 4976 3878 5056 intellectualis

2327 5057 2539 5110 animus
2567 5055 2632 5109 ad
2668 5052 3040 5125 intelligibilia'
3058 5055 3166 5112 sua
3188 5058 3412 5112 videnda
3448 5073 3479 5112 a
3511 5073 3670 5113 sensu
3699 5052 3876 5107 admo-

2325 5137 2507 5198 netur,
2533 5138 2639 5180 etc.
3330 5195 3339 5198 Α
3681 5193 3730 5198 __
3824 5187 3834 5198 ,

2395 5196 3090 5268 (55)--Διαφθονουμένοις
3149 5195 3610 5268 ἀπελήλεγκται.
3677 5193 3870 5268 sicin

2325 5254 3041 5342 codil.'Mcdie:cobet-May
3065 5254 3340 5342 'scribitur‘
3376 5254 3472 5337 pro
3506 5269 3648 5337 vulg.
3687 5254 3870 5342 ἀπολέο

2322 5337 2556 5411 λειπται.
2595 5337 2744 5402 Quod
2779 5337 2915 5411 ltob.
2971 5339 3279 5411 Stephanus
3319 5332 3692 5411 aduolaret-vat.
3723 5332 3870 5411 Eas"-

2316 5410 2435 5529 delm
2471 5399 2685 5477 quoque
2723 5410 3050 5479 scripturam
3073 5399 3260 5464 'babct
3287 5413 3461 5464 codex
3508 5401 3642 5462 Fuk.
3673 5413 3724 5457 et
3775 5399 3868 5450 Sa-

2316 5491 2365 5529 \‘I
2397 5516 2409 5528 .

2316 5491 2409 5530 \‘ll.

2385 5547 2495 5619 (54)
2513 5549 3146 5619 Πεπυρακτωμένοις...
3168 5549 3441 5614 βέλεσιν.
3469 5545 3710 5619 lntelligit
3738 5531 3864 5619 mal:

2315 5614 2503 5682 Icelos,
2538 5631 2590 5671 et
2620 5614 2923 5687 hujnsmodi
2983 5614 3314 5674 incendiaria
3372 5621 3495 5684 tela,
3534 5628 3589 5671 ut
3642 5614 3864 5687 loqttilﬂlf

2314 5691 2351 5740 A
2365 5671 2521 5759 inut
2541 5671 3138 5744 Μιιι-ςδιιίιιιιςξ-Λίιιίιίίίί
3155 5671 3159 5672 7
3179 5671 3358 5744 tein
3514 5689 3680 5759 locum
3712 5671 3860 5759 ἰξξιιιίξ

2316 5757 2568 5824 apostoli,
2611 5759 2700 5826 qui
2731 5761 2948 5815 Satanze
3004 5761 3189 5816 tribuit
3232 5761 3339 5816 tela
3386 5757 3626 5817 ardentia
3677 5747 3861 5820 quibus

2315 5829 2559 5884 homines
2584 5839 2878 5898 Oppugnat.
