2066 3203
128 154 196 181 $277

655 150 831 180 lltSTOleE
851 148 1135 179 ECCLESIASTICA-I
1155 148 1221 176 un.
1243 137 1282 176 x.‘

1724 148 1779 176 878

131 210 284 246 ριζόμεναι
299 198 433 244 γλῶσσαί
443 198 509 236 ιδσεί
526 211 614 246 πυρός
625 219 633 226 ·
651 211 764 238 ἐκάθισέ
778 220 808 238 τε
825 211 869 246 ἐφ’
886 210 935 239 ἕνα

987 214 1109 238 vestrum
1127 213 1343 244 coagmentatis;
1362 211 1393 236 ιιι
1409 207 1468 236 suis
1481 199 1554 244 ergo
1577 215 1625 236 vos
1648 208 1777 244 operibus

128 256 257 283 ἕκαστον
279 255 379 282 αὐτῶν.
405 255 474 282 Ἀλλ’
495 257 525 282 ὲν
548 256 596 291 μὲν
623 256 662 292 τῷ
683 257 792 284 πάντων
812 257 932 293 ἄρχοντι,

130 302 208 334 ἴσως
224 301 303 333 αὐτὸς
319 301 378 333 ὅλος
393 301 543 337 ἐγκάθηται
559 302 687 337 Χριστὸς,
702 303 731 329 ἐν
752 302 780 329 δὲ
802 304 859 335 τοῖς
876 303 934 338 μετ’

129 349 223 376 αὐτὸν
246 348 450 383 δευτερεύουσιν
473 347 528 383 (46)
541 368 549 379 ,
570 348 710 383 ἀναλόγως
736 348 850 376 καθόσον
870 349 936 376 ἕκα-

132 403 205 427 στος
220 396 304 430 χωρεῖ
318 394 438 430 Χριστοῦ
455 394 597 429 δυνάμεως
619 394 666 421 καὶ
683 394 842 429 Πνεύματος
855 395 933 430 ἁγίου

134 440 305 476 μερισμούς.
324 439 417 475 Βάθρα
432 440 454 466 δ’
465 439 498 466 ἂν
512 437 567 466 εἶεν
580 440 627 466 καὶ
641 439 774 474 ἀγγέλων,
790 440 838 467 καὶ
850 441 878 466 αἱ
894 448 935 467 τι-

131 486 194 514 νῶν
209 486 304 521 ψυχαὶ,
326 485 380 512 τῶν
400 487 440 517 εἰς
460 485 650 520 παιδαγωγίαν
671 486 717 512 καὶ
731 486 851 522 φρουρὰν
869 486 933 513 ἐκά-

134 541 198 569 στῳ
213 532 449 568 παραδεδομένων.
470 532 572 567 Σεμνὺν
588 531 618 558 δὲ
635 532 682 558 καὶ
706 532 777 567 μέγα
794 532 841 559 καὶ
858 541 935 568 μονο-

132 580 219 613 γενὲς
233 578 443 614 θυσιαστήριον,
463 579 538 604 ποῖον
560 578 593 604 ἂν
615 578 658 613 εἴη
681 578 697 614 ἣ
716 579 766 613 τῆς
779 578 826 605 τοῦ
844 578 933 606 κοινοῦ

133 625 252 652 πάντων
276 625 370 661 ἱερέως
390 624 440 659 τῆς
460 623 551 659 ψυχῆς
573 623 604 650 τὸ
620 624 764 659 εἰλικρινὲς
786 624 832 651 καὶ
849 625 934 659 ἁγίων

137 671 257 704 Ἀγιον;
273 667 296 704 ᾧ
323 669 468 705 παρεστὼς
485 670 532 696 ἐπὶ
552 669 626 704 δεξιᾷ
649 671 663 696 ὁ
685 670 771 705 μέγας
791 670 845 697 τῶν
865 671 934 697 ὅλων

134 716 288 752 ἀρχιερεὺς
303 715 383 747 αὐτὸς
406 714 511 751 Ἰησοῦς
534 716 548 742 ὁ
562 715 717 750 Μονογενὴς
739 715 785 741 τοῦ
800 715 867 742 Θεοῦ
879 736 886 747 ,
904 715 934 742 τὸ

134 760 218 796 παρὰ
240 760 348 787 πάντων
369 759 469 792 εὐῶδες
493 759 629 795 θυμίαμα,
655 759 768 791 καὶτὰς
791 760 826 786 δι’
846 760 934 795 εὐχῶν

133 806 273 842 ἀναίμους
297 806 344 832 καὶ
365 805 463 837 ἀΰλους
481 805 586 837 θυσίας,
610 805 715 841 φαιδρῷ
736 805 776 841 τῷ
798 805 934 841 βλέμματι

134 853 188 879 καὶ
213 851 323 883 ὑπτίαις
347 851 544 887 ὑποδεχόμενος
568 852 656 887 χερσὶ,
677 851 716 887 τῷ
738 852 798 878 κατ’
819 851 934 888 οὐρανὸν

988 263 1096 284 sacram
1109 255 1199 282 denuo
1213 259 1239 282 et
1251 262 1380 282 arcanam
1392 255 1596 290 praedictionem
1609 255 1756 290 adimpleat
1766 275 1775 288 ,

986 310 1046 337 qua:
1065 302 1103 329 sic
1120 301 1220 328 habet:
1241 310 1251 326 ι
1269 300 1339 328 Ecce
1355 309 1404 336 ego
1416 308 1540 337 praeparo
1559 301 1607 328 tibi
1623 301 1777 329 carbuncu—

986 350 1043 377 lum
1064 348 1181 383 lapidem
1201 352 1286 379 tuum,
1305 352 1332 376 et
1353 348 1528 376 fundamenta
1544 353 1589 375 tua
1605 348 1776 383 sapphirum.

986 399 1013 422 el
1028 391 1232 429 propugnacula
1247 399 1291 421 tua
1306 394 1454 430 jaspidem,
1475 399 1502 421 et
1518 399 1610 429 portas
1630 399 1691 422 tuas
1708 394 1778 429 lapi-

986 441 1035 469 des
1053 440 1184 476 crystalli,
1206 446 1231 468 et
1254 449 1361 468 murum
1387 446 1462 468 tuum
1485 440 1589 476 lapidcs
1608 440 1726 468 electos:
1748 445 1777 468 et

986 494 1083 514 omnes
1099 486 1170 513 ﬁlios
1190 492 1252 514 tuos
1267 487 1363 514 doctos
1387 494 1402 514 a
1418 486 1485 519 Deo,
1509 492 1536 514 et
1553 486 1579 514 in
1603 486 1687 513 multa
1708 494 1777 521 pace

986 532 1056 560 ﬁlios
1079 538 1154 566 tuos;
1171 538 1199 561 et
1222 533 1250 560 in
1263 532 1370 567 justitia
1384 532 1565 561 aediﬁcaberis
1574 532 1657 559 ".«ln
1669 532 1776 567 justitia

986 578 1069 614 igitur
1088 579 1247 612 mdilicans,
1270 579 1353 607 totius
1370 579 1463 614 popull
1483 579 1557 606 vires
1578 586 1611 606 ac
1632 578 1777 606 facultates

985 631 1106 659 congrua
1125 623 1231 651 ratione
1258 623 1383 651 distinxit
1407 631 1415 656 ;
1446 622 1497 649 hos
1523 622 1633 658 quidem
1662 625 1777 653 exterio-

985 678 1015 698 re
1031 671 1166 699 duntaxat
1184 672 1298 705 cingens
1327 678 1417 704 muro,
1438 671 1465 698 id
1481 677 1523 699 est
1542 670 1619 698 ﬁrma
1637 671 1699 699 ﬁde.
1720 671 1777 699 Cu-

982 716 1028 752 jus
1042 718 1151 751 generis
1171 717 1277 744 inﬁnita
1292 722 1334 744 est
1352 717 1514 750 multitudo,
1529 724 1589 752 quae
1605 718 1777 752 praestantio-

986 769 1043 789 rem
1059 767 1226 790 structuram
1251 763 1324 790 ferre
1345 770 1399 790 non
1416 767 1519 798 potest.
1534 762 1589 789 lllis
1606 770 1672 790 vero
1686 762 1776 790 aditus

986 808 1013 836 in
1032 808 1164 844 templum
1181 808 1361 844 permittens;
1379 809 1412 836 ad
1427 814 1521 845 portas
1534 814 1609 837 stare
1624 813 1650 837 et
1670 809 1777 836 intran-

987 858 1028 881 tes
1048 854 1183 881 deducere
1204 861 1251 881 eos
1270 853 1362 888 jubet:
1392 853 1439 888 qui
1464 861 1518 881 non
1539 854 1660 881 absurde
1683 854 1775 889 templi

135 899 230 935 Πατρὶ
255 899 302 925 καὶ
324 897 383 933 Θεῷ
404 898 459 924 τῶν
485 898 553 924 ὅλων
577 897 803 932 παραπέμπεται,
827 897 934 932 πρῶτος

987 899 1127 927 vestibulis
1145 905 1349 934 comparantur.
1366 899 1442 927 Alios
1457 899 1552 934 primis
1564 900 1698 928 columnis
1716 908 1778 935 quas

136 946 223 978 αὐτὸς
238 943 407 981 προσκυνῶν,
423 944 471 971 καὶ
487 944 567 979 μόνος
585 943 623 979 τῷ
636 944 725 979 Πατρὶ
741 944 771 970 τὺ
784 945 843 970 κατ’
855 944 934 976 ἀξίαν

136 992 287 1028 ἀπονέμων
313 991 394 1023 σέϐας
407 1011 414 1023 ,
434 988 494 1018 εἶτα
518 990 547 1017 δὲ
567 990 614 1017 καὶ
638 991 720 1017 πᾶσιν
744 991 809 1026 ἡμῖν
831 991 933 1027 εὐμενῆ

137 1040 278 1078 διαμένειν
293 1038 339 1066 καὶ
350 1037 436 1071 δεξιὸν
451 1038 489 1068 εἰς
505 1037 549 1063 ἀεὶ
563 1036 789 1072 παραιτούμενος.
807 1036 933 1069 Τοιοῦτος

136 1088 153 1114 ὁ
173 1087 261 1122 μέγας
278 1084 355 1116 νεὼς,
370 1085 399 1111 ὃν
415 1084 474 1111 καθ’
486 1083 550 1120 ὅλης
563 1084 613 1119 τῆς
627 1084 672 1118 ὑφ’
683 1083 759 1119 ἥλιον
772 1083 933 1119 οἰκουμένης

137 1134 154 1160 ὁ
179 1133 267 1168 μέγας
287 1131 340 1158 τῶν
361 1130 430 1158 ὅλων
450 1129 617 1166 δημιουργὸς
633 1129 720 1163 Λόγος
740 1129 933 1164 συνεστήσατο,

137 1180 195 1207 τῶν
215 1178 342 1206 ἐπέκεινα
353 1177 484 1213 οὐρανίων
498 1176 599 1211 ἀψίδων
614 1176 694 1203 πάλιν
713 1176 760 1203 καὶ
771 1176 852 1208 αὐτὸς
872 1184 933 1203 νοε-

139 1226 195 1263 ρὰν
219 1225 320 1260 ταύτην
342 1224 389 1250 ἐπὶ
403 1223 455 1259 γῆς
471 1222 564 1249 εἰκόνα
581 1222 831 1258 κατεργασάμενος,
846 1222 884 1253 ὡς
900 1221 934 1248 ἂν

138 1272 186 1299 διὰ
213 1272 302 1306 πάσης
322 1271 372 1306 τῆς
393 1270 523 1301 κτίσεως,
546 1268 600 1295 τῶν
629 1276 659 1294 τε
682 1268 728 1295 ἐπὶ
744 1268 796 1304 γῆς
817 1267 934 1302 λογικῶν

139 1318 221 1351 ζώων
235 1319 249 1344 ό
264 1317 359 1352 Πατὴρ
375 1315 447 1351 αὐτῷ
463 1314 567 1350 τιμῷτό
585 1323 614 1341 τε
632 1315 678 1341 καὶ
695 1314 811 1341 σέϐοιτο.
837 1312 892 1341 Τὸν
905 1313 933 1339 δὲ

139 1364 338 1400 ὑπερουράνιον
359 1362 448 1397 χῶρον
470 1361 525 1397 (47)
550 1361 597 1387 καὶ
623 1361 658 1388 τὰ
687 1361 776 1387 ἐκεῖσε
798 1359 853 1386 τῶν
870 1359 933 1395 τῇδε

141 1408 373 1444 παραδείγματα,
392 1407 443 1442 τήν
466 1415 495 1433 τε
517 1406 572 1434 ἅνω
588 1405 736 1442 λεγομένην
757 1405 934 1441 Ἰερουσαλὴμ.

140 1456 190 1482 καὶ
202 1454 233 1481 τδ
246 1454 315 1481 Σιὼν
325 1453 387 1489 ὅρος
398 1453 428 1479 τὸ
440 1452 609 1488 ἐπουράνιον,
624 1453 671 1479 καὶ
687 1453 734 1488 τὴν
748 1453 934 1489 ὑπερκόσμιον

141 1501 221 1528 πόλιν
238 1499 284 1527 τοῦ
301 1499 402 1531 ζῶντος
413 1498 492 1531 Θεοῦ,
507 1499 535 1525 ἐν
587 1500 715 1535 μυριάδες
727 1499 850 1533 ἀγγέλων
865 1508 934 1525 παν-

140 1546 256 1583 ηγύρεις
279 1546 327 1573 καὶ
347 1546 495 1581 Ἐκκλησία
518 1546 698 1582 πρωτοτόκων
718 1544 935 1580 ἀπογεγραμμέ-

139 1603 196 1622 νων
213 1595 242 1620 ἐν
259 1593 400 1629 οὐρανοῖς,
423 1593 483 1624 ταῖς
505 1592 633 1628 ἀρρήτοις
654 1591 700 1618 καὶ
720 1591 935 1625 ἀνεπιλογίστοις

139 1642 210 1677 ἡμῖν
228 1639 388 1674 θεολογίαις,
409 1638 455 1665 τὸν
472 1638 547 1673 σφῶν
564 1638 679 1674 ποιητὴν
699 1638 744 1664 καὶ
760 1637 935 1673 πανηγεμόνα

139 1687 197 1713 τῶν
217 1685 285 1712 ὅλων
307 1684 496 1720 γεραίρουσιν,
524 1680 554 1710 οὗ
578 1683 619 1715 τίς
644 1682 739 1718 θνητὸς
758 1679 813 1713 οἷός
830 1691 858 1708 τε
876 1682 935 1708 κατ’

139 1733 222 1766 ἀξίαν
244 1732 377 1767 ὑμνῆσαι;
391 1731 424 1758 Ὃ
435 1740 461 1757 τι
476 1731 508 1766 δὴ
524 1729 662 1765 ὀφθαλμὸς
676 1729 726 1755 οὐκ
741 1727 806 1760 εἶδε,
822 1729 869 1754 καὶ
890 1726 936 1760 οὖς

140 1781 193 1807 οὐκ
216 1780 333 1815 ἤκουσε,
351 1778 400 1805 καὶ
418 1777 466 1804 ὲπὶ
481 1777 593 1813 καρδίαν
609 1775 754 1812 ἀνθρώπου
775 1775 825 1801 οὐκ
840 1774 935 1810 ἁνέῦη,

140 1827 214 1855 αὐτὰ
234 1826 267 1861 δὴ
287 1826 374 1852 ταῦτα.
394 1824 412 1851 ἃ
432 1824 580 1860 ἡτοίμασεν
599 1823 614 1850 ό
631 1822 697 1854 Θεὸς
717 1824 773 1854 τοῖς
794 1821 937 1855 ἀγαπῶσιν

141 1873 226 1900 αὐτόν
238 1881 245 1887 ⁸
263 1868 300 1899 ὧν
315 1872 366 1907 ἤδη
384 1872 413 1897 ὲν
437 1870 515 1907 μέρει
537 1868 751 1901 καταξιωθέντες
771 1867 865 1903 ἄνδρες
880 1866 937 1902 ἅμα

142 1919 223 1947 τ,αισὶ
237 1918 284 1946 καὶ
295 1917 413 1953 γυναιξὶ,
425 1916 517 1952 μικροὶ
528 1915 574 1942 καὶ
586 1915 710 1950 μεγάλοι,
722 1913 822 1945 πάντες
833 1912 938 1947 ἀθρόως

143 1967 174 1993 ὲν
186 1966 227 1992 ἑνὶ
241 1964 377 2001 πνεύματι
396 1964 443 1990 καὶ
467 1964 517 1999 μιᾷ
535 1962 607 1997 ψυχῇ
619 1981 626 1993 ,
656 1961 692 1997 μὴ
710 1959 877 1994 διαλίπωμεν
895 1958 939 1991 ἐξ-

143 2013 366 2048 ομολογούμενοι,
387 2011 434 2038 καὶ
450 2010 495 2037 τὸν
508 2009 562 2036 τῶν
578 2008 712 2035 τοσούτων
726 2008 792 2043 ἡμῖν
805 2006 858 2041 (48)
871 2006 938 2039 ἁγα-

145 2060 199 2087 θῶν
225 2058 370 2094 παραίτιον
394 2055 626 2092 ἀπλευφημοῦντες,
654 2054 722 2080 «τὸν
750 2050 939 2079 εὐῖλατεύοντα

146 2106 246 2137 πάσαις
260 2106 321 2136 ταῖς
342 2103 468 2139 ἀνομίαις
489 2102 578 2137 ἡμῶν,
593 2101 638 2127 τὸν
657 2100 771 2136 ἰώμενον
790 2098 878 2129 πάσας
889 2097 939 2128 τὰς

145 2152 239 2183 νόσους
254 2149 350 2186 ἡμῶν,
364 2149 409 2176 τὸν
426 2146 607 2183 λυτρούμενον
629 2146 661 2171 ἐκ
682 2144 783 2179 φθορᾶς
797 2142 846 2178 τὴν
867 2141 940 2176 ζωὴν

146 2198 233 2234 ἡμῶν,
244 2197 291 2224 τὸν
304 2194 487 2229 στεφανοῦντα
502 2193 576 2228 ἡμᾶς
591 2192 619 2218 ὲν
632 2190 702 2217 ὲλέει
716 2189 764 2216 καὶ
776 2188 938 2234 οἰκτιρμοῖς,

145 2244 189 2271 τὸν
197 2241 398 2279 ὲμπιμπλῶντα
407 2241 461 2275 (49)
469 2241 498 2267 ὲν
507 2238 619 2273 ἀγαθοῖς
631 2237 681 2273 τὴν
693 2235 840 2270 ἐπιθυμίαν
849 2233 936 2279 ’ὶμῷγῖ

146 2260 618 2279 ’δυνιμιει-μιιηυι--υ-χτνι.....ι-...υτ
637 2260 677 2273 ..μ
693 2260 836 2286 -..πεῖνηῂ
860 2260 875 2269 η
896 2278 902 2286 ’
955 2260 977 2287 D

146 2290 184 2317 δτι
201 2290 232 2316 οὐ
247 2288 319 2315 κατὰ
335 2286 384 2318 τὰς
401 2284 539 2321 ἁμαρτίας
552 2282 630 2318 ἡμῶν
644 2281 772 2316 ἐποίησεν
784 2280 862 2314 ὴμιν,
877 2276 938 2303 ουδὲ

147 2334 215 2362 κατὰ
230 2333 281 2365 τὰς
295 2332 411 2368 ἀνομίας
426 2330 506 2366 ἡμῶν
521 2326 711 2356 ἀνταπὲδωκεν
723 2326 788 2360 ἡμῖν
798 2332 805 2339 ·
823 2324 864 2350 ὅτι
875 2322 937 2349 καθ’

147 2382 205 2408 ὅσον
218 2380 365 2415 ἀπέχουσιν
379 2376 507 2405 ἀνατολαὶ
521 2374 575 2402 ἀπὸ
588 2372 708 2409 δυσμῶν,
725 2371 879 2406 ὲμάκρυνεν
889 2369 937 2404 ἀφ’

180 2439 201 2455 ’⁷
215 2440 268 2466 lsa.
281 2445 335 2470 ιμ’,
353 2435 447 2463 11-14.

182 2498 237 2535 (46)
258 2498 311 2526 Ἐν
333 2495 368 2535 δὲ
402 2495 465 2535 τρῖς
488 2494 564 2535 μετ’.
579 2491 673 2520 αὐτὸν
694 2488 934 2535 ξίῗῖῗεέῖῗύῖἶίίίὶίῖἒέ

147 2525 335 2570 Presb'ytEros
351 2525 497 2570 intelligit;
515 2529 565 2570 _qui
604 2526 759 2570 secundttnt
779 2525 934 2570 As-acerilpt-ii

147 2561 261 2606 gradum
280 2568 418 2606 obtinent.
436 2561 638 2606 Etépiscopuin
652 2561 935 2606 quidetktLaﬁzpresbz:

148 2594 342 2634 feros—ilironis
355 2594 486 2631 Ecclesia:
497 2594 642 2634 'couiparat
660 2594 676 2623 ’ς
702 2594 839 2622 subselliis
871 2601 934 2621 vero

145 2643 288 2670 diaconos.
509 2671 514 2672 γ
631 2668 643 2672 -
738 2665 765 2672 ...

366 2671 584 2711 ὐπερουρᾱνιον
604 2668 712 2711 χῷροη.

142 2702 301 2742 lectionem,
322 2709 368 2736 τόν
382 2717 413 2735 τε
422 2702 484 2735 ’ὐπξ
495 2716 534 2743 χ.)
559 2702 751 2743 corrigendum
765 2704 811 2743 est
826 2707 938 2743 prorsus

143 2736 301 2776 h‘éc‘éégzini
313 2736 512 2772 emendatione:
520 2736 666 2777 Postquam
677 2738 749 2766 enim
765 2736 898 2777 Eusebius
904 2736 937 2777 de

396 2769 498 2818 fabrica
510 2769 617 2805 abunde
626 2774 795 2818 loeutusesztz
801 2769 937 2818 materiali

143 2810 251 2846 scilicet
264 2825 296 2844 ac
307 2815 434 2850 spiritali.
446 2819 475 2841 et
491 2818 634 2850 utramque
653 2810 704 2837 sibi
723 2810 849 2850 invicen't
862 2813 936 2850 com-

164 2841 498 2883 ara'v'ii,Traitsittandem
515 2841 697 2883 adcél‘estem
723 2844 795 2883 illam
823 2841 937 2883 εἰει-ειεξι-

218 2876 464 2923 ᾇιιῖιίρἐᾇυὼνίὐεο
474 2891 506 2911 ac
515 2881 681 2919 :rimitivum
688 2878 883 2926 exemplar_est
891 2876 937 2925 dc-
965 2923 967 2925 ἱ

985 945 1138 973 forinsecus
1164 946 1238 973 circa
1267 946 1369 973 atrium
1396 946 1422 973 in
1449 947 1629 982 quadranguli
1656 948 1776 981 speciem

985 992 1123 1026 disposita:
1138 997 1200 1019 sunt
1223 991 1351 1024 suﬁ‘ulsit,
1368 993 1440 1019 intra
1456 992 1559 1026 primos
1570 992 1696 1022 litteralis
1708 1001 1783 1028 qua-v

986 1041 1047 1064 tuor
1059 1037 1265 1071 Evangeliorum
1277 1045 1374 1064 sensus
1388 1038 1479 1065 obices
1495 1045 1542 1066 eos
1557 1039 1700 1067 inducens.
1714 1039 1776 1067 Jam

985 1092 1050 1112 vero
1063 1084 1208 1112 nonnullos
1223 1084 1294 1112 circa
1316 1085 1417 1120 regiam
1432 1086 1517 1112 aedem
1535 1086 1662 1121 utrinque
1681 1086 1776 1114 lateri-

985 1130 1036 1157 bus
1055 1130 1182 1165 applicat,
1197 1130 1243 1165 qui
1261 1130 1351 1158 adhuc
1364 1131 1473 1165 quidem
1491 1132 1681 1159 catechumeni
1695 1137 1775 1160 sunt:

985 1180 1012 1203 et
1032 1180 1208 1210 augmentum
1226 1183 1258 1203 ac
1275 1183 1450 1211 progressum
1472 1177 1592 1211 faciunt,
1613 1186 1666 1206 non
1686 1183 1776 1206 tamen

986 1222 1078 1256 procul
1097 1222 1180 1257 386
1204 1222 1303 1250 absunt
1326 1223 1361 1250 ab
1385 1223 1442 1257 ipsa
1470 1224 1701 1252 abditissimorum
1729 1225 1777 1253 Dei

986 1268 1177 1303 mysteriorum
1198 1267 1366 1303 inspectione
1391 1277 1444 1304 qua
1463 1270 1555 1298 ﬁdeles
1579 1270 1714 1298 fruuntur.
1736 1271 1777 1299 Ex

986 1314 1083 1341 horum
1100 1321 1214 1341 numero
1228 1321 1274 1341 eos
1285 1321 1402 1349 quorum
1413 1315 1510 1343 anima:
1524 1316 1706 1344 immaculata‘e
1713 1322 1777 1345 sunt

986 1364 1013 1386 et
1036 1360 1127 1387 divino
1153 1359 1262 1387 lavacro
1287 1360 1373 1387 instar
1394 1362 1451 1389 auri
1472 1367 1593 1397 purgata:
1612 1370 1775 1391 assumens:

987 1405 1055 1433 alios
1082 1406 1217 1433 columnis
1241 1412 1302 1440 quae
1322 1407 1503 1435 exterioribus
1527 1408 1582 1436 illis
1609 1409 1690 1444 longe
1705 1417 1776 1444 pra-

986 1451 1132 1479 stanliores
1154 1457 1235 1485 sunt.
1260 1453 1368 1480 arcanis
1393 1453 1497 1481 scilicet
1514 1458 1541 1481 et
1567 1454 1671 1482 intimis
1692 1462 1777 1483 sacra:

987 1496 1135 1532 Scriptura:
1155 1498 1300 1526 sententiis
1314 1498 1444 1527 sull‘ulcit.
1467 1500 1542 1527 Alios
1562 1508 1628 1527 vero
1650 1500 1777 1529 fenestris

986 1543 1020 1570 ad
1038 1543 1127 1571 lumen
1143 1544 1169 1571 in
1183 1545 1255 1573 aedes
1273 1545 1473 1580 immittendum
1494 1545 1574 1574 factis
1592 1546 1722 1574 illustrat.
1737 1547 1777 1575 Ac

987 1590 1142 1618 universum
1160 1590 1270 1625 quidem
1286 1591 1414 1626 templum
1430 1599 1484 1618 uno
1499 1592 1617 1619 maximo
1631 1592 1775 1625 vestibulo,

987 1636 1068 1663 unius
1086 1636 1194 1664 scilicet
1212 1637 1258 1664 Dei
1275 1638 1374 1664 summi
1387 1638 1509 1665 omnium
1526 1638 1599 1673 regis
1617 1639 1777 1666 adoratione

986 1683 1140 1710 exornavit.
1170 1682 1310 1711 Christum
1340 1690 1406 1711 vero
1437 1689 1465 1711 et
1485 1684 1617 1718 Spiritum
1651 1689 1777 1712 sanctum

988 1728 1116 1763 utrinque
1135 1729 1168 1756 ad
1187 1729 1258 1758 latus
1278 1735 1400 1765 paterna:
1418 1731 1607 1763 auctoritatis,
1632 1731 1709 1765 quasi
1734 1738 1778 1758 se-

987 1774 1105 1802 cundum
1128 1775 1218 1804 lumen
1237 1778 1347 1811 prmbet.
1371 1777 1424 1804 Sed
1446 1782 1473 1805 et
1490 1777 1516 1804 in
1542 1777 1656 1812 reliquis
1682 1778 1777 1813 singil-

988 1820 1063 1847 latim
1087 1822 1148 1849 ﬁdei
1170 1829 1270 1851 nostra:
1296 1824 1451 1857 sententiis,
1473 1831 1521 1858 per
1534 1829 1618 1851 totam
1635 1824 1777 1852 basilicam

988 1866 1204 1900 copiosissimam
1221 1876 1253 1896 ac
1268 1870 1522 1904 prazstantissimam
1545 1869 1670 1896 veritatis
1688 1869 1777 1896 lucem

989 1917 1071 1945 atque
1091 1913 1256 1940 evidentiam
1278 1915 1408 1942 ostendit.
1431 1913 1566 1941 Praeterea
1584 1914 1660 1941 viros
1677 1918 1704 1940 et
1720 1917 1777 1941 sta—

989 1957 1057 1984 biles
1071 1965 1102 1985 ac
1118 1957 1209 1986 ﬁrmos
1232 1960 1384 1987 animarum
1400 1960 1501 1995 lapides
1516 1960 1636 1993 undique
1651 1958 1777 1993 seligens,

990 2004 1108 2039 amplam
1129 2012 1161 2032 ac
1184 2005 1288 2041 regiam
1308 2006 1418 2033 domum
1448 2014 1483 2033 ex
1502 2006 1628 2033 omnibus
1653 2010 1778 2033 conum-

991 2050 1048 2077 xit:
1068 2050 1222 2085 splendoris
1236 2059 1268 2079 ac
1281 2051 1390 2080 luminis
1405 2053 1512 2088 plenam
1533 2058 1587 2080 tam
1605 2052 1678 2080 intus
1697 2059 1779 2087 quam

990 2100 1091 2122 extra:
1115 2097 1336 2132 quandoquidem
1367 2106 1421 2125 non
1447 2099 1536 2125 anima
1561 2098 1647 2126 solum
1673 2098 1727 2125 illis
1747 2088 1785 2124 ac'

991 2148 1089 2175 mens,
1113 2143 1161 2170 sed
1189 2144 1272 2171 etiam
1302 2153 1402 2180 corpus
1430 2145 1564 2173 castitatis
1585 2152 1618 2172 ac
1641 2144 1780 2172 modestia;

991 2186 1088 2215 ﬂorido
1116 2194 1215 2216 ornatu
1241 2190 1427 2225 resplendent.
1454 2190 1549 2218 Insunt
1571 2190 1652 2218 etiam
1677 2190 1705 2216 in
1728 2189 1780 2216 hoc

993 2233 1094 2268 templo
1114 2234 1215 2266 throni.
1235 2241 1263 2263 et
1283 2236 1410 2264 subsellia
1430 2243 1597 2271 scamnaque
1612 2236 1777 2263 innumera:

993 2278 1020 2305 in
1039 2280 1146 2308 cunctis
1165 2281 1271 2309 scilicet
1288 2282 1432 2310 animabus
1450 2283 1476 2309 in
1493 2283 1592 2317 quibus
1609 2281 1697 2309 sancti
1719 2281 1781 2315 Spi-

993 2325 1062 2352 ritus
1084 2327 1204 2354 resident
1223 2329 1307 2360 dona,
1325 2327 1476 2361 cuiusmodi
1494 2328 1558 2356 olim
1578 2329 1635 2355 visa
1658 2332 1721 2356 sunt
1735 2335 1781 2355 sa-

992 2373 1141 2400 crosanctis
1171 2374 1321 2408 apostolis;
1345 2375 1445 2409 quibus
1472 2374 1571 2409 lingua:
1596 2374 1685 2401 instar
1709 2373 1780 2408 ignis

989 2487 1080 2521 gentis
1090 2487 1117 2514 in
1133 2485 1214 2513 terris
1224 2485 1361 2513 Ecclesiae.
1379 2485 1411 2511 At
1427 2483 1571 2516 Masculus,
1584 2482 1662 2518 cujus
1677 2483 1777 2521 versio-

990 2518 1053 2549 nem
1066 2529 1142 2550 more
1158 2529 1207 2549 suo
1220 2526 1328 2549 secutus
1342 2526 1384 2548 est
1394 2520 1671 2553 Cbristopliorsonus,
1683 2523 1709 2545 et
1724 2518 1780 2552 ipse

989 2558 1016 2584 in
1034 2557 1112 2591 hujus
1127 2557 1177 2584 loci
1195 2556 1319 2584 versione
1331 2556 1395 2582 nihil
1410 2555 1521 2591 omnino
1540 2555 1615 2585 vidit.
1632 2558 1665 2591 et
1693 2558 1775 2580 totam

991 2590 1163 2620 venustatem
1178 2592 1318 2619 sententia!
1335 2591 1482 2617 lectoribus
1494 2590 1662 2617 obscuravil.

1024 2628 1080 2663 (68)
1091 2628 1169 2661 Vulg.
1178 2628 1232 2654 τὸν
1238 2626 1388 2663 τοσοῦτοι⁸
1395 2626 1477 2660 ἡμῖν.
1488 2626 1591 2663 _Script_i
1605 2624 1714 2663 codices
1725 2630 1779 2663 tino

987 2656 1120 2691 consensu
1142 2656 1244 2690 habent
1271 2662 1316 2689 τὸν
1339 2661 1393 2688 τῶν
1408 2656 1561 2688 ’τοσούτων
1575 2661 1640 2695 ἡμῖν
1669 2656 1779 2692 ἀγαθῶν

992 2698 1147 2734 παραίτιον,
1170 2702 1207 2734 et
1223 2697 1255 2724 ad
1283 2705 1358 2724 oran-
1393 2697 1495 2724 codicis
1529 2696 1599 2722 Med.
1629 2699 1780 2720 annotatnr

993 2733 1098 2770 σκληρὰ
1116 2733 1252 2766 σύνταξις,
1272 2733 1368 2760 idest:
1388 2741 1397 2757 ι
1414 2734 1480 2759 dura
1496 2737 1577 2766 atque
1590 2738 1687 2765 aspera
1711 2736 1778 2755 con-

991 2770 1115 2797 structio.
1132 2778 1142 2794 ι

1027 2804 1083 2840 (49)
1104 2803 1345 2839 Ἐμπιμπλῶντα.
1359 2802 1400 2831 Ita
1416 2804 1442 2830 in
1463 2801 1667 2840 vetustissith
1685 2801 1779 2840 codice

991 2835 1059 2866 Ma'z.
1074 2835 1201 2866 scribitur
1214 2840 1315 2867 rectius
1329 2847 1410 2873 quam
1426 2838 1497 2873 vulg.
1510 2836 1626 2873 ἑμπιπλ.
1647 2835 1780 2866 Eundem

995 2882 1115 2903 errorem
1128 2874 1185 2909 jam
1204 2880 1283 2902 antea
1299 2879 1395 2902 notare
1413 2874 1532 2900 memini.
