  <div class='ocr_page' id='page_1' title='image "/cluster/home/n/w/nwhite01/storage/ocr_20150623/20/hvd.32044073501181/453.png"; bbox 0 0 4168 6408; ppageno 0'>
   <div class='ocr_carea' id='block_1_1' title="bbox 620 325 724 380">
    <p class='ocr_par' dir='ltr' id='par_1_1' title="bbox 620 325 724 380">
     <span class='ocr_line' id='line_1_1' title="bbox 620 325 724 380; baseline 0 0"><span class='ocrx_word' id='word_1_1' title='bbox 620 325 724 380; x_wconf 79' lang='grc'><strong>879</strong></span> 
     </span>
    </p>
   </div>
   <div class='ocr_carea' id='block_1_2' title="bbox 1327 305 3140 372">
    <p class='ocr_par' dir='ltr' id='par_1_2' title="bbox 1327 305 3140 372">
     <span class='ocr_line' id='line_1_2' title="bbox 1327 305 3140 372; baseline -0.006 0"><span class='ocrx_word' id='word_1_2' title='bbox 1327 315 1597 372; x_wconf 69' lang='lat' dir='ltr'><strong>EUSEBH</strong></span> <span class='ocrx_word' id='word_1_3' title='bbox 1636 308 2118 369; x_wconf 62' lang='lat' dir='ltr'><strong>CIESARIENSIS</strong></span> <span class='ocrx_word' id='word_1_4' title='bbox 2155 307 2303 364; x_wconf 85' lang='lat' dir='ltr'><strong>OPP.</strong></span> <span class='ocrx_word' id='word_1_5' title='bbox 2348 305 2526 362; x_wconf 76' lang='lat' dir='ltr'><strong>PARS</strong></span> <span class='ocrx_word' id='word_1_6' title='bbox 2565 306 2605 361; x_wconf 86' lang='lat' dir='ltr'><strong>l.</strong></span> <span class='ocrx_word' id='word_1_7' title='bbox 2646 339 2715 347; x_wconf 90' lang='lat'><strong>——</strong></span> <span class='ocrx_word' id='word_1_8' title='bbox 2753 306 3140 364; x_wconf 69' lang='lat' dir='ltr'><strong>lllSTORlCA.</strong></span> 
     </span>
    </p>
   </div>
   <div class='ocr_carea' id='block_1_3' title="bbox 3765 310 3861 366">
    <p class='ocr_par' dir='ltr' id='par_1_3' title="bbox 3765 310 3861 366">
     <span class='ocr_line' id='line_1_3' title="bbox 3765 310 3861 366; baseline 0 -1"><span class='ocrx_word' id='word_1_9' title='bbox 3765 310 3861 366; x_wconf 85' lang='lat'><strong>880</strong></span> 
     </span>
    </p>
   </div>
   <div class='ocr_carea' id='block_1_4' title="bbox 605 424 2202 506">
    <p class='ocr_par' dir='ltr' id='par_1_4' title="bbox 605 427 2194 506">
     <span class='ocr_line' id='line_1_4' title="bbox 605 427 2194 506; baseline -0.009 -10"><span class='ocrx_word' id='word_1_10' title='bbox 605 442 829 505; x_wconf 70' lang='lat' dir='ltr'><strong>&#39;divistc,</strong></span> <span class='ocrx_word' id='word_1_11' title='bbox 861 447 916 494; x_wconf 90' lang='lat' dir='ltr'><strong>et</strong></span> <span class='ocrx_word' id='word_1_12' title='bbox 957 436 1183 506; x_wconf 78' lang='lat' dir='ltr'><strong>singulis</strong></span> <span class='ocrx_word' id='word_1_13' title='bbox 1225 435 1525 489; x_wconf 90' lang='lat' dir='ltr'><strong>insidentes</strong></span> <span class='ocrx_word' id='word_1_14' title='bbox 1557 440 1948 501; x_wconf 88' lang='lat' dir='ltr'><strong>apparuerunt.</strong></span> <span class='ocrx_word' id='word_1_15' title='bbox 1991 427 2194 483; x_wconf 80' lang='lat' dir='ltr'><strong>Verum</strong></span> 
     </span>
    </p>
   </div>
   <div class='ocr_carea' id='block_1_5' title="bbox 2307 424 3867 506">
    <p class='ocr_par' dir='ltr' id='par_1_5' title="bbox 2307 424 3867 499">
     <span class='ocr_line' id='line_1_5' title="bbox 2307 424 3867 499; baseline 0.001 -22"><span class='ocrx_word' id='word_1_16' title='bbox 2307 425 2453 497; x_wconf 74' lang='grc' dir='ltr'>ἡμῶν</span> <span class='ocrx_word' id='word_1_17' title='bbox 2505 425 2600 490; x_wconf 75' lang='grc' dir='ltr'><strong>τὰς</strong></span> <span class='ocrx_word' id='word_1_18' title='bbox 2645 426 2876 496; x_wconf 80' lang='grc' dir='ltr'>ἀνομίας</span> <span class='ocrx_word' id='word_1_19' title='bbox 2922 427 3108 498; x_wconf 69' lang='grc' dir='ltr'><strong>ἠμῶψ</strong></span> <span class='ocrx_word' id='word_1_20' title='bbox 3152 425 3334 489; x_wconf 77' lang='grc' dir='ltr'>καθὼς</span> <span class='ocrx_word' id='word_1_21' title='bbox 3391 424 3644 497; x_wconf 69' lang='grc' dir='ltr'><strong>οἰκτείρειν.</strong></span> <span class='ocrx_word' id='word_1_22' title='bbox 3695 425 3867 499; x_wconf 77' lang='grc' dir='ltr'>πατὴρ</span> 
     </span>
    </p>
   </div>
   <div class='ocr_carea' id='block_1_6' title="bbox 620 521 2197 604">
    <p class='ocr_par' dir='ltr' id='par_1_6' title="bbox 620 521 2197 604">
     <span class='ocr_line' id='line_1_6' title="bbox 620 521 2197 604; baseline -0.01 -16"><span class='ocrx_word' id='word_1_23' title='bbox 620 535 674 589; x_wconf 89' lang='lat' dir='ltr'><strong>in</strong></span> <span class='ocrx_word' id='word_1_24' title='bbox 725 534 843 604; x_wconf 89' lang='lat' dir='ltr'><strong>ipso</strong></span> <span class='ocrx_word' id='word_1_25' title='bbox 881 531 1100 601; x_wconf 86' lang='lat' dir='ltr'><strong>quidem</strong></span> <span class='ocrx_word' id='word_1_26' title='bbox 1142 527 1384 583; x_wconf 87' lang='lat' dir='ltr'><strong>omnium</strong></span> <span class='ocrx_word' id='word_1_27' title='bbox 1435 525 1681 594; x_wconf 86' lang='lat' dir='ltr'><strong>principe</strong></span> <span class='ocrx_word' id='word_1_28' title='bbox 1724 538 1786 576; x_wconf 91' lang='lat' dir='ltr'><strong>ac</strong></span> <span class='ocrx_word' id='word_1_29' title='bbox 1820 521 2074 592; x_wconf 77' lang='lat' dir='ltr'><strong>praeside,</strong></span> <span class='ocrx_word' id='word_1_30' title='bbox 2113 529 2197 573; x_wconf 88' lang='lat' dir='ltr'><strong>to-</strong></span> 
     </span>
    </p>
   </div>
   <div class='ocr_carea' id='block_1_7' title="bbox 623 611 2199 690">
    <p class='ocr_par' dir='ltr' id='par_1_7' title="bbox 623 611 2199 690">
     <span class='ocr_line' id='line_1_7' title="bbox 623 611 2199 690; baseline -0.01 -11"><span class='ocrx_word' id='word_1_31' title='bbox 623 637 735 690; x_wconf 75' lang='lat' dir='ltr'><strong>tus,</strong></span> <span class='ocrx_word' id='word_1_32' title='bbox 778 633 838 679; x_wconf 94' lang='lat' dir='ltr'><strong>ut</strong></span> <span class='ocrx_word' id='word_1_33' title='bbox 879 620 1177 676; x_wconf 81' lang='lat' dir='ltr'><strong>verisimile</strong></span> <span class='ocrx_word' id='word_1_34' title='bbox 1205 627 1308 683; x_wconf 90' lang='lat' dir='ltr'><strong>est,</strong></span> <span class='ocrx_word' id='word_1_35' title='bbox 1346 617 1546 671; x_wconf 88' lang='lat' dir='ltr'><strong>insidet</strong></span> <span class='ocrx_word' id='word_1_36' title='bbox 1579 614 1846 670; x_wconf 82' lang='lat' dir='ltr'><strong>Christus.</strong></span> <span class='ocrx_word' id='word_1_37' title='bbox 1883 611 1939 665; x_wconf 87' lang='lat' dir='ltr'><strong>In</strong></span> <span class='ocrx_word' id='word_1_38' title='bbox 1974 613 2038 666; x_wconf 89' lang='lat' dir='ltr'><strong>iis</strong></span> <span class='ocrx_word' id='word_1_39' title='bbox 2071 625 2199 665; x_wconf 90' lang='lat' dir='ltr'><strong>vero</strong></span> 
     </span>
    </p>
   </div>
   <div class='ocr_carea' id='block_1_8' title="bbox 623 710 2201 790">
    <p class='ocr_par' dir='ltr' id='par_1_8' title="bbox 623 710 2201 790">
     <span class='ocr_line' id='line_1_8' title="bbox 623 710 2201 790; baseline -0.008 -18"><span class='ocrx_word' id='word_1_40' title='bbox 623 721 715 790; x_wconf 90' lang='lat' dir='ltr'><strong>qui</strong></span> <span class='ocrx_word' id='word_1_41' title='bbox 757 719 1054 774; x_wconf 81' lang='lat' dir='ltr'><strong>secundum</strong></span> <span class='ocrx_word' id='word_1_42' title='bbox 1087 714 1372 783; x_wconf 78' lang='lat' dir='ltr'><strong>dignitatis</strong></span> <span class='ocrx_word' id='word_1_43' title='bbox 1405 713 1583 767; x_wconf 92' lang='lat' dir='ltr'><strong>locum</strong></span> <span class='ocrx_word' id='word_1_44' title='bbox 1624 710 1897 773; x_wconf 78' lang='lat' dir='ltr'><strong>obtinent,</strong></span> <span class='ocrx_word' id='word_1_45' title='bbox 1929 715 2201 777; x_wconf 83' lang='lat' dir='ltr'><strong>quatenus</strong></span> 
     </span>
    </p>
   </div>
   <div class='ocr_carea' id='block_1_9' title="bbox 623 797 2202 883">
    <p class='ocr_par' dir='ltr' id='par_1_9' title="bbox 623 797 2202 883">
     <span class='ocr_line' id='line_1_9' title="bbox 623 797 2202 883; baseline -0.008 -21"><span class='ocrx_word' id='word_1_46' title='bbox 623 814 855 883; x_wconf 89' lang='lat' dir='ltr'><strong>quisque</strong></span> <span class='ocrx_word' id='word_1_47' title='bbox 905 810 1188 880; x_wconf 83' lang='lat' dir='ltr'><strong>dispertita</strong></span> <span class='ocrx_word' id='word_1_48' title='bbox 1232 806 1451 860; x_wconf 90' lang='lat' dir='ltr'><strong>virtutis</strong></span> <span class='ocrx_word' id='word_1_49' title='bbox 1498 801 1700 858; x_wconf 89' lang='lat' dir='ltr'><strong>Christi</strong></span> <span class='ocrx_word' id='word_1_50' title='bbox 1745 801 2032 868; x_wconf 83' lang='lat' dir='ltr'><strong>sanctique</strong></span> <span class='ocrx_word' id='word_1_51' title='bbox 2079 797 2202 867; x_wconf 87' lang='lat' dir='ltr'><strong>Spi-</strong></span> 
     </span>
    </p>
   </div>
   <div class='ocr_carea' id='block_1_10' title="bbox 625 894 2194 972">
    <p class='ocr_par' dir='ltr' id='par_1_10' title="bbox 625 894 2194 972">
     <span class='ocr_line' id='line_1_10' title="bbox 625 894 2194 972; baseline -0.015 -8"><span class='ocrx_word' id='word_1_52' title='bbox 625 911 762 964; x_wconf 85' lang='lat' dir='ltr'><strong>ritus</strong></span> <span class='ocrx_word' id='word_1_53' title='bbox 803 907 945 961; x_wconf 86' lang='lat' dir='ltr'><strong>dona</strong></span> <span class='ocrx_word' id='word_1_54' title='bbox 993 917 1190 972; x_wconf 82' lang='lat' dir='ltr'><strong>capere</strong></span> <span class='ocrx_word' id='word_1_55' title='bbox 1231 907 1429 970; x_wconf 87' lang='lat' dir='ltr'><strong>potest.</strong></span> <span class='ocrx_word' id='word_1_56' title='bbox 1479 894 1755 950; x_wconf 88' lang='lat' dir='ltr'><strong>Subscllia</strong></span> <span class='ocrx_word' id='word_1_57' title='bbox 1795 906 2011 962; x_wconf 89' lang='lat' dir='ltr'><strong>quoque</strong></span> <span class='ocrx_word' id='word_1_58' title='bbox 2040 905 2194 958; x_wconf 85' lang='lat' dir='ltr'><strong>ange-</strong></span> 
     </span>
    </p>
   </div>
   <div class='ocr_carea' id='block_1_11' title="bbox 621 981 2206 1065">
    <p class='ocr_par' dir='ltr' id='par_1_11' title="bbox 621 981 2206 1065">
     <span class='ocr_line' id='line_1_11' title="bbox 621 981 2206 1065; baseline -0.014 -9"><span class='ocrx_word' id='word_1_59' title='bbox 621 1001 800 1056; x_wconf 88' lang='lat' dir='ltr'><strong>lorum</strong></span> <span class='ocrx_word' id='word_1_60' title='bbox 834 1006 960 1054; x_wconf 91' lang='lat' dir='ltr'><strong>sunt</strong></span> <span class='ocrx_word' id='word_1_61' title='bbox 1000 994 1359 1065; x_wconf 87' lang='lat' dir='ltr'><strong>quorumdam</strong></span> <span class='ocrx_word' id='word_1_62' title='bbox 1396 990 1613 1048; x_wconf 64' lang='lat' dir='ltr'><strong>animm.</strong></span> <span class='ocrx_word' id='word_1_63' title='bbox 1653 1000 1882 1056; x_wconf 85' lang='lat' dir='ltr'><strong>quorum</strong></span> <span class='ocrx_word' id='word_1_64' title='bbox 1933 981 2206 1037; x_wconf 87' lang='lat' dir='ltr'><strong>institutio</strong></span> 
     </span>
    </p>
   </div>
   <div class='ocr_carea' id='block_1_12' title="bbox 624 1078 2207 1150">
    <p class='ocr_par' dir='ltr' id='par_1_12' title="bbox 624 1078 2207 1150">
     <span class='ocr_line' id='line_1_12' title="bbox 624 1078 2207 1150; baseline -0.013 0"><span class='ocrx_word' id='word_1_65' title='bbox 624 1107 681 1150; x_wconf 82' lang='lat' dir='ltr'><strong>ct</strong></span> <span class='ocrx_word' id='word_1_66' title='bbox 739 1090 987 1147; x_wconf 89' lang='lat' dir='ltr'><strong>custodia</strong></span> <span class='ocrx_word' id='word_1_67' title='bbox 1045 1088 1152 1142; x_wconf 89' lang='lat' dir='ltr'><strong>illis</strong></span> <span class='ocrx_word' id='word_1_68' title='bbox 1197 1084 1520 1140; x_wconf 82' lang='lat' dir='ltr'><strong>demandata</strong></span> <span class='ocrx_word' id='word_1_69' title='bbox 1567 1088 1670 1135; x_wconf 91' lang='lat' dir='ltr'><strong>est.</strong></span> <span class='ocrx_word' id='word_1_70' title='bbox 1725 1078 2029 1149; x_wconf 80' lang='lat' dir='ltr'><strong>Augustum</strong></span> <span class='ocrx_word' id='word_1_71' title='bbox 2073 1089 2207 1130; x_wconf 91' lang='lat' dir='ltr'><strong>vero</strong></span> 
     </span>
    </p>
   </div>
   <div class='ocr_carea' id='block_1_13' title="bbox 624 1168 2204 1258">
    <p class='ocr_par' dir='ltr' id='par_1_13' title="bbox 624 1168 2204 1258">
     <span class='ocr_line' id='line_1_13' title="bbox 624 1168 2204 1258; baseline -0.015 -15"><span class='ocrx_word' id='word_1_72' title='bbox 624 1197 996 1258; x_wconf 85' lang='lat' dir='ltr'><strong>magnumque</strong></span> <span class='ocrx_word' id='word_1_73' title='bbox 1028 1191 1086 1238; x_wconf 90' lang='lat' dir='ltr'><strong>et</strong></span> <span class='ocrx_word' id='word_1_74' title='bbox 1120 1180 1337 1235; x_wconf 91' lang='lat' dir='ltr'><strong>unicum</strong></span> <span class='ocrx_word' id='word_1_75' title='bbox 1385 1175 1558 1230; x_wconf 87' lang='lat' dir='ltr'><strong>altare</strong></span> <span class='ocrx_word' id='word_1_76' title='bbox 1594 1170 1871 1258; x_wconf 86' lang='lat' dir='ltr'><strong>quodnam</strong></span> <span class='ocrx_word' id='word_1_77' title='bbox 1909 1168 2054 1258; x_wconf 81' lang='lat' dir='ltr'><strong>aliud</strong></span> <span class='ocrx_word' id='word_1_78' title='bbox 2102 1176 2204 1230; x_wconf 90' lang='lat' dir='ltr'><strong>est,</strong></span> 
     </span>
    </p>
   </div>
   <div class='ocr_carea' id='block_1_14' title="bbox 628 1255 2210 1348">
    <p class='ocr_par' dir='ltr' id='par_1_14' title="bbox 628 1255 2210 1348">
     <span class='ocr_line' id='line_1_14' title="bbox 628 1255 2210 1348; baseline -0.016 -17"><span class='ocrx_word' id='word_1_79' title='bbox 628 1255 790 1348; x_wconf 71' lang='lat' dir='ltr'><strong>quam</strong></span> <span class='ocrx_word' id='word_1_80' title='bbox 835 1272 1032 1329; x_wconf 90' lang='lat' dir='ltr'><strong>summi</strong></span> <span class='ocrx_word' id='word_1_81' title='bbox 1095 1269 1338 1326; x_wconf 90' lang='lat' dir='ltr'><strong>omnium</strong></span> <span class='ocrx_word' id='word_1_82' title='bbox 1388 1260 1687 1320; x_wconf 87' lang='lat' dir='ltr'><strong>sacerdotis</strong></span> <span class='ocrx_word' id='word_1_83' title='bbox 1731 1255 2021 1327; x_wconf 87' lang='lat' dir='ltr'><strong>purissima</strong></span> <span class='ocrx_word' id='word_1_84' title='bbox 2054 1268 2210 1348; x_wconf 83' lang='lat' dir='ltr'><strong>mens</strong></span> 
     </span>
    </p>
   </div>
   <div class='ocr_carea' id='block_1_15' title="bbox 626 1344 2205 1439">
    <p class='ocr_par' dir='ltr' id='par_1_15' title="bbox 626 1344 2205 1439">
     <span class='ocr_line' id='line_1_15' title="bbox 626 1344 2205 1439; baseline -0.018 -14"><span class='ocrx_word' id='word_1_85' title='bbox 626 1344 961 1439; x_wconf 78' lang='lat' dir='ltr'><strong>prorsusque</strong></span> <span class='ocrx_word' id='word_1_86' title='bbox 999 1363 1264 1418; x_wconf 88' lang='lat' dir='ltr'><strong>Sanctum</strong></span> <span class='ocrx_word' id='word_1_87' title='bbox 1287 1365 1600 1413; x_wconf 86' lang='lat' dir='ltr'><strong>sanctorum</strong></span> <span class='ocrx_word' id='word_1_88' title='bbox 1632 1350 1656 1404; x_wconf 72' lang='grc' dir='ltr'>’ί</span> <span class='ocrx_word' id='word_1_89' title='bbox 1698 1349 1797 1405; x_wconf 89' lang='lat' dir='ltr'><strong>Cui</strong></span> <span class='ocrx_word' id='word_1_90' title='bbox 1835 1346 2030 1402; x_wconf 84' lang='lat' dir='ltr'><strong>dexter</strong></span> <span class='ocrx_word' id='word_1_91' title='bbox 2071 1344 2205 1439; x_wconf 75' lang='lat' dir='ltr'><strong>assi-</strong></span> 
     </span>
    </p>
   </div>
   <div class='ocr_carea' id='block_1_16' title="bbox 629 1434 2212 1517">
    <p class='ocr_par' dir='ltr' id='par_1_16' title="bbox 629 1434 2212 1517">
     <span class='ocr_line' id='line_1_16' title="bbox 629 1434 2212 1517; baseline -0.018 0"><span class='ocrx_word' id='word_1_92' title='bbox 629 1434 780 1517; x_wconf 80' lang='lat' dir='ltr'><strong>stens</strong></span> <span class='ocrx_word' id='word_1_93' title='bbox 825 1434 1098 1512; x_wconf 75' lang='lat' dir='ltr'><strong>maximus</strong></span> <span class='ocrx_word' id='word_1_94' title='bbox 1132 1451 1224 1507; x_wconf 90' lang='lat' dir='ltr'><strong>ille</strong></span> <span class='ocrx_word' id='word_1_95' title='bbox 1271 1447 1516 1504; x_wconf 90' lang='lat' dir='ltr'><strong>omnium</strong></span> <span class='ocrx_word' id='word_1_96' title='bbox 1571 1442 1856 1507; x_wconf 77' lang='lat' dir='ltr'><strong>Pontifex,</strong></span> <span class='ocrx_word' id='word_1_97' title='bbox 1896 1439 2012 1510; x_wconf 90' lang='lat' dir='ltr'><strong>ipse</strong></span> <span class='ocrx_word' id='word_1_98' title='bbox 2061 1434 2212 1493; x_wconf 89' lang='lat' dir='ltr'><strong>scili-</strong></span> 
     </span>
    </p>
   </div>
   <div class='ocr_carea' id='block_1_17' title="bbox 627 1525 2211 1614">
    <p class='ocr_par' dir='ltr' id='par_1_17' title="bbox 627 1525 2211 1614">
     <span class='ocr_line' id='line_1_17' title="bbox 627 1525 2211 1614; baseline -0.019 -5"><span class='ocrx_word' id='word_1_99' title='bbox 627 1562 715 1609; x_wconf 92' lang='lat' dir='ltr'><strong>cet</strong></span> <span class='ocrx_word' id='word_1_100' title='bbox 766 1544 1260 1614; x_wconf 82' lang='lat' dir='ltr'><strong>Jesusunigenitus</strong></span> <span class='ocrx_word' id='word_1_101' title='bbox 1315 1540 1408 1596; x_wconf 88' lang='lat' dir='ltr'><strong>Dei</strong></span> <span class='ocrx_word' id='word_1_102' title='bbox 1453 1536 1650 1599; x_wconf 89' lang='lat' dir='ltr'><strong>Filius,</strong></span> <span class='ocrx_word' id='word_1_103' title='bbox 1711 1530 2094 1588; x_wconf 90' lang='lat' dir='ltr'><strong>suavissimum</strong></span> <span class='ocrx_word' id='word_1_104' title='bbox 2143 1525 2211 1580; x_wconf 89' lang='lat' dir='ltr'><strong>ab</strong></span> 
     </span>
    </p>
   </div>
   <div class='ocr_carea' id='block_1_18' title="bbox 627 1621 2212 1702">
    <p class='ocr_par' dir='ltr' id='par_1_18' title="bbox 627 1621 2212 1702">
     <span class='ocr_line' id='line_1_18' title="bbox 627 1621 2212 1702; baseline -0.017 -2"><span class='ocrx_word' id='word_1_105' title='bbox 627 1644 881 1702; x_wconf 82' lang='lat' dir='ltr'><strong>omnibus</strong></span> <span class='ocrx_word' id='word_1_106' title='bbox 930 1637 1164 1694; x_wconf 76' lang='lat' dir='ltr'><strong>sufﬁtum</strong></span> <span class='ocrx_word' id='word_1_107' title='bbox 1219 1643 1275 1689; x_wconf 87' lang='lat' dir='ltr'><strong>et</strong></span> <span class='ocrx_word' id='word_1_108' title='bbox 1332 1633 1612 1688; x_wconf 89' lang='lat' dir='ltr'><strong>incruenta</strong></span> <span class='ocrx_word' id='word_1_109' title='bbox 1655 1641 1720 1680; x_wconf 88' lang='lat' dir='ltr'><strong>ac</strong></span> <span class='ocrx_word' id='word_1_110' title='bbox 1769 1621 2037 1694; x_wconf 85' lang='lat' dir='ltr'><strong>spiritalia</strong></span> <span class='ocrx_word' id='word_1_111' title='bbox 2086 1633 2212 1689; x_wconf 88' lang='lat' dir='ltr'><strong>pre-</strong></span> 
     </span>
    </p>
   </div>
   <div class='ocr_carea' id='block_1_19' title="bbox 627 1712 2214 1791">
    <p class='ocr_par' dir='ltr' id='par_1_19' title="bbox 627 1712 2214 1791">
     <span class='ocr_line' id='line_1_19' title="bbox 627 1712 2214 1791; baseline -0.014 -2"><span class='ocrx_word' id='word_1_112' title='bbox 627 1749 750 1789; x_wconf 88' lang='lat' dir='ltr'><strong>cum</strong></span> <span class='ocrx_word' id='word_1_113' title='bbox 796 1728 1098 1791; x_wconf 87' lang='lat' dir='ltr'><strong>sacriftcia,</strong></span> <span class='ocrx_word' id='word_1_114' title='bbox 1161 1723 1322 1779; x_wconf 82' lang='lat' dir='ltr'><strong>hilari</strong></span> <span class='ocrx_word' id='word_1_115' title='bbox 1376 1721 1530 1776; x_wconf 91' lang='lat' dir='ltr'><strong>vultu</strong></span> <span class='ocrx_word' id='word_1_116' title='bbox 1580 1728 1635 1773; x_wconf 92' lang='lat' dir='ltr'><strong>et</strong></span> <span class='ocrx_word' id='word_1_117' title='bbox 1692 1715 1903 1785; x_wconf 90' lang='lat' dir='ltr'><strong>supinis</strong></span> <span class='ocrx_word' id='word_1_118' title='bbox 1961 1712 2214 1766; x_wconf 89' lang='lat' dir='ltr'><strong>manibus</strong></span> 
     </span>
    </p>
   </div>
   <div class='ocr_carea' id='block_1_20' title="bbox 2301 515 3871 589">
    <p class='ocr_par' dir='ltr' id='par_1_20' title="bbox 2301 515 3871 589">
     <span class='ocr_line' id='line_1_20' title="bbox 2301 515 3871 589; baseline 0.003 -21"><span class='ocrx_word' id='word_1_119' title='bbox 2301 518 2449 580; x_wconf 78' lang='grc' dir='ltr'>υἱοὺς</span> <span class='ocrx_word' id='word_1_120' title='bbox 2507 515 2696 578; x_wconf 70' lang='grc' dir='ltr'>αὑτοῦ,</span> <span class='ocrx_word' id='word_1_121' title='bbox 2744 517 3052 589; x_wconf 81' lang='grc' dir='ltr'>ᾠκτείρησε</span> <span class='ocrx_word' id='word_1_122' title='bbox 3101 517 3304 588; x_wconf 84' lang='grc' dir='ltr'>Κύριος</span> <span class='ocrx_word' id='word_1_123' title='bbox 3351 519 3477 581; x_wconf 79' lang='grc' dir='ltr'>τοὺς</span> <span class='ocrx_word' id='word_1_124' title='bbox 3521 518 3871 589; x_wconf 74' lang='grc' dir='ltr'>φοϐουμένους</span> 
     </span>
    </p>
   </div>
   <div class='ocr_carea' id='block_1_21' title="bbox 2302 608 3878 680">
    <p class='ocr_par' dir='ltr' id='par_1_21' title="bbox 2302 608 3878 680">
     <span class='ocr_line' id='line_1_21' title="bbox 2302 608 3878 680; baseline 0.001 -17"><span class='ocrx_word' id='word_1_125' title='bbox 2302 609 2482 663; x_wconf 84' lang='grc' dir='ltr'>αὐτόν.</span> <span class='ocrx_word' id='word_1_126' title='bbox 2511 628 2529 657; x_wconf 72' lang='grc' dir='ltr'><strong>ι</strong></span> <span class='ocrx_word' id='word_1_127' title='bbox 2561 609 2749 662; x_wconf 82' lang='grc' dir='ltr'>Ταῦτα</span> <span class='ocrx_word' id='word_1_128' title='bbox 2793 611 2885 663; x_wconf 68' lang='grc' dir='ltr'><strong>καὶ</strong></span> <span class='ocrx_word' id='word_1_129' title='bbox 2928 610 3023 665; x_wconf 76' lang='grc' dir='ltr'>νῦν</span> <span class='ocrx_word' id='word_1_130' title='bbox 3070 611 3165 664; x_wconf 74' lang='grc' dir='ltr'><strong>καὶ</strong></span> <span class='ocrx_word' id='word_1_131' title='bbox 3200 613 3281 674; x_wconf 84' lang='grc' dir='ltr'><strong>είς</strong></span> <span class='ocrx_word' id='word_1_132' title='bbox 3313 611 3440 674; x_wconf 73' lang='grc' dir='ltr'>τοὺς</span> <span class='ocrx_word' id='word_1_133' title='bbox 3480 610 3604 680; x_wconf 78' lang='grc' dir='ltr'>ἑξῆς</span> <span class='ocrx_word' id='word_1_134' title='bbox 3641 608 3878 674; x_wconf 71' lang='grc' dir='ltr'>ἃπαντας</span> 
     </span>
    </p>
   </div>
   <div class='ocr_carea' id='block_1_22' title="bbox 2301 705 3881 780">
    <p class='ocr_par' dir='ltr' id='par_1_22' title="bbox 2301 705 3881 780">
     <span class='ocr_line' id='line_1_22' title="bbox 2301 705 3881 780; baseline 0.003 -24"><span class='ocrx_word' id='word_1_135' title='bbox 2301 705 2527 776; x_wconf 84' lang='grc' dir='ltr'>χρόνους</span> <span class='ocrx_word' id='word_1_136' title='bbox 2553 707 2674 769; x_wconf 86' lang='grc' dir='ltr'>ταῖς</span> <span class='ocrx_word' id='word_1_137' title='bbox 2707 707 2947 778; x_wconf 78' lang='grc' dir='ltr'><strong>μνήμαις</strong></span> <span class='ocrx_word' id='word_1_138' title='bbox 2969 707 3480 780; x_wconf 78' lang='grc' dir='ltr'><strong>ἀναζωπυροῦντες,</strong></span> <span class='ocrx_word' id='word_1_139' title='bbox 3510 707 3650 779; x_wconf 83' lang='grc' dir='ltr'>ἀτὰρ</span> <span class='ocrx_word' id='word_1_140' title='bbox 3675 708 3765 760; x_wconf 72' lang='grc' dir='ltr'><strong>καὶ</strong></span> <span class='ocrx_word' id='word_1_141' title='bbox 3788 709 3881 779; x_wconf 77' lang='grc' dir='ltr'>τῆς</span> 
     </span>
    </p>
   </div>
   <div class='ocr_carea' id='block_1_23' title="bbox 2301 798 3880 871">
    <p class='ocr_par' dir='ltr' id='par_1_23' title="bbox 2301 798 3880 871">
     <span class='ocr_line' id='line_1_23' title="bbox 2301 798 3880 871; baseline 0.001 -21"><span class='ocrx_word' id='word_1_142' title='bbox 2301 798 2586 869; x_wconf 78' lang='grc' dir='ltr'>παρούσης</span> <span class='ocrx_word' id='word_1_143' title='bbox 2629 798 2987 870; x_wconf 77' lang='grc' dir='ltr'>πανηγύρεως</span> <span class='ocrx_word' id='word_1_144' title='bbox 3030 801 3125 854; x_wconf 67' lang='grc' dir='ltr'><strong>καὶ</strong></span> <span class='ocrx_word' id='word_1_145' title='bbox 3168 801 3268 870; x_wconf 69' lang='grc' dir='ltr'>τῆς</span> <span class='ocrx_word' id='word_1_146' title='bbox 3301 799 3531 871; x_wconf 77' lang='grc' dir='ltr'>φαιδρᾶς</span> <span class='ocrx_word' id='word_1_147' title='bbox 3563 798 3764 871; x_wconf 78' lang='grc' dir='ltr'>ταύτης</span> <span class='ocrx_word' id='word_1_148' title='bbox 3792 801 3880 854; x_wconf 75' lang='grc' dir='ltr'><strong>καὶ</strong></span> 
     </span>
    </p>
   </div>
   <div class='ocr_carea' id='block_1_24' title="bbox 2303 890 3880 964">
    <p class='ocr_par' dir='ltr' id='par_1_24' title="bbox 2303 890 3880 964">
     <span class='ocr_line' id='line_1_24' title="bbox 2303 890 3880 964; baseline 0.002 -21"><span class='ocrx_word' id='word_1_149' title='bbox 2303 890 2696 963; x_wconf 84' lang='grc' dir='ltr'>λαμπροτάτης</span> <span class='ocrx_word' id='word_1_150' title='bbox 2725 893 2937 964; x_wconf 85' lang='grc' dir='ltr'>ἡμέρας</span> <span class='ocrx_word' id='word_1_151' title='bbox 2963 893 3053 946; x_wconf 74' lang='grc' dir='ltr'><strong>τὸν</strong></span> <span class='ocrx_word' id='word_1_152' title='bbox 3080 895 3250 947; x_wconf 83' lang='grc' dir='ltr'>αἴτιον</span> <span class='ocrx_word' id='word_1_153' title='bbox 3283 895 3378 946; x_wconf 80' lang='grc' dir='ltr'><strong>καὶ</strong></span> <span class='ocrx_word' id='word_1_154' title='bbox 3419 893 3880 964; x_wconf 80' lang='grc' dir='ltr'>πανηγυριάρχην,</span> 
     </span>
    </p>
   </div>
   <div class='ocr_carea' id='block_1_25' title="bbox 2307 983 3882 1058">
    <p class='ocr_par' dir='ltr' id='par_1_25' title="bbox 2307 983 3882 1058">
     <span class='ocr_line' id='line_1_25' title="bbox 2307 983 3882 1058; baseline 0.001 -22"><span class='ocrx_word' id='word_1_155' title='bbox 2307 983 2523 1056; x_wconf 85' lang='grc' dir='ltr'>νύκτωρ</span> <span class='ocrx_word' id='word_1_156' title='bbox 2552 986 2646 1038; x_wconf 78' lang='grc' dir='ltr'><strong>καὶ</strong></span> <span class='ocrx_word' id='word_1_157' title='bbox 2679 984 3014 1056; x_wconf 80' lang='grc' dir='ltr'>μεθημέραν,</span> <span class='ocrx_word' id='word_1_158' title='bbox 3045 984 3131 1038; x_wconf 78' lang='grc' dir='ltr'>διὰ</span> <span class='ocrx_word' id='word_1_159' title='bbox 3158 986 3340 1058; x_wconf 76' lang='grc' dir='ltr'>πάσης</span> <span class='ocrx_word' id='word_1_160' title='bbox 3364 985 3512 1056; x_wconf 77' lang='grc' dir='ltr'>ὥρας</span> <span class='ocrx_word' id='word_1_161' title='bbox 3538 984 3634 1038; x_wconf 71' lang='grc' dir='ltr'><strong>καὶ</strong></span> <span class='ocrx_word' id='word_1_162' title='bbox 3653 984 3719 1037; x_wconf 83' lang='grc' dir='ltr'>δι’</span> <span class='ocrx_word' id='word_1_163' title='bbox 3743 985 3882 1055; x_wconf 82' lang='grc' dir='ltr'>ὅλης,</span> 
     </span>
    </p>
   </div>
   <div class='ocr_carea' id='block_1_26' title="bbox 2307 1075 3888 1151">
    <p class='ocr_par' dir='ltr' id='par_1_26' title="bbox 2307 1075 3888 1151">
     <span class='ocr_line' id='line_1_26' title="bbox 2307 1075 3888 1151; baseline 0.001 -22"><span class='ocrx_word' id='word_1_164' title='bbox 2307 1075 2384 1140; x_wconf 84' lang='grc' dir='ltr'>ὡς</span> <span class='ocrx_word' id='word_1_165' title='bbox 2411 1077 2603 1137; x_wconf 84' lang='grc' dir='ltr'>εἰπεῖν,</span> <span class='ocrx_word' id='word_1_166' title='bbox 2648 1077 2921 1148; x_wconf 74' lang='grc' dir='ltr'>ἀναπνοῆς</span> <span class='ocrx_word' id='word_1_167' title='bbox 2952 1079 3008 1130; x_wconf 72' lang='grc' dir='ltr'>ἐν</span> <span class='ocrx_word' id='word_1_168' title='bbox 3037 1077 3113 1149; x_wconf 82' lang='grc' dir='ltr'>νῷ</span> <span class='ocrx_word' id='word_1_169' title='bbox 3151 1077 3542 1151; x_wconf 82' lang='grc' dir='ltr'>προορώμενοι,</span> <span class='ocrx_word' id='word_1_170' title='bbox 3581 1077 3888 1150; x_wconf 75' lang='grc' dir='ltr'>στέργοντες</span> 
     </span>
    </p>
   </div>
   <div class='ocr_carea' id='block_1_27' title="bbox 2308 1167 3887 1242">
    <p class='ocr_par' dir='ltr' id='par_1_27' title="bbox 2308 1167 3887 1242">
     <span class='ocr_line' id='line_1_27' title="bbox 2308 1167 3887 1242; baseline 0.001 -22"><span class='ocrx_word' id='word_1_171' title='bbox 2308 1169 2405 1221; x_wconf 69' lang='grc' dir='ltr'><strong>καὶ</strong></span> <span class='ocrx_word' id='word_1_172' title='bbox 2429 1167 2677 1232; x_wconf 77' lang='grc' dir='ltr'>σέϐοντες</span> <span class='ocrx_word' id='word_1_173' title='bbox 2699 1169 2877 1240; x_wconf 62' lang='grc' dir='ltr'>ψυχῆς</span> <span class='ocrx_word' id='word_1_174' title='bbox 2905 1169 3000 1242; x_wconf 78' lang='grc' dir='ltr'><strong>ὅλῃ</strong></span> <span class='ocrx_word' id='word_1_175' title='bbox 3025 1169 3273 1240; x_wconf 79' lang='grc' dir='ltr'>δυνάμει,</span> <span class='ocrx_word' id='word_1_176' title='bbox 3298 1170 3393 1223; x_wconf 70' lang='grc' dir='ltr'><strong>καὶ</strong></span> <span class='ocrx_word' id='word_1_177' title='bbox 3421 1167 3517 1222; x_wconf 74' lang='grc' dir='ltr'>νῦν</span> <span class='ocrx_word' id='word_1_178' title='bbox 3543 1168 3887 1232; x_wconf 84' lang='grc' dir='ltr'>ἀναστάντες,</span> 
     </span>
    </p>
   </div>
   <div class='ocr_carea' id='block_1_28' title="bbox 2315 1257 3893 1330">
    <p class='ocr_par' dir='ltr' id='par_1_28' title="bbox 2315 1257 3893 1330">
     <span class='ocr_line' id='line_1_28' title="bbox 2315 1257 3893 1330; baseline 0.001 -21"><span class='ocrx_word' id='word_1_179' title='bbox 2315 1257 2524 1329; x_wconf 78' lang='grc' dir='ltr'>μεγάλῃ</span> <span class='ocrx_word' id='word_1_180' title='bbox 2556 1258 2848 1322; x_wconf 76' lang='grc' dir='ltr'>διαθέσεως</span> <span class='ocrx_word' id='word_1_181' title='bbox 2875 1262 3025 1330; x_wconf 70' lang='grc' dir='ltr'>φωνῇ</span> <span class='ocrx_word' id='word_1_182' title='bbox 3056 1258 3552 1329; x_wconf 80' lang='grc' dir='ltr'>καθικετεύσωμεν,</span> <span class='ocrx_word' id='word_1_183' title='bbox 3585 1257 3662 1321; x_wconf 84' lang='grc' dir='ltr'>ὡς</span> <span class='ocrx_word' id='word_1_184' title='bbox 3691 1259 3755 1311; x_wconf 87' lang='grc' dir='ltr'>ἂν</span> <span class='ocrx_word' id='word_1_185' title='bbox 3796 1257 3893 1311; x_wconf 81' lang='grc' dir='ltr'><strong>ύπδ</strong></span> 
     </span>
    </p>
   </div>
   <div class='ocr_carea' id='block_1_29' title="bbox 2309 1349 3894 1423">
    <p class='ocr_par' dir='ltr' id='par_1_29' title="bbox 2309 1349 3894 1423">
     <span class='ocr_line' id='line_1_29' title="bbox 2309 1349 3894 1423; baseline 0.001 -20"><span class='ocrx_word' id='word_1_186' title='bbox 2309 1350 2409 1422; x_wconf 78' lang='grc' dir='ltr'><strong>τὴν</strong></span> <span class='ocrx_word' id='word_1_187' title='bbox 2437 1351 2604 1405; x_wconf 83' lang='grc' dir='ltr'>αὑτοῦ</span> <span class='ocrx_word' id='word_1_188' title='bbox 2640 1352 2877 1423; x_wconf 87' lang='grc' dir='ltr'>μάνδραν</span> <span class='ocrx_word' id='word_1_189' title='bbox 2904 1355 2982 1415; x_wconf 86' lang='grc' dir='ltr'><strong>είς</strong></span> <span class='ocrx_word' id='word_1_190' title='bbox 3019 1353 3168 1416; x_wconf 85' lang='grc' dir='ltr'>τέλος</span> <span class='ocrx_word' id='word_1_191' title='bbox 3193 1354 3342 1423; x_wconf 74' lang='grc' dir='ltr'>ἡμᾶς</span> <span class='ocrx_word' id='word_1_192' title='bbox 3383 1349 3678 1415; x_wconf 79' lang='grc' dir='ltr'>σκεπάζων</span> <span class='ocrx_word' id='word_1_193' title='bbox 3713 1350 3894 1405; x_wconf 81' lang='grc' dir='ltr'>διασώ-</span> 
     </span>
    </p>
   </div>
   <div class='ocr_carea' id='block_1_30' title="bbox 2316 1441 3894 1515">
    <p class='ocr_par' dir='ltr' id='par_1_30' title="bbox 2316 1441 3894 1515">
     <span class='ocr_line' id='line_1_30' title="bbox 2316 1441 3894 1515; baseline 0.001 -20"><span class='ocrx_word' id='word_1_194' title='bbox 2316 1441 2482 1507; x_wconf 84' lang='grc' dir='ltr'>ζοιτο,</span> <span class='ocrx_word' id='word_1_195' title='bbox 2529 1441 2627 1512; x_wconf 79' lang='grc' dir='ltr'><strong>τὴν</strong></span> <span class='ocrx_word' id='word_1_196' title='bbox 2667 1444 2796 1514; x_wconf 83' lang='grc' dir='ltr'>παρ’</span> <span class='ocrx_word' id='word_1_197' title='bbox 2831 1443 2996 1496; x_wconf 75' lang='grc' dir='ltr'>αὑτοῦ</span> <span class='ocrx_word' id='word_1_198' title='bbox 3040 1442 3318 1515; x_wconf 75' lang='grc' dir='ltr'>βραϐεύων</span> <span class='ocrx_word' id='word_1_199' title='bbox 3365 1443 3587 1515; x_wconf 74' lang='grc' dir='ltr'>ἀρραγῆ</span> <span class='ocrx_word' id='word_1_200' title='bbox 3638 1443 3732 1496; x_wconf 71' lang='grc' dir='ltr'><strong>καὶ</strong></span> <span class='ocrx_word' id='word_1_201' title='bbox 3763 1443 3894 1497; x_wconf 83' lang='grc' dir='ltr'>ἄσει-</span> 
     </span>
    </p>
   </div>
   <div class='ocr_carea' id='block_1_31' title="bbox 2315 1533 3894 1606">
    <p class='ocr_par' dir='ltr' id='par_1_31' title="bbox 2315 1533 3894 1606">
     <span class='ocr_line' id='line_1_31' title="bbox 2315 1533 3894 1606; baseline 0.001 -20"><span class='ocrx_word' id='word_1_202' title='bbox 2315 1550 2436 1586; x_wconf 86' lang='grc' dir='ltr'>στον</span> <span class='ocrx_word' id='word_1_203' title='bbox 2475 1533 2697 1588; x_wconf 79' lang='grc' dir='ltr'>αἰωνίαν</span> <span class='ocrx_word' id='word_1_204' title='bbox 2733 1535 2975 1605; x_wconf 79' lang='grc' dir='ltr'>εἰρήνην,</span> <span class='ocrx_word' id='word_1_205' title='bbox 3008 1535 3065 1586; x_wconf 83' lang='grc' dir='ltr'>ὲν</span> <span class='ocrx_word' id='word_1_206' title='bbox 3100 1534 3320 1606; x_wconf 77' lang='grc' dir='ltr'>Χριστῷ</span> <span class='ocrx_word' id='word_1_207' title='bbox 3359 1535 3534 1605; x_wconf 76' lang='grc' dir='ltr'>Ἰησοῦ</span> <span class='ocrx_word' id='word_1_208' title='bbox 3573 1533 3652 1606; x_wconf 80' lang='grc' dir='ltr'>τῷ</span> <span class='ocrx_word' id='word_1_209' title='bbox 3689 1534 3894 1605; x_wconf 78' lang='grc' dir='ltr'>Σωτῆρι</span> 
     </span>
    </p>
   </div>
   <div class='ocr_carea' id='block_1_32' title="bbox 2312 1617 3896 1698">
    <p class='ocr_par' dir='ltr' id='par_1_32' title="bbox 2312 1617 3896 1698">
     <span class='ocr_line' id='line_1_32' title="bbox 2312 1617 3896 1698; baseline 0.003 -22"><span class='ocrx_word' id='word_1_210' title='bbox 2312 1624 2491 1695; x_wconf 76' lang='grc' dir='ltr'>ἡμῶν,</span> <span class='ocrx_word' id='word_1_211' title='bbox 2516 1624 2580 1677; x_wconf 80' lang='grc' dir='ltr'>δι’</span> <span class='ocrx_word' id='word_1_212' title='bbox 2607 1617 2666 1676; x_wconf 72' lang='grc' dir='ltr'>οὗ</span> <span class='ocrx_word' id='word_1_213' title='bbox 2696 1624 2843 1695; x_wconf 77' lang='grc' dir='ltr'>αὐτῷ</span> <span class='ocrx_word' id='word_1_214' title='bbox 2874 1627 2905 1696; x_wconf 77' lang='grc' dir='ltr'><strong>ἡ</strong></span> <span class='ocrx_word' id='word_1_215' title='bbox 2933 1625 3058 1689; x_wconf 71' lang='grc' dir='ltr'>δόξα</span> <span class='ocrx_word' id='word_1_216' title='bbox 3091 1629 3170 1690; x_wconf 84' lang='grc' dir='ltr'><strong>είς</strong></span> <span class='ocrx_word' id='word_1_217' title='bbox 3205 1627 3330 1690; x_wconf 69' lang='grc' dir='ltr'>τοὺς</span> <span class='ocrx_word' id='word_1_218' title='bbox 3353 1625 3680 1698; x_wconf 81' lang='grc' dir='ltr'>σύμπαντας</span> <span class='ocrx_word' id='word_1_219' title='bbox 3703 1625 3896 1690; x_wconf 73' lang='grc' dir='ltr'>αἰῶνας</span> 
     </span>
    </p>
   </div>
   <div class='ocr_carea' id='block_1_33' title="bbox 2315 1715 2918 1789">
    <p class='ocr_par' dir='ltr' id='par_1_33' title="bbox 2315 1715 2918 1789">
     <span class='ocr_line' id='line_1_33' title="bbox 2315 1715 2918 1789; baseline 0.008 -22"><span class='ocrx_word' id='word_1_220' title='bbox 2315 1715 2422 1768; x_wconf 83' lang='grc' dir='ltr'><strong>τῶν</strong></span> <span class='ocrx_word' id='word_1_221' title='bbox 2454 1715 2684 1770; x_wconf 79' lang='grc' dir='ltr'>αἰώνων.</span> <span class='ocrx_word' id='word_1_222' title='bbox 2725 1717 2918 1789; x_wconf 79' lang='grc' dir='ltr'>Ἀμήν.</span> 
     </span>
    </p>
   </div>
   <div class='ocr_carea' id='block_1_34' title="bbox 628 1804 3896 1895">
    <p class='ocr_par' dir='ltr' id='par_1_34' title="bbox 628 1804 3896 1895">
     <span class='ocr_line' id='line_1_34' title="bbox 628 1804 3896 1895; baseline -0.004 -15"><span class='ocrx_word' id='word_1_223' title='bbox 628 1817 1181 1895; x_wconf 86' lang='lat' dir='ltr'><strong>suscipiens,coelesti</strong></span> <span class='ocrx_word' id='word_1_224' title='bbox 1212 1814 1360 1871; x_wconf 84' lang='lat' dir='ltr'><strong>Patri</strong></span> <span class='ocrx_word' id='word_1_225' title='bbox 1395 1822 1451 1868; x_wconf 91' lang='lat' dir='ltr'><strong>et</strong></span> <span class='ocrx_word' id='word_1_226' title='bbox 1509 1811 1886 1865; x_wconf 87' lang='lat' dir='ltr'><strong>universorum</strong></span> <span class='ocrx_word' id='word_1_227' title='bbox 1963 1804 2074 1859; x_wconf 90' lang='lat' dir='ltr'><strong>Deo</strong></span> <span class='ocrx_word' id='word_1_228' title='bbox 2141 1807 2457 1860; x_wconf 86' lang='lat' dir='ltr'><strong>transmittit</strong></span> <span class='ocrx_word' id='word_1_229' title='bbox 2511 1809 2767 1877; x_wconf 88' lang='lat' dir='ltr'><strong>:primus</strong></span> <span class='ocrx_word' id='word_1_230' title='bbox 2811 1811 2925 1879; x_wconf 90' lang='lat' dir='ltr'><strong>ipse</strong></span> <span class='ocrx_word' id='word_1_231' title='bbox 2971 1825 3094 1866; x_wconf 88' lang='lat' dir='ltr'><strong>eum</strong></span> <span class='ocrx_word' id='word_1_232' title='bbox 3147 1812 3418 1878; x_wconf 88' lang='lat' dir='ltr'><strong>adorans,</strong></span> <span class='ocrx_word' id='word_1_233' title='bbox 3469 1813 3730 1883; x_wconf 90' lang='lat' dir='ltr'><strong>solusque</strong></span> <span class='ocrx_word' id='word_1_234' title='bbox 3778 1826 3896 1868; x_wconf 89' lang='lat' dir='ltr'><strong>con-</strong></span> 
     </span>
    </p>
   </div>
   <div class='ocr_carea' id='block_1_35' title="bbox 628 1897 3896 1986">
    <p class='ocr_par' dir='ltr' id='par_1_35' title="bbox 628 1897 3896 1986">
     <span class='ocr_line' id='line_1_35' title="bbox 628 1897 3896 1986; baseline -0.007 -17"><span class='ocrx_word' id='word_1_235' title='bbox 628 1924 909 1986; x_wconf 82' lang='lat' dir='ltr'><strong>gruentem</strong></span> <span class='ocrx_word' id='word_1_236' title='bbox 951 1921 1193 1982; x_wconf 75' lang='lat' dir='ltr'><strong>paterna:</strong></span> <span class='ocrx_word' id='word_1_237' title='bbox 1272 1904 1543 1976; x_wconf 90' lang='lat' dir='ltr'><strong>majestati</strong></span> <span class='ocrx_word' id='word_1_238' title='bbox 1607 1904 1869 1958; x_wconf 89' lang='lat' dir='ltr'><strong>honorem</strong></span> <span class='ocrx_word' id='word_1_239' title='bbox 1923 1897 2235 1952; x_wconf 79' lang='lat' dir='ltr'><strong>exhibens:</strong></span> <span class='ocrx_word' id='word_1_240' title='bbox 2281 1897 2480 1952; x_wconf 90' lang='lat' dir='ltr'><strong>deinde</strong></span> <span class='ocrx_word' id='word_1_241' title='bbox 2540 1915 2669 1954; x_wconf 87' lang='lat' dir='ltr'><strong>vero</strong></span> <span class='ocrx_word' id='word_1_242' title='bbox 2711 1899 3044 1968; x_wconf 88' lang='lat' dir='ltr'><strong>obsecrans,</strong></span> <span class='ocrx_word' id='word_1_243' title='bbox 3100 1913 3158 1957; x_wconf 90' lang='lat' dir='ltr'><strong>ut</strong></span> <span class='ocrx_word' id='word_1_244' title='bbox 3205 1903 3251 1958; x_wconf 90' lang='lat' dir='ltr'><strong>is</strong></span> <span class='ocrx_word' id='word_1_245' title='bbox 3301 1905 3576 1974; x_wconf 86' lang='lat' dir='ltr'><strong>propitius</strong></span> <span class='ocrx_word' id='word_1_246' title='bbox 3650 1905 3896 1959; x_wconf 70' lang='lat' dir='ltr'><strong>omnibus</strong></span> 
     </span>
    </p>
   </div>
   <div class='ocr_carea' id='block_1_36' title="bbox 626 1989 3895 2070">
    <p class='ocr_par' dir='ltr' id='par_1_36' title="bbox 626 1989 3895 2070">
     <span class='ocr_line' id='line_1_36' title="bbox 626 1989 3895 2070; baseline -0.003 -8"><span class='ocrx_word' id='word_1_247' title='bbox 626 2007 787 2062; x_wconf 87' lang='lat' dir='ltr'><strong>nobis</strong></span> <span class='ocrx_word' id='word_1_248' title='bbox 847 2019 910 2059; x_wconf 89' lang='lat' dir='ltr'><strong>ac</strong></span> <span class='ocrx_word' id='word_1_249' title='bbox 965 2003 1234 2069; x_wconf 83' lang='lat' dir='ltr'><strong>benignus</strong></span> <span class='ocrx_word' id='word_1_250' title='bbox 1291 2007 1550 2068; x_wconf 87' lang='lat' dir='ltr'><strong>perpetuo</strong></span> <span class='ocrx_word' id='word_1_251' title='bbox 1609 2009 1730 2049; x_wconf 87' lang='lat' dir='ltr'><strong>esse</strong></span> <span class='ocrx_word' id='word_1_252' title='bbox 1778 1991 1928 2046; x_wconf 87' lang='lat' dir='ltr'><strong>velit.</strong></span> <span class='ocrx_word' id='word_1_253' title='bbox 1993 1989 2304 2058; x_wconf 86' lang='lat' dir='ltr'><strong>Ilujusmodi</strong></span> <span class='ocrx_word' id='word_1_254' title='bbox 2370 1993 2534 2064; x_wconf 76' lang='lat'><strong>387</strong></span> <span class='ocrx_word' id='word_1_255' title='bbox 2603 2004 2688 2049; x_wconf 80' lang='lat' dir='ltr'><strong>est</strong></span> <span class='ocrx_word' id='word_1_256' title='bbox 2755 2011 3006 2066; x_wconf 85' lang='lat' dir='ltr'><strong>maguum</strong></span> <span class='ocrx_word' id='word_1_257' title='bbox 3059 1997 3198 2052; x_wconf 92' lang='lat' dir='ltr'><strong>illud</strong></span> <span class='ocrx_word' id='word_1_258' title='bbox 3274 1998 3561 2068; x_wconf 89' lang='lat' dir='ltr'><strong>templum,</strong></span> <span class='ocrx_word' id='word_1_259' title='bbox 3614 1999 3755 2070; x_wconf 91' lang='lat' dir='ltr'><strong>quod</strong></span> <span class='ocrx_word' id='word_1_260' title='bbox 3807 2013 3895 2067; x_wconf 85' lang='lat' dir='ltr'><strong>per</strong></span> 
     </span>
    </p>
   </div>
   <div class='ocr_carea' id='block_1_37' title="bbox 628 2082 3889 2160">
    <p class='ocr_par' dir='ltr' id='par_1_37' title="bbox 628 2082 3889 2160">
     <span class='ocr_line' id='line_1_37' title="bbox 628 2082 3889 2160; baseline -0.003 -9"><span class='ocrx_word' id='word_1_261' title='bbox 628 2099 939 2154; x_wconf 89' lang='lat' dir='ltr'><strong>universum</strong></span> <span class='ocrx_word' id='word_1_262' title='bbox 975 2104 1242 2150; x_wconf 88' lang='lat' dir='ltr'><strong>terrarum</strong></span> <span class='ocrx_word' id='word_1_263' title='bbox 1272 2091 1459 2146; x_wconf 88' lang='lat' dir='ltr'><strong>orbem</strong></span> <span class='ocrx_word' id='word_1_264' title='bbox 1486 2100 1710 2158; x_wconf 85' lang='lat' dir='ltr'><strong>magnus</strong></span> <span class='ocrx_word' id='word_1_265' title='bbox 1739 2084 1829 2141; x_wconf 91' lang='lat' dir='ltr'><strong>ille</strong></span> <span class='ocrx_word' id='word_1_266' title='bbox 1864 2083 2048 2138; x_wconf 90' lang='lat' dir='ltr'><strong>mundi</strong></span> <span class='ocrx_word' id='word_1_267' title='bbox 2076 2082 2254 2152; x_wconf 76' lang='lat' dir='ltr'><strong>epifex</strong></span> <span class='ocrx_word' id='word_1_268' title='bbox 2292 2083 2526 2140; x_wconf 82' lang='lat' dir='ltr'><strong>Verbum</strong></span> <span class='ocrx_word' id='word_1_269' title='bbox 2600 2088 2694 2142; x_wconf 89' lang='lat' dir='ltr'><strong>Dei</strong></span> <span class='ocrx_word' id='word_1_270' title='bbox 2758 2089 3081 2156; x_wconf 83' lang='lat' dir='ltr'><strong>constituit;</strong></span> <span class='ocrx_word' id='word_1_271' title='bbox 3153 2089 3402 2160; x_wconf 89' lang='lat' dir='ltr'><strong>hancque</strong></span> <span class='ocrx_word' id='word_1_272' title='bbox 3473 2090 3889 2146; x_wconf 82' lang='lat' dir='ltr'><strong>intellectualem</strong></span> 
     </span>
    </p>
   </div>
   <div class='ocr_carea' id='block_1_38' title="bbox 628 2177 3894 2262">
    <p class='ocr_par' dir='ltr' id='par_1_38' title="bbox 628 2177 3894 2262">
     <span class='ocr_line' id='line_1_38' title="bbox 628 2177 3894 2262; baseline -0.004 -15"><span class='ocrx_word' id='word_1_273' title='bbox 628 2193 918 2262; x_wconf 83' lang='lat' dir='ltr'><strong>imaginem</strong></span> <span class='ocrx_word' id='word_1_274' title='bbox 943 2205 1129 2246; x_wconf 91' lang='lat' dir='ltr'><strong>eorum</strong></span> <span class='ocrx_word' id='word_1_275' title='bbox 1161 2202 1280 2257; x_wconf 84' lang='lat' dir='ltr'><strong>quae</strong></span> <span class='ocrx_word' id='word_1_276' title='bbox 1307 2185 1444 2240; x_wconf 89' lang='lat' dir='ltr'><strong>ultra</strong></span> <span class='ocrx_word' id='word_1_277' title='bbox 1473 2183 1620 2253; x_wconf 90' lang='lat' dir='ltr'><strong>ipsos</strong></span> <span class='ocrx_word' id='word_1_278' title='bbox 1653 2179 1778 2236; x_wconf 65' lang='lat' dir='ltr'><strong>coeli</strong></span> <span class='ocrx_word' id='word_1_279' title='bbox 1822 2177 2059 2233; x_wconf 85' lang='lat' dir='ltr'><strong>fornices</strong></span> <span class='ocrx_word' id='word_1_280' title='bbox 2102 2178 2274 2247; x_wconf 89' lang='lat' dir='ltr'><strong>posita</strong></span> <span class='ocrx_word' id='word_1_281' title='bbox 2340 2188 2486 2240; x_wconf 88' lang='lat' dir='ltr'><strong>sunt,</strong></span> <span class='ocrx_word' id='word_1_282' title='bbox 2554 2179 2669 2248; x_wconf 91' lang='lat' dir='ltr'><strong>ipse</strong></span> <span class='ocrx_word' id='word_1_283' title='bbox 2738 2181 2789 2235; x_wconf 93' lang='lat' dir='ltr'><strong>in</strong></span> <span class='ocrx_word' id='word_1_284' title='bbox 2827 2183 2990 2237; x_wconf 87' lang='lat' dir='ltr'><strong>terris</strong></span> <span class='ocrx_word' id='word_1_285' title='bbox 3020 2181 3201 2237; x_wconf 93' lang='lat' dir='ltr'><strong>denuo</strong></span> <span class='ocrx_word' id='word_1_286' title='bbox 3259 2181 3489 2252; x_wconf 77' lang='lat' dir='ltr'><strong>perfecit</strong></span> <span class='ocrx_word' id='word_1_287' title='bbox 3523 2200 3536 2236; x_wconf 92' lang='lat'>:</span> <span class='ocrx_word' id='word_1_288' title='bbox 3570 2190 3630 2237; x_wconf 91' lang='lat' dir='ltr'><strong>ut</strong></span> <span class='ocrx_word' id='word_1_289' title='bbox 3658 2183 3727 2238; x_wconf 91' lang='lat' dir='ltr'><strong>ab</strong></span> <span class='ocrx_word' id='word_1_290' title='bbox 3756 2179 3894 2242; x_wconf 88' lang='lat' dir='ltr'><strong>omni</strong></span> 
     </span>
    </p>
   </div>
   <div class='ocr_carea' id='block_1_39' title="bbox 629 2272 3896 2346">
    <p class='ocr_par' dir='ltr' id='par_1_39' title="bbox 629 2272 3896 2346">
     <span class='ocr_line' id='line_1_39' title="bbox 629 2272 3896 2346; baseline -0.002 -6"><span class='ocrx_word' id='word_1_291' title='bbox 629 2293 880 2340; x_wconf 87' lang='lat' dir='ltr'><strong>creatura</strong></span> <span class='ocrx_word' id='word_1_292' title='bbox 909 2291 965 2337; x_wconf 93' lang='lat' dir='ltr'><strong>et</strong></span> <span class='ocrx_word' id='word_1_293' title='bbox 1001 2281 1069 2335; x_wconf 91' lang='lat' dir='ltr'><strong>ab</strong></span> <span class='ocrx_word' id='word_1_294' title='bbox 1099 2277 1467 2334; x_wconf 86' lang='lat' dir='ltr'><strong>animantibus</strong></span> <span class='ocrx_word' id='word_1_295' title='bbox 1535 2275 1748 2331; x_wconf 87' lang='lat' dir='ltr'><strong>ratione</strong></span> <span class='ocrx_word' id='word_1_296' title='bbox 1820 2273 2086 2343; x_wconf 54' lang='lat' dir='ltr'><strong>praeditis,</strong></span> <span class='ocrx_word' id='word_1_297' title='bbox 2147 2272 2304 2327; x_wconf 84' lang='lat' dir='ltr'><strong>Pater</strong></span> <span class='ocrx_word' id='word_1_298' title='bbox 2341 2273 2511 2344; x_wconf 84' lang='lat' dir='ltr'><strong>ipsius</strong></span> <span class='ocrx_word' id='word_1_299' title='bbox 2563 2275 2747 2330; x_wconf 86' lang='lat' dir='ltr'><strong>debito</strong></span> <span class='ocrx_word' id='word_1_300' title='bbox 2805 2277 3010 2331; x_wconf 89' lang='lat' dir='ltr'><strong>honore</strong></span> <span class='ocrx_word' id='word_1_301' title='bbox 3069 2276 3328 2346; x_wconf 90' lang='lat' dir='ltr'><strong>cultuque</strong></span> <span class='ocrx_word' id='word_1_302' title='bbox 3379 2277 3710 2334; x_wconf 86' lang='lat' dir='ltr'><strong>afliceretur.</strong></span> <span class='ocrx_word' id='word_1_303' title='bbox 3758 2278 3896 2333; x_wconf 84' lang='lat' dir='ltr'><strong>Illam</strong></span> 
     </span>
    </p>
   </div>
   <div class='ocr_carea' id='block_1_40' title="bbox 626 2366 3899 2446">
    <p class='ocr_par' dir='ltr' id='par_1_40' title="bbox 626 2366 3899 2446">
     <span class='ocr_line' id='line_1_40' title="bbox 626 2366 3899 2446; baseline -0.002 -13"><span class='ocrx_word' id='word_1_304' title='bbox 626 2393 760 2433; x_wconf 87' lang='lat' dir='ltr'><strong>vero</strong></span> <span class='ocrx_word' id='word_1_305' title='bbox 789 2375 1229 2446; x_wconf 71' lang='lat' dir='ltr'><strong>supercoalestem</strong></span> <span class='ocrx_word' id='word_1_306' title='bbox 1269 2371 1540 2440; x_wconf 79' lang='lat' dir='ltr'><strong>regionem</strong></span> <span class='ocrx_word' id='word_1_307' title='bbox 1570 2379 1625 2424; x_wconf 92' lang='lat' dir='ltr'><strong>et</strong></span> <span class='ocrx_word' id='word_1_308' title='bbox 1663 2384 1726 2422; x_wconf 91' lang='lat' dir='ltr'><strong>ea</strong></span> <span class='ocrx_word' id='word_1_309' title='bbox 1773 2383 1891 2437; x_wconf 85' lang='lat' dir='ltr'><strong>quae</strong></span> <span class='ocrx_word' id='word_1_310' title='bbox 1923 2366 2030 2421; x_wconf 87' lang='lat' dir='ltr'><strong>illic</strong></span> <span class='ocrx_word' id='word_1_311' title='bbox 2069 2375 2198 2420; x_wconf 90' lang='lat' dir='ltr'><strong>sunt</strong></span> <span class='ocrx_word' id='word_1_312' title='bbox 2236 2366 2567 2436; x_wconf 78' lang='lat' dir='ltr'><strong>exemplaria</strong></span> <span class='ocrx_word' id='word_1_313' title='bbox 2597 2369 2789 2422; x_wconf 91' lang='lat' dir='ltr'><strong>horum</strong></span> <span class='ocrx_word' id='word_1_314' title='bbox 2822 2384 2943 2437; x_wconf 75' lang='lat' dir='ltr'><strong>qua:</strong></span> <span class='ocrx_word' id='word_1_315' title='bbox 2981 2368 3070 2423; x_wconf 87' lang='lat' dir='ltr'><strong>hic</strong></span> <span class='ocrx_word' id='word_1_316' title='bbox 3133 2370 3448 2425; x_wconf 88' lang='lat' dir='ltr'><strong>cernimus:</strong></span> <span class='ocrx_word' id='word_1_317' title='bbox 3483 2385 3777 2441; x_wconf 88' lang='lat' dir='ltr'><strong>supernam</strong></span> <span class='ocrx_word' id='word_1_318' title='bbox 3841 2368 3899 2425; x_wconf 61' lang='lat' dir='ltr'><strong>ilo</strong></span> 
     </span>
    </p>
   </div>
   <div class='ocr_carea' id='block_1_41' title="bbox 622 2459 3895 2533">
    <p class='ocr_par' dir='ltr' id='par_1_41' title="bbox 622 2459 3895 2533">
     <span class='ocr_line' id='line_1_41' title="bbox 622 2459 3895 2533; baseline -0.003 -6"><span class='ocrx_word' id='word_1_319' title='bbox 622 2475 735 2528; x_wconf 89' lang='lat' dir='ltr'><strong>lam</strong></span> <span class='ocrx_word' id='word_1_320' title='bbox 768 2468 1127 2532; x_wconf 80' lang='lat' dir='ltr'><strong>Hierusalem,</strong></span> <span class='ocrx_word' id='word_1_321' title='bbox 1166 2465 1444 2520; x_wconf 72' lang='lat' dir='ltr'><strong>ccclestem</strong></span> <span class='ocrx_word' id='word_1_322' title='bbox 1486 2473 1723 2518; x_wconf 90' lang='lat' dir='ltr'><strong>montem</strong></span> <span class='ocrx_word' id='word_1_323' title='bbox 1768 2463 1923 2525; x_wconf 82' lang='lat' dir='ltr'><strong>Sion,</strong></span> <span class='ocrx_word' id='word_1_324' title='bbox 1962 2470 2017 2515; x_wconf 92' lang='lat' dir='ltr'><strong>et</strong></span> <span class='ocrx_word' id='word_1_325' title='bbox 2054 2459 2192 2514; x_wconf 92' lang='lat' dir='ltr'><strong>ultra</strong></span> <span class='ocrx_word' id='word_1_326' title='bbox 2234 2460 2492 2513; x_wconf 87' lang='lat' dir='ltr'><strong>mundum</strong></span> <span class='ocrx_word' id='word_1_327' title='bbox 2528 2460 2759 2529; x_wconf 88' lang='lat' dir='ltr'><strong>positam</strong></span> <span class='ocrx_word' id='word_1_328' title='bbox 2825 2461 3099 2516; x_wconf 79' lang='lat' dir='ltr'><strong>civitatem</strong></span> <span class='ocrx_word' id='word_1_329' title='bbox 3148 2461 3240 2515; x_wconf 91' lang='lat' dir='ltr'><strong>Dei</strong></span> <span class='ocrx_word' id='word_1_330' title='bbox 3302 2463 3566 2530; x_wconf 75' lang='lat' dir='ltr'><strong>viventis,</strong></span> <span class='ocrx_word' id='word_1_331' title='bbox 3603 2464 3658 2518; x_wconf 91' lang='lat' dir='ltr'><strong>in</strong></span> <span class='ocrx_word' id='word_1_332' title='bbox 3689 2478 3793 2533; x_wconf 90' lang='lat' dir='ltr'><strong>qua</strong></span> <span class='ocrx_word' id='word_1_333' title='bbox 3817 2462 3895 2517; x_wconf 83' lang='lat' dir='ltr'><strong>in-</strong></span> 
     </span>
    </p>
   </div>
   <div class='ocr_carea' id='block_1_42' title="bbox 629 2551 3896 2629">
    <p class='ocr_par' dir='ltr' id='par_1_42' title="bbox 629 2551 3896 2629">
     <span class='ocr_line' id='line_1_42' title="bbox 629 2551 3896 2629; baseline -0.004 -10"><span class='ocrx_word' id='word_1_334' title='bbox 629 2561 1002 2620; x_wconf 85' lang='lat' dir='ltr'><strong>numerabiles</strong></span> <span class='ocrx_word' id='word_1_335' title='bbox 1057 2557 1376 2629; x_wconf 84' lang='lat' dir='ltr'><strong>angelorum</strong></span> <span class='ocrx_word' id='word_1_336' title='bbox 1407 2557 1586 2621; x_wconf 89' lang='lat' dir='ltr'><strong>chori,</strong></span> <span class='ocrx_word' id='word_1_337' title='bbox 1643 2565 1697 2609; x_wconf 90' lang='lat' dir='ltr'><strong>et</strong></span> <span class='ocrx_word' id='word_1_338' title='bbox 1723 2553 1965 2608; x_wconf 84' lang='lat' dir='ltr'><strong>Ecclesia</strong></span> <span class='ocrx_word' id='word_1_339' title='bbox 2003 2551 2483 2622; x_wconf 83' lang='lat' dir='ltr'><strong>primogenitorum</strong></span> <span class='ocrx_word' id='word_1_340' title='bbox 2503 2552 2592 2621; x_wconf 92' lang='lat' dir='ltr'><strong>qui</strong></span> <span class='ocrx_word' id='word_1_341' title='bbox 2620 2552 2671 2606; x_wconf 93' lang='lat' dir='ltr'><strong>in</strong></span> <span class='ocrx_word' id='word_1_342' title='bbox 2710 2551 2833 2608; x_wconf 87' lang='lat' dir='ltr'><strong>albo</strong></span> <span class='ocrx_word' id='word_1_343' title='bbox 2872 2552 3170 2607; x_wconf 64' lang='lat' dir='ltr'><strong>caelestium</strong></span> <span class='ocrx_word' id='word_1_344' title='bbox 3223 2553 3422 2610; x_wconf 84' lang='lat' dir='ltr'><strong>civium</strong></span> <span class='ocrx_word' id='word_1_345' title='bbox 3475 2555 3736 2626; x_wconf 85' lang='lat' dir='ltr'><strong>descripti</strong></span> <span class='ocrx_word' id='word_1_346' title='bbox 3763 2563 3896 2621; x_wconf 77' lang='lat' dir='ltr'><strong>sunt,</strong></span> 
     </span>
    </p>
   </div>
   <div class='ocr_carea' id='block_1_43' title="bbox 631 2645 3896 2718">
    <p class='ocr_par' dir='ltr' id='par_1_43' title="bbox 631 2645 3896 2718">
     <span class='ocr_line' id='line_1_43' title="bbox 631 2645 3896 2718; baseline -0.002 -10"><span class='ocrx_word' id='word_1_347' title='bbox 631 2656 962 2710; x_wconf 87' lang='lat' dir='ltr'><strong>conditorem</strong></span> <span class='ocrx_word' id='word_1_348' title='bbox 991 2667 1145 2706; x_wconf 90' lang='lat' dir='ltr'><strong>suum</strong></span> <span class='ocrx_word' id='word_1_349' title='bbox 1173 2665 1237 2704; x_wconf 91' lang='lat' dir='ltr'><strong>ac</strong></span> <span class='ocrx_word' id='word_1_350' title='bbox 1267 2663 1535 2704; x_wconf 89' lang='lat' dir='ltr'><strong>summum</strong></span> <span class='ocrx_word' id='word_1_351' title='bbox 1563 2647 1803 2702; x_wconf 90' lang='lat' dir='ltr'><strong>omnium</strong></span> <span class='ocrx_word' id='word_1_352' title='bbox 1858 2648 2053 2701; x_wconf 91' lang='lat' dir='ltr'><strong>ducem</strong></span> <span class='ocrx_word' id='word_1_353' title='bbox 2117 2645 2328 2716; x_wconf 86' lang='lat' dir='ltr'><strong>hymnis</strong></span> <span class='ocrx_word' id='word_1_354' title='bbox 2358 2647 2678 2716; x_wconf 91' lang='lat' dir='ltr'><strong>quibusdam</strong></span> <span class='ocrx_word' id='word_1_355' title='bbox 2739 2647 3205 2718; x_wconf 75' lang='lat' dir='ltr'><strong>inexplicabilibus</strong></span> <span class='ocrx_word' id='word_1_356' title='bbox 3269 2664 3404 2718; x_wconf 85' lang='lat' dir='ltr'><strong>quos</strong></span> <span class='ocrx_word' id='word_1_357' title='bbox 3466 2663 3572 2704; x_wconf 81' lang='lat' dir='ltr'><strong>nec</strong></span> <span class='ocrx_word' id='word_1_358' title='bbox 3606 2650 3896 2718; x_wconf 81' lang='lat' dir='ltr'><strong>intelligen-</strong></span> 
     </span>
    </p>
   </div>
   <div class='ocr_carea' id='block_1_44' title="bbox 629 2737 3897 2813">
    <p class='ocr_par' dir='ltr' id='par_1_44' title="bbox 629 2737 3897 2813">
     <span class='ocr_line' id='line_1_44' title="bbox 629 2737 3897 2813; baseline -0.002 -13"><span class='ocrx_word' id='word_1_359' title='bbox 629 2746 706 2800; x_wconf 78' lang='lat' dir='ltr'><strong>tia</strong></span> <span class='ocrx_word' id='word_1_360' title='bbox 747 2744 961 2813; x_wconf 86' lang='lat' dir='ltr'><strong>assequi</strong></span> <span class='ocrx_word' id='word_1_361' title='bbox 1015 2757 1318 2812; x_wconf 88' lang='lat' dir='ltr'><strong>possumus,</strong></span> <span class='ocrx_word' id='word_1_362' title='bbox 1355 2750 1721 2794; x_wconf 87' lang='lat' dir='ltr'><strong>venerantur:</strong></span> <span class='ocrx_word' id='word_1_363' title='bbox 1758 2737 1934 2792; x_wconf 89' lang='lat' dir='ltr'><strong>nullus</strong></span> <span class='ocrx_word' id='word_1_364' title='bbox 1991 2737 2298 2791; x_wconf 83' lang='lat' dir='ltr'><strong>mortalium</strong></span> <span class='ocrx_word' id='word_1_365' title='bbox 2359 2752 2457 2806; x_wconf 91' lang='lat' dir='ltr'><strong>pro</strong></span> <span class='ocrx_word' id='word_1_366' title='bbox 2488 2739 2750 2808; x_wconf 78' lang='lat' dir='ltr'><strong>dignitate</strong></span> <span class='ocrx_word' id='word_1_367' title='bbox 2812 2739 3092 2794; x_wconf 88' lang='lat' dir='ltr'><strong>celebrare</strong></span> <span class='ocrx_word' id='word_1_368' title='bbox 3121 2739 3421 2796; x_wconf 64' lang='lat' dir='ltr'><strong>suffecerit.</strong></span> <span class='ocrx_word' id='word_1_369' title='bbox 3484 2742 3703 2798; x_wconf 85' lang='lat' dir='ltr'><strong>Etenim</strong></span> <span class='ocrx_word' id='word_1_370' title='bbox 3746 2761 3766 2795; x_wconf 73' lang='grc' dir='ltr'><strong>ε</strong></span> <span class='ocrx_word' id='word_1_371' title='bbox 3807 2755 3897 2796; x_wconf 80' lang='lat' dir='ltr'><strong>nec</strong></span> 
     </span>
    </p>
   </div>
   <div class='ocr_carea' id='block_1_45' title="bbox 631 2829 3895 2906">
    <p class='ocr_par' dir='ltr' id='par_1_45' title="bbox 631 2829 3895 2906">
     <span class='ocr_line' id='line_1_45' title="bbox 631 2829 3895 2906; baseline -0.001 -14"><span class='ocrx_word' id='word_1_372' title='bbox 631 2837 820 2892; x_wconf 91' lang='lat' dir='ltr'><strong>oculus</strong></span> <span class='ocrx_word' id='word_1_373' title='bbox 847 2836 1001 2897; x_wconf 84' lang='lat' dir='ltr'><strong>vidit,</strong></span> <span class='ocrx_word' id='word_1_374' title='bbox 1035 2848 1136 2888; x_wconf 89' lang='lat' dir='ltr'><strong>nec</strong></span> <span class='ocrx_word' id='word_1_375' title='bbox 1163 2834 1313 2885; x_wconf 88' lang='lat' dir='ltr'><strong>auris</strong></span> <span class='ocrx_word' id='word_1_376' title='bbox 1347 2831 1571 2894; x_wconf 86' lang='lat' dir='ltr'><strong>audivit,</strong></span> <span class='ocrx_word' id='word_1_377' title='bbox 1602 2844 1703 2884; x_wconf 89' lang='lat' dir='ltr'><strong>nec</strong></span> <span class='ocrx_word' id='word_1_378' title='bbox 1767 2829 1821 2883; x_wconf 90' lang='lat' dir='ltr'><strong>in</strong></span> <span class='ocrx_word' id='word_1_379' title='bbox 1888 2844 1982 2884; x_wconf 89' lang='lat' dir='ltr'><strong>cor</strong></span> <span class='ocrx_word' id='word_1_380' title='bbox 2029 2830 2264 2884; x_wconf 89' lang='lat' dir='ltr'><strong>hominis</strong></span> <span class='ocrx_word' id='word_1_381' title='bbox 2305 2830 2668 2884; x_wconf 88' lang='lat' dir='ltr'><strong>ascenderunt</strong></span> <span class='ocrx_word' id='word_1_382' title='bbox 2719 2847 2784 2886; x_wconf 90' lang='lat' dir='ltr'><strong>ea</strong></span> <span class='ocrx_word' id='word_1_383' title='bbox 2831 2847 2950 2901; x_wconf 66' lang='lat' dir='ltr'><strong>qua:</strong></span> <span class='ocrx_word' id='word_1_384' title='bbox 2991 2834 3128 2887; x_wconf 91' lang='lat' dir='ltr'><strong>Deus</strong></span> <span class='ocrx_word' id='word_1_385' title='bbox 3173 2834 3500 2905; x_wconf 68' lang='lat' dir='ltr'><strong>prmparavit</strong></span> <span class='ocrx_word' id='word_1_386' title='bbox 3562 2835 3895 2906; x_wconf 82' lang='lat' dir='ltr'><strong>diligentibus</strong></span> 
     </span>
    </p>
   </div>
   <div class='ocr_carea' id='block_1_46' title="bbox 631 2920 3894 3000">
    <p class='ocr_par' dir='ltr' id='par_1_46' title="bbox 631 2920 3894 3000">
     <span class='ocr_line' id='line_1_46' title="bbox 631 2920 3894 3000; baseline -0.001 -17"><span class='ocrx_word' id='word_1_387' title='bbox 631 2943 691 2984; x_wconf 88' lang='lat' dir='ltr'><strong>se</strong></span> <span class='ocrx_word' id='word_1_388' title='bbox 716 2929 782 2983; x_wconf 79' lang='lat'><strong>“.</strong></span> <span class='ocrx_word' id='word_1_389' title='bbox 814 2946 834 2980; x_wconf 75' lang='grc' dir='ltr'><strong>ι</strong></span> <span class='ocrx_word' id='word_1_390' title='bbox 867 2927 1102 2994; x_wconf 89' lang='lat' dir='ltr'><strong>Quarum</strong></span> <span class='ocrx_word' id='word_1_391' title='bbox 1145 2924 1360 2994; x_wconf 87' lang='lat' dir='ltr'><strong>quidem</strong></span> <span class='ocrx_word' id='word_1_392' title='bbox 1410 2936 1587 2976; x_wconf 89' lang='lat' dir='ltr'><strong>rerum</strong></span> <span class='ocrx_word' id='word_1_393' title='bbox 1612 2920 1723 2990; x_wconf 90' lang='lat' dir='ltr'><strong>jam</strong></span> <span class='ocrx_word' id='word_1_394' title='bbox 1754 2921 1932 2991; x_wconf 89' lang='lat' dir='ltr'><strong>aliqua</strong></span> <span class='ocrx_word' id='word_1_395' title='bbox 1965 2937 2030 3000; x_wconf 73' lang='lat' dir='ltr'><strong>ex</strong></span> <span class='ocrx_word' id='word_1_396' title='bbox 2062 2931 2216 2991; x_wconf 86' lang='lat' dir='ltr'><strong>parte</strong></span> <span class='ocrx_word' id='word_1_397' title='bbox 2255 2920 2348 2976; x_wconf 85' lang='lat' dir='ltr'><strong>Dei</strong></span> <span class='ocrx_word' id='word_1_398' title='bbox 2374 2922 2634 2976; x_wconf 78' lang='lat' dir='ltr'><strong>beneficio</strong></span> <span class='ocrx_word' id='word_1_399' title='bbox 2665 2933 2940 2992; x_wconf 87' lang='lat' dir='ltr'><strong>compotes</strong></span> <span class='ocrx_word' id='word_1_400' title='bbox 2975 2924 3141 2996; x_wconf 44' lang='lat' dir='ltr'><strong>facti,‘</strong></span> <span class='ocrx_word' id='word_1_401' title='bbox 3163 2927 3267 2979; x_wconf 86' lang='lat' dir='ltr'><strong>viri</strong></span> <span class='ocrx_word' id='word_1_402' title='bbox 3326 2942 3446 2981; x_wconf 91' lang='lat' dir='ltr'><strong>cum</strong></span> <span class='ocrx_word' id='word_1_403' title='bbox 3508 2927 3823 2982; x_wconf 84' lang='lat' dir='ltr'><strong>mulieribus</strong></span> <span class='ocrx_word' id='word_1_404' title='bbox 3844 2932 3894 2979; x_wconf 86' lang='lat' dir='ltr'><strong>et</strong></span> 
     </span>
    </p>
   </div>
   <div class='ocr_carea' id='block_1_47' title="bbox 631 3013 3893 3093">
    <p class='ocr_par' dir='ltr' id='par_1_47' title="bbox 631 3013 3893 3093">
     <span class='ocr_line' id='line_1_47' title="bbox 631 3013 3893 3093; baseline -0 -19"><span class='ocrx_word' id='word_1_405' title='bbox 631 3022 847 3093; x_wconf 80' lang='lat' dir='ltr'><strong>pueris;</strong></span> <span class='ocrx_word' id='word_1_406' title='bbox 879 3017 1078 3072; x_wconf 89' lang='lat' dir='ltr'><strong>summi</strong></span> <span class='ocrx_word' id='word_1_407' title='bbox 1113 3017 1318 3086; x_wconf 90' lang='lat' dir='ltr'><strong>pariter</strong></span> <span class='ocrx_word' id='word_1_408' title='bbox 1368 3015 1784 3084; x_wconf 50' lang='lat' dir='ltr'><strong>atque,inﬁmi;</strong></span> <span class='ocrx_word' id='word_1_409' title='bbox 1817 3030 2006 3071; x_wconf 89' lang='lat' dir='ltr'><strong>omnes</strong></span> <span class='ocrx_word' id='word_1_410' title='bbox 2071 3014 2232 3069; x_wconf 78' lang='lat' dir='ltr'><strong>simul</strong></span> <span class='ocrx_word' id='word_1_411' title='bbox 2271 3029 2377 3070; x_wconf 91' lang='lat' dir='ltr'><strong>uno</strong></span> <span class='ocrx_word' id='word_1_412' title='bbox 2424 3013 2618 3084; x_wconf 91' lang='lat' dir='ltr'><strong>spiritu</strong></span> <span class='ocrx_word' id='word_1_413' title='bbox 2689 3031 2902 3085; x_wconf 88' lang='lat' dir='ltr'><strong>unoque</strong></span> <span class='ocrx_word' id='word_1_414' title='bbox 2968 3017 3269 3072; x_wconf 89' lang='lat' dir='ltr'><strong>animorum</strong></span> <span class='ocrx_word' id='word_1_415' title='bbox 3320 3034 3592 3074; x_wconf 85' lang='lat' dir='ltr'><strong>consensu</strong></span> <span class='ocrx_word' id='word_1_416' title='bbox 3637 3030 3893 3074; x_wconf 78' lang='lat' dir='ltr'><strong>tantorum</strong></span> 
     </span>
    </p>
   </div>
   <div class='ocr_carea' id='block_1_48' title="bbox 631 3105 3889 3179">
    <p class='ocr_par' dir='ltr' id='par_1_48' title="bbox 631 3105 3889 3179">
     <span class='ocr_line' id='line_1_48' title="bbox 631 3105 3889 3179; baseline -0.002 -10"><span class='ocrx_word' id='word_1_417' title='bbox 631 3113 791 3169; x_wconf 85' lang='lat' dir='ltr'><strong>nobis</strong></span> <span class='ocrx_word' id='word_1_418' title='bbox 820 3113 1083 3166; x_wconf 91' lang='lat' dir='ltr'><strong>bonorum</strong></span> <span class='ocrx_word' id='word_1_419' title='bbox 1113 3117 1393 3162; x_wconf 89' lang='lat' dir='ltr'><strong>auctorem</strong></span> <span class='ocrx_word' id='word_1_420' title='bbox 1419 3105 1670 3161; x_wconf 82' lang='lat' dir='ltr'><strong>conﬁteri</strong></span> <span class='ocrx_word' id='word_1_421' title='bbox 1733 3121 1797 3161; x_wconf 89' lang='lat' dir='ltr'><strong>ac</strong></span> <span class='ocrx_word' id='word_1_422' title='bbox 1866 3107 2147 3162; x_wconf 84' lang='lat' dir='ltr'><strong>celebrare</strong></span> <span class='ocrx_word' id='word_1_423' title='bbox 2200 3121 2472 3176; x_wconf 90' lang='lat' dir='ltr'><strong>nunquam</strong></span> <span class='ocrx_word' id='word_1_424' title='bbox 2539 3107 2852 3162; x_wconf 89' lang='lat' dir='ltr'><strong>desinamus</strong></span> <span class='ocrx_word' id='word_1_425' title='bbox 2886 3126 2900 3162; x_wconf 89' lang='lat'><strong>:</strong></span> <span class='ocrx_word' id='word_1_426' title='bbox 2939 3125 2957 3159; x_wconf 77' lang='grc' dir='ltr'><strong>ι</strong></span> <span class='ocrx_word' id='word_1_427' title='bbox 2998 3107 3096 3175; x_wconf 86' lang='lat' dir='ltr'><strong>Qui</strong></span> <span class='ocrx_word' id='word_1_428' title='bbox 3141 3110 3463 3179; x_wconf 89' lang='lat' dir='ltr'><strong>propitiatur</strong></span> <span class='ocrx_word' id='word_1_429' title='bbox 3513 3112 3761 3167; x_wconf 91' lang='lat' dir='ltr'><strong>omnibus</strong></span> <span class='ocrx_word' id='word_1_430' title='bbox 3796 3109 3889 3164; x_wconf 87' lang='lat' dir='ltr'><strong>ini-</strong></span> 
     </span>
    </p>
   </div>
   <div class='ocr_carea' id='block_1_49' title="bbox 632 3199 3891 3276">
    <p class='ocr_par' dir='ltr' id='par_1_49' title="bbox 632 3199 3891 3276">
     <span class='ocr_line' id='line_1_49' title="bbox 632 3199 3891 3276; baseline -0.001 -19"><span class='ocrx_word' id='word_1_431' title='bbox 632 3203 934 3276; x_wconf 77' lang='lat' dir='ltr'><strong>quitatibus</strong></span> <span class='ocrx_word' id='word_1_432' title='bbox 991 3200 1223 3265; x_wconf 87' lang='lat' dir='ltr'><strong>nostris;</strong></span> <span class='ocrx_word' id='word_1_433' title='bbox 1271 3199 1362 3268; x_wconf 90' lang='lat' dir='ltr'><strong>qui</strong></span> <span class='ocrx_word' id='word_1_434' title='bbox 1420 3207 1579 3253; x_wconf 87' lang='lat' dir='ltr'><strong>sanat</strong></span> <span class='ocrx_word' id='word_1_435' title='bbox 1617 3212 1806 3254; x_wconf 87' lang='lat' dir='ltr'><strong>omnes</strong></span> <span class='ocrx_word' id='word_1_436' title='bbox 1856 3199 2202 3253; x_wconf 86' lang='lat' dir='ltr'><strong>infirmitates</strong></span> <span class='ocrx_word' id='word_1_437' title='bbox 2243 3199 2608 3269; x_wconf 83' lang='lat' dir='ltr'><strong>nostras;qui</strong></span> <span class='ocrx_word' id='word_1_438' title='bbox 2638 3200 2855 3254; x_wconf 86' lang='lat' dir='ltr'><strong>redimit</strong></span> <span class='ocrx_word' id='word_1_439' title='bbox 2884 3202 2951 3255; x_wconf 92' lang='lat' dir='ltr'><strong>ab</strong></span> <span class='ocrx_word' id='word_1_440' title='bbox 2981 3201 3205 3256; x_wconf 81' lang='lat' dir='ltr'><strong>interitu</strong></span> <span class='ocrx_word' id='word_1_441' title='bbox 3244 3202 3413 3256; x_wconf 88' lang='lat' dir='ltr'><strong>vitam</strong></span> <span class='ocrx_word' id='word_1_442' title='bbox 3478 3212 3749 3268; x_wconf 87' lang='lat' dir='ltr'><strong>nostram;</strong></span> <span class='ocrx_word' id='word_1_443' title='bbox 3807 3202 3891 3270; x_wconf 89' lang='lat' dir='ltr'><strong>qui</strong></span> 
     </span>
    </p>
   </div>
   <div class='ocr_carea' id='block_1_50' title="bbox 633 3292 3892 3364">
    <p class='ocr_par' dir='ltr' id='par_1_50' title="bbox 633 3292 3892 3364">
     <span class='ocr_line' id='line_1_50' title="bbox 633 3292 3892 3364; baseline -0.002 -11"><span class='ocrx_word' id='word_1_444' title='bbox 633 3306 856 3353; x_wconf 75' lang='lat' dir='ltr'><strong>coronat</strong></span> <span class='ocrx_word' id='word_1_445' title='bbox 891 3310 989 3350; x_wconf 91' lang='lat' dir='ltr'><strong>nos</strong></span> <span class='ocrx_word' id='word_1_446' title='bbox 1012 3295 1065 3348; x_wconf 92' lang='lat' dir='ltr'><strong>in</strong></span> <span class='ocrx_word' id='word_1_447' title='bbox 1098 3292 1474 3348; x_wconf 88' lang='lat' dir='ltr'><strong>misericordia</strong></span> <span class='ocrx_word' id='word_1_448' title='bbox 1505 3300 1560 3347; x_wconf 91' lang='lat' dir='ltr'><strong>et</strong></span> <span class='ocrx_word' id='word_1_449' title='bbox 1591 3292 2066 3360; x_wconf 88' lang='lat' dir='ltr'><strong>miserationibus;</strong></span> <span class='ocrx_word' id='word_1_450' title='bbox 2099 3293 2188 3363; x_wconf 90' lang='lat' dir='ltr'><strong>qui</strong></span> <span class='ocrx_word' id='word_1_451' title='bbox 2231 3295 2411 3364; x_wconf 81' lang='lat' dir='ltr'><strong>explet</strong></span> <span class='ocrx_word' id='word_1_452' title='bbox 2475 3294 2527 3348; x_wconf 90' lang='lat' dir='ltr'><strong>in</strong></span> <span class='ocrx_word' id='word_1_453' title='bbox 2589 3294 2748 3349; x_wconf 85' lang='lat' dir='ltr'><strong>bouis</strong></span> <span class='ocrx_word' id='word_1_454' title='bbox 2798 3293 3145 3364; x_wconf 76' lang='lat' dir='ltr'><strong>cupiditatem</strong></span> <span class='ocrx_word' id='word_1_455' title='bbox 3183 3303 3448 3350; x_wconf 90' lang='lat' dir='ltr'><strong>nostram.</strong></span> <span class='ocrx_word' id='word_1_456' title='bbox 3483 3294 3618 3361; x_wconf 84' lang='lat' dir='ltr'><strong>Quia</strong></span> <span class='ocrx_word' id='word_1_457' title='bbox 3681 3310 3782 3348; x_wconf 91' lang='lat' dir='ltr'><strong>non</strong></span> <span class='ocrx_word' id='word_1_458' title='bbox 3813 3306 3892 3348; x_wconf 85' lang='lat' dir='ltr'><strong>se-</strong></span> 
     </span>
    </p>
   </div>
   <div class='ocr_carea' id='block_1_51' title="bbox 634 3385 3890 3458">
    <p class='ocr_par' dir='ltr' id='par_1_51' title="bbox 634 3385 3890 3458">
     <span class='ocr_line' id='line_1_51' title="bbox 634 3385 3890 3458; baseline -0.002 -12"><span class='ocrx_word' id='word_1_459' title='bbox 634 3391 867 3446; x_wconf 92' lang='lat' dir='ltr'><strong>cundum</strong></span> <span class='ocrx_word' id='word_1_460' title='bbox 894 3397 1113 3458; x_wconf 88' lang='lat' dir='ltr'><strong>peccata</strong></span> <span class='ocrx_word' id='word_1_461' title='bbox 1133 3397 1315 3441; x_wconf 90' lang='lat' dir='ltr'><strong>nostra</strong></span> <span class='ocrx_word' id='word_1_462' title='bbox 1350 3385 1482 3440; x_wconf 89' lang='lat' dir='ltr'><strong>fecit</strong></span> <span class='ocrx_word' id='word_1_463' title='bbox 1543 3386 1724 3451; x_wconf 91' lang='lat' dir='ltr'><strong>nobis,</strong></span> <span class='ocrx_word' id='word_1_464' title='bbox 1783 3401 1960 3456; x_wconf 88' lang='lat' dir='ltr'><strong>neque</strong></span> <span class='ocrx_word' id='word_1_465' title='bbox 2015 3389 2307 3442; x_wconf 88' lang='lat' dir='ltr'><strong>secundum</strong></span> <span class='ocrx_word' id='word_1_466' title='bbox 2349 3388 2660 3457; x_wconf 86' lang='lat' dir='ltr'><strong>iniquitates</strong></span> <span class='ocrx_word' id='word_1_467' title='bbox 2697 3397 2914 3443; x_wconf 91' lang='lat' dir='ltr'><strong>nostras</strong></span> <span class='ocrx_word' id='word_1_468' title='bbox 2946 3388 3200 3444; x_wconf 88' lang='lat' dir='ltr'><strong>retribuit</strong></span> <span class='ocrx_word' id='word_1_469' title='bbox 3238 3388 3414 3442; x_wconf 90' lang='lat' dir='ltr'><strong>nobis.</strong></span> <span class='ocrx_word' id='word_1_470' title='bbox 3475 3389 3612 3456; x_wconf 83' lang='lat' dir='ltr'><strong>Quia</strong></span> <span class='ocrx_word' id='word_1_471' title='bbox 3646 3397 3890 3457; x_wconf 89' lang='lat' dir='ltr'><strong>quantum</strong></span> 
     </span>
    </p>
   </div>
   <div class='ocr_carea' id='block_1_52' title="bbox 634 3476 3893 3548">
    <p class='ocr_par' dir='ltr' id='par_1_52' title="bbox 634 3476 3893 3548">
     <span class='ocr_line' id='line_1_52' title="bbox 634 3476 3893 3548; baseline -0.002 -11"><span class='ocrx_word' id='word_1_472' title='bbox 634 3485 798 3538; x_wconf 82' lang='lat' dir='ltr'><strong>distat</strong></span> <span class='ocrx_word' id='word_1_473' title='bbox 859 3493 1013 3536; x_wconf 88' lang='lat' dir='ltr'><strong>ortus</strong></span> <span class='ocrx_word' id='word_1_474' title='bbox 1083 3480 1150 3535; x_wconf 90' lang='lat' dir='ltr'><strong>ab</strong></span> <span class='ocrx_word' id='word_1_475' title='bbox 1193 3477 1497 3542; x_wconf 83' lang='lat' dir='ltr'><strong>occidente,</strong></span> <span class='ocrx_word' id='word_1_476' title='bbox 1575 3476 1731 3546; x_wconf 84' lang='lat' dir='ltr'><strong>longe</strong></span> <span class='ocrx_word' id='word_1_477' title='bbox 1780 3476 1912 3533; x_wconf 86' lang='lat' dir='ltr'><strong>fecit</strong></span> <span class='ocrx_word' id='word_1_478' title='bbox 1953 3493 1981 3532; x_wconf 89' lang='lat' dir='ltr'><strong>a</strong></span> <span class='ocrx_word' id='word_1_479' title='bbox 2029 3478 2184 3533; x_wconf 92' lang='lat' dir='ltr'><strong>nobis</strong></span> <span class='ocrx_word' id='word_1_480' title='bbox 2247 3479 2562 3547; x_wconf 86' lang='lat' dir='ltr'><strong>iniquitates</strong></span> <span class='ocrx_word' id='word_1_481' title='bbox 2613 3489 2851 3535; x_wconf 89' lang='lat' dir='ltr'><strong>nostras.</strong></span> <span class='ocrx_word' id='word_1_482' title='bbox 2901 3479 3369 3546; x_wconf 88' lang='lat' dir='ltr'><strong>Quemadmodum</strong></span> <span class='ocrx_word' id='word_1_483' title='bbox 3419 3480 3706 3535; x_wconf 89' lang='lat' dir='ltr'><strong>miseretur</strong></span> <span class='ocrx_word' id='word_1_484' title='bbox 3750 3488 3893 3548; x_wconf 86' lang='lat' dir='ltr'><strong>pater</strong></span> 
     </span>
    </p>
   </div>
   <div class='ocr_carea' id='block_1_53' title="bbox 632 3567 3890 3642">
    <p class='ocr_par' dir='ltr' id='par_1_53' title="bbox 632 3567 3890 3642">
     <span class='ocr_line' id='line_1_53' title="bbox 632 3567 3890 3642; baseline -0.002 -13"><span class='ocrx_word' id='word_1_485' title='bbox 632 3574 866 3629; x_wconf 83' lang='lat' dir='ltr'><strong>ﬁliorum</strong></span> <span class='ocrx_word' id='word_1_486' title='bbox 898 3587 1142 3635; x_wconf 80' lang='lat' dir='ltr'><strong>suorum,</strong></span> <span class='ocrx_word' id='word_1_487' title='bbox 1186 3570 1444 3626; x_wconf 89' lang='lat' dir='ltr'><strong>misertus</strong></span> <span class='ocrx_word' id='word_1_488' title='bbox 1485 3577 1570 3624; x_wconf 89' lang='lat' dir='ltr'><strong>est</strong></span> <span class='ocrx_word' id='word_1_489' title='bbox 1602 3567 1863 3624; x_wconf 88' lang='lat' dir='ltr'><strong>Dominus</strong></span> <span class='ocrx_word' id='word_1_490' title='bbox 1902 3570 2205 3625; x_wconf 86' lang='lat' dir='ltr'><strong>timentium</strong></span> <span class='ocrx_word' id='word_1_491' title='bbox 2246 3571 2393 3625; x_wconf 77' lang='lat' dir='ltr'><strong>se&quot;.</strong></span> <span class='ocrx_word' id='word_1_492' title='bbox 2427 3589 2446 3622; x_wconf 74' lang='grc' dir='ltr'><strong>ι</strong></span> <span class='ocrx_word' id='word_1_493' title='bbox 2492 3569 2616 3626; x_wconf 67' lang='lat' dir='ltr'><strong>llaec</strong></span> <span class='ocrx_word' id='word_1_494' title='bbox 2639 3582 2693 3626; x_wconf 91' lang='lat' dir='ltr'><strong>et</strong></span> <span class='ocrx_word' id='word_1_495' title='bbox 2727 3571 2780 3626; x_wconf 93' lang='lat' dir='ltr'><strong>in</strong></span> <span class='ocrx_word' id='word_1_496' title='bbox 2810 3573 3095 3641; x_wconf 60' lang='lat' dir='ltr'><strong>pra&#39;sentia</strong></span> <span class='ocrx_word' id='word_1_497' title='bbox 3121 3583 3176 3627; x_wconf 90' lang='lat' dir='ltr'><strong>et</strong></span> <span class='ocrx_word' id='word_1_498' title='bbox 3209 3573 3418 3628; x_wconf 83' lang='lat' dir='ltr'><strong>cunctis</strong></span> <span class='ocrx_word' id='word_1_499' title='bbox 3457 3573 3711 3642; x_wconf 89' lang='lat' dir='ltr'><strong>deinceps</strong></span> <span class='ocrx_word' id='word_1_500' title='bbox 3765 3581 3890 3624; x_wconf 90' lang='lat' dir='ltr'><strong>tem-</strong></span> 
     </span>
    </p>
   </div>
   <div class='ocr_carea' id='block_1_54' title="bbox 630 3661 3890 3739">
    <p class='ocr_par' dir='ltr' id='par_1_54' title="bbox 630 3661 3890 3739">
     <span class='ocr_line' id='line_1_54' title="bbox 630 3661 3890 3739; baseline -0.002 -17"><span class='ocrx_word' id='word_1_501' title='bbox 630 3668 857 3739; x_wconf 86' lang='lat' dir='ltr'><strong>poribus</strong></span> <span class='ocrx_word' id='word_1_502' title='bbox 896 3665 1156 3720; x_wconf 88' lang='lat' dir='ltr'><strong>memoria</strong></span> <span class='ocrx_word' id='word_1_503' title='bbox 1209 3663 1545 3731; x_wconf 87' lang='lat' dir='ltr'><strong>recolentes,</strong></span> <span class='ocrx_word' id='word_1_504' title='bbox 1608 3662 1884 3732; x_wconf 90' lang='lat' dir='ltr'><strong>Deumque</strong></span> <span class='ocrx_word' id='word_1_505' title='bbox 1927 3664 2212 3732; x_wconf 74' lang='lat' dir='ltr'><strong>praeseutis</strong></span> <span class='ocrx_word' id='word_1_506' title='bbox 2253 3664 2412 3733; x_wconf 88' lang='lat' dir='ltr'><strong>hujus</strong></span> <span class='ocrx_word' id='word_1_507' title='bbox 2477 3665 2799 3719; x_wconf 81' lang='lat' dir='ltr'><strong>festivitatis</strong></span> <span class='ocrx_word' id='word_1_508' title='bbox 2846 3673 2898 3720; x_wconf 93' lang='lat' dir='ltr'><strong>et</strong></span> <span class='ocrx_word' id='word_1_509' title='bbox 2939 3663 3235 3735; x_wconf 70' lang='lat' dir='ltr'><strong>splendida:</strong></span> <span class='ocrx_word' id='word_1_510' title='bbox 3303 3665 3464 3734; x_wconf 87' lang='lat' dir='ltr'><strong>hujus</strong></span> <span class='ocrx_word' id='word_1_511' title='bbox 3499 3679 3564 3721; x_wconf 90' lang='lat' dir='ltr'><strong>ac</strong></span> <span class='ocrx_word' id='word_1_512' title='bbox 3612 3661 3890 3718; x_wconf 59' lang='lat' dir='ltr'><strong>laetissimas</strong></span> 
     </span>
    </p>
   </div>
   <div class='ocr_carea' id='block_1_55' title="bbox 633 3754 3889 3826">
    <p class='ocr_par' dir='ltr' id='par_1_55' title="bbox 633 3754 3889 3826">
     <span class='ocr_line' id='line_1_55' title="bbox 633 3754 3889 3826; baseline -0.002 -14"><span class='ocrx_word' id='word_1_513' title='bbox 633 3759 771 3814; x_wconf 91' lang='lat' dir='ltr'><strong>lucis</strong></span> <span class='ocrx_word' id='word_1_514' title='bbox 841 3767 1118 3813; x_wconf 89' lang='lat' dir='ltr'><strong>auctorem</strong></span> <span class='ocrx_word' id='word_1_515' title='bbox 1161 3770 1225 3810; x_wconf 89' lang='lat' dir='ltr'><strong>ac</strong></span> <span class='ocrx_word' id='word_1_516' title='bbox 1284 3756 1568 3825; x_wconf 66' lang='lat' dir='ltr'><strong>praesidem</strong></span> <span class='ocrx_word' id='word_1_517' title='bbox 1619 3754 1710 3808; x_wconf 89' lang='lat' dir='ltr'><strong>ditt</strong></span> <span class='ocrx_word' id='word_1_518' title='bbox 1747 3764 2018 3825; x_wconf 88' lang='lat' dir='ltr'><strong>noctuque</strong></span> <span class='ocrx_word' id='word_1_519' title='bbox 2053 3754 2281 3826; x_wconf 81' lang='lat' dir='ltr'><strong>singulis</strong></span> <span class='ocrx_word' id='word_1_520' title='bbox 2323 3757 2491 3822; x_wconf 85' lang='lat' dir='ltr'><strong>horis,</strong></span> <span class='ocrx_word' id='word_1_521' title='bbox 2524 3766 2577 3811; x_wconf 90' lang='lat' dir='ltr'><strong>et</strong></span> <span class='ocrx_word' id='word_1_522' title='bbox 2613 3757 2890 3822; x_wconf 91' lang='lat' dir='ltr'><strong>omnibus,</strong></span> <span class='ocrx_word' id='word_1_523' title='bbox 2923 3765 2981 3811; x_wconf 88' lang='lat' dir='ltr'><strong>ut</strong></span> <span class='ocrx_word' id='word_1_524' title='bbox 3029 3757 3099 3811; x_wconf 89' lang='lat' dir='ltr'><strong>ita</strong></span> <span class='ocrx_word' id='word_1_525' title='bbox 3149 3755 3351 3822; x_wconf 90' lang='lat' dir='ltr'><strong>dicam,</strong></span> <span class='ocrx_word' id='word_1_526' title='bbox 3379 3755 3671 3813; x_wconf 91' lang='lat' dir='ltr'><strong>momentis</strong></span> <span class='ocrx_word' id='word_1_527' title='bbox 3707 3755 3889 3825; x_wconf 91' lang='lat' dir='ltr'><strong>quibus</strong></span> 
     </span>
    </p>
   </div>
   <div class='ocr_carea' id='block_1_56' title="bbox 632 3845 3888 3918">
    <p class='ocr_par' dir='ltr' id='par_1_56' title="bbox 632 3845 3888 3918">
     <span class='ocr_line' id='line_1_56' title="bbox 632 3845 3888 3918; baseline -0.002 -12"><span class='ocrx_word' id='word_1_528' title='bbox 632 3851 883 3918; x_wconf 72' lang='lat' dir='ltr'><strong>Spiritum</strong></span> <span class='ocrx_word' id='word_1_529' title='bbox 953 3848 1220 3912; x_wconf 90' lang='lat' dir='ltr'><strong>ducimus,</strong></span> <span class='ocrx_word' id='word_1_530' title='bbox 1255 3855 1382 3901; x_wconf 90' lang='lat' dir='ltr'><strong>ante</strong></span> <span class='ocrx_word' id='word_1_531' title='bbox 1439 3845 1630 3901; x_wconf 91' lang='lat' dir='ltr'><strong>oculos</strong></span> <span class='ocrx_word' id='word_1_532' title='bbox 1662 3847 1861 3901; x_wconf 89' lang='lat' dir='ltr'><strong>mentis</strong></span> <span class='ocrx_word' id='word_1_533' title='bbox 1924 3846 2084 3901; x_wconf 88' lang='lat' dir='ltr'><strong>nobis</strong></span> <span class='ocrx_word' id='word_1_534' title='bbox 2148 3857 2543 3916; x_wconf 85' lang='lat' dir='ltr'><strong>proponentes,</strong></span> <span class='ocrx_word' id='word_1_535' title='bbox 2576 3847 2705 3902; x_wconf 92' lang='lat' dir='ltr'><strong>totis</strong></span> <span class='ocrx_word' id='word_1_536' title='bbox 2733 3847 2898 3902; x_wconf 78' lang='lat' dir='ltr'><strong>animi</strong></span> <span class='ocrx_word' id='word_1_537' title='bbox 2932 3847 3140 3903; x_wconf 84' lang='lat' dir='ltr'><strong>viribus</strong></span> <span class='ocrx_word' id='word_1_538' title='bbox 3169 3861 3292 3901; x_wconf 90' lang='lat' dir='ltr'><strong>eum</strong></span> <span class='ocrx_word' id='word_1_539' title='bbox 3330 3847 3619 3918; x_wconf 85' lang='lat' dir='ltr'><strong>diligamus</strong></span> <span class='ocrx_word' id='word_1_540' title='bbox 3648 3863 3711 3902; x_wconf 85' lang='lat' dir='ltr'><strong>at:</strong></span> <span class='ocrx_word' id='word_1_541' title='bbox 3739 3859 3888 3900; x_wconf 86' lang='lat' dir='ltr'><strong>vene-</strong></span> 
     </span>
    </p>
   </div>
   <div class='ocr_carea' id='block_1_57' title="bbox 639 3935 3884 4008">
    <p class='ocr_par' dir='ltr' id='par_1_57' title="bbox 639 3935 3884 4008">
     <span class='ocr_line' id='line_1_57' title="bbox 639 3935 3884 4008; baseline -0.001 -14"><span class='ocrx_word' id='word_1_542' title='bbox 639 3957 846 3994; x_wconf 84' lang='lat' dir='ltr'><strong>remur.</strong></span> <span class='ocrx_word' id='word_1_543' title='bbox 904 3938 1135 4008; x_wconf 82' lang='lat' dir='ltr'><strong>Jamque</strong></span> <span class='ocrx_word' id='word_1_544' title='bbox 1180 3947 1559 4008; x_wconf 79' lang='lat' dir='ltr'><strong>exsurgentes,</strong></span> <span class='ocrx_word' id='word_1_545' title='bbox 1585 3937 1997 3992; x_wconf 89' lang='lat' dir='ltr'><strong>contentissima</strong></span> <span class='ocrx_word' id='word_1_546' title='bbox 2045 3939 2217 3992; x_wconf 90' lang='lat' dir='ltr'><strong>nostri</strong></span> <span class='ocrx_word' id='word_1_547' title='bbox 2258 3935 2483 3993; x_wconf 70' lang='lat' dir='ltr'><strong>affectus</strong></span> <span class='ocrx_word' id='word_1_548' title='bbox 2511 3952 2642 3993; x_wconf 91' lang='lat' dir='ltr'><strong>voce</strong></span> <span class='ocrx_word' id='word_1_549' title='bbox 2687 3953 2807 3994; x_wconf 91' lang='lat' dir='ltr'><strong>eum</strong></span> <span class='ocrx_word' id='word_1_550' title='bbox 2857 3939 3223 4002; x_wconf 84' lang='lat' dir='ltr'><strong>Obsecremus,</strong></span> <span class='ocrx_word' id='word_1_551' title='bbox 3272 3948 3331 3992; x_wconf 92' lang='lat' dir='ltr'><strong>ut</strong></span> <span class='ocrx_word' id='word_1_552' title='bbox 3391 3955 3491 3995; x_wconf 90' lang='lat' dir='ltr'><strong>nos</strong></span> <span class='ocrx_word' id='word_1_553' title='bbox 3542 3940 3678 3995; x_wconf 88' lang='lat' dir='ltr'><strong>intra</strong></span> <span class='ocrx_word' id='word_1_554' title='bbox 3743 3946 3884 4006; x_wconf 84' lang='lat' dir='ltr'><strong>septa</strong></span> 
     </span>
    </p>
   </div>
   <div class='ocr_carea' id='block_1_58' title="bbox 633 4030 3882 4106">
    <p class='ocr_par' dir='ltr' id='par_1_58' title="bbox 633 4030 3882 4106">
     <span class='ocr_line' id='line_1_58' title="bbox 633 4030 3882 4106; baseline -0 -20"><span class='ocrx_word' id='word_1_555' title='bbox 633 4034 794 4088; x_wconf 87' lang='lat' dir='ltr'><strong>ovilis</strong></span> <span class='ocrx_word' id='word_1_556' title='bbox 818 4034 898 4088; x_wconf 91' lang='lat' dir='ltr'><strong>sui</strong></span> <span class='ocrx_word' id='word_1_557' title='bbox 936 4033 1072 4086; x_wconf 89' lang='lat' dir='ltr'><strong>tueri</strong></span> <span class='ocrx_word' id='word_1_558' title='bbox 1103 4041 1361 4101; x_wconf 90' lang='lat' dir='ltr'><strong>perpetuo</strong></span> <span class='ocrx_word' id='word_1_559' title='bbox 1391 4047 1455 4086; x_wconf 90' lang='lat' dir='ltr'><strong>ac</strong></span> <span class='ocrx_word' id='word_1_560' title='bbox 1507 4046 1730 4086; x_wconf 87' lang='lat' dir='ltr'><strong>servare</strong></span> <span class='ocrx_word' id='word_1_561' title='bbox 1779 4030 1932 4098; x_wconf 84' lang='lat' dir='ltr'><strong>velit,</strong></span> <span class='ocrx_word' id='word_1_562' title='bbox 1989 4047 2284 4102; x_wconf 89' lang='lat' dir='ltr'><strong>pacemque</strong></span> <span class='ocrx_word' id='word_1_563' title='bbox 2322 4033 2489 4104; x_wconf 78' lang='lat'><strong>388</strong></span> <span class='ocrx_word' id='word_1_564' title='bbox 2529 4048 2682 4088; x_wconf 89' lang='lat' dir='ltr'><strong>suam</strong></span> <span class='ocrx_word' id='word_1_565' title='bbox 2733 4033 3093 4089; x_wconf 85' lang='lat' dir='ltr'><strong>inviolabilem</strong></span> <span class='ocrx_word' id='word_1_566' title='bbox 3136 4035 3292 4091; x_wconf 89' lang='lat' dir='ltr'><strong>nobis</strong></span> <span class='ocrx_word' id='word_1_567' title='bbox 3317 4045 3481 4106; x_wconf 90' lang='lat' dir='ltr'><strong>atque</strong></span> <span class='ocrx_word' id='word_1_568' title='bbox 3517 4037 3882 4092; x_wconf 86' lang='lat' dir='ltr'><strong>inconcussam</strong></span> 
     </span>
    </p>
   </div>
   <div class='ocr_carea' id='block_1_59' title="bbox 630 4121 3507 4200">
    <p class='ocr_par' dir='ltr' id='par_1_59' title="bbox 630 4121 3507 4200">
     <span class='ocr_line' id='line_1_59' title="bbox 630 4121 3507 4200; baseline 0.003 -25"><span class='ocrx_word' id='word_1_569' title='bbox 630 4134 848 4194; x_wconf 71' lang='lat' dir='ltr'><strong>praestet</strong></span> <span class='ocrx_word' id='word_1_570' title='bbox 875 4123 929 4178; x_wconf 89' lang='lat' dir='ltr'><strong>in</strong></span> <span class='ocrx_word' id='word_1_571' title='bbox 959 4122 1176 4179; x_wconf 88' lang='lat' dir='ltr'><strong>Christo</strong></span> <span class='ocrx_word' id='word_1_572' title='bbox 1196 4121 1321 4178; x_wconf 79' lang='lat' dir='ltr'><strong>Jesu</strong></span> <span class='ocrx_word' id='word_1_573' title='bbox 1358 4123 1653 4180; x_wconf 87' lang='lat' dir='ltr'><strong>Servatorc</strong></span> <span class='ocrx_word' id='word_1_574' title='bbox 1679 4131 1869 4179; x_wconf 88' lang='lat' dir='ltr'><strong>nostro</strong></span> <span class='ocrx_word' id='word_1_575' title='bbox 1891 4164 1905 4190; x_wconf 93' lang='lat'><strong>,</strong></span> <span class='ocrx_word' id='word_1_576' title='bbox 1938 4137 2032 4193; x_wconf 86' lang='lat' dir='ltr'><strong>per</strong></span> <span class='ocrx_word' id='word_1_577' title='bbox 2057 4138 2219 4193; x_wconf 89' lang='lat' dir='ltr'><strong>quem</strong></span> <span class='ocrx_word' id='word_1_578' title='bbox 2258 4125 2307 4180; x_wconf 90' lang='lat' dir='ltr'><strong>ei</strong></span> <span class='ocrx_word' id='word_1_579' title='bbox 2339 4130 2408 4180; x_wconf 87' lang='lat' dir='ltr'><strong>sit</strong></span> <span class='ocrx_word' id='word_1_580' title='bbox 2437 4125 2605 4196; x_wconf 76' lang='lat' dir='ltr'><strong>gloria</strong></span> <span class='ocrx_word' id='word_1_581' title='bbox 2638 4126 2688 4180; x_wconf 92' lang='lat' dir='ltr'><strong>in</strong></span> <span class='ocrx_word' id='word_1_582' title='bbox 2727 4126 2918 4182; x_wconf 63' lang='lat' dir='ltr'><strong>saecula</strong></span> <span class='ocrx_word' id='word_1_583' title='bbox 2947 4127 3287 4183; x_wconf 67' lang='lat' dir='ltr'><strong>saeculorum.</strong></span> <span class='ocrx_word' id='word_1_584' title='bbox 3312 4128 3507 4200; x_wconf 86' lang='lat' dir='ltr'><strong>Amen.</strong></span> 
     </span>
    </p>
   </div>
   <div class='ocr_carea' id='block_1_60' title="bbox 1253 4263 1592 4325">
    <p class='ocr_par' dir='ltr' id='par_1_60' title="bbox 1253 4263 1592 4325">
     <span class='ocr_line' id='line_1_60' title="bbox 1253 4263 1592 4325; baseline 0.018 -6"><span class='ocrx_word' id='word_1_585' title='bbox 1253 4263 1483 4319; x_wconf 81' lang='lat' dir='ltr'><strong>CAPUT</strong></span> <span class='ocrx_word' id='word_1_586' title='bbox 1530 4266 1592 4325; x_wconf 84' lang='lat' dir='ltr'><strong>V.</strong></span> 
     </span>
    </p>
   </div>
   <div class='ocr_carea' id='block_1_61' title="bbox 982 4353 1846 4425">
    <p class='ocr_par' dir='ltr' id='par_1_61' title="bbox 982 4353 1846 4425">
     <span class='ocr_line' id='line_1_61' title="bbox 982 4353 1846 4425; baseline 0.005 -17"><span class='ocrx_word' id='word_1_587' title='bbox 982 4353 1238 4420; x_wconf 73' lang='lat' dir='ltr'><strong>Exempla</strong></span> <span class='ocrx_word' id='word_1_588' title='bbox 1266 4355 1437 4425; x_wconf 87' lang='lat' dir='ltr'><strong>legum</strong></span> <span class='ocrx_word' id='word_1_589' title='bbox 1471 4357 1846 4425; x_wconf 81' lang='lat' dir='ltr'><strong>imperialium.</strong></span> 
     </span>
    </p>
   </div>
   <div class='ocr_carea' id='block_1_62' title="bbox 2847 4273 3368 4327">
    <p class='ocr_par' dir='ltr' id='par_1_62' title="bbox 2847 4273 3368 4327">
     <span class='ocr_line' id='line_1_62' title="bbox 2847 4273 3368 4327; baseline 0 -1"><span class='ocrx_word' id='word_1_590' title='bbox 2847 4273 3245 4327; x_wconf 83' lang='grc' dir='ltr'><strong>ΚΕΦΑΛΑῙΟΝ</strong></span> <span class='ocrx_word' id='word_1_591' title='bbox 3292 4275 3368 4327; x_wconf 88' lang='lat' dir='ltr'><strong>E&#39;.</strong></span> 
     </span>
    </p>
   </div>
   <div class='ocr_carea' id='block_1_63' title="bbox 2325 4359 3874 4434">
    <p class='ocr_par' dir='ltr' id='par_1_63' title="bbox 2325 4359 3874 4434">
     <span class='ocr_line' id='line_1_63' title="bbox 2325 4359 3874 4434; baseline -0.005 -17"><span class='ocrx_word' id='word_1_592' title='bbox 2325 4364 2666 4434; x_wconf 63' lang='lat' dir='ltr'><strong>’Artlmagm</strong></span> <span class='ocrx_word' id='word_1_593' title='bbox 2695 4363 3038 4428; x_wconf 74' lang='grc' dir='ltr'>βασιλικῶν</span> <span class='ocrx_word' id='word_1_594' title='bbox 3064 4364 3262 4433; x_wconf 72' lang='grc' dir='ltr'>νόμων</span> <span class='ocrx_word' id='word_1_595' title='bbox 3287 4363 3428 4432; x_wconf 83' lang='lat' dir='ltr'><strong>(Nic.</strong></span> <span class='ocrx_word' id='word_1_596' title='bbox 3459 4363 3535 4418; x_wconf 85' lang='grc' dir='ltr'><strong>Η.</strong></span> <span class='ocrx_word' id='word_1_597' title='bbox 3568 4363 3631 4418; x_wconf 87' lang='grc' dir='ltr'><strong>Ε.</strong></span> <span class='ocrx_word' id='word_1_598' title='bbox 3655 4378 3748 4425; x_wconf 84' lang='lat' dir='ltr'><strong>vn,</strong></span> <span class='ocrx_word' id='word_1_599' title='bbox 3771 4359 3874 4428; x_wconf 68' lang='grc'><strong>42).</strong></span> 
     </span>
    </p>
   </div>
   <div class='ocr_carea' id='block_1_64' title="bbox 700 4444 2201 4514">
    <p class='ocr_par' dir='ltr' id='par_1_64' title="bbox 700 4444 2201 4514">
     <span class='ocr_line' id='line_1_64' title="bbox 700 4444 2201 4514; baseline 0.003 -15"><span class='ocrx_word' id='word_1_600' title='bbox 700 4445 854 4499; x_wconf 82' lang='lat' dir='ltr'><strong>Nunc</strong></span> <span class='ocrx_word' id='word_1_601' title='bbox 894 4459 1024 4498; x_wconf 83' lang='lat' dir='ltr'><strong>vero</strong></span> <span class='ocrx_word' id='word_1_602' title='bbox 1052 4444 1297 4514; x_wconf 65' lang='lat' dir='ltr'><strong>exempla</strong></span> <span class='ocrx_word' id='word_1_603' title='bbox 1344 4445 1701 4514; x_wconf 86' lang='lat' dir='ltr'><strong>imperialium</strong></span> <span class='ocrx_word' id='word_1_604' title='bbox 1751 4448 2201 4504; x_wconf 89' lang='lat' dir='ltr'><strong>constitutionum</strong></span> 
     </span>
    </p>
   </div>
   <div class='ocr_carea' id='block_1_65' title="bbox 630 4536 2202 4610">
    <p class='ocr_par' dir='ltr' id='par_1_65' title="bbox 630 4536 2202 4610">
     <span class='ocr_line' id='line_1_65' title="bbox 630 4536 2202 4610; baseline 0.003 -20"><span class='ocrx_word' id='word_1_605' title='bbox 630 4536 970 4592; x_wconf 79' lang='lat' dir='ltr'><strong>Constantini</strong></span> <span class='ocrx_word' id='word_1_606' title='bbox 1003 4551 1067 4592; x_wconf 92' lang='lat' dir='ltr'><strong>ac</strong></span> <span class='ocrx_word' id='word_1_607' title='bbox 1090 4537 1280 4592; x_wconf 86' lang='lat' dir='ltr'><strong>Licinii</strong></span> <span class='ocrx_word' id='word_1_608' title='bbox 1308 4554 1373 4592; x_wconf 80' lang='lat' dir='ltr'><strong>ex</strong></span> <span class='ocrx_word' id='word_1_609' title='bbox 1400 4537 1643 4592; x_wconf 76' lang='lat' dir='ltr'><strong>ltomaua</strong></span> <span class='ocrx_word' id='word_1_610' title='bbox 1671 4538 1851 4610; x_wconf 81' lang='lat' dir='ltr'><strong>lingua</strong></span> <span class='ocrx_word' id='word_1_611' title='bbox 1880 4540 1933 4594; x_wconf 88' lang='lat' dir='ltr'><strong>in</strong></span> <span class='ocrx_word' id='word_1_612' title='bbox 1955 4539 2202 4596; x_wconf 64' lang='lat' dir='ltr'><strong>Grmcam</strong></span> 
     </span>
    </p>
   </div>
   <div class='ocr_carea' id='block_1_66' title="bbox 630 4630 1535 4699">
    <p class='ocr_par' dir='ltr' id='par_1_66' title="bbox 630 4630 1535 4699">
     <span class='ocr_line' id='line_1_66' title="bbox 630 4630 1535 4699; baseline 0 -15"><span class='ocrx_word' id='word_1_613' title='bbox 630 4645 890 4684; x_wconf 84' lang='lat' dir='ltr'><strong>conversa</strong></span> <span class='ocrx_word' id='word_1_614' title='bbox 914 4630 1168 4698; x_wconf 85' lang='lat' dir='ltr'><strong>deinceps</strong></span> <span class='ocrx_word' id='word_1_615' title='bbox 1195 4631 1535 4699; x_wconf 80' lang='lat' dir='ltr'><strong>adjiciamus.</strong></span> 
     </span>
    </p>
   </div>
   <div class='ocr_carea' id='block_1_67' title="bbox 629 4721 2203 4793">
    <p class='ocr_par' dir='ltr' id='par_1_67' title="bbox 629 4721 2203 4793">
     <span class='ocr_line' id='line_1_67' title="bbox 629 4721 2203 4793; baseline -0.001 -17"><span class='ocrx_word' id='word_1_616' title='bbox 629 4721 945 4793; x_wconf 68' lang='lat' dir='ltr'><strong>Exemplum</strong></span> <span class='ocrx_word' id='word_1_617' title='bbox 968 4722 1363 4793; x_wconf 71' lang='lat' dir='ltr'><strong>constitutionis</strong></span> <span class='ocrx_word' id='word_1_618' title='bbox 1401 4725 1776 4791; x_wconf 81' lang='lat' dir='ltr'><strong>imperatorum</strong></span> <span class='ocrx_word' id='word_1_619' title='bbox 1801 4722 2133 4777; x_wconf 77' lang='lat' dir='ltr'><strong>Constantini</strong></span> <span class='ocrx_word' id='word_1_620' title='bbox 2155 4732 2203 4777; x_wconf 85' lang='lat' dir='ltr'><strong>et</strong></span> 
     </span>
    </p>
   </div>
   <div class='ocr_carea' id='block_1_68' title="bbox 1313 4791 1520 4846">
    <p class='ocr_par' dir='ltr' id='par_1_68' title="bbox 1313 4791 1520 4846">
     <span class='ocr_line' id='line_1_68' title="bbox 1313 4791 1520 4846; baseline 0.01 -2"><span class='ocrx_word' id='word_1_621' title='bbox 1313 4791 1520 4846; x_wconf 80' lang='lat' dir='ltr'><strong>Licinii.</strong></span> 
     </span>
    </p>
   </div>
   <div class='ocr_carea' id='block_1_69' title="bbox 703 4884 2200 4955">
    <p class='ocr_par' dir='ltr' id='par_1_69' title="bbox 703 4884 2200 4955">
     <span class='ocr_line' id='line_1_69' title="bbox 703 4884 2200 4955; baseline 0.003 -16"><span class='ocrx_word' id='word_1_622' title='bbox 703 4884 1052 4941; x_wconf 66' lang='lat' dir='ltr'><strong>«Jamdudum</strong></span> <span class='ocrx_word' id='word_1_623' title='bbox 1076 4887 1318 4955; x_wconf 86' lang='lat' dir='ltr'><strong>quidem,</strong></span> <span class='ocrx_word' id='word_1_624' title='bbox 1354 4902 1476 4940; x_wconf 89' lang='lat' dir='ltr'><strong>cum</strong></span> <span class='ocrx_word' id='word_1_625' title='bbox 1510 4885 2067 4943; x_wconf 88' lang='lat' dir='ltr'><strong>animadverteremus</strong></span> <span class='ocrx_word' id='word_1_626' title='bbox 2097 4904 2200 4943; x_wconf 92' lang='lat' dir='ltr'><strong>non</strong></span> 
     </span>
    </p>
   </div>
   <div class='ocr_carea' id='block_1_70' title="bbox 627 4979 2200 5048">
    <p class='ocr_par' dir='ltr' id='par_1_70' title="bbox 627 4979 2200 5048">
     <span class='ocr_line' id='line_1_70' title="bbox 627 4979 2200 5048; baseline 0.003 -14"><span class='ocrx_word' id='word_1_627' title='bbox 627 4995 746 5034; x_wconf 91' lang='lat' dir='ltr'><strong>esse</strong></span> <span class='ocrx_word' id='word_1_628' title='bbox 783 4979 1135 5034; x_wconf 89' lang='lat' dir='ltr'><strong>cohibendam</strong></span> <span class='ocrx_word' id='word_1_629' title='bbox 1186 4981 1460 5047; x_wconf 83' lang='lat' dir='ltr'><strong>religionis</strong></span> <span class='ocrx_word' id='word_1_630' title='bbox 1507 4982 1835 5048; x_wconf 79' lang='lat' dir='ltr'><strong>libertatem,</strong></span> <span class='ocrx_word' id='word_1_631' title='bbox 1880 4983 1971 5036; x_wconf 90' lang='lat' dir='ltr'><strong>sed</strong></span> <span class='ocrx_word' id='word_1_632' title='bbox 2009 4984 2200 5038; x_wconf 91' lang='lat' dir='ltr'><strong>unius-</strong></span> 
     </span>
    </p>
   </div>
   <div class='ocr_carea' id='block_1_71' title="bbox 628 5070 2199 5142">
    <p class='ocr_par' dir='ltr' id='par_1_71' title="bbox 628 5070 2199 5142">
     <span class='ocr_line' id='line_1_71' title="bbox 628 5070 2199 5142; baseline 0.001 -16"><span class='ocrx_word' id='word_1_633' title='bbox 628 5072 886 5142; x_wconf 84' lang='lat' dir='ltr'><strong>cujusque</strong></span> <span class='ocrx_word' id='word_1_634' title='bbox 909 5070 1136 5124; x_wconf 89' lang='lat' dir='ltr'><strong>arbitrio</strong></span> <span class='ocrx_word' id='word_1_635' title='bbox 1169 5087 1231 5126; x_wconf 90' lang='lat' dir='ltr'><strong>ac</strong></span> <span class='ocrx_word' id='word_1_636' title='bbox 1257 5071 1522 5125; x_wconf 87' lang='lat' dir='ltr'><strong>voluntati</strong></span> <span class='ocrx_word' id='word_1_637' title='bbox 1561 5071 2001 5140; x_wconf 82' lang='lat' dir='ltr'><strong>permittendum,</strong></span> <span class='ocrx_word' id='word_1_638' title='bbox 2032 5081 2090 5125; x_wconf 87' lang='lat' dir='ltr'><strong>ut</strong></span> <span class='ocrx_word' id='word_1_639' title='bbox 2133 5089 2199 5128; x_wconf 80' lang='lat' dir='ltr'><strong>cx</strong></span> 
     </span>
    </p>
   </div>
   <div class='ocr_carea' id='block_1_72' title="bbox 591 5164 2198 5232">
    <p class='ocr_par' dir='ltr' id='par_1_72' title="bbox 591 5164 2198 5232">
     <span class='ocr_line' id='line_1_72' title="bbox 591 5164 2198 5232; baseline 0.001 -14"><span class='ocrx_word' id='word_1_640' title='bbox 591 5165 597 5230; x_wconf 61' lang='grc' dir='ltr'>ξ</span> <span class='ocrx_word' id='word_1_641' title='bbox 627 5167 792 5218; x_wconf 90' lang='lat' dir='ltr'><strong>animi</strong></span> <span class='ocrx_word' id='word_1_642' title='bbox 812 5164 894 5220; x_wconf 85' lang='lat' dir='ltr'><strong>sui</strong></span> <span class='ocrx_word' id='word_1_643' title='bbox 916 5165 1184 5218; x_wconf 82' lang='lat' dir='ltr'><strong>sententia</strong></span> <span class='ocrx_word' id='word_1_644' title='bbox 1216 5165 1378 5218; x_wconf 88' lang='lat' dir='ltr'><strong>rebus</strong></span> <span class='ocrx_word' id='word_1_645' title='bbox 1398 5164 1595 5218; x_wconf 86' lang='lat' dir='ltr'><strong>divinis</strong></span> <span class='ocrx_word' id='word_1_646' title='bbox 1619 5179 1839 5232; x_wconf 89' lang='lat' dir='ltr'><strong>operam</strong></span> <span class='ocrx_word' id='word_1_647' title='bbox 1869 5164 2044 5230; x_wconf 83' lang='lat' dir='ltr'><strong>daret,</strong></span> <span class='ocrx_word' id='word_1_648' title='bbox 2071 5181 2198 5220; x_wconf 89' lang='lat' dir='ltr'><strong>san-</strong></span> 
     </span>
    </p>
   </div>
   <div class='ocr_carea' id='block_1_73' title="bbox 601 5257 2196 5323">
    <p class='ocr_par' dir='ltr' id='par_1_73' title="bbox 601 5257 2196 5323">
     <span class='ocr_line' id='line_1_73' title="bbox 601 5257 2196 5323; baseline 0.002 -14"><span class='ocrx_word' id='word_1_649' title='bbox 601 5259 804 5313; x_wconf 79' lang='lat' dir='ltr'><strong>.ximus</strong></span> <span class='ocrx_word' id='word_1_650' title='bbox 833 5268 891 5313; x_wconf 90' lang='lat' dir='ltr'><strong>ut</strong></span> <span class='ocrx_word' id='word_1_651' title='bbox 920 5267 1032 5312; x_wconf 90' lang='lat' dir='ltr'><strong>tum</strong></span> <span class='ocrx_word' id='word_1_652' title='bbox 1057 5257 1239 5312; x_wconf 83' lang='lat' dir='ltr'><strong>cat-teri</strong></span> <span class='ocrx_word' id='word_1_653' title='bbox 1286 5271 1472 5312; x_wconf 89' lang='lat' dir='ltr'><strong>omnes</strong></span> <span class='ocrx_word' id='word_1_654' title='bbox 1517 5266 1628 5311; x_wconf 89' lang='lat' dir='ltr'><strong>tum</strong></span> <span class='ocrx_word' id='word_1_655' title='bbox 1671 5257 1992 5323; x_wconf 90' lang='lat' dir='ltr'><strong>Christiani,</strong></span> <span class='ocrx_word' id='word_1_656' title='bbox 2034 5269 2196 5312; x_wconf 87' lang='lat' dir='ltr'><strong>sectae</strong></span> 
     </span>
    </p>
   </div>
   <div class='ocr_carea' id='block_1_74' title="bbox 579 5349 2195 5420">
    <p class='ocr_par' dir='ltr' id='par_1_74' title="bbox 579 5349 2195 5420">
     <span class='ocr_line' id='line_1_74' title="bbox 579 5349 2195 5420; baseline 0 -16"><span class='ocrx_word' id='word_1_657' title='bbox 579 5368 586 5404; x_wconf 71' lang='grc' dir='ltr'><strong>ι</strong></span> <span class='ocrx_word' id='word_1_658' title='bbox 625 5366 690 5406; x_wconf 89' lang='lat' dir='ltr'><strong>ac</strong></span> <span class='ocrx_word' id='word_1_659' title='bbox 711 5351 987 5420; x_wconf 82' lang='lat' dir='ltr'><strong>religionis</strong></span> <span class='ocrx_word' id='word_1_660' title='bbox 1013 5365 1126 5404; x_wconf 76' lang='lat' dir='ltr'><strong>sua:</strong></span> <span class='ocrx_word' id='word_1_661' title='bbox 1159 5349 1316 5405; x_wconf 89' lang='lat' dir='ltr'><strong>fidem</strong></span> <span class='ocrx_word' id='word_1_662' title='bbox 1356 5359 1516 5419; x_wconf 89' lang='lat' dir='ltr'><strong>atque</strong></span> <span class='ocrx_word' id='word_1_663' title='bbox 1544 5350 1950 5404; x_wconf 85' lang='lat' dir='ltr'><strong>observantiam</strong></span> <span class='ocrx_word' id='word_1_664' title='bbox 1994 5350 2195 5404; x_wconf 89' lang='lat' dir='ltr'><strong>retine-</strong></span> 
     </span>
    </p>
   </div>
   <div class='ocr_carea' id='block_1_75' title="bbox 576 5440 2194 5518">
    <p class='ocr_par' dir='ltr' id='par_1_75' title="bbox 576 5440 2194 5518">
     <span class='ocr_line' id='line_1_75' title="bbox 576 5440 2194 5518; baseline 0 -20"><span class='ocrx_word' id='word_1_665' title='bbox 576 5453 587 5488; x_wconf 63' lang='grc' dir='ltr'><strong>ί</strong></span> <span class='ocrx_word' id='word_1_666' title='bbox 624 5452 763 5498; x_wconf 85' lang='lat' dir='ltr'><strong>rent.</strong></span> <span class='ocrx_word' id='word_1_667' title='bbox 793 5443 899 5498; x_wconf 85' lang='lat' dir='ltr'><strong>Sed</strong></span> <span class='ocrx_word' id='word_1_668' title='bbox 925 5441 1183 5512; x_wconf 87' lang='lat' dir='ltr'><strong>quoniam</strong></span> <span class='ocrx_word' id='word_1_669' title='bbox 1207 5442 1261 5496; x_wconf 90' lang='lat' dir='ltr'><strong>in</strong></span> <span class='ocrx_word' id='word_1_670' title='bbox 1292 5456 1358 5495; x_wconf 87' lang='lat' dir='ltr'><strong>eo</strong></span> <span class='ocrx_word' id='word_1_671' title='bbox 1389 5442 1652 5510; x_wconf 89' lang='lat' dir='ltr'><strong>rescripto</strong></span> <span class='ocrx_word' id='word_1_672' title='bbox 1683 5455 1788 5518; x_wconf 84' lang='lat' dir='ltr'><strong>quo</strong></span> <span class='ocrx_word' id='word_1_673' title='bbox 1823 5441 1938 5495; x_wconf 65' lang='lat' dir='ltr'><strong>lucc</strong></span> <span class='ocrx_word' id='word_1_674' title='bbox 1967 5440 2194 5498; x_wconf 79' lang='lat' dir='ltr'><strong>facultas</strong></span> 
     </span>
    </p>
   </div>
   <div class='ocr_carea' id='block_1_76' title="bbox 623 5532 2194 5599">
    <p class='ocr_par' dir='ltr' id='par_1_76' title="bbox 623 5532 2194 5599">
     <span class='ocr_line' id='line_1_76' title="bbox 623 5532 2194 5599; baseline 0.001 -13"><span class='ocrx_word' id='word_1_675' title='bbox 623 5534 730 5588; x_wconf 88' lang='lat' dir='ltr'><strong>illis</strong></span> <span class='ocrx_word' id='word_1_676' title='bbox 750 5548 1014 5589; x_wconf 85' lang='lat' dir='ltr'><strong>concessa</strong></span> <span class='ocrx_word' id='word_1_677' title='bbox 1045 5533 1242 5599; x_wconf 84' lang='lat' dir='ltr'><strong>fuerat,</strong></span> <span class='ocrx_word' id='word_1_678' title='bbox 1273 5532 1456 5586; x_wconf 82' lang='lat' dir='ltr'><strong>multae</strong></span> <span class='ocrx_word' id='word_1_679' title='bbox 1481 5546 1543 5585; x_wconf 88' lang='lat' dir='ltr'><strong>ac</strong></span> <span class='ocrx_word' id='word_1_680' title='bbox 1565 5532 1791 5586; x_wconf 75' lang='lat' dir='ltr'><strong>diversa:</strong></span> <span class='ocrx_word' id='word_1_681' title='bbox 1813 5542 1974 5587; x_wconf 85' lang='lat' dir='ltr'><strong>sectae</strong></span> <span class='ocrx_word' id='word_1_682' title='bbox 1992 5533 2194 5588; x_wconf 85' lang='lat' dir='ltr'><strong>diserte</strong></span> 
     </span>
    </p>
   </div>
   <div class='ocr_carea' id='block_1_77' title="bbox 625 5621 2194 5692">
    <p class='ocr_par' dir='ltr' id='par_1_77' title="bbox 625 5621 2194 5692">
     <span class='ocr_line' id='line_1_77' title="bbox 625 5621 2194 5692; baseline 0.004 -15"><span class='ocrx_word' id='word_1_683' title='bbox 625 5638 687 5678; x_wconf 86' lang='lat' dir='ltr'><strong>ac</strong></span> <span class='ocrx_word' id='word_1_684' title='bbox 717 5624 1031 5680; x_wconf 87' lang='lat' dir='ltr'><strong>nominatim</strong></span> <span class='ocrx_word' id='word_1_685' title='bbox 1072 5623 1265 5679; x_wconf 79' lang='lat' dir='ltr'><strong>addita:</strong></span> <span class='ocrx_word' id='word_1_686' title='bbox 1303 5622 1640 5689; x_wconf 86' lang='lat' dir='ltr'><strong>videbantur,</strong></span> <span class='ocrx_word' id='word_1_687' title='bbox 1669 5621 1888 5692; x_wconf 87' lang='lat' dir='ltr'><strong>quidam</strong></span> <span class='ocrx_word' id='word_1_688' title='bbox 1911 5638 2098 5680; x_wconf 89' lang='lat' dir='ltr'><strong>eorum</strong></span> <span class='ocrx_word' id='word_1_689' title='bbox 2125 5626 2194 5683; x_wconf 87' lang='lat' dir='ltr'><strong>ob</strong></span> 
     </span>
    </p>
   </div>
   <div class='ocr_carea' id='block_1_78' title="bbox 690 5785 1706 5855">
    <p class='ocr_par' dir='ltr' id='par_1_78' title="bbox 690 5785 1706 5855">
     <span class='ocr_line' id='line_1_78' title="bbox 690 5785 1706 5855; baseline -0.002 -13"><span class='ocrx_word' id='word_1_690' title='bbox 690 5787 780 5842; x_wconf 81' lang='lat' dir='ltr'><strong>&quot;l</strong></span> <span class='ocrx_word' id='word_1_691' title='bbox 813 5789 936 5843; x_wconf 84' lang='lat' dir='ltr'><strong>Cur.</strong></span> <span class='ocrx_word' id='word_1_692' title='bbox 973 5803 1030 5855; x_wconf 79' lang='lat' dir='ltr'><strong>tt,</strong></span> <span class='ocrx_word' id='word_1_693' title='bbox 1062 5789 1113 5844; x_wconf 88' lang='lat'><strong>9.</strong></span> <span class='ocrx_word' id='word_1_694' title='bbox 1190 5789 1232 5820; x_wconf 80' lang='lat'><strong>&quot;</strong></span> <span class='ocrx_word' id='word_1_695' title='bbox 1264 5785 1407 5843; x_wconf 80' lang='lat' dir='ltr'><strong>Psal.</strong></span> <span class='ocrx_word' id='word_1_696' title='bbox 1431 5802 1526 5853; x_wconf 82' lang='lat' dir='ltr'><strong>cu,</strong></span> <span class='ocrx_word' id='word_1_697' title='bbox 1557 5785 1589 5842; x_wconf 82' lang='lat'><strong>&#39;5</strong></span> <span class='ocrx_word' id='word_1_698' title='bbox 1621 5785 1706 5841; x_wconf 76' lang='grc'><strong>15.</strong></span> 
     </span>
    </p>
   </div>
   <div class='ocr_carea' id='block_1_79' title="bbox 2375 4455 3874 4528">
    <p class='ocr_par' dir='ltr' id='par_1_79' title="bbox 2375 4455 3874 4528">
     <span class='ocr_line' id='line_1_79' title="bbox 2375 4455 3874 4528; baseline -0.003 -19"><span class='ocrx_word' id='word_1_699' title='bbox 2375 4458 2509 4528; x_wconf 82' lang='grc' dir='ltr'>Φέρε</span> <span class='ocrx_word' id='word_1_700' title='bbox 2564 4457 2625 4528; x_wconf 86' lang='grc' dir='ltr'>δὴ</span> <span class='ocrx_word' id='word_1_701' title='bbox 2684 4457 2872 4510; x_wconf 78' lang='grc' dir='ltr'>λοιπὸν</span> <span class='ocrx_word' id='word_1_702' title='bbox 2927 4457 3021 4510; x_wconf 77' lang='grc' dir='ltr'>καὶ</span> <span class='ocrx_word' id='word_1_703' title='bbox 3081 4456 3190 4510; x_wconf 80' lang='grc' dir='ltr'>τῶν</span> <span class='ocrx_word' id='word_1_704' title='bbox 3248 4456 3546 4527; x_wconf 79' lang='grc' dir='ltr'>βασιλικῶν</span> <span class='ocrx_word' id='word_1_705' title='bbox 3599 4455 3874 4518; x_wconf 80' lang='grc' dir='ltr'>διατάξεων</span> 
     </span>
    </p>
   </div>
   <div class='ocr_carea' id='block_1_80' title="bbox 2306 4545 3875 4621">
    <p class='ocr_par' dir='ltr' id='par_1_80' title="bbox 2306 4545 3875 4621">
     <span class='ocr_line' id='line_1_80' title="bbox 2306 4545 3875 4621; baseline 0.002 -23"><span class='ocrx_word' id='word_1_706' title='bbox 2306 4547 2715 4600; x_wconf 81' lang='grc' dir='ltr'>Κωνσταντίνου</span> <span class='ocrx_word' id='word_1_707' title='bbox 2761 4549 2854 4602; x_wconf 70' lang='grc' dir='ltr'><strong>καὶ</strong></span> <span class='ocrx_word' id='word_1_708' title='bbox 2898 4549 3168 4602; x_wconf 80' lang='grc' dir='ltr'>Λικιννίου</span> <span class='ocrx_word' id='word_1_709' title='bbox 3202 4549 3301 4612; x_wconf 80' lang='grc' dir='ltr'>τὰς</span> <span class='ocrx_word' id='word_1_710' title='bbox 3347 4552 3411 4604; x_wconf 84' lang='grc' dir='ltr'>ὲκ</span> <span class='ocrx_word' id='word_1_711' title='bbox 3457 4551 3560 4621; x_wconf 82' lang='grc' dir='ltr'>τῆς</span> <span class='ocrx_word' id='word_1_712' title='bbox 3605 4545 3875 4619; x_wconf 77' lang='grc' dir='ltr'>Ῥωμαίων</span> 
     </span>
    </p>
   </div>
   <div class='ocr_carea' id='block_1_81' title="bbox 2306 4637 3708 4713">
    <p class='ocr_par' dir='ltr' id='par_1_81' title="bbox 2306 4637 3708 4713">
     <span class='ocr_line' id='line_1_81' title="bbox 2306 4637 3708 4713; baseline 0.005 -24"><span class='ocrx_word' id='word_1_713' title='bbox 2306 4637 2489 4707; x_wconf 67' lang='grc' dir='ltr'>φωνῆς</span> <span class='ocrx_word' id='word_1_714' title='bbox 2526 4639 2960 4711; x_wconf 68' lang='grc' dir='ltr'>μεταληφϐείσας</span> <span class='ocrx_word' id='word_1_715' title='bbox 2995 4641 3290 4711; x_wconf 81' lang='grc' dir='ltr'>ἑρμηνείας</span> <span class='ocrx_word' id='word_1_716' title='bbox 3316 4642 3708 4713; x_wconf 73' lang='grc' dir='ltr'>παραϐώμεοα.</span> 
     </span>
    </p>
   </div>
   <div class='ocr_carea' id='block_1_82' title="bbox 2320 4727 3872 4802">
    <p class='ocr_par' dir='ltr' id='par_1_82' title="bbox 2320 4727 3872 4802">
     <span class='ocr_line' id='line_1_82' title="bbox 2320 4727 3872 4802; baseline 0.001 -20"><span class='ocrx_word' id='word_1_717' title='bbox 2320 4729 2700 4798; x_wconf 56' lang='grc' dir='ltr'>Ἀντίγραφον</span> <span class='ocrx_word' id='word_1_718' title='bbox 2727 4729 3070 4802; x_wconf 67' lang='grc' dir='ltr'>,ϐασιλικῶν</span> <span class='ocrx_word' id='word_1_719' title='bbox 3099 4731 3428 4796; x_wconf 66' lang='grc' dir='ltr'>διατάξεων</span> <span class='ocrx_word' id='word_1_720' title='bbox 3448 4734 3518 4787; x_wconf 86' lang='grc' dir='ltr'>ἐκ</span> <span class='ocrx_word' id='word_1_721' title='bbox 3559 4727 3872 4802; x_wconf 58' lang='grc' dir='ltr'>Ῥωμαὶὸιῆς</span> 
     </span>
    </p>
   </div>
   <div class='ocr_carea' id='block_1_83' title="bbox 2674 4801 3528 4872">
    <p class='ocr_par' dir='ltr' id='par_1_83' title="bbox 2674 4801 3528 4872">
     <span class='ocr_line' id='line_1_83' title="bbox 2674 4801 3528 4872; baseline 0.007 -21"><span class='ocrx_word' id='word_1_722' title='bbox 2674 4801 2960 4871; x_wconf 71' lang='grc' dir='ltr'>γλώσσης</span> <span class='ocrx_word' id='word_1_723' title='bbox 2987 4804 3484 4872; x_wconf 57' lang='grc' dir='ltr'>μεταληφθεισῶν</span> <span class='ocrx_word' id='word_1_724' title='bbox 3512 4842 3528 4857; x_wconf 92' lang='grc'><strong>.</strong></span> 
     </span>
    </p>
   </div>
   <div class='ocr_carea' id='block_1_84' title="bbox 2383 4891 3869 4968">
    <p class='ocr_par' dir='ltr' id='par_1_84' title="bbox 2383 4891 3869 4968">
     <span class='ocr_line' id='line_1_84' title="bbox 2383 4891 3869 4968; baseline 0.005 -25"><span class='ocrx_word' id='word_1_725' title='bbox 2383 4908 2401 4942; x_wconf 75' lang='grc' dir='ltr'><strong>ι</strong></span> <span class='ocrx_word' id='word_1_726' title='bbox 2443 4891 2577 4963; x_wconf 84' lang='grc' dir='ltr'><strong>Ἤδη</strong></span> <span class='ocrx_word' id='word_1_727' title='bbox 2619 4893 2715 4961; x_wconf 85' lang='grc' dir='ltr'>μὲν</span> <span class='ocrx_word' id='word_1_728' title='bbox 2748 4893 2914 4946; x_wconf 78' lang='grc' dir='ltr'>πάλαι</span> <span class='ocrx_word' id='word_1_729' title='bbox 2943 4894 3269 4958; x_wconf 76' lang='grc' dir='ltr'>σκοποῦντες</span> <span class='ocrx_word' id='word_1_730' title='bbox 3293 4896 3393 4966; x_wconf 77' lang='grc' dir='ltr'>τὴν</span> <span class='ocrx_word' id='word_1_731' title='bbox 3438 4896 3744 4968; x_wconf 76' lang='grc' dir='ltr'>ἐλευθερίαν</span> <span class='ocrx_word' id='word_1_732' title='bbox 3779 4891 3869 4963; x_wconf 80' lang='grc' dir='ltr'>τῆς</span> 
     </span>
    </p>
   </div>
   <div class='ocr_carea' id='block_1_85' title="bbox 2306 4983 3866 5055">
    <p class='ocr_par' dir='ltr' id='par_1_85' title="bbox 2306 4983 3866 5055">
     <span class='ocr_line' id='line_1_85' title="bbox 2306 4983 3866 5055; baseline 0.003 -21"><span class='ocrx_word' id='word_1_733' title='bbox 2306 4983 2603 5054; x_wconf 75' lang='grc' dir='ltr'>Ορησκείας</span> <span class='ocrx_word' id='word_1_734' title='bbox 2631 4985 2729 5036; x_wconf 72' lang='grc' dir='ltr'><strong>οὐκ</strong></span> <span class='ocrx_word' id='word_1_735' title='bbox 2758 4986 3029 5055; x_wconf 85' lang='grc' dir='ltr'>ἀρνητέαν</span> <span class='ocrx_word' id='word_1_736' title='bbox 3061 4983 3218 5051; x_wconf 85' lang='grc' dir='ltr'>εἷναι,</span> <span class='ocrx_word' id='word_1_737' title='bbox 3255 4988 3369 5040; x_wconf 77' lang='grc' dir='ltr'>ἀλλ’</span> <span class='ocrx_word' id='word_1_738' title='bbox 3402 4989 3521 5050; x_wconf 80' lang='grc' dir='ltr'>ἑνὸς</span> <span class='ocrx_word' id='word_1_739' title='bbox 3553 4990 3776 5042; x_wconf 82' lang='grc' dir='ltr'>ἑκάστου</span> <span class='ocrx_word' id='word_1_740' title='bbox 3805 4983 3866 5054; x_wconf 76' lang='grc' dir='ltr'>τῇ</span> 
     </span>
    </p>
   </div>
   <div class='ocr_carea' id='block_1_86' title="bbox 2303 5071 3865 5146">
    <p class='ocr_par' dir='ltr' id='par_1_86' title="bbox 2303 5071 3865 5146">
     <span class='ocr_line' id='line_1_86' title="bbox 2303 5071 3865 5146; baseline 0.001 -20"><span class='ocrx_word' id='word_1_741' title='bbox 2303 5074 2507 5143; x_wconf 74' lang='grc' dir='ltr'>διανοίᾳ</span> <span class='ocrx_word' id='word_1_742' title='bbox 2556 5074 2648 5126; x_wconf 74' lang='grc' dir='ltr'><strong>καὶ</strong></span> <span class='ocrx_word' id='word_1_743' title='bbox 2695 5073 2946 5146; x_wconf 73' lang='grc' dir='ltr'>βουλήσει</span> <span class='ocrx_word' id='word_1_744' title='bbox 2993 5075 3244 5140; x_wconf 79' lang='grc' dir='ltr'>ἐξουσίαν</span> <span class='ocrx_word' id='word_1_745' title='bbox 3291 5077 3470 5131; x_wconf 84' lang='grc' dir='ltr'>δοτέον</span> <span class='ocrx_word' id='word_1_746' title='bbox 3509 5076 3601 5130; x_wconf 80' lang='grc' dir='ltr'>τοῦ</span> <span class='ocrx_word' id='word_1_747' title='bbox 3647 5074 3710 5129; x_wconf 79' lang='grc' dir='ltr'>τὰ</span> <span class='ocrx_word' id='word_1_748' title='bbox 3759 5071 3865 5123; x_wconf 72' lang='grc' dir='ltr'>θεῖα</span> 
     </span>
    </p>
   </div>
   <div class='ocr_carea' id='block_1_87' title="bbox 2305 5163 3866 5241">
    <p class='ocr_par' dir='ltr' id='par_1_87' title="bbox 2305 5163 3866 5241">
     <span class='ocr_line' id='line_1_87' title="bbox 2305 5163 3866 5241; baseline 0 -25"><span class='ocrx_word' id='word_1_749' title='bbox 2305 5165 2604 5236; x_wconf 78' lang='grc' dir='ltr'>πράγματα</span> <span class='ocrx_word' id='word_1_750' title='bbox 2633 5165 2886 5237; x_wconf 84' lang='grc' dir='ltr'>τημελεῖν</span> <span class='ocrx_word' id='word_1_751' title='bbox 2909 5167 3048 5220; x_wconf 86' lang='grc' dir='ltr'>κατὰ</span> <span class='ocrx_word' id='word_1_752' title='bbox 3074 5167 3170 5239; x_wconf 82' lang='grc' dir='ltr'>τὴν</span> <span class='ocrx_word' id='word_1_753' title='bbox 3194 5168 3358 5222; x_wconf 80' lang='grc' dir='ltr'>αὑτοῦ</span> <span class='ocrx_word' id='word_1_754' title='bbox 3381 5170 3714 5241; x_wconf 86' lang='grc' dir='ltr'>προαίρεσιν,</span> <span class='ocrx_word' id='word_1_755' title='bbox 3745 5163 3866 5216; x_wconf 79' lang='grc' dir='ltr'>ἔκα-</span> 
     </span>
    </p>
   </div>
   <div class='ocr_carea' id='block_1_88' title="bbox 2306 5252 3862 5331">
    <p class='ocr_par' dir='ltr' id='par_1_88' title="bbox 2306 5252 3862 5331">
     <span class='ocr_line' id='line_1_88' title="bbox 2306 5252 3862 5331; baseline 0.001 -25"><span class='ocrx_word' id='word_1_756' title='bbox 2306 5271 2428 5309; x_wconf 90' lang='grc' dir='ltr'>στον</span> <span class='ocrx_word' id='word_1_757' title='bbox 2462 5256 2879 5327; x_wconf 75' lang='grc' dir='ltr'>κεκελεύκειμεν</span> <span class='ocrx_word' id='word_1_758' title='bbox 2899 5298 2913 5322; x_wconf 92' lang='grc'><strong>,</strong></span> <span class='ocrx_word' id='word_1_759' title='bbox 2950 5261 3062 5322; x_wconf 85' lang='grc' dir='ltr'>τοῖς</span> <span class='ocrx_word' id='word_1_760' title='bbox 3108 5276 3167 5311; x_wconf 86' lang='grc' dir='ltr'><strong>τε</strong></span> <span class='ocrx_word' id='word_1_761' title='bbox 3198 5261 3568 5331; x_wconf 78' lang='grc' dir='ltr'>Χριστιανοῖς,</span> <span class='ocrx_word' id='word_1_762' title='bbox 3601 5260 3696 5329; x_wconf 81' lang='grc' dir='ltr'><strong>τῆς</strong></span> <span class='ocrx_word' id='word_1_763' title='bbox 3723 5252 3862 5323; x_wconf 78' lang='grc' dir='ltr'>αἱρέ-</span> 
     </span>
    </p>
   </div>
   <div class='ocr_carea' id='block_1_89' title="bbox 2305 5351 3860 5426">
    <p class='ocr_par' dir='ltr' id='par_1_89' title="bbox 2305 5351 3860 5426">
     <span class='ocr_line' id='line_1_89' title="bbox 2305 5351 3860 5426; baseline -0.002 -23"><span class='ocrx_word' id='word_1_764' title='bbox 2305 5367 2441 5413; x_wconf 85' lang='grc' dir='ltr'>σεως</span> <span class='ocrx_word' id='word_1_765' title='bbox 2475 5351 2568 5404; x_wconf 79' lang='grc' dir='ltr'><strong>καὶ</strong></span> <span class='ocrx_word' id='word_1_766' title='bbox 2607 5353 2704 5422; x_wconf 71' lang='grc' dir='ltr'>τῆς</span> <span class='ocrx_word' id='word_1_767' title='bbox 2735 5353 3032 5424; x_wconf 83' lang='grc' dir='ltr'>Θρησκείας</span> <span class='ocrx_word' id='word_1_768' title='bbox 3063 5353 3160 5424; x_wconf 80' lang='grc' dir='ltr'>τῆς</span> <span class='ocrx_word' id='word_1_769' title='bbox 3192 5355 3397 5408; x_wconf 78' lang='grc' dir='ltr'>ἑαυτῶν</span> <span class='ocrx_word' id='word_1_770' title='bbox 3426 5355 3523 5426; x_wconf 83' lang='grc' dir='ltr'><strong>τὴν</strong></span> <span class='ocrx_word' id='word_1_771' title='bbox 3560 5355 3735 5407; x_wconf 83' lang='grc' dir='ltr'>πίστιν</span> <span class='ocrx_word' id='word_1_772' title='bbox 3772 5365 3860 5418; x_wconf 80' lang='grc' dir='ltr'><strong>φυ-</strong></span> 
     </span>
    </p>
   </div>
   <div class='ocr_carea' id='block_1_90' title="bbox 2301 5440 3858 5517">
    <p class='ocr_par' dir='ltr' id='par_1_90' title="bbox 2301 5440 3858 5517">
     <span class='ocr_line' id='line_1_90' title="bbox 2301 5440 3858 5517; baseline -0.001 -24"><span class='ocrx_word' id='word_1_773' title='bbox 2301 5442 2531 5497; x_wconf 84' lang='grc' dir='ltr'>λάττειν.</span> <span class='ocrx_word' id='word_1_774' title='bbox 2579 5443 2712 5495; x_wconf 80' lang='grc' dir='ltr'>Ἀλλ’</span> <span class='ocrx_word' id='word_1_775' title='bbox 2738 5444 2923 5514; x_wconf 78' lang='grc' dir='ltr'>ἐπειδὴ</span> <span class='ocrx_word' id='word_1_776' title='bbox 2951 5445 3141 5498; x_wconf 74' lang='grc' dir='ltr'>πολλαὶ</span> <span class='ocrx_word' id='word_1_777' title='bbox 3167 5448 3260 5500; x_wconf 72' lang='grc' dir='ltr'><strong>καὶ</strong></span> <span class='ocrx_word' id='word_1_778' title='bbox 3287 5447 3528 5517; x_wconf 72' lang='grc' dir='ltr'>διάφοροι</span> <span class='ocrx_word' id='word_1_779' title='bbox 3555 5444 3783 5517; x_wconf 85' lang='grc' dir='ltr'>αἱρέσεις</span> <span class='ocrx_word' id='word_1_780' title='bbox 3805 5440 3858 5491; x_wconf 83' lang='grc' dir='ltr'><strong>ἐν</strong></span> 
     </span>
    </p>
   </div>
   <div class='ocr_carea' id='block_1_91' title="bbox 2299 5533 3855 5611">
    <p class='ocr_par' dir='ltr' id='par_1_91' title="bbox 2299 5533 3855 5611">
     <span class='ocr_line' id='line_1_91' title="bbox 2299 5533 3855 5611; baseline 0 -25"><span class='ocrx_word' id='word_1_781' title='bbox 2299 5534 2484 5606; x_wconf 78' lang='grc' dir='ltr'>ἐκείνῃ</span> <span class='ocrx_word' id='word_1_782' title='bbox 2532 5536 2598 5604; x_wconf 82' lang='grc' dir='ltr'>τῇ</span> <span class='ocrx_word' id='word_1_783' title='bbox 2657 5536 3000 5607; x_wconf 66' lang='grc' dir='ltr'>ἀντιγραφῇ,</span> <span class='ocrx_word' id='word_1_784' title='bbox 3055 5540 3112 5590; x_wconf 81' lang='grc' dir='ltr'>ἐν</span> <span class='ocrx_word' id='word_1_785' title='bbox 3259 5542 3369 5602; x_wconf 84' lang='grc' dir='ltr'>τοῖς</span> <span class='ocrx_word' id='word_1_786' title='bbox 3413 5540 3596 5600; x_wconf 84' lang='grc' dir='ltr'>αὐτοῖς</span> <span class='ocrx_word' id='word_1_787' title='bbox 3637 5548 3855 5602; x_wconf 85' lang='grc' dir='ltr'>συνεχω-</span> 
     </span>
    </p>
   </div>
   <div class='ocr_carea' id='block_1_92' title="bbox 2304 5625 3852 5704">
    <p class='ocr_par' dir='ltr' id='par_1_92' title="bbox 2304 5625 3852 5704">
     <span class='ocr_line' id='line_1_92' title="bbox 2304 5625 3852 5704; baseline -0.003 -25"><span class='ocrx_word' id='word_1_788' title='bbox 2304 5625 2439 5696; x_wconf 74' lang='grc' dir='ltr'>ρήθη</span> <span class='ocrx_word' id='word_1_789' title='bbox 2473 5629 2504 5698; x_wconf 82' lang='grc' dir='ltr'>ἡ</span> <span class='ocrx_word' id='word_1_790' title='bbox 2548 5626 2770 5699; x_wconf 65' lang='grc' dir='ltr'>τοιαύτη</span> <span class='ocrx_word' id='word_1_791' title='bbox 2799 5627 3040 5697; x_wconf 76' lang='grc' dir='ltr'>ἐξουσία,</span> <span class='ocrx_word' id='word_1_792' title='bbox 3078 5631 3292 5685; x_wconf 72' lang='grc' dir='ltr'>ἐδόκουν</span> <span class='ocrx_word' id='word_1_793' title='bbox 3334 5626 3734 5704; x_wconf 80' lang='grc' dir='ltr'>προστεθείσοαι</span> <span class='ocrx_word' id='word_1_794' title='bbox 3767 5639 3852 5700; x_wconf 67' lang='grc' dir='ltr'>σα·</span> 
     </span>
    </p>
   </div>
  </div>
