4132 6406
314 364 418 421 881

1339 360 1688 419 HISTORIA:
1730 364 2291 422 Εοειεειιιδτιειε
2335 366 2460 420 LIB.
2495 365 2563 421 Χ.

3465 362 3569 418 88⁴Ξ

317 479 436 544 φῶς
468 473 603 545 (50),
645 473 808 545 τυχὸν
851 473 979 540 ἴσως
1019 477 1161 540 τινὲς
1203 475 1380 531 αὐτῶν
1423 478 1747 549 μετ’όλίγον
1790 481 1891 534 ἀπὲ

2002 483 2142 536 hanc
2180 480 2416 537 fortasse
2441 495 2657 535 causam
2688 479 2846 549 paulo
2882 491 3005 549 post
3035 481 3103 536 ab
3135 478 3441 549 huiusmodi
3473 479 3570 533 ob-

315 564 418 636 τῆς
445 562 699 634 τοιαύτης
739 564 1167 634 παραφυλάξεως
1205 567 1587 638 ἀνεκρούοντο·
1625 571 1782 623 ὁπότε
1817 573 1899 624 εὐ-

313 654 497 724 τυχῶς
529 653 639 723 ἐγὼ
672 655 1080 719 Κωνσταντῖνος
1111 659 1140 710 ὁ
1169 656 1494 725 Αὔγουστος,
1529 659 1683 729 κάγὼ
1715 662 1898 714 Λικίν-

316 763 430 809 νιος
453 747 482 799 ό
514 744 838 813 Αὓγουστος,
875 747 933 799 ἐν
965 748 1028 817 τῇ
1061 746 1368 818 Μεδιολάνῳ
1402 747 1774 820 ἐληλύθειμεν,
1805 751 1896 802 καὶ

316 839 499 892 πάντα
536 839 636 892 ὅσα
673 839 810 910 πρὸς
844 839 905 890 τὸ
947 837 1217 903 λυσιτελὲς
1262 842 1355 893 καὶ
1405 842 1466 894 τὸ
1511 845 1777 912 χρήσιμον
1820 841 1897 912 τῷ

316 930 482 1000 κοινῷ
507 929 773 1001 διέφερεν,
819 931 875 982 ἐν
905 930 1126 1001 ζητήσει
1165 931 1394 1002 ἔσχομεν
1422 974 1436 996 ,
1485 932 1656 985 ταῦτα
1691 933 1894 1004 μεταξὺ

314 1019 425 1072 τῶν
458 1018 659 1072 λοιπῶν
688 1019 844 1072 ἆτινα
876 1018 1048 1072 ἐδόκει
1080 1020 1138 1072 ἐν
1165 1019 1378 1083 πολλοῖς
1407 1021 1608 1075 ἅπασιν
1642 1022 1895 1093 ἐπωφελῆ

317 1105 477 1172 εἶναι,
507 1109 704 1181 μᾶλλον
731 1111 788 1165 δὲ
817 1113 873 1164 ἐν
905 1111 1140 1182 πρώτοις
1163 1112 1413 1177 διατάξαι
1441 1113 1893 1185 ἐδογματίσαμεν,

316 1195 399 1264 οἷς
428 1203 462 1272 ἡ
497 1202 634 1272 πρὸς
663 1201 723 1255 τὸ
749 1202 900 1256 Θεῖον
934 1203 1096 1268 αἰδώς
1124 1221 1182 1257 τε
1213 1206 1308 1258 καὶ
1349 1205 1410 1256 τὸ
1452 1205 1893 1276 σέϐας-ἐνείχετο,

315 1291 462 1348 τοῦτ’
505 1293 650 1346 ἔστιν
673 1335 689 1360 ,
743 1295 888 1358 ὅπως
924 1295 1102 1366 δῶμεν
1151 1297 1244 1349 καὶ
1285 1301 1396 1360 τοῖς
1427 1299 1772 1368 Χριστιανοῖς
1804 1300 1896 1351 καὶ

317 1386 483 1461 πᾶσιν
507 1384 795 1457 ἐλευθέραν
824 1387 1029 1458 αἵρεσιν
1059 1387 1153 1440 τοῦ
1183 1387 1493 1442 ἀκολουθεῖν
1517 1392 1579 1460 τῇ
1631 1389 1896 1461 θρησκεία

318 1460 425 1541 ᾖδ’
465 1474 529 1529 ἀν
563 1475 926 1548 βουληθῶσιν·
968 1479 1114 1540 ὅπως
1153 1481 1182 1532 δ
1231 1480 1282 1532 τί
1340 1479 1470 1533 ποτέ
1514 1481 1629 1533 ἐστι
1673 1481 1896 1552 Θειὸτης

317 1567 413 1619 καὶ
436 1567 686 1638 οὐρανίου
714 1569 1035 1640 πράγματος
1058 1570 1192 1642 (51),
1223 1573 1351 1642 ἡμῖν
1376 1572 1468 1626 καὶ
1498 1575 1629 1626 πᾶσι
1657 1575 1768 1637 τοῖς
1791 1575 1895 1627 ὑπὸ

315 1660 415 1731 τὴν
450 1662 720 1733 ἡμετέραν
762 1663 1010 1729 ἐξουσίαν
1041 1663 1315 1732 διάγουσιν
1351 1665 1576 1736 εὐμενὲς
1624 1661 1763 1719 εἶναι
1807 1667 1895 1718 δυ-

316 1754 480 1824 νηθῇ.
538 1755 728 1808 Τοίνυν
775 1755 978 1825 ταύτην
1028 1755 1125 1825 τὴν
1175 1754 1427 1826 βούλησιν
1470 1757 1568 1830 τὴν
1618 1758 1894 1828 ἡμετέραν

317 1844 536 1916 ὑγιεινῷ
561 1846 656 1899 καὶ
686 1846 960 1917 όρθοτάτῳ
989 1845 1232 1916 λογισμῷ
1262 1846 1712 1918 ἐδογματίσαμεν,
1745 1849 1893 1911 ὅπως

320 1937 510 2008 μηδενὶ
543 1938 821 2003 παντελῶς
851 1938 1067 2006 ἐξουσία
1118 1937 1358 2010 ἀρνητέα
1455 1939 1546 1992 τοῦ
1581 1939 1890 1993 ἀκολουθεῖν

315 2029 412 2083 καὶ
457 2029 726 2098 αἱρεῖσθαι
771 2031 868 2101 τὴν
909 2030 1016 2083 τῶν
1063 2031 1401 2102 Χριστιανῶν
1441 2032 1817 2104 παραφύλαξιν
1856 2032 1889 2104 ἢ

315 2118 631 2190 θρησκείαν,
682 2120 894 2190 ἑκάστῳ
945 2136 1003 2172 τε
1049 2120 1265 2186 ἐξουσία
1315 2121 1491 2192 δοθείη
1547 2121 1641 2174 τοῦ
1692 2121 1890 2175 διδόναι

315 2208 511 2262 ἑαυτοῦ
545 2210 642 2280 τὴν
679 2209 914 2263 διάνοιαν
955 2211 1013 2262 ἐν
1044 2210 1228 2282 ἐκείνῃ
1270 2213 1337 2281 τῇ
1368 2210 1664 2282 θρησκείᾳ,
1697 2213 1761 2280 ἢν
1795 2212 1892 2264 αὐ-

313 2300 408 2364 τὸς
455 2299 632 2370 ἐαυτῷ
674 2300 934 2371 ἁρμόζειν
974 2299 1192 2372 νομίζῃ,
1229 2301 1376 2366 ὅπως
1415 2304 1544 2372 ημῖν
1583 2301 1782 2372 δυνηθῇ
1830 2302 1892 2355 τὸ

312 2391 470 2445 Θεῖον
497 2393 555 2445 ὲν
585 2394 718 2446 πᾶσι
747 2393 844 2464 τὴν
878 2393 1062 2463 ἔθιμον
1096 2394 1329 2465 σπουδὴν
1363 2395 1455 2448 καὶ
1484 2393 1891 2463 καλοκάγαθίαν

315 2485 594 2555 παρέχειν.
642 2486 831 2538 Ἂτινα
865 2485 1036 2550 οὓτως
1084 2487 1337 2557 ἀρέσκειν
1383 2489 1511 2556 ἡμῖν
1561 2487 1891 2558 ἀντιγράψαι

313 2575 607 2631 ἀκόλουθον
644 2573 732 2649 ἦν,
765 2578 831 2630 ἵν’
862 2579 1256 2650 ἀφαιρεθεισῶν
1292 2578 1569 2642 παντελῶς
1600 2579 1708 2632 τῶν
1738 2579 1890 2652 αἱρέ-

317 2685 486 2733 σεων,
519 2669 727 2742 ,αἵτινες
766 2671 879 2733 τοῖς
924 2671 1211 2743 προτέροις
1261 2669 1416 2741 ἡμῶν
1455 2671 1740 2743 γράμμασι
1779 2675 1892 2735 τοῖς

316 2761 455 2828 πρὸς
504 2762 604 2834 τὴν
669 2761 766 2833 σὴν
817 2761 1140 2816 καθοσίωσιν
1192 2763 1536 2816 ἀποσταλεῖσι
1599 2764 1728 2835 περὶ
1784 2764 1889 2816 τῶν

318 2851 657 2922 Χριστιανῶν
687 2851 974 2922 ἐνείχοντο,
1005 2853 1097 2906 καὶ
1127 2853 1282 2907 ἅτινα
1311 2855 1448 2908 πάνυ
1477 2853 1638 2906 σκαιά
1667 2853 1758 2906 καὶ
1791 2855 1890 2924 τῆς

317 2944 591 3017 ἡμετέρας
635 2944 937 3016 πραότητος
985 2945 1236 3017 ἀλλότρια
1281 2943 1418 3000 εἶναι
1466 2945 1672 3012 ἐδόκει,
1719 2945 1890 2998 ταῦτα

321 3033 604 3105 ὐφαιρεθῇ,
629 3034 722 3087 καὶ
748 3034 842 3087 νῦν
866 3033 1162 3106 ἐλευθέρως
1186 3053 1242 3089 τε
1267 3037 1359 3090 καὶ
1385 3035 1636 3099 ἀπλανῶς
1663 3036 1890 3100 ἕκαστος

319 3124 427 3177 τῶν
454 3124 552 3193 τὴν
585 3125 752 3195 αὐτὴν
787 3126 1100 3196 προαίρεσιν
1136 3127 1443 3198 ἐσχηκότων
1479 3125 1573 3179 τοῦ
1606 3126 1890 3195 φυλάττειν

2001 572 2272 627 servantia
2322 570 2664 626 destiterunt.
2699 567 3063 635 Quamobrem
3119 584 3241 623 cum
3278 585 3399 637 nos,
3422 568 3569 622 Con-

1999 663 2272 719 stantinus
2325 676 2388 718 ac
2437 661 2680 716 Licinius
2724 660 2978 730 Augusti,
3023 659 3272 716 felicibus
3313 662 3569 731 auspiciis

2001 754 2359 811 Mediolanum
2392 755 2751 816 venissemus,
2786 761 2840 806 et
2865 767 3202 822 quaecunque
3233 752 3297 808 ad
3326 768 3568 808 COmmo-

1999 852 2124 904 dum
2147 847 2548 918 utilitatemque
2593 847 2909 916 reipublicze
2947 843 3312 915 pertinebant,
3335 844 3569 900 sollicite

2001 941 2396 1011 inquireremus
2415 981 2430 1004 ,
2481 942 2622 993 inter
2645 948 2840 994 cmtera
2867 953 2986 1008 quae
3030 937 3300 992 universis
3328 939 3568 992 multifa-

2002 1032 2132 1084 riam
2159 1029 2842 1099 profuturajudicavimus,
2882 1043 2976 1083 seu
3005 1027 3184 1098 potius
3209 1044 3318 1094 pne
3344 1027 3568 1096 reliquis

1997 1121 2248 1176 omnibus
2273 1121 2390 1175 haec
2430 1121 2809 1176 constituenda
2859 1135 2980 1175 esse
3012 1120 3338 1184 censuimus,
3374 1119 3571 1189 quibus

1998 1213 2161 1267 divini
2218 1213 2456 1268 numinis
2502 1213 2681 1267 cultus
2736 1229 2800 1268 ac
2851 1213 3127 1268 veneratio
3155 1212 3566 1267 contineretur:

1999 1302 2103 1356 hoc
2142 1313 2245 1368 est,
2289 1312 2346 1356 ut
2378 1301 2702 1357 Christianis
2734 1310 2789 1357 et
2839 1303 3062 1372 reliquis
3109 1303 3362 1358 omnibus
3401 1303 3570 1358 libera

1998 1396 2225 1452 facultas
2280 1411 2311 1450 a
2349 1396 2505 1451 nobis
2556 1396 2826 1451 tribuatur
2869 1411 3248 1464 quamcunque
3299 1395 3570 1450 voluerint

1999 1488 2313 1557 religionem
2345 1486 2698 1542 consectandi
2733 1505 2746 1541 :
2783 1502 2890 1554 quo
2912 1486 3125 1542 scilicet
3151 1487 3413 1556 quidquid
3439 1485 3572 1540 illud

1995 1586 2077 1630 est
2108 1576 2349 1631 divinum
2383 1593 2445 1631 ac
2481 1576 2703 1632 ccelcste
2740 1593 2963 1643 numen,
2998 1578 3153 1632 nobis
3197 1587 3252 1631 et
3298 1578 3569 1632 universis

1996 1670 2086 1739 qui
2143 1671 2242 1725 sub
2295 1670 2522 1740 imperio
2575 1678 2766 1724 nostro
2824 1672 3050 1740 degunt,
3106 1670 3396 1740 propitium
3447 1683 3569 1724 esse

1997 1763 2184 1831 possit.
2222 1762 2372 1818 Hanc
2413 1763 2577 1832 igitur
2626 1771 2866 1818 nostram
2916 1761 3250 1816 voluntatem
3276 1761 3480 1815 salubri
3512 1770 3569 1816 et

1924 1829 1966 1888 Β
1997 1853 2296 1908 rectissimo
2323 1852 2554 1907 consilio
2577 1851 3059 1921 promulgavimus,
3086 1860 3143 1906 ut
3181 1851 3385 1906 nemini
3409 1867 3570 1922 pror-

1994 1958 2089 1996 sus
2131 1940 2499 1996 Cbristianam
2553 1941 2956 1997 observantiam
3003 1957 3068 1996 ac
3118 1942 3436 2012 religionem
3481 1958 3571 1998 se-

1993 2033 2192 2108 queruli
2217 2042 2310 2088 aut
2333 2033 2568 2102 eligendi
2602 2034 2820 2088 licentia
2857 2033 3176 2102 tle-negetur.
3218 2033 3324 2088 Sed
3359 2034 3570 2089 unicui-

1993 2142 2098 2195 que
2129 2125 2292 2181 liceat
2325 2125 2392 2179 ad
2421 2141 2540 2180 eam
2577 2125 2892 2195 religionem
2931 2141 3093 2194 quant
3125 2125 3227 2180 sibi
3261 2123 3569 2180 conducere

1994 2217 2289 2283 censuerit,
2317 2218 2561 2272 animum
2599 2217 2906 2287 applicare;
2948 2233 3054 2287 quo
3086 2217 3325 2272 divinum
3368 2233 3568 2274 numen

1994 2324 2320 2380 propensum
2364 2323 2494 2378 erga
2537 2324 2636 2363 nos
2669 2309 2906 2364 studium
2955 2324 3020 2364 ac
3064 2309 3455 2378 benignitatem
3512 2311 3582 2366 ini

1993 2399 2242 2454 omnibus
2307 2399 2476 2470 possit
2541 2400 2850 2454 ostendere.
2916 2398 3086 2454 Porro
3141 2409 3568 2455 consentaneum

1992 2491 2158 2562 389
2184 2489 2284 2544 fuit
2322 2500 2381 2543 ut
2412 2489 2526 2544 haec
2560 2488 2716 2543 nobis
2749 2489 2821 2543 ita
2863 2489 3079 2558 placere
3114 2491 3564 2555 rescriberemus,

1993 2579 2358 2650 quo,sublatis
2387 2579 2605 2648 penitus
2651 2579 2909 2633 omnibus
2941 2579 3110 2634 sectis
3141 2595 3262 2650 qua:
3295 2579 3350 2635 in
3384 2581 3569 2650 priore

1993 2679 2180 2726 nostra
2204 2669 2270 2726 de
2296 2668 2627 2726 Christianis
2648 2668 2876 2738 epistola
2907 2670 2973 2722 ad
3007 2669 3178 2724 Tuam
3214 2670 3565 2725 Devotionem

1993 2763 2156 2818 missa
2187 2761 2627 2826 continebantur,
2657 2774 2779 2814 cum
2819 2758 2908 2814 illa
2939 2774 3060 2828 qua:
3081 2774 3306 2830 prorsus
3341 2760 3588 2814 sinistra»

1992 2865 2044 2910 et
2073 2871 2103 2908 a
2151 2864 2336 2910 nostra
2371 2851 2786 2907 mansuetudine
2831 2852 3010 2908 aliena
3044 2868 3164 2909 esse
3216 2852 3566 2918 videbantur,

1992 2947 2212 3001 omnino
2246 2954 2675 3000 removeantur:
2710 2953 2820 2997 tum
2851 2954 2908 3000 ut
2941 2945 2993 2999 in
3023 2954 3298 3016 posterum
3333 2943 3565 3013 quicun-

1993 3055 2096 3108 que
2127 3037 2492 3094 Christianam
2528 3036 2842 3107 religionem
2880 3035 3278 3092 observandam
3309 3034 3412 3088 sibi
3446 3048 3568 3088 esse

1993 3137 2320 3193 statuerunt,
2368 3143 2488 3182 eam
2541 3126 2712 3182 libere
2759 3135 2817 3182 et
2865 3136 3179 3183 constanter
3227 3127 3432 3196 absque
3461 3125 3566 3180 ulla

316 3212 416 3285 τὴν
466 3214 573 3268 τῶν
626 3215 964 3286 Χριστιανῶν
1003 3215 1316 3287 θρησκείαν,
1369 3219 1496 3272 ἄνευ
1540 3217 1682 3280 τινος
1728 3217 1888 3287 ὀχλή-

1996 3220 2239 3276 ntolestia
2290 3228 2345 3275 et
2396 3220 2780 3289 impedimento
2836 3221 3129 3278 retineant.
3175 3194 3570 3288 Quin—quidm

321 3323 478 3370 οεως,
517 3306 673 3360 τοῦτο
710 3309 842 3362 αὐτὸ
874 3309 1298 3381 παραφυλάττοι.
1341 3310 1528 3362 ’Λτινα
1559 3312 1625 3380 τῇ
1662 3312 1726 3380 σῇ
1769 3313 1888 3362 ἐπι-

322 3398 511 3470 μελείᾳ
559 3398 905 3470 πληρέστατα
949 3400 1186 3471 δηλῶσαι
1228 3401 1696 3471 ἐδογματίσαμεν,
1740 3402 1888 3465 ὅπως

318 3488 516 3560 είδείης
553 3491 701 3560 ἡμᾶς
746 3490 1032 3563 ἐλευθέραν
1076 3492 1170 3544 καὶ
1202 3491 1606 3562 ἀπολελυμένην
1645 3490 1888 3556 ἐξουσίαν

317 3578 412 3632 τοῦ
468 3580 722 3651 τημελεῖν
777 3583 877 3654 τὴν
936 3583 1144 3636 ἑαυτῶν
1193 3581 1484 3654 θρησκείαν
1535 3586 1646 3647 τοῖς
1705 3584 1888 3648 αὐτοῖς

319 3672 664 3742 Χριστιανοῖς
699 3673 1016 3726 δεδωκέναι·
1067 3675 1202 3746 ὅπερ
1237 3674 1420 3745 ἐπειδὴ
1475 3673 1890 3744 ἀπολελυμένως

319 3755 501 3826 αὐτοῖς
528 3763 616 3832 ὑφ’
640 3763 798 3834 ἡμῶν
829 3765 1160 3836 δεδωρῆσθαι
1197 3767 1305 3835 (59.)
1327 3807 1340 3829 ,
1378 3766 1628 3838 θεωρεῖή
1759 3765 1892 3818 καθ-

317 3853 572 3918 οσίωσις,
625 3856 718 3908 καὶ
752 3856 957 3927 ἑτέροις
991 3857 1235 3910 δεδόσθαι
1273 3857 1520 3922 ἐξουσίαν
1564 3857 1676 3919 τοῖς
1707 3855 1890 3926 βουλο-

325 3945 505 4017 μένοις
537 3945 630 4000 τοῦ
663 3948 1019 4019 μετέρχεσθαι
1051 3949 1148 4020 τὴν
1195 3952 1574 4021 παρατήρησιν
1624 3950 1716 4002 καὶ
1764 3949 1896 4020 θρη-

395 4128 504 4198 (50)
539 4131 999 4198 Προστεθεῖσθαι
1022 4130 1250 4200 σαφῶς.
1279 4129 1332 4182 In
1370 4129 1554 4183 codice
1588 4127 1888 4200 Fuketiano

323 4209 377 4252 et
403 4201 680 4254 Saviliauo
711 4203 964 4255 scribitur
994 4198 1238 4269 armeme.
1305 4200 1432 4254 Utra
1484 4209 1662 4253 autem
1703 4198 1888 4269 verior

325 4271 393 4321 sit
427 4270 610 4332 lectio,
640 4270 853 4324 difﬁcile
908 4281 989 4324 est
1029 4267 1228 4324 dicere.
1280 4269 1412 4323 Nam
1455 4285 1577 4323 cum
1618 4270 1764 4339 prior
1794 4267 1885 4339 illa

323 4339 411 4394 lex
433 4341 772 4411 Constantini
801 4357 896 4411 pro
935 4341 1281 4404 Christianis,
1337 4339 1492 4406 cujus
1543 4337 1632 4411 hic
1685 4337 1889 4411 mentio

327 4412 410 4476 Ilt,
451 4412 610 4466 hodie
634 4407 992 4474 desideretur,
1018 4412 1306 4467 obscurmn
1356 4424 1437 4462 est
1492 4410 1745 4476 quidnam
1802 4407 1889 4460 hic

325 4481 428 4534 sibi
459 4481 589 4535 velit
617 4480 1028 4544 Constantinus,
1067 4497 1188 4535 eum
1222 4482 1294 4533 ait
1335 4481 1388 4533 in
1421 4496 1483 4532 ea
1522 4480 1634 4547 lege
1656 4479 1891 4545 adiectas

1999 3313 2200 3368 idcirco
2239 3322 2343 3366 tua:
2375 3311 2613 3366 solertia:
2640 3312 2934 3383 iudicanda
2967 3311 3306 3376 censuimus,
3345 3319 3403 3362 ut
3433 3309 3571 3363 libe-

1995 3415 2108 3453 ram
2139 3409 2192 3454 et
2222 3399 2525 3455 absolutam
2566 3400 2840 3455 licentiam
2884 3400 3161 3471 religionis
3189 3415 3299 3454 sua:
3329 3398 3569 3455 colenda:

1995 3489 2325 3544 Christianis
2341 3504 2658 3544 concessam
2685 3505 2712 3542 a
2742 3491 2899 3544 nobis
2919 3505 3040 3544 esse
3069 3502 3388 3556 cognoscas.
3413 3488 3584 3554 Quod.

1995 3581 2247 3650 quoniam
2297 3597 2326 3634 a
2363 3581 2518 3634 nobis
2557 3580 2880 3650 simpliciter
2907 3593 2962 3636 et
3009 3581 3255 3636 absolute
3294 3581 3398 3635 illis
3431 3596 3566 3635 cou-

1993 3686 2204 3726 cessum
2234 3682 2339 3738 est,
2383 3672 2542 3727 simul
2580 3673 2742 3726 etiam
2781 3672 2903 3729 aliis
2932 3673 3335 3729 observantiam
3371 3681 3424 3726 et
3448 3673 3566 3727 cul-

1995 3773 2104 3814 tum
2134 3778 2289 3815 suum
2320 3763 2517 3817 sectari
2539 3763 2865 3827 volentibus,
2888 3765 2939 3819 id
2966 3780 3281 3820 concessum
3307 3779 3428 3819 esse
3449 3760 3565 3818 Tua

1997 3853 2219 3908 Devotio
2249 3853 2521 3922 intelligit.
2556 3853 2710 3921 Quod
2738 3853 2980 3924 profecto
3008 3865 3311 3926 temporum
3343 3865 3563 3910 nostro-

2001 3962 2118 4001 rum
2161 3946 2541 4016 tranquillitati
2595 3948 2890 4004 convenire
2943 3951 3286 4020 perspicuum
3334 3959 3459 4004 est:
3505 3963 3564 4007 ut

1995 4128 2241 4198 religioni
2274 4128 2602 4186 Christianae
2642 4145 2746 4182 non
2773 4129 2907 4183 levis
2931 4130 3048 4186 fieri
3080 4129 3371 4185 videbatur
3415 4130 3562 4198 iniu--

1996 4201 2100 4262 ria,
2134 4201 2330 4268 quippe
2363 4215 2482 4268 quae
2513 4215 2632 4252 cum
2684 4199 2954 4258 ltzerelicis
2992 4210 3046 4255 et
3112 4201 3478 4254 schismaticis
3510 4210 3564 4255 et

1996 4283 2116 4322 cum
2139 4269 2447 4339 Jurdmorum
2485 4270 2707 4337 perfidia
2732 4271 2886 4339 quasi
2930 4285 2993 4323 cx
3024 4285 3179 4339 aequo
3205 4285 3562 4338 componere-

1996 4349 2105 4394 tur.
2137 4338 2316 4406 Quare
2341 4339 2649 4393 admonitus
2683 4338 2864 4408 poStea
2898 4355 2926 4393 a
2963 4338 3258 4395 Catliolicis
3298 4341 3564 4396 Constan-

1997 4409 2161 4471 tinus,
2194 4412 2292 4464 ltac
2324 4409 2625 4478 posteriore
2668 4410 2786 4478 lege
2815 4410 2868 4464 id
2901 4411 3253 4478 emendavit;
3289 4421 3560 4466 sectarum

1998 4479 2799 4550 omnium,mentionepenitus
2842 4481 3082 4550 sublata,
3121 4481 3223 4534 hoc
3287 4490 3372 4534 est
3419 4482 3565 4550 quod

324 4548 497 4622 fuisse
523 4551 715 4622 multas
743 4567 805 4605 ac
828 4553 1071 4607 diversas
1107 4550 1345 4622 αἱρέσεις
1367 4565 1604 4622 ,Aeaque
1627 4551 1691 4603 de
1721 4561 1882 4622 causa

1994 4547 2073 4622 in_f
2076 4563 2128 4600 ra
2161 4549 2293 4622 dicit
2322 4551 2404 4602 Itis
2429 4547 2606 4622 veruhis
2638 4572 2648 4602 :
2688 4549 2792 4622 Ἵνῖ
2829 4549 3226 4622 ἀφαιρεθεισῶν
3285 4547 3564 4622 παντελῶς

330 4620 530 4676 multos
555 4636 583 4674 a
617 4621 747 4690 legis
789 4622 1114 4678 Christianae
1168 4619 1515 4689 professione
1558 4619 1884 4690 deterritos.

325 4688 848 4760 Cltrislophorsontts
882 4693 1098 4759 quidem
1129 4688 1418 4760 διαφόρους
1450 4688 1686 4761 αἱρέσεις
1723 4689 1888 4761 inter-

325 4769 571 4827 pretatus
619 4770 701 4815 est
754 4763 946 4815 dubias
1007 4772 1062 4814 et
1110 4760 1830 4815 controversas'sententias
1871 4775 1885 4809 :

326 4834 481 4896 quasi
523 4846 586 4885 ea
614 4831 698 4885 lex
758 4849 864 4886 non
927 4832 1292 4900 perspicuum,
1358 4831 1450 4883 sed
1506 4832 1797 4900 obscurum
1837 4836 1890 4900 et

327 4902 643 4972 ambiguum
664 4916 880 4972 sensum
914 4899 1178 4972 habuerit.
1211 4905 1387 4970 Atque
1425 4901 1492 4972 ita
1527 4899 1787 4972 Barouius
1821 4899 1888 4972 ad

328 4968 529 5040 annum
591 4971 792 5040 Christi
851 4971 974 5032 3|‘5,
1024 4971 1137 5026 haec
1195 4968 1666 5040 Chr‘ist0pborsoni
1725 4968 1888 5040 verba

326 5039 616 5095 intellexit.
643 5039 860 5109 Lungus
893 5057 1019 5095 vero
1069 5051 1123 5094 et
1161 5037 1432 5096 Musculus
1477 5040 1715 5111 αἱρέσεις
1770 5037 1888 5111 opi-

329 5111 519 5164 niones
551 5122 605 5165 et
635 5113 868 5166 haereses
899 5122 1282 5179 exposuerunt,
1303 5111 1468 5166 multo
1497 5110 1646 5165 certe
1670 5110 1890 5163 rectius.

326 5179 578 5251 Δίρέσεις
607 5186 748 5236 enim
779 5197 877 5250 pro
915 5196 1072 5236 sensu
1095 5197 1188 5236 seu
1218 5182 1426 5252 διανοίᾳ
1459 5182 1596 5236 sumi
1634 5195 1737 5234 non
1765 5193 1890 5252 pos-

329 5250 480 5322 sunt,
505 5252 600 5306 sed
653 5253 958 5319 opinionem
1015 5253 1326 5322 significant
1372 5250 1426 5322 et
1487 5262 1712 5305 sectam.
1753 5250 1890 5322 Cum

331 5318 497 5388 igitur
529 5318 822 5389 imperator
852 5318 1239 5377 Constantinus
1272 5324 1325 5377 in
1370 5321 1459 5375 illa
1519 5322 1684 5390 priori
1752 5320 1888 5386 lege,

329 5390 542 5447 cunctis
572 5392 809 5453 colendi,
837 5401 991 5460 prout
1015 5393 1236 5460 vellent,
1271 5392 1506 5445 numinis
1556 5391 1778 5444 liberam
1814 5391 1890 5440 l'a-

329 5460 585 5515 cultatem
629 5463 1011 5524 concessisset,
1049 5463 1175 5515 illud
1229 5463 1391 5517 etiam
1439 5461 1732 5528 adiecerat,
1785 5475 1890 5512 non

331 5531 655 5586 Christianis
714 5532 909 5595 solum,
945 5532 1041 5586 sed
1095 5533 1261 5586 etiam
1320 5533 1541 5600 reliquis
1607 5529 1897 5600 cujuslibet

333 5608 494 5655 secta:
531 5601 865 5666 hominibus,
905 5602 955 5656 id
1011 5612 1093 5656 est
1142 5601 1340 5655 Judaeis
1399 5599 1452 5653 ei
1512 5599 1892 5660 Samaritauis,

332 5669 665 5741 Matrciouitis
698 5688 910 5741 quoque
934 5681 984 5726 et
1019 5673 1380 5735 Montanistis,
1415 5671 1728 5727 Novatiauis
1749 5712 1762 5736 ,
1792 5669 1894 5721 Sa-

333 5739 607 5803 bellianis,
670 5739 921 5797 omnibus
991 5743 1221 5810 denique
1271 5742 1510 5795 omnium
1573 5741 1894 5810 religionum

333 5811 496 5866 sectis
536 5811 677 5867 idem
718 5826 841 5868 esse
887 5827 1223 5870 concessum.
1281 5812 1397 5878 Quo
1455 5813 1671 5882 quidem
1724 5811 1891 5879 facto,

1989 4617 2095 4669 τῶν
2154 4617 2416 4693 αίρέσεων
2471 4618 2672 4681 αἵτινες
2701 4621 2823 4686 ,τοῖς
2878 4617 3163 4692 προτέροις
3195 4621 3351 4691 ἡμῶν
3385 4623 3563 4693 γράμο

1993 4704 2156 4758 μασιν
2187 4688 2472 4758 ἐνείχοντο.

2061 4758 2172 4825 (51)
2226 4761 2464 4828 Θειότης
2513 4758 2608 4810 καὶ
2657 4759 2939 4826 οὐρανίου
3006 4759 3361 4827 πράγματος.
3408 4762 3560 4828 Apud

1989 4827 2351 4897 Nicephorum
2389 4829 2584 4896 legitur
2617 4828 2913 4892 θειοτάτου,
2939 4833 3078 4898 quod
3106 4845 3209 4882 non
3238 4831 3426 4900 probo.
3454 4827 3558 4886 Sed

1990 4915 2090 4952 nec
2122 4901 2331 4968 vulgata
2368 4901 2524 4951 lectio
2555 4916 2680 4951 sana
2716 4910 2818 4952 cst.

2063 4968 2174 5038 (352)
2214 4967 2426 5034 Λὺτοῖς
2471 4971 2568 5035 ὑφ’
2615 4968 2781 5037 ήμῶν
2823 4967 3207 5038 δεδωρῆσθαι.
3260 4968 3387 5022 Post
3444 4970 3559 5026 haec

1991 5042 2157 5091 verba
2192 5041 2240 5092 in
2276 5041 2434 5091 codd.
2478 5039 2637 5100 Maz.,
2691 5038 2826 5092 Fuk.
2859 5060 2919 5094 ac
2948 5041 3110 5094 Savil.
3143 5051 3193 5092 et
3230 5040 3368 5107 apud
3400 5039 3558 5092 Niceo

1981 5109 2218 5181 ‘pltorum
2261 5120 2561 5181 sequuntur
2605 5110 2713 5181 lue
2757 5126 2951 5181 voces:
2989 5113 3192 5180 Θεωρεῖ
3239 5111 3271 5181 ἡ
3317 5108 3384 5181 σὴ
3429 5111 3560 5162 καθ-

1992 5179 2229 5242 οσίωσις,
2254 5180 2346 5231 καὶ
2379 5178 2581 5248 ἑτέροις
2602 5178 2843 5233 δεδόσθαι
2874 5178 3139 5246 ἐξουσίαν,
3169 5178 3300 5240 eICL,
3327 5178 3554 5248 optime;

1995 5251 2096 5302 nisi
2136 5252 2275 5319 quod
2311 5265 2421 5319 pro
2468 5249 2800 5319 δεδωρῆσθαι
2847 5253 3192 5306 scribendum
3229 5262 3310 5303 est
3364 5252 3557 5318 procul

1994 5319 2160 5390 dubio
2201 5318 2528 5390 δεδώρηται,
2567 5318 3029 5390 ιιινοιᾲινυτείοηθ
3076 5331 3255 5374 nostra
3307 5330 3551 5387 apparet.

1995 5389 2091 5441 Est
2120 5398 2293 5442 autem
2317 5388 2426 5442 haec
2454 5388 2687 5442 Secunda
2719 5388 3058 5446 Constantini
3086 5392 3402 5445 constitutio
3433 5392 3552 5442 data

1999 5460 2063 5531 ad
2109 5459 2427 5531 praefectum
2459 5460 2692 5531 praetorii
2727 5475 2849 5513 eum
2893 5464 3096 5531 ipsum,
3129 5462 3194 5514 ad
3229 5475 3388 5529 quem
3430 5462 3554 5513 data

1997 5527 2174 5581 fuerat
2211 5530 2382 5598 prima
2416 5527 2626 5598 lexipro
2656 5527 2996 5584 Christianis.
3027 5533 3106 5585 Ac
3138 5527 3306 5598 prima
3337 5531 3552 5598 quidem

1997 5599 2081 5652 lex
2130 5598 2253 5652 data
2291 5597 2463 5652 fuerat
2497 5597 2702 5662 Roman
2730 5599 3082 5655 Constantino
3117 5597 3153 5655 ll
3191 5611 3245 5652 et
3278 5597 3483 5654 Licinio
3516 5615 3556 5654 tt

1998 5683 2138 5725 coss.
2184 5669 2472 5736 statimque
2505 5667 2556 5719 in
2590 5669 2864 5724 Orientem
2896 5674 3056 5725 missa
3085 5673 3149 5724 ad
3183 5669 3554 5728 Maximinum.

1999 5748 2056 5792 ut
2087 5740 2315 5809 habetur
2341 5739 2394 5790 in
2431 5737 2568 5809 libro
2601 5753 2676 5801 ικ,
2713 5755 2828 5809 cap.
2859 5744 2910 5795 9.
2951 5741 3071 5796 Ihec
3099 5751 3276 5797 autem
3324 5742 3558 5796 secunda

2002 5812 2120 5868 data
2155 5819 2236 5868 est
2263 5807 2568 5875 Mediolani,
2600 5824 2738 5864 anno
2773 5807 3050 5881 sequente.
3079 5853 3086 5860 .
