4132 6406
589 304 698 362 891
1119 304 1140 314 ’
1270 305 1540 364 EUSEBII
1580 307 1689 363 (ΣΕ
1698 305 2059 362 SARIENSIS
2096 308 2147 364 0]

2290 309 2471 365 PARS
2509 308 2551 363 1.
2590 340 2662 348 -
2699 307 3069 365 ΗΙΒΤΟΒΙΟΑ
3781 305 3874 362 892

597 421 876 476 d’ssimam
913 419 1322 478 altercationem
1341 423 1408 478 ad
1434 424 1538 478 hoc
1568 439 1742 494 usque
1775 425 2035 494 temporis
2057 439 2147 495 per

2281 427 2417 480 ἀλλὰ
2463 427 2567 498 μὴν
2597 426 2691 480 καὶ
2719 429 2869 498 τρεῖς
2897 427 3092 490 παῖδας
3125 425 3262 488 τοὺς
3305 419 3719 492 δυνησομένους
3759 422 3874 493 ὑμῖν

597 514 851 578 duravit,
881 515 1081 568 auditis
1113 514 1367 569 omnibus
1400 529 1589 569 eorum
1622 515 1714 585 qui
1750 531 1895 570 nunc
1943 516 2087 570 inter
2115 530 2147 570 s

2275 519 2418 572 κατὰ
2443 520 2542 590 τὴν
2574 519 2692 571 ὁδὸν
2733 517 3181 588 ὐπηρετήσασθαι
3215 513 3604 587 παραλαϐὼν,
3633 514 3758 566 εἴσω
3790 517 3876 586 τῆς

596 607 900 670 dissident,
933 622 1069 676 quos
1103 607 1266 661 etiam
1301 608 1494 663 adesse
1522 607 1805 676 iussimus.
1841 608 2147 677 allegationi

2275 611 2447 681 αὐτῆς
2477 611 2689 682 ἡμέρας
2735 610 2828 662 ἐπὶ
2877 610 2955 679 τῷ
2995 608 3405 681 προειρημένῳ
3456 607 3616 674 τόπῳ
3653 604 3875 678 ἀπάντη-

596 701 696 756 bus
720 742 736 768 ,
785 700 851 754 ad
881 716 1177 768 congruam
1229 701 1508 769 religionis
1535 711 1590 755 et
1623 701 1744 755 ﬁdei
1773 701 2147 755 observantiar

2278 718 2390 767 σον,
2424 703 2501 766 ὡς
2540 702 2607 755 ἂν
2643 702 2732 755 διά
2763 719 2822 754 τε
2847 702 2948 772 τῆς
2981 701 3080 772 σῆς
3108 700 3524 772 στερρότητος,
3560 698 3658 750 καὶ
3685 697 3769 750 διὰ
3790 699 3878 769 τῆς

593 791 1004 861 fraternamque
1035 793 1386 848 concordiam
1419 794 1636 847 tandem
1669 790 1965 862 aliquando
2010 793 2147 862 possi

2277 793 2469 862 λοιπῆς
2493 792 2602 846 τῶν
2649 793 2938 846 συνιόντων
2972 792 3255 864 ὁμοψύχου
3293 791 3402 844 καὶ
3439 789 3747 859 ὁμόφρονος
3771 805 3877 842 συν-

593 883 859 938 revocari.
892 883 1218 939 incolumem
1249 893 1300 939 te
1332 884 1474 941 Deus
1504 885 1850 955 omnipotens
1871 886 2147 942 diutissim'

2283 883 2470 946 έσεως,
2522 883 2616 936 καὶ
2657 882 2815 936 τοῦτο
2841 883 2976 955 ὅπερ
3015 884 3142 956 ἀχρι
3175 881 3281 937 τοῦ
3325 880 3500 952 δεῦρο
3560 879 3776 948 φαύλως
3818 880 3877 934 δι’

591 986 790 1030 servet.
807 995 827 1027 ι
2279 975 2512 1045 αἰσχράς
2538 991 2692 1038 τινας
2723 974 3224 1048 ζυγομαχίαςπαρα
3231 974 3598 1046 μεμένηκεν,
3617 973 3881 1025 ἀκουσθέν-

589 1086 697 1123 των
731 1070 949 1124 πάντων
990 1071 1097 1124 τῶν
1127 1072 1425 1142 μελλόντων
1469 1072 1828 1145 λεχθήσεσθαι
1858 1072 2010 1144 παρά
2039 1072 2148 1125 τῶν
2185 1069 2280 1124 νῦν
2333 1070 2425 1121 ἀπ’
2461 1067 2702 1139 ἀλλήλων
2740 1067 3062 1133 διεστώτων,
3125 1068 3347 1138 οὕσπερ
3379 1064 3597 1137 ὁμοίως
3644 1067 3876 1136 παρεῖναι

588 1165 974 1236 ἐκελεύσαμεν,
1011 1167 1214 1238 δυνηθῇ
1255 1169 1337 1231 είς
1382 1169 1482 1240 τὴν
1523 1169 1879 1240 ὀφειλομένην
1939 1167 2235 1239 θρησκείαν
2293 1165 2385 1218 καὶ
2436 1165 2655 1227 πίστιν,
2697 1163 2989 1234 ἀδελφικὴν
3040 1179 3100 1216 τε
3152 1161 3450 1233 ὁμόνοιαν,
3505 1157 3614 1210 κᾶν

587 1255 972 1331 ἀνακληθῆναι.
1025 1259 1368 1327 Ὑγιαίνοντά
1399 1278 1458 1314 σε
1490 1263 1519 1314 ό
1547 1260 1679 1324 Θεὸς
1709 1264 1737 1315 ὁ
1775 1264 2172 1335 παντοκράτωρ
2206 1260 2522 1331 διαφυλάξοι
2547 1260 2638 1312 ἐπὶ
2662 1258 2877 1322 πολλοῖς
2897 1258 3092 1312 ἔτεσιν.
3130 1277 3148 1310 ι

1084 1352 1244 1421 393
1295 1351 1527 1407 CAPUT
1586 1353 1672 1408 v1.

2799 1351 3196 1404 ΚΕΦΑΛΑΙΟΝ
3242 1353 3344 1417 q'.

2403 1444 2545 1512 Περὶ
2573 1443 2692 1498 τῶν
2721 1445 3098 1512 Χριστιανοῖς
3136 1443 3604 1512 προσηκόντων
3632 1439 3741 1508 (68)

2747 1516 2891 1586 (Nic.
2924 1515 2995 1569 If.
3029 1516 3096 1568 E.
3128 1532 3224 1578 vn,
3253 1513 3384 1583 Η).

2284 1605 2668 1676 Ἀντίγραρον
2708 1606 3043 1674 ,βασιλικῆς
3067 1604 3419 1676 ἐπιστολῆς
3463 1603 3546 1657 δι’
3564 1599 3642 1674 ἧς
3663 1603 3868 1673 χρήμα-

2594 1695 2667 1730 τα
2688 1677 2815 1744 ταῖς
2836 1678 3192 1744 ἐκκλησίαις
3212 1675 3523 1745 δωρεῖται.

2346 1789 2362 1819 ι
2399 1771 2808 1833 Κωνσταντῖνος
2837 1769 3148 1838 Αὔγουστος
3185 1765 3556 1835 Καικιλιανῷ
3601 1766 3865 1834 ὲπισκόπῳ

2268 1861 2645 1932 Καρταγένης.
2689 1859 3018 1932 Ἐπειδήπερ
3055 1861 3240 1932 ἤρεσε,
3277 1857 3436 1912 κατά
3479 1856 3670 1919 πάσας
3712 1857 3862 1927 ἐπαρ-

2267 1953 2406 2023 χίας,
2441 1953 2538 2016 τάς
2578 1969 2636 2005 τε
2685 1954 2951 2024 Ἀφρικάς
2985 1953 3076 2005 καὶ
3117 1952 3216 2016 τὰς
3257 1948 3607 2021 Νουμιδίας,
3651 1947 3744 1999 καὶ
3778 1947 3862 2009 τὰς

2268 2043 2664 2114 Μαυριτανίας,
2702 2047 2884 2113 ῥητοῖς
2929 2061 3036 2096 τισι
3087 2043 3196 2096 τῶν
3243 2039 3560 2113 ὑπηρετῶν
3596 2038 3694 2108 τῆς
3724 2036 3856 2090 ἐνθέ-

2268 2153 2406 2204 σμου
2436 2137 2530 2188 καὶ
2567 2135 2877 2207 ἁγιωτάτης
2925 2134 3219 2205 καθολικῆς
3254 2133 3602 2205 θρησκείας,
3663 2134 3737 2192 εἰς
3771 2133 3852 2184 ἀν-

2259 2229 2517 2300 αλώματα
2534 2230 3002 2302 ὲπιχορηγηθῆναί
3047 2241 3120 2296 τι,
3161 2229 3337 2282 ἔδωκα
3375 2228 3698 2299 γράμματα
3739 2221 3854 2294 πρὸς

2263 2317 2470 2392 Οὖρσον
2487 2322 2576 2376 τὸν
2601 2322 2999 2394 διασημότατον
3021 2320 3308 2376 καθολικδν
3324 2321 3435 2390 τῆς
3468 2317 3757 2390 Ἀφρικῆς,
3774 2313 3854 2367 καὶ

2263 2412 2506 2484 ἐδήλωσα
2532 2412 2699 2484 αὐτῷ,
2723 2413 2871 2476 ὅπως
2903 2412 3235 2484 τρισχιλίους
3261 2411 3492 2481 φόλλεις
3515 2412 3585 2481 τῇ
3617 2412 3684 2480 σῇ
3717 2410 3850 2480 στερ-

2263 2504 2447 2576 ρότητι
2484 2505 2866 2576 ἀπαριθμῆσαι
2905 2503 3184 2576 φροντίσῃ.
3223 2505 3297 2557 Σὺ
3314 2505 3532 2567 τοίνυν,
3572 2500 3736 2571 ἡνίκα
3765 2502 3849 2571 τὴν

2263 2596 2527 2669 προδηλου
2537 2598 2705 2669 μένην
2730 2599 3004 2667 ποσότητα
3023 2595 3132 2650 τῶν
3157 2613 3261 2668 χρη
3273 2597 3471 2666 μάτων
3503 2591 3846 2662 ὑποδεχθῆνσι

797 1442 874 1497 De
903 1444 1054 1497 rebus
1084 1446 1153 1496 ad
1180 1443 1513 1500 Christianos
1553 1449 1954 1516 pertinentibus.

619 1599 939 1670 Exemplum
967 1599 1207 1674 epistolae
1244 1601 1580 1674 imperatoris
1622 1603 2000 1672 Constantini,
2027 1622 2133 1674 qua

999 1673 1249 1736 pecunias
1287 1673 1520 1724 ecclesiis
1555 1673 1746 1728 donat.

665 1783 681 1814 ι
706 1763 1157 1832 Quandoquidem
1192 1762 1393 1832 placuit
1414 1764 1569 1818 nobis
1597 1774 1655 1818 ut
1688 1781 1787 1834 per
1817 1781 2008 1821 omnes
2038 1783 2166 1837 pro-

580 1856 790 1909 vincias
818 1855 1034 1920 Africae,
1068 1854 1358 1922 Numidiae,
1388 1865 1444 1910 et
1491 1856 1774 1926 utriusque
1801 1857 2163 1924 Mauritaniae,

578 1948 749 2003 certis
782 1949 1107 2016 quibusdam
1161 1948 1416 2018 legitimae
1440 1961 1495 2002 et
1534 1951 1898 2005 sanctissima:
1948 1952 2166 2022 religio-

579 2041 666 2095 nis
695 2039 975 2095 catholicae
1021 2041 1285 2096 ministris
1319 2041 1386 2095 ad
1420 2050 1669 2109 sumptus
1701 2044 2038 2098 necessarios
2065 2043 2165 2097 ali-

578 2135 708 2202 quid
759 2133 1135 2202 prmberetur,
1194 2133 1408 2188 litteras
1455 2134 1576 2188 dedi
1626 2137 1692 2188 ad
1744 2135 1941 2190 Ursum
1985 2121 2168 2190 viruui

579 2223 1036 2296 perfectissimum
1075 2224 1395 2276 rationalem
1423 2222 1637 2286 Africre,
1663 2224 1826 2293 eique
1858 2225 2162 2294 signiﬁcavi

577 2325 635 2368 ut
667 2326 749 2370 ter
783 2317 927 2369 mille
961 2316 1116 2370 folles
1156 2317 1285 2369 Tum
1309 2316 1581 2370 Gravitati
1613 2319 1888 2372 numerari
1920 2327 2158 2376 curaret.

577 2402 656 2458 Tu
708 2404 893 2474 itaque
941 2405 1032 2459 ubi
1067 2407 1384 2474 prazdictam
1431 2407 1788 2475 quantitatem
1838 2409 2157 2478 acceperis,

571 2511 798 2564 Operam
852 2497 1041 2558 dabis,
1093 2509 1154 2550 ut
1183 2497 1394 2551 cunctis
1426 2513 1591 2566 supra
1639 2500 1959 2555 memoratis
2001 2499 2160 2568 juxta

573 2588 799 2643 brevem
830 2590 898 2644 ab
931 2589 1099 2643 l-losio
1153 2591 1219 2644 ad
1249 2600 1302 2644 te
1345 2591 1614 2644 directum
1647 2607 1712 2646 ea
1756 2593 1986 2660 pecunia
2016 2593 2158 2648 divi-

574 2682 755 2736 datur.
793 2681 943 2747 Quod
981 2683 1024 2735 si
1072 2680 1212 2736 forte
1241 2684 1308 2736 ad
1340 2699 1518 2737 meum
1566 2699 1692 2753 erga
1729 2699 1824 2737 vos
1863 2700 2052 2738 omnes
2104 2685 2147 2739 in

2264 2694 2515 2761 ποιήσῃς,
2539 2690 2708 2742 ἂπασι
2738 2693 2850 2753 τοῖς
2873 2689 3292 2762 προειρημένοις
3313 2687 3466 2742 κατά
3499 2687 3565 2740 τὸ
3597 2684 3842 2757 βρεοὺἶον,

572 2772 678 2828 hac
711 2784 872 2842 parte
906 2774 1147 2830 studium
1175 2776 1500 2844 explendum
1528 2778 1721 2830 deesse
1751 2775 1955 2846 aliquid
1989 2777 2153 2831 intel-

572 2868 805 2933 lexeris,
837 2867 1225 2922 incunctanter
1252 2869 1514 2938 quidquid
1549 2870 1920 2924 necessarium
1953 2870 2046 2924 tibi
2072 2871 2154 2924 vi-

571 2959 810 3025 debitur,
853 2961 920 3014 ab
953 2960 1238 3015 Heraclida
1271 2971 1630 3031 procuratore
1681 2963 2006 3031 prmdiorum
2058 2981 2156 3019 no—

570 3061 811 3105 strorum
846 3059 1034 3121 petere
1069 3053 1256 3107 debes.
1295 3051 1429 3105 Nam
1467 3061 1523 3106 et
1556 3053 1656 3122 ipsi
1693 3068 1876 3107 coram
1925 3055 2154 3108 manda-

570 3140 643 3209 vi,
678 3150 735 3196 ut
762 3141 808 3196 si
833 3142 962 3210 quid
997 3143 1239 3212 pecunia:
1271 3143 1525 3201 Gravitas
1559 3145 1676 3202 Tua
1713 3145 1782 3200 ab
1815 3148 1934 3216 ipso
1961 3159 2152 3217 postu-

571 3235 707 3290 laret
732 3274 750 3300 ,
779 3235 988 3305 absque
1023 3234 1129 3288 ulla
1181 3235 1520 3292 dubitatione
1551 3239 2008 3294 dinumerandnm
2054 3239 2152 3293 tibi

568 3337 812 3383 curaret.
867 3327 936 3382 Et
987 3327 1244 3397 quoniam
1303 3329 1486 3397 accepi
1538 3331 1802 3399 quosdam
1856 3347 1964 3384 non
2016 3332 2152 3385 satis

555 3409 883 3490 compositae
909 3423 1106 3475 mentis
1131 3421 1378 3476 homines
1404 3422 1454 3476 id
1489 3438 1674 3493 agere,
1707 3432 1766 3477 ut
1792 3423 2152 3478 sanctissimae

567 3524 625 3569 et
649 3514 930 3569 catholica:
961 3513 1219 3569 Ecclesiae
1248 3513 1504 3584 populum
1534 3517 1778 3586 improba
1805 3526 1972 3586 atque
1999 3517 2151 3569 adul-

568 3614 742 3668 terina
792 3611 1029 3666 falsitate
1081 3621 1439 3682 corrumpant
1486 3629 1500 3665 :
1567 3613 1712 3666 scias
1762 3629 1848 3668 me
1912 3614 2150 3669 Anulino

563 3701 912 3772 proconsuli,
944 3711 998 3756 et
1026 3693 1500 3755 Patricio-vicario
1530 3700 1914 3770 prazfectorum
1961 3719 2146 3758 coram

565 3797 684 3851 haec
729 3795 945 3849 dedisse
993 3793 1246 3846 mandata
1273 3834 1292 3860 ,
1333 3804 1389 3846 ut
1437 3793 1580 3847 inter
1621 3803 1816 3847 caetera
1854 3794 2017 3863 hujus
2069 3795 2145 3850 rei

2259 2778 2318 2832 τὸ
2341 2781 2477 2852 πρὸς
2495 2781 2554 2833 σὲ
2573 2780 2722 2853 παρὰ
2751 2781 2927 2834 ὐσίου
2951 2781 3276 2844 ἀποσταλὲν,
3296 2779 3482 2834 ταῦτα
3512 2778 3582 2831 τὰ
3604 2778 3842 2848 χρήματα

2258 2872 2563 2945 διώοθῆναι
2588 2874 2861 2927 κέλευσον.
2895 2874 2956 2926 Εἰ
2987 2873 3029 2926 δ’
3061 2874 3172 2944 ἄρα
3199 2873 3336 2946 πρὸς
3363 2875 3429 2927 τὸ
3457 2891 3525 2926 συ
3535 2868 3842 2942 μπληρωθῆο

2257 2969 2345 3023 ναί
2376 2986 2477 3040 μου
2509 2967 2606 3039 τὴν
2633 2970 2711 3032 είς
2733 2968 2891 3022 τοῦτο
2923 2968 3052 3040 περὶ
3077 2969 3321 3032 ἅπαντας
3349 2968 3560 3030 αὐτοὺς
3595 2962 3841 3034 «patripr—

2259 3075 2364 3122 σιν,
2397 3058 2562 3110 ἐνδεῖν
2589 3076 2639 3111 τι
2675 3057 3020 3130 καταμάθῃς,
3053 3057 3204 3129 παρά
3244 3056 3581 3128 Ἠρακλείδα
3605 3052 3696 3105 τοῦ
3733 3053 3837 3103 ἐπι-

2255 3149 2456 3220 τρόπου
2531 3147 2638 3200 τῶν
2695 3146 2980 3222 ἡμετέρων
3044 3149 3360 3219 κτημάτων,
3429 3142 3837 3216 ἀναμφιλέκτοις

2256 3242 2391 3312 ὅπερ
2425 3242 2718 3307 ἀναγκαῖον
2747 3235 2882 3292 εἶναι
2925 3239 3282 3310 καταμάθοις,
3325 3239 3554 3310 αἰτῆσαι
3591 3235 3828 3305 όφεῦ.εις.

2255 3333 2365 3387 Καὶ
2395 3333 2502 3404 γὰρ
2533 3332 2759 3403 παρόντι
2789 3332 2937 3402 αὐτῷ
2971 3331 3297 3403 προσέταξα,
3335 3331 3401 3384 ἶν’
3431 3332 3488 3384 εἴ
3529 3348 3580 3384 τι
3619 3329 3683 3382 ἂν
3708 3343 3831 3397 χρη-

2259 3427 2441 3496 μάτων
2502 3424 2630 3493 παρ’
2674 3421 2837 3474 αὑτοῦ
2889 3424 2921 3494 ή
2979 3422 3043 3492 σὴ
3096 3423 3390 3495 στεῤῥότ-ης
3442 3423 3665 3492 αἰτήσῃ,
3712 3419 3826 3472 ἄνευ

2254 3514 2550 3586 δισταγμοῦ
2587 3531 2732 3578 τινος
2768 3513 3148 3585 ἀπαριθμῆσαι
3189 3515 3476 3587 φροντίσῃ.
3523 3514 3633 3566 Καὶ
3660 3509 3824 3579 ἐπειδὴ

2255 3605 2560 3677 ἐπυθόμην,
2589 3605 2742 3668 τινὰς
2779 3605 2853 3675 μὴ
2883 3603 3237 3676 καθεστώσης
3273 3606 3518 3668 διανοίας
3549 3603 3819 3674 τυγχάνον-

2251 3714 2350 3760 τας
2378 3696 2728 3768 άνθρώπους,
2757 3697 2850 3750 τὸν
2881 3696 3008 3750 λαὸν
3036 3696 3134 3767 τῆς
3166 3697 3483 3769 ἁγιωτάτης
3513 3699 3607 3751 καὶ
3635 3693 3821 3748 καθολι-

2253 3789 2357 3859 κῆς
2407 3787 2734 3858 Ἐκκλησίας
2774 3787 2950 3858 φαύλῃ
3005 3788 3113 3839 τινὶ
3157 3787 3510 3841 ὑπονοθεύσει
3555 3783 3816 3858 βούλεσθαι

2251 3879 2627 3950 διαστρέφειν,
2667 3880 2904 3948 γίνωσκε
2953 3897 3016 3949 με
3058 3879 3311 3950 ’Λνυλίνῳ
3344 3880 3669 3949 ἀνθυπάτῳ,
3699 3873 3816 3929 ἀλλὰ

564 3897 964 3959 eompetentem
1000 3901 1187 3940 curam
1221 3893 1449 3954 gerant;
1496 3899 1597 3940 nec
1631 3887 1676 3940 si
1708 3887 1836 3955 quid
1881 3887 2145 3953 ejusmodi

563 3991 778 4050 agatur,
820 3980 1093 4049 negligere
1124 3993 1193 4033 ac
1220 3979 1566 4033 dissimulare
1600 3979 1925 4033 sustineant.
1961 3979 2145 4048 itaque

2256 3973 2361 4043 μὴν
2402 3973 2496 4025 καὶ
2527 3973 2806 4042 Πατρικίῳ
2847 3971 2925 4041 τῷ
2969 3973 3234 4043 οὐῐκαρίῳ
3271 3972 3380 4026 τῶν
3427 3972 3681 4042 ἐπάρχων
3718 3966 3811 4036 (69)

562 4074 608 4126 si
644 4087 782 4141 quos
815 4069 1148 4141 ejusceznodi
1188 4069 1438 4124 homines
1467 4069 1520 4122 in
1557 4069 1661 4123 hac
1693 4069 1928 4122 amentia
1959 4083 2143 4139 perse-

2256 4065 2479 4138 παροῦσι
2517 4065 2773 4128 τοιαύτας
2808 4064 3026 4128 ἐντολὰς
3057 4062 3368 4127 δεδωκέναι,
3405 4063 3474 4116 ἵν’
3499 4065 3556 4116 ὲν
3582 4063 3688 4124 τοῖς
3716 4058 3811 4110 λοι-

560 4181 754 4221 verare
779 4162 1135 4232 conspexeris
1161 4203 1174 4228 ,
1205 4163 1413 4230 absque
1438 4160 1543 4214 ulla
1582 4161 1928 4217 haesitatione
1951 4177 2142 4230 supra-

2256 4163 2366 4223 ποῖς
2414 4159 2585 4213 ἅπασι
2625 4159 2718 4211 καὶ
2755 4155 2942 4209 τούτου
2985 4156 3216 4228 μάλιστα
3265 4157 3364 4226 τὴν
3409 4155 3663 4228 φροντίδα
3709 4166 3810 4202 ποι-

563 4259 737 4312 dictos
783 4253 997 4325 iudices
1042 4253 1256 4318 adibis;
1297 4253 1460 4320 idque
1515 4253 1648 4322 ipsis
1700 4253 1939 4316 referes,
1979 4263 2039 4306 ut
2084 4254 2138 4308 in

2256 4257 2482 4324 ὴσωνται
2515 4251 2614 4320 τὴν
2655 4250 3060 4320 προσήκουσαν,
3101 4250 3195 4302 καὶ
3233 4249 3307 4320 μὴ
3348 4250 3681 4320 ἀνάσχωνται
3718 4259 3802 4294 πε-

560 4367 680 4415 eos,
712 4347 1165 4418 quemadmodum
1192 4347 1324 4415 ipsis
1356 4361 1542 4400 coram
1579 4346 1856 4412 mandavi,
1888 4345 2136 4401 animad-

2256 4345 2430 4414 οιορᾷν
2458 4341 2668 4395 τοιοῦτο
2708 4341 3012 4412 γινόμενον.
3039 4341 3238 4411 Διόπερ
3275 4343 3325 4392 εί
3361 4358 3514 4404 τινας
3557 4336 3804 4397 τοιούτους

559 4452 797 4498 vertant.
836 4440 1100 4496 Divinitas
1138 4439 1336 4495 summi
1383 4438 1478 4492 Dei
1512 4437 1696 4493 multis
1740 4437 1900 4492 annis
1933 4447 1985 4493 te
2016 4453 2138 4494 ser-

2256 4434 2565 4507 itvfipdmou;
2615 4435 2671 4487 ὲν
2729 4433 2864 4504 αὐτῇ
2917 4437 2982 4505 τῇ
3037 4433 3202 4504 μανία
3253 4433 3537 4504 ἐπιμένειν
3582 4428 3796 4499 κατίδῃς,

558 4546 669 4592 vet.
704 4557 723 4590 ι
2243 4529 2371 4583 ἄνευ
2407 4527 2550 4589 τινὸς
2575 4526 2907 4597 ἀμφιϐολίας
2949 4528 3060 4589 τοῖς
3099 4524 3521 4596 προειρημένοις
3545 4520 3798 4580 δικασταῖς

559 4660 879 4717 Eleazarum
911 4666 970 4711 et
1002 4653 1244 4709 ltliamar
1286 4651 1424 4706 filios
1452 4650 1632 4705 Aaron
1680 4660 1925 4720 paterna:
1967 4647 2138 4718 pleni-

559 4730 764 4784 tudinis
792 4726 1180 4782 abundantiam
1223 4723 1590 4784 transiudisti,
1622 4733 1680 4776 ut
1707 4723 1772 4776 ad
1803 4721 2012 4775 hostias
2049 4735 2138 4772 sa-

558 4803 765 4856 lutares
788 4808 842 4852 et
871 4795 1257 4865 frequentioris
1290 4792 1450 4848 cilicii
1476 4800 1840 4865 sacramenta
1884 4790 2134 4865 ministe-

559 4873 700 4927 rium
730 4861 1441 4938 sullicereiisacerdotum.»
1476 4861 1544 4916 Et
1579 4864 1746 4938 paulo
1784 4871 1941 4930 post:
1965 4878 2000 4938 _c
2026 4861 2140 4938 Ἀο-

559 4950 774 5011 ceptum
806 4956 834 5011 a
872 4950 946 5002 te,
985 4937 1157 5011 Deus,
1190 4934 1413 5011 secundi
1455 4935 1636 4987 meriti
1685 4947 1880 5011 munus
1927 4931 2139 5011 obtine-

559 5000 718 5065 ant.»
775 5000 1352 5074 “mc-descripsimus
1407 5017 1475 5057 ex
1543 5002 1921 5074 [etusussimo
1992 5000 2138 5074 libro

559 5081 862 5138 Pontificali
892 5071 1233 5149 Senoneusis
1261 5074 1522 5149 ecclesiae,
1553 5072 1748 5149 Eadem
1774 5072 1942 5149 habet
1972 5071 2136 5149 etiam

557 5154 695 5208 ordo
740 5153 1038 5207 Romanus.
1085 5147 1224 5200 Sunt
1251 5156 1430 5198 autem
1476 5142 1915 5212 elegantissima,
1946 5156 2038 5212 ac,
2081 5142 2136 5191 ni

558 5227 737 5290 fallor,
765 5240 793 5277 a
828 5221 1008 5274 Leone
1037 5233 1170 5288 papa
1219 5214 1540 5290 composita.
1587 5212 1760 5290 Porro
1791 5228 1855 5290 ex
1906 5211 1990 5290 his
2018 5223 2140 5278 qua:

558 5281 702 5361 dixi,
724 5281 966 5363 'apparet
997 5281 1540 5363 quantopere’falsus
1579 5285 1652 5337 sit
1677 5281 2139 5363 _Qliri_stopborso-

557 5353 700 5433 ίίιιεξ
739 5353 831 5434 (ιὶιῖ
885 5353 1129 5434 secundm
1167 5353 1307 5409 sedis
1353 5357 1634 5434 episcopos
1677 5353 1762 5434 hic
1812 5354 2140 5434 interpreta:

559 5417 872 5506 iii-rrqi'iem
925 5431 1313 5506 fe_re___secutus
1358 5417 1443 5479 est
1476 5417 1803 5479 Sirmondus
1848 5423 1901 5475 iu
1939 5417 2085 5475 torno
2119 5417 2140 5472 ι

557 5500 920 5566 Conciiiorum
951 5500 1163 5571 Galliis.
1446 5564 1471 5571 _
1803 5565 1812 5571 _
2037 5559 2103 5571 η,

775 5575 914 5644 Περὶ
959 5564 1500 5652 τῶν-’Χριστιανοῖς
1517 5565 1989 5652 ,προσῃῗκόνεωψ
2019 5559 2140 5652 liii:

557 5631 746 5704 titulus
779 5631 1017 5714 prorsus,
1051 5631 1231 5714 alieno
1277 5639 1398 5714 loco
1430 5631 1647 5714 positus
1691 5631 1792 5714 est.
1840 5631 1973 5686 Nam
2014 5645 2139 5714 qua:

549 5699 1058 5791 ἑὸξίιῖίυῆθρίξιυηέ
1101 5699 1455 5791 gustum"?
1477 5706 1544 5760 ad
1578 5699 2126 5791 awci'ianwntmillil

547 5771 683 5850 dicit
714 5791 778 5844 de
808 5771 964 5843 bouis
989 5783 1055 5838 ad
1099 5781 1442 5839 ChriSIiauos
1487 5775 1898 5841 pertinentibus.
1935 5771 2126 5827 Melius

2233 4645 2323 4700 hic
2365 4644 2553 4697 titulus
2595 4643 2965 4712 praefigeretur
2999 4641 3162 4710 capiti
3195 4641 3250 4705 5,
3283 4641 3335 4695 in
3369 4641 3627 4712 quo‘dute
3659 4636 3793 4712 reie-

2234 4724 2428 4769 runtur
2457 4709 2801 4768 Constantini
2841 4709 3152 4768 sanctiones
3193 4714 3259 4767 de
3288 4712 3446 4766 bonis
3473 4709 3792 4764 Christiano-

2235 4801 2380 4841 rum.
2410 4784 2577 4837 Rccte
2607 4784 2767 4851 igitur
2794 4785 3195 4838 vetustissimus
3223 4789 3390 4837 codex
3422 4782 3715 4835 Mazarinus
3742 4784 3788 4828 et

2232 4854 2588 4918 Fnketianus,
2622 4855 2823 4909 nullam
2871 4856 2974 4908 hoc
3005 4855 3124 4908 loco
3171 4854 3368 4923 capitis
3413 4851 3784 4906 distinctionem

2234 4934 2555 4996 agnoscunt.

2306 4995 2418 5065 (69)
2455 4994 2748 5063 Οὐϊκαρίῳ
2772 4993 2889 5048 τῶν
2913 4993 3213 5062 ἐπάρχων.
3252 4993 3328 5047 De
3360 4992 3584 5065 vicariis
3608 4987 3781 5065 praefe-

2236 5060 2446 5119 ctorum
2475 5060 2688 5118 abunde
2721 5060 2844 5119 dixi
2884 5069 2949 5117 ad
3001 5060 3217 5118 lib.x1v
3266 5065 3447 5116 Amm.
3488 5060 3780 5117 Marcellini.

2236 5134 2409 5189 Erant
2461 5135 2514 5188 bi
2567 5135 2759 5188 vicarii
2814 5145 2940 5190 tunc
2973 5134 3234 5201 temporis
3266 5131 3663 5202 perfectissimi,
3691 5141 3781 5202 non

2235 5216 2419 5258 autem
2447 5205 2740 5259 clarissimi
2781 5215 2871 5259 aut
2901 5198 3245 5272 spectabiles.
3266 5198 3471 5257 'Docet
3495 5205 3548 5257 id
3578 5198 3778 5270 epistola

2234 5275 2579 5330 Cons:antini
2608 5275 2956 5344 imperatoris
3010 5279 3076 5328 ad
3123 5274 3452 5329 Probiauum
3509 5283 3778 5344 proconsu-

2236 5345 2341 5418 lem
2373 5344 2596 5418 Africae,
2648 5338 2812 5418 quam
2848 5343 3017 5399 refert
3042 5344 3379 5411 Augustinus
3414 5343 3468 5397 in
3505 5338 3657 5413 epist.

2238 5417 2322 5472 his
2361 5416 2578 5468 verbis:
2639 5432 2657 5464 ι
2691 5414 2945 5468 ᾹΞΙίτιιιυσ
2991 5418 3360 5482 praedecessor
3417 5424 3562 5475 tuus,
3611 5414 3776 5465 merito

2236 5486 2362 5540 dum
2405 5484 2486 5538 vir
2535 5481 3196 5553 perfectissimusVerus
3242 5483 3482 5538 vicarius
3523 5481 3777 5553 prmfecto-

2236 5572 2354 5610 rum
2385 5563 2511 5612 tunc
2538 5551 2633 5622 per
2663 5555 2904 5608 Africam
2935 5565 3168 5608 vestram
3209 5551 3553 5607 incommoda
3593 5551 3770 5605 valetu-

2235 5626 2362 5680 dine
2390 5634 2684 5689 teneretur,
2722 5645 2741 5676 ι
2795 5634 2902 5694 etc.
2960 5625 3152 5694 Scribe
3204 5640 3223 5673 ι
3272 5639 3369 5694 per
3418 5622 3653 5694 Africam
3693 5631 3773 5694 no-

2231 5705 2420 5749 strain.
2453 5713 2471 5746 ι
2505 5695 2595 5748 Sic
2617 5687 2762 5748 enim
2797 5693 3031 5763 loquitur
3061 5687 3455 5749 Constantinus
3486 5695 3535 5746 in
3560 5687 3772 5763 Epistula

2232 5767 2300 5820 ad
2337 5763 2638 5821 Elea/cium.
2697 5762 2878 5827 Atque
2924 5766 2998 5820 ita
3047 5765 3304 5820 scribitur
3360 5764 3494 5824 apud
3545 5762 3765 5817 eunnleiu

3859 5471 3894 5497 ἰ
