4132 6406
256 409 369 465 893

1286 395 1632 452 HISTORUE
1672 393 2233 451 ECCLESIASTICE
2274 394 2401 450 LIB.
2444 394 2509 449 X.

3393 384 3508 442 ἐυ-ι

258 520 554 593 πρόσελθε,
580 518 671 571 καὶ
702 517 833 571 αὐτὸ
852 515 1008 570 τοῦτο
1032 515 1451 588 προσανένεγκε,
1475 514 1622 575 ὅπως
1646 511 1841 575 αὐτοὺς
1879 511 2096 573 ἐκεῖνοι,
2125 508 2378 579 καθάπερ
2418 508 2602 569 αὐτοῖς
2643 503 2907 575 παροῦσιν
2943 504 3222 568 ἐκέλευσα,
3258 503 3510 573 ἐπιστρέ-

256 614 458 683 ψωσιν.
509 610 573 664 Ἥ
612 610 821 681 θειότης
853 610 945 662 τοῦ
982 609 1213 680 μεγάλου
1249 605 1383 659 Θεοῦ
1428 624 1486 659 σε
1519 605 1835 675 διαφυλάξοι
1873 606 1965 658 ἐπὶ
1991 604 2203 667 πολλοῖς
2234 603 2426 655 ἔτεσιν.
2474 618 2491 649 ι

794 700 1188 754 ΚΕΦΑΛΑΙυΝ
1232 702 1306 755 Z'.

336 793 476 863 Περὶ
506 790 617 859 τῆς
649 791 1102 863 τῶνηκληρικῶχ
1135 791 1245 862 (70)
1275 791 1767 861 dJsctovpmo'laq

763 862 905 930 (Nic.
938 861 1011 914 Η.
1041 861 1105 915 E.
1148 861 1243 927 vn,
1270 864 1382 930 44).

280 958 657 1023 Λντίγραφον
665 951 997 1019 βασιλικῆς
1015 953 1267 1023 emoto}
1274 951 1306 1019 ἦ
1313 974 1343 1017 ς
1359 952 1433 1005 δι’
1451 948 1526 1021 ἧς
1547 952 1689 1017 τοὺς
1705 968 1845 1020 προ-

333 1022 597 1089 εστῶτας
644 1025 759 1078 τῶν
791 1022 1132 1088 ἐκκλησιῶν⁸
1191 1022 1392 1088 πάσης
1433 1024 1845 1076 ἀπολελύσθαι

336 1096 449 1163 τῆς
480 1094 613 1162 περὶ
642 1096 712 1148 τὰ
746 1093 1023 1146 πολιτικὰ
1062 1094 1432 1160 λειτουργίας
1470 1090 1846 1158 προστάττει.

344 1208 362 1240 ι
406 1190 611 1257 Χαῖρε,
683 1184 916 1237 Ἀνυλῖνε
964 1181 1258 1253 τιμιὼτατε
1306 1184 1455 1253 ἡμῖν.
1515 1182 1728 1252 Ἐπειδὴ
1781 1183 1845 1233 ὲκ

262 1279 528 1332 πλειόνων
586 1276 927 1347 πραγμάτων
984 1277 1230 1345 φαίνεται
1289 1274 1845 1346 παρεξουθενηθεῖσαν

262 1373 366 1442 τὴν
420 1368 713 1441 θρησκείαν
771 1371 829 1421 ὲν
982 1370 1017 1439 ἡ
1064 1368 1337 1439 κορυφαία
1390 1368 1489 1438 τῆς
1537 1368 1845 1438 ἁγιωτάτης

209 1470 237 1520 ι
264 1461 594 1531 ἐπουρανίου
636 1458 746 1529 (71)
777 1458 939 1522 αἰδὼς
978 1459 1335 1526 φυλάττεται,
1368 1460 1634 1529 μεγάλους
1664 1458 1845 1512 κινδύ-

264 1567 395 1613 νους
428 1551 737 1621 ἐνηνοχέναι
766 1554 876 1614 τοῖς
906 1551 1182 1621 δημοσίοις
1216 1550 1553 1621 πράγμασιν,
1584 1551 1752 1621 αὐτὴν
1784 1568 1845 1604 τε

263 1643 472 1712 ταύτην
515 1643 792 1714 ὲνθέσμως
824 1642 1222 1711 ἀναληφθεῖσαν
1273 1643 1367 1694 καὶ
1417 1642 1844 1711 φυλαττομένην,

268 1737 537 1810 μεγίστην
567 1736 818 1806 εὐτυχίαν
848 1734 925 1806 τῷ
971 1736 1261 1807 Ῥωμαῖκῷ
1302 1736 1545 1806 ὀνόματι,
1580 1735 1673 1787 καὶ
1707 1733 1845 1805 σύμ-

267 1846 409 1882 πασι
438 1832 549 1892 τοῖς
588 1828 695 1881 τῶν
727 1826 1028 1897 ἀνθρώπων
1073 1828 1390 1898 πράγμασιν
1442 1826 1715 1897 ἐξαίρετον
1754 1827 1842 1879 εὐ-

265 1921 550 1991 δαιμονίαν
619 1919 1063 1990 παρεσχηκέναι,
1123 1918 1231 1971 τῶν
1300 1918 1460 1971 θείων
1519 1916 1846 1989 εὐεργεσιῶν

267 2011 430 2065 τοῦτο
458 2010 831 2082 παρεχουσῶν,
867 2009 1042 2073 ἔδοξεν
1071 2011 1310 2072 ἐκείνους
1342 2009 1463 2072 τοὺς
1496 2008 1694 2080 ἄνδρας
1719 2010 1843 2071 τοὺς

1864 711 1919 770 Α

2438 692 2602 764 394
2640 688 2865 747 CAPUT
2909 687 3022 743 vn.

2318 786 2397 841 De
2452 785 2783 839 immunitate
2814 781 3139 836 clericorum.

1948 942 2261 1010 Exemplum
2320 940 2556 1007 cpistola:
2602 937 2935 1010 imperatoris
2987 934 3510 1010 Constqptiui,__qu_a

2018 1004 2232 1067 cun'ctos
2284 1004 2621 1063 ecclesiarum
2667 1004 2915 1074 prorsides
2944 1006 3006 1056 ab
3033 1004 3271 1057 omnibus
3290 1004 3511 1070 publicis

2020 1082 2377 1153 [unctionibus
2412 1082 2667 1132 immunes
2695 1093 2803 1129 esse
2842 1075 3095 1144 pra'cipit.

2022 1192 2040 1225 ι
2072 1176 2208 1235 Ave,
2246 1171 2477 1225 Anuline
2504 1168 2821 1223 charissima
2847 1167 3020 1219 nobis.
3056 1164 3189 1219 Cum
3232 1178 3295 1217 ex
3331 1160 3515 1216 multis

1945 1265 2105 1321 rebus
2139 1270 2351 1317 constet
2374 1302 2387 1323 .
2425 1260 2739 1329 religionem
2786 1258 2930 1310 illam
2966 1257 3019 1309 in
3048 1269 3153 1324 qua
3181 1269 3391 1307 summa
3432 1254 3514 1306 di-

1944 1357 2083 1409 vinae
2118 1352 2415 1421 maiestatis
2445 1350 2751 1405 reverentia
2779 1348 3105 1411 custoditur,
3141 1352 3373 1414 spretam
3397 1345 3517 1412 qui-

1945 1444 2068 1501 dem
2123 1446 2358 1499 maxima
2422 1442 2730 1511 reipublica:
2776 1441 3100 1508 importasse
3148 1436 3457 1489 discrimina
3497 1453 3512 1500 ;

1944 1538 2190 1594 eamdem
2226 1551 2354 1590 vero
2382 1536 2485 1589 rite
2515 1543 2826 1603 susceptam
2860 1547 2922 1585 ac
2956 1529 3301 1592 custoditam,
3335 1537 3386 1580 et
3416 1542 3517 1579 nou

1946 1632 2078 1685 mini
2111 1631 2355 1683 Romano
2391 1628 2688 1681 maximam
2724 1626 3144 1693 prosperitatein
3176 1662 3189 1686 ,
3233 1632 3285 1674 et
3310 1621 3517 1675 cunctis

1945 1722 2256 1777 mortalium
2290 1722 2471 1784 rebus,
2510 1719 2690 1772 divina
2738 1718 2789 1770 id
2824 1717 3094 1769 tribuente
3120 1713 3472 1768 beneﬁcentia
3500 1752 3518 1777 ,

1946 1812 2273 1883 praecipuam
2303 1810 2620 1865 felicitatem
2654 1804 2953 1863 contulisse
2985 1824 2996 1858 :
3032 1805 3231 1875 placuit
3263 1815 3315 1857 ut
3350 1803 3522 1858 homi-

1946 1922 2043 1961 nes
2074 1906 2150 1961 illi
2182 1908 2275 1976 qui
2306 1921 2431 1959 cum
2462 1904 2640 1959 debita
2686 1902 3038 1957 sanctimonia
3069 1913 3125 1955 ct
3154 1901 3367 1954 assidua
3418 1901 3518 1953 hu-

1940 1998 2029 2067 jus
2082 1997 2218 2068 legis
2273 1998 2621 2053 observantia
2651 2037 2665 2059 ,
2709 1997 3071 2050 ministerium
3121 2011 3276 2049 suum
3323 1993 3520 2047 divinae

266 2106 337 2174 τῇ
394 2076 714 2177 ὀφειλομένη
765 2102 1009 2172 ἁγιότητι
1058 2103 1149 2155 καὶ
1198 2104 1263 2172 τῇ
1312 2100 1403 2154 τοῦ
1445 2076 1609 2171 νόμου
1655 2100 1843 2153 τούτου

1951 2090 2223 2161 rcligiOnis
2253 2088 2423 2143 cultui
2452 2088 2707 2141 exhibent
2733 2129 2747 2151 ,
2785 2086 3031 2139 laborum
3066 2101 3284 2139 suorum
3316 2099 3518 2137 merce-

268 2194 538 2266 παρεδρίᾳ
565 2192 664 2257 τὰς
688 2193 988 2263 ὑπηρεσίας
1017 2191 1114 2255 τὰς
1140 2192 1195 2257 ἐξ
1222 2192 1452 2256 ἑαυτῶν,
1474 2194 1540 2262 τῇ
1572 2191 1670 2261 τῆς
1701 2189 1850 2252 θείας

270 2284 569 2357 θρησκείας
602 2285 869 2356 θεραπείᾳ
908 2285 1267 2354 παρέχοντας,
1297 2283 1404 2336 τῶν
1439 2284 1700 2355 καμάτων
1742 2281 1850 2335 τῶν

270 2377 418 2430 ίδίων
439 2376 506 2429 τά
538 2376 744 2431 ἔπαθλα
761 2375 1106 2446 κομίσασθαι,
1142 2375 1375 2427 Ἀνυλῖνε
1400 2374 1692 2446 τιμιώτατε
1716 2374 1848 2445 (72).

267 2470 467 2539 Διόπερ
490 2469 726 2531 ἐκείνους
754 2469 880 2531 τοὺς
908 2468 1039 2519 εἴσω
1066 2467 1162 2537 τῆς
1192 2468 1461 2538 ἐπαρχίας
1488 2467 1586 2535 τῆς
1616 2467 1696 2519 σοὶ
1752 2483 1850 2518 πε-

269 2561 639 2631 πιστευμένης
668 2562 724 2613 ὲν
753 2562 817 2630 τῇ
858 2559 1117 2629 καθολικῇ
1168 2557 1461 2628 Ἐκκλησία
1501 2552 1534 2631 ᾖ
1566 2558 1852 2611 Καικιλιαο

268 2654 363 2716 νος
415 2654 701 2723 ἐφέστηκε,
752 2652 851 2723 τὴν
906 2652 964 2716 ἐξ
1012 2652 1219 2706 ἑαυτῶν
1270 2652 1569 2722 ὑπηρεσίαν
1614 2653 1681 2721 τῇ
1724 2650 1850 2722 ἁγίᾳ

268 2744 442 2813 ταύτῃ
475 2744 740 2815 θρησκείᾳ
784 2743 1143 2814 παρέχοντας,
1181 2740 1386 2811 οὕσπερ
1429 2740 1719 2811 κληρικοὺς
1750 2742 1846 2792 ἐπ-

268 2836 553 2905 ονομάζειν
580 2834 853 2897 εἰώθασιν,
877 2834 982 2887 ἀπὸ
1006 2834 1220 2886 πάντων
1253 2832 1582 2897 ἁπαξαπλῶς
1611 2830 1717 2883 τῶν
1746 2830 1850 2883 λει-

270 2927 539 2998 τουργιῶν
587 2926 843 2997 βούλομαι
901 2926 1346 2996 ἀλειτουργήτους
1402 2923 1844 2993 διαφυλαχθῆναι,

268 3018 419 3080 ὅπως
458 3016 530 3087 μὴ
560 3016 647 3069 διά
672 3034 815 3079 τινος
843 3016 1051 3086 πλάνης
1078 3016 1110 3085 ἢ
1155 3013 1543 3083 ἐξολισθήσεως
1572 3009 1844 3081 ίεροσύλου

271 3108 381 3159 ἀπὸ
410 3107 509 3177 τῆς
536 3106 831 3177 θεραπείας
858 3106 958 3176 τῆς
987 3109 1051 3176 τῇ
1088 3105 1321 3175 θειότητι
1363 3101 1718 3172 ὀφειλομένης
1744 3100 1847 3167 ἁφ-

272 3199 555 3264 ἑλκωνται,
598 3196 732 3252 ἀλλά
784 3197 982 3268 μᾶλλον
1035 3199 1161 3251 ἄνευ
1216 3196 1358 3260 τινὸς
1410 3194 1739 3264 ἐνοχλήσεως
1770 3190 1847 3260 τῷ

274 3292 393 3361 ἰδίῳ
430 3292 578 3360 νόμῳ
607 3289 1067 3361 ἐξυπηρετῶνται,
1117 3284 1300 3359 ὧνπερ
1334 3287 1595 3359 μεγίστην
1630 3284 1756 3353 περὶ
1783 3282 1845 3334 τὸ

1951 2184 2070 2237 dem
2107 2188 2399 2249 reportent,
2437 2179 2667 2232 Anulinc
2699 2178 3019 2232 charissime
3048 2175 3221 2229 nobis.
3257 2174 3520 2241 Quocirca

1950 2287 2044 2326 eos
2077 2270 2323 2325 homines
2350 2271 2440 2339 qui
2474 2269 2612 2323 intra
2650 2270 2985 2339 provinciam
3037 2268 3133 2322 tibi
3172 2269 3435 2322 creditam
3465 2267 3521 2321 in
3612 2278 3615 2279 '

1950 2362 2193 2418 Ecclesia
2224 2362 2493 2417 catholica
2526 2362 2613 2416 cui
2648 2363 2968 2417 Cmcilianus
3003 2372 3220 2431 praeest,
3250 2361 3376 2414 huic
3403 2376 3525 2413 san-

1953 2454 2212 2510 ctissima:
2238 2453 2487 2522 religioni
2516 2454 2866 2520 ministrant,
2895 2468 3030 2521 quos
3056 2452 3285 2507 clericos
3324 2464 3524 2503 vocare

1952 2556 2387 2610 consueverunt,
2439 2542 2506 2597 ab
2541 2543 2792 2598 omnibus
2842 2543 3064 2597 omnino
3118 2542 3347 2610 publicis
3398 2540 3521 2593 fun-

1949 2638 2509 2694 ctionihusimnmnes
2548 2635 2797 2689 volumus
2824 2636 3159 2698 conservari,
3223 2648 3289 2687 ne
3333 2647 3529 2687 errore

1950 2732 2126 2799 aliquo
2152 2740 2244 2783 aut
2274 2744 2402 2782 casu
2442 2727 2706 2796 sacrilego
2741 2743 2770 2779 a
2809 2728 2953 2780 cultu
2980 2742 3203 2779 summa:
3249 2723 3521 2777 divinitati

1948 2820 2131 2874 debito
2175 2818 2593 2881 abstrahamur;
2633 2820 2728 2870 sed
2761 2826 2817 2869 ut
2852 2819 3041 2884 potius.
3070 2816 3275 2882 absque
3304 2813 3405 2866 ulla
3440 2813 3522 2866 in-

1953 2912 2269 2981 quietudine
2326 2909 2561 2978 propria‘.
2619 2910 2719 2978 legi
2774 2909 3107 2963 deserviant.
3166 2908 3377 2977 Quippe
3439 2909 3525 2960 his

1953 3018 2218 3057 summam
2248 2999 2648 3054 venerationem
2682 3000 2862 3052 divino
2889 3000 3094 3051 numini
3121 2997 3519 3060 cxhibentibus,

1954 3094 2248 3148 maximum
2300 3093 2423 3145 inde
2468 3092 2899 3145 emolumentum
2954 3091 3262 3159 reipublica:
3310 3091 3525 3144 videtur

1953 3184 2236 3239 accedere.
2273 3183 2425 3247 Vale,
2456 3184 2700 3237 Anuline
2745 3182 3068 3236 charissime
3096 3197 3157 3237 ac
3188 3182 3527 3236 desideratis-

1953 3278 2086 3329 Sltlte
2110 3275 2283 3327 nobis.
2329 3293 2347 3326 ι

272 3382 424 3433 Θείον
482 3381 733 3451 λατρείαν
788 3381 1138 3450 ποιουμένων,
1185 3379 1431 3432 πλεῖστον
1484 3380 1606 3431 ὅσον
1666 3376 1776 3437 τοῖς
1822 3371 2021 3431 κοινοῖς
2068 3367 2353 3436 πράγμασι
2427 3365 2686 3418 συνοίσειν
2738 3364 2899 3419 δοκεῖ.
2950 3366 3231 3435 Ἐῥρωσο,
3290 3363 3523 3417 Ἀνυλῖνε

270 3471 565 3542 τιμιώτατε
590 3472 681 3524 καὶ
712 3471 1054 3526 ποθεινότατε
1080 3473 1232 3543 ἡμῖν.
1271 3491 1289 3522 ι

803 3566 1196 3619 ΚΕΦΑΛΑΙΟΝ
1231 3566 1313 3619 H'.

278 3656 409 3723 Περὶ
446 3654 551 3722 τῆς
579 3656 883 3710 Λικιννίου
902 3659 988 3723 είς
1023 3658 1281 3722 ὕστερον
1312 3660 1729 3724 κακοτροπίας,
1748 3664 1843 3716 καὶ

343 3726 453 3794 τῆς
480 3727 901 3795 καταστροφῆς
925 3726 1107 3781 αὐτοῦ
1152 3727 1290 3797 (Nic.
1331 3726 1402 3781 Η.
1439 3725 1505 3778 Ε.
1534 3744 1627 3791 vlt,
1663 3731 1773 3801 44).

342 3816 579 3871 Τοιαῦτα
615 3818 713 3887 μὲν
740 3813 831 3870 οὖν
854 3820 982 3889 ἡμῖν
1011 3821 1044 3889 ἡ
1074 3818 1191 3870 θεία
1226 3818 1320 3870 καὶ
1352 3818 1598 3889 οὐράνιος
1621 3821 1718 3890 τῆς
1748 3822 1843 3875 τοῦ

273 3911 526 3984 Σωτῆρος
559 3912 715 3983 ἡμῶν
744 3913 1064 3982 ἐπιφανείας
1094 3913 1347 3984 ἐδωρεῖτο
1385 3913 1563 3984 χάρις,
1612 3916 1844 3986 τοσαύτη

272 4020 332 4057 τε
358 4004 560 4057 ἅπασιν
589 4004 894 4076 ἀνθρώποις
927 4004 1156 4073 ἀφθονία
1182 4002 1401 4072 ἀγαθῶν
1423 4004 1509 4057 διά
1528 4004 1627 4074 τῆς
1649 4007 1680 4076 ἡ
1690 4007 1847 4076 μετέ-

276 4111 377 4168 ρας
423 4096 819 4169 ὲπρυτανεύετο
876 4098 1117 4168 εἰρήνης.
1171 4098 1280 4149 Καὶ
1344 4089 1446 4149 ὦδε
1492 4096 1591 4167 μὲν
1623 4098 1691 4151 τὰ
1728 4098 1852 4151 καθ’

271 4237 634 4304 Augustinum
661 4238 715 4292 in
752 4237 845 4292 lib.
876 4253 963 4297 ιιι,
993 4238 1191 4292 Contra
1235 4236 1577 4291 Cresconium
1610 4252 1730 4304 cap.
1762 4237 1854 4294 70.

348 4306 460 4378 (r70)
497 4308 652 4378 ﬂepi
715 4306 826 4378 τῆς
853 4307 1002 4378 -τῶν
1033 4306 1351 4375 κληρικῶν.
1385 4307 1439 4378 In
1487 4308 1856 4362 vetustissimo

274 4376 465 4436 code
496 4376 634 4433 Maz.
687 4386 741 4431 et
773 4376 905 4431 Fuk.
944 4379 1043 4431 hoc
1065 4388 1225 4444 caput
1263 4378 1295 4430 6
1338 4377 1558 4438 dicitur.
1609 4387 1665 4429 et
1709 4387 1856 4432 recte

273 4448 523 4570 ggidgm,
571 4448 628 4503 ui
676 4446 856 4502 fallor.
890 4445 1019 4503 Vide
1067 4461 1189 4516 qua:
1238 4461 1400 4515 supra
1439 4447 1620 4501 notavi
1652 4447 1719 4500 ad
1752 4463 1850 4502 ca-

316 4526 373 4569 ut
396 4526 450 4569 6.

274 4532 467 4655 pagi.)
513 4584 630 4656 Τῆς
658 4586 987 4657 ἁγιωτάτης
1034 4586 1416 4654 ἐπουρανίου.
1469 4585 1853 4654 Cbristophor-

276 4668 442 4728 sonus
469 4657 623 4728 addit
657 4671 843 4711 vocem
878 4657 1181 4728 δυνάμεως,
1229 4672 1295 4710 ex
1353 4657 1692 4710 Constantini
1735 4658 1851 4725 epi-

276 4725 412 4777 stola
447 4726 513 4779 ad
543 4726 855 4781 Chrestum.

350 4793 463 4866 (72)
526 4796 793 4866 Ἁνυλῖνε
835 4796 1159 4866 τιμιώτατε.
1189 4794 1246 4847 1η
1274 4795 1459 4866 codice
1488 4794 1651 4861 Med.,
1685 4794 1853 4861 Maz.,

275 4863 419 4936 ΕΛ.-
444 4872 500 4917 et
545 4865 712 4919 Savil.
763 4863 963 4935 legit-ur
1014 4866 1250 4920 Ἀνυλῖνε
1283 4864 1574 4936 τιμιώτατε
1618 4866 1712 4918 κα)⁵
1752 4883 1852 4918 πο-

278 4933 739 5007 θεινᾲτατε-ήμῖν.
770 4933 941 4991 Porro
986 4938 1182 4991 relatio
1234 4933 1454 4989 Anulini
1511 4936 1851 5007 proconsulis

277 5020 383 5073 qua
416 5005 499 5058 bis
528 5004 872 5062 Constantini
908 5007 1110 5062 litteris
1150 5008 1461 5074 respondet.
1496 5014 1677 5060 exstat
1704 5006 1848 5073 apud

278 5075 642 5143 Augustinum
698 5077 751 5129 in
799 5079 959 5143 epist.
1003 5077 1097 5138 .68.
1141 5076 1225 5129 his
1250 5074 1475 5130 verbis:
1529 5094 1549 5126 ι
1586 5075 1851 5129 Anulinus

281 5146 363 5197 vir
384 5143 720 5199 clarissimus
749 5147 1036 5213 proconsul
1064 5145 1284 5201 Africae.
1334 5144 1552 5212 Scripta
1600 5144 1849 5199 coelestia

279 5214 820 5285 majestatisvestraa
869 5226 1092 5283 accepta
1147 5224 1309 5285 atque
1358 5215 1618 5285 adorata,
1676 5215 1847 5285 Caeci:

280 5285 429 5337 liano
465 5294 521 5338 et
559 5284 648 5340 his
701 5285 793 5354 qui
841 5287 942 5340 sub
974 5289 1163 5340 eodem
1204 5284 1393 5354 agunt,
1429 5284 1633 5354 quique
1662 5284 1847 5338 clerici

281 5354 648 5426 appellantur,
679 5354 893 5411 devotio
919 5356 1202 5426 parvitatis
1246 5370 1379 5410 mea:
1400 5424 1409 5426 _
1432 5356 1713 5408 insinuare
1747 5370 1846 5407 cu-

278 5426 464 5479 tavit:
493 5425 819 5494 eosdemque
854 5424 1064 5480 hortata
1095 5435 1199 5490 est,
1232 5434 1291 5478 ut
1319 5424 1527 5479 unitate
1576 5439 1851 5477 consensu

278 5495 528 5548 omnium
560 5493 878 5559 facta,cum
934 5497 1076 5551 omni
1131 5495 1357 5548 omnino
1407 5508 1631 5548 munere
1666 5494 1846 5546 indul-

281 5563 495 5687 gentia.
522 5564 838 5649 maiestatis.
876 5576 1074 5620 vestra:
1107 5564 1373 5645 .liberati'
1399 5578 1521 5619 esse
1559 5564 1849 5644 videantur

329 5632 574 5687 atholtct.
625 5636 901 5687 custodita
946 5643 1238 5687 sanctitate
1270 5634 1429 5687 Ictus.
1474 5634 1657 5687 debita
1689 5648 1845 5687 reve-

329 5632 574 5696 atholici.
612 5632 901 5690 custodita
946 5635 1238 5689 sanctitate
1270 5634 1429 5702 legis.
1474 5634 1657 5688 debita
1689 5648 1845 5687 reve-

283 5703 465 5759 remia
500 5702 698 5759 divinis
726 5706 890 5759 rebus
924 5705 1241 5759 inserviant.
1272 5702 1470 5757 Verum
1501 5712 1622 5771 post
1648 5717 1846 5772 paucos

284 5772 405 5829 dies
430 5775 754 5829 exstiterunt
772 5775 991 5844 quidam
1021 5774 1253 5827 adunata
1276 5788 1469 5844 secum
1500 5774 1681 5841 populi
1708 5773 1846 5825 mul—

288 5844 548 5910 titudine,
570 5845 662 5915 qui
700 5843 992 5903 Caeciliano
1042 5843 1524 5900 contradicendum
1570 5850 1844 5907 putarent.

2545 3569 2771 3624 CAPUT
2805 3568 2937 3623 Vill.

1960 3666 2036 3720 De
2064 3661 2389 3732 malignitate
2434 3660 2625 3715 Licinii
2672 3672 2850 3729 postea
2893 3661 3166 3714 subsecuta
3188 3700 3202 3725 ,
3229 3672 3280 3713 et
3312 3663 3377 3715 de
3408 3663 3529 3731 ejus

2652 3743 2840 3784 morte.

2023 3823 2335 3893 Hujusmodi
2388 3822 2544 3877 nobis
2613 3822 2749 3875 dona
2797 3820 3030 3875 cmlestis
3072 3836 3137 3875 ac
3176 3821 3355 3875 divina
3402 3838 3522 3891 gra-

1955 3918 2027 3970 tia
2111 3916 2411 3985 praesentiae
2489 3912 2795 3966 Servatoris
2882 3911 3053 3965 nostri
3122 3912 3312 3981 largita
3392 3921 3473 3965 est
3506 3950 3531 3977 ,‘

1959 4019 2215 4077 tantaque
2250 4008 2518 4061 bonorum
2562 4004 2714 4073 copia
2766 4004 3017 4056 universo
3066 4005 3245 4068 generi
3290 4004 3525 4057 humano

1960 4114 2025 4153 ex
2057 4114 2188 4169 pace
2225 4097 2381 4152 nobis
2431 4094 2681 4152 restituta
2710 4093 2996 4164 proﬂuxit.
3037 4096 3117 4149 Ac
3168 4110 3254 4150 res
3303 4095 3523 4164 quidem

1966 4237 2166 4307 quique
2201 4235 2518 4291 fasciculum
2570 4234 2820 4307 inpaluta
2853 4234 3123 4307 signatum
3180 4242 3233 4287 et
3282 4232 3529 4307 libellum

1962 4304 2091 4363 sine
2106 4308 2258 4377 signo
2277 4308 2594 4361 obtulerunt
2626 4306 2883 4359 dicationi
2915 4319 3048 4358 mea:
3076 4322 3087 4356 :
3124 4312 3288 4377 atque
3318 4304 3524 4372 impen-

1962 4381 2050 4432 dio
2085 4374 2453 4446 postularunt,
2492 4386 2549 4429 ut
2596 4377 2661 4427 ad
2692 4390 2906 4446 sacrum
2934 4384 2989 4428 et
3018 4374 3379 4446 venerabilem
3427 4389 3518 4425 ro-

1958 4443 2211 4501 tuitalum
2246 4447 2486 4500 numinis
2530 4446 2692 4498 vestri
2747 4445 3054 4512 dirigerein.
3099 4443 3229 4509 Quae
3270 4452 3521 4496 manente

1957 4517 2244 4572 Caaciliano
2272 4517 2325 4569 in
2358 4526 2498 4569 statu
2534 4532 2652 4577 suo,
2685 4514 2948 4581 subjectis
3000 4515 3308 4567 earumdem
3360 4513 3517 4579 actis,

1954 4602 2065 4655 quo
2094 4597 2288 4641 cuncta
2328 4586 2581 4652 maiestas
2611 4594 2787 4638 vestra
2824 4586 2995 4655 possit
3021 4584 3359 4655 dignoscere,
3396 4598 3520 4655 par-

1958 4653 2096 4711 vitas
2126 4672 2245 4711 mea
2271 4657 2503 4722 dirigere
2539 4657 2774 4709 curavit.
2809 4672 2827 4703 ι
2896 4653 2999 4707 Per
3052 4670 3071 4703 ι
3102 4654 3301 4721 scripta
3350 4653 3513 4705 caele-

1955 4728 2058 4781 stia
2096 4746 2115 4779 ι
2163 4726 2417 4795 intelligit
2452 4727 2719 4779 Auulinus
2750 4723 3051 4795 epistolam
3083 4722 3425 4777 Constantini
3450 4722 3518 4795 ad

1953 4796 2128 4864 ipsum
2184 4793 2369 4850 datam
2427 4797 2492 4849 de
2535 4794 2880 4847 immunitate
2912 4793 3256 4864 clericorum,
3298 4808 3422 4864 quae
3451 4794 3529 4845 ah.

1954 4860 2184 4920 Eusebio
2237 4866 2289 4918 in
2342 4866 2444 4918 hoc
2496 4865 2674 4931 capite
2727 4863 2897 4916 relata
2945 4872 3047 4917 est.
3093 4860 3246 4927 Quod
3300 4860 3515 4930 quidem

1953 4936 2300 5004 apertissime
2348 4934 2663 4988 declaratur
2710 4933 2796 5004 bis
2855 4934 3055 5004 verbis.
3105 4946 3223 5001 quae
3270 4934 3519 5001 proxime

1953 5002 2255 5073 sequuntur
2281 5006 2332 5056 in
2369 5004 2633 5057 relatione
2658 5002 2920 5073 Anulini:
2962 5020 2980 5052 ι
3013 5003 3146 5055 Cum
3201 5003 3348 5073 omni
3397 5016 3519 5073 om:

1951 5070 2084 5129 nino
2115 5087 2337 5128 munere
2367 5073 2701 5141 indulgentia
2735 5072 3035 5139 maiestatis
3065 5080 3255 5125 vestra:
3300 5070 3521 5125 liberati

1950 5160 2068 5200 esse
2100 5146 2388 5199 videantur
2417 5142 2703 5197 Catholici.
2757 5160 2777 5194 ι
2826 5142 3094 5196 Craterum
3124 5142 3221 5195 has
3249 5141 3516 5196 Constan-

1950 5215 2049 5267 tini
2082 5214 2339 5284 epistolas
2371 5222 2705 5284 praepostero
2748 5214 2954 5284 ordine
2991 5212 3173 5284 retulit
3226 5211 3514 5284 Eusebius.

1948 5283 2085 5338 Nam
2115 5281 2382 5352 'epistnla
2421 5282 2758 5337 Constantini
2804 5282 2870 5336 ad
2911 5281 3253 5352 Caecilianum
3304 5282 3516 5351 episco-

1947 5369 2098 5423 pum,
2156 5351 2295 5424 item_
2328 5354 2568 5424 ejusdem
2626 5352 2851 5424 epistola
2901 5356 2966 5405 ad
3002 5351 3313 5424 Anulinum.
3392 5365 3517 5403 cum

1949 5418 2217 5479 relatione
2251 5418 2493 5492 eiusdem
2525 5418 2955 5488 Anulini.quam
2970 5426 3134 5486 supra
3150 5418 3337 5492 citari,
3378 5435 3521 5492 ριέεο

1948 5496 2142 5549 cedere
2170 5490 2370 5547 debent
2406 5492 2687 5561 epistolam
2718 5492 3060 5545 Constantini
3122 5493 3190 5544 ad
3222 5490 3523 5544 Miltiadem

1946 5565 2263 5634 episcopum
2292 5562 2443 5634 urbis
2486 5562 2693 5634 Roma}.
2719 5562 2939 5634 _Omnes
2971 5562 3117 5615 enim
3163 5576 3241 5634 ea:
3275 5561 3521 5634 epistolae

1947 5630 2219 5702 pertinent
2256 5633 2321 5686 ad
2370 5633 2663 5686 concilium
2718 5630 3043 5702 Romanum,
3084 5631 3520 5702 quod_l_iabitum

1946 5699 2030 5757 est
2065 5706 2119 5757 in
2150 5718 2313 5756 causa
2367 5702 2644 5756 Caeciliani
2699 5717 2881 5757 coram
2934 5699 3170 5754 Miltiade
3232 5699 3336 5755 PP.
3376 5702 3522 5754 Con-

1947 5774 2187 5830 stantino
2212 5788 2271 5828 tu
2309 5781 2365 5827 et
2392 5771 2603 5828 Licinio
2644 5788 2702 5829 tu
2754 5786 2925 5839 coss.,
2975 5786 3117 5826 anno
3145 5771 3347 5828 Christi
3371 5770 3502 5825 515.
