4132 6406
658 315 764 373 895

1365 310 1633 374 Busae"
1673 317 2156 374 cmsammsxs
2193 315 2344 372 opp.
2390 314 2568 370 PARS
2604 314 2646 374 ι.
2682 343 2755 356 -
2793 294 3178 377 Htsrontca.

3822 317 3906 372 893

662 446 862 494 nostra:
907 437 960 493 in
1012 438 1118 495 hoc
1165 437 1446 494 latissimo
1469 448 1612 494 statu
1648 449 1701 494 et
1731 439 1785 494 in
1823 440 2134 510 bujusmodi
2163 440 2242 497 fe-

2348 439 2488 508 ἡμᾶς
2522 439 2580 490 ἐν
2628 436 2935 510 εὐφροσύνῃ
2968 437 3060 490 καὶ
3094 433 3485 507 πανηγύρεσιν
3542 430 3783 486 ἐτελεῖτο.
3815 435 3909 492 θύκ

662 531 996 587 stivitatibns
1040 542 1221 587 erant.
1270 534 1376 588 Sed
1423 534 1642 587 virtutis
1681 534 1931 589 inimicus
1963 547 2018 590 et
2067 535 2239 592 malo-

664 639 785 678 rum
841 623 1082 679 omnimn
1139 626 1571 679 studiosissimus
1617 624 1880 682 daemonis
1928 627 2086 691 livor,
2135 626 2239 682 boc

665 715 1039 784 spectaculum
1088 717 1180 770 ditt
1246 716 1391 772 ferre
1451 734 1558 773 non
1613 720 1808 788 potuit.
1869 718 2052 789 Neque
2109 720 2271 775 item'

662 808 824 880 395
845 807 1086 864 Licinius
1116 809 1183 863 iis
1208 809 1607 863 calamitatibus
1637 826 1756 880 qua:
1793 811 2122 879 supradictis
2146 821 2231 881 ty-

664 899 858 951 rannis
885 897 1223 960 acciderant,
1251 897 1451 951 erudiri
1482 899 1655 965 potuit
1689 907 1748 952 ut
1779 907 1996 967 saperet
2029 914 2091 954 ac
2126 915 2242 953 mo-

664 990 816 1044 deste
837 998 1040 1058 ageret.
1069 988 1167 1053 Qui
1196 1003 1453 1058 prospero
1478 989 1687 1058 imperii
1710 992 1789 1044 sui
1822 999 1990 1057 statu,
2015 994 2240 1046 secundi

661 1094 786 1153 post
824 1080 1240 1136 Constantinum
1275 1081 1569 1134 maximum
1595 1081 1698 1136 loci
1736 1082 2020 1152 dignitate,
2047 1093 2101 1138 et
2129 1083 2242 1137 alli-

664 1159 832 1228 nitate
865 1173 1188 1242 angustique
1222 1174 1442 1242 generis
1478 1172 1860 1242 conjunctione
1897 1174 2197 1231 honoratus
2223 1218 2240 1242 ,

664 1280 694 1318 a
727 1265 984 1320 bonorum
1031 1265 1249 1332 quidem
1300 1265 1606 1319 imitatione
1638 1264 1901 1328 descivit.
1945 1267 2242 1337 impiorum

663 1370 798 1411 vero
853 1366 1209 1424 tyrannorum
1264 1370 1460 1423 pravos
1517 1365 1684 1423 atque
1729 1355 2012 1425 improbos
2062 1373 2242 1414 mores

664 1448 943 1502 armulatus
972 1459 1074 1503 est.
1106 1448 1173 1502 Et
1196 1462 1425 1518 quorum
1460 1446 1824 1502 miserabilem
1876 1449 2001 1502 vita:
2037 1449 2242 1504 exitum

665 1539 779 1594 suis
808 1543 923 1609 ipse
957 1539 1129 1594 oculis
1167 1548 1558 1610 conspexerat,
1604 1553 1794 1592 eorum
1827 1540 2056 1594 consilia
2089 1541 2241 1610 sequi

667 1629 880 1696 maluit,
911 1645 1074 1700 quam
1104 1631 1157 1684 in
1188 1630 1561 1686 benevolentia
1587 1640 1748 1702 atque
1774 1631 2016 1686 amicitia
2049 1632 2243 1706 optimi

665 1721 925 1791 principis
950 1730 1216 1790 perstare.
1246 1721 1456 1775 Etenim
1483 1721 1703 1775 invidia!
1725 1723 1959 1777 stimulis
1983 1723 2244 1778 adversus

664 1789 805 1866 bene
835 1811 900 1864 de
921 1789 979 1864 se
998 1811 1248 1864 meritum
1276 1809 1553 1873 incitatus,
1584 1809 1965 1880 gravissimum
1996 1817 2054 1864 et
2083 1799 2238 1864 nefa-
2274 1789 2316 1843 Β

667 1903 806 1956 rium
841 1903 888 1956 ei
922 1902 1118 1957 bellum
1143 1902 1340 1968 intulit,
1399 1917 1503 1956 non
1543 1913 1753 1959 naturae
1781 1905 2050 1959 reveritus
2089 1903 2236 1972 jura,

665 2008 773 2047 non
807 1991 1096 2057 fmderum,
1139 2007 1244 2046 non
1273 1991 1650 2061 jurisjurandi,
1700 2008 1800 2048 nec
1852 1994 2240 2064 consanguini-

670 2084 796 2139 tatis
849 2098 1075 2138 memor.
1133 2081 1267 2137 Nam
1332 2083 1726 2138 Constantinus
1780 2086 1995 2154 quidem
2057 2095 2244 2154 utpote

666 2177 1090 2246 benignissimus
1125 2177 1402 2246 princeps,
1433 2192 1541 2246 quo
1571 2179 1802 2233 sincerae
1848 2179 2242 2237 benevolentiae

667 2271 1034 2325 certissimum
1095 2273 1143 2324 ei
1201 2281 1581 2340 argumentum
1630 2271 1805 2335 daret,
1851 2270 2114 2326 allinitate
2143 2287 2243 2326 sua

668 2378 791 2418 eum
839 2365 1091 2435 dignatus
1140 2365 1356 2431 fuerat;
1425 2379 1528 2419 nec
1576 2363 1817 2418 illustres
1873 2366 2087 2420 sororis
2131 2380 2244 2420 suae

669 2459 886 2528 nuptias
946 2455 1122 2511 eidem
1177 2458 1538 2525 denegaverat
1587 2475 1600 2509 :
1646 2469 1832 2508 verum
1893 2443 2081 2525 stirpis
2134 2471 2245 2512 suae

669 2550 1023 2612 nobilitatem,
1051 2561 1105 2604 et
1133 2548 1460 2618 imperatorii
1482 2548 1592 2618 jam
1623 2549 1752 2603 inde
1774 2564 1802 2600 ιι
1833 2549 2054 2616 proavis
2075 2563 2242 2616 gene-

671 2644 748 2696 ris
777 2641 1117 2711 splendorem
1148 2658 1271 2696 Clllll
1305 2657 1371 2695 eo
1409 2642 1931 2705 communicaverat,
1967 2643 2244 2712 totiusque

669 2734 818 2788 orbis
848 2731 1074 2786 Romani
1106 2731 1388 2800 imperium
1440 2747 1561 2785 cum
1609 2730 1723 2794 illo,
1776 2740 1962 2800 utpote
2006 2731 2163 2788 aliine
2193 2743 2247 2787 et

670 2824 823 2896 regni
851 2832 1099 2879 consorte
1126 2823 1567 2894 participaverat.
1603 2822 1712 2878 Nec
1754 2823 2016 2879 minorem
2041 2825 2091 2878 ei
2117 2839 2244 2892 por-

673 2916 871 2970 tionem
904 2915 1108 2984 imperii
1149 2913 1378 2968 Romani
1409 2914 1698 2982 regendam
1730 2912 2247 2983 gubernandamque

672 3017 1041 3064 concesserat.
1073 3005 1313 3061 Licinius
1338 3019 1468 3059 vero
1497 3019 1718 3073 prorsus
1750 3007 2029 3059 contraria
2062 3007 2246 3061 omnia

674 3099 903 3170 agebat;
935 3098 1112 3152 omnis
1137 3093 1354 3167 generis
1406 3097 1628 3150 fraudes
1675 3095 1936 3150 adversus
1972 3096 2244 3166 potiorem

674 3192 919 3263 quotidie
954 3189 1392 3249 comminiscens.
1427 3196 1759 3256 cunctasque
1784 3185 2068 3240 insidiandi
2105 3197 2252 3244 artes

674 3282 1088 3352 exmgitans,ut
1117 3279 1253 3334 bene
1285 3277 1542 3332 meritum
1586 3279 1742 3332 malis
1767 3277 2250 3346 tremuneraretur.

674 3373 752 3429 Ac
799 3371 1067 3443 principio
1109 3370 1326 3440 quidem
1359 3368 1582 3424 insidias
1612 3378 1796 3439 tegere
1817 3370 2043 3425 studens
2064 3409 2081 3436 ,
2114 3373 2253 3426 ami-

676 3480 798 3520 cum
820 3479 879 3519 se
904 3477 1026 3518 esse
1053 3460 1341 3516 simulabat
1370 3478 1384 3514 :
1417 3469 1473 3514 et
1505 3460 1692 3515 fraude
1717 3476 1780 3516 ac
1808 3461 1949 3517 dolis
1978 3462 2252 3518 Constan-

679 3556 849 3610 tinum
886 3567 1028 3622 saepe
1058 3561 1351 3622 appetens,
1385 3552 1542 3607 facile
1585 3568 1644 3607 se
1687 3554 1794 3608 voti
1831 3556 1912 3610 sui
1947 3567 2252 3624 compotem

678 3648 796 3704 fore
819 3649 1092 3717 sperabat.
1114 3647 1220 3700 Sed
1259 3645 1404 3700 enim
1436 3645 1796 3703 Constantino
1821 3649 2046 3712 amicus,
2080 3659 2134 3705 et
2168 3661 2253 3703 tu-

682 3753 767 3796 tor
794 3750 1091 3809 custosqne
1120 3747 1238 3793 erat
1269 3740 1412 3794 Deus
1447 3755 1461 3793 :
1494 3739 1584 3808 qui
1617 3740 1844 3795 insidias
1883 3743 2024 3797 clam
2068 3753 2121 3798 et
2162 3760 2255 3799 oc-

681 3833 826 3888 culte
852 3833 952 3899 ipsi
981 3838 1322 3899 comparatas
1372 3830 1424 3883 iu
1475 3829 1654 3884 lucem
1691 3832 1974 3900 proferens
2004 3836 2256 3890 confuta-

681 3927 794 3981 bat.
840 3925 1071 3980 Tantam
1118 3923 1226 3977 vim
1261 3922 1423 3977 habet
1462 3938 1654 3992 magna
1704 3923 1794 3978 illa
1830 3927 2044 3996 pietatis
2073 3943 2254 3981 arma-

684 4027 826 4085 tura,
861 4026 974 4072 tum
1003 4018 1070 4071 ad
1101 4017 1496 4088 propulsandos
1539 4017 1810 4082 inimicos,
1872 4027 1984 4073 tum
2019 4021 2086 4074 ad
2131 4037 2257 4091 pro-

683 4110 816 4178 priae
845 4109 1037 4163 salutis
1066 4109 1557 4164 conservationem.
1589 4107 1706 4174 Qua
1735 4109 1955 4176 quidem
1981 4123 2256 4165 armatura

683 4201 922 4255 uiunitus
961 4205 1257 4270 imperator
1290 4209 1472 4255 noster
1500 4202 1610 4257 Deo
1648 4202 2010 4257 cbarissimus
2033 4244 2048 4268 ,
2079 4205 2259 4259 multi-

686 4293 852 4358 plices
877 4292 1068 4348 nefarii
1094 4293 1332 4348 hominis
1355 4292 1581 4348 insidias
1603 4293 1808 4364 elfugit.
1835 4294 2001 4366 Igitur
2022 4294 2262 4350 Licinius

685 4402 808 4444 cum
841 4387 1079 4442 occultas
1110 4388 1336 4444 insidias
1369 4403 1472 4443 non
1507 4402 1574 4442 ex
1597 4398 1720 4442 voto
1749 4389 1850 4444 sibi
1875 4389 2073 4445 cedere
2106 4392 2260 4445 vide-

2341 525 2409 599 ἦν
2437 529 2494 581 δὲ
2527 528 2633 599 ἄρα
2666 528 2745 599 τῷ
2779 528 3058 599 μισοκάλῳ
3104 527 3282 598 φθόνῳ
3305 567 3324 592 ,
3361 525 3447 594 τῷ
3496 540 3556 576 τε
3603 523 3910 599 φιλοπονήρῳ

2343 623 2552 692 δαίμονι
2603 621 2837 694 φορητὸς
2875 624 2908 692 ἡ
2957 621 3064 674 τῶν
3102 619 3408 691 ὁρωμένων
3456 616 3594 668 θέα·
3632 615 3808 690 ῶσπερ
3835 616 3909 674 οὖν

2344 713 2465 765 ούδέ
2493 713 2748 783 Λικιννίῳ
2772 711 2906 783 πρὸς
2929 711 3182 782 σώφρονα
3211 707 3487 778 λογισμὸν
3519 705 3806 774 ἐτύγχανεν
3833 709 3909 760 αύ-

2343 805 2520 877 τάρκη
2548 805 2616 858 τὰ
2642 809 2753 869 τοῖς
2792 803 3026 878 πρόσθεν
3056 801 3461 875 δεδηλωμένοις
3491 799 3772 870 τυράννοις
3805 817 3913 871 σιμ·

2345 897 2618 966 ϐεϐηκότα
2639 914 2651 927 ·
2689 897 2749 961 ὃς
2779 893 2840 949 εὖ
2882 896 3189 966 φερομένης
3223 895 3324 964 τῆς
3365 891 3556 962 ἀρχῆς
3586 890 3753 959 αὐτῷ,
3787 891 3912 960 βασι-

2345 987 2482 1052 λέως
2510 989 2743 1060 μεγάλου
2779 987 3190 1042 Κωνσταντίνου
3217 983 3563 1055 δευτερείων
3597 981 3787 1051 τιμῆς,
3819 984 3914 1036 ἐπι-

2344 1079 2619 1151 γαμϐρίας
2646 1097 2705 1132 τε
2729 1079 2821 1132 καὶ
2853 1077 3170 1146 συγγενείας
3192 1076 3292 1146 τῆς
3321 1072 3607 1128 ἀνωτάτω
3628 1072 3914 1142 ἠξιωμένος,

2348 1173 2636 1243 μιμήσεως
2661 1172 2758 1242 μὲν
2795 1170 2895 1241 τῆς
2928 1169 3037 1223 τῶν
3078 1167 3258 1223 καλῶν
3283 1163 3738 1235 ἀπελιμπάνετο,
3764 1163 3851 1233 τῆς
3874 1165 3919 1218 δὲ

2344 1263 2452 1318 τῶν
2488 1263 2702 1318 ἀσεϐῶν
2740 1264 3017 1335 τυράννων
3055 1261 3359 1332 μοχθηρίας
3403 1256 3610 1330 ἐζήλου
3651 1257 3749 1326 τὴν
3785 1275 3918 1311 κακο-

2343 1355 2594 1427 τροπίαν,
2632 1355 2725 1408 καὶ
2763 1348 2837 1408 ὧν
2866 1354 2960 1408 τοῦ
3003 1353 3117 1424 βίου
3157 1354 3256 1426 τὴν
3305 1349 3717 1421 καταστροφὴν
3743 1351 3920 1403 ἐπεῖδεν

2346 1449 2530 1512 αύτοῖς
2557 1447 2878 1519 ὀφθαλμοῖς,
2915 1446 3117 1500 τούτων
3139 1446 3372 1500 ἕπεσθαι
3407 1446 3482 1514 τῇ
3507 1440 3708 1512 γνώμη
3733 1443 3918 1513 μᾶλλον,

2346 1539 2472 1613 ἢτῇ
2519 1540 2610 1594 τοῦ
2671 1540 2980 1611 κρείττονος
3031 1537 3268 1592 διαθέσει
3317 1537 3605 1608 ἐμμένειν
3645 1535 3737 1586 καὶ
3781 1535 3918 1606 φιλίᾳ,

2348 1636 2550 1706 ᾑρεῖτο.
2573 1631 2956 1704 Διαφθονηθείς
2982 1632 3045 1702 γέ
3063 1649 3144 1685 τοι
3166 1631 3242 1702 τῷ
3266 1627 3688 1700 πανευεργέτῃ,
3722 1627 3918 1698 πόλεμον

2346 1726 2553 1798 δυσαγῆ
2571 1727 2664 1779 καὶ
2680 1725 2983 1778 δεινότατον
3014 1723 3150 1795 πρὸς
3170 1723 3328 1777 αύτδν
3357 1721 3629 1790 ἐκφέρει.
3654 1721 3716 1772 ού
3744 1719 3921 1789 φύσεως

2346 1816 2525 1887 νόμων
2548 1817 2893 1886 φεισάμενος,
2927 1815 3024 1886 ούχ
3049 1812 3432 1886 ὁρκωμοσιῶν,
3477 1812 3586 1880 οὐχ
3617 1799 3851 1880 αἵματος,
3871 1812 3917 1863 ού

2349 1908 2630 1981 συνθηκῶν
2682 1909 2900 1980 μνήμην
2950 1909 3008 1959 ἐν
3057 1905 3265 1978 διανοίᾳ
3318 1903 3538 1959 λαϐὼν.
3602 1902 3663 1954 '0
3717 1902 3808 1972 μὲν
3835 1903 3919 1973 γὰρ

2349 1999 2496 2070 αύτῷ
2559 1995 2647 2052 οἷα
2687 1999 3000 2068 πανάγαθος
3062 1998 3348 2068 βασιλεὺς,
3409 1995 3643 2057 εὐνοίας
3704 1993 3918 2064 παρέχων

2350 2091 2584 2164 ἀληθοῦς
2617 2089 2883 2162 σύμϐολα,
2936 2091 3258 2160 συγγενείας
3299 2090 3403 2160 τῆς
3454 2087 3605 2160 πρὸς
3657 2085 3811 2138 αὐτὸν
3842 2086 3918 2138 οὐκ

2349 2184 2629 2255 ἐφθόνησε,
2664 2185 2854 2254 γάμων
2878 2200 2937 2236 τε
2954 2181 3221 2254 λαμπρῶν
3255 2181 3501 2251 ἀδελφῆς
3535 2178 3820 2250 μετουσίαν
3842 2177 3916 2228 οὐκ

2350 2276 2725 2348 ἀπηρνήσατο,
2755 2274 2890 2328 ἀλλά
2909 2276 3002 2327 καὶ
3029 2275 3126 2344 τῆς
3151 2275 3215 2327 ἐκ
3236 2273 3494 2344 πατέρων
3513 2270 3796 2339 εὐγενείας
3813 2269 3917 2338 ('73),

2355 2367 2629 2437 βασιλικοῦ
2663 2383 2726 2422 τε
2781 2365 3046 2421 ἀνέκαθεν
3097 2365 3326 2436 αἵματος
3387 2361 3664 2416 κοινωνὸν
3704 2358 3915 2429 γενέσθαι

2351 2459 2571 2529 ἠξίωσε,
2607 2457 2706 2529 τῆς
2737 2474 2796 2509 τε
2846 2457 2988 2511 κατὰ
3020 2457 3239 2510 πάντων
3277 2453 3585 2508 ἀπολαύειν
3621 2451 3821 2523 ἀρχῆς,
3849 2443 3915 2500 οἷα

2352 2551 2584 2622 κηδεστῇ
2620 2549 2711 2602 καὶ
2747 2548 3066 2619 συ-μϐασιλεῖ
3097 2549 3322 2618 παρεῖχε
3368 2545 3470 2617 τὴν
3508 2543 3766 2611 ἐξουσίαν
3788 2581 3802 2604 ,
3841 2540 3915 2592 οὐκ

2352 2643 2572 2696 ἔλαττον
2627 2641 2790 2712 μέρος
2834 2638 2942 2693 τῶν
2991 2639 3098 2692 ὑπὸ
3143 2639 3450 2710 Ῥωμαίους
3513 2633 3690 2690 ἐθνῶν
3746 2633 3913 2684 διέπειν

2353 2735 2502 2807 αὐτῷ
2527 2734 2622 2788 καὶ
2649 2735 2866 2791 διοικεῖν
2895 2731 3310 2804 κεχαρισμένος.
3345 2731 3404 2784 '0
3435 2729 3483 2782 δ’
3523 2725 3785 2799 ἔμπαλιν,
3817 2721 3915 2774 τοῦ·

2352 2845 2466 2891 τοις
2498 2828 2754 2882 τάναντία
2785 2825 3157 2900 διεπράττετο,
3206 2823 3461 2886 παντοίας
3507 2819 3779 2890 ὁσημέραι
3803 2813 3914 2869 κατὰ

2352 2918 2449 2971 τοῦ
2490 2919 2796 2990 κρείττονος
2833 2917 3084 2989 μηχανὰς.
3124 2913 3589 2985 ἐπιτεχνώμενος,
3641 2909 3836 2966 πάντας
3871 2919 3915 2958 τι

2355 3007 2584 3062 ἐπινοῶν
2605 3007 2894 3078 ἐπιϐουλῆς
2920 3005 3178 3078 τρόπους,
3203 3005 3278 3068 ῶς
3308 3003 3373 3056 ἂν
3399 3003 3604 3064 κακοῖς
3622 2999 3714 3052 τὸν
3733 2991 3914 3066 εὐεργέ-

2353 3117 2455 3173 την
2483 3101 2795 3171 ἀμείψαιτο.
2829 3099 2910 3152 Τά
2959 3099 3058 3170 μέν
3091 3094 3182 3152 οὖν
3216 3096 3407 3169 πρῶτα
3449 3092 3796 3164 πειρώμενος
3838 3085 3914 3155 τὴν

2356 3193 2624 3266 συσκευὴν
2641 3193 3022 3264 ἐπικρύπτειν,
3046 3191 3198 3261 φίλος
3221 3186 3359 3243 εἶναι
3378 3188 3782 3261 προσεποιεῖτο,
3803 3181 3913 3250 δόλῳ

2354 3304 2414 3342 τε
2470 3289 2563 3341 καὶ
2617 3286 2798 3358 ἀπάτῃ
2854 3285 3170 3347 πλειστάκις
3219 3281 3574 3352 ἐπιθέμενος,
3643 3278 3810 3347 ῥᾷστα
3863 3271 3913 3323 ἂν

2354 3379 2537 3449 τυχεῖν
2569 3376 2662 3430 τοῦ
2697 3373 3142 3446 προσδοκωμένου
3166 3372 3382 3443 ἤλπισε.
3415 3369 3508 3440 Τῷ
3535 3369 3594 3422 δέ
3629 3368 3734 3437 ἄρα
3763 3362 3913 3424 δΘεδς

2354 3463 2424 3541 ἦν
2459 3467 2638 3537 φίλος,
2688 3463 2941 3538 κηδεμών
2978 3483 3039 3518 τε
3078 3464 3174 3517 καὶ
3215 3461 3407 3532 φύλαξ,
3456 3462 3518 3524 ὃς
3567 3456 3718 3527 αύτῷ
3753 3456 3840 3517 τὰς
3869 3455 3912 3504 ἐν

2357 3561 2654 3632 ἀπορρήτῳ
2701 3560 2795 3612 καὶ
2827 3557 3006 3611 σκότει
3063 3555 3459 3628 μηχανωμένας
3514 3548 3802 3610 ἐπιϐουλὰς
3849 3547 3912 3606 εἰς

2359 3653 2476 3723 φῶς
2518 3653 2665 3721 ἄγων
2711 3651 2978 3723 διήλεγχε.
3011 3649 3275 3702 Τοσοῦτον
3309 3647 3510 3718 ἀρετῆς
3539 3645 3604 3698 τὸ
3653 3641 3788 3714 μέγα
3835 3638 3908 3706 τῆς

2360 3745 2667 3808 θεοσεϐείας
2719 3745 2881 3798 ὅπλον
2936 3743 3069 3814 (74),
3117 3743 3252 3814 πρὸς
3293 3741 3507 3812 ἄμυναν
3555 3738 3658 3810 μὲν
3710 3729 3907 3804 ἐχθρῶν,

2359 3839 2564 3902 οἰκείας
2592 3838 2648 3892 δέ
2665 3836 2909 3907 φυλακὴν
2935 3835 3210 3906 σωτηρίας
3235 3833 3426 3903 ίσχύει’
3526 3831 3592 3900 δὴ
3624 3821 3911 3895 πεφραγμέ·

2359 3950 2448 3995 νος
2478 3934 2507 3986 ὁ
2540 3931 2947 4000 θεοφιλέστατος
2988 3927 3145 3999 ἡμῶν
3184 3926 3432 3997 βασιλεὺς
3455 3965 3470 3989 ,
3511 3923 3616 3986 τὰς
3675 3918 3766 3973 τοῦ
3805 3916 3911 3969 Eua-

2360 4023 2576 4095 ωνύμου
2601 4021 2968 4085 πολυπλόκους
3019 4017 3308 4082 ἐπιϐουλὰς
3337 4016 3729 4087 διεδίδρασκεν.
3779 4008 3832 4059 '0
3863 4003 3909 4057 δὲ

2361 4115 2457 4188 τὴν
2467 4115 2728 4186 λαθραίαν
2754 4111 3018 4181 συσκευὴν
3036 4110 3109 4173 ὡς
3129 4107 3376 4178 οὐδαμῶς
3399 4105 3546 4176 ἐώρα
3558 4103 3699 4159 κατά
3717 4096 3909 4169 γνώμην

2363 4205 2511 4276 αύτῷ
2555 4203 2837 4276 χωροῦσαν
2859 4242 2873 4264 ,
2920 4198 3012 4252 τοῦ
3048 4198 3180 4252 Θεοῦ
3213 4199 3387 4251 πάντα
3415 4196 3565 4249 δόλον
3610 4210 3668 4246 τε
3701 4190 3787 4243 καὶ
3831 4188 3906 4255 ﬁ;-

2361 4296 2638 4364 διουργίαν
2667 4291 2745 4362 τῷ
2782 4289 3017 4359 θεοφιλεῖ
3053 4288 3260 4360 βασιλεῖ
3285 4287 3589 4358 κατάφωρα
3637 4278 3906 4336 ποιοῦντος.

2325 4447 2328 4450 λ
2364 4386 2541 4440 οὐκέθ’
2570 4379 2680 4447 οἶός
2721 4401 2782 4436 τε
2815 4381 2890 4435 ῶν
2925 4379 3380 4452 ἐπικρύπτεσθαι,
3409 4376 3662 4448 προφανῆ
3707 4371 3907 4436 πόλεμον

686 4491 790 4544 ret,
819 4488 1006 4550 utpote
1033 4478 1140 4535 Deo
1169 4491 1399 4536 cunctas
1428 4479 1595 4549 ipsius
1620 4480 1841 4536 fraudes
1861 4497 1924 4536 ac
1951 4482 2104 4535 dolos
2128 4482 2253 4536 cha-

2365 4477 2598 4545 αἴρεται·
2623 4472 2682 4525 ’θ
2692 4472 2823 4542 μὸσε
2841 4471 2974 4541 δῆτα
2992 4468 3384 4538 Κιυνσταντίνῳ
3401 4467 3657 4537 πολεμεῖν
3669 4457 3906 4528 διαγνοὺς,

685 4573 907 4628 rissimo
936 4573 1163 4642 principi
1197 4577 1502 4645 detegente,
1557 4573 1727 4628 latere
1775 4590 1836 4630 se
1885 4573 2120 4644 amplius
2151 4590 2260 4629 non

688 4678 850 4735 posse
883 4665 1234 4735 perspiciens,
1263 4666 1457 4720 bellum
1497 4666 1672 4735 palam
1710 4675 1911 4722 movet.
1942 4668 2112 4721 Porro
2136 4681 2260 4738 cum

687 4755 1046 4811 Constantino
1074 4756 1274 4812 bellum
1307 4757 1510 4811 inferre
1539 4758 1853 4824 statuisset,
1894 4759 2055 4815 simul
2098 4759 2266 4831 396

688 4851 853 4904 etiam
894 4850 1156 4904 adversus
1193 4865 1461 4905 summum
1511 4851 1754 4904 onmium
1807 4852 1971 4906 Deum
2017 4869 2178 4921 quem
2237 4869 2270 4904 ιι

690 4941 1049 4996 Constantino
1086 4943 1188 4996 coli
1232 4954 1580 5013 cognoverat,
1613 4944 1845 5010 praeliari
1874 4943 2130 4996 instituit.
2168 4943 2269 4996 De-

691 5032 821 5088 liinc
846 5033 1082 5088 cultores
1105 5034 1271 5087 divini
1299 5035 1540 5088 numinis
1577 5034 1676 5087 sub
1700 5034 1910 5086 ditione
1939 5047 2033 5085 sua
2069 5035 2270 5101 degen-

692 5135 798 5187 tes.
829 5127 920 5196 qui
943 5125 1083 5181 nulla
1113 5141 1349 5197 unquam
1376 5125 1573 5193 injuria
1596 5133 1688 5180 aut
1711 5125 1953 5180 molestia
1980 5124 2266 5192 imperium

693 5218 866 5289 ipsius
916 5216 1231 5286 affecerant,
1274 5219 1476 5274 sensim
1513 5232 1578 5270 ac
1625 5218 1789 5273 tacite
1822 5230 2138 5286 oppugnare
2173 5230 2265 5285 ag-

766 5381 879 5452 (73)
912 5382 1028 5451 Τῆς
1041 5382 1110 5437 ἐκ
1131 5382 1398 5452 πατέρων
1423 5384 1745 5449 εὐγενείας.
1775 5379 2098 5450 Συγγενείας
2125 5376 2269 5452 vulg.

696 5451 1015 5518 Amplector
1046 5451 1484 5509 emendationem
1523 5470 1641 5521 quae
1683 5455 1747 5506 ad
1781 5453 2075 5520 marginem
2114 5451 2270 5521 codi-

697 5526 778 5577 cis
804 5522 1042 5597 Turnebi
1079 5525 1314 5597 ascripta
1349 5534 1430 5577 est
1465 5518 1764 5592 εὐγενείας.
1799 5518 1925 5597 Erat
1957 5521 2099 5574 enim
2120 5518 2276 5597 _Con-

700 5594 974 5647 stantinus
1005 5591 1350 5649 nobilissimo
1387 5591 1585 5661 genere
1612 5593 2010 5659 natus,quippe
2043 5591 2135 5657 qui
2167 5591 2278 5642 ori-

701 5667 878 5732 ginem
915 5665 1100 5734 stirpis
1139 5680 1250 5719 sua:
1296 5665 1363 5718 ad
1401 5664 1683 5718 Claudium
1753 5671 2134 5730 imperatorem
2192 5673 2278 5712 re-

704 5737 754 5787 l‘c
762 5741 890 5790 rret.

693 5855 702 5867 .
778 5804 892 5875 (75)
938 5805 1237 5861 Τοσοῦτον
1280 5801 1503 5874 ἀρετῆς
1530 5803 1592 5858 τὸ
1627 5802 1780 5875 μέγα
1812 5799 1921 5872 τῆς
1951 5800 2287 5871 θεοσεϐείας

2367 4568 2466 4640 ἤδη
2482 4567 2575 4619 καὶ
2599 4567 2738 4620 κατά
2769 4564 2862 4619 τοῦ
2889 4564 3022 4618 Θεοῦ
3052 4563 3160 4618 τῶν
3190 4563 3346 4627 ὅλων,
3374 4561 3432 4614 ὃν
3463 4559 3730 4630 ἠπίστατο
3757 4548 3906 4647 σέϐειν

2365 4659 2550 4721 αὐτὸν,
2571 4656 3006 4730 παρατάττεσθαι
3031 4655 3272 4727 ὡρμᾶτο.
3291 4653 3539 4707 Κάπειτα
3554 4651 3677 4712 τοὺς
3692 4644 3775 4698 ὑπ’
3787 4640 3907 4730 αὐτῶ

2369 4752 2657 4817 θεοσεϐεῖς,
2697 4750 2864 4822 μηδὲν
2891 4749 3011 4820 μηδ’
3036 4749 3172 4811 ὅλως
3207 4745 3422 4799 πώποτε
3446 4743 3542 4814 τὴν
3576 4740 3744 4814 ἀρχὴν
3771 4733 3904 4786 αὐτου

2369 4845 2610 4916 λυτηρδν
2639 4843 3011 4913 διαθεμένους,
3051 4841 3234 4911 ἡρέμα
3282 4838 3415 4901 τέως
3472 4837 3564 4889 καὶ
3620 4829 3790 4906 ἡσυχῆ
3828 4838 3906 4874 πο-

2368 4937 2605 5008 λιορκεῖν
2639 4935 2949 4988 ἐπεϐάλετο·
2981 4933 3076 4986 καὶ
3109 4931 3250 4985 τοῦτ’
3275 4931 3531 5002 ἔπραττε,
3560 4925 3743 4986 δεινῶς
3775 4917 3906 5008 ἁῦλετ

2371 5033 2525 5082 πτεῖν
2561 5029 2666 5081 ὑπὸ
2691 5028 2788 5098 τῆς
2816 5025 3058 5096 ἐμφύτου
3103 5023 3298 5085 κακίας
3329 5019 3757 5091 ἠναγκασμένος.
3802 5004 3903 5062 ὥτ’

2372 5117 2466 5174 οὖν
2501 5120 2596 5192 τὴν
2634 5122 2852 5191 μνήμην
2881 5118 2988 5170 τῶν
3018 5117 3122 5188 πρὸ
3179 5114 3340 5168 αὑτοῦ
3368 5111 3721 5184 Χριστιανοὺς
3751 5102 3906 5158 ἐκδιω-

2376 5189 2580 5278 ξάντων
2626 5189 3058 5282 πρδγόφθαλμῶν
3103 5205 3272 5270 ἔθετο,
3324 5205 3431 5259 οὐδ’
3459 5198 3534 5258 ὧν
3572 5203 3728 5264 αὐτὸς
3745 5189 3906 5258 ὀλετῆρ

2375 5377 2586 5432 ὅπλον.
2644 5370 2983 5440 Nicephorus
3048 5366 3524 5442 vocem_dpseﬁg,
3577 5363 3768 5442 quippe
3808 5361 3902 5442 qttfe

2378 5459 2598 5501 sensum
2641 5436 2905 5504 turbaret,
2936 5440 3215 5506 expunxit.
3255 5436 3442 5492 Exs‘tat
3477 5449 3656 5489 tamen
3689 5436 3902 5506 ιιι-σημη-

2379 5519 2480 5571 bus
2511 5513 2712 5582 nostris
2741 5502 3046 5582 codicibus,
3097 5518 3151 5563 et
3202 5510 3354 5582 apud-
3398 5506 3670 5582 Gelasium
3717 5502 3906 5582 ρξῑίοΪ

2381 5558 2532 5639 nunt.
2565 5581 2750 5650 Itaque
2794 5558 3080 5650 videnduin
3131 5594 3197 5650 an
3223 5558 3357 5650 flegi
3383 5578 3566 5650 possit
3597 5558 3904 5650 τοσοῦτονίξξ

2388 5632 2863 5728 θεοσεϐείας
2893 5632 3336 5728 νάρετῆςᾼόπλονῖ
3378 5632 3467 5728 Sic
3514 5632 3904 5728 liuscliiu‘sjttll?

2391 5701 2917 5786 Vbuj‘us’libri
2943 5701 3256 5780 Ιθεοιίέϐείας
3286 5717 3486 5788 ἀρετήν
3516 5717 3665 5782 dicit,
3703 5721 3752 5766 et
3784 5708 3828 5761 in
3854 5701 3904 5752 li-

2395 5799 2537 5854 brOI
2574 5795 2646 5850 De
2679 5795 2782 5847 rita
2819 5789 3171 5855 Constantini,
3204 5790 3374 5842 initio.
