4132 6406
323 309 427 366 901

1349 302 1704 361 HISTORle
1747 297 2311 360 ECCLESlASTlCzﬂ
2348 301 2475 358 LIB.
2522 301 2587 355 Χ.

3485 287 3604 362 sos

324 425 524 498 ήγοντό
553 441 612 478 τε
642 426 737 479 καὶ
764 421 1082 486 ἐκολάζοντο
1110 422 1530 495 ἀπροφασίστως
1549 427 1660 486 τοῖς
1691 423 1907 494 μιαιφό-

2016 433 2068 479 ει
2098 435 2354 493 supremo
2388 420 2604 476 Numiui
2641 419 2882 476 debitum
2909 422 3109 478 cultum
3148 424 3449 482 exhiberet.
3483 425 3591 483 Ne-

325 536 440 582 νοις
469 517 690 588 ὁμοίως,
720 518 769 569 οἱ
794 515 959 587 μηδὲν
977 515 1315 585 ἠδικηκότες·
1341 515 1441 586 ἤδη
1464 515 1523 568 δέ
1547 532 1689 578 τινες
1727 531 1912 567 καινο-

323 611 492 681 τέραν
537 609 806 679 ὑπέμενον
837 607 1115 678 τελευτὴν,
1146 607 1291 676 ξίφει
1322 607 1384 660 τὸ
1423 607 1580 676 σῶμα
1623 608 1703 668 εἰς
1742 603 1913 658 πολλά

321 704 590 773 τμήματα
611 699 1247 772 κατακρεουργούμενοι,
1282 700 1375 753 καὶ
1421 697 1558 770 μετά
1590 697 1688 768 τὴν
1727 697 1910 767 ἀπηνῆ

325 793 532 864 ταύτην
571 792 666 846 καὶ
715 792 1080 864 φρικτοτάτην
1125 792 1274 856 θέαν,
1321 793 1435 854 τοῖς
1485 791 1585 860 τῆς
1637 788 1911 858 Θαλάσσης

327 885 531 957 βυθοῖς,
563 885 736 955 ἰχθύσι
772 884 904 956 βορά
943 885 1310 956 ῥιπτούμενοι.
1344 884 1516 952 Φυγαὶ
1549 885 1614 954 δὴ
1639 879 1794 946 αὖθις
1820 883 1910 934 ἐπὶ

325 977 537 1040 τούτοις
564 976 670 1030 τῶν
718 976 986 1030 θεοσεόὦν
1029 977 1270 1044 ἐγίνοντο
1301 974 1544 1046 ἀνδρῶν·
1602 975 1697 1026 καὶ
1749 971 1910 1025 πάλιν

327 1069 512 1139 ἀγροὶ,
552 1068 648 1121 καὶ
690 1067 850 1121 πάλιν
890 1068 1148 1138 ὲρημίαι,
1191 1067 1357 1120 νάπαι
1397 1083 1457 1118 τε
1503 1066 1596 1118 καὶ
1637 1065 1738 1136 ὅρη
1785 1063 1911 1127 τοὺς

327 1159 566 1231 Χριστοῦ
629 1159 966 1232 θεράποντας
1018 1159 1361 1228 ὑπεδέχοντο.
1415 1160 1568 1211 Ἐπεὶ
1619 1159 1675 1211 δὲ
1738 1157 1912 1210 ταῦτα

326 1252 517 1307 τοῦτον
549 1253 856 1324 προύχώρει
885 1252 1224 1323 τῷδυσσεὸεῖ
1244 1252 1332 1304 τὸν
1359 1252 1579 1320 τρόπον,
1601 1251 1783 1304 λοιπὸν
1819 1251 1912 1303 καὶ

326 1345 418 1397 τὸν
460 1344 600 1397 κατά
649 1345 864 1397 πάντων
914 1346 1190 1398 ἀνακινεῖν
1223 1343 1484 1414 διωγμὸν,
1523 1344 1616 1396 ὲπὶ
1671 1342 1910 1395 διάνοιαν

328 1437 602 1492 ἐϐάλλετο.
649 1437 900 1509 Ἐκράτει
928 1455 987 1490 τε
1017 1436 1244 1508 γνώμης
1269 1437 1363 1490 καὶ
1391 1436 1540 1489 οὐδὲν
1575 1433 1822 1505 ἐμποδὼν
1843 1431 1910 1504 ἦν

326 1528 480 1600 αύτῷ
519 1531 592 1600 μὴ
638 1530 758 1601 οὐχὶ
809 1531 866 1582 ἐν
913 1530 1059 1602 ἔργῳ
1104 1533 1323 1602 χωρεῖν,
1380 1532 1428 1582 εί
1471 1529 1544 1600 μὴ
1589 1529 1818 1598 τάχιστα
1849 1527 1911 1580 τὸ

330 1621 521 1693 μέλλον
542 1621 758 1675 ἔσεσθαι
780 1623 1068 1694 προλαϐὼν
1096 1624 1124 1674 ό
1147 1623 1256 1675 τῶν
1289 1622 1504 1675 οἰκείων
1529 1621 1714 1692 ψυχῶν
1743 1619 1911 1690 ὺπέρ-

329 1733 502 1787 μαχος
545 1716 707 1781 Θεὸς,
737 1716 814 1781 ὡς
844 1719 901 1770 ὲν
943 1716 1098 1786 βαθεῖ
1136 1716 1312 1786 σκότῳ
1339 1716 1433 1769 καὶ
1459 1714 1613 1767 νυκτὶ
1671 1712 1910 1780 ζοφωδε-

2015 530 2122 584 que
2145 516 2294 570 enim
2335 513 2615 568 orationes
2640 527 2737 581 pro
2769 528 2828 568 se
2877 513 2994 570 fieri
3029 517 3378 587 Opinabatur,
3415 520 3592 575 scele-

2013 621 2136 670 rum
2182 603 2390 659 scilicet
2436 605 2773 660 conscientia
2823 606 2876 660 in
2919 619 3039 660 eam
3078 611 3388 678 opinionem
3420 613 3592 667 addu-

2012 704 2155 753 ctus.
2181 695 2287 750 Sed
2310 711 2408 751 nos
2427 712 2526 766 pro
2549 699 2878 768 imperatore
2895 700 2988 755 Dei
3013 703 3385 758 amantissimo
3407 707 3593 763 omnia

2013 790 2218 852 facere,
2250 806 2314 844 ac
2341 790 2580 845 divinum
2606 808 2804 847 numen
2823 793 3058 863 placare,
3087 795 3187 849 sibi
3217 807 3587 864 persuaserat.

2013 881 2187 948 Quam
2219 881 2290 936 ob
2323 897 2546 938 causam
2577 885 2836 952 impetum
2887 900 3102 940 omnem
3158 885 3358 942 furoris
3399 891 3484 944 sui
3536 890 3590 946 in

2014 988 2112 1027 nos
2139 974 2432 1028 convertit.
2470 973 2705 1031 l'roinde
2737 977 2993 1044 praesides
3021 987 3290 1048 quotquot
3331 981 3590 1052 principis

2013 1065 2246 1134 gratiam
2283 1065 2611 1133 captabant,
2653 1084 2776 1122 cum
2829 1068 3219 1124 scelestissimo
3266 1081 3494 1140 tyranno
3536 1073 3592 1129 id

2011 1155 2226 1226 placere
2259 1157 2648 1228 intelligerent,
2679 1160 2965 1230 episcopos
2993 1162 3188 1230 partim
3224 1163 3415 1216 iisdem
3465 1164 3590 1234 qui-

2010 1249 2116 1304 bus
2146 1250 2421 1306 maleficos
2465 1251 2715 1306 homines
2765 1254 2941 1321 poenis
2988 1253 3284 1309 identidem
3331 1255 3590 1325 subjicie-

2010 1345 2164 1398 bant.
2228 1341 2414 1412 Itaque
2472 1344 2579 1396 viri
2635 1346 2725 1412 qui
2790 1345 2923 1398 nihil
2981 1345 3108 1398 mali
3161 1347 3588 1411 commiserant,

2014 1435 2219 1504 absque
2256 1436 2362 1488 ulla
2410 1450 2574 1490 causa
2629 1436 3060 1502 abducebantur,
3127 1445 3181 1490 et
3224 1438 3589 1504 puniebantur

2011 1528 2239 1596 perinde
2285 1541 2352 1580 ae
2382 1527 2584 1582 sicarii.
2623 1526 2853 1594 Quidam
2901 1542 3030 1580 vero
3087 1543 3284 1582 novum
3321 1529 3588 1598 quoddam

2012 1619 2204 1693 mortis
2240 1634 2412 1689 genus
2446 1619 2803 1687 pertulerunt,
2827 1634 3061 1688 corpore
3085 1620 3138 1676 in
3174 1621 3377 1676 multas
3407 1633 3590 1692 partes

2012 1709 2286 1765 frustatim
2329 1711 2577 1777 conciso;
2618 1719 2672 1766 et
2712 1720 2831 1780 post
2871 1721 3028 1766 atrox
3075 1713 3382 1781 huiusmodi
3426 1724 3592 1783 atque

292 1865 297 1870 ,
329 1807 500 1882 στάτῃ
523 1810 786 1881 φωστῆρα
811 1809 982 1879 μέγαν
1003 1809 1214 1882 ἀθρόως
1238 1811 1330 1862 καὶ
1360 1808 1580 1876 σωτῆρα
1601 1809 1712 1869 τοῖς
1741 1806 1906 1858 πᾶσιν

2014 1802 2344 1858 horrendum
2371 1802 2767 1868 spectaculum,
2806 1802 2974 1874 398
3036 1812 3096 1858 ut
3136 1775 3374 1874 piscibus
3405 1775 3590 1860 cibum

327 1898 724 1970 ὲξέλαμψε,τδν
752 1900 915 1953 αὑτοῦ
947 1900 1255 1972 θεράποντα
1280 1899 1687 1953 Κωνσταντῖνον
1718 1896 1905 1967 ὑψηλῷ

328 1989 567 2062 βραχίονι
600 1993 691 2044 ἐπὶ
712 1994 778 2046 τὰ
811 1993 936 2064 τῇδε
960 1993 1396 2065 χειραγωγήσας.

2013 1896 2382 1966 ρνιεὺοτεηιίη
2405 1895 2725 1950 altissimum
2756 1913 2906 1976 mare
2936 1897 3185 1966 proiecti.
3209 1899 3459 1955 Posthac
3490 1899 3593 1970 igi-

2013 1997 2103 2042 tur
2123 1988 2214 2042 Dei
2237 1987 2473 2042 cultores
2493 1987 2672 2058 fugam
2703 1989 2843 2044 inire
2860 1991 3040 2045 denuo
3067 2001 3372 2061 cmperunt.
3391 1992 3589 2046 lterum

325 2083 468 2153 agri,
499 2084 690 2137 iterum
706 2084 1049 2150 solitudines,
1072 2089 1265 2139 iterum
1286 2094 1501 2140 montes
1525 2099 1588 2139 ac
1604 2084 1750 2139 silvae
1777 2081 2010 2137 famulos
2027 2081 2230 2137 Christi
2257 2095 2563 2148 suscepere.
2582 2080 2712 2148 Qua:
2733 2097 2855 2136 cum
2884 2084 3108 2139 adhunc
3129 2085 3344 2139 modum
3376 2085 3589 2155 impiis-

325 2173 466 2228 simo
490 2183 719 2246 tyranno
737 2177 1113 2240 succederent,
1132 2178 1388 2246 deinceps
1408 2177 1842 2246 persecutionem
1871 2175 2135 2228 adversus
2162 2189 2354 2228 omnes
2376 2173 2714 2228 Christianos
2733 2175 2976 2229 excitare
3003 2177 3056 2230 in
3080 2178 3320 2230 animum
3348 2177 3582 2232 induxit.

323 2263 406 2318 Ac
425 2266 608 2333 procul
629 2267 794 2320 dubio
817 2269 928 2321 vati
955 2269 1036 2322 sui
1067 2285 1290 2338 compos
1309 2271 1634 2332 exstitisset,
1655 2284 1752 2323 nec
1769 2270 1816 2324 ei
1844 2269 2141 2338 quidquam
2159 2268 2464 2322 obstitisset
2485 2268 2777 2336 quominus
2794 2285 2904 2322 rem
2928 2269 2995 2323 ad
3017 2271 3220 2324 exitum
3249 2270 3589 2339 perduceret;

331 2355 436 2409 nisi
451 2355 1000 2411 famulorumsuorum
1018 2371 1387 2429 propugnator
1410 2361 1571 2424 Deus,
1593 2361 1643 2414 id
1664 2365 1807 2429 quod
1824 2359 2191 2412 futurutnerat
2207 2358 2491 2412 celerrime
2505 2361 2864 2427 praeveniens,
2884 2359 3302 2415 Constantinum
3327 2360 3588 2415 famulum

327 2462 508 2512 suum,
525 2459 780 2519 tanquam
798 2451 1140 2520 splendidum
1156 2455 1426 2524 quoddam
1443 2470 1506 2508 ac
1523 2454 1758 2509 salutare
1777 2452 2100 2523 lucisjubar,
2121 2453 2170 2505 in
2191 2453 2456 2521 profunda
2471 2453 2698 2522 caligine
2710 2463 2765 2507 et
2783 2455 2833 2507 in
2856 2455 3238 2509 obscurissima
3254 2462 3410 2507 nocte
3422 2453 3592 2507 omni-

325 2538 430 2596 bus
454 2551 677 2612 repente
703 2543 1050 2611 ostendisset,
1071 2545 1430 2617 eumdemque
1448 2547 1502 2600 in
1527 2547 1754 2602 brachio
1774 2546 1992 2601 excelso
2017 2546 2083 2599 ad
2103 2545 2198 2599 has
2223 2554 2405 2615 partes
2425 2546 2581 2616 quasi
2609 2562 2769 2600 manu
2796 2546 3191 2614 apprehensum
3227 2544 3587 2615 perduxisset.

863 2682 1260 2738 ΚΕΦΑΛΑΙΟΝ
1297 2684 1374 2740 ϐ’.

328 2794 616 2875 Περῑθτῆς
633 2795 811 2875 νίκης
833 2801 1294 2875 ῌιυνστζιντίνορ
1317 2803 1412 2854 καὶ
1444 2801 1562 2855 τῶν
1593 2803 1695 2856 ὑπ’
1722 2802 1912 2856 αὑτοῦ

402 2865 529 2941 τοῖς
545 2865 663 2941 abfer)
683 2866 800 2941 τῂν
853 2869 1153 2941 Ῥωμαίων
1209 2872 1499 2935 ἐξουσίαν
1515 2872 1914 2941 ὑπαρξάντων

399 2936 537 3004 (Nic.
575 2936 648 2990 Il.
682 2936 749 2990 E.
785 2953 882 3002 vn,
909 2939 998 3000 45,
1022 2939 1134 3010 4(3).

2629 2683 2856 2750 CAPUT
2899 2682 2988 2736 IX.

2017 2799 2093 2856 De
2114 2802 2334 2855 victoria
2365 2801 2740 2862 Constantini,
2770 2808 2822 2850 et
2853 2800 2916 2850 de
2950 2796 3099 2848 bonis
3132 2810 3249 2864 qua:
3282 2792 3487 2848 cunctis
3527 2793 3590 2849 in

2120 2873 2241 2926 orbe
2285 2871 2518 2924 Romano
2545 2871 2848 2941 degentibus
2870 2885 2962 2937 per
2986 2882 3103 2920 eum
3133 2867 3480 2934 contigerunt.

397 3028 584 3100 Τούτῳ
627 3029 725 3101 μὲν
778 3027 870 3083 οὖν
913 3031 1020 3102 (85)
1062 3033 1266 3086 ἀνωθεν
1312 3033 1369 3100 ἐξ
1419 3035 1648 3106 ούρανοῦ
1697 3035 1907 3108 καρπὸν

2083 3022 2147 3077 Ει
2171 3023 2298 3078 huic
2325 3022 2543 3091 quidem
2581 3022 2864 3076 victoriam
2902 3036 2963 3073 ac
2996 3019 3324 3089 triumphum
3365 3016 3431 3072 de
3481 3015 3586 3070 im-

325 3122 606 3187 εύσεόείας
636 3123 875 3190 ἐπάξιον,
907 3123 974 3176 τὰ
999 3124 1232 3196 τρόπαια
1263 3126 1362 3197 τῆς
1396 3129 1536 3181 κατά
1565 3127 1671 3179 τῶν
1699 3126 1908 3180 ἀσεϐῶν

327 3216 556 3283 παρεῖχε
602 3214 786 3283 νίκης·
819 3215 908 3267 τὸν
942 3215 986 3268 δ’
1010 3215 1307 3287 ἀλιτήριον,
1355 3218 1535 3282 αὐτοῖς
1585 3217 1909 3289 συμϐούλοις

328 3304 501 3357 ἀπασι
529 3305 622 3358 καὶ
658 3305 850 3372 φίλοις,
879 3305 983 3358 ὑπὸ
1004 3309 1113 3368 τοῖς
1144 3307 1550 3359 Κωνσταντίνου
1577 3309 1702 3360 ποσὶ
1725 3307 1906 3379 πρηνῆ

325 3397 640 3452 κατέϐαλεν.
684 3398 769 3460 Ὠς
795 3397 902 3469 γὰρ
929 3399 1007 3461 εἰς
1028 3398 1229 3468 ἔσχατα
1272 3399 1467 3470 μανίας
1496 3398 1563 3450 τὰ
1603 3401 1721 3452 κατ’
1746 3399 1907 3452 αὑτὸν

324 3489 574 3556 ἡλαυνεν,
601 3488 778 3542 οὐκέτ’
803 3490 1028 3542 ἀνεκτὸν
1059 3485 1566 3560 εἷναιλογισάμενος
1602 3490 1851 3560 βασιλεὺς
1879 3492 1907 3543 ό

323 3582 402 3652 τῷ
421 3582 539 3652 Θεῷ
556 3582 726 3651 φίλος,
743 3583 834 3634 τὸν
861 3581 1111 3653 σώφρονα
1140 3582 1462 3650 συναγαγὼν
1485 3583 1742 3654 λογισμὸν
1769 3583 1904 3652 (84),

324 3677 418 3729 καὶ
458 3676 548 3729 τὸν
597 3676 822 3747 στερρὸν
877 3675 972 3728 τοῦ
1024 3675 1231 3729 δικαίου
1271 3677 1470 3747 τρόπον
1527 3676 1904 3748 φιλανθρωπίᾳ

322 3769 720 3839 κερασάμενος,
771 3768 1006 3839 ἄσμενος
1039 3769 1315 3838 ἐπαμῦναι
1347 3768 1517 3838 κρίνει
1545 3771 1659 3830 τοῖς
1691 3769 1793 3820 ὑπὸ
1830 3767 1906 3837 τῷ

321 3859 570 3932 τυράννῳ
610 3857 1165 3930 ταλαιπωρουμένοις,
1193 3858 1288 3910 καὶ
1329 3857 1388 3910 τό
1432 3873 1495 3924 γε
1529 3857 1775 3909 πλεῖστον
1814 3857 1907 3908 ἀν-

325 3953 556 4024 θρώπων
593 3952 769 4020 γένος,
814 3949 1356 4023 βραχεῖςλωμεῶνας
1394 3946 1636 4002 ἐκποδὼν
1681 3946 1907 4016 ποιησά-

327 4063 509 4117 μενος,
547 4043 930 4098 ἀνασώσασθαι
967 4045 1223 4114 ὁρμᾶται.
1255 4043 1408 4115 Μόνῃ
1439 4042 1546 4112 γὰρ
1581 4040 1727 4109 αὐτῷ
1763 4057 1905 4109 χρω-

328 4142 474 4212 μένῳ
502 4139 876 4210 φιλανθρωπίᾳ
900 4139 987 4190 τὸν
1023 4137 1128 4208 πρὸ
1160 4137 1347 4189 τούτου
1372 4136 1581 4205 χρόνον,
1612 4135 1704 4188 καὶ
1736 4134 1823 4186 τὸν
1843 4133 1902 4185 ού

325 4231 666 4304 συμπαθείας
713 4231 859 4294 ἀξιον
913 4229 1168 4292 ὲλεοῦντι,
1223 4228 1300 4299 τῷ
1357 4229 1454 4299 μὲν
1499 4227 1648 4280 οὐδὲν
1696 4226 1906 4294 ἐγίνετο

323 4325 506 4388 πλέον,
546 4324 645 4394 τῆς
679 4323 878 4386 κακίας
919 4323 1020 4375 ούκ
1060 4319 1542 4389 ἀπαλλαττομένῳ,
1589 4318 1804 4381 αὔξοντι
1848 4316 1904 4369 δὲ

2009 3115 2135 3186 piis,
2163 3125 2420 3183 tanquam
2463 3116 2742 3184 pra-mium
2773 3113 2889 3179 ejus
2925 3113 3110 3181 pietati
3156 3110 3396 3164 debitum
3433 3109 3588 3164 ειεΙί-

2014 3219 2104 3262 tus
2133 3207 2360 3278 largitus
2388 3217 2471 3262 est
2502 3208 2660 3260 Deus.
2696 3206 2846 3259 Illum
2879 3222 3004 3259 vero
3031 3203 3297 3258 nefarium
3330 3217 3435 3256 una
3462 3216 3585 3256 cum

2009 3304 2260 3358 omnibus
2330 3302 2662 3356 consiliariis
2710 3301 2876 3369 ipsius
2935 3311 2990 3352 et
3055 3298 3278 3362 amicis,
3355 3297 3585 3365 pedibus

2009 3394 2352 3450 Constantini
2397 3410 2626 3464 pronum
2673 3393 2988 3447 substravit.
3026 3390 3156 3445 Nam
3209 3405 3328 3444 cum
3378 3388 3466 3442 ille
3516 3387 3583 3441 ad

2009 3504 2275 3543 summam
2310 3496 2687 3556 prorumperet
2727 3485 3042 3549 insaniam,
3095 3498 3200 3536 non
3239 3481 3472 3548 amplius
3524 3478 3578 3532 id

2009 3581 2291 3636 ferendum
2325 3591 2475 3633 ratus
2523 3579 2628 3633 Deo
2679 3579 2878 3631 charus
2908 3577 3224 3642 imperator,
3279 3571 3580 3625 modestam

2008 3690 2073 3728 ac
2117 3673 2359 3727 sobriam
2400 3673 2450 3725 in
2489 3687 2547 3725 se
2590 3671 2854 3738 colligens
2896 3679 3166 3730 mentem,
3226 3674 3280 3719 et
3333 3677 3578 3718 severum

2002 3765 2228 3834 iustitia:
2259 3765 2498 3834 vigorem
2528 3763 2814 3817 clementia
2845 3753 3581 3828 temperans,libentianimo

2007 3871 2163 3924 opem
2195 3855 2338 3908 ferre
2370 3852 2555 3906 statuit
2582 3852 2645 3905 iis
2676 3851 2765 3919 qui
2792 3866 2820 3903 a
2851 3859 3082 3920 tyranno
3105 3846 3575 3916 opprimebantur,

2006 3958 2061 4000 et
2093 3946 2284 4016 paucis
2318 3944 2563 4012 pestibus
2589 3958 2618 3995 e
2654 3942 2834 3996 medio
2860 3939 3117 4001 sublatis,
3149 3934 3578 3991 innumerabiles

2007 4048 2175 4104 prope
2208 4035 2455 4088 homines
2484 4045 2728 4088 servare.
2769 4030 2901 4084 Cum
2939 4029 3083 4082 enim
3130 4037 3290 4080 antea
3319 4025 3430 4080 sola
3468 4024 3580 4078 cle-

2008 4127 2211 4181 mentia
2239 4138 2366 4180 usus
2394 4125 2607 4187 fuisset,
2655 4131 2708 4177 et
2735 4123 3008 4175 hominem
3045 4119 3188 4173 nulla
3231 4117 3581 4171 miseratione

2009 4219 2232 4288 dignum
2264 4224 2411 4270 esset
2446 4215 2735 4268 miseratus
2774 4229 2787 4264 :
2823 4213 2872 4267 ei
2906 4211 3124 4280 quidem
3172 4208 3305 4262 nihil
3350 4205 3577 4276 profuit,

2007 4311 2206 4378 quippe
2231 4309 2323 4378 qui
2350 4326 2378 4360 a
2404 4309 2634 4377 pristina
2668 4307 3013 4377 improbitate
3052 4316 3389 4372 nequaquam
3412 4299 3578 4353 desti-

328 4417 526 4488 μᾶλλον
556 4415 650 4486 τὴν
685 4414 828 4468 κατά
853 4414 959 4468 τῶν
988 4412 1316 4482 ὑποχειρίων
1341 4409 1508 4462 ἐθνῶν
1531 4407 1748 4470 λύτταν,
1793 4407 1904 4466 τοῖς

2010 4400 2158 4464 terit,
2202 4399 2330 4467 quin
2367 4399 2545 4467 potius
2574 4399 2778 4453 rabiem
2821 4398 3084 4450 adversus
3112 4393 3359 4446 subditos
3403 4391 3578 4444 inten-
3641 4425 3644 4428 -

323 4510 379 4562 δὲ
415 4508 772 4579 κακουμένοις
811 4507 958 4570 οὔτις
1011 4506 1254 4558 ἐλείπετο
1284 4501 1556 4572 σωτηρίας
1588 4497 1764 4560 ἐλπὶς,
1801 4495 1906 4548 ὑπὸ

323 4599 482 4669 δεινῴ
522 4598 693 4668 θηρίῳ
722 4594 1239 4665 καταπυνουμένοις.
1271 4592 1365 4644 Διὸ
1405 4590 1468 4660 δὴ
1504 4588 1582 4660 τῷ
1624 4584 1909 4657 φιλαγάοῳ

327 4692 488 4764 μίξας
511 4693 569 4745 τὸ
595 4691 956 4761 μισοπόνηρον
976 4690 1004 4740 ό
1031 4687 1136 4740 τῶν
1161 4683 1379 4753 ἀγαθῶν
1408 4682 1646 4753 ἀρωγὸςξ
1663 4680 1908 4751 πρόεισιν

325 4787 441 4856 ἅμα
478 4784 628 4837 παιδὶ
660 4783 892 4853 Κρίσπῳ
933 4778 1140 4848 βασιλεῖ
1177 4771 1692 4846 φιλανθρωποτάτῳ,
1732 4768 1908 4837 σωτή-

325 4897 439 4950 ριον
474 4876 651 4940 δεξιὰν
679 4875 850 4928 ἀπασι
883 4874 995 4933 τοῖς
1025 4867 1418 4937 ἀπολλυμένοις
1470 4863 1716 4923 ἐκτείνας
1739 4877 1751 4890 ·
1807 4854 1907 4911 εἷθ’

323 4965 410 5024 οἷα
460 4967 792 5038 παμϐασιλεῐ
831 4963 970 5032 Θεῷ,
1013 4962 1147 5016 Θεοῦ
1189 4959 1348 5017 Παιδὶ
1391 4958 1602 5027 Σωτῆρι
1651 4952 1906 5006 ἁπάντων

324 5060 546 5131 ποδηγῷ
568 5060 662 5113 καὶ
691 5057 963 5129 συμμάχῳ
985 5054 1280 5126 χρώμενοι,
1303 5052 1483 5122 πατὴρ
1505 5051 1621 5118 ἅμα
1649 5046 1744 5099 καὶ
1767 5044 1902 5107 υίὸς,

322 5156 490 5227 ἄμφω
515 5153 697 5224 κύκλῳ
726 5151 988 5213 διελόντες
1018 5149 1116 5218 τὴν
1160 5145 1305 5200 κατὰ
1343 5142 1450 5196 τῶν
1485 5137 1753 5210 θεομισῶν
1794 5153 1903 5188 πα-

323 5248 551 5321 ράταξιν
605 5244 790 5318 ὸᾳδίαν
828 5244 926 5314 τὴν
971 5241 1128 5310 νίκην
1168 5237 1553 5307 ἀποφέρονται,
1605 5230 1714 5283 τῶν
1759 5228 1901 5282 κατά

395 5412 510 5482 (83)
541 5410 731 5478 Τούτῳ
757 5407 873 5478 μὲν
897 5401 1030 5461 οὖν.
1080 5405 1160 5482 Ab
1188 5404 1269 5456 his
1313 5399 1490 5454 verbis
1525 5406 1688 5482 caput
1748 5395 1903 5482 9Lin-A-

323 5467 644 5538 choav'imus
693 5467 712 5534 Ξ
757 5467 940 5548 ἠυιιιιι
980 5475 1372 5548 conjecturam
1439 5479 1680 5548 nostram
1726 5467 1904 5548 plane

323 5534 656 5607 confirmant
713 5534 1067 5603 vet-ustissitn.
1105 5534 1264 5597 codd.
1312 5539 1616 5593 Mazarinus
1643 5547 1697 5590 et
1726 5534 1904 5607 Fulse-

325 5606 527 5677 tianus.
562 5622 617 5674 ln
651 5620 850 5690 quibus
871 5617 1036 5671 etiam
1075 5616 1176 5690 hoc
1204 5612 1504 5679 capitulum
1530 5619 1784 5663 octavum
1814 5606 1896 5659 di-

325 5699 489 5750 citnr,
527 5686 683 5745 recte
701 5701 759 5743 ut.
788 5704 949 5757 supra
993 5686 1196 5757 notavi.

234 5780 310 5810 ru
333 5745 455 5834 ’νί8
467 5745 512 5834 i)
562 5745 870 5832 Σώφρονα’
899 5751 1260 5826 συναγαγὼν
1313 5747 1630 5830 λογισμότ.
1687 5745 1740 5802 Id
1791 5753 1898 5827 estg

2009 4491 2173 4545 derit.
2209 4489 2497 4560 Oppressis
2531 4505 2662 4543 vero
2698 4490 2843 4542 nulla
2883 4487 2994 4556 jam
3027 4499 3152 4554 spes
3175 4483 3365 4559 salutis
3385 4496 3577 4550 super-

2008 4592 2158 4646 erat,
2193 4597 2328 4651 quos
2367 4581 2620 4636 immanis
2650 4581 2738 4634 illa
2773 4579 2948 4634 bellua
2981 4574 3361 4632 crudelissime
3409 4587 3577 4626 vexa-

2009 4676 2121 4728 bat.
2145 4674 2413 4740 Quocirca
2443 4674 2705 4728 bonorum
2748 4679 3119 4741 propugnator
3167 4664 3573 4726 Constantinus,

2009 4769 2180 4821 amori
2245 4767 2465 4820 virtutis
2513 4766 2748 4819 miscens
2799 4764 2982 4818 odium
3037 4757 3424 4830 improbitatis,
3469 4771 3576 4810 una

2006 4875 2127 4914 cum
2151 4857 2260 4912 tilio
2279 4858 2470 4926 Crispo
2491 4853 2918 4911 clementissimo
2939 4852 3154 4907 Caesare
3169 4847 3573 4918 expeditionem

2005 4951 2290 5019 suscepit,
2335 4949 2507 5003 saluta
2523 4963 2634 5000 rem
2669 4948 2917 5000 dextram
2971 4945 3184 5000 cunctis
3219 4940 3574 5014 pereuntibus

2002 5041 2306 5111 porrigens.
2329 5039 2502 5092 Ambo
2521 5039 2705 5106 igitur,
2723 5046 2874 5105 pater
2890 5035 3139 5089 videlicet
3161 5049 3225 5089 ac
3248 5033 3409 5097 filius,
3432 5043 3578 5085 sum-

2005 5151 2091 5189 mo
2111 5135 2351 5188 omnium
2382 5145 2512 5202 rege
2537 5145 2600 5185 ac
2619 5129 2916 5184 Servatore
2943 5128 3033 5182 Dei
3051 5126 3188 5181 Filio
3204 5141 3268 5181 ac
3288 5125 3417 5190 Deo,
3437 5124 3573 5179 duce

1999 5223 2490 5297 399etadjutore
2523 5222 2666 5288 fulti,
2693 5221 2807 5276 acie
2831 5221 2970 5274 inter
3001 5235 3059 5274 se
3074 5219 3238 5274 divisa
3265 5217 3576 5286 Deiquebo—

2019 5413 2038 5446 ι
2076 5392 2376 5447 modestam
2404 5390 2455 5443 in
2495 5403 2554 5444 se
2584 5385 2843 5455 colligens
2867 5391 3155 5455 mentem.__
3177 5398 3195 5432 ι
3243 5376 3468 5455 Ριιτιξείε
3488 5385 3575 5455 est

2013 5463 2341 5519 Eusebiana.
2383 5461 2476 5517 Sic
2521 5459 2668 5529 enim
2713 5448 3078 5529 loquitur_in_
3105 5451 3198 5504 lib.
3237 5465 3316 5529 Ill.
3355 5448 3432 5529 De
3466 5448 3574 5501 vita

2013 5533 2366 5595 Constantini,
2391 5544 2510 5596 cap.
2553 5528 2588 5583 5
2613 5539 2667 5582 et
2695 5520 2815 5595 cap'.
2853 5525 2939 5578 ll.
2968 5524 3038 5575 At
3060 5520 3276 5596 Langus
3303 5520 3574 5584 interpres

2004 5603 2293 5671 Nicephori
2317 5592 2481 5656 vertit
2513 5617 2533 5652 ι
2555 5592 2892 5655 moderatam
2915 5592 3247 5650 contrahens
3275 5597 3564 5653 mentem,»

2004 5675 2146 5744 quod
2172 5688 2278 5729 non
2309 5673 2505 5742 probo.
