4168 6408
534 295 640 354 903

1202 291 1475 348 EUSEBll
1513 291 1987 349 CESARIENSIS
2025 292 2174 349 OPP.
2216 292 2397 349 PARS
2434 292 2475 350 1.
2514 325 2585 337 -—
2621 292 3012 351 HISTORICA.

3699 281 3815 354 eoi

536 418 710 474 stibus
762 415 997 485 undique
1051 414 1418 484 circumiecta,
1474 415 1785 484 perfacilem
1837 418 2116 472 victoriam

2220 417 2318 488 τὴν
2360 417 2632 490 συμϐολὴν
2668 418 2885 471 πάντων
2928 417 3431 490 ὲξευμαρισθέντων
3468 419 3652 483 αὐτοῖς
3698 420 3807 475 ὑπὸ

536 505 842 559 retulerunt
867 544 882 568 ,
919 515 1041 556 eum
1066 503 1205 557 Deus
1234 506 1285 557 in
1305 504 1556 559 conflictu
1582 517 1773 560 cuncta
1801 506 1929 575 ipsis
1956 522 2120 577 proaa

535 604 698 663 atque
730 594 983 662 expedita
1019 609 1083 648 ex
1116 594 1281 647 animi
1317 595 1587 649 sententia
1620 597 1982 664 prmstitisset.
2015 598 2122 652 Re-

535 696 697 756 pente
723 700 851 754 ergo
902 695 957 738 et
986 685 1132 739 dicto
1168 686 1351 747 citius,
1388 685 1441 737 hi
1479 686 1697 754 quidem
1762 686 1851 754 qui
1896 687 2013 741 heri
2057 703 2121 742 ac

534 777 925 831 nudiustertius
972 778 1148 832 credes
1207 792 1267 830 ac
1335 778 1515 831 minas
1564 777 1915 843 anhelabant,
1949 780 2121 847 perie-

535 881 666 925 runt
700 871 964 935 funditus,
1003 886 1067 925 ac
1102 885 1168 924 ne
1220 871 1456 925 nominis
1514 872 1734 941 quidem
1765 887 1955 926 eorum
2009 888 2122 927 med-

537 968 709 1020 moria
742 967 1063 1035 permansit.
1100 964 1372 1035 Imagines
1416 982 1635 1036 quoque
1681 981 1871 1022 eorum
1905 978 1953 1022 et
1988 968 2118 1022 reli-

537 1071 641 1125 qua
666 1069 1032 1124 monumenta,
1065 1072 1304 1127 congrua
1339 1058 1649 1126 ignominia:
1677 1058 1828 1115 labes
1867 1060 2117 1129 aspersit.

537 1148 606 1203 Et
633 1164 753 1217 quae
790 1150 969 1218 impiis
991 1149 1120 1203 olim
1154 1150 1405 1220 tyrannis
1426 1148 1672 1204 Licinius
1696 1152 1810 1219 ipse
1850 1153 1962 1205 suis
1985 1167 2118 1207 ocu-

537 1240 603 1295 lis
633 1242 945 1310 contingere
983 1242 1216 1307 viderat,
1268 1243 1455 1297 eadem
1520 1257 1737 1312 quoque
1765 1244 1928 1297 simili
1960 1246 2119 1299 modo

538 1349 826 1404 perpessus
861 1344 965 1389 est.
1003 1335 1215 1389 Etenim
1267 1337 1382 1404 ipse
1433 1335 1596 1391 etiam
1636 1336 1977 1406 disciplinam
2010 1353 2119 1392 non

539 1429 779 1491 admisit,
819 1443 920 1482 nec
946 1428 1179 1483 aliorum
1207 1428 1489 1499 suppliciis
1511 1429 1834 1484 emendatus
1867 1439 1950 1484 est
1976 1446 1990 1482 :
2023 1431 2118 1484 sed

538 1520 784 1575 eamdem
821 1536 983 1590 quam
1020 1520 1329 1589 superiores
1365 1520 1439 1574 illi
1480 1520 1619 1573 viam
1649 1520 1946 1589 impietatis
1983 1521 2120 1576 insi-

536 1618 713 1674 stens,
745 1611 939 1664 merito
967 1610 1018 1663 in
1042 1610 1291 1664 eumdem
1318 1625 1440 1665 cum
1475 1609 1581 1665 illis
1632 1610 1787 1664 exitii
1845 1611 2117 1681 gurgitem

538 1710 622 1756 est
644 1702 919 1772 delapsus.
955 1701 1022 1756 Et
1060 1703 1148 1757 hic
1182 1702 1404 1771 quidem
1438 1704 1507 1756 ad
1535 1702 1681 1756 hunc
1716 1704 1939 1757 modum
1992 1718 2118 1772 pere

537 1809 727 1849 cussus
760 1793 1036 1848 occubuit.
1083 1793 1477 1848 Constantinus
1526 1809 1657 1849 vero
1682 1795 1934 1849 omnibus
1986 1796 2115 1850 reli-

2221 511 2316 564 τοῦ
2370 511 2504 565 Θεοῦ
2551 510 2691 564 κατὰ
2739 510 2987 582 γνώμην.
3048 509 3282 582 Ἀθρόως
3338 509 3474 581 δῆτα
3523 511 3617 563 καὶ
3644 508 3805 577 λόγω..

2222 602 2437 667 θᾶττον,
2468 605 2515 657 οἱ
2541 604 2637 673 μὲν
2664 603 2790 675 χθὲς
2810 604 2904 657 καὶ
2926 603 3032 675 πρὸ
3057 602 3271 673 ἡμέρας
3300 602 3529 656 θανάτου
3553 601 3805 662 πνέοντες

2221 696 2574 766 καὶὰπειλῆς,
2592 693 2920 767 οὐκέτ’ἦσαν
2935 696 3042 767 (85)
3053 695 3190 759 ,οὐδὲ
3212 694 3372 767 μέχρι
3388 695 3646 765 ὀνόματος
3666 710 3804 762 μνη-ν

2225 784 2596 857 μονευόμενοι·
2623 786 2830 857 γραφαί
2854 802 2914 837 τε
2935 786 3113 839 αὐτῶν
3136 785 3229 838 καλ⁵
3253 784 3408 853 τιμαὶ
3427 782 3529 854 τὴν
3540 783 3697 849 ἀξίαν
3717 783 3803 834 ai-

2223 879 2421 949 σχύνην
2441 877 2844 949 ἀπελάμϐανον.
2864 878 2971 930 Καὶ
3003 876 3039 930 ἀ
3073 879 3184 939 τοῖς
3209 875 3377 928 πάλαι
3409 874 3693 928 δυσσεϐέσι
3712 892 3802 927 τυ-

2223 967 2433 1039 ράννοις
2484 967 2691 1019 ἐπεῖδεν
2747 967 2929 1029 αὐτοῖς
2966 965 3263 1035 ὀφθαλμοῖς
3292 961 3580 1029 Λικίννιος,
3631 963 3801 1017 ταῦτα

2220 1059 2421 1129 ὁμοίως
2458 1060 2551 1111 καὶ
2589 1058 2750 1122 αὐτὸς
2790 1058 3047 1129 ἔπασχεν,
3100 1060 3181 1111 ὅτι
3232 1058 3355 1128 μηδ’
3386 1056 3550 1122 αὐτὸς
3586 1055 3800 1121 ἐδέξατο

2220 1151 2487 1217 παιδείαν,
2516 1152 2651 1223 μηδέ
2682 1155 2805 1216 ταῖς
2825 1152 2930 1206 τῶν
2963 1151 3129 1215 πέλας
3151 1151 3524 1224 ἐσωφρονίσθη
3559 1146 3800 1221 μάστιξι·

2218 1242 2317 1313 τὴν
2355 1243 2543 1312 ὁμοίαν
2584 1241 2631 1295 δ’
2659 1242 2887 1306 ἐκείνοις
2923 1243 3021 1312 τῆς
3063 1242 3315 1303 ἀσεϐείας
3358 1240 3631 1311 μετελθὼν
3659 1240 3799 1302 ὁδὸν,

2220 1334 2313 1387 ἐπὶ
2360 1334 2452 1387 τὸν
2490 1334 2602 1388 ἴσον
2657 1336 2842 1398 αὐτοῖς
2893 1333 3115 1396 ἐνδίκως
3149 1332 3481 1403 περιηνέχθη
3533 1332 3799 1403 κρημνόν.

2234 1426 2372 1479 Ἀλλ’
2400 1418 2554 1491 οὗτος
2605 1428 2702 1498 μὲν
2729 1425 2903 1499 ταύτῃ
2936 1444 3012 1497 πη
3055 1426 3386 1496 βεϐλημένος
3425 1424 3622 1478 ἔκειτο.
3664 1425 3723 1478 '0
3754 1422 3800 1476 δ’

2219 1521 2389 1591 ἀρετῇ
2426 1519 2577 1591 πάσῃ
2610 1518 2921 1581 θεοσεϐείας
2956 1517 3247 1589 ἐκπρέπων
3291 1517 3545 1588 μέγιστος
3575 1515 3801 1585 νικητὴς

2219 1614 2651 1675 Κωνσταντῖνος,
2696 1612 2791 1664 σὺν
2831 1610 2985 1664 παιδὶ
3036 1610 3269 1681 Κρίσπῳ
3306 1607 3514 1679 βασιλεῖ
3560 1604 3801 1676 θεοφιλε-

2223 1704 2399 1773 στάτῳ
2420 1704 2514 1756 καὶ
2536 1703 2676 1756 κατά
2700 1703 2879 1756 πάντα
2904 1702 2997 1755 τοῦ
3027 1699 3231 1772 πατρὸς
3255 1701 3443 1771 ὁμοίῳ,
3466 1700 3564 1771 τὴν
3592 1698 3799 1753 οἰκείαν

2224 1794 2364 1865 ἑῴαν
2410 1794 2819 1865 ἀπελάμϐανονο
2861 1795 2957 1846 καὶ
3012 1794 3139 1864 μίαν
3184 1791 3472 1863 ἡνωμένην
3520 1789 3615 1860 τὴν
3660 1790 3796 1842 Ῥω-

539 1884 718 1952 giouis
769 1883 1064 1938 virtutibus
1094 1894 1341 1948 ornatus,
1396 1893 1451 1937 et
1488 1885 1668 1939 victor
1689 1886 1980 1951 maximus,
2014 1902 2116 1941 una

2224 1886 2399 1956 μαίων
2447 1886 2589 1939 κατὰ
2625 1886 2686 1938 τὸ
2742 1884 2969 1937 παλαιὸν
3019 1885 3277 1953 παρεῖχον
3310 1882 3502 1953 ἀρχὴν,
3549 1880 3646 1950 τὴν
3702 1878 3796 1931 ἀπ’

537 1991 660 2029 cum
704 1975 816 2028 lilio
864 1975 1058 2045 Crispo
1098 1976 1312 2030 Cmsare
1357 1976 1468 2029 Deo
1502 1976 1825 2031 cbarissimo
1878 1984 1934 2031 et
1976 1978 2118 2046 patri

538 2065 900 2134 undequaque
926 2066 1226 2130 simillimo,
1269 2065 1547 2121 Orientem
1579 2081 1737 2122 suum
1781 2068 2007 2136 recepit,
2065 2077 2121 2124 et

538 2153 829 2224 imperium
864 2157 1195 2223 Romanum,
1236 2157 1382 2213 sicut
1424 2158 1554 2214 olim
1612 2156 1814 2223 fuerat,
1848 2159 1903 2214 in
1953 2173 2118 2213 unum

528 2260 738 2315 corpus
774 2246 981 2314 redegit
1007 2262 1021 2297 :
1060 2248 1376 2302 universum
1406 2246 1593 2303 orbem
1626 2256 1897 2303 terrarum
1927 2249 2018 2319 qui
2047 2251 2118 2305 ab

536 2335 750 2390 oriente
782 2335 896 2391 sole
928 2336 998 2391 ad
1029 2336 1249 2391 ultlmas
1289 2350 1461 2406 usque
1498 2336 1807 2392 occidentis
1838 2353 1965 2393 oras
1993 2354 2120 2408 pro-

538 2427 801 2494 tenditur,
837 2442 958 2482 cum
1005 2426 1352 2483 circumfusis
1376 2429 1634 2498 utrinque
1666 2430 1978 2499 regionibus
2011 2439 2118 2484 tam

536 2520 605 2574 ad
628 2523 1054 2590 septentrionem
1080 2536 1243 2591 quam
1277 2523 1342 2576 ad
1375 2520 1685 2585 meridiem,
1707 2522 1828 2590 paci
1866 2537 1979 2578 suae
1999 2523 2121 2578 sub-

533 2609 751 2679 ]iciens.
782 2612 971 2681 Itaque
1001 2612 1248 2667 homines
1274 2611 1423 2666 omni
1451 2620 1596 2665 metu
1627 2626 1814 2665 eorum
1860 2625 1891 2665 a
1921 2613 2120 2680 quibus

536 2712 698 2757 antea
725 2704 1171 2773 opprimebantur
1199 2702 1414 2772 penitus
1437 2711 1642 2766 amoto,
1672 2701 1840 2757 festos
1859 2703 1973 2757 dies
1994 2718 2117 2758 cum

536 2794 779 2848 maxime
813 2795 1099 2865 Splendore
1129 2809 1184 2849 et
1216 2795 1537 2851 celebritate
1556 2806 1804 2866 egerunt.
1831 2795 1947 2851 Lux
1972 2812 2119 2868 qua:-

540 2883 665 2938 datn
689 2884 1090 2953 iucundissima
1138 2885 1461 2956 superfundi
1493 2884 1750 2941 omnibus
1812 2888 2117 2954 videbatur,

538 2983 596 3030 et
627 2978 716 3044 qui
744 2977 891 3045 prius
921 2978 1101 3033 maesti
1142 2977 1377 3044 fuerant,
1406 2987 1534 3032 tunc
1578 2977 1734 3032 hilari
1760 2993 1825 3033 ac
1853 2981 2119 3036 renidenti

538 3064 697 3120 vultu
733 3066 982 3137 lzetisque
1008 3067 1182 3123 oculis
1214 3084 1273 3124 se
1305 3069 1543 3124 vicissim
1574 3070 1941 3138 aspiciebant.
1978 3073 2118 3129 Cho-

539 3167 650 3223 reis
678 3165 842 3221 etiam
874 3174 929 3219 et
986 3162 1203 3235 hymnis
1238 3172 1350 3216 tam
1399 3177 1495 3231 per
1524 3178 1685 3234 agros
1712 3180 1875 3236 quam
1908 3180 2003 3235 per
2042 3166 2118 3220 ci.

538 3262 756 3326 vitales,
783 3257 1017 3327 primum
1038 3253 1253 3324 quidem
1278 3253 1445 3306 Deum
1477 3256 1720 3309 omnium
1746 3270 1926 3325 regem
1954 3265 2117 3325 prout

538 3353 718 3410 edocti
754 3351 1014 3413 fuerant,
1048 3347 1248 3402 deinde
1287 3346 1593 3416 piissimum
1619 3348 2029 3418 imperatorem,
2059 3359 2115 3404 et

541 3447 655 3503 Deo
688 3443 1038 3499 cbarissimos
1068 3437 1186 3508 ejus
1214 3439 1355 3493 ﬁlios
1382 3441 1757 3496 celebrabant.
1783 3440 1939 3495 Nulla
1978 3456 2117 3509 prae-

542 3540 831 3593 teritarum
886 3533 1288 3596 calamitatum,
1334 3531 1483 3586 nulla
1529 3532 1824 3601 impietatis
1855 3531 2116 3587 memoria

539 3628 897 3699 suppetebat:
932 3624 1026 3680 sed
1060 3623 1411 3693 praesentium
1451 3624 1719 3678 bonorum
1753 3624 1967 3678 fructus
1991 3639 2114 3681 cum

539 3720 845 3775 futurorum
898 3728 996 3783 spe
1049 3722 1217 3782 atque
1259 3713 1664 3782 exspectatione
1688 3713 2112 3782 percipiebatur.

539 3810 987 3881 Proponebantur
1010 3806 1209 3875 ubique
1232 3806 1456 3860 victoris
1481 3805 1741 3874 principis
1765 3804 1965 3873 edicta,
1997 3807 2113 3876 ple-

539 3920 609 3960 na
635 3900 987 3958 humanitatis
1014 3936 1029 3962 ,
1065 3898 1285 3968 etleges
1326 3897 1668 3953 liberalitatis
1698 3897 1843 3952 illius
1867 3914 1933 3952 ac
1973 3914 2113 3954 vera:

537 3996 760 4070 pietatis
784 3996 982 4050 indicia
1014 3994 1383 4063 prazferentes.
1408 3992 1489 4046 Ad
1521 3991 1665 4046 hunc
1698 3991 1862 4062 igitur
1890 3991 2109 4047 modum

540 4092 825 4164 tyrannica
852 4088 1229 4145 dominatione
1258 4086 1578 4154 exstirpata,
1610 4100 1774 4155 penes
1800 4084 1942 4140 solos
1968 4084 2109 4140 Con-

538 4185 841 4242 stantinutn
872 4184 1122 4250 ejusque
1182 4180 1381 4234 liberos
1439 4178 1723 4247 imperium
1769 4177 2113 4244 Romanum,

540 4280 685 4347 quod
716 4276 837 4345 jure
861 4274 994 4343 ipsis
1018 4270 1386 4340 competebat,
1409 4269 1624 4323 ﬁrmum
1651 4279 1873 4323 etextra
1893 4284 2111 4323 omnem

2221 1978 2526 2047 ἀνίσχοντος
2562 1977 2713 2049 ἡλίου
2759 1978 2939 2030 πᾶσαν
2980 1978 3036 2029 ἐν
3068 1974 3253 2045 κύκλῳ
3284 1973 3424 2028 κατά
3467 1973 3668 2042 θάτερα
3701 1968 3797 2042 τῆς

2218 2063 2563 2135 οἰκουμένης,
2615 2064 2817 2135 ἄρκτον
2864 2081 2923 2117 τε
2972 2062 3109 2135 ὁμοῦ
3162 2064 3254 2116 καὶ
3302 2060 3667 2133 μεσημϐρίαν,
3718 2061 3796 2122 εἰς

2221 2154 2422 2227 ἔσχατα
2468 2157 2733 2228 δυομένης
2783 2156 2995 2229 ἡμέρας
3047 2156 3152 2209 ὑπὸ
3193 2155 3292 2227 τὴν
3347 2153 3524 2207 αὐτῶν
3574 2153 3795 2220 ἄγοντες

2220 2252 2439 2321 εἰρήνην
2472 2249 2605 2321 (86).
2644 2249 2916 2321 Ἀφῄρητο
2937 2248 3067 2317 γοῦν
3098 2248 3155 2314 ἐξ
3209 2246 3513 2320 ἀνθρώπων
3542 2248 3648 2299 πᾶν
3678 2244 3796 2307 δέος

2219 2342 2326 2394 τῶν
2345 2360 2383 2394 π
2391 2341 2473 2412 ρὶν
2489 2342 2685 2404 αὐτοὺς
2697 2341 3011 2405 πιεζόντων,
3030 2338 3288 2410 λαμπρὰς
3300 2338 3341 2390 δ’
3363 2337 3576 2389 ἐτέλουν
3591 2335 3683 2388 καὶ
3702 2352 3800 2388 πα-

2220 2431 2519 2503 νηγυρικὰς
2570 2432 2773 2503 ἑορτῶν
2818 2432 3069 2503 ἡμέρας·
3118 2426 3187 2502 ἦν
3238 2430 3295 2483 δὲ
3357 2429 3533 2498 φωτὸς
3585 2427 3796 2499 ἔμπλεα

2220 2524 2419 2588 πάντα,
2450 2526 2544 2578 καὶ
2570 2524 2815 2595 μειδιῶσι
2845 2522 3176 2595 προσώποις,
3206 2521 3417 2591 ὅμμασί
3442 2537 3503 2572 τε
3546 2519 3796 2591 φαιδροῖς

2219 2620 2269 2671 οί
2299 2619 2427 2689 πρίν
2462 2620 2727 2688 κατηφεῖς
2774 2615 3034 2687 ἀλλήλους
3078 2613 3325 2677 ἔϐλεπον,
3360 2614 3569 2684 χορεῖαι
3605 2610 3716 2682 (87)
3749 2610 3794 2662 δ’

2219 2711 2402 2775 αὐτοῖς
2462 2711 2557 2763 καὶ
2608 2709 2765 2780 ὕμνοι
2820 2707 2961 2760 κατά
2998 2705 3179 2768 πόλεις
3234 2702 3369 2775 ὁμοῦ
3423 2703 3517 2755 καὶ
3572 2701 3793 2772 ἀγροὺς,

2217 2803 2313 2855 τὸν
2381 2798 2730 2871 παμϐασιλέα
2787 2798 2918 2851 Θεὸν
2974 2794 3255 2868 πρώτιστα
3308 2794 3564 2858 πάντων,
3607 2793 3688 2845 ὅτι
3730 2792 3793 2863 δὴ

2220 2894 2363 2947 τοῦτ’
2404 2891 2793 2962 ἐδιδάχθησαν,
2883 2888 3120 2942 κᾶπειτα
3169 2885 3262 2939 τὸν
3313 2885 3511 2957 εὐσεϐῆ
3560 2883 3795 2955 ’βασιλέα

2222 2986 2408 3041 παισὶν
2431 2985 2544 3056 ἅμα
2565 2981 2866 3052 θεοφιλέσιν
2890 2981 3196 3051 ἐγέραιρον.
3228 2976 3428 3030 Κακῶν
3451 2976 3495 3029 δ’
3524 2974 3794 3046 ἀμνηστία

2222 3077 2463 3132 παλαιῶν
2490 3073 2580 3148 ἦν,
2619 3075 2712 3129 καὶ
2751 3074 2887 3145 λήθη
2925 3073 3107 3141 πάσης
3144 3069 3481 3133 δυσσεϐείας,
3513 3068 3795 3140 παρόντων

2221 3173 2267 3226 δ’
2299 3170 2516 3239 ἀγαθῶν
2549 3167 2865 3229 ἀπόλαυσις,
2898 3164 2991 3218 καὶ
3026 3162 3249 3234 προσέτι
3284 3160 3585 3233 μελλόντων
3631 3176 3796 3232 προσ-

2221 3265 2417 3318 δοκίαι.
2449 3262 2735 3316 Ἦπλωντο
2756 3259 2799 3312 δ’
2830 3253 2923 3312 οὖν
2953 3256 3092 3311 κατά
3127 3257 3305 3309 πάντα
3324 3254 3488 3307 τόπον
3520 3252 3614 3307 τοῦ
3641 3270 3795 3323 νικη-

2221 3354 2314 3409 τοῦ
2348 3353 2609 3425 βασιλέως
2642 3349 3049 3422 φιλανθρωπίας
3075 3347 3300 3419 ἔμπλεοι
3328 3345 3617 3410 διατάξεις,
3644 3344 3795 3415 νόμοι

2222 3463 2280 3500 τε
2312 3445 2722 3518 μεγαλοδωρεᾶς
2747 3444 2840 3496 καὶ
2867 3440 3100 3511 ἀληθοῦς
3132 3436 3796 3509 εὐσεϐείας’γνωρίσματα

2224 3538 2582 3610 περιέχοντες.
2620 3534 2774 3589 Οὕτω
2816 3535 2947 3605 δῆτα
2979 3533 3159 3603 πάσης
3184 3530 3493 3601 τυραννίδος
3525 3528 3796 3598 ἐκκαθαρ-

2226 3631 2429 3700 θείσης,
2462 3629 2641 3700 μόνρις
2658 3626 2994 3696 ἐφυλάττετο
3026 3626 3094 3679 τὰ
3120 3626 3218 3695 τῆς
3243 3622 3624 3695 προσηκούσης
3649 3622 3797 3693 βασις

2218 3721 2365 3785 λείας
2388 3721 2579 3791 βέϐαιά
2600 3736 2660 3771 τε
2687 3719 2778 3771 καὶ
2809 3716 3139 3786 ἀνεπίφθονα
3160 3716 3552 3785 Κωνσταντίνῳ
3570 3714 3795 3775 καὶτοῖς

2218 3812 2381 3867 αὑτοῦ
2418 3811 2620 3866 παισίν’
2648 3811 2696 3865 οἳ
2736 3810 2843 3863 τῶν
2870 3809 3102 3881 πρόσθεν
3134 3808 3351 3862 πάντων
3381 3804 3795 3877 ἀποσμήξαντες

2214 3909 2313 3979 τὴν
2342 3906 2658 3974 θεοστυγίαν
2672 3904 2764 3959 τοῦ
2783 3904 2919 3975 βίου,
2943 3902 3050 3955 τῶν
3080 3905 3143 3955 ἐκ
3160 3901 3293 3955 Θεοῦ
3317 3898 3793 3970 πρυτανευθέντων

2214 3997 2431 4066 ἀγαθῶν
2449 3997 2630 4059 αὐτοῖς
2647 3994 2970 4066 ὴσθημένως
3017 3993 3151 4064 (88),
3166 3993 3227 4045 τὸ
3259 3992 3544 4063 φιλάρετον
3574 3990 3666 4043 καὶ
3683 3988 3794 4041 θεο-

2221 4087 2469 4157 φιλὲς,τό
2501 4103 2560 4139 τε
2591 4086 2727 4157 πρὸς
2765 4085 2824 4137 τὸ
2858 4084 3011 4135 Θεῖον
3058 4082 3280 4145 εὑσεϐἐς
3324 4081 3418 4134 καὶ
3450 4080 3789 4151 εὐχάριστον,

2220 4173 2381 4233 δι’ὧν
2440 4180 2518 4242 είς
2582 4172 2855 4248 προῦπτον
2907 4176 3114 4228 ἆπασιν
3177 4172 3484 4244 ἀνθρώποις
3519 4171 3791 4243 παρέσχον

2219 4272 2371 4343 όρᾷν,
2404 4268 2743 4333 ἐπεδείξαντο
2777 4266 2912 4339 (89).

538 4369 799 4425 invidiam
830 4365 1151 4435 permansit.
1187 4362 1287 4430 Qui
1318 4361 1480 4433 400
1508 4362 1722 4430 quidem
1779 4363 2020 4415 omnium
2085 4365 2424 4432 superiorum
2486 4361 2786 4430 principum
2820 4359 3100 4426 impietate
3130 4356 3344 4410 detersa
3374 4363 3536 4423 atque
3600 4368 3629 4407 e
3678 4368 3791 4405 me-

539 4464 629 4519 dio
673 4459 929 4525 sublata,
1001 4457 1264 4512 bonorum
1325 4455 1427 4510 sibi
1482 4454 1740 4509 divinitus
1794 4468 2175 4509 concessorum
2215 4455 2383 4525 probe
2438 4453 2665 4516 conscii,
2721 4451 2956 4507 studium
2991 4448 3209 4503 virtutis
3265 4456 3321 4501 et
3376 4460 3616 4501 amorem
3673 4444 3788 4509 Dei,

615 4625 726 4697 (85)
773 4621 973 4697 οὐκέτ’
1005 4616 1766 4697 ἦσανηιηκςᾳάάηιιριεηει
1805 4615 1943 4671 Med.
1986 4618 2116 4697 seri:-

2221 4632 2380 4687 quam
2430 4614 2870 4697 xop'ai'at.nl.7erri.
2906 4622 3087 4697 tamen
3133 4621 3405 4697 utcunque
3450 4618 3628 4697 potest
3661 4623 3785 4697 ¹ποι(

541 4685 835 4753 Μιὶινόὺκ
903 4685 1156 4761 ἔστησαν.
1202 4690 1258 4743 lu
1298 4687 1433 4742 Fuk.
1474 4687 1574 4740 οὐκ
1616 4685 1917 4756 ἀνέστησαν
1942 4724 1956 4749 ,
2013 4694 2107 4742 sed

543 4778 795 4838 neutrum
831 4766 1022 4838 probo.
1151 4834 1162 4838 Α
1224 4830 1247 4838 _
1417 4830 1429 4838 _
1491 4827 1500 4838 ,
1680 4826 1734 4838 η,
1813 4826 1844 4838 η
2060 4826 2072 4838 .

615 4836 725 4907 (illi)
780 4826 925 4907 Ὑπὸ
946 4832 1060 4907 τὴν
1090 4827 1643 4907 αὑτῶν-...είρήγηη
1679 4826 1772 4882 Sic
1812 4826 2035 4907 seneca
2058 4826 2112 4881 in

542 4897 640 4963 lib‘.
677 4897 755 4959 De
780 4897 1058 4957 clementia
1089 4905 1359 4957 Neronem
1392 4903 1467 4953 ita
1509 4901 1816 4966 loquentem
1856 4897 2107 4951 inducit:

548 4996 571 5032 ι
609 4977 732 5031 lltec
767 4985 845 5029 tot
874 4973 1037 5027 millia
1067 4973 1369 5043 gladiorum
1398 4984 1518 5037 qua:
1558 4985 1660 5039 pax
1690 4981 1822 5043 _me_a
1872 4968 2111 5036 compri-

542 5048 666 5114 mit,
702 5046 767 5097 ad
803 5053 988 5096 nutum
1023 5037 1202 5096 mEum
1231 5037 1643 5114 stringentur.»
1676 5037 1916 5114 Eodem
1948 5054 2113 5114 sensu

546 5107 689 5187 apud
727 5114 988 5187 Velleium
1019 5125 1074 5187 et
1104 5114 1154 5164 in
1179 5107 1454 5187 veteribus
1484 5112 1719 5162 nummis
1750 5107 2104 5187 [necnlegitur

545 5176 997 5255 inscriptiozl’ax
1020 5185 1282 5255 Aususri,
1308 5182 1359 5234 id
1409 5190 1688 5255 estquam
1720 5179 1838 5232 orbi
1862 5176 2105 5255 ﬁomano

546 5246 770 5329 prazstat
796 5255 1112 5329 imperator.
1148 5253 1269 5329 Alio
1295 5265 1457 5329 sensu
1487 5246 1689 5329 dicitur
1726 5263 1834 5329 pan
1861 5246 2105 5329 Romana

548 5317 616 5382 ab
641 5329 828 5383 eodem
858 5317 1067 5377 Seneca
1101 5323 1152 5374 in
1180 5322 1320 5374 libro
1345 5319 1421 5372 De
1452 5319 1746 5380 clementia,
1788 5326 1842 5372 et
1885 5318 1936 5370 iu
1971 5317 2107 5372 libro

548 5399 624 5450 De
662 5394 1011 5466 providentia,
1048 5392 1098 5446 id
1127 5402 1211 5445 est
1271 5405 1375 5460 pax
1424 5404 1526 5458 qua
1579 5389 1783 5442 fruitur
1822 5388 2107 5455 imperium

546 5466 871 5521 llonnmum.

621 5538 732 5606 (87)
772 5531 1025 5603 Χορεῒαι.
1078 5530 1271 5606 Merito
1310 5530 1425 5606 hare
1464 5544 1569 5582 vox
1616 5527 1892 5606 displicuit
1944 5527 2101 5606 Nice-

546 5598 745 5675 phoro,
792 5598 914 5660 cum
966 5606 1034 5657 de
1073 5601 1401 5657 Christianis
1439 5614 1618 5675 sermo
1659 5600 1932 5675 sitMDeum
1966 5598 2102 5675 ‘lau-

551 5668 824 5730 dantibus.
854 5676 1034 5743 Itaque
1062 5688 1157 5741 pro
1196 5671 1607 5743 νουιιχορεῖαι,Δ
1630 5670 1875 5743 παιᾶνεςᾼ
1897 5668 2099 5722 substi-

551 5748 675 5799 tuit.
706 5748 857 5813 Apud
888 5738 1173 5798 Eusebium
1223 5742 1274 5793 in
1309 5738 1447 5813 libro
1491 5756 1522 5791 ιι
1569 5738 1646 5813 De
1684 5742 1790 5813 vita
1821 5738 2098 5813 Consum-

553 5818 669 5879 tini,
702 5810 824 5883 cap.
858 5818 945 5881 l9,
986 5815 1181 5883 legitur
1226 5810 1396 5885 χοροί,
1448 5811 1590 5886 ψιοά
1646 5810 1977 5867 tolerabilius
2016 5817 2101 5864 est

2221 4678 2621 4759 iopaiatZ‘Nam
2672 4685 2967 4739 Christiani
3017 4681 3493 4759 clioreas___dueere
3544 4678 3790 4759 solebant

2216 4749 2702 4812 iit'festivitatibus
2736 4763 3063 4823 martyrum,
3096 4768 3203 4821 quo
3244 4749 3349 4823 illis
3381 4750 3640 4823 honorem
3691 4750 3790 4802 ha-

2214 4829 2427 4892 bereut,
2453 4842 2750 4893 eorumque
2780 4820 3075 4898 certamina
3110 4820 3173 4898 ac
3202 4821 3465 4898 victorias
3500 4820 3601 4873 hoc
3628 4830 3788 4898 pacto

2214 4890 2576 4957 celebrarent,
2614 4890 2678 4948 ut
2705 4894 3230 4967 scribitgGregorius
3263 4891 3391 4944 Naz.
3431 4892 3482 4942 in
3519 4890 3788 4967 carmini.

2216 4968 2312 5022 bus
2340 4970 2404 5019 ad
2439 4967 2696 5019 mulieres
2729 4965 3001 5018 curiosius
3027 4977 3145 5017 sese
3178 4972 3533 5023 exornantes,
3564 4974 3617 5026 p.
3656 4959 3785 5011 l5").

2214 5038 2411 5091 Contra
2438 5036 2748 5102 hujusmodi
2778 5036 3009 5087 choreas
3037 5033 3277 5100 graviter
3313 5032 3586 5084 invehitur
3614 5027 3772 5081 Bas:—

2214 5108 2321 5161 lius
2358 5106 2600 5173 Magnus,
2631 5106 2851 5160 homilia
2887 5104 2974 5166 14,
3004 5103 3071 5173 lu
3096 5106 3415 5173 ebrietatem.

2277 5177 2388 5248 (88)
2427 5168 2823 5249 ‘Hadmtérwc.
2858 5175 3017 5229 Forte
3053 5172 3336 5243 legendum
3373 5168 3692 5241 ᾐσθημένοι,
3727 5176 3785 5222 ut

2210 5249 2343 5303 alias
2371 5247 2530 5304 smne.
2566 5247 2721 5300 Eutr.

2276 5317 2389 5386 (89)
2408 5310 2485 5369 Δι’
2503 5310 2686 5381 ὧνεὶς
2699 5311 3008 5383 προῦπτον
3025 5309 3605 5386 ἅπασιν-ἀνθρώποις
3628 5322 3747 5386 :zfap
3763 5337 3781 5345 -

2206 5382 2395 5456 ἐσχοώ·
2432 5386 2599 5454 ὀρᾷν,
2644 5382 3061 5460 ἐπεδείξω-το.
3085 5386 3219 5439 Cod.
3260 5383 3422 5460 Regi,
3468 5382 3780 5460 quem'le‘re

2208 5449 2409 5527 ubique
2459 5449 2693 5529 secutus
2766 5449 2866 5529 est,
2917 5457 3263 5529 Stephanus,
3326 5449 3427 5529 διὰ-
3471 5450 3569 5529 τῆς

2207 5520 2545 5599 Χριστιανῶν
2589 5527 2914 5599 ἐνεδείξαντο
2949 5520 3289 5599 νομοθεσίας.
3315 5523 3430 5599 _Sed
3473 5526 3525 5599 iii
3553 5520 3779 5599 reliquis

2208 5590 2783 5666 eiemplaribuleaz.
2804 5590 3204 5669 St:iliCcl.,M_t:d.,
3230 5592 3366 5669 Fuit.
3396 5603 3449 5645 et
3478 5590 3775 5669 Sat-illane,

2210 5662 2467 5723 totus—hic
2496 5669 2644 5722 locus
2669 5669 2925 5721 scribitur
2956 5679 3015 5718 ut
3038 5666 3269 5719 edimus.
3291 5665 3464 5730 Quam
3489 5662 3775 5714 lectionem

2211 5748 2396 5805 utpote
2425 5737 2663 5806 plurium
2694 5752 2756 5791 ac
2801 5736 3455 5808 vetustioruurcodicum
3506 5744 3774 5808 consensu

2212 5808 2605 5877 continuatam,
2637 5808 2829 5863 merito
2870 5808 3021 5861 alteri
3054 5805 3450 5875 pra-ferendam
3487 5805 3723 5872 putavi..-
