4132 6406
540 271 641 328 915

1244 274 1513 331 EUSEBII
1551 269 2032 330 CESARIENSIS
2069 270 2216 328 ore.
2259 271 2438 328 rans
2475 271 2515 326 ι.
2554 304 2624 314 -
2659 248 3048 326 ηιετοιιιω.

3722 265 3813 320 916

539 385 938 452 exprimentes;
970 383 1186 454 quidam
1223 386 1276 440 in
1315 387 1506 457 ligneis
1538 398 1632 441 aut
1659 385 1889 456 lapideis
1913 384 2108 442 tabulis

2214 386 2583 457 παραδιδόναι.
2606 385 2685 439 Τὰ
2699 380 2827 456 δ’ἦν
2845 385 2950 455 ἄρα
2978 383 3152 436 πάντα
3182 376 3404 449 θνητὰ,
3434 375 3634 448 χρόνου
3666 377 3819 446 μήκει

540 476 760 531 Iitteras’
787 476 949 530 altius
973 476 1297 542 incidentes,
1339 494 1526 534 eorum
1550 493 1686 548 quos
1713 479 1964 533 colebant
1991 479 2101 531 vir-

540 576 708 621 tutem
744 568 811 620 ad
852 573 1110 620 aeternam
1157 568 1491 634 posteritatis
1535 569 1853 622 memoriam
1911 583 2106 623 conse-

538 672 694 713 crare
739 657 1109 712 instituerunt.
1145 659 1341 712 Verum
1407 659 1521 713 haec
1568 658 1749 712 omnia
1798 658 2025 724 caduca,
2055 669 2109 714 et

539 750 800 817 temporis
822 749 1217 820 longinquitate
1245 750 1527 819 pereuntia
1553 792 1569 816 ,
1602 757 1788 817 utpote
1817 765 1938 818 quae
1965 765 2113 805 mor-

538 841 725 895 talium
764 856 1058 911 corporum
1109 841 1358 910 (iguram,
1408 855 1515 896 non
1569 840 1888 894 immortalis
1939 840 2108 894 animi

539 929 770 985 formam
805 933 1196 999 exprimerent.
1222 932 1346 988 Haec
1383 943 1561 987 tamen
1591 928 1835 986 sufﬁcere
1863 931 1925 986 iis
1959 932 2108 985 vide—

538 1024 758 1089 bantur,
782 1025 872 1093 qui
913 1034 1037 1094 post
1070 1024 1227 1094 hujus
1251 1024 1493 1079 mortalis
1517 1027 1638 1079 vitae
1676 1024 1881 1078 exitum
1914 1024 2108 1078 nullius

539 1126 691 1181 spem
740 1113 863 1167 boni
911 1113 1094 1168 animo
1143 1123 1522 1182 conceperant.
1575 1115 1714 1168 Deus
1742 1129 1890 1179 vero,
1943 1114 2106 1181 Deus,

540 1205 786 1274 inquam,
827 1205 1131 1259 communis
1180 1206 1420 1260 omnium
1477 1221 1656 1259 rerum
1713 1206 2110 1276 Servator,qui

541 1297 760 1364 pietatis
807 1297 1151 1352 amatoribus
1186 1294 1388 1364 majora
1419 1311 1578 1365 quam
1623 1314 1744 1367 qua:
1779 1299 2110 1369 cogitatione

540 1387 821 1442 hominum
868 1389 1254 1458 comprehendi
1288 1389 1518 1456 possint,
1547 1391 1687 1460 apud
1726 1405 1784 1445 se
1816 1391 2113 1446 recondidit

541 1483 706 1544 bona,
739 1481 1010 1550 primitias
1050 1479 1356 1534 futurorum
1396 1482 1741 1552 praemiorum
1772 1483 1824 1535 in
1861 1493 2111 1538 anteces-

541 1586 658 1626 sum
688 1572 842 1640 quasi
885 1571 1079 1642 pignus
1108 1573 1196 1626 dat
1229 1574 1279 1627 in
1313 1573 1413 1628 hoc
1453 1573 1683 1639 sarculo;
1722 1575 2109 1630 immortalium

543 1678 724 1715 rerum
758 1677 907 1733 spem
958 1665 1278 1720 mortalibus
1306 1665 1475 1720 oculis
1507 1664 1908 1735 quodammodo
1957 1667 2113 1721 exhi-

2211 472 2591 544 δαπανώμενα,
2619 473 2872 545 φθαρτῶν
2922 473 3016 525 ἆτε
3058 470 3355 542 σωμάτων
3410 466 3737 536 ἰνδάλματα,
3763 469 3819 520 οὐ

2213 565 2320 636 μὴν
2361 563 2626 618 ἀθανάτου
2667 564 2843 634 ψυχῆς
2889 562 3288 619 ἀποτυποῦντα
3337 560 3518 621 ἰδέας.
3560 559 3746 626 Ὅμως
3780 559 3821 609 δ’

2208 653 2302 710 οὖν
2335 657 2605 726 ἀπαρκεῖν
2639 655 2809 708 ἐδόκει
2851 654 3021 708 ταῦτα
3061 657 3171 716 τοῖς
3223 651 3418 724 μηδὲν
3462 648 3659 719 ἕτερον
3694 650 3826 718 μετά

2211 748 2308 818 τὴν
2335 748 2427 800 τοῦ
2462 747 2656 818 θνητοῦ
2705 747 2820 818 βίου
2857 746 3246 818 καταστροφὴν
3284 747 3349 798 ἐν
3384 740 3626 810 ἀγαθῶν
3654 740 3826 794 ἐλπίσι

2208 840 2530 911 τιθεμένοις.
2565 839 2696 902 Θεὸς
2725 839 2769 892 δ’
2803 840 2930 908 ἄρα,
2951 838 3080 902 Θεὸς
3104 838 3133 890 ό
3165 835 3372 898 κοινὸς
3403 832 3526 886 τῶν
3559 831 3700 886 ὅλων
3729 849 3827 886 σω-

2209 932 2336 1005 τὴρ,
2369 932 2588 1003 μείζονα
2631 930 2667 1002 ἢ
2705 931 2846 984 κατά
2886 931 3111 1000 θνητοὺς
3149 929 3484 999 λογισμοὺς
3515 927 3637 988 τοῖς
3682 926 3830 977 εὐσε-

2212 1023 2364 1088 ϐείας
2397 1026 2655 1095 ἐρασταῖς
2703 1023 2883 1091 ἀγαθὰ
2929 1024 3058 1095 παρ’
3101 1021 3292 1093 ὲαυτῷ
3346 1017 3826 1090 ταμιευσάμενος,

2209 1118 2280 1170 τὰ
2316 1115 2621 1188 πρωτόλεια
2652 1115 2759 1167 τῶν
2792 1114 3039 1168 ἐπάθλων
3069 1115 3287 1168 ἐνθένδε
3325 1111 3828 1184 πρωρραϐωνίζε-

2210 1227 2319 1272 ται,
2368 1207 2580 1278 θνητοῖς
2627 1205 2922 1276 ὀφθαλμοῖς
2962 1207 3324 1278 ἀμωσγέπως
3379 1204 3492 1267 τὰς
3528 1202 3826 1267 ἀθανάτους

2215 1297 2572 1366 πιστούμενος
2617 1296 2855 1358 ἐλπίδας.
2893 1296 3119 1349 Παλαιοὶ
3165 1295 3355 1348 ταῦτα
3408 1293 3669 1366 χρησμοὶ
3698 1311 3827 1362 προ-

2213 1387 2397 1458 φητῶν
2430 1389 2612 1457 γραφῇ
2658 1386 3053 1457 παραδοθέντες
3102 1385 3474 1451 θεσπίζουσι,
3509 1383 3694 1438 ταῦτα
3728 1383 3826 1454 βίοι

2214 1477 2476 1546 θεοφιλῶν
2517 1477 2746 1548 ἀνδρῶν,
2789 1479 3070 1541 παντοίαις
3113 1480 3354 1549 ἀρεταῖς
3387 1476 3686 1548 πρόπαλαι
3718 1476 3827 1528 δια-

2213 1570 2560 1640 λαμψάντων,
2604 1573 2715 1627 τοῖς
2752 1570 3020 1640 ὀψιγόνοις
3056 1569 3577 1640 μνημονευόμενοι,
3622 1567 3826 1638 μαρτύ-

2217 1681 2420 1735 ρονται,
2457 1660 2629 1715 ταῦτα
2659 1663 2751 1716 καὶ
2777 1664 2805 1714 ὁ
2843 1663 2964 1716 καθ’
2996 1664 3140 1732 ἡμᾶς
3169 1662 3355 1733 ἀληθῆ
3391 1656 3548 1714 εἶναι
3581 1660 3825 1730 διήλετξε

541 1755 677 1808 hens
711 1769 774 1809 ac
819 1766 1237 1823 repraesentans.
1299 1756 1414 1811 lloc
1464 1766 1675 1812 vetusta
1722 1757 2107 1827 prophetarum

2216 1757 2424 1827 χρόνος,
2472 1756 2589 1809 καθ’
2626 1756 2683 1808 ὃν
2724 1758 3127 1819 Κωνσταντῖνος
3162 1755 3283 1826 Θεῷ
3339 1754 3428 1824 τῷ
3486 1753 3827 1823 παμϐασιλεῖ

539 1846 756 1900 oracula
786 1861 906 1916 quae
940 1847 1156 1917 scriptis
1197 1849 1448 1903 mandata
1489 1857 1634 1912 sunt,
1689 1861 1872 1918 aperte
1916 1853 2110 1918 praedi-

541 1945 690 1987 cunt.
730 1934 846 1990 Hoc
878 1937 999 1991 vitae
1046 1939 1154 1991 Deo
1204 1939 1496 1993 cltarorunt
1546 1939 1786 1993 virorum
1818 1941 1908 2008 qui
1944 1940 2108 1994 variis

537 2026 832 2083 virtutibus
875 2026 1226 2094 refulserunt,
1256 2040 1598 2100 posterorum
1624 2031 1885 2084 memoria
1915 2032 2108 2085 etiam-

2220 1847 2380 1918 μόνος
2424 1846 2531 1900 τῶν
2579 1847 2796 1899 πώποτε
2837 1847 2935 1918 τῆς
2983 1846 3267 1916 Ῥωμαίων
3323 1845 3522 1918 ἀρχῆς
3582 1843 3823 1914 καθηγη-

2218 1941 2470 2010 σαμένων
2519 1938 2754 2007 γεγονὼς
2804 1938 2974 2008 φίλος,
3035 1939 3264 2011 ἐναργὲς
3321 1939 3552 1992 ἅπασιν
3618 1935 3824 2006 ἀνθρώ-

2213 2049 2336 2096 ποις
2375 2031 2724 2102 παράδειγμα
2753 2029 3036 2094 θεοσεϐοῦς
3065 2030 3302 2101 κατέστη
3338 2029 3492 2100 βίου.

540 2138 667 2174 num
714 2122 996 2179 celebratae
1045 2126 1385 2180 conﬁrmant.
1433 2124 1548 2181 Hoc
1597 2126 1771 2194 ipsum
1831 2126 2006 2181 mtatis
2067 2134 2264 2180 nostrae
2333 2127 2641 2182 testimonio
2687 2126 3028 2181 verissimum
3085 2141 3206 2180 esse
3260 2123 3664 2187 convincitur,
3701 2138 3818 2176 cum

538 2214 922 2273 Constantinus
971 2219 1116 2274 solus
1166 2220 1408 2274 omnium
1469 2221 1558 2290 qui
1605 2219 1849 2275 Romano
1882 2235 2118 2290 unquam
2166 2219 2392 2290 imperio
2445 2220 2794 2290 praefuerunt,
2853 2234 3066 2272 summo
3109 2220 3360 2274 omnium
3401 2218 3522 2289 regi
3569 2216 3685 2272 Deo
3729 2231 3817 2270 ac-

538 2319 747 2373 ceptus,
766 2307 919 2377 quasi
942 2308 1148 2362 illustre
1177 2309 1448 2380 quoddam
1480 2307 1743 2380 religiosae
1774 2309 1900 2364 vitae
1927 2307 2231 2378 exemplum
2255 2309 2467 2365 cunctis
2496 2307 2806 2364 hominibus
2831 2316 2916 2361 est
2942 2310 3274 2376 propositus.

1141 2399 1366 2456 CAPUT
1401 2401 1488 2457 1V.

718 2492 871 2557 Quod
915 2491 1054 2546 Deus
1099 2491 1508 2546 Constantinum
1543 2493 1894 2548 Itouoraverit.

611 2583 721 2638 Hoc
748 2583 980 2651 denique
1017 2583 1156 2638 Deus
1198 2585 1314 2655 ipse
1343 2599 1502 2655 quem
1532 2595 1824 2642 veneratus
1853 2596 1938 2642 est
1969 2586 2111 2643 Con-

539 2673 840 2741 stantinus,
873 2675 1113 2730 evidenti
1141 2674 1403 2747 suffragio
1428 2679 1800 2748 comprobavit
1830 2702 1841 2734 :
1877 2683 2001 2734 dum
2033 2681 2110 2734 illi

541 2783 650 2820 non
687 2767 847 2821 modo
877 2767 928 2821 in
957 2768 1204 2833 exordio,
1231 2770 1326 2825 sed
1361 2771 1523 2825 etiam
1562 2772 1613 2825 in
1647 2787 1936 2844 progressu
1970 2782 2024 2829 et
2055 2775 2106 2828 in

540 2861 648 2914 ﬁne
683 2858 895 2929 imperii
929 2874 1142 2928 semper
1181 2863 1448 2933 pr0pitius
1491 2863 1859 2935 benignusque
1913 2868 2108 2932 adfuit,

540 2953 736 3022 quippe
759 2965 918 3021 quem
953 2951 1192 3006 humano
1226 2955 1408 3024 generi
1434 2955 1500 3009 ad
1531 2956 1696 3010 divini
1731 2957 1906 3013 cultus
1939 2958 2108 3014 infor-

543 3042 839 3098 mationem
875 3053 1246 3112 proposuerat.
1288 3044 1441 3100 lluuc
1471 3057 1620 3101 certe
1643 3063 1806 3102 unum
1836 3065 1903 3103 ex
1932 3052 2107 3104 omni-

542 3137 644 3192 bus
674 3152 811 3206 quos
855 3151 1090 3205 unquam
1123 3137 1400 3192 auditione
1433 3141 1740 3209 accepimus
1767 3141 2109 3212 imperatori-

543 3229 664 3294 bus,
697 3228 844 3282 velut
895 3227 1258 3284 clarissimum
1295 3229 1566 3298 quoddam
1619 3231 1804 3301 jubar,
1859 3242 1915 3287 et
1965 3234 2110 3288 velut

541 3319 832 3388 quemdam
866 3333 1007 3375 verte
1043 3318 1319 3388 religionis
1352 3336 1654 3390 praeconem
1709 3325 1941 3378 maxima
1979 3340 2112 3380 voce

544 3412 949 3480 inclamantem,
981 3412 1281 3468 innumeris
1317 3413 1369 3466 in
1418 3429 1542 3468 eum
1599 3417 1874 3485 congestis
1931 3418 2107 3480 bonis,

540 3507 862 3575 designavit.

1058 3597 1222 3670 403
1261 3597 1485 3654 CAPUT
1528 3598 1588 3654 v.

543 3690 696 3757 Quod
727 3706 836 3745 xxx
867 3690 1074 3761 quidem
1122 3690 1277 3742 armis
1311 3691 1583 3758 regnavit;
1613 3691 1742 3746 uixit
1779 3703 1954 3748 autem
1995 3693 2111 3765 plus

1182 3775 1339 3829 quam
1371 3776 1458 3814 ιι.

613 3851 692 3904 Ac
724 3859 934 3919 tempus
977 3850 1193 3919 quidem
1245 3849 1461 3918 imperii
1492 3849 1679 3920 ipsius,
1709 3853 1882 3910 tribus
1915 3853 2110 3908 denum

538 3956 803 3994 stultorum
859 3942 1078 3997 circulis
1119 3944 1384 4001 absolutis
1432 3954 1490 4001 et
1537 3945 1818 4015 aliquanto
1881 3946 2114 4014 amplius

543 4031 868 4096 honoravit;
905 4032 1071 4087 totius
1120 4043 1300 4088 autem
1349 4036 1470 4090 vita:
1509 4045 1722 4104 tempus
1777 4050 1938 4104 quam
1972 4036 2113 4089 inter

546 4125 792 4178 homines
826 4125 1182 4193 duxit,duplo
1216 4127 1424 4198 majore
1448 4129 1630 4197 spatio
1659 4127 2107 4196 circumscripsit.

542 4214 716 4269 Porro
751 4229 871 4268 cum
919 4215 1166 4271 eumdem
1221 4217 1370 4270 velut
1441 4217 1733 4288 imaginem
1785 4217 2113 4271 monarchia‘.

543 4323 652 4362 sua:
704 4322 1007 4376 proponere
1038 4309 1220 4372 vellet,
1256 4310 1516 4364 victorem
1554 4324 1676 4363 eum
1711 4308 1886 4362 omnis
1923 4317 2109 4379 tyran-

543 4393 646 4445 nici
697 4392 909 4461 generis
953 4397 1226 4462 przestitit,
1257 4405 1311 4451 et
1340 4397 1630 4466 impiorum
1683 4397 1960 4466 gigantum
2014 4412 2114 4451 ex-

2737 2400 3130 2453 ΚΕΦΑΛΑΙΟΝ
3184 2402 3256 2454 Δ’.

2405 2493 2532 2545 Ὅτι
2560 2495 2592 2546 ό
2624 2490 2768 2558 Θεὸς
2798 2491 3250 2547 Κωνσταντῖνον
3276 2491 3614 2560 ἐτίμησεν.

2278 2585 2462 2639 Ταῦτα
2492 2585 2549 2637 δὲ
2582 2585 2674 2637 καὶ
2699 2583 2829 2647 Θεὸς
2857 2583 3014 2650 αὐτὸς
3047 2583 3103 2635 ὃν
3125 2585 3556 2646 Κωνσταντῖνος
3598 2581 3808 2651 ἐγέραι-

2211 2694 2321 2749 ρεν,
2347 2674 2632 2747 ἀρχομένῳ
2657 2675 2748 2728 καλ⁵
2777 2672 3193 2744 μεσάζοντι,κα“ι
3222 2675 3562 2728 τελευτῶντι
3589 2674 3691 2742 τῆς
3717 2672 3807 2741 βα-

2215 2767 2417 2830 σιλείας
2440 2766 2603 2819 αὑτοῦ
2624 2764 2810 2828 δεξιῶς
2833 2765 3116 2836 παραστὰς
3145 2765 3276 2836 (15),
3309 2765 3586 2837 ἐναργέσι
3695 2779 3804 2830 σοις

2211 2857 2570 2922 ἐπιστώσατο,
2601 2855 2945 2909 διδασκαλίαν
2969 2854 3252 2920 θεοσεϐοῦς
3278 2855 3693 2925 ὑποδείγματος
3714 2853 3799 2905 τὸν

2209 2951 2379 3022 ἄνδρα
2418 2950 2496 3020 τῷ
2545 2947 2724 3020 θνητῴ
2763 2949 2909 3017 γένει
2958 2947 3424 3019 προϐεϐλημένος.
3475 2947 3659 3002 Μόνον
3714 2941 3799 2996 οὖν

2209 3043 2371 3096 αὐτὸν
2398 3041 2506 3095 τῶν
2544 3039 2604 3106 ἐξ
2633 3040 2825 3104 αἰῶνος
2852 3042 2985 3112 ἀκοῇ
3024 3040 3320 3111 βοηθέντων
3351 3037 3795 3108 αὐτοκρατόρων.

2217 3131 2324 3190 οἷόν
2357 3154 2477 3189 τινα
2520 3135 2771 3206 μέγιστον
2806 3135 3064 3205 φωστῆρα
3095 3133 3186 3186 καὶ
3220 3133 3445 3204 κήρυκα
3477 3129 3795 3200 μεγαλοφω-

2218 3230 2436 3283 νότατον
2467 3228 2565 3298 τῆς
2600 3227 2870 3291 ἀπλανοῦς
2908 3226 3235 3288 θεοσεϐείας,
3267 3224 3354 3276 διὰ
3387 3221 3663 3277 παντοίων
3693 3218 3792 3270 τῶν

2219 3325 2297 3386 είς
2329 3323 2488 3376 αὑτὸν
2516 3321 2972 3393 κεχορηγημένων
2999 3318 3214 3388 ἀγαθῶν
3238 3317 3570 3384 ἐνεδείξατο.

2750 3589 3138 3643 ΚΕΦΑΛΑΙΟΝ
3182 3590 3254 3642 E'.

2224 3684 2351 3739 Ὀτι
2384 3684 2741 3739 ἐϐασίλευσε
2759 3682 2877 3752 μὲν
2904 3680 3054 3749 ὑπὲρ
3079 3681 3155 3752 τὰ
3175 3684 3234 3752 λέ
3251 3680 3354 3747 ἔτη
3372 3673 3784 3749 μοναρχήσαςι

2553 3752 2726 3822 ἔζησε
2753 3751 2821 3806 δὲ
2850 3752 3000 3822 ὑπὲρ
3040 3751 3110 3804 τὰ
3133 3751 3449 3816 ἐξήκοντα.

2295 3847 2514 3916 Χρόνων
2559 3845 2657 3903 μὲν
2708 3843 3000 3915 βασιλείας,
3050 3841 3197 3913 τρισὶ
3235 3839 3473 3892 δεκάδων
3527 3832 3784 3906 περιόδοις

2220 3939 2468 4002 τελείαις,
2503 3938 2600 3993 καὶ.
2630 3938 2853 4009 προσέτι
2901 3935 3040 4007 λῷον
3066 3934 3178 4004 (14)
3223 3936 3482 4004 τιμήσας,
3512 3929 3710 3983 τούτων
3733 3922 3783 3974 δὲ

2220 4030 2494 4084 διπλάσιον
2524 4029 2618 4083 τοῦ
2652 4030 2854 4092 παντὸς
2900 4027 3015 4099 βίου
3055 4027 3150 4097 τὴν
3196 4028 3252 4078 ἐν
3284 4024 3592 4096 ἀνθρώποις
3645 4032 3782 4083 περὶ·

2220 4125 2406 4195 ορίσας
2436 4121 2608 4194 ζωήν·
2647 4122 2745 4192 τῆς
2770 4121 2814 4174 δ’
2853 4119 3017 4173 αὐτοῦ
3063 4117 3393 4188 μοναρχικῆς
3423 4112 3668 4180 ἐξουσίας
3692 4106 3779 4176 τὴν

2221 4217 2403 4269 εἰκόνα
2435 4214 2576 4278 δοὺς,
2618 4213 2840 4285 νικητὴν
2884 4209 3133 4275 ἀπέδειξε
3163 4209 3274 4281 (15)
3320 4207 3522 4271 παντὸς
3551 4215 3778 4274 τυραννι-

2221 4306 2317 4360 κοῦ
2343 4307 2549 4375 γένους,
2579 4305 2859 4376 θεομάχων
2889 4306 2934 4357 τ’
2958 4303 3185 4373 ὀλετῆρα
3214 4301 3508 4369 γιγάντων,
3537 4298 3586 4351 οἳ
3615 4292 3778 4364 ψυχῆς

2220 4400 2449 4470 ἀπονοία
2469 4399 2603 4471 πρὸς
2625 4399 2781 4451 αὑτὸν
2801 4399 3001 4470 ἤραντο
3033 4395 3123 4449 τὸν
3151 4393 3501 4464 παμϐασιλέα
3525 4391 3628 4444 τῶν
3651 4386 3774 4440 ὅλων

544 4488 886 4551 stiuctorcm,
910 4487 999 4555 qui
1030 4487 1330 4558 desperata:
1370 4492 1566 4545 mentis
1599 4491 1825 4546 audacia
1867 4490 2108 4560 impulsi,

2216 4491 2531 4555 δυσσεϐείας
2575 4489 2731 4544 ὅπλα.
2791 4490 2930 4543 Ἀλλ’
2964 4491 3011 4542 οἱ
3063 4489 3158 4559 μὲν
3201 4487 3323 4539 ὅσον
3371 4489 3546 4539 εἰπεῖν
3581 4480 3686 4552 (16)
3722 4478 3774 4530 ἐν

543 4588 733 4633 contra
783 4577 954 4646 ipsum
997 4579 1162 4634 Deum
1195 4597 1464 4636 summum
1508 4583 1749 4638 omnium
1797 4597 1977 4652 regem
2014 4582 2113 4635 im-

545 4762 760 4816 schedis
816 4763 1157 4836 bibliothecae
1217 4763 1415 4836 Regiae.
1480 4764 1712 4836 Savilius
1769 4781 1983 4836 quoque
2044 4766 2112 4820 ad

544 4846 693 4906 oratu
723 4833 828 4906 ‘sui
876 4834 1083 4906 codicis
1118 4844 1268 4906 notat
1329 4835 1402 4906 ita
1455 4836 1555 4890 sibi
1587 4833 1868 4906 legendum
1894 4833 2111 4891 'videri.

545 4903 615 4975 ᾼι
646 4901 697 4954 iu
723 4902 900 4975 Hormi
933 4903 1072 4975 libro
1103 4905 1192 4975 _ad
1228 4904 1525 4975 marginem
1560 4901 1878 4963 eut'endatur
1906 4907 2112 4961 ὑπέδα-

544 4971 656 5032 λον,
688 4974 830 5038 quod
869 4974 1039 5042 magis
1064 4973 1262 5040 placet.

615 5043 724 5111 (l5)
757 5043 952 5118 ᾼὺτοᾷ
985 5043 1194 5118 δεξιῶς
1231 5044 1560 5118 παραστάς.
1593 5044 1736 5117 Lego
1777 5046 1924 5118 αὐτῷ
1950 5046 2120 5114 δεξιὸς

546 5113 848 5186 παραστάς.
900 5114 967 5168 Et
1013 5114 1170 5185 paulo
1214 5113 1337 5186 post
1388 5113 1732 5171 scribendum
1779 5113 1989 5174 videtur
2025 5113 2118 5182 εἰς

543 5183 910 5238 διδασκαλίαν.

617 5255 728 5324 ΑΛ)
760 5254 872 5308 Καὶ
908 5255 1155 5324 προσέτι
1181 5255 1360 5321 λῷον.
1397 5254 1545 5310 Nova
1579 5265 1634 5310 et
1658 5256 1910 5314 inusitata
1967 5259 2119 5313 locu-

549 5325 639 5379 tio:
684 5325 820 5396 λῷον
840 5339 936 5394 pro
958 5342 1024 5381 eo
1055 5326 1199 5396 quod
1229 5326 1320 5379 alii
1348 5326 1592 5380 dicerent
1622 5327 1803 5383 πλέον.
1833 5330 1925 5385 Ait
1952 5329 2120 5384 Euse-

545 5396 664 5449 bius
693 5396 1108 5450 Constantinum
1134 5396 1431 5463 imperasse
1462 5398 1680 5465 triginta
1705 5413 1875 5453 annos
1897 5401 2118 5465 solidos,

2223 4585 2413 4656 βραχεῖ
2443 4585 2721 4654 φανέντες,
2755 4581 2870 4654 ἅμα
2906 4600 2964 4636 τε
3014 4583 3107 4635 καί
3147 4578 3479 4652 ἀπέσϐησαν,
3516 4577 3602 4631 τὸν
3630 4573 3673 4628 δ’
3694 4570 3771 4623 αὑ-

2294 4769 2404 4841 (ιὸ)
2459 4768 2650 4841 Vulg”
2696 4767 2941 4841 νοητὴν
2983 4767 3314 4841 Δεὶςζέδειξε.
3380 4765 3570 4841 Scribo
3627 4775 3765 4839 νικη-

2221 4837 2339 4913 τήν,
2378 4837 2440 4913 ut
2462 4840 2513 4893 in
2544 4837 2782 4913 margine
2826 4837 3027 4893 codicis
3057 4839 3309 4891 illorzeani
3335 4839 3667 4913 emendatqu
3697 4837 3767 4881 in-

2227 4903 2370 4964 véui.
2408 4910 2580 4974 Quam
2618 4903 2902 4962 lectionem
2955 4919 3171 4962 secutus
3207 4917 3292 4960 est
3343 4903 3768 4976 Cltristopborso-

2227 4997 2348 5036 nus.
2381 4969 2541 5034 Certe
2568 4979 2619 5031 in
2651 4978 2921 5032 veteribus
2955 4979 3189 5043 schedis,
3223 4986 3277 5031 et
3317 4978 3370 5030 in
3409 4969 3577 5030 codd;
3625 4969 3763 5022 Savi-

2226 5048 2931 5126 “allﬂjlq‘FUkelil_Vt{nTi\d
2954 5049 3167 5126 legitur.
3541 5116 3551 5126 θ

2299 5125 2315 5188 (
2328 5120 2410 5186 l6)
2445 5121 2624 5173 Ὅσον
2643 5119 2851 5172 εἰπεῖν.
2874 5118 3396 5188 Cltristophorsonus
3417 5118 3597 5188 vertit,
3626 5120 3765 5178 ριόρε

2227 5185 2469 5252 ιίίίέενίηι,
2503 5191 2654 5259 quasi
2685 5191 2942 5255 scriptum
2981 5197 3125 5259 esset
3157 5187 3231 5250 ὡς
3274 5189 3475 5259 εἰπεῖν.
3505 5185 3625 5259 Ego
3647 5191 3762 5259 gero

2227 5280 2334 5317 non
2364 5247 2549 5316 dubito
2601 5259 2729 5328 quin
2763 5247 2907 5312 aliud
2947 5247 3273 5312 intellexerit
3320 5247 3600 5329 Eusebius.
3645 5247 3760 5329 Nam

2227 5350 2350 5389 cum
2403 5326 2666 5401 tyrannus
2711 5329 2858 5384 brevi
2913 5329 3199 5401 admodum
3246 5326 3761 5401 ⁸ιρῐιιροιενίευίξξιξ

2230 5403 2392 5458 vellet
2421 5398 2728 5463 estcttdere,
2774 5401 2852 5453 ait
2894 5413 2987 5453 eos
3031 5398 3259 5452 breviori
3312 5400 3568 5466 temporis
3608 5398 3759 5461 spallo

542 5476 609 5546 et.
635 5465 914 5546 aliquanto
945 5466 1200 5546 amplius.
1235 5465 1387 5546 Quod
1416 5482 1600 5520 verum
1624 5479 1728 5546 est.
1756 5469 1889 5523 Nam
1925 5479 2123 5546 prteter
2218 5471 2558 5546 quatu_quod
2589 5471 2655 5523 ad
2685 5469 3017 5546 loquendum
3043 5468 3390 5546 “requiritur,
3427 5465 3588 5546 gigas
3635 5470 3760 5546 εεξθο

547 5535 782 5608 [τίςὶιιιιι
833 5551 1027 5608 annos,
1065 5536 1446 5608 Adecenrfere
1507 5539 1782 5608 mensibus
1840 5535 2104 5608 regnavit.

545 5601 738 5681 Porro.
774 5606 960 5681 initio‘
990 5604 1149 5681 huius
1194 5606 1400 5673 periodi
1461 5606 1802 5681 scribendum
1836 5601 1928 5666 est
1964 5610 2108 5681 7x96-

541 5690 632 5727 νον
682 5674 783 5745 μὶν
821 5674 1130 5747 βασιλείας,
1188 5691 1291 5735 non
1322 5685 1378 5732 ut
1437 5676 1593 5746 vulgo
1630 5677 1818 5746 legitur
1875 5674 2102 5752 χρὸνῶν.

2218 5534 2358 5600 litem
2391 5534 2502 5595 fere
2528 5549 2629 5601 est,
2663 5534 2804 5606 quod
2827 5539 2999 5593 Graeci
3026 5534 3225 5601 dicunt,
3266 5537 3425 5607 λόγου
3457 5534 3656 5597 θᾶττον,
3679 5544 3756 5597 ευ.

2219 5631 2317 5674 nus
2343 5612 2649 5683 byperbolae
2680 5607 2885 5665 Graecis
2921 5609 3203 5673 familiare,
