4132 6406
376 271 501 329 917

1489 267 1578 322 DE
1618 268 1777 324 VITA
1817 269 2274 325 CONSTANTINI
2316 270 2443 326 LIB.
2480 270 2519 324 1.

3544 266 3645 322 (HS

374 393 487 447 ’τοῦ
518 392 822 464 θεράποντα
852 391 981 454 Θεὸς
1023 392 1051 442 ὁ
1082 387 1163 455 εἷς
1196 391 1289 445 καὶ
1319 391 1495 461 μόνος,
1529 392 1627 446 ἕνα
1668 393 1802 464 πρὸς
1851 393 1968 445 πολ-

2078 395 2297 463 pietatis
2359 391 2616 448 vexillum
2672 388 3023 444 sustulerant.
3072 387 3267 442 Verum
3322 386 3376 441 hi
3427 387 3643 456 quidem

380 485 515 548 λοὺς
539 484 689 554 θεῖκῇ
716 482 1055 554 φραξάμενος
1079 482 1349 554 πανοπλίᾳ
1374 484 1503 555 (17),
1532 483 1635 555 τῆς
1663 483 1771 537 τῶν
1792 484 1966 538 ἀθέων

384 573 626 645 πληθύος
654 573 718 626 δι’
750 573 913 626 αὑτοῦ
938 574 1027 626 τὸν
1055 572 1245 644 θνητὸν
1271 572 1625 645 ἀποκαθήρας
1651 573 1785 644 βίον,
1816 575 1968 628 εύσε-

388 664 543 729 ϐείας
567 665 663 736 τῆς
694 664 858 717 αὐτοῦ
894 664 1205 719 διδάσκαλον
1232 667 1398 719 πᾶσιν
1430 666 1604 719 ἔθνεσι
1633 668 1968 737 κατεστήσα-

387 774 468 823 το,
494 757 703 831 μεγάλῃ
721 756 813 827 βοῇ
832 759 951 820 ταῖς
975 758 1188 811 πάντων
1209 756 1509 828 ἀκοαῖς(18)
1534 758 1957 830 μαρτυρόμενον,

387 849 481 901 τὸν
513 846 643 900 ὄντα
692 846 822 900 Θεὸν
873 847 1087 913 εἰδέναι,
1121 848 1218 919 τὴν
1256 848 1312 902 δὲ
1355 848 1461 902 τῶν
1503 850 1753 920 οὐδαμῶς
1794 852 1960 905 ὄντων

386 937 826 1009 ἀποστρέφεσθαι
858 938 1082 1011 πλάνην.

2067 505 2190 544 cum
2226 498 2504 544 momento
2526 485 2790 556 temporis
2815 484 3169 548 exstitissent,
3204 492 3480 536 momento
3510 496 3644 549 quo-

2069 596 2177 651 que
2208 597 2271 637 ac
2297 582 2446 636 dicto
2475 579 2635 634 citius
2664 577 2917 633 exstincti
2949 586 3095 631 sunt.
3146 574 3429 629 Famulum
3460 584 3641 627 autem

2071 688 2230 728 suum
2262 672 2406 727 Deus
2440 672 2532 741 qui
2568 686 2707 725 unus
2737 679 2822 723 est
2863 684 2927 722 ac
2962 667 3130 731 solus,
3162 683 3281 721 cum
3319 668 3495 721 solum
3544 666 3641 719 ad-

2071 779 2265 819 versus
2306 762 2504 817 multos
2544 764 2723 817 divina
2765 771 3043 815 armatura
3083 759 3386 823 muniisset,
3419 757 3644 825 ejusque

2073 870 2238 924 opera
2269 854 2457 909 orbem
2496 863 2761 909 terrarum
2809 851 3093 925 impiorum
3151 850 3429 903 hominum
3464 849 3642 902 multi-

2076 948 2261 1002 tudine
2302 948 2588 1002 liberatum
2621 953 2981 1016 repurgasset,
3012 942 3187 997 cultus
3215 942 3296 996 sui
3326 943 3641 1011 magistrum

390 1034 658 1088 universis
710 1034 959 1104 gentibus
1011 1036 1327 1102 constituit;
1371 1036 1517 1092 clara
1574 1053 1705 1093 voce
1776 1041 1986 1096 cunctis
2036 1043 2380 1099 audientibus
2436 1053 2775 1109 testantem,
2835 1057 2894 1096 se
2956 1057 3140 1096 verum
3201 1040 3417 1110 quidem
3476 1039 3641 1093 Deum

390 1139 709 1196 agnoscere,
729 1124 986 1181 falsorum
1018 1136 1197 1181 autem
1224 1128 1504 1183 numinum
1544 1144 1783 1185 errorem
1808 1134 2066 1188 aversari.

915 1219 1311 1273 ΚΕΦΑΛΑΙΟΝ
1338 1222 1427 1287 q'.

393 1309 525 1363 "Ott.
570 1308 716 1363 Θεοῦ
762 1311 881 1379 μὲν
921 1310 1140 1378 δοῦλος
1191 1310 1287 1384 ἦν,
1340 1313 1532 1370 ἐθνῶν
1582 1314 1649 1367 δὲ
1694 1315 1965 1386 νικητής.

464 1399 573 1451 Καὶ
614 1401 644 1452 ό
672 1399 772 1471 μὲν
802 1394 890 1453 οἷα
922 1403 1110 1466 πιστὸς
1153 1404 1247 1457 καὶ
1291 1405 1493 1473 ἀγαθὸς
1524 1404 1797 1476 θεράπων,
1825 1407 1968 1460 τοῦτ’

391 1488 627 1561 ἔπραττε
651 1492 742 1544 καὶ
764 1492 862 1562 ὲκή
873 1509 1049 1561 ρυττε,
1066 1492 1249 1550 δοῦλον
1272 1495 1531 1568 ἄντικρυς
1554 1498 1844 1552 ἀποκαλῶν
1875 1500 1969 1553 καὶ

391 1583 699 1653 θεράποντα
740 1583 833 1637 τοῦ
863 1584 1250 1655 παμϐασιλέως
1284 1588 1562 1659 ὁμολογῶν
1595 1592 1812 1644 ἑαυτόν·
1839 1591 1970 1654 Θεὸς

2683 1228 2919 1285 CAPUT
2959 1226 3044 1281 Vl.

2077 1321 2232 1389 Quod
2265 1324 2362 1379 Dei
2392 1326 2602 1395 quidem
2652 1325 2905 1463 faquIus,
2959 1322 3194 1393 gentium
3252 1332 3426 1375 autem
3484 1325 3645 1375 victor

2787 1404 2941 1449 uertt.

2787 1404 2941 1449 item.

2142 1485 2208 1539 Et
2248 1486 2338 1542 hic
2368 1487 2585 1556 quidem
2617 1497 2871 1556 tanquam
2920 1487 3092 1541 bonus
3136 1501 3198 1539 ac
3250 1484 3421 1540 fidelis
3452 1500 3645 1541 servus

2073 1579 2125 1632 id
2164 1578 2275 1649 egit
2300 1595 2363 1632 ac
2391 1580 2739 1646 prardicavit,
2775 1594 2993 1633 servum
3028 1592 3087 1633 se
3124 1578 3297 1646 palam
3333 1579 3641 1641 nominans,

392 1676 438 1727 δ’
473 1675 636 1728 αὑτὸν
678 1674 906 1744 ἐγγύθεν
955 1676 1335 1749 ἀμειϐόμενος,
1376 1680 1568 1752 κύριον
1614 1682 1841 1755 καθίστη
1872 1683 1966 1736 καὶ

2072 1672 2377 1741 summique
2402 1672 2563 1743 Regis
2595 1670 2854 1726 famulum
2879 1686 2937 1726 se
2968 1669 3126 1725 fateri
3154 1686 3259 1725 non
3290 1673 3640 1727 erubescens.

391 1768 678 1841 δεσπότην,
708 1770 929 1839 νικητήν
959 1786 1019 1821 τε
1052 1769 1209 1840 μόνον
1236 1772 1343 1825 τῶν
1386 1771 1446 1836 ἐξ
1478 1771 1670 1836 αἰῶνος
1707 1773 1971 1845 αὐτοκρα-

392 1860 586 1931 τόρων,
630 1860 839 1931 ἄμαχον
888 1861 982 1914 καὶ
1023 1863 1289 1934 ἀήττητον
1332 1864 1524 1927 είσαεὶ,
1570 1863 1737 1917 νικῶν
1768 1882 1826 1918 τε
1852 1881 1967 1936 τρο-

398 1951 575 2015 παίοις
596 1952 704 2025 (19)
747 1952 969 2023 βασιλέα
1012 1955 1283 2017 τοσοῦτον,
1314 1956 1437 2008 ὅσον
1469 1954 1643 2019 οὐδεὶς
1676 1956 1811 2027 ἀκοῇ
1860 1955 1966 2009 τῶν

395 2044 563 2097 πάλαι
591 2045 851 2117 πρότερον
883 2047 1208 2117 μνημονεύει
1233 2047 1517 2117 γενέσθαι’
1551 2047 1691 2102 οὕτω
1724 2049 1821 2120 μὲν
1853 2048 1966 2102 θεο-

396 2133 521 2205 φιλῆ
566 2136 660 2189 καλ⁵
690 2136 1105 2208 τρισμακάριον,
1136 2136 1278 2191 οὕτω
1307 2137 1363 2190 δὲ
1399 2138 1595 2209 εὐσεϐῆ
1638 2138 1732 2191 καὶ
1777 2155 1968 2191 πανευ-

391 2224 639 2297 δαίμονα,
673 2226 747 2289 ὼς
800 2226 935 2297 μετὰ
978 2228 1155 2297 πάσης
1197 2228 1292 2298 μὲν
1327 2225 1612 2299 ῥᾳστώνης
1644 2226 1900 2279 πλειόνων
1932 2227 1965 2298 ῆ

393 2317 702 2389 ἔμπροσθεν
744 2322 1037 2389 κατασχεῖν
1078 2318 1267 2385 ἐθνῶν,
1300 2319 1505 2374 ἄλυπον
1548 2318 1606 2371 δὲ
1650 2318 1749 2390 τὴν
1792 2319 1967 2389 ἀρχὴν

394 2414 475 2475 είς
512 2412 680 2482 αὐτὴν
715 2411 1017 2482 καταλῆξαι
1057 2413 1329 2483 τελευτήν.

2076 1765 2216 1819 Deus
2252 1780 2381 1820 vero
2422 1766 2669 1833 protinus
2706 1764 2880 1834 ipsum
2934 1773 3337 1827 remuneratus,
3367 1764 3641 1817 dominum

2073 1872 2137 1912 ac
2167 1858 2455 1925 victorem,
2508 1859 2796 1928 solumque
2852 1872 2918 1911 ex
2975 1857 3227 1911 omnilms
3269 1855 3359 1925 qui
3407 1870 3642 1924 unquam

2075 1950 2293 2005 fuerunt
2326 1951 2773 2019 imperatoribus,
2807 1965 3026 2020 semper
3057 1949 3316 2003 invictum
3364 1959 3526 2017 atque
3563 1950 3645 2001 in-

2073 2043 2432 2113 superabilem
2482 2045 2734 2113 prtestitit
2766 2060 2779 2095 :
2810 2053 2865 2098 et
2910 2043 2979 2097 ob
3034 2044 3289 2097 victorias
3337 2058 3401 2095 ac
3443 2053 3641 2111 tmpma

2075 2143 2283 2189 tantum
2321 2135 2717 2204 imperatorem
2754 2150 2877 2190 eum
2931 2133 3131 2200 effecit,
3163 2144 3421 2203 quantum
3483 2148 3643 2188 nemo

2074 2241 2310 2295 unquam
2340 2227 2606 2297 superiori
2637 2230 2897 2285 memoria
2942 2227 3108 2282 ullum
3154 2228 3427 2283 exstitisse
3457 2241 3644 2283 recor-.

2073 2318 2253 2373 datur.
2282 2320 2432 2376 Adeo
2460 2320 2673 2377 felicem
2708 2334 2763 2378 et
2788 2325 2897 2379 Deo
2929 2325 3155 2379 charmn
3176 2365 3191 2387 ,
3223 2323 3358 2377 adeo
3400 2323 3545 2391 pium
3578 2337 3643 2377 ac

2075 2409 2438 2481 fortunatum,
2471 2424 2530 2469 ut
2568 2416 2750 2484 plures
2779 2418 2995 2486 quidem
3048 2428 3235 2486 gentes
3281 2431 3344 2470 ac
3393 2415 3641 2469 nationes

394 2522 556 2574 quam
613 2505 822 2574 priores
880 2504 1237 2573 imperatores
1292 2504 1393 2559 sub
1450 2504 1711 2560 ditionem
1758 2518 1911 2559 suam
1974 2502 2277 2573 redegerit;
2332 2506 2617 2576 imperium
2662 2522 2791 2562 vero
2850 2508 2996 2564 omni
3042 2506 3284 2561 molestia
3315 2519 3543 2560 vacuum
3576 2505 3644 2559 ad
3706 2534 3709 2537 »

395 2614 696 2657 extremum
738 2616 910 2671 usque
935 2601 1076 2656 diem
1109 2600 1431 2657 obtinuerit.

920 2692 1315 2746 ΚΕΦΑΛΑΙΟΝ
1363 2694 1434 2748 Ζ¹.

396 2786 552 2856 Πρὸς
578 2786 776 2855 Κῦρον
803 2784 920 2839 τῶν
942 2784 1190 2856 Περσῶν
1216 2785 1501 2850 βασιλέα,
1548 2787 1641 2839 καὶ
1700 2784 1965 2850 Ἀλέξαν-

686 2856 830 2925 δρον
853 2856 959 2911 τὸν
986 2855 1299 2910 Μακεδόνα
1328 2858 1666 2925 σύγκρισις.

2670 2692 2896 2749 CAPUT
2936 2692 3044 2750 VII.

2073 2784 2415 2854 Comparatio
2444 2787 2559 2857 ejus
2603 2802 2719 2857 cum
2767 2786 2908 2855 Cyro
2938 2785 3223 2841 Persarum
3255 2797 3301 2839 et
3340 2786 3642 2841 Alexandro

2603 2855 2948 2910 Macedonum
2976 2874 3109 2927 rege.

466 2948 691 3021 Περσῶν
717 2920 823 3019 *μὲν
852 2948 917 3019 δὴ
946 2948 1126 3019 Κῦρον
1153 2948 1380 3013 παλαιὸς
1402 2920 1634 3020 ἀνυμνεῖ
1674 2948 1828 3016 λόγος
1870 2966 1968 3001 πε-

2141 2948 2342 3021 Cyrum
2362 2948 2651 3005 Persarum
2691 2962 2866 3018 regem
2901 2964 3011 3018 prae
3042 2948 3251 3003 cunctis
3282 2950 3371 3019 qui
3405 2964 3648 3016 unquam

398 3041 600 3114 ριφανῆ
651 3038 1020 3111 ἀποφανθῆναι
1072 3040 1178 3093 τῶν
1227 3038 1467 3094 πώποτε.
1532 3040 1669 3093 Ἀλλ’
1719 3040 1840 3094 ἐπεὶ
1893 3041 1966 3112 μὴ

397 3134 588 3197 ταῦτα,
648 3132 800 3196 τέλος
845 3132 889 3185 δ’
937 3134 1101 3204 ἐχρῆν
1164 3134 1432 3205 μακαρίου
1496 3133 1968 3206 [ἀνυμνεῖν],νφα-

401 3225 484 3276 σὶν
510 3222 619 3292 (20)
672 3222 833 3275 αὐτὸν
876 3223 975 3275 οὐκ
1023 3222 1216 3284 αἴσιον,
1260 3224 1479 3294 αίσχρὸν
1507 3224 1683 3277 δὲκαὶ
1719 3224 1973 3278 ἐπονείδι-

402 3331 523 3366 στον
561 3313 664 3367 ὑπὸ
709 3314 965 3383 γυναικὸς
1015 3314 1241 3369 θάνατον
1281 3315 1598 3386 ὑποστῆναι.
1646 3316 1969 3371 Μακεδόνων

412 3404 751 3476 Ἀλέξανδρον
779 3405 1042 3478 Ἑλλήνων
1064 3408 1247 3479 ᾅδουσι
1274 3407 1484 3471 παῖδες,
1513 3406 1681 3478 μυρία
1702 3408 1968 3461 παντοίων

398 3495 564 3548 ἐθνῶν
596 3496 723 3565 γένη
769 3497 1265 3567 καταστρέψασθαι,
1299 3498 1490 3551 θᾶττον
1515 3497 1557 3549 δ’
1584 3499 1617 3570 ἢ
1656 3498 1967 3552 συντελέσαι

400 3587 479 3649 είς
509 3587 725 3658 ἄνδρας,
744 3588 1027 3660 ὠκύμορον
1049 3589 1341 3659 ἀποϐῆναι,
1367 3590 1572 3661 κώμοις
1592 3590 1968 3661 ἀποληφθέντα

400 3681 494 3733 καὶ
542 3680 749 3751 μέθαις.
783 3681 886 3735 Δύο
919 3682 1016 3752 μὲν
1044 3676 1201 3745 οὗτος
1239 3684 1376 3753 πρὸς
1406 3686 1519 3746 τοῖς
1551 3683 1841 3755 τριάκοντα
1870 3682 1967 3753 τὴν

402 3772 579 3827 πᾶσαν
625 3770 769 3845 ζωὴν
802 3775 1065 3837 ἐνιαυτοῖς
1103 3773 1339 3848 ἐπλήρου
1360 3791 1372 3805 ο
1409 3774 1613 3827 τούτων
1642 3774 1697 3827 δὲ
1723 3774 1821 3844 τὴν
1848 3775 1965 3846 τρί-

472 3929 583 4002 (Π)
613 3928 816 4002 Δνιιιςη
846 3933 1168 4002 ,πανοπλίᾳ
1221 3933 1571 4002 παντευχίᾳ.
1629 3932 1960 3988 Alterutrum

400 3998 718 4071 vocabulum
748 3998 1049 4057 redundat.
1096 3998 1172 4056 Ac
1218 4005 1368 4071 prius
1406 3998 1536 4057 mihi
1586 4004 1800 4057 videtur
1844 4018 1964 4058 esse

402 4068 757 4144 scholion.‘ln
801 4073 995 4144 codice
1048 4072 1179 4144 Fuit.
1219 4068 1745 4144 tleesthrtavcauxiq.
1801 4072 1965 4128 Paulo

402 4149 532 4214 post
562 4140 908 4214 scribendum
934 4152 1081 4214 Apulo
1134 4142 1200 4194 δι’
1252 4142 1414 4196 αὐτοῦ
1468 4144 1558 4214 τὸν
1612 4140 1803 4214 θνητὸν
1841 4145 1968 4196 ἀπο-

404 4208 647 4280 καθήρας
676 4208 808 4277 βίον,
846 4222 903 4265 ιιι
934 4208 1127 4281 legitur
1162 4216 1212 4265 in
1240 4214 1451 4268 schedis
1493 4208 1779 4276 Regiis'et
1825 4215 1875 4268 in
1907 4214 1969 4266 li-

402 4282 485 4401 gr.
544 4280 714 4359 §avi|.
767 4296 830 4335 ac
879 4280 1015 4339 Fuk.
1065 4282 1235 4337 Porro
1268 4285 1437 4338 codex
1488 4282 1622 4337 Fuk.
1666 4284 1827 4338 habet
1876 4284 1968 4337 τὸν

436 4368 628 4401 νπτων.

436 4368 495 4403 VT‘.
504 4368 609 4402 των
618 4391 628 4400 .

473 4392 800 4491 δι’έῖλῖιιιςη
838 4421 970 4488 Ταῖς
1015 4420 1254 4475 πάντων
1304 4422 1556 4491 ἀρεταῖς.
1607 4422 1965 4478 Scribendum

2073 3043 2379 3097 exstiterint
2417 3042 2675 3099 enituisse
2727 3052 2881 3095 vetus
2931 3049 3114 3095 narrat
3162 3040 3408 3095 historia.
3443 3041 3641 3093 Verum

2076 3133 2165 3187 ille
2192 3147 2537 3202 nequaquam
2584 3131 2797 3186 felicem
2856 3132 3058 3185 exitum
3100 3130 3244 3195 vitae,
3276 3131 3383 3184 imo
3424 3140 3640 3199 turpem

2070 3224 2235 3297 409
2262 3224 2441 3293 potius
2468 3234 2637 3293 atque»
2673 3222 3096 3292 ignominiosum
3122 3222 3344 3276 sortitus
3367 3235 3485 3277 esse
3513 3220 3645 3276 dici-

2072 3328 2158 3372 tur
2174 3362 2188 3383 ,
2211 3327 2394 3387 utpote
2412 3333 2440 3370 a
2459 3316 2684 3371 muliere
2709 3315 3048 3371 interfectus.
3066 3313 3433 3370 Alexandrum
3464 3314 3644 3369 Mace~

2071 3410 2266 3464 donum
2292 3408 2925 3478 regeminnumerabiles
2951 3418 3139 3476 gentes
3182 3407 3467 3463 domuisse.
3507 3423 3645 3477 prte-

2070 3500 2255 3555 dicant
2286 3501 2460 3557 Grteci
2487 3520 2501 3555 :
2530 3504 2623 3557 sed
2679 3501 2999 3570 priusquam
3058 3500 3125 3554 ad
3162 3500 3375 3554 virilem
3419 3508 3642 3553 aetatem

2075 3592 2434 3661 pervenisset,
2490 3590 2983 3648 comessatiouibus
3012 3599 3068 3646 et
3102 3589 3413 3644 temulentia
3460 3587 3645 3642 confe-

2073 3693 2240 3747 ctum,
2290 3683 2577 3737 immatura
2642 3693 2816 3739 morte
2871 3682 3127 3753 periisse.
3160 3681 3245 3745 ,Et
3291 3680 3383 3735 hic
3428 3680 3641 3749 quidem

2072 3775 2302 3829 duorum
2336 3790 2401 3830 ac
2462 3775 2682 3844 triginta
2739 3790 3006 3831 annorum
3061 3775 3239 3846 spatio
3302 3773 3469 3828 totius
3516 3772 3644 3824 vita:

2072 3932 2245 3987 ταῦτα
2275 3933 2602 4005 κοσμοῦντασ
2631 3932 2781 4005 τέλος
2821 3932 2929 4005 γὰρ
2968 3932 3065 4003 οὐχ
3096 3931 3171 3994 ὡς
3200 3929 3386 4005 ἐχρῆν,
3419 3928 3525 4005 ούδ’
3552 3931 3643 4005 ἐπὶ

2076 4005 2305 4076 μακρὸν,
2353 4001 2620 4076 ούμενοῦν
2649 4003 2760 4076 οὐδ’
2785 4001 2962 4076 αἴσιόν
3011 4001 3173 4070 φασιν
3208 4001 3392 4063 αὑτὸν,
3421 4001 3643 4076 αἰσχρὸν

2074 4071 2153 4138 δέ,
2178 4071 2297 4134 ,etc.
2331 4071 2500 4141 Quam
2537 4075 2750 4139 quidem
2782 4073 3065 4127 lectionem
3098 4082 3317 4126 secutus
3352 4082 3436 4124 est
3480 4071 3643 4123 Curi»

2076 4147 2483 4213 stophorsotms,
2516 4155 2573 4197 ut
2603 4160 2667 4198 ex
2730 4143 3175 4212 interpretatione
3223 4141 3338 4209 ejus
3391 4152 3643 4213 apparet.

2077 4213 2130 4267 In
2159 4208 2344 4269 codice
2372 4208 2551 4267 tamen
2604 4208 3056 4283 Morteano'pauln
3094 4208 3271 4283 aliter
3321 4208 3645 4283 emendatur

3032 4282 3168 4335 Ἀλλ’
3200 4282 3321 4334 ἐπεὶ
3369 4280 3442 4351 μὴ
3470 4280 3643 4333 ταῦτα

3411 4351 3639 4422 μακρὸν,

2075 4285 2163 4338 hic
2207 4285 2358 4339 locus
2420 4286 2473 4337 in
2525 4286 2665 4338 hunc
2726 4284 2987 4338 modum:

2074 4351 2185 4426 εἶχε
2218 4355 2543 4427 κοσμοῦντα,
2580 4354 2733 4418 τέλος
2765 4356 2863 4427 ούχ
2906 4355 3095 4427 dig"...
3138 4352 3245 4406 οὐδ’
3289 4353 3382 4404 ἐπὶ

2073 4422 2335 4496 ούμενοῦν
2409 4426 2515 4478 οὐδ’
2542 4426 2713 4479 αἴσιον
2754 4422 2912 4479 αὐτὸν
2974 4424 3286 4495 canet"...
3331 4422 3501 4496 κέναι·
3553 4424 3641 4496 αῖ-

401 4483 487 4568 est
509 4483 1460 4568 dioai’efquodChristophorsonus
1488 4483 1591 4548 non
1624 4493 1779 4568 \jidit.
1808 4494 1967 4549 Certe
2000 4483 2043 4538 ῐ)
2077 4483 2236 4568 σχρὸν
2294 4497 2372 4562 δέ,
2439 4508 2543 4551 etc.
2602 4495 2677 4549 Ex
2708 4496 2905 4565 quibus
2971 4483 3175 4548 laeuuis
3226 4493 3485 4568 suspicari
3522 4494 3643 4568 quis

403 4562 800 4632 ingveteribus
841 4564 1067 4632 seltetlis
1133 4564 1324 4626 ἀκοαῖς
1388 4565 1810 4632 superscriptum
1890 4573 1973 4618 est

401 4630 586 4705 eadem
610 4647 801 4705 manu.
835 4628 1027 4687 Scribo
1056 4633 1220 4687 etiam
1250 4628 1677 4705 μαρτυρόμενον,
1724 4644 1780 4688 ut
1811 4635 1974 4688 habet

389 4701 571 4754 codex
610 4699 747 4753 Fuk.

475 4769 586 4841 (19)
633 4771 809 4841 Vulg.,
864 4772 1141 4826 Νικῶντα
1183 4775 1505 4841 τροπαίοις.
1542 4774 1687 4837 Lego
1714 4772 1880 4825 νικῶν
1912 4789 1969 4825 τε

400 4839 677 4913 τροπαίοις
710 4839 932 4913 βασιλέα
969 4839 1242 4899 τοσοῦτον.
1296 4856 1400 4899 etc.
1435 4839 1486 4896 ιιι
1516 4845 1730 4897 schedis
1787 4844 1967 4913 liegiis

400 4912 489 4982 hic
542 4912 689 4965 locus
736 4912 833 4982 ita,
870 4914 1148 4982 suppletur
1190 4916 1256 4966 ad
1320 4916 1638 4982 marginem,
1687 4912 1971 4966 είσαεῖνι-

401 4930 489 4964 me
542 4930 689 4965 IOCIIS
736 4930 805 4963 ua
870 4930 1148 4982 suppletur
1190 4930 1256 4966 au
1320 4930 1436 4967 mar
1477 4930 1638 4976 mem,
1687 4930 1857 4966 εισαει
1895 4931 1969 4965 νι-

401 4981 602 5055 κῶντα,
638 4980 918 5055 τροπαίοις
961 5000 1020 5035 τε
1058 4987 1168 5055 τοῖς
1202 4987 1321 5038 κατ’
1371 4930 1580 5055 ὲχέρῶν
1626 4983 1716 5036 διὰ
1774 4984 1969 5046 παντὸς

401 5052 840 5123 φαιδρυνάμενον.
874 5053 1053 5107 Codex
1098 5054 1231 5107 Fuk.
1279 5052 1431 5108 nihil
1457 5052 1653 5117 mutat,
1694 5055 1796 5107 nisi
1825 5057 1967 5121 quod

402 5124 836 5204 cqt'ijuuctiuuem
885 5124 1036 5177 addit
1101 5128 1204 5179 hoc
1255 5125 1414 5179 modo
1459 5142 1473 5179 :
1523 5124 1625 5176 καὶ
1666 5124 1837 5181 εἰσαεὶ
1891 5140 1968 5175 νι-

401 5210 599 5245 κωντα.

474 5263 585 5334 (20)
609 5260 767 5330 Vulg.
785 5264 946 5334 Ἀλλ’
961 5264 1088 5317 ἐπεὶ
1098 5264 1182 5334 μὴ
1201 5264 1385 5319 ταῦτα
1401 5263 1574 5330 τέλος
1588 5264 1639 5317 δ’
1653 5263 1840 5333 ἐχρῆν
1850 5280 1963 5333 μα-

401 5332 546 5402 κροῦ
565 5335 775 5401 φασιν.
794 5332 974 5406 Variis
998 5332 1179 5389 modis
1192 5338 1331 5389 hunc
1358 5336 1529 5389 locum
1555 5332 1964 5406 restituere’ag-

398 5407 569 5472 gressi
590 5412 716 5457 sunt
739 5404 839 5457 viri
867 5406 1031 5466 docti.
1063 5414 1121 5458 ut
1139 5416 1287 5474 patet
1316 5421 1381 5460 ex
1412 5420 1596 5459 eorum
1633 5404 1965 5461 emendatio-

402 5475 563 5526 nibus
585 5489 703 5543 quae
733 5474 799 5526 ad
829 5476 1121 5543 marginem
1162 5477 1415 5531 editionis
1447 5474 1799 5539 Cenevensis,
1827 5487 1880 5529 et
1909 5478 1960 5531 in

399 5544 585 5598 codice
608 5543 875 5599 Mormano
902 5546 1149 5612 ascriptaa
1172 5546 1587 5599 sunt.Aliienim
1622 5546 1696 5601 ita
1729 5547 1965 5601 scriben-

400 5620 526 5665 dum
556 5628 675 5688 esse
695 5613 1073 5688 conjecerunt:
1109 5615 1262 5688 Ἐπεὶ.
1298 5615 1371 5688 μὴ
1405 5615 1767 5679 ταῦτα,τέλος
1783 5616 1840 5669 δὲ
1856 5617 1961 5688 χρὴ

404 5686 624 5738 σκοπεῖν
670 5684 958 5753 μακαρίου,
1000 5684 1161 5752 φασὶν
1194 5684 1374 5747 αὐτόν,
1419 5693 1526 5739 etc.
1575 5687 1675 5739 Alii
1718 5684 1961 5741 νειοἒὶιὲ

402 5754 793 5809 emettdal‘uut:
844 5755 1000 5807 Ἀλλὰ
1042 5755 1108 5809 τὰ
1146 5757 1425 5811 τελευταῖα
1458 5756 1550 5807 τοῦ
1591 5756 1702 5827 βίου
1741 5754 1848 5826 εἶχε
1885 5757 1958 5827 μὴ

2077 4562 2181 4621 non
2213 4569 2485 4621 immerito
2536 4562 2741 4635 possit;
2779 4568 2917 4620 bane
2968 4580 3087 4619 esse
3135 4564 3319 4635 scripti
3362 4562 3639 4635 cujusdam

2075 4639 2278 4692 codicis
2340 4632 2648 4692 lectionem.
2706 4636 2770 4689 Et
2829 4636 3098 4705 posterior
3163 4634 3382 4705 quidem
3446 4632 3639 4705 lacuna

2074 4709 2220 4761 nullo
2247 4709 2460 4776 negotio
2486 4710 2565 4761 sic
2603 4704 2841 4775 suppleri
2871 4715 3070 4773 potest,
3101 4704 3260 4758 αὐτόν
3295 4720 3459 4771 φασιν
3487 4704 3643 4771 ἐσχη-

2073 4777 2245 4832 κέναι.
2289 4781 2392 4832 Sed
2430 4793 2550 4831 cum
2594 4777 2708 4829 haec
2746 4779 2928 4829 omnia
2966 4776 3176 4828 mendis
3226 4781 3495 4834 scateant,
3544 4790 3642 4825 nec

2071 4850 2365 4916 quidquam
2397 4849 2521 4901 boni
2552 4847 2719 4916 ertgiis
2745 4846 2866 4900 elici
2906 4846 3098 4915 possit,
3151 4844 3333 4897 malim
3389 4842 3638 4909 equidem

2072 4913 2135 4971 ea
2199 4913 2533 4987 expungere.
2598 4913 2692 4969 His
2763 4913 2921 4971 certe
2974 4916 3225 4987 resectis,
3299 4927 3490 4987 sensus
3555 4922 3641 4987 est

2070 4982 2447 5056 apertissimis
2494 4988 2597 5041 hoc
2640 4987 2800 5041 modo
2848 5003 2862 5040 :
2914 4984 3073 5041 Ἀλλά
3125 5000 3286 5055 φασιν
3332 4982 3494 5036 αὐτὸν
3540 4982 3642 5033 οὐκ

2069 5058 2263 5131 αἴσιον,
2289 5069 2393 5113 etc.
2428 5058 2572 5127 quod
2602 5058 2763 5131 etiam
2803 5058 2855 5110 in
2903 5058 3154 5131 versione
3182 5070 3302 5131 mea
3330 5069 3446 5131 sum
3481 5067 3639 5131 seen:

2070 5137 2175 5181 tus.
2202 5130 2343 5183 litem
2383 5124 2509 5181 ante
2537 5143 2638 5181 nos
2680 5127 2885 5181 fecerat
2925 5124 3160 5180 Joannes
3198 5126 3497 5187 Portesius,
3544 5124 3639 5190 qui

2068 5200 2170 5253 bos
2208 5198 2428 5253 Eusebii
2458 5199 2623 5271 libros
2649 5197 2727 5251 De
2750 5198 2856 5249 vita
2887 5196 3245 5271 Constantini,
3291 5196 3498 5271 primus
3532 5190 3637 5271 lia-

2070 5270 2183 5323 tino
2218 5270 2877 5337 sermoneinterpretatus
2923 5279 3025 5321 est.
3072 5268 3129 5320 ln
3169 5261 3383 5320 sctie'dis
3430 5261 3635 5337 Regiis,

2066 5353 2187 5413 post
2221 5341 2386 5395 verba
2414 5341 2502 5395 illa
2527 5336 2680 5413 τέλος
2701 5340 2746 5393 δ’
2767 5339 2936 5411 ἐχρῆν
2972 5338 3309 5413 μακροῦ,-ιις1
3337 5336 3637 5413 marginem

2067 5406 2181 5467 haec
2216 5413 2507 5475 adduntur,
2539 5410 2653 5481 βίου
2699 5406 2938 5465 σκοπεῖν.
2972 5406 3152 5466 Codex
3199 5409 3334 5481 Fuk.
3364 5407 3518 5481 hunc
3553 5406 3637 5458 lo-

2067 5499 2189 5536 cum
2221 5484 2410 5553 eodem
2442 5478 2665 5553 prorsus
2711 5488 2871 5534 modo
2928 5484 3187 5553 scriptum
3249 5478 3507 5553 exhibet,
3529 5490 3638 5538 quo

2066 5555 2203 5607 liber
2233 5552 2414 5607 Mor-sei
2442 5547 2537 5606 'ac
2585 5551 2929 5606 Turnebi.—
2972 5547 3282 5605 Lee-tionem
3319 5547 3638 5600 admisimus

2065 5640 2224 5693 quam
2253 5624 2467 5680 exhibet
2491 5622 2829 5679 lleinichenii
2862 5621 3103 5678 recensio
3128 5617 3443 5689 Lipsiensis.
3473 5616 3635 5669 Ειιιτ.
