4168 6408
498 245 604 304 9l9

1209 244 1479 303 EUSEBll
1517 225 1999 308 CIESARIENSIS
2037 250 2186 307 OPP.
2226 248 2409 307 PARS
2445 249 2488 306 Ι.
2528 280 2598 291 -
2634 228 3031 306 HISTORICA.

3654 251 3757 310 99.0

498 377 718 416 cursum
771 362 1032 429 absolvit;
1075 378 1303 434 quorum
1337 382 1442 422 non
1475 367 1597 437 plus
1627 384 1790 439 quam
1848 373 2064 426 tertiam

2172 389 2264 442 την
2293 365 2359 426 αὗ
2384 370 2544 426 πλέον
2582 370 2694 442 (21)
2726 370 2873 441 ὁτῆς
2907 365 3182 441 βασιλείας
3213 369 3521 442 περιώριζε-
3541 370 3757 442 χρόνος.

497 473 562 526 pa
577 467 709 510 rtem
761 465 971 526 tempus
1005 457 1155 526 regni
1187 455 1332 512 illius
1357 457 1460 513 sibi
1487 459 1745 515 vindicat.
1774 461 2070 518 Grassatus

499 557 679 604 autem
725 558 809 604 est
855 563 954 618 per
981 550 1157 604 caedes
1193 549 1365 605 instar
1395 550 1662 618 fulminis,
1691 563 1883 624 gentes
1906 564 2074 626 atque

497 639 661 696 urbes
688 641 932 711 integras
957 641 1163 710 absque
1188 641 1297 696 ullo
1319 644 1498 699 aetatis
1523 644 1846 702 discrimine
1886 647 2075 703 crude-

496 729 622 785 liter
653 733 903 786 servituti
932 733 1251 802 subjiciens.
1285 733 1394 790 Sed
1419 751 1542 791 cum
1581 737 1804 793 vixdum
1859 739 1914 795 in
1952 740 2072 810 ipso

450 865 459 874 ,
494 823 673 876 aetatis
698 820 830 878 ﬂore
860 833 1067 892 ageret,
1098 833 1154 879 et
1180 826 1450 880 amasium
1487 843 1644 882 suum
1674 828 2072 900 lugeret,mors

494 922 719 981 repente
747 915 1157 983 superveniens,
1183 915 1335 981 illum
1363 917 1645 987 improlem
1667 959 1684 985 ,
1711 919 1854 974 nulla
1877 921 2068 992 stirpe,

494 1003 639 1056 nulla
675 1003 956 1058 fundatum
992 1005 1185 1072 domo,
1225 1007 1277 1061 in
1307 1019 1532 1064 externo
1568 1019 1624 1064 et
1658 1011 1870 1066 hostico
1917 1028 2066 1083 agro,

491 1107 563 1147 ne
599 1095 894 1150 humanum
945 1113 1116 1166 genus
1182 1098 1384 1153 diutius
1444 1109 1720 1167 vastaret,
1787 1103 2067 1158 exstinxit.

490 1184 613 1238 lllox
668 1201 891 1257 regnum
925 1187 1042 1257 ejus
1070 1190 1225 1244 varia
1279 1191 1333 1244 in
1393 1193 1637 1246 membra
1669 1193 1936 1250 divulsum
1966 1205 2067 1262 est,

492 1276 722 1347 singulis
770 1278 886 1347 ejus
940 1279 1212 1336 ministris
1257 1290 1467 1349 partem
1507 1283 1608 1336 sibi
1664 1298 1858 1352 rapere
1907 1293 2071 1355 atque

493 1367 709 1422 auferre
739 1370 1217 1426 contendentibus.
1260 1371 1466 1428 Verum
1499 1375 1586 1429 hic
1615 1375 1837 1444 quidem
1870 1376 1939 1431 ob
1971 1379 2063 1434 bu-

487 1460 725 1528 jnsmodi
748 1463 891 1517 mala
927 1463 1180 1518 laudibus
1216 1462 1466 1518 effertur.

1059 1555 1286 1612 CAPUT
1322 1555 1453 1612 Vlll.

563 1644 715 1710 Quod
756 1647 932 1700 orbem
975 1647 1350 1712 propemodum
1377 1649 1677 1704 universum
1715 1652 1994 1722 subegerit.

559 1737 753 1792 Noster
783 1753 910 1793 vero
949 1739 1244 1808 imperator
1271 1755 1338 1796 ex
1370 1755 1434 1796 eo
1468 1743 1645 1797 aetatis
1667 1758 1812 1799 anno
1836 1760 2068 1816 regnare
2096 1748 2143 1808 Β

487 1846 646 1886 orsus
674 1838 778 1897 est,
805 1845 912 1900 quo
936 1830 1154 1886 Macedo
1181 1831 1270 1886 ille
1309 1832 1562 1889 decessit.
1596 1835 1675 1890 Ac
1701 1836 1824 1891 vita:
1852 1837 2066 1906 quidem

487 1925 723 1993 spatium
769 1923 931 1993 duplo
983 1923 1156 1993 majus
1189 1925 1379 1980 habuit
1402 1941 1564 1996 quam
1598 1927 1720 1994 ille,
1753 1930 1904 1999 regni
1937 1945 2069 1987 vero

485 2015 650 2084 triplo
673 2015 906 2088 longius.
935 2017 1200 2072 Caeterum
1233 2034 1354 2072 cum
1382 2021 1680 2075 exercitum
1716 2036 1874 2076 suum
1914 2039 2069 2079 man-

487 2110 656 2164 suetis
682 2124 746 2163 ae
765 2109 1020 2165 modestis
1045 2111 1320 2181 religionis
1349 2112 1633 2182 praeceptis
1654 2114 1995 2182 munivisset,
2015 2117 2067 2171 in

485 2199 823 2255 Britanniam
853 2202 1070 2269 quidem
1114 2211 1168 2256 et
1201 2202 1254 2257 in
1288 2217 1381 2258 eos
1403 2203 1494 2272 qui
1524 2205 1578 2258 in
1615 2205 1730 2275 ipso
1751 2207 2070 2265 habitabant

487 2296 703 2350 Oceano
736 2294 805 2348 ad
837 2293 968 2348 solis
999 2309 1254 2348 occasum
1287 2293 1442 2364 longe
1483 2296 1698 2366 lateque
1733 2297 1960 2365 diffuso,
1988 2300 2067 2355 si-

486 2402 590 2455 gna
619 2385 823 2440 intulit.
853 2385 1130 2456 Scythiam
1172 2401 1301 2440 vero
1331 2387 1798 2460 universam,quaz
1818 2391 1920 2446 sub
1955 2393 2070 2460 ipso

485 2477 860 2546 septentrione
892 2476 1090 2543 posita,
1137 2476 1190 2530 in
1239 2476 1499 2544 plurimas
1534 2488 1722 2547 gentes
1753 2488 1808 2533 et
1851 2483 2070 2536 nomine

485 2577 544 2620 et
591 2567 836 2622 moribus
905 2566 1274 2636 discrepantes
1345 2567 1640 2635 dividitur,
1679 2585 1777 2625 suo
1829 2570 2072 2640 adiunxit

486 2659 740 2726 imperio.
767 2656 882 2712 Jam
915 2674 1046 2713 vero
1086 2674 1209 2712 cum
1240 2659 1306 2713 ad
1345 2669 1618 2716 extremos
1656 2662 1903 2718 meridiei
1931 2663 2068 2719 fines

487 2750 774 2820 imperium
808 2761 1183 2820 propagasset,
1206 2751 1272 2804 ad
1298 2750 1444 2819 ipsos
1471 2752 1728 2807 nimirum
1764 2753 2070 2826 Blemmyas

483 2849 542 2894 et
572 2838 857 2910 [Ethiopas
887 2856 1017 2896 :eos
1057 2856 1273 2911 quoque
1315 2842 1405 2911 qui
1455 2844 1521 2897 ad
1550 2843 1680 2898 solis
1708 2855 1886 2899 ortum
1921 2847 2070 2903 inco-

485 2928 626 2992 lunt,
653 2930 706 2984 in
739 2945 892 2984 suam
923 2929 1186 2984 ditionem
1230 2931 1550 3001 redigendos
1573 2934 1797 3001 putavit.
1829 2936 2070 3006 Denique

483 3023 552 3075 ad
583 3021 802 3076 ultimos
832 3037 1003 3092 usque
1028 3022 1359 3078 continentis
1403 3025 1685 3088 terminos,
1721 3025 1822 3081 hoc
1857 3037 1940 3082 est
1999 3029 2066 3084 ad

2179 461 2377 534 ἐχώρει
2409 462 2466 516 δὲ
2497 462 2564 515 δι’
2595 462 2868 533 αἱμάτων,
2901 460 3041 532 ἀνὴρ
3069 460 3311 532 σκηπτοῦ
3339 461 3494 533 δίκην
3522 463 3757 532 ἀφειδῶς

2177 557 2304 628 ἔθνη
2359 557 2454 611 καὶ
2497 557 2680 620 πόλεις
2723 556 2850 620 ὅλας
2898 555 3098 627 ἡϐηδὸν
3153 555 3752 628 ἐξανδραποδιςρμενος.

2180 650 2340 720 Ἀρτι
2367 648 2424 702 δὲ
2459 648 2653 720 μικρὸν
2675 647 2945 718 ἀνθούσης
2968 647 3118 718 αὐτῷ
3138 647 3236 718 τῆς
3263 646 3412 720 ῶρας
3434 647 3544 720 (.22)
3572 649 3666 704 καὶ
3686 650 3756 706 τά

2178 740 2407 794 παιδικά
2441 739 2747 804 πενθοῦντι,
2783 739 2972 804 δεινῶς
3012 739 3074 793 τὸ
3119 740 3296 813 χρεὼν
3345 741 3590 807 ἐπιστὰν,
3633 743 3754 797 ἄτε-

2174 846 2323 892 κνον,
2355 829 2596 901 ἄρριζον,
2631 829 2896 895 ἀνέστιον,
2923 830 3010 884 ἐπ’
3035 829 3342 903 ἀλλοδαπῆς
3369 833 3460 886 καὶ
3492 833 3755 904 πολεμίας

2174 921 2360 986 αὑτὸν,
2391 920 2468 985 ὡς
2499 921 2564 975 ἂν
2617 921 2691 993 μὴ
2726 922 2806 984 εἰς
2854 921 3064 993 μακρὸν
3105 921 3418 994 λυμαίνοιτο
3451 921 3514 975 τὸ
3545 923 3754 994 θνητῶν

2174 1013 2353 1081 γένος,
2383 1011 2670 1083 ἠφάνιζεν.
2707 1011 2917 1067 Αὐτίκα
2946 1013 2993 1066 δ’
3022 1015 3054 1084 ἡ
3096 1012 3340 1084 βασιλεία
3370 1015 3752 1085 κατετέμνετο,

2174 1104 2282 1157 τῶν
2323 1104 2670 1178 θεραπόντων
2704 1104 2930 1158 ἑκάστου
2982 1105 3176 1176 μοῖράν
3203 1123 3327 1160 τινα
3359 1106 3751 1177 παρασπῶντος

2176 1193 2271 1247 κα)¹
2299 1194 2688 1265 διαρπάζοντος
2738 1195 2934 1266 ἐαυτῷ.
2983 1195 3118 1248 Ἀλλ’
3155 1196 3186 1248 ὁ
3229 1194 3327 1266 μὲν
3353 1195 3448 1248 ἐπὶ
3489 1195 3750 1261 τοιούτοις

2177 1288 2495 1357 ἀνυμνείται
2521 1290 2721 1359 χοροῖς.

2703 1552 3099 1606 ΚΕΦΑΛΑΙΟΝ
3138 1551 3217 1606 H’.
3457 1622 3462 1628 ί

2176 1643 2305 1697 ’Ὁτι
2351 1643 2457 1710 τῆς
2498 1642 2854 1713 οἰκουμένης
2881 1644 3084 1712 πάσης
3129 1641 3356 1713 σχεδὸν
3392 1643 3746 1714 ἐκράτησεν.

2252 1737 2311 1790 Ὀ
2358 1736 2402 1788 δ’
2456 1737 2723 1809 ἡμέτερος
2754 1738 3006 1807 βασιλεὺς
3049 1738 3108 1804 ἐξ
3144 1737 3352 1791 ἐκείνου
3402 1739 3498 1808 μὲν
3528 1738 3747 1812 ἧρχετο,

2171 1827 2229 1895 ἐξ
2279 1819 2450 1900 οὗπερ
2493 1832 2522 1882 ὁ
2555 1829 2820 1884 Μακεδὼν
2863 1830 3138 1894 ἐτελεύτα,
3185 1829 3528 1894 ἐδιπλασίαζε
3569 1831 3626 1884 δὲ
3667 1829 3748 1900 τῷ

2169 1919 2346 1992 χρόνῳ
2373 1920 2472 1991 τὴν
2500 1920 2706 1975 ἐκείνου
2737 1921 2901 1992 ζωὴν,
2940 1919 3260 1994 τριπλάσιον
3300 1920 3345 1974 δ’
3380 1923 3614 1974 ἐποιεῖτο
3645 1921 3747 1991 τῆς

2171 2011 2445 2083 βασιλείας
2483 2013 2544 2067 τὸ
2593 2014 2784 2085 μῆκος.
2844 2015 3101 2086 Ἦμέροις
3134 2014 3199 2082 γέ
3237 2031 3321 2067 τοι
3368 2015 3463 2068 καὶ
3507 2012 3745 2085 σώφροσι

2169 2104 2475 2169 θεοσεϐείας
2540 2105 2963 2178 παραγγέλμασι
3024 2105 3114 2158 τὸν
3172 2105 3334 2159 αὑτοῦ
3402 2105 3745 2177 φραξάμενος

2169 2196 2419 2267 στρατὸν,
2451 2195 2651 2268 ἐπῆλθε
2679 2197 2775 2267 μὲν
2801 2197 2899 2267 τὴν
2918 2197 3231 2269 Βρεττανῶν
3253 2197 3488 2260 καὶτοὺς
3519 2199 3575 2250 ἐν
3597 2197 3747 2268 αὐτῷ

2169 2289 2448 2353 οἰκοῦντας
2483 2289 2711 2360 ὠκεανῷ
2750 2289 2829 2360 τῷ
2881 2289 3022 2344 κατὰ
3051 2289 3242 2344 δύοντα
3270 2290 3420 2362 ἥλιον
3445 2289 3557 2361 (23)
3591 2308 3744 2361 περι-

2169 2379 2487 2452 οριζομὲνῳ,
2511 2381 2571 2433 τό
2604 2399 2662 2433 τε
2691 2381 2953 2435 Σκυθικὸν
2986 2382 3299 2452 ὑπηγάγετο
3327 2384 3455 2449 πᾶν,
3486 2383 3579 2436 ὑπ’
3607 2383 3742 2454 αὐτῇ

2169 2474 2355 2546 ἄρκτῳ
2380 2474 2592 2545 μυρίοις
2619 2473 2908 2545 βαρϐάρων
2937 2475 3318 2541 ἐξαλλάττουσι
3343 2475 3525 2552 γένεσι
3554 2475 3746 2546 τεμνό-

2173 2582 2350 2636 μενον.
2380 2566 2518 2637 Ἤδη
2545 2565 2600 2618 se
2631 2565 2724 2618 καὶ
2747 2565 3092 2638 μεσημϐρίας
3119 2567 3204 2620 ἐπ’
3230 2566 3433 2637 ἔσχατα
3451 2567 3550 2638 τὴν
3571 2567 3744 2638 ἀρχὴν

2169 2655 2433 2720 ἐκτείνας,
2466 2657 2545 2718 εἰς
2572 2657 2768 2720 αὐτοὺς
2790 2656 3081 2728 Βλέμμυάς
3109 2674 3167 2710 τε
3195 2657 3290 2710 καὶ
3308 2657 3569 2719 Αἰθίοπας
3588 2671 3601 2687 '
3625 2657 3744 2709 οὐδὲ

2169 2743 2277 2798 τῶν
2329 2745 2467 2816 πρὸς
2512 2745 2798 2818 ἀνίσχοντα
2842 2747 2992 2818 ἥλιον
3045 2747 3331 2819 ἀλλοτρίαν
3370 2751 3604 2802 ἐποιεῖτο
3646 2749 3744 2819 τὴν

2169 2835 2381 2907 κτῆσιν.
2418 2837 2534 2888 Ἐπ’
2565 2836 2707 2890 αύτά
2729 2837 2784 2890 δὲ
2816 2839 2885 2890 τά
2910 2838 3008 2909 τῆς
3031 2838 3356 2910 οἰκουμένης
3383 2839 3510 2912 ὅλης
3548 2839 3746 2910 τέρμα-

2169 2946 2257 2992 τα,
2301 2929 2475 2982 Ἰνδῶν
2508 2929 2666 3001 μέχρι
2693 2929 2802 2982 τῶν
2829 2929 3102 2996 ἐξωτάτω,
3146 2931 3254 2984 τῶν
3294 2929 3608 3003 περικύκλῳ
3631 2932 3743 3003 (24)

2173 3022 2463 3097 περιοίκων
2495 3022 2588 3074 τοῦ
2636 3022 2837 3087 παντὸς
2891 3024 2989 3095 τῆς
3039 3024 3144 3094 γῆς
3187 3024 3264 3095 τῷ
3317 3024 3417 3096 βίῳ
3461 3025 3743 3095 στοιχείου,

485 3122 760 3169 extremos
811 3115 971 3170 ludos
1010 3124 1064 3170 et
1103 3115 1448 3170 circumsitos
1500 3118 1740 3188 undique
1797 3120 2059 3190 populos,

2172 3116 2344 3186 φωτὸς
2377 3115 2657 3180 εὐσεϐείας
2687 3116 2897 3168 ἀκτῖσιν
2928 3115 3243 3187 ἐκλάμπων,
3287 3113 3432 3187 εἶχεν
3474 3117 3746 3188 ὑπηκόους

485 3215 718 3261 cunctos
765 3207 1022 3262 mortales
1067 3207 1161 3277 qui
1205 3207 1514 3271 universum
1571 3217 1836 3263 terrarum
1875 3213 2061 3268 orbem

2172 3211 2412 3272 Ξπαντας
2438 3209 2738 3280 τοπάρχας,
2782 3207 3047 3278 ἐθνάρχας
3086 3209 3178 3262 καὶ
3217 3210 3501 3278 σατράπας
3549 3209 3748 3281 βαρϐά-

484 3297 754 3364 inculunt,
779 3297 1236 3368 splendidissimis
1281 3300 1499 3368 pietatis
1554 3300 1720 3355 radiis
1751 3303 2062 3372 illustrans,

484 3388 721 3459 regulos,
741 3387 1025 3459 praefectos
1053 3399 1107 3444 et
1139 3398 1387 3458 satrapas
1420 3388 1658 3458 gentium
1709 3391 2062 3446 barbararum

484 3482 585 3535 sibi
631 3481 898 3538 obnoxios
952 3497 1018 3537 ac
1058 3481 1307 3536 subditos
1352 3480 1580 3537 habuit;
1615 3481 1709 3551 qui
1747 3498 1842 3537 sua
1877 3493 2069 3552 sponte

482 3584 539 3627 et
562 3589 685 3628 eum
715 3574 911 3642 gaudio
945 3574 1119 3644 ipsum
1143 3572 1472 3638 salutabant,
1496 3584 1551 3627 et
1580 3573 1783 3643 legatos
1808 3590 1928 3628 cum
1957 3590 2072 3629 mu-

483 3669 707 3724 neribus
733 3669 802 3724 ad
832 3668 998 3741 410
1028 3685 1150 3724 eum
1199 3670 1504 3735 mittebant,
1543 3671 1766 3740 ejusque
1815 3668 2060 3723 notitiam

481 3771 644 3832 atque
676 3763 974 3819 amicitiam
1024 3763 1238 3834 plurimi
1292 3762 1651 3818 aestimabant.
1682 3761 1829 3816 Adeo
1856 3769 1913 3815 ut
1939 3776 2060 3816 eum

554 3876 666 3948 (21)
706 3873 794 3932 Αὖ
840 3879 1053 3934 πλέον.
1101 3881 1457 3938 Scribcntlum
1491 3883 1704 3938 videtur
1752 3883 1812 3937 ού
1869 3882 2053 3943 πλέον,

483 3961 644 4016 quam
697 3949 987 4005 lectionem
1044 3963 1264 4006 secutus
1317 3964 1402 4007 est
1456 3953 1755 4008 Portesius.
1815 3952 2060 4008 Christo-

484 4021 992 4092 phorsomts‘autcm
1018 4022 1094 4076 sic
1113 4024 1498 4090 interpretatus
1516 4035 1597 4077 est
1623 4025 1774 4092 quasi
1803 4024 2068 4092 legeretur

481 4088 516 4160 ἢ
552 4088 736 4163 μικρῷ
763 4089 946 4163 πλέον.
977 4093 1137 4146 Certe
1170 4088 1479 4149 Alexander
1509 4088 1736 4163 Magnus
1782 4088 2065 4149 duodecim

482 4159 641 4234 annis
660 4159 724 4214 et
762 4161 994 4231 amplius
1037 4164 1304 4233 regnavit,
1357 4165 1450 4234 qui
1499 4159 1784 4234 aliquanto
1835 4165 1955 4233 plus
1984 4163 2068 4218 ef-

480 4227 672 4284 ﬁciunt
724 4227 884 4300 quam
928 4227 1146 4287 tertiam
1200 4227 1408 4301 partem
1459 4227 1780 4289 duor'umae
1834 4227 2059 4301 triginta

479 4314 783 4375 annorum,
807 4302 852 4355 si
888 4302 1061 4375 resad
1099 4301 1370 4375 calculum
1404 4305 1674 4375 exigatur.
1711 4306 1904 4359 Verum
1937 4319 2064 4359 ora-

483 4378 630 4424 tores
693 4371 785 4439 qui
847 4372 1241 4440 amplilicandis
1306 4371 1471 4429 rebus
1499 4371 1755 4429 'student
1826 4389 1932 4429 non
1989 4375 2061 4428 ita

2168 3319 2277 3372 ρων
2309 3300 2498 3366 ἐθνῶν,
2552 3300 2790 3353 ἐθελοντὶ
2837 3300 3248 3370 ἀσπαζομένους
3293 3303 3387 3354 καὶ
3437 3303 3744 3372 χαίροντας,

2167 3395 2280 3454 τοῖς
2312 3408 2371 3443 τε
2407 3392 2536 3462 παρ’
2579 3391 2758 3443 αὐτῶν
2805 3390 2998 3459 δώροις
3016 3390 3126 3461 (⁷25)
3161 3390 3744 3462 ὃιαπρεσϐευομένους,

2171 3483 2265 3536 καὶ
2297 3482 2390 3553 τὴν
2417 3481 2554 3554 πρὸς
2580 3483 2737 3536 αὑτὸν
2768 3482 2967 3550 γνῶσίν
2996 3500 3053 3536 τε
3087 3483 3181 3535 καὶ
3209 3483 3388 3552 φιλίαν
3429 3485 3557 3555 περὶ
3597 3483 3746 3536 πλεί-

2173 3593 2300 3628 στου
2351 3575 2724 3644 ποιουμένους,
2753 3575 2893 3628 ὥστε
2933 3576 3026 3630 καὶ
3067 3579 3306 3648 γραφαῖς
3341 3576 3564 3629 εἰκόνων
3585 3577 3746 3629 αὐτον

2171 3666 2302 3738 παρ’
2336 3667 2515 3729 αὺτοῖς
2553 3668 2738 3736 τιμᾷν,
2771 3667 3102 3738 ἀνδριάντων
3133 3685 3191 3719 τε
3225 3665 3554 3737 ἀναθήμασι,
3591 3667 3747 3737 μόνον

2171 3776 2230 3811 τε
2265 3758 2681 3829 αὐτοκρατόρων
2707 3757 2856 3828 παρά
2878 3760 2990 3822 τοῖς
3020 3759 3152 3811 πᾶσι
3177 3760 3587 3811 Κωνσταντῖνον
3615 3774 3749 3824 γνω-

2165 3879 2294 3941 νῶν,
2323 3881 2526 3933 rectius
2571 3895 2733 3949 quam
2789 3877 2842 3931 in
2883 3878 3116 3949 vulgatis
3175 3878 3521 3935 editionibus.
3556 3877 3740 3946 Neque

2172 3951 2332 4019 aliter
2371 3950 2539 4004 codex
2577 3948 2960 4019 Fuk.;ccontra
2987 3948 3123 4003 ivero
3150 3951 3312 4019 paulo
3336 3960 3474 4018 post,
3507 3950 3593 4002 ubi
3632 3950 3747 4019 vul-

2176 4017 2312 4089 gata:
2339 4021 2608 4091 editiones
2639 4017 2894 4091 scribunt
2910 4017 3213 4091 βλέμμυας,
3243 4017 3382 4073 idem
3408 4021 3576 4073 codex
3610 4018 3744 4091 Fuit.

2176 4093 2337 4146 habet
2366 4090 2626 4160 βλέμυας,
2653 4104 2757 4143 nun
2796 4090 2956 4154 male,
2987 4089 3255 4144 ut‘nutavi
3288 4093 3356 4144 ad
3393 4091 3573 4143 Amm.
3606 4089 3744 4143 Mar-

2173 4162 2450 4216 cellinum.

2238 4232 2350 4301 (24)
2411 4229 2535 4285 Τῶν
2571 4230 2928 4298 περικύκλῳ.
2973 4230 3331 4286 Scribendum
3360 4239 3466 4295 est,
3504 4229 3612 4283 τῶν
3652 4229 3747 4283 κύ-

2169 4303 2282 4374 κλῳ
2312 4302 2606 4374 περιοίκων
2656 4301 2750 4374 τού
2811 4301 3011 4374 παντὸς
3045 4302 3143 4370 τῆς
3170 4302 3281 4374 γῆς
3335 4302 3620 4372 στοιχείου,
3665 4301 3747 4372 τῷ

2175 4371 2299 4446 βιῳ,
2329 4371 2503 4446 φωτὸς
2536 4371 2819 4446 εὐσεϐείας
2845 4373 3063 4446 ἀκτῖσιν
3105 4372 3420 4446 ἐκλάμπων.
3465 4376 3544 4446 ᾼο
3585 4371 3746 4446 voces

481 4450 671 4515 csacte
724 4439 1038 4510 loquuntur.
1088 4442 1276 4512 Itaque
1318 4444 1582 4501 Eusebius
1622 4455 1776 4500 recte
1821 4445 1958 4499 dixit
2005 4444 2065 4496 οὐ

2173 4439 2393 4515 quidem
2437 4444 2558 4497 illas
2587 4444 2694 4496 τῶν
2719 4441 2926 4515 ᾃκύκλῳί
2976 4439 3433 4515 περιοίκωνηειο.
3470 4441 3746 4496 Portesius

481 4508 665 4564 πλέον.

557 4578 902 4656 (22)_Vulg.,
935 4583 1245 4654 ἀνθούσης
1297 4585 1491 4655 αὐτῆς
1538 4587 1644 4656 τῆς
1678 4585 1854 4656 ὥρας.
1904 4584 2074 4641 Nemo

480 4658 589 4732 est,
612 4653 1034 4732 qtti_non_vid_eat
1056 4653 1401 4732 scribendum
1435 4653 1555 4713 esse
1579 4653 1734 4729 αὐτῷ
1764 4659 1865 4732 τῆς
1903 4656 2070 4732 ὥρας,

481 4730 544 4773 ut
578 4721 632 4789 in
668 4721 849 4777 Μοναεί
893 4725 1031 4781 libro
1062 4727 1226 4782 etiam
1272 4727 1589 4783 adnotatum
1626 4721 1727 4784 est.
1777 4721 1855 4784 Ιιίί
1883 4721 2075 4783 veteri-

479 4793 846 4866 bus_scl_iedis
889 4795 1089 4866 legitur
1134 4797 1323 4854 αὑτοῦ.
1373 4799 1480 4853 Sed
1533 4799 1668 4854 liber
1716 4798 1852 4854 Fuk.
1911 4799 2074 4852 habet

480 4860 650 4941 αὐτῶ.
689 4863 796 4941 Sed
845 4877 901 4919 et
923 4860 1095 4941 paulo
1125 4875 1250 4937 post
1276 4870 1625 4941 scribendum
1657 4869 1766 4923 τῶν
1810 4867 2073 4941 θεραπόν-

478 4948 588 5011 των
617 4934 873 5011 ἑκάστου.
921 4934 1071 5011 Etin
1114 4934 1221 4993 line
1267 4941 1462 5011 capitis
1506 4939 1625 5010 lego
1673 4941 1767 4994 ἐπὶ
1809 4934 2073 5003 τοιούτοις

479 5003 802 5080 ἀνυμνεῖται
850 5010 1064 5072 κακοῖς,
1081 5003 1415 5080 πιιιιοητιυὲιηι
1448 5003 1640 5080 scripti
1687 5012 1904 5066 codices
1938 5011 2071 5064 nihil

481 5079 716 5152 variant.
747 5078 803 5152 In
841 5081 1026 5152 codice
1080 5078 1232 5152 Fnk._
1256 5083 1516 5150 scriptum
1551 5078 1726 5137 inveni
1761 5081 1873 5134 τῶν
1910 5081 2073 5152 θερα-

482 5143 694 5224 πύντων
770 5147 1025 5224 ἑκάστου,
1078 5149 1297 5224 μοῖράν.
1335 5143 1458 5206 τινα
1518 5153 1936 5224 παρασπῶντος,
1978 5143 2074 5224 ένο-

480 5217 620 5270 ctius
668 5232 832 5288 quam
886 5229 943 5272 ut
977 5223 1028 5274 in
1082 5217 1333 5291 vulgatis
1381 5217 1714 5279 editionibus
1761 5222 2073 5295 περισπῶν-

473 5301 590 5349 τος.

554 5359 668 5432 (⁸25)
712 5359 892 5433 ναις..
944 5360 1024 5428 τῷ
1072 5359 1223 5433 κατὰ
1265 5361 1487 5417 δύοντα
1544 5364 1739 5433 ἣλιον.
1785 5364 1840 5418 lu
1889 5380 2072 5419 mann-

480 5431 717 5506 scriptq
745 5431 1021 5506 liegio__et
1073 5432 1211 5488 Fuk.
1238 5431 1579 5506 _disjunctini
1623 5437 1883 5491 scribitur
1933 5454 1945 5490 :
1991 5435 2069 5506 τῷ

480 5448 686 5554 ειπιὲιο
745 5448 914 5501 Hegio
965 5448 1021 5486 et
1074 5448 1211 5488 r'utt.
1265 5448 1574 5504 (llSlelCllll'l
1623 5448 1883 5491 scribitur
1933 5454 1945 5490 :
1991 5453 2068 5506 τῳ

480 5519 587 5555 κατ
647 5501 855 5575 δύοντα
893 5503 1065 5575 ἥλιον,
1116 5504 1319 5559 rectius
1380 5507 1500 5559 sine
1537 5505 1720 5564 dubio.
1783 5508 1875 5560 Sic
1931 5506 2068 5559 infra

478 5589 610 5644 cap.
633 5573 726 5637 «ll,
746 5575 837 5627 ubi
868 5573 934 5628 de
961 5575 1365 5644 provinciarum
1391 5576 1760 5630 exsultatione
1783 5576 2059 5644 loquitur:

491 5643 663 5711 Ἐθνη
687 5661 748 5716 τε
780 5644 936 5697 πάνθ’
965 5643 1077 5700 ὅσα
1114 5645 1339 5716 ὠκεανῷ
1374 5646 1451 5715 τῷ
1505 5645 1644 5698 κατά
1683 5643 1875 5700 δύοντα
1920 5645 2068 5715 ἥλιον

493 5713 870 5785 περιωρίζετο.
918 5717 971 5772 In
1005 5719 1194 5774 codice
1221 5713 1389 5787 Regio
1423 5713 1614 5789 legitur
1643 5720 1803 5772 etiam
1834 5713 2066 5787 Βρεττα-

2176 4511 2244 4570 ad
2275 4515 2434 4568 Indos
2468 4515 2672 4567 retulit.
2708 4513 2801 4568 Sic
2843 4511 2988 4568 enim
3044 4511 3204 4566 vertit
3239 4530 3254 4568 :
3291 4511 3454 4566 Indos
3480 4522 3746 4576 extremos

2175 4601 2336 4654 usque
2398 4594 2550 4638 terra
2589 4585 2821 4652 undique
2861 4585 3242 4652 circumjecloa.
3293 4582 3398 4636 Sed
3453 4598 3559 4637 non
3613 4595 3745 4651 puto

2176 4657 2316 4711 hanc
2356 4669 2475 4709 esse
2534 4665 2769 4710 mentem
2831 4655 3071 4708 Eusebii.
3122 4655 3305 4723 Neque
3353 4654 3497 4708 enim
3539 4664 3748 4707 veteres

2175 4726 2494 4797 geographi,
2527 4725 2868 4797 lndos__orbis
2918 4737 3182 4797 terrarum
3201 4723 3470 4797 ambitum
3513 4724 3746 4777 circum-

2175 4794 2355 4854 colere
2382 4794 2624 4865 unquam
2667 4795 2942 4850 dixerunt.
2992 4794 3214 4865 Hispani
3265 4794 3483 4862 quidem
3521 4809 3740 4848 avorum

2175 4868 2456 4931 memoria,
2487 4877 2753 4921 terrarum
2781 4877 2987 4935 partem
3021 4882 3211 4920 recens
3254 4865 3356 4919 sibi
3397 4866 3746 4935 cognitamet

2173 4938 2518 5020 patefactam,
2557 4932 3214 5019 Indiam-Occidentalem
3248 4932 3606 5058 appellarunt.
3646 4932 3748 4988 Ve-

2176 5024 2295 5058 rum
2320 5008 2394 5058 illi
2427 5010 2480 5058 id
2510 5024 2606 5058 ιιι-ο
2645 5007 2870 5058 arbitrio
2917 5023 3017 5058 suo
3059 5008 3256 5058 fecere.
3339 5006 3528 5058 rutnde
3561 5022 3613 5058 tn
3641 5004 3746 5058 Ett-

2176 5004 2295 5063 i'um
2319 5008 2394 5062 illi
2427 5008 2480 5062 id
2510 5024 2606 5078 pro
2645 5007 2870 5062 arbitrio
2917 5023 3017 5062 suo
3059 5008 3256 5062 fecere.
3288 5004 3528 5078 Proinde
3561 5004 3746 5078 inﬁn-

2173 5079 2307 5134 sebii
2356 5075 2526 5133 nostri
2574 5078 2694 5133 loco
2741 5079 3086 5133 scribendum
3135 5086 3264 5148 puto
3296 5076 3408 5130 τῶν
3455 5092 3517 5129 τε
3549 5075 3748 5148 κύκλῳ

2173 5149 2487 5221 περιοίκων,
2513 5159 2641 5221 (δια,
2664 5149 2746 5201 vel
2773 5151 2953 5218 potius
2984 5148 3117 5202 nihil
3136 5146 3502 5221 _mutandum.
3543 5146 3748 5201 Sensus

2174 5220 2317 5274 enim
2390 5232 2494 5286 est,
2549 5220 2964 5275 Constantinum
3022 5235 3052 5272 a
3113 5220 3339 5274 meridie
3392 5220 3458 5271 ad
3527 5226 3748 5285 septen-

2174 5294 2426 5354 trionem,
2462 5299 2518 5344 et
2559 5291 2628 5343 ab
2668 5304 2866 5344 occasu
2920 5289 2987 5342 ad
3049 5299 3249 5350 ortutn,
3309 5303 3745 5359 quaquaversum

2176 5363 2387 5416 cunctis
2417 5361 2728 5416 hominibus
2754 5360 3032 5429 Christum
3067 5361 3414 5429 praedicasse.

2242 5432 2356 5503 (25)
2400 5431 2636 5503 Τοῖςᾲτε
2667 5431 2804 5499 παρ’
2844 5428 3042 5484 αὐτῶν
3069 5428 3317 5503 δώροις.
3368 5430 3426 5484 ln
3452 5429 3746 5503 _veteribus

2171 5501 2395 5558 schedis
2422 5503 2511 5556 hic
2541 5501 2691 5571 locus
2732 5504 2804 5554 ita
2855 5503 3138 5569 suppletur
3183 5502 3254 5554 ad
3293 5501 3610 5571 marginem,
3635 5503 3746 5562 τοῖς

2169 5592 2228 5627 τε
2259 5575 2386 5645 παρ’
2416 5571 2594 5626 αὐτῶν
2626 5570 2815 5636 ξενίοις
2855 5589 2913 5645 τε
2958 5574 3049 5645 καὶ
3081 5571 3292 5642 δώροις,
3319 5570 3437 5645 etc2
3483 5570 3551 5645 Et
3591 5573 3746 5645 paulo

2172 5655 2295 5716 post
2336 5642 2388 5699 in
2445 5645 2635 5698 iisdem
2691 5644 2909 5716 schedis
2955 5643 3170 5715 legitur,
3201 5643 3330 5713 παρ’
3381 5642 3563 5706 αὐτοῖς
3612 5643 3744 5695 πᾶσι

2159 5712 2576 5790 ,Κωνσταντῖνον
2609 5712 2988 5787 γνωρίζεσθαι.

2994 5830 3012 5856 ι
