4168 6408
372 385 470 443 est
1475 387 1562 441 DE
1603 386 1766 442 vrrA
1807 371 2262 447 CONSTANTlNl
2300 385 2429 440 LIB.
2463 384 2504 439 l.
3514 386 3618 442 922

378 502 623 576 ρίζεσθαί
657 521 716 556 τε
758 503 853 558 καὶ
893 503 1137 574 βοᾶσθαι.
1181 503 1238 557 '0
1269 503 1326 556 δὲ
1357 503 1455 557 καὶ
1485 503 1644 575 μέχρι
1670 503 1778 559 τῶν
1804 504 1929 576 τῇδε

2057 503 2110 557 in
2143 515 2244 557 sua
2273 501 2503 572 quisque
2531 500 2803 570 provincia
2826 501 3020 572 partim
3047 502 3391 573 imaginibus,
3422 509 3613 573 partim

374 595 673 668 βασιλικοῖς
695 596 984 665 προσφωνή
995 611 1126 666 μασι
1145 594 1236 650 τὸν
1257 593 1450 648 ἑαυτοῦ
1471 594 1603 649 Θεὸν
1619 595 1935 667 ἀνεκήρυττε

2049 594 2243 650 statuis
2275 592 2487 664 publice
2511 593 2772 647 dedicatis
2803 593 3090 648 honoraret
3109 612 3122 648 :
3142 594 3396 664 solusque
3422 612 3486 650 ex
3516 597 3619 648 im-

373 687 470 742 σὺν
499 686 781 760 παρρησία
804 688 870 756 τῇ
899 685 1065 757 πάσῃ.

2052 685 2396 757 peratoribus
2421 685 2845 750 Constantinus,
2874 685 3074 756 ubique
3108 695 3370 740 terrarum
3400 689 3617 742 notissi-

371 794 490 834 mus
530 788 678 834 esset
706 792 770 832 ac
794 777 1199 833 celeberrimus.
1249 775 1421 848 Igitur
1465 777 1532 832 ad
1565 776 1666 832 has
1718 791 1888 848 usque
1913 789 2104 847 gentes
2166 778 2332 848 regiis
2386 775 2795 832 allocutionibus
2828 778 2994 832 Deum
3015 791 3169 832 suum
3209 793 3330 832 cum
3367 779 3511 833 omni
3553 779 3615 832 li-

371 869 581 925 bertate
609 869 942 938 praedicavit.

892 961 1288 1016 ΚΕΦΑΛΑῙΟΝ
1329 961 1404 1015 Θ’.

371 1051 491 1107 Ὀτι
513 1049 642 1117 υίὸς
653 1051 954 1120 βασιλέως
987 1055 1296 1120 εὐσεϐοῦς,
1328 1054 1424 1108 καὶ
1441 1054 1591 1122 υἱοῖς
1610 1054 1938 1120 ,ϐασιλεῦσι

805 1126 1088 1178 κατέλιπε
1127 1124 1240 1192 τὴν
1265 1124 1480 1195 ἀρχήν.

437 1214 549 1272 Εἶτ’
565 1218 626 1272 οὐ
659 1218 836 1288 λόγοις
883 1218 994 1288 (26)
1025 1220 1120 1290 μὲν
1148 1219 1291 1272 τοῦτ’
1330 1220 1616 1291 ἔπραττεν,
1646 1218 1938 1290 ἀφυστέρει

364 1310 424 1364 δὲ
449 1312 561 1374 τοῖς
576 1310 775 1382 ἔργοιςο
803 1310 890 1364 διὰ
913 1311 1091 1382 πάσης
1108 1311 1163 1364 δὲ
1195 1311 1384 1382 χωρῶν
1418 1312 1640 1382 ἀρετῆς,
1669 1311 1939 1374 παντοίοις

365 1400 646 1463 εὐσεϐείας
699 1403 930 1472 καρποῖς
984 1400 1327 1472 ὲνηϐρύνετο,
1394 1400 1790 1472 μεγαλοψύχοις
1842 1401 1938 1471 μὲν

365 1491 703 1562 εὐεργεσίαις
719 1494 843 1555 τοὺς
862 1492 1172 1564 γνωρίμους
1185 1492 1696 1562 καταδουλούμενος,
1725 1492 1938 1562 κρατῶν

363 1584 420 1637 δὲ
450 1583 632 1654 νόμοις
677 1583 1101 1654 φιλανθρωπίας,
1133 1583 1343 1655 εὐήνιόν
1373 1601 1433 1637 τε
1471 1584 1569 1655 τὴν
1618 1583 1791 1656 ἀρχὴν
1844 1582 1939 1645 καὶ

361 1673 691 1728 πολύευκτον
724 1675 893 1728 άπασι
942 1677 1055 1737 τοῖς
1093 1673 1417 1744 ἀρχομένοις
1444 1673 1934 1745 κατεργαζόμενος,

2636 955 2863 1012 CAPUT
2895 954 2988 1012 IX.

2048 1073 2222 1139 Quod,
2238 1071 2312 1142 pii
2358 1051 2696 1140 imperatoris
2729 1068 2897 1138 ﬁlius,
2920 1050 3193 1138 imperium
3233 1068 3362 1138 ﬁliis
3387 1069 3611 1139 reliquit.

2115 1206 2382 1262 Caeterum
2419 1218 2524 1257 non
2570 1201 2622 1256 id
2654 1200 2840 1256 verbis
2871 1200 3090 1270 quidem
3135 1201 3406 1269 praestitit,
3431 1216 3490 1254 re
3516 1217 3614 1254 an-

2049 1307 2154 1354 tem
2195 1297 2308 1366 ipsa
2339 1295 2633 1349 frustratus
2665 1300 2772 1348 est.
2806 1292 2910 1347 Sed
2947 1292 3000 1346 in
3033 1293 3176 1347 omni
3209 1307 3407 1361 genere
3439 1293 3614 1345 virtu-

2047 1393 2118 1446 tis
2143 1399 2315 1446 semet
2358 1402 2641 1451 exercens,
2688 1384 2856 1440 variis
2895 1384 3110 1454 pietatis
3148 1384 3412 1438 tructibus
3452 1383 3616 1436 abun-

2045 1482 2231 1545 davit,
2289 1481 2494 1534 amicos
2547 1477 2764 1548 quidem
2813 1475 3122 1547 ingentibus
3186 1478 3461 1532 beneficiis
3508 1477 3612 1530 sibi

2045 1573 2356 1630 devincieus
2375 1611 2390 1636 ,
2423 1571 2665 1626 subditos
2693 1586 2826 1627 vero
2853 1570 3154 1626 clementia:
3194 1569 3397 1638 legibus
3426 1569 3614 1623 mode-

2043 1685 2191 1733 rans,
2221 1679 2276 1723 et
2329 1669 2616 1736 imperium
2669 1683 2825 1722 suum
2885 1666 3151 1735 placidum
3201 1666 3415 1719 cunctis
3453 1674 3614 1733 atque

363 1767 538 1820 είσότε
592 1765 777 1820 λοιπὸν
835 1767 1068 1836 μακραῖς
1129 1766 1396 1836 περιόδοις
1441 1764 1578 1818 ἐτῶν
1627 1764 1935 1834 κεκμηκότα

2044 1759 2278 1828 optabile
2323 1759 2609 1825 exhibens,
2649 1761 2820 1814 donec
2846 1764 2968 1828 post
3007 1757 3165 1825 longa
3194 1771 3452 1811 annorum
3485 1771 3612 1809 cur-

363 1859 525 1912 αὑτὸν
563 1857 726 1922 θείοις
753 1857 927 1912 ἄθλων
965 1856 1160 1926 ἀγῶσι,
1210 1855 1483 1930 βραϐείοις
1530 1855 1829 1916 ἀθανασίας
1874 1853 1934 1906 ὃν

365 1948 545 2017 ὲτίμα,
579 1948 710 2012 Θεὸς
731 1947 1157 2020 ἀναδησάμενος,
1186 1947 1385 2019 θνητῆς
1414 1949 1479 2000 ὲκ
1511 1945 1783 2015 βασιλείας
1840 1945 1933 1998 ἐπὶ

361 2038 461 2110 τὴν
494 2043 624 2111 παρ’
651 2039 816 2093 αὐτοῦ
845 2041 1043 2111 ψυχαῖς
1071 2041 1246 2104 ὁσίαις
1265 2039 1695 2110 τιταμιευμένην
1721 2036 1935 2091 ἀτελεύ-

359 2145 523 2202 τητον
551 2129 694 2200 ζωὴν
729 2133 1120 2202 μετεστήσατο.
1169 2131 1388 2203 τριττὴν
1422 2129 1624 2183 παίδων
1649 2127 1808 2198 γονὴν
1833 2127 1933 2197 τῆς

364 2223 539 2294 ἀρχῆς
568 2222 809 2291 διάδοχον
839 2223 1076 2294 ἐγείρας.
1113 2221 1268 2276 Οὕτω
1295 2221 1358 2293 δὴ
1380 2222 1473 2276 καὶ
1497 2220 1684 2293 θρόνος
1710 2220 1810 2290 τῆς
1838 2219 1934 2289 βα-

364 2315 566 2378 σιλείας
617 2313 883 2384 πατρόθεν
921 2314 1018 2384 μὲν
1059 2315 1140 2376 είς
1182 2313 1344 2366 αὐτὸν
1394 2312 1606 2383 κατῄει,
1643 2309 1828 2380 θεσμῷ
1875 2309 1931 2361 δὲ

362 2406 596 2475 φύσεως,
625 2406 780 2460 παισὶ
806 2406 899 2458 καὶ
945 2407 1057 2468 τοῖς
1089 2405 1290 2458 τούτων
1312 2404 1553 2471 ἐκγόνοις
1593 2401 1928 2472 ὲταμιεύετο,

361 2503 442 2563 εἰς
461 2501 652 2571 ἀγήρω
673 2516 733 2552 τε
766 2498 952 2570 χρόνον
982 2493 1071 2551 οἷά
1093 2514 1176 2560 τις
1204 2495 1452 2566 πατρῷος
1477 2495 1776 2565 ἐμηκύνετο
1803 2493 1932 2563 κλῆ-

368 2608 476 2662 ρος.
504 2591 634 2654 Θεὸς
683 2591 780 2660 μὲν
827 2585 918 2643 οὖν
966 2589 1125 2642 αὐτὸν
1161 2588 1254 2641 καὶ
1282 2587 1376 2640 σὺν
1413 2587 1542 2656 ἡμῖν
1574 2585 1652 2638 ἔτι
1677 2586 1803 2637 ὄντα
1842 2583 1932 2636 τὸν

367 2681 630 2754 μακάριον
655 2680 1010 2752 θεοπρεπέσιν
1031 2679 1249 2749 aeuum;
1268 2679 1472 2749 τιμαῖς,
1490 2678 1583 2730 καὶ
1597 2676 1933 2729 τελευτῶντα

364 2778 646 2846 κοσμήσας
671 2773 966 2846 ἐξαιρέτοις
993 2777 1105 2838 τοῖς
1135 2775 1264 2844 παρ’
1291 2770 1454 2827 αὐτοῦ
1481 2771 1929 2842 πλεονεκτήμασι,

365 2869 560 2937 γένοιτ’
573 2869 638 2922 ἂν
659 2867 821 2922 αὑτοῦ
842 2867 936 2921 καὶ
955 2868 1220 2939 γραφεὺς,
1235 2867 1427 2934 πλαξὶν
1446 2864 1709 2939 οὐρανίων
1723 2862 1932 2934 στηλῶν

363 2960 488 3023 τοὺς
531 2959 640 3013 τῶν
693 2960 857 3013 αὑτοῦ
901 2959 1340 3032 κατορθωμάτων
1377 2958 1571 3021 ἄθλους
1605 2956 1715 3028 (27)
1749 2955 1933 3008 ἀνατιο

366 3051 498 3116 θείς.

2043 1852 2254 1916 ricula,
2309 1851 2452 1906 Deus
2498 1866 2658 1921 quem
2710 1849 2990 1913 coluerat,
3033 1849 3201 1904 variis
3249 1848 3396 1904 illum
3435 1857 3613 1902 certa-

2040 1947 2278 2001 minibus
2325 1945 2596 2002 defessum
2671 1946 3092 2001 immortalitatis
3137 1945 3376 2014 praemiis
3432 1959 3612 2000 remu-

2041 2050 2299 2104 neratus,
2340 2053 2406 2093 ex
2450 2037 2666 2093 mortali
2709 2052 2873 2108 regno
2925 2039 2991 2092 ad
3041 2038 3396 2093 immortalem
3444 2039 3610 2092 vitam

2040 2132 2246 2186 sanctis
2304 2131 2499 2185 animis
2563 2132 2702 2200 apud
2760 2147 2818 2186 se
2881 2141 3232 2200 praeparatam
3285 2130 3606 2197 transtulit;

2043 2221 2200 2274 triutn
2252 2219 2548 2276 liberorum
2591 2219 2806 2285 sobole,
2849 2222 3020 2289 quiin
3071 2222 3296 2288 imperio
3331 2221 3378 2275 ei
3426 2236 3613 2276 succe-

2040 2316 2269 2378 derent,
2303 2315 2556 2367 excitata.
2593 2312 2648 2367 In
2702 2313 2845 2368 hunc
2894 2313 3054 2383 igitur
3095 2313 3314 2369 modum
3357 2314 3612 2385 imperia-

2040 2407 2106 2461 lis
2153 2407 2390 2476 dignitas
2423 2422 2451 2460 a
2508 2416 2661 2477 patre
2698 2407 2915 2476 quidem
2963 2407 3278 2464 transmissa
3326 2409 3392 2462 ad
3437 2409 3610 2478 ipsum

2039 2498 2319 2568 pervenit;
2361 2497 2485 2565 jure
2517 2508 2693 2552 autem
2737 2507 2940 2551 naturae
2980 2497 3166 2553 liberis
3213 2512 3280 2553 ac
3330 2498 3612 2568 nepotibus

2038 2601 2277 2654 servata,
2340 2599 2396 2642 et
2447 2590 2502 2643 in
2552 2601 2868 2658 perpetuum
2921 2589 3176 2660 deinceps
3225 2600 3478 2660 tanquam
3519 2606 3612 2659 pa-

2040 2689 2191 2735 terna
2217 2681 2476 2750 {quaedam
2514 2681 2802 2737 baereditas
2850 2693 3140 2752 propagata
3185 2692 3288 2737 est.
3331 2686 3408 2738 Ac
3468 2682 3611 2737 Deus

2038 2773 2256 2841 quidem
2280 2772 2520 2841 ipse,qui
2549 2772 2917 2828 beatissimum
2937 2772 3083 2826 illum
3108 2774 3403 2844 principem
3437 2773 3611 2828 adhuc

2039 2865 2323 2920 nobiscum
2348 2865 2400 2919 in
2434 2864 2594 2921 terris
2626 2873 2872 2935 agentem
2896 2867 3091 2921 divinis
3121 2867 3418 2922 honoribus
3445 2865 3610 2920 subli-

2038 2959 2228 3023 mavit,
2248 2961 2604 3028 eumdemque
2635 2959 2954 3014 morientem
2978 2960 3173 3014 eximia
3206 2961 3438 3031 quadam
3469 2976 3609 3029 prae-

2041 3050 2286 3120 rogativa
2327 3050 2609 3120 dignitatis
2640 3053 2853 3107 ornavit
2875 3093 2892 3118 ,
2923 3053 3070 3107 solus
3101 3053 3225 3108 vita
3278 3052 3422 3108 illius
3467 3053 3610 3107 scri-

364 3155 489 3215 ptor
531 3145 697 3201 fuerit
747 3145 1000 3210 idoneus;
1055 3144 1255 3215 quippe
1298 3145 1387 3214 qui
1436 3143 1728 3198 certamina
1786 3143 1930 3198 illius
1988 3157 2184 3213 resque
2223 3143 2484 3213 praeclare
2541 3154 2718 3213 gestas
2763 3145 2817 3199 in
2881 3145 3193 3201 coelestibus
3239 3145 3433 3201 tabulis
3475 3162 3605 3201 con-

365 3239 678 3295 secraverit.

893 3331 1287 3384 ΚΕΦΑΛΑΙΟΝ
1345 3332 1404 3384 l'.

364 3421 504 3491 Περὶ
528 3421 636 3478 τοῦ
663 3423 757 3476 καὶ
783 3422 1116 3490 ἀναγκαίαν
1154 3417 1306 3475 εἶναι
1343 3421 1443 3474 καὶ
1465 3421 1796 3491 ψυχωφελῆ
1823 3420 1938 3491 τὴν

875 3493 1149 3560 ἱστορίαν
1176 3493 1424 3558 ταύτην.

447 3586 502 3638 Ἐ
511 3587 600 3656 μοὶ
628 3585 672 3637 δ’
702 3587 748 3638 εί
775 3586 868 3638 καὶ
892 3585 951 3637 τὸ
977 3584 1153 3652 λέγειν
1179 3583 1397 3648 ὲπάξιόν
1425 3603 1474 3637 τι
1507 3584 1607 3654 τῆς
1631 3585 1722 3638 τοῦ
1750 3585 1939 3657 ἀνδρὸς

371 3677 764 3748 μακαριότητος
790 3677 992 3746 ἄπορον
1030 3675 1304 3745 τυγχάνει,
1334 3675 1394 3727 τό
1433 3692 1492 3727 τε
1529 3679 1736 3747 σιωπᾷν
1765 3679 1940 3744 ἀσφα-

367 3770 456 3833 λὲς
503 3771 597 3823 καὶ
652 3769 951 3830 ἀκίνδυνον,
1006 3769 1154 3838 ὅμως
1199 3769 1511 3834 ἀναγκαῖον,
1569 3770 1795 3838 μιμήσει
1841 3770 1937 3840 τῆς

368 3861 992 3936 θνητῆςισκιαγραφίας,
1042 3858 1139 3930 τὴν
1171 3858 1259 3912 διὰ
1288 3857 1458 3926 λόγων
1490 3859 1674 3912 εἰκόνα
1701 3859 1793 3912 τοῦ
1822 3860 1936 3913 θεο-

368 3949 554 4019 φιλοῦς
581 3950 855 4002 ἀναθεῖναι
891 3949 1100 4020 μνήμῃ,
1148 3948 1306 4001 ὄκνου
1339 3948 1432 4000 καὶ
1458 3947 1656 4018 ἀργίας
1687 3949 1939 4016 ἀφοσιου-

371 4043 562 4116 μένους
581 4041 689 4111 (28)
700 4041 866 4111 ἔγκλη
878 4059 971 4111 μα.
988 4039 1235 4110 Αἰσχυνοί
1242 4057 1347 4111 μην
1363 4039 1469 4110 γὰρ
1486 4040 1548 4093 ἂν
1561 4040 1791 4110 ἐμαυτὸν
1805 4040 1936 4111 (9.9),

368 4138 416 4189 εἰ
445 4135 517 4206 μὴ
542 4134 609 4188 τὰ
639 4134 778 4188 κατά
825 4133 1072 4204 δύναμιν,
1105 4133 1206 4186 κᾶν
1243 4133 1454 4203 σμικρά
1548 4134 1718 4186 ταῦτα
1744 4135 1835 4187 καὶ
1857 4135 1940 4186 εὐ-

367 4227 516 4296 τελῆ,
547 4225 623 4296 τῷ
650 4225 920 4297 ὑπερϐολῇ
945 4224 1222 4288 εὐλαϐείας
1243 4225 1372 4278 Θεὸν
1394 4227 1708 4297 τετιμηκότι
1731 4227 1941 4296 συμϐα-

367 4319 586 4390 λοῦμαι.
620 4315 783 4389 Οἶμαι
805 4318 860 4370 δὲ
887 4318 980 4371 καὶ
1014 4317 1186 4380 ἄλλως
1221 4316 1478 4386 βιωφελὲς
1521 4319 1613 4370 καὶ
1646 4321 1938 4387 ἀναγκαῖον

371 4412 584 4466 ἔσεσθαί
647 4430 736 4484 μοι
788 4411 846 4464 τὸ
893 4411 1146 4482 γράμμα,
1196 4412 1599 4483 περιλαμϐάνον
1653 4413 1940 4484 βασιλικῆς

373 4505 718 4574 μεγαλονοίας
746 4503 990 4575 πράξεις,
1019 4503 1136 4574 Θεῷ
1162 4503 1238 4574 τῷ
1259 4505 1592 4575 παμϐασιλεῖ
1615 4506 1939 4576 κεχαρισμέ-

379 4615 484 4661 δας.
512 4593 588 4649 Ἦ
614 4597 721 4668 γὰρ
766 4598 864 4650 οὑκ
901 4597 1141 4668 αἰσχρὸν,
1177 4596 1426 4668 Νέρωνος
1455 4597 1550 4666 μὲν
1582 4599 1679 4667 τὴν
1721 4598 1938 4668 μνήμην

376 4689 464 4742 καὶ
486 4689 590 4742 τῶν
637 4689 824 4742 τούτου
850 4687 1045 4759 μακρῷ
1073 4687 1326 4758 χειρόνων
1363 4687 1638 4742 δυσσεὸῶν
1665 4706 1824 4740 τινων
1847 4689 1939 4740 καὶ

2666 3325 2891 3383 CAPUT
2920 3324 2990 3380 X.

2045 3419 2196 3485 Quod
2252 3421 2475 3474 historia
2535 3421 2646 3473 Iure
2710 3419 3036 3480 necessaria,
3074 3429 3124 3470 et
3182 3419 3252 3472 ad
3311 3419 3614 3485 formandos

2577 3505 2745 3542 mores
2794 3490 2942 3542 utilis
2999 3489 3084 3541 sit.

2113 3582 2225 3654 Ego
2248 3598 2376 3639 vero
2408 3581 2624 3637 tametsi
2672 3580 2806 3634 tanti
2842 3581 3059 3649 quidem
3102 3580 3202 3634 viri
3240 3580 3498 3636 felicitate
3530 3582 3614 3636 di-

2041 3690 2207 3744 gnum
2258 3676 2538 3744 quidpiam
2588 3676 2769 3730 dicere
2800 3671 3014 3728 difﬁcile
3052 3675 3338 3728 admodum
3378 3689 3499 3729 esse
3531 3675 3614 3727 in-

2041 3766 2302 3837 telligam,
2337 3767 2496 3821 silere
2529 3778 2708 3823 autem
2749 3779 2917 3823 tutum
2950 3783 3013 3822 ac
3063 3767 3306 3835 periculo
3338 3781 3569 3820 vacuum
3600 3788 3611 3822 :

2042 3859 2412 3913 necessarium
2472 3860 2828 3914 nihilominus
2876 3870 3008 3930 puto
3062 3859 3614 3929 piissimiiprincipis

2041 3949 2351 4019 imaginem,
2409 3951 2657 4020 exemplo
2717 3951 2961 4006 mortalis
3013 3951 3269 4020 picturae,
3324 3951 3612 4004 verborum

2043 4041 2314 4096 coloribus
2357 4057 2672 4112 expressam
2723 4043 2789 4096 ad
2835 4042 3223 4111 sempiternam
3270 4048 3609 4111 posterorum

2041 4138 2358 4190 memoriam
2407 4151 2756 4204 consecrare,
2806 4145 2863 4190 ttt
2915 4135 3134 4189 desidiae
3192 4144 3354 4204 atque
3405 4135 3613 4188 inertia:

2041 4228 2246 4284 crimen
2274 4228 2432 4301 411
2464 4246 2493 4284 a
2529 4232 2684 4284 nobis
2716 4228 3070 4298 depellamus.
3096 4227 3178 4283 Me
3206 4229 3347 4283 enim
3368 4229 3611 4300 profecto

2041 4319 2267 4388 puderet
2293 4322 2395 4374 mei
2425 4321 2618 4390 ipsius,
2650 4322 2753 4377 nisi
2786 4337 3000 4377 omnem
3060 4336 3233 4374 meam
3287 4320 3608 4375 industriam

2041 4426 2104 4465 ac
2134 4410 2471 4477 facultatem,
2493 4412 2617 4467 licet
2640 4413 2928 4467 admodum
2960 4413 3092 4467 levis
3108 4412 3176 4466 sit
3204 4421 3366 4480 atque
3394 4413 3608 4481 exigua,

2042 4502 2094 4556 in
2151 4503 2294 4558 hunc
2344 4505 2433 4572 qui
2469 4504 2710 4558 divinum
2761 4503 2970 4559 Numen
3027 4519 3238 4559 summa
3265 4503 3608 4560 observantia

2044 4607 2330 4651 veneratus
2383 4606 2485 4662 est,
2520 4597 2846 4652 conferrem.
2898 4597 3002 4652 Sed
3050 4609 3106 4653 et
3155 4599 3222 4654 ad
3269 4611 3608 4652 communem

2048 4689 2329 4744 hominum
2370 4693 2534 4744 vitam
2565 4691 2718 4757 utile,
2747 4691 2988 4760 mihique
3016 4691 3069 4744 in
3115 4689 3307 4761 primis
3354 4703 3608 4744 necessa-

443 4845 552 4913 (26)
585 4842 702 4899 Εἶτ’
735 4848 805 4899 οὺ
837 4845 1058 4914 λόγοις.
1091 4843 1172 4896 Ab
1203 4845 1287 4899 bis
1326 4845 1507 4900 verbis
1536 4853 1695 4911 caput
1728 4848 1935 4901 orditur

2042 4848 2205 4900 Savil.
2233 4856 2284 4901 et
2318 4847 2480 4911 Fnk.,
2508 4847 2762 4900 scribitur
2794 4844 3233 4914 ἀφοσιουμένους.
3280 4845 3374 4900 Est
3431 4854 3607 4898 autem

377 4915 572 4984 Regius
629 4918 820 4976 codex,
867 4930 1024 4984 quiem
1075 4929 1171 4968 nos
1226 4915 1455 4969 libenter
1498 4914 1666 4968 secuti
1727 4931 1932 4971 sumus.

373 4983 552 5038 Codex
578 5003 790 5055 quoque
818 4983 951 5039 Fuk.
983 4984 1072 5055 qui
1105 4985 1326 5054 singulis
1348 4985 1614 5054 capitibus
1645 5000 1771 5040 suos
1808 4987 1935 5039 titu-

373 5055 454 5107 los
480 5057 618 5126 sulet
646 5054 945 5126 priefigere,
984 5054 1052 5106 ab
1093 5056 1279 5126 iisdem
1313 5056 1491 5110 verbis
1534 5065 1693 5126 caput
1721 5059 1936 5110 exordi-

377 5135 483 5179 tur.
514 5125 765 5180 Eamdem
798 5124 1030 5195 denique
1065 5124 1356 5179 sectionem
1383 5125 1558 5194 reperi
1585 5124 1635 5177 in
1665 5127 1937 5182 veteribus

378 5195 593 5249 schedis
627 5196 966 5250 bibliotheca:
1000 5195 1197 5262 llegiat.

447 5265 559 5336 (27)
591 5264 1341 5336 Katopﬂwltdtwrﬁluovq.
1391 5263 1552 5336 Deest
1591 5278 1696 5318 vox
1749 5265 1938 5319 ἀνατι-

375 5334 508 5399 θείς,
535 5349 694 5403 quam
727 5337 779 5388 in
811 5334 989 5390 morari
1029 5335 1163 5388 libro
1190 5337 1255 5388 ad
1302 5335 1596 5403 marginem
1645 5338 1938 5402 ascriptam

374 5405 580 5460 inveni.
612 5405 667 5458 ln
691 5407 906 5461 schedis
936 5416 1112 5460 autem
1143 5404 1324 5474 Regiis
1357 5415 1478 5473 post
1501 5420 1689 5460 vocem
1720 5405 1934 5469 ἄθλους,

376 5478 493 5530 lucc
519 5476 883 5548 adilunturAad
910 5477 1225 5548 marginem,
1266 5476 1349 5539 είς
1385 5477 1630 5546 μακροὺς
1668 5476 1938 5548 ἐγχαράτ-

375 5563 482 5600 των
516 5545 736 5609 αίῶνας.
788 5546 918 5612 Quae
970 5545 1212 5616 profecto
1261 5545 1602 5616 nequaquam
1652 5545 1937 5612 rejiCieuda

377 5616 507 5670 mihi
541 5616 811 5678 videntur,
842 5616 955 5669 sive
973 5613 1049 5669 ex
1075 5613 1409 5681 conjectura,
1442 5613 1555 5670 sive
1594 5634 1660 5670 ex
1703 5617 1810 5669 alio
1843 5633 1937 5670 co-

377 5689 510 5809 dige'
545 5685 860 5755 deprompta
888 5687 1014 5740 sint.
1041 5684 1225 5740 Codex
1251 5693 1433 5740 tamen
1462 5686 1600 5740 Fuk.
1632 5687 1793 5741 habet
1813 5688 1938 5741 ἁνα-

377 5774 425 5809 τι
462 5771 560 5809 εις.

375 5771 560 5817 τιυεις.

448 5825 559 5895 (28)
611 5823 765 5896 Vulg.
847 5823 1342 5896 Ἀερωονιωμένους.
1403 5823 1464 5880 In
1523 5825 1677 5883 codd.
1751 5823 1941 5897 Regio,

2044 4919 2160 4970 haec
2218 4920 2394 4972 oratio
2471 4917 2879 4985 σολοικοφανής.
2936 4914 3229 4985 Dicendum
3289 4916 3430 4985 enim
3494 4924 3610 4967 erat

2040 4987 2438 5058 ἀφοσιουμὲνῳ,
2473 4989 2522 5058 si,
2557 4984 2843 5058 emendate
2870 4985 3013 5053 loqui
3043 4984 3318 5058 voluisset.
3353 4984 3408 5038 lu
3459 4993 3606 5037 vete-

2041 5060 2192 5110 ribus
2239 5055 2450 5111 scbedis
2513 5057 2710 5127 legitur
2776 5055 3205 5126 ἀφωσιωμὲνου,
3268 5066 3320 5111 et
3387 5071 3466 5126 νῳ
3515 5069 3608 5107 su-

2041 5128 2399 5196 perseriptum
2425 5134 2525 5180 est.

2117 5197 2230 5268 (29)
2253 5193 2677 5266 ίΑισχυνοίμην
2713 5193 2821 5268 γὰρ
2852 5193 2927 5246 ἂν
2959 5193 3237 5268 ἐμαυτόν.
3281 5193 3396 5268 Vos
3435 5195 3607 5268 ἐμαυ-

2044 5262 2136 5321 τόν
2174 5262 2500 5335 transposita
2529 5262 2647 5319 esse
2679 5267 2914 5335 videtur,
2954 5273 3010 5335 et
3035 5262 3260 5335 inferius
3285 5262 3605 5335 collocanda

2047 5339 2147 5390 hoc
2185 5331 2366 5406 modo,
2393 5335 2748 5406 αἰσχυνοίμην
2800 5333 3024 5406 γὰρᾶν,
3053 5333 3102 5384 εί
3131 5332 3206 5406 μὴ
3239 5332 3309 5385 τὰ
3346 5331 3488 5385 κατά
3509 5331 3608 5406 τὴν

2043 5405 2283 5476 ἐμαυτοῦ
2335 5403 2584 5476 δύναμιν,
2640 5403 2745 5476 etc.
2801 5403 2966 5476 Paulo
2995 5413 3114 5471 post
3146 5403 3265 5470 lego
3312 5419 3379 5476 ex
3422 5403 3608 5476 codice

2043 5471 2177 5531 F'uk.
2207 5475 2302 5548 Tqi
2323 5471 2902 5548 ὑπερϐολῇᾼερλαὸείας
2930 5471 3425 5548 Θεὸν-τετιμηκότι,
3452 5472 3539 5548 vel
3561 5473 3607 5526 si

2044 5549 2200 5618 malis
2237 5541 2315 5618 τῷ
2345 5547 2411 5600 δι’
2435 5541 2765 5618 υπερϐολήν.
2800 5545 2858 5598 In
2886 5544 3168 5618 veteribus
3183 5541 3396 5618 seltedis
3415 5541 3609 5618 ΜΝΞ-ος

2043 5617 2215 5672 thecae
2236 5609 2416 5686 Regia:
2436 5617 2522 5670 hic
2545 5609 3170 5686 locusiitasuppleturad
3189 5615 3462 5686 marginen
3486 5609 3609 5682 ιΤῷ

2045 5687 2254 5751 πάντας
2274 5681 2421 5759 ἡμᾶς
2448 5687 2515 5739 δι’
2541 5685 2848 5759 ὑπερϐολὴν
2880 5681 3165 5759 εὐλαὸείας
3209 5681 3342 5735 Θεοῦ
3385 5681 3609 5754 τετιμηὲ

2049 5759 2184 5812 κότι.
2216 5755 2367 5826 Quod
2391 5755 2830 5827 equidcm‘valde
2859 5756 3045 5824 probo.
