4132 6406
563 277 675 337 99.5

1271 277 1540 335 EUSEBH
1579 278 2061 335 CIESARI'ENSIS
2097 279 2248 336 OPP.
2294 278 2474 334 PARS
2513 280 2554 333 Ι.
2595 310 2662 320 -
2701 273 3094 331 HlSTOBlCA.

3715 263 3828 320 924

568 398 708 452 rium
749 398 852 450 hoc
889 409 1024 464 opus
1049 393 1167 449 fore
1197 395 1431 463 confido,
1462 411 1567 463 quo
1600 396 2005 466 generosissimi
2029 397 2132 450 im-

2247 396 2412 450 Ξιθέων
2438 395 2735 466 τυράννων,
2765 394 2973 447 ἀόκνων
3025 390 3318 460 εὐτυχῆσαι
3359 384 3743 457 συγγραφέων,
3775 383 3829 436 οἶ

567 489 837 557 peratoris
886 502 976 542 res
1031 495 1228 558 gestae,
1279 501 1492 541 summo
1531 489 1770 542 omnium
1826 487 2141 557 imperatori

570 584 680 636 Deo
721 587 995 648 accepta),
1053 579 1610 648 comprehenduntur.
1668 578 1954 646 Quomodo
1997 580 2144 634 enim

570 683 728 742 turpe
752 685 859 726 non
880 671 1065 735 fuerit,
1094 670 1324 725 Neronis
1352 670 1569 738 quidem
1605 679 1660 725 et
1685 671 1912 726 aliorum
1956 671 2148 740 impio-

572 781 691 820 rum
717 775 1071 836 Iyrannorum
1103 763 1193 832 qui
1222 763 1380 832 longe
1423 763 1511 818 illo
1557 763 1862 819 deteriores
1902 763 2145 830 fuerunt,

570 859 847 914 memoria:
885 874 991 913 non
1046 858 1286 912 defuisse
1339 856 1782 925 diligentissimos
1830 842 2145 926 scriptores,

568 952 662 1022 qui
704 950 842 1004 mala
872 958 1188 1019 argumenta
1235 948 1467 1020 eleganti
1505 963 1756 1004 sermone
1796 959 2146 1015 exornantes,

569 1040 878 1097 numerosis
927 1041 1280 1096 historiarum
1316 1039 1680 1096 voluminibus
1734 1041 2146 1096 condiderunt:

569 1149 671 1188 nos
706 1147 834 1188 vero
860 1131 1047 1197 silere,
1068 1133 1265 1203 quibus
1295 1134 1435 1186 Deus
1472 1131 1738 1201 ejusmodi
1768 1131 2147 1201 imperatorem

570 1226 785 1294 qualem
813 1227 959 1280 nulla
993 1242 1230 1294 unquam
1254 1235 1386 1279 aetas
1415 1225 1549 1278 vidit
1589 1225 1848 1288 nancisci,
1874 1233 1927 1279 et
1952 1225 2004 1278 in
2036 1224 2151 1293 ejus

570 1329 942 1387 conspectum,
959 1319 1203 1373 notitiam
1219 1333 1281 1372 ac
1294 1317 1620 1385 colloquium
1639 1316 1922 1386 pervenire
1935 1330 2153 1371 conces-

569 1411 667 1466 sit?
691 1410 1050 1478 Quamobrem
1087 1411 1130 1464 si
1169 1410 1416 1478 cuiquam
1446 1409 1632 1473 alteri,
1666 1409 1823 1462 nobis
1850 1418 1995 1462 certe
2016 1424 2152 1478 pra:-

570 1503 729 1573 cipue
759 1502 1034 1567 convenit,
1058 1511 1116 1555 ut
1149 1509 1227 1554 tot
1256 1516 1320 1555 ac
1339 1509 1489 1554 tanta
1515 1514 1632 1568 qua:
1658 1499 1963 1552 audivimus
1985 1500 2147 1562 bona,

571 1597 640 1649 iis
668 1595 996 1659 nuntiemus,
1045 1608 1280 1661 quorum
1340 1601 1548 1646 mentes
1600 1591 1868 1645 bonorum
1924 1605 2150 1658 operum

567 1682 818 1751 exemplo
847 1685 910 1735 ad
941 1697 1178 1735 amorem
1201 1681 1292 1734 Dei
1322 1683 1652 1735 excitantur.
1681 1679 1892 1750 Quippe
1915 1680 2002 1734 alii
2033 1680 2154 1748 qui-

571 1775 692 1826 dem
721 1775 885 1826 vitam
909 1773 1187 1826 hominum
1230 1773 1452 1827 minime
1485 1773 1750 1843 gravium,
1779 1783 1832 1827 et
1855 1788 1943 1827 res
1970 1781 2149 1840 gestas
2183 1749 2223 1803 Β

570 1865 640 1918 ad
676 1880 884 1917 morum
922 1865 1354 1919 emendationem
1386 1879 1613 1934 prorsus
1642 1865 1886 1930 inutiles,
1914 1872 2006 1918 aut
2032 1879 2150 1934 gra-

571 1957 681 2014 tia,
735 1963 828 2005 aut
865 1954 988 2007 odio
1045 1955 1426 2022 quorumdam,
1476 1963 1568 2008 aut
1615 1955 1680 2008 ad
1726 1955 1986 2009 doctrinae
2037 1971 2148 2009 suae

566 2045 989 2096 ostentationem
1021 2045 1262 2099 scribere
1286 2041 1552 2111 aggressi,
1583 2044 2022 2114 turpissimorum
2053 2044 2148 2098 tia-

567 2137 824 2204 gitiorum
851 2137 1219 2190 narrationem
1252 2135 1541 2206 magnifico
1572 2138 1862 2191 verborum
1888 2146 2146 2206 apparatu

567 2229 726 2283 aliter
753 2244 914 2298 quam
945 2230 1125 2284 decuit
1173 2228 1616 2298 amplificarunt,
1653 2229 1719 2284 iis
1763 2230 1853 2298 qui
1885 2229 2144 2299 singulari

570 2323 662 2378 Dei
689 2322 949 2376 beneficio
978 2321 1238 2374 malorum
1267 2330 1517 2391 expertes
1543 2321 1771 2386 fuerant,
1791 2323 2142 2390 pessimorum

565 2430 790 2486 operum
815 2424 868 2467 et
903 2430 1022 2482 quae
1066 2414 1337 2469 oblivione
1366 2429 1430 2469 ac
1461 2415 1697 2468 tenebris
1726 2414 1920 2469 involvi
1947 2414 2144 2471 debue-

564 2517 711 2573 rant,
741 2509 1025 2574 magistros
1053 2522 1109 2560 se
1132 2506 1451 2575 praebentes.
1483 2507 1566 2560 οΛι
1603 2505 1758 2562 nobis
1799 2507 1975 2562 oratio
2022 2507 2142 2576 qui-

2245 488 2308 559 δή
2361 485 2579 556 φαύλων
2629 485 2913 550 ὑποθέσεις
2964 483 3254 556 δραμάτων
3313 479 3579 552 ἑρμηνείᾳ,
3638 476 3827 547 “tum

2245 578 2701 642 καλλωπίσαντες,
2725 575 3060 640 πολυὸίϐλοις
3084 574 3350 645 ἀνέθηκαν
3379 571 3661 642 ἱστορίαις,
3679 569 3832 639 ἡμᾶς

2246 670 2303 723 δὲ
2337 672 2568 740 σιωπᾷν,
2593 669 2686 732 οὓς
2713 670 2846 732 Θεὸς
2884 668 3045 730 αὐτὸς
3079 665 3314 735 τοσούτῳ
3341 663 3685 732 συγκυρῆσαι
3723 660 3829 729 βα-

2250 762 2407 825 σιλεῖ,
2434 757 2544 815 οἷον
2561 764 2588 814 ὁ
2612 761 2832 833 σύμπας
2854 762 2952 831 οὐχ
2983 760 3261 830 ἱστόρησεν
3292 755 3426 812 αἰὼν
3448 754 3580 826 (50),
3606 753 3687 816 είς
3703 751 3829 820 ἦψεν

2248 872 2305 907 τε
2336 854 2431 908 καὶ
2447 854 2646 922 γνῶσιν
2670 853 2854 917 αὑτοῦ,
2896 850 3226 922 καὶγόμιλίαν
3254 848 3426 908 ἐλθεῖν
3450 845 3825 915 κατηξίωσενς

2249 946 2339 997 Διὸ
2362 946 2626 1016 προσήκοι
2653 944 2761 1014 (5|)
2796 943 2861 997 ἂν
2891 942 2946 996 εἴ
2973 960 3111 996 τισιν
3134 941 3332 1004 ἄλλοις,
3350 940 3446 992 καὶ
3472 940 3602 1008 ἡμῖν
3619 937 3826 999 αὐτοῖς,

2249 1035 2467 1104 ἀγαθῶν
2490 1035 2718 1104 ἄφθονον
2766 1034 2932 1106 ἀκοὴν
2961 1033 3248 1105 κηρύττειν
3295 1031 3518 1096 ἅπασιν,
3545 1025 3629 1094 οἷς
3653 1032 3687 1100 ή
3717 1029 3830 1082 τῶν

2250 1128 2430 1183 καλῶν
2458 1129 2690 1199 μίμησις
2728 1128 2863 1200 πρὸς
2906 1127 3004 1179 τὸν
3038 1126 3178 1178 θεῖον
3229 1124 3408 1196 ἔρωτα
3444 1123 3705 1194 διεγείρει
3734 1122 3833 1174 τὸν

2251 1221 2435 1274 πόθον.
2467 1222 2529 1274 Οί
2553 1221 2650 1290 μὲν
2678 1220 2786 1291 γὰρ
2819 1219 2927 1289 (32)
2960 1218 3106 1288 βίους
3132 1215 3338 1288 ἀνδρῶν
3374 1217 3435 1268 οὗ
3473 1214 3705 1286 σεμνῶν,
3732 1214 3832 1265 καὶ

2252 1313 2479 1385 πράξεις
2505 1313 2640 1385 πρὸς
2665 1311 2811 1382 ἠθῶν
2854 1310 3142 1381 βελτίωσιν
3159 1307 3512 1375 ἀλυσιτελεῖς,
3543 1309 3727 1378 χάριτι

2251 1408 2386 1476 πρός
2415 1424 2564 1470 τινας
2591 1406 2625 1474 ἦ
2658 1404 2941 1475 ἀπεχθείᾳ,
2970 1404 3109 1476 τάχα
3138 1402 3194 1455 δέ
3219 1418 3319 1455 που
3344 1402 3439 1453 καὶ
3462 1399 3596 1471 πρὸς
3630 1398 3834 1462 ἐπίδει-

2250 1498 2333 1564 ξιν
2391 1499 2490 1569 τῆς
2560 1515 2709 1566 σφων
2770 1495 2946 1548 αὐτῶν
3001 1493 3334 1557 παιδεύσεως
3393 1492 3829 1561 συναγαγόντες,

2251 1588 2448 1658 κόμπῳ
2507 1586 2768 1658 ῥημάτων
2811 1583 3157 1652 εὐγλωττίας,
3211 1583 3449 1653 αἰσχρῶν
3485 1582 3831 1652 πραγμάτων

2253 1680 2555 1750 ὑφηγήσεις
2582 1679 2682 1730 οὐκ
2721 1679 2799 1740 εἰς
2821 1676 2939 1729 δέον
2969 1674 3436 1746 ἑξετραγῴδησαν,
3481 1677 3592 1737 τοῖς
3622 1675 3700 1745 μὴ
3734 1691 3822 1742 με-

2253 1774 2471 1838 τασχεῖν
2521 1769 2629 1822 τῶν
2661 1768 2846 1822 κακῶν
2895 1768 3034 1822 κατὰ
3074 1767 3206 1820 Θεὸν
3240 1767 3618 1836 εὐτυχήσασιν,
3651 1765 3835 1835 ἔργων

2251 1864 2349 1916 οὐκ
2403 1861 2644 1931 ἀγαθῶν,
2681 1861 2815 1914 ἀλλὰ
2833 1859 2968 1931 λήθῃ
2998 1861 3092 1913 καὶ
3116 1861 3290 1924 σκότῳ
3318 1859 3618 1912 σιωπᾶσθαι
3663 1859 3836 1922 ἀξίων

2251 1953 2555 2007 διδάσκαλοι
2582 1952 2966 2014 καταστάντες.
3010 1951 3162 2021 Ἐμοὶ
3181 1952 3236 2004 δὲ
3265 1953 3292 2005 ό
3319 1952 3414 2022 μὲν
3442 1951 3544 2020 τῆς
3573 1951 3832 2022 φράσεως

2251 2046 2426 2115 λόγος,
2471 2047 2520 2099 εί
2566 2047 2659 2100 καὶ
2684 2045 2820 2115 πρὸς
2859 2046 2918 2098 τὸ
2963 2044 3186 2115 μέγεθος
3215 2045 3315 2113 τῆς
3351 2045 3459 2098 τῶν
3484 2043 3834 2115 δηλουμένων

2250 2139 2540 2209 ἐμφάσεως
2562 2138 2853 2204 ἐξασθενεῖ,
2884 2137 3224 2209 φαιδρύνοιτο
3251 2136 3380 2206 γοῦν
3407 2137 3556 2207 ὅμως
3575 2135 3674 2189 καὶ
3699 2135 3832 2206 ψιλῇ

2250 2235 2318 2304 τῇ
2344 2232 2452 2285 τῶν
2481 2230 2699 2300 ἀγαθῶν
2725 2231 2973 2302 πράξεων
2989 2231 3297 2303 ἀπαγγελίᾳ
3326 2230 3456 2300 (55)°
3483 2232 3516 2300 ἡ
3544 2230 3603 2282 δέ
3621 2246 3692 2297 γε
3718 2229 3834 2281 τῶν

2253 2309 2512 2392 θεοφιλῶν
2535 2323 2883 2392 διηγημάτων
2924 2323 3228 2394 ὑπόμνησις
3253 2322 3351 2375 οὐκ
3384 2322 3662 2391 ἀνόνητον,
3694 2319 3834 2374 ἀλλὰ

2249 2415 2344 2466 καὶ
2372 2414 2574 2486 σφόδρα
2602 2414 2840 2484 βιωφελῆ
2875 2417 2984 2478 τοῖς
3029 2414 3129 2485 τὴν
3166 2413 3342 2485 ψυχὴν
3384 2408 3442 2467 εὖ
3481 2429 3819 2484 παρεσκευα-

2251 2506 2468 2577 σμένοις
2505 2507 2773 2577 ποριεῖται
2801 2506 2900 2575 τὴν
2934 2505 3187 2572 ἔντευξιν.

564 2605 688 2656 dem
718 2602 828 2670 ipsa
871 2601 1115 2670 quamvis
1158 2600 1392 2669 suscepti
1453 2600 1634 2668 operis
1699 2601 2057 2670 magnitudini
2113 2616 2337 2672 prorsus
2378 2601 2554 2670 impar
2583 2602 2684 2669 sit,
2716 2600 2828 2655 sola
2871 2610 3051 2655 tamen
3088 2599 3575 2670 pulcherrimorum
3619 2595 3827 2652 facino-

565 2709 688 2748 rum
733 2693 1042 2746 narratione
1083 2692 1340 2747 illustrari
1383 2707 1541 2762 posse
1590 2692 1817 2747 videtur.
1859 2692 1980 2762 Ipsa
2027 2710 2156 2750 vero
2195 2710 2416 2765 Operum
2453 2698 2569 2750 Deo
2609 2702 2953 2763 acceptorum
2994 2690 3460 2756 commemoratio,
3523 2691 3591 2744 iis
3643 2691 3835 2759 utique

567 2786 658 2854 qui
692 2787 927 2840 animum
957 2793 1100 2840 recte
1128 2796 1498 2855 comparatum
1521 2785 1848 2854 habuerint,
1882 2801 1986 2841 non
2009 2787 2252 2844 inutilem
2274 2790 2367 2844 sed
2408 2789 2462 2844 i-u
2512 2789 2700 2859 primis
2724 2786 3054 2841 fructuosam
3096 2784 3384 2839 lectionem
3414 2784 3704 2854 praebitura
3721 2795 3832 2837 est.

1179 2964 1406 3020 CAPUT
1444 2965 1537 3021 XI.

570 3075 724 3140 Quod
748 3078 858 3132 sola
875 3080 1206 3134 Constantini
1228 3089 1372 3149 gesta
1391 3082 1597 3162 quaead
1612 3083 1858 3152 pietatem
1881 3083 2143 3150 pertinent

1131 3160 1450 3204 narraturus
1485 3160 1573 3205 ait.

638 3255 822 3326 Itaque
889 3259 1282 3330 quamplurima
1319 3261 1424 3315 alia
1465 3278 1585 3332 qum
1624 3265 1689 3319 de
1747 3266 1848 3319 hoc
1899 3265 2146 3335 principe

567 3349 774 3401 narrari
812 3358 1035 3417 possunt
1069 3367 1081 3401 :
1121 3350 1404 3406 conﬂictus
1454 3361 1509 3406 et
1551 3354 1760 3423 praelia,
1793 3355 1956 3410 fortia
2005 3356 2142 3410 faci-

566 3453 700 3493 nora
746 3449 905 3508 atque
937 3442 1234 3508 victorias,
1270 3451 1470 3513 trOpaea
1501 3459 1564 3498 ac
1601 3446 1904 3514 triumphos
1940 3446 2005 3499 de
2045 3445 2146 3499 ho-

567 3531 738 3585 stibus
771 3543 984 3602 partos,
1029 3543 1084 3588 et
1116 3551 1237 3604 quae
1267 3546 1523 3605 praeterea
1559 3537 1624 3592 ad
1658 3538 1992 3608 singulorum
2040 3539 2144 3593 uti-

567 3621 778 3675 litatem
815 3625 882 3678 ab
911 3639 976 3679 eo
1005 3627 1293 3680 constituta
1328 3637 1486 3693 sunt;
1530 3628 1673 3698 leges
1697 3631 1761 3682 ad
1805 3631 2143 3684 subditorum

564 3710 729 3784 412
762 3723 816 3768 et
841 3715 1144 3785 reipublicae
1174 3719 1514 3772 commodum
1544 3719 1682 3774 latas
1707 3737 1720 3784 ;
1751 3720 1885 3774 alios
1910 3721 2144 3790 denique

566 3807 826 3876 plurimos
856 3808 1191 3878 principatus
1234 3811 1449 3867 labores
1479 3813 1546 3867 ab
1593 3828 1658 3867 eo
1688 3813 2014 3877 exaullatos,
2053 3815 2143 3882 qui

568 3898 620 3952 in
659 3900 898 3953 omnium
933 3915 1030 3954 ore
1063 3915 1126 3954 ac
1163 3903 1420 3957 memoria
1473 3913 1778 3967 versantur,
1816 3916 2145 3974 praetereun-

568 3990 664 4044 dos
693 3991 820 4045 mihi
854 4007 996 4046 nunc
1040 4007 1160 4047 esse
1195 3995 1434 4049 arbitror
1466 4012 1480 4048 :
1507 3997 1704 4064 quippe
1738 4010 1860 4048 cum
1914 3995 2143 4049 instituti

564 4083 746 4149 operis
784 4093 1159 4152 argumentum
1194 4085 1483 4140 admoneat
1532 4101 1638 4151 me,
1678 4095 1737 4140 ut
1780 4101 1842 4140 ea
1885 4087 1997 4141 sola
2025 4103 2144 4157 qua:

568 4174 633 4227 ad
663 4174 752 4227 Dei
794 4176 995 4228 cultum
1029 4177 1322 4244 pertinent,
1361 4177 1589 4233 dicendo
1613 4193 1674 4232 ac
1702 4179 1998 4233 scribendo
2025 4195 2144 4249 per-

567 4280 779 4333 sequar.
810 4266 1074 4321 Caeterum
1128 4284 1248 4322 cum
1292 4271 1404 4324 lucc
1451 4270 1564 4339 ipsa
1601 4287 1824 4326 numero
1853 4286 1989 4341 pene
2022 4273 2145 4325 inii-

2773 2965 3169 3021 ΚΕΦΑΛΑΙΟΝ
3200 2967 3300 3018 IA'.

2251 3085 2364 3138 Ὅτι
2379 3088 2573 3155 μόνας
2596 3084 2667 3138 τὰ
2689 3105 2702 3120 ·
2725 3081 3186 3155 Κωνσταντίνρι)
3225 3080 3342 3134 νῦν
3360 3078 3685 3146 ἱστόρησεν
3707 3080 3806 3130 θεο

2779 3153 2974 3224 φιλεῖς
3016 3150 3283 3219 πράξεις.

2313 3270 2394 3323 Τά
2426 3270 2524 3342 μὲν
2545 3263 2637 3324 οὖν
2660 3270 2886 3322 πλεῖστα
2909 3269 3005 3322 καὶ
3024 3267 3275 3338 βασιλικά
3301 3265 3395 3319 τοῦ
3423 3265 3833 3338 τρισμακαρίου

2245 3365 2559 3436 διηγήματα
2599 3363 2732 3433 (54),
2766 3361 3040 3434 συμϐολάς
3073 3378 3132 3413 τε
3178 3359 3274 3413 καὶ
3314 3359 3643 3429 παρατάξεις
3673 3355 3835 3409 πολέ-

2249 3474 2385 3528 μων,
2427 3455 2705 3526 ἀριστείας
2739 3472 2796 3506 τε
2850 3455 2942 3507 καὶ
2983 3453 3158 3515 νίκας,
3190 3453 3284 3506 καὶ
3313 3451 3548 3522 τρόπαια
3579 3449 3645 3502 τὰ
3706 3450 3833 3501 κατ’

2247 3547 2476 3620 ἐχθρῶν,
2510 3546 2806 3619 θριάμϐους
2841 3564 2899 3598 τε
2934 3545 3164 3607 ὁπόσους
3196 3545 3389 3615 ήγαγε,
3425 3543 3492 3597 τά
3516 3559 3575 3594 τε
3602 3542 3739 3613 πρὸς
3766 3540 3834 3593 τὸ

2249 3637 2526 3709 συμφέρον
2566 3637 2793 3690 ἑκάστου
2842 3635 3193 3707 διωρισμένα,
3243 3635 3420 3706 νόμων
3449 3651 3507 3686 τε
3530 3632 3828 3698 διατάξεις,

2245 3730 2311 3794 ἃς
2334 3732 2428 3784 ἐπὶ
2451 3727 2755 3799 λυσιτελείᾳ
2782 3729 2878 3800 τῆς
2907 3727 3014 3782 τῶν
3041 3728 3358 3799 ἀρχομένων
3387 3725 3659 3788 πολιτείας
3708 3741 3834 3777 συν·

2247 3823 2516 3887 ετάττετο,
2552 3822 2834 3884 πλείστους
2869 3823 2916 3873 τ’
2938 3820 3130 3882 ἄλλους
3172 3819 3463 3890 βασιλικῶν
3493 3817 3666 3870 ἄθλων
3685 3814 3831 3883 ἀγῶο

2246 3934 2363 3980 νας.
2391 3917 2516 3979 τοὺς
2547 3915 2604 3967 δὲ
2643 3913 2793 3984 παρὰ
2819 3916 2931 3976 τοῖς
2952 3913 3084 3965 πᾶσι
3133 3910 3654 3983 μνημονευομένους,
3683 3924 3830 3977 παρ-

2247 4011 2398 4081 ήσειν
2431 4025 2518 4078 μοι
2547 4005 2707 4070 δοκῶ,
2740 4005 2833 4059 τοῦ
2873 4005 2970 4076 τῆς
3008 4003 3372 4076 προκειμένης
3403 4006 3535 4074 ἡμῖν
3565 4019 3827 4072 πραγμα-

2245 4099 2394 4161 τείας
2425 4096 2625 4150 σκοποῦ
2655 4097 2791 4167 μόνα
2821 4096 2888 4150 τὰ
2922 4097 3059 4168 πρὸς
3086 4097 3174 4150 τὸν
3206 4094 3428 4165 θεοφιλῆ
3484 4094 3826 4147 συντείνοντα

2250 4191 2361 4262 βίον
2381 4190 2558 4259 λέγειν
2589 4206 2649 4242 τε
2681 4189 2776 4242 καλ¹
2808 4189 3038 4258 γράφειν
3073 4188 3484 4250 ὑποϐάλλοντος,
3522 4187 3747 4256 Mupin
3777 4184 3824 4237 δ’

2250 4283 2388 4334 ὅσων
2415 4281 2579 4334 ὄντων
2605 4281 2698 4333 καὶ
2734 4279 2957 4344 τούτων,
2984 4279 3053 4332 τὰ
3083 4278 3418 4351 καιριώτατα
3451 4279 3676 4340 καὶτοῖς
3703 4277 3826 4346 μεθ’

567 4355 678 4408 uita
711 4356 818 4408 sint
842 4397 858 4422 ,
885 4370 949 4408 ex
987 4357 1052 4411 iis
1085 4373 1203 4426 quae
1225 4359 1291 4412 ad
1323 4359 1569 4414 notitiam
1611 4372 1850 4416 nostram
1885 4378 2140 4431 pervene-

2247 4374 2392 4444 ἡμᾶς
2444 4369 2910 4443 ἀξιομνημόνευτα
2959 4371 3068 4422 τῶν
3098 4372 3176 4432 εἰς
3226 4370 3371 4440 ἡμᾶς
3403 4366 3660 4420 ἐλθόντων
3693 4366 3828 4418 ἀνα-

570 4447 1712 4521 runt,0pportunissimaquaequeduntaxat
1738 4495 1752 4519 ,
1794 4465 1845 4508 et
1887 4465 2136 4523 postero-

569 4555 684 4592 rum
742 4542 1000 4596 memoria
1053 4542 1364 4613 dignissima
1419 4548 1693 4620 seligens,
1745 4564 1902 4618 quam
1950 4557 2137 4617 potero

569 4633 883 4689 brevissime
921 4651 1186 4704 exponam
1209 4639 1514 4719 :.siquidem
1544 4651 1754 4713 tempus
1793 4643 1965 4711 ipsum
1997 4643 2138 4697 hanc

566 4724 819 4796 deinceps
867 4726 1139 4783 licentiam
1187 4731 1344 4786 nobis
1397 4732 1680 4798 concedit,
1733 4742 1788 4786 ut
1837 4733 2136 4788 beatissimi

602 4884 889 4966 tamen):
924 4889 1442 4966 iqrcﬂpn08r_aia'w.
1478 4891 1535 4946 ln
1568 4892 1755 4948 codice
1797 4892 1966 4963 Regio
1996 4892 2136 4947 scri-

563 4954 718 5033 bitur
735 4954 1129 5033 asumma;
1165 4961 1372 5033 χρόνος.

637 5026 751 5096 (51)
784 5028 882 5081 Διὸ
911 5026 1225 5097 πρόσήκὸϊ.
1278 5034 1358 5084 Ab
1406 5030 1492 5086 his
1559 5029 1739 5084 verbis
1786 5043 1906 5097 cap.
1955 5028 2015 5081 Η
2055 5028 2136 5081 in-

564 5097 763 5151 choaut
797 5100 957 5154 codd.
1002 5099 1203 5168 liegius
1234 5113 1284 5153 et
1316 5100 1454 5155 Fuk.
1485 5109 1538 5155 ct
1568 5101 1780 5154 schedt‘e
1807 5099 2004 5167 Regina.

635 5169 748 5236 (52)
781 5171 841 5223 Ol
869 5169 986 5238 μὲν
1020 5171 1150 5240 γάρ.
1189 5172 1499 5241 Scriptores
1557 5171 1677 5224 illos
1728 5171 1992 5239 intelligit,
2038 5169 2130 5239 qui

565 5237 793 5312 Neronis
815 5237 1130 5312 ertialior'uu:
1185 5237 1536 5312 tyrannorum
1581 5255 1668 5294 res
1710 5237 2134 5308 gestas'tucuio-

568 5311 660 5382 riae
696 5311 1104 5373 mandaverant,
1139 5311 1219 5366 de
1238 5312 1434 5379 quibus
1461 5312 1617 5382 paulo
1644 5322 1770 5365 ante
1796 5313 2004 5382 locutus
2031 5321 2135 5364 est.

565 5379 729 5450 Recte
772 5396 902 5450 ergo
935 5379 1473 5450 Cliristoplinrsonus
1501 5387 1662 5436 vertit
1690 5401 1703 5435 :
1748 5398 1873 5434 nam
1901 5381 2001 5442 illi,
2029 5390 2134 5434 etc.

565 5447 992 5522 Portesius'vero
1021 5447 1404 5521 interpretatur
1427 5470 1441 5506 :
1469 5451 1612 5506 Nam
1635 5453 1727 5505 alii
1751 5453 1960 5522 quidem
1973 5493 1986 5516 ,
2004 5464 2137 5516 etc.,

564 5523 706 5588 quod
733 5521 859 5576 ferri
887 5532 1085 5591 potest.

635 5591 750 5663 (53)
809 5588 989 5662 V’uig.,
1069 5588 1418 5663 ἐπάγῖτελίᾳ.
1484 5591 1653 5662 Magis
1721 5593 1898 5660 placet
1963 5592 2129 5644 altera

563 5659 724 5738 lectio
767 5659 935 5728 quani
977 5659 1340 5738 invete'ribus
1371 5659 1597 5738 schedis
1640 5659 1838 5730 inveni,
1889 5665 2132 5731 ἀπαγγε-

563 5729 667 5801 λίᾳ.
697 5731 768 5783 Ita
797 5743 940 5787 certe
965 5735 1116 5790 codd.
1150 5734 1298 5790 Fukc
1319 5747 1372 5790 ct
1403 5732 1606 5790 Savilit.

2246 4459 2557 4531 λεξάμενος,
2590 4458 2794 4512 τούτων
2820 4457 3000 4512 αὐτῶν
3019 4459 3095 4521 ὡς
3127 4453 3236 4510 οἷόν
3265 4474 3322 4509 τε
3354 4456 3439 4509 διὰ
3473 4455 3824 4527 βραχυτάτων

2246 4552 2543 4623 ἐκθήσομαι
2574 4550 2671 4620 τὴν
2701 4550 2997 4622 ὑφήγησινο
3051 4548 3146 4601 τοῦ
3182 4547 3374 4619 καιροῦ
3405 4546 3587 4623 λοιπὸν
3615 4545 3826 4616 ἐπιτρέ-

2246 4659 2437 4706 ποντος
2490 4640 2783 4704 ἀκωλύτως
2817 4640 3095 4703 παντοίαις
3128 4641 3330 4708 φωναῖς
3370 4639 3461 4692 τὸν
3487 4638 3562 4702 ὡς
3607 4639 3821 4709 ἀληθῶς

2249 4732 2516 4804 μακάριον
2548 4734 2822 4802 ἀνυμνείν,
2860 4733 2941 4784 ὃτι
2979 4733 3053 4802 μὴ
3080 4730 3238 4786 τοῦτο
3273 4730 3533 4802 πράττειν
3559 4730 3687 4801 ἐξῆν
3715 4729 3824 4799 πρὸ

2316 4891 2428 4958 (54)
2469 4887 2578 4943 Τοῦ
2607 4890 3034 4959 τρισμακάριον
3066 4888 3418 4957 διηγήματα.
3458 4887 3513 4942 In
3547 4887 3821 4942 veteribus

2244 4963 2917 5031 schedissuperscriptuui
2951 4969 3033 5013 est
3060 4961 3513 5031 στρατηγήματα,
3537 4959 3817 5031 quodnon

2243 5034 2435 5098 probo.
2462 5028 2595 5084 Nam
2625 5031 2889 5085 Eusebius
2921 5031 3021 5086 hoc
3045 5028 3166 5085 loco
3203 5028 3428 5098 opponit
3454 5032 3524 5082 τά
3567 5028 3821 5098 βασιλικὰ

2241 5102 2552 5174 διηγήματα
2639 5101 3021 5174 Constantini,
3095 5103 3222 5174 τοῖς
3277 5101 3583 5174 θεοφιλέσι-
3625 5099 3821 5174 διηγή-

2242 5171 2496 5242 μάσιζυι
2525 5181 2672 5240 patet
2709 5187 2774 5225 ex
2812 5171 2916 5224 fine
2962 5172 3256 5239 superioris
3284 5172 3498 5240 capitis.
3547 5171 3610 5224 Et
3646 5172 3822 5242 regios

2239 5240 2455 5311 quidem
2487 5253 2641 5296 actus
2689 5244 2766 5295 ait
2792 5257 2852 5296 se
2875 5242 3128 5296 consulto
3180 5243 3620 5309 praetermittere.
3672 5240 3822 5304 Quos

2239 5313 2452 5382 quidem
2481 5311 2735 5366 bifariam
2757 5313 2970 5382 dividit,
3023 5313 3076 5366 in
3109 5313 3332 5366 bellicos
3378 5312 3588 5366 scilicet
3627 5317 3681 5362 et
3723 5325 3823 5382 pai-

2240 5379 2339 5440 cis.
2367 5383 2527 5437 Solos
2550 5398 2679 5438 vero
2706 5384 2808 5437 sibi
2843 5381 3101 5436 dicendos
3125 5383 3378 5451 proponit
3408 5393 3560 5435 actus
3585 5396 3701 5439 eos.
3725 5379 3818 5446 qui

2240 5457 2306 5507 ad
2363 5453 2681 5523 religionem
2725 5455 3017 5523 pertinent.
3071 5453 3241 5506 Porro
3277 5454 3330 5506 in
3361 5454 3578 5507 schedis
3625 5451 3817 5523 Regiis

2240 5536 2364 5596 post
2391 5520 2550 5577 verba
2604 5524 2694 5596 illa
2727 5520 3040 5594 ’θριάμϐους
3068 5541 3126 5596 τε
3169 5523 3400 5596 ὁπόσους
3447 5523 3645 5596 ἤγαγε,
3700 5520 3818 5596 huic

2243 5588 2512 5648 adduntur
2551 5594 2632 5664 ad“
2666 5588 2986 5664 margin—em,
3031 5595 3100 5664 τά
3144 5610 3201 5646 τε
3233 5595 3352 5648 κατ’
3410 5588 3630 5664 εἰρήνην
3669 5588 3820 5664 αὑτῷ

2242 5665 2378 5736 πρὸς
2421 5664 2520 5734 τὴν
2537 5662 2674 5736 *τῶν
2728 5661 2927 5736 κοινῶν
2963 5663 3264 5736 διόρθωσιν,
3325 5661 3472 5734 πρός
3509 5661 3567 5714 τε
3619 5661 3821 5728 συμφέ-

2249 5733 2359 5807 ρον,
2388 5733 2493 5790 etc.
2527 5733 2656 5800 Quae
2688 5735 2822 5788 mihi
2842 5733 3096 5790 videntur
3133 5751 3254 5792 esse
3279 5733 3460 5805 probae
3486 5743 3672 5802 uotae.‘
