2084 3204
172 178 224 205 9'25

713 181 757 208 DE
776 182 857 209 VITA
876 182 1107 210 CONSTANTINI
1126 183 1190 212 LIB.
1210 185 1230 211 1.

1741 187 1792 215 926

172 235 268 263 τούτου
283 236 321 271 τῷ
335 237 371 273 μὴ
386 239 545 274 μακαρίζειν
556 240 609 274 (35)
621 240 703 276 ἄνδρα
713 241 764 275 πρὸ
775 241 900 276 τελευτῆς
914 241 953 268 διὰ

1010 241 1139 277 principis
1155 242 1247 270 laudes
1257 242 1357 277 quovis
1372 243 1502 270 orationis
1513 251 1611 277 genere
1624 243 1709 272 libere
1722 252 1792 279 prae-

172 283 258 318 τὸτῆς
270 283 317 310 τοῦ
330 284 387 318 βίου
401 286 503 321 τροπῆς
525 286 620 322 ἄδηλον
643 287 839 322 παρηγγέλθαι.
854 287 955 323 Κεκλη-

174 327 230 355 σθω
254 328 282 355 δὲ
308 329 374 361 Θεὸς
407 331 511 366 βοηθὸς,
539 332 662 367 οὐράνιός
684 341 714 358 τε
737 333 866 368 συνεργὸς
888 334 954 368 ἡμῖν

172 373 310 408 ὲμπνείτω
322 374 415 408 Λόγος.
442 375 485 408 Ἐξ
500 377 583 412 αὐτῆς
602 378 623 404 δ’·
648 378 699 413 ἠδη
723 378 834 415 πρώτης
848 379 954 414 ἡλικίας

171 419 218 445 τοῦ
231 419 326 455 ἀνδρὸς
340 417 391 447 ὦδέ
407 430 444 457 πη
458 422 506 457 τῆς
520 423 626 459 γραφῆς
637 423 830 460 ἀπαρξώμεθα.

1008 288 1138 316 dicemus.
1153 288 1219 315 Nam
1242 293 1320 316 antea
1342 282 1450 324 quidem
1469 290 1496 316 id
1512 290 1600 318 facere
1619 299 1789 326 nequaquam

1008 333 1115 366 licebat,
1129 340 1269 370 propterea
1289 337 1360 371 quod
1380 337 1492 365 vetitum
1515 342 1557 364 est
1579 344 1613 364 ne
1629 345 1789 372 quemquam

1008 383 1072 406 ante
1087 381 1189 408 obitum
1215 382 1249 409 ob
1275 382 1393 410 incertas
1417 384 1479 410 vita:
1501 384 1662 411 mutationes
1681 384 1788 411 beatum

1007 428 1246 460 pronuntiemus‘.
1264 428 1380 457 Proinde
1406 431 1488 458 Deum
1509 431 1658 466 adjutorem
1683 431 1788 461 invoco,

172 475 204 494 ac
227 468 340 495 eceleste
361 469 418 502 ejus
442 470 557 498 Verbum
582 479 697 506 precor,
730 476 758 499 ut
783 472 809 499 in
832 473 884 501 hoc
915 480 996 508 opere
1013 474 1133 503 asoirare
1161 477 1226 504 mihi
1249 477 1323 505 velit.
1352 477 1450 506 Ordiar
1471 483 1558 506 autem
1576 486 1589 504 a
1610 478 1696 513 prima
1719 477 1789 504 illius

172 519 252 542 aetate
266 514 292 541 in
309 516 381 543 hunc
398 517 518 544 modum.

431 575 625 603 ΚΕΦΑΛΑΙΟΝ
641 577 689 603 lB’.

173 617 235 644 ὀτι
252 617 292 650 ὡς
312 619 439 653 Μωϋσῆς
461 620 496 647 ἐν
514 621 607 654 οἴκοις
630 621 782 656 τυράννων
804 620 952 657 ὰνετράέη

447 657 532 683 Κωνσ
538 657 681 690 ταγτῖνος.

206 699 309 726 Παλαιὰ
321 699 377 735 (56)
390 701 498 736 κατέχει
512 703 600 737 φήμη,
614 703 688 730 δεινά
704 712 765 730 τινα
780 704 844 739 γένη
859 705 953 739 τυράν-

169 754 222 772 νων
238 747 283 773 τὸν
311 747 441 783 Ἑϐραίων
465 750 651 785 καταπονῆσαι
674 750 752 782 λεὼν,
769 750 835 777 Θεὸν
851 750 881 777 δὲ
895 753 952 782 τοῖς

170 793 413 828 καταπονουμένοις
425 794 524 829 εὐμενῆ
538 795 739 831 παραφανέντα,
753 796 872 823 Μωῦσέα
886 805 951 832 προ-

169 837 267 871 φήτην,
284 836 323 864 ἔτι
338 837 397 863 τότε
417 838 592 873 νηπιάζοντα,
616 840 707 875 μέσοις
723 842 813 873 αὺτοῖς
829 850 952 877 τυραννι-

168 884 225 914 κοῖς
242 883 326 914 οῖκοις
345 892 374 909 τε
407 885 455 911 καὶ
471 884 579 917 κόλποις
598 886 745 921 τραφῆναι,
762 887 809 913 καὶ
822 888 871 922 τῆς
886 888 951 923 παρ’

169 928 260 960 αὺτοῖς
278 930 420 964 μετασχεῖν
435 931 583 965 προνοῆσαι
606 931 711 966 σοφίας.
731 933 775 964 Ὠς
793 933 815 959 δ’
837 932 920 959 ἐπιὼν
938 934 952 959 ὀ

169 974 262 1009 χρόνος
274 975 319 1000 τὸν
336 975 385 1010 μὲν
400 976 439 1007 είς
453 976 552 1011 ἄνδρας
567 977 669 1009 ἐκάλει,
683 978 743 1014 δίκη
762 978 784 1004 δ’
797 980 813 1014 ἡ
827 979 880 1005 τῶν
894 979 951 1006 ἁδι-

169 1021 307 1056 κουμὲνων
320 1023 424 1057 ἀρωγὸς
436 1024 499 1054 τοὺς
515 1023 672 1056 ἀδικοῦντας
687 1025 789 1060 μετῄει,
803 1025 952 1061 τηνικαῦτα

168 1066 198 1099 ἐξ
213 1068 302 1093 αὐτῶν
315 1068 481 1103 τυραννικῶν
494 1068 625 1104 δωμάτων
642 1070 778 1105 προελθὼν
791 1072 805 1097 ό
821 1071 866 1097 τοῦ
884 1071 951 1097 Θεοῦ

168 1113 325 1148 προφήτης,
343 1114 376 1149 τῇ
394 1112 440 1140 τοῦ
458 1115 609 1149 κρείττονος
626 1116 774 1151 διηκονεῖτο
792 1116 883 1152 βουλῇ,
898 1117 952 1143 τῶν

170 1159 218 1194 μὲν
231 1159 458 1195 ἀναθρεψαμένων
471 1162 607 1196 τυράννων
637 1162 725 1198 ἔργοις
743 1163 788 1189 καὶ
803 1162 892 1197 λόγοις
906 1163 952 1189 ἁλ-

167 1205 365 1240 λοτριούμενος,
385 1207 447 1237 τοὺς
471 1207 492 1232 δ’
516 1207 609 1243 ἀληθεῖ
628 1207 698 1243 λόγῳ
716 1208 861 1243 σφετέρους
876 1208 952 1235 ἀδελ-

168 1252 235 1285 φούς
256 1259 286 1277 τε
310 1252 356 1278 καὶ
380 1253 519 1286 συγγενεῖς
537 1253 693 1286 ἀποφαίνων
717 1253 887 1288 γνωρίμους·
904 1253 951 1280 κᾶ-

169 1305 248 1323 πειτα
271 1297 336 1328 Θεὸς
362 1297 441 1324 αὑτὸν
465 1298 638 1333 καθηγεμόνα
668 1298 713 1325 τοῦ
738 1299 836 1330 παντὸς
861 1298 951 1331 ἔθνους

169 1343 287 1378 ἐγείρας,
305 1343 445 1379 Ἐϐραίους
459 1344 507 1379 μὲν
522 1344 571 1379 τῆς
587 1344 637 1370 ὑπὸ
651 1346 706 1376 τοῖς
719 1344 824 1380 ἐχθροῖς
840 1345 950 1380 ἠλευθέ-

171 1397 217 1424 ρου
239 1389 368 1421 δουλείας,
381 1389 410 1415 τὸ
429 1389 457 1416 δὲ
472 1390 629 1425 τυραννικὸν
642 1390 719 1424 γένος
732 1390 869 1425 θεηλάτοις
887 1400 951 1426 μετ-

170 1436 267 1471 ήρχετο
294 1436 327 1462 δι’
360 1435 442 1462 αὐτοῦ
474 1436 671 1471 κολαστηρίοις.
699 1437 777 1472 Φήμη
807 1437 856 1472 μὲν
882 1437 951 1472 αὕτη

169 1482 281 1514 παλαιὰ,
306 1482 390 1517 μύθου
407 1482 457 1517 μὲν
474 1483 592 1518 σχήματι
608 1484 663 1514 τοῖς
680 1482 785 1514 πολλοῖς
804 1483 950 1519 παραδεδο-

171 1530 248 1564 μένη,
271 1530 320 1560 τὰς
336 1529 442 1556 πάντων
459 1529 543 1561 ἀκοὰς
565 1529 693 1565 ἐπλήρου,
711 1530 769 1556 νυνὶ
787 1529 814 1556 δέ
833 1531 847 1556 ό
872 1531 952 1562 αὐτὸς

169 1575 216 1601 καὶ
237 1575 300 1610 ἡμῖν
322 1574 397 1606 Θεὸς,
422 1574 551 1610 μειζόνων
571 1574 586 1610 ἥ
604 1574 672 1601 κατὰ
690 1575 789 1610 μύθους
808 1576 951 1610 θαυμάτων

169 1620 333 1652 αὺτοπτικὰς
348 1620 421 1651 θέας,
438 1621 546 1655 νεαραῖς
560 1619 636 1653 ὄψεσι
651 1620 740 1656 πάσης
757 1621 841 1656 ὰγοῆς
858 1620 953 1656 ἀληθε-

170 1667 267 1702 στέρας
284 1666 440 1702 δεδώρηται.
454 1666 585 1701 Τύραννοι
602 1666 650 1701 μὲν
671 1667 724 1701 γὰρ
745 1668 768 1692 οξ
792 1667 852 1693 καθ’
868 1668 950 1702 ἡμᾶς,
966 1683 988 1711 C

169 1714 213 1739 τὸν
226 1713 271 1739 ἐπὶ
285 1713 392 1739 πάντων
403 1712 468 1738 Θεὸν
484 1711 610 1747 πολεμεῖν
623 1712 792 1747 ὡρμημένοι,
806 1712 853 1747 τὴν
869 1713 949 1739 αὑτοῦ

169 1759 333 1786 κατεπόνουν
349 1757 519 1793 Ἐκκλησίαν,
533 1757 612 1793 μέσος
626 1757 654 1784 δὲ
665 1758 767 1789 τούτοις
783 1759 950 1785 Κωνσταντῖ-

169 1814 224 1837 νος,
247 1806 261 1831 ὁ
285 1804 343 1839 μετ’
369 1804 456 1837 ὀλίγον
479 1803 697 1839 τυραννοκτόνος,
713 1806 777 1835 παῖς
800 1805 861 1840 ἄρτι
881 1805 949 1837 νέος,

169 1851 281 1883 ἁπαλὸς,
295 1850 393 1886 ὡραίός
404 1850 427 1876 τ’
440 1850 535 1881 ἄνθους
551 1850 657 1882 ίούλοις,
673 1848 718 1877 οἷά
732 1859 773 1882 τις
786 1851 867 1883 αὐτὸς
880 1852 950 1878 ἐκεῖ-

169 1905 213 1928 νος
231 1897 246 1922 ὁ
269 1895 314 1922 τοῦ
338 1894 405 1922 Θεοῦ
431 1895 567 1930 θεράπων,
592 1897 766 1930 τυραννικαῐς
788 1896 951 1932 ἐφήδρευσεν

169 1941 287 1972 ἑστίαις·
303 1941 333 1967 οὺ
352 1940 404 1976 μὴν
420 1940 467 1967 καὶ
487 1940 594 1976 τρόπων
610 1941 662 1967 τῶν
679 1942 756 1973 ῐσων,
774 1942 873 1977 καίπερ
893 1943 951 1974 νέος

169 1988 217 2019 ὣν,
228 1989 284 2019 τοῖς
304 1986 392 2018 ἀθέοις
412 1985 556 2013 ἐκοινώνει.
578 1983 657 2013 Εἷλκε
676 1987 729 2022 γὰρ
743 1987 823 2013 αὑτὸν
837 1987 866 2020 ἐξ
881 1989 952 2015 ὲκεί-

169 2042 214 2060 νου
229 2032 284 2067 (37')
296 2032 359 2067 θείῳ
368 2031 505 2067 ΙΙνεὺματι
518 2032 598 2067 φύσις
614 2032 702 2068 ἀγαθὴ
716 2033 783 2068 πρὸς
794 2033 839 2059 τὸν
851 2034 951 2070 εὗσεΕῆ

170 2079 216 2105 καὶ
231 2078 291 2113 Θεῷ
305 2078 501 2113 κεχαρισμένον
514 2077 586 2113 βίον·
603 2079 633 2104 οὑ
658 2078 710 2114 μὴν
726 2078 793 2105 ἀλλὰ
809 2079 857 2106 καὶ
874 2079 952 2115 ζῆλος

169 2125 250 2159 ἐνῆγε
265 2124 406 2160 πατρικὸς,
418 2124 460 2150 ἐπ’
474 2124 582 2158 ἀγαθῶν
594 2125 708 2160 μιμήσει
722 2125 768 2151 τὸν
780 2125 860 2152 παῖδα
874 2134 953 2162 προσ-

169 2168 344 2204 καλούμενος.
366 2169 460 2204 Πατὴρ
474 2167 577 2204 γὰρῆν
593 2169 684 2204 αὐτῷ,
697 2170 738 2196 ὅτι
758 2170 789 2206 δὴ
807 2171 854 2197 καὶ
879 2171 952 2204 ἄξιον

170 2216 198 2241 ὲν
212 2214 298 2249 καιρῷ
314 2214 400 2249 τούτῳ
414 2215 462 2250 τὴν
476 2215 584 2250 μνήμην
601 2214 821 2252 ἀναζωπυρῆσαι,
839 2225 953 2252 περιφα-

169 2261 295 2293 νέστατος
308 2260 362 2287 τῶν
374 2260 434 2287 καθ’
448 2262 520 2296 ἡμᾶς
532 2261 739 2297 αὐτοκρατόρων
757 2263 951 2294 Κωνστάντιος.

191 2304 206 2334 ὖ
224 2306 286 2342 πέρι
306 2307 360 2341 (58)
375 2306 409 2333 τὰ
431 2306 469 2341 τῷ
489 2307 565 2333 παιδὶ
586 2307 702 2343 φέροντα
725 2308 834 2343 κόσμον,
859 2308 954 2344 βραχεῖ

169 2352 240 2387 λόγῳ
253 2352 365 2379 διελθεῖν
377 2352 532 2387 ἀναγκαῖον.

1307 580 1419 607 CAPUT
1441 580 1497 607 Xll.

1005 626 1082 658 Quod
1114 625 1301 653 Conslanlimts
1327 628 1353 653 in
1379 632 1550 661 tyrannorum
1578 625 1693 657 adibus,
1722 625 1788 652 sicut

1242 661 1355 696 Moyses.
1374 665 1499 688 educatus
1516 663 1560 687 ιιι.

1038 705 1121 733 Vetus
1148 711 1243 733 narrat
1265 706 1376 733 historia
1390 710 1497 740 gentem
1520 705 1692 733 llcbrzeorum
1707 714 1721 731 ιι
1739 713 1788 732 sze-

1003 751 1124 779 vissitnis
1142 751 1206 778 olim
1225 752 1345 787 tyrannis
1368 758 1524 785 oppressam
1534 751 1627 784 fuisse,
1640 751 1789 784 Deumque,

1006 806 1065 824 cum
1082 805 1224 832 oppressos
1242 798 1358 831 benigno
1375 805 1406 823 ac
1420 796 1540 831 propitio
1559 796 1631 823 vttltu
1655 796 1787 830 respexis-

1005 844 1228 877 sel,,providisse
1250 848 1278 870 ut
1298 843 1426 878 propheta
1446 842 1533 870 Moses
1550 843 1595 877 qui
1622 847 1677 868 tum
1700 842 1787 868 adlmc

1006 889 1095 916 infans
1110 893 1178 920 erat,
1196 889 1231 914 in'
1242 888 1338 915 mediis
1353 894 1527 923 tyrannorum
1542 887 1645 913 mdibus
1658 887 1718 913 etin
1731 886 1787 919 ipso

1005 943 1098 962 eorum
1128 935 1232 969 gremio
1255 935 1427 965 educaretur,
1452 940 1614 967 omnemque
1639 940 1695 967 qna:
1717 931 1786 966 apud

1006 981 1065 1008 iilos
1084 986 1143 1007 crat
1167 981 1327 1016 sapientiam
1342 979 1516 1014 perdisceret.
1534 979 1627 1006 Postea
1649 986 1713 1005 vero
1726 985 1786 1005 cum

1007 1027 1051 1054 ille
1069 1034 1210 1061 progressu
1227 1026 1355 1061 temporis
1368 1026 1401 1052 ad
1421 1025 1525 1052 virilem
1540 1024 1707 1058 pervenisset
1723 1028 1787 1050 αξιοι

1007 1078 1071 1103 tem.
1085 1078 1111 1099 et
1126 1072 1216 1099 divina
1235 1071 1336 1105 iustitia
1354 1078 1412 1105 quae
1421 1071 1560 1106 oppressis
1569 1070 1693 1105 opitulari
1709 1069 1785 1100 solet,

1006 1125 1101 1153 ptenas
1128 1119 1160 1144 ab
1189 1117 1289 1152 iniquis
1316 1117 1436 1152 tyrannis
1463 1121 1640 1151 exposceret;
1656 1120 1718 1142 tunc
1739 1114 1786 1141 Dei

1006 1165 1137 1199 propheta
1166 1172 1197 1191 ex
1216 1165 1281 1199 ipsis
1298 1163 1447 1198 tyrannicis
1470 1163 1607 1198 profectus
1621 1162 1733 1193 :edibus,
1752 1162 1788 1188 di-

1005 1212 1075 1238 vinae
1107 1211 1240 1238 voluntati
1271 1210 1452 1236 ministerium
1483 1217 1560 1236 suum
1595 1208 1727 1235 exhibuit.
1755 1207 1788 1233 Et

1007 1257 1079 1292 ipsos
1095 1256 1203 1291 quidem
1222 1261 1354 1292 tyrannos
1376 1263 1391 1283 a
1420 1255 1518 1290 quibus
1540 1254 1628 1281 fuerat
1647 1253 1786 1285 educatus,

1007 1310 1036 1329 re
1052 1310 1083 1329 ac
1098 1301 1187 1329 verbis
1201 1306 1340 1329 aversatus
1351 1306 1403 1334 est,
1417 1309 1464 1328 eos
1481 1308 1543 1327 vero
1559 1300 1603 1334 qui
1624 1307 1716 1326 revera
1733 1299 1787 1331 ira:

1007 1352 1062 1374 tres
1079 1351 1106 1373 et
1128 1346 1233 1380 cognati
1248 1351 1335 1380 erant,
1357 1346 1458 1373 amicos
1479 1353 1510 1372 ac
1533 1344 1681 1372 familiares
1696 1345 1785 1379 elegit.

1006 1393 1129 1420 Posthaac
1146 1393 1215 1419 Deus
1227 1400 1286 1419 cum
1304 1392 1381 1419 illum
1400 1393 1480 1419 totius
1496 1392 1582 1426 gentis
1603 1392 1698 1418 ducem
1722 1399 1786 1418 cou-

1006 1438 1149 1469 stituisset,
1160 1437 1288 1464 llebrmos
1300 1437 1409 1472 quidem
1426 1437 1600 1463 acerbissima
1612 1436 1683 1470 apud
1698 1436 1788 1463 hostes

1006 1484 1137 1511 servitute
1162 1483 1307 1510 liberavit:
1330 1488 1504 1518 tyrannorum
1521 1487 1610 1510 autem
1632 1490 1716 1517 genus
1733 1489 1787 1509 cm-

1010 1530 1074 1557 litus
1089 1530 1188 1557 inﬂixis
1204 1529 1341 1563 suppliciis
1358 1529 1416 1563 ejus
1436 1537 1517 1562 opera
1537 1528 1609 1555 ultus
1626 1533 1676 1555 est.
1692 1526 1786 1559 Vetus,

1006 1576 1125 1611 inquam,
1140 1577 1197 1602 haec
1217 1575 1340 1606 historia,
1355 1575 1440 1602 instar
1457 1574 1554 1601 fabula).
1569 1581 1583 1601 a
1599 1574 1690 1601 multis
1711 1580 1788 1600 acce-

1006 1627 1061 1656 pta,
1077 1622 1196 1649 omnium
1216 1629 1297 1649 aures
1319 1621 1472 1648 mortalium
1489 1620 1620 1655 implevit.
1634 1619 1711 1646 Nunc
1723 1626 1787 1646 vero

1006 1668 1074 1694 idem
1087 1667 1163 1694 nobis
1178 1667 1248 1694 Deus
1264 1666 1365 1700 majora
1381 1666 1509 1693 omnibus
1523 1665 1623 1692 fabulis
1634 1664 1714 1700 413
1737 1664 1787 1690 mi-

1003 1714 1093 1741 racula
1106 1713 1170 1747 ipsis
1194 1713 1280 1747 oculis
1303 1718 1424 1747 spectare
1442 1711 1577 1739 concessit.
1592 1719 1599 1744 ;
1616 1712 1686 1745 quod
1704 1717 1787 1745 genus

1001 1758 1144 1793 spectaculi
1160 1758 1229 1792 apud
1246 1765 1291 1785 eos
1312 1758 1355 1791 qui
1375 1764 1468 1784 recens
1493 1757 1627 1788 viderunt,
1643 1756 1716 1783 omni
1741 1763 1787 1781 att-

1001 1804 1102 1832 ditione
1119 1804 1169 1831 ﬁde
1184 1804 1292 1839 dignius
1307 1803 1429 1831 habetur.
1444 1802 1547 1837 {Nostra
1563 1802 1634 1829 enim
1655 1807 1735 1828 mtate
1751 1807 1789 1837 ty-

1002 1851 1079 1878 ranni
1102 1851 1209 1884 quidem
1234 1850 1279 1884 qui
1311 1849 1440 1876 adversus
1466 1849 1547 1875 Deum
1576 1855 1708 1874 summum
1735 1856 1791 1874 0m-

1002 1897 1074 1924 nium
1092 1904 1181 1931 regem
1213 1896 1311 1923 bellum
1333 1902 1441 1922 movere
1457 1895 1648 1925 instituerant,
1663 1893 1718 1926 ejus
1736 1892 1787 1919 Ec-

1002 1942 1110 1970 clesiam
1138 1941 1257 1977 graviter
1282 1944 1483 1975 oppresserunt.
1508 1938 1698 1966 Constantinus
1715 1945 1788 1965 vero,

1002 1988 1046 2022 qui
1064 1992 1155 2022 postea
1179 1991 1354 2022 tyrannorum
1372 1984 1528 2012 interfector
1544 1984 1603 2015 fuit,
1620 1984 1682 2010 dum
1702 1983 1788 2010 adhuc

1003 2033 1160 2061 adolescens
1179 2037 1250 2060 esset
1276 2037 1303 2059 et
1325 2031 1436 2065 juvenili
1458 2030 1583 2064 lanugine
1612 2031 1743 2061 decorus,
1761 2030 1787 2056 in

1003 2080 1091 2107 medio
1107 2079 1225 2111 illorum,
1239 2083 1268 2105 nt
1281 2079 1415 2114 quondam
1432 2077 1475 2104 ille
1493 2077 1538 2104 Dei
1554 2077 1669 2104 famulus
1688 2076 1786 2108 Moses,

1003 2126 1030 2152 in
1047 2126 1113 2159 ipsis
1129 2129 1304 2159 tyrannorum
1324 2125 1427 2151 mdibus
1446 2123 1577 2151 subsedit.
1593 2122 1686 2156 Neque
1698 2127 1787 2148 tamen

1003 2172 1110 2198 eosdem
1126 2178 1187 2198 cum
1203 2170 1291 2204 impiis
1310 2177 1397 2197 mores
1409 2189 1416 2201 ,
1436 2169 1542 2196 tametsi
1559 2167 1701 2194 admodum
1722 2166 1788 2193 ado-

1004 2216 1118 2248 lescens,
1135 2219 1256 2242 sectatus
1271 2219 1321 2241 est.
1331 2213 1434 2248 Quippe
1447 2214 1502 2247 jam
1517 2212 1579 2240 inde
1592 2212 1625 2239 ab
1637 2211 1682 2238 illa
1698 2216 1786 2244 actate,

1003 2261 1110 2297 egregia
1138 2260 1239 2288 indoles
1264 2260 1353 2287 divino
1382 2259 1486 2293 Spiritu
1514 2258 1739 2293 impulsa,ipsum
1755 2257 1787 2284 ad

1003 2309 1074 2342 piant
1092 2307 1198 2341 Deoque
1216 2311 1354 2340 acceptam
1366 2306 1448 2332 vitam
1464 2305 1604 2332 incitabat.
1627 2304 1680 2331 Sed
1698 2311 1725 2331 et
1739 2311 1787 2338 pa-

969 2353 990 2380 ι)
1006 2355 1054 2381 tris
1068 2354 1204 2381 aemulatio
1228 2352 1353 2380 stimulos
1369 2351 1538 2384 admovebat,
1558 2359 1610 2386 qua
1630 2351 1662 2377 ad
1678 2350 1787 2377 virtutis

168 2403 196 2426 et
210 2400 341 2427 bonorum
369 2405 478 2427 actuum
501 2401 679 2428 imitationem
701 2401 809 2435 juvenis
839 2402 1047 2437 provocabatnr.
1074 2401 1154 2428 Pater
1171 2401 1302 2435 siquidem
1325 2400 1349 2427 ei
1374 2399 1424 2426 fuit
1445 2399 1518 2433 (nam
1541 2403 1568 2424 et
1586 2397 1664 2431 lmjns
1689 2402 1788 2423 memo‘

169 2446 236 2472 riam
273 2452 423 2482 opportune
442 2455 573 2475 renovare
600 2456 746 2483 congruum
776 2449 838 2483 est)
866 2449 1060 2482 Constantius,
1096 2449 1289 2483 imperatorum
1325 2447 1408 2474 nostri
1437 2447 1564 2481 ten-poris
1592 2444 1786 2472 nobilissimus.

169 2491 207 2519 De
219 2500 273 2527 quo
287 2493 413 2520 nonnulla
428 2501 488 2528 quae
503 2495 535 2522 ad
551 2494 596 2521 lilii
612 2496 872 2523 commendationem
888 2496 1031 2531 pertinent,
1044 2496 1163 2524 breviter
1175 2502 1190 2522 a
1206 2495 1284 2522 nobis
1306 2493 1464 2528 exponenda
1478 2497 1549 2519 sunt.

204 2551 305 2578 'Eccli.
324 2559 361 2584 ιι,
375 2551 420 2579 50.

204 2607 376 2644 (35)_T(I)Jn'j
392 2608 571 2643 μακαρίζειν.
597 2609 721 2644 intelligit
738 2609 824 2636 locum
843 2609 886 2641 qui
904 2609 951 2636 ha.

168 2643 246 2681 betur
267 2642 293 2681 in
315 2642 497 2681 Ecclesiastici
518 2653 542 2672 c.
558 2653 587 2677 tt,
615 2645 671 2680 Πρὸ
686 2642 739 2680 τῆς
762 2644 888 2680 τελευτῆς
912 2644 949 2681 μὴ

169 2677 304 2714 μακάριζε
325 2678 435 2714 μηδένα.

203 2713 259 2748 (56)
276 2713 360 2748 Vung
370 2714 401 2741 Ἠ
414 2713 535 2741 παλαιά.
550 2714 634 2742 Codd.
651 2715 751 2749 Regius
769 2719 796 2742 et
808 2714 876 2742 Fuk.
891 2714 949 2741 sine

168 2749 282 2786 articulo
302 2749 425 2786 scribunt
446 2749 548 2777 παλαιὰ
570 2751 679 2786 κατέχει
703 2750 791 2786 φήμη,
815 2754 843 2786 et
857 2749 905 2786 rsic
921 2749 947 2776 in

167 2784 276 2820 scltedis
290 2785 388 2820 :nquod
410 2786 518 2820 quidem
537 2786 623 2820 magis
638 2784 748 2813 redolet
767 2784 947 2820 Eusebianunt

167 2818 510 2857 stylumabloalegoﬂetvci
531 2818 675 2857 pt‘v'yév-q.
696 2820 780 2857 Recte
799 2826 886 2857 antem
904 2819 948 2845 Sa~

166 2854 246 2881 vilius
256 2855 289 2894 ad
306 2854 410 2882 initium
426 2854 504 2889 hujus
520 2855 616 2890 capitis
631 2856 768 2884 adnotavit
779 2867 784 2884 :
795 2855 854 2882 Hm:
868 2863 947 2889 usque

166 2897 329 2924 prowmmm.

1042 2608 1097 2641 (37)
1116 2605 1205 2634 Εἴλκε
1227 2606 1281 2641 τὰρ
1295 2606 1388 2634 αὐτὸν
1406 2606 1440 2638 ἐξ
1456 2605 1584 2641 ἐκείνου,
1600 2599 1787 2641 Chrislophor-

1006 2639 1276 2669 sonus'etl’ortcs'ius
1301 2643 1349 2669 has
1365 2649 1444 2668 voces
1469 2640 1498 2673 ἐξ
1524 2640 1627 2666 ἐκείνου
1656 2639 1787 2671 interpre-

1005 2679 1051 2704 tati
1071 2683 1144 2708 snnt,
1164 2677 1240 2711 quasi
1264 2677 1452 2704 subandirctur
1473 2676 1520 2702 τοῦ
1544 2675 1655 2711 τρόπου.
1677 2674 1730 2707 Ego
1755 2672 1786 2704 ἐξ

1003 2713 1106 2739 ἐκείνου
1129 2710 1197 2739 idem
1214 2719 1274 2739 esse
1293 2719 1391 2739 censeo
1408 2720 1439 2739 ac
1457 2712 1516 2746 jam
1537 2717 1602 2743 tum,
1628 2710 1659 2735 ab
1677 2716 1706 2734 eo
1721 2711 1786 2733 tem-

1001 2756 1074 2782 pore.
1094 2748 1131 2774 Ita
1148 2754 1176 2774 et
1190 2747 1334 2782 lllusgulus.

1038 2783 1094 2818 (38)
1113 2782 1199 2817 νοις..
1217 2779 1260 2809 Αὖ
1279 2782 1355 2816 περί.
1374 2780 1557 2818 εει-ἰδοιιᾶιιιιι
1567 2784 1607 2818 est
1624 2776 1787 2818 sine_dubio

1001 2811 1124 2853 οἷ’πέρι,
1139 2811 1210 2851 quod
1223 2818 1292 2844 idem
1309 2811 1377 2844 valet
1400 2825 1432 2844 ac
1453 2816 1516 2852 περὶ
1530 2812 1674 2853 saumque
1691 2813 1725 2853 ita
1744 2811 1786 2853 lc-

1002 2854 1074 2884 gitur
1086 2847 1236 2887 'in'schedis
1255 2853 1354 2887 Regiis,
1374 2857 1400 2879 et
1418 2853 1443 2877 in
1457 2847 1551 2880 co'dice
1573 2848 1676 2876 Savilii.
1695 2847 1786 2875 Codex

1004 2888 1068 2914 Fnk.
1088 2886 1170 2922 οὗπερ
1189 2889 1280 2920 habet,
1299 2886 1355 2915 twn
1377 2888 1454 2915 male.
