4132 6406
288 282 421 337 929
1413 293 1500 348 DE
1536 294 1699 351 VITA
1737 296 2199 354 CONSTANTINI
2240 299 2370 357 LIB.
2414 305 2457 360 l.
3466 321 3573 376 9'50

284 396 577 464 εκαστον,
625 400 1080 474 αὐτοπροαίρετον
1132 402 1343 458 εὔνοιαν
1405 408 1543 479 πρὸς
1602 410 1694 463 τὸν
1741 411 1853 480 σφώ

1955 438 1967 474 ι
1996 412 2225 483 imperio
2257 416 2521 483 parebant
2550 430 2851 477 convocato
2893 425 3303 495 opulentissimo
3332 446 3569 503 quoque.

288 488 647 555 ινδείξασθαι
682 490 926 561 βασιλέα.
952 495 1090 558 Τοὺς
1118 496 1163 548 δ’
1192 496 1549 565 ἀκούσαντας,
1583 498 1772 572 ὥσπερ
1796 502 1853 554 εὐ

1992 519 2052 559 se
2105 508 2335 574 pecunia
2375 522 2512 577 opus
2562 509 2761 568 habere
2816 514 2883 571 iis
2930 488 3278 588 signiﬁcavit,
3325 488 3571 595 hancque

288 584 412 658 χῂν
450 583 654 654 ταύτην
694 584 805 654 (41)
847 588 910 639 ἐκ
964 588 1174 659 μακροῦ
1224 588 1512 659 θεμένους,
1549 591 1647 663 τὴν
1681 593 1853 664 ἀγαθὴ

1989 596 2331 653 occasionem
2356 598 2593 655 oblatam
2637 618 2779 672 esse,
2816 622 2921 677 qua
2965 624 3117 665 suam
3163 613 3392 684 quisque
3437 583 3567 688 erga

292 678 641 743 ἐνδείξασθαι
682 678 1022 749 προθυμίαν,
1075 682 1171 733 σὺν
1214 681 1369 751 τάχει
1426 701 1484 736 τε
1525 685 1619 737 καὶ
1665 686 1886 756 σπουδῇ,

295 769 512 839 χρυσοῦ
546 786 604 822 τε
651 769 747 823 καὶ
778 769 1042 841 ἀργύρου,
1076 772 1169 824 καὶ
1202 773 1309 826 τῶν
1345 766 1546 827 λοιπῶν
1591 777 1887 847 χρημάτων

296 861 432 924 τοὺς
467 862 773 932 θησαυροὺς
800 861 1097 931 ἐμπλῆσαι,
1130 866 1196 934 τῇ
1223 864 1317 916 τοῦ
1352 863 1591 928 πλείονος
1625 866 1888 937 ὑπερϐάλ-

298 953 495 1018 λοντας
520 953 787 1024 ἀλλήλους
808 953 1087 1025 φιλοτιμίᾳ
1105 972 1118 986 ·
1149 954 1304 1009 τοῦτό
1327 973 1385 1008 τε
1416 956 1616 1026 πρᾶξαι
1642 958 1737 1010 σὺν
1762 975 1885 1026 φαι-

299 1044 451 1115 δροῖς
498 1044 590 1095 καὶ
650 1043 893 1113 μειδιῶσι
944 1043 1275 1115 προσώποις.
1324 1040 1399 1098 Ob
1450 1045 1513 1117 δὴ
1568 1048 1879 1118 γενομένου,

298 1133 681 1197 Κωνστάντιος
716 1134 840 1197 τοὺς
880 1134 1030 1205 παρὰ
1061 1133 1155 1187 τοῦ
1197 1136 1431 1206 μεγάλου
1464 1136 1727 1207 βασιλέως
1768 1139 1880 1211 (42)

300 1226 577 1288 αὐτόπτας
629 1224 877 1293 γενέσθαι
921 1226 1029 1280 τῶν
1072 1225 1360 1298 θησαυρῶν
1409 1229 1715 1283 ἐκέλευσεν.
1767 1230 1881 1284 Εἶθ’

296 1311 376 1371 ὧν
409 1317 529 1386 ὄψει
564 1316 887 1389 παρέλαὸον,
920 1318 1018 1390 τὴν
1049 1319 1355 1392 μαρτυρίαν
1382 1320 1712 1387 προσέταττε
1745 1321 1875 1391 (45)-

298 1411 394 1463 καὶ
439 1412 536 1465 νῦν
573 1412 673 1482 μὲν
715 1410 962 1483 ἀθροῖσαι
1008 1414 1139 1484 παρ’
1184 1412 1360 1485 ἐαυτῷ
1394 1413 1598 1477 ταῦτα,
1633 1413 1799 1468 πάλαι
1832 1415 1877 1467 δ’

295 1502 451 1573 αὐτῷ
488 1505 638 1583 παρὰ
669 1506 779 1566 τοῖς
823 1503 932 1557 τῶν
978 1503 1274 1574 χρημάτων
1318 1505 1635 1572 δεσπόταις,
1674 1501 1763 1561 οἷα
1812 1506 1876 1579 δὴ

296 1596 666 1659 ὑπασπισταῖς
732 1596 1217 1667 παραθηκοςρύλαξι
1282 1596 1429 1665 (44),
1490 1596 1872 1659 φυλάττεσθαι.

295 1687 437 1749 Τοὺς
467 1686 567 1757 μὲν
603 1685 695 1741 οὖν
725 1686 913 1759 θαῦμα
941 1692 1157 1760 κατεῖχε
1196 1690 1294 1760 τῆς
1327 1688 1575 1761 πράξεως
1595 1706 1608 1719 ·
1652 1688 1875 1760 βασιλέα

1989 688 2287 758 principem
2324 690 2760 749 benevolentiam
2795 709 2989 765 sponte
3015 699 3297 757 declarare
3323 706 3564 761 deberet.

1989 780 2065 834 llli
2094 797 2247 848 vero,
2271 792 2457 853 utpote
2482 786 2572 855 qui
2598 786 2924 858 jampridem
2966 792 3018 847 in
3052 795 3195 850 votis
3224 796 3564 863 habuissent,

1986 883 2045 928 ut
2066 889 2225 928 suum
2246 891 2375 945 erga
2408 877 2555 933 illum
2596 881 2836 938 studium
2898 885 3219 941 testiﬁcandi
3276 888 3564 960 aliquando

1984 962 2275 1019 oﬂ’erretur
2301 968 2547 1035 occasio,
2596 970 2700 1026 hoc
2729 973 2936 1040 audito,
2966 975 3250 1033 confestim
3291 996 3443 1043 auro,
3475 998 3563 1036 ar-

1983 1068 2145 1126 gento
2168 1072 2233 1113 ac
2258 1058 2487 1129 reliquis
2517 1062 2711 1132 opibus
2752 1064 3034 1124 thesauros
3082 1068 3198 1137 ejus
3252 1074 3559 1143 compleve-

1982 1157 2108 1202 runt
2134 1167 2145 1202 :
2176 1150 2463 1208 ambitiose
2490 1162 2767 1209 certantes
2799 1156 2945 1212 inter
2974 1174 3053 1227 se,
3077 1169 3137 1215 ut
3165 1176 3223 1217 se
3245 1162 3477 1218 invicem
3506 1166 3558 1220 in

1980 1238 2261 1310 largiendo
2290 1255 2615 1312 superarent
2642 1265 2654 1301 :
2695 1247 2855 1316 idque
2880 1249 3001 1305 laeto
3023 1263 3185 1324 atque
3215 1254 3374 1311 hilari
3412 1257 3559 1312 vultu

1979 1345 2172 1386 omnes
2199 1337 2521 1404 prmstitere.
2551 1337 2683 1393 Post
2704 1341 2823 1397 haec
2871 1343 3221 1401 Constantius
3244 1348 3488 1405 homines
3526 1368 3557 1407 a

1977 1429 2195 1481 seniore
2219 1430 2463 1500 Augusto
2488 1432 2554 1487 ad
2580 1448 2638 1487 se
2674 1434 2892 1503 missos,
2923 1438 3302 1495 thesaurorum
3334 1457 3556 1499 suorum

1974 1528 2316 1585 spectatores
2342 1535 2464 1576 esse
2489 1521 2669 1591 jussit,
2703 1533 2756 1578 et
2802 1541 2864 1581 ea
2896 1543 3014 1597 quae
3041 1530 3305 1586 vidissent
3360 1548 3557 1587 renun-

1976 1610 2133 1665 tiare.
2165 1610 2237 1667 Se
2267 1614 2485 1684 quidem
2517 1615 2569 1669 in
2597 1622 3003 1686 prasentiarum
3033 1623 3148 1678 hazc
3171 1626 3309 1694 apud
3343 1640 3402 1681 se
3426 1641 3553 1680 con~

1976 1716 2277 1771 gregasse:
2319 1714 2574 1763 cazterum
2605 1725 2666 1765 ea
2711 1710 3033 1783 jampridem
3084 1717 3223 1784 apud
3280 1717 3425 1785 ipsos
3454 1720 3553 1772 do-

293 1778 353 1833 δὲ
384 1779 475 1833 τὸν
508 1779 1035 1850 φιλανθρωπότατον,
1068 1781 1203 1852 μετὰ
1232 1781 1328 1851 τὴν
1354 1782 1559 1836 τούτων
1588 1781 1853 1855 ὑποχώρις⁴

1978 1791 2152 1846 minus
2181 1803 2438 1865 tanquam
2474 1801 2613 1870 apud
2662 1774 2799 1859 ﬁdos
2827 1774 3220 1875 .depositar-um
3262 1774 3420 1877 opum
3452 1824 3550 1862 cu-

298 1888 404 1934 σιν,
458 1874 582 1936 τοὺς
628 1872 735 1925 τῶν
780 1870 1077 1943 χρημάτων
1132 1872 1581 1943 μεταστεί).ασθαι
1627 1873 1869 1945 κυρίους,

296 1966 472 2017 πάντα
501 1964 545 2016 δ’
588 1964 989 2030 ἀπολαϐόντας,
1026 1966 1206 2019 οἴκαδε
1240 1966 1401 2036 φάναι
1446 1968 1699 2031 ἀπιέναι,
1738 1987 1865 2023 κατ·-

296 2052 413 2122 έχει
440 2053 594 2122 λόγος
614 2094 628 2117 ,
657 2054 877 2119 πειθοῦς
908 2056 1002 2108 καὶ
1029 2056 1242 2128 ἀγαθῆς
1273 2058 1484 2122 εὐνοίας
1521 2060 1647 2123 τοὺς
1670 2059 1867 2129 ἄνδρας

291 2147 712 2219 ἀποδεξάμενον.
760 2149 875 2203 Μία
929 2150 1027 2221 μὲν
1075 2151 1169 2219 ἦδε
1214 2152 1621 2222 φιλανθρωπίας
1670 2154 1867 2224 δεῖγμα

291 2240 530 2311 φέρουσα
556 2240 648 2294 τοῦ
674 2241 1002 2312 δηλουμένου
1028 2243 1246 2316 πρᾶξις.
1275 2244 1489 2317 Θατέρα
1524 2246 1581 2299 δὲ
1605 2246 1701 2316 τῆς
1732 2253 1867 2319 πρὸς

288 2332 352 2383 τὸ
384 2332 537 2385 Θείον
568 2333 717 2397 ὁσίας
746 2334 857 2403 (45)
898 2335 1142 2407 περιέχοι
1189 2336 1253 2391 ἂν
1284 2336 1501 2407 ἐμφανῆ
1536 2337 1861 2410 μαρτυρίαν.

1976 1884 2157 1938 stodes
2186 1886 2288 1941 sibi
2325 1891 2552 1945 servari.
2586 1892 2651 1947 Et
2683 1894 2734 1947 hi
2760 1896 2973 1963 quidem
3008 1898 3364 1954 admiratione
3387 1898 3549 1971 415

1974 1971 2134 2043 hujus
2157 1976 2233 2031 rei
2266 1981 2505 2047 perculsi
2536 1994 2663 2039 sunt
2692 2003 2706 2039 :
2742 1987 3166 2043 lmmanissimus
3191 2000 3374 2044 autem
3399 1992 3550 2060 prin-

1973 2080 2100 2134 ceps
2131 2078 2251 2137 post
2272 2086 2459 2128 eorum
2490 2076 2789 2133 discessum
2811 2095 2972 2149 opum
3010 2081 3257 2137 dominos
3287 2083 3550 2137 accivisse

1973 2156 2174 2213 dicitur
2202 2178 2217 2215 :
2248 2172 2305 2217 et
2328 2165 2589 2237 obsequio
2615 2170 2825 2225 illorum
2854 2186 2917 2223 ac
2941 2172 3121 2226 studio
3146 2187 3271 2239 erga
3328 2188 3387 2227 se
3431 2188 3548 2226 ma-

1975 2266 2212 2322 gnopere
2244 2254 2482 2325 laudato,
2518 2257 2749 2326 jussisse
2778 2272 2837 2316 ut
2863 2263 3072 2316 cunctis
3104 2263 3295 2334 Opilius
3324 2264 3432 2316 suis
3455 2278 3545 2317 re-

1972 2342 2142 2410 ceptis
2174 2342 2392 2399 domum
2419 2358 2845 2404 reverterentur.
2872 2350 2983 2404 lloc
3010 2352 3173 2421 igitur
3199 2368 3365 2405 unum
3400 2351 3543 2405 illius

288 2425 550 2494 principis
582 2426 793 2482 facinus
836 2438 939 2493 est,
985 2444 1095 2499 quo
1140 2430 1430 2500 singularis
1463 2429 1578 2501 ejus
1609 2432 1918 2487 humanitas
1959 2438 2241 2505 perspicue
2283 2439 2620 2497 declaratur.
2653 2444 2896 2497 Alterum
2949 2443 3160 2501 facinus
3190 2445 3397 2500 illustre
3425 2455 3542 2515 ejus

286 2534 414 2591 erga
449 2522 612 2575 Deum
638 2523 1137 2592 pictatisindicium
1167 2525 1393 2594 praebet.

812 2613 1203 2667 ΚΕΦΑΛΑΙΟΝ
1241 2616 1343 2669 ΙΕ’.

497 2702 633 2769 Περὶ
668 2701 775 2755 τοῦ
818 2702 934 2757 ὑπὸ
972 2702 1092 2757 τῶν
1130 2703 1337 2759 ἄλλων
1374 2705 1650 2775 διωγμοῦ.

360 2790 626 2845 ’Πλαυνον
672 2795 769 2863 μὲν
808 2794 915 2865 γὰρ
945 2796 1254 2865 ἁπανταχοῦ
1289 2797 1393 2866 γῆς
1424 2800 1549 2861 τοὺς
1595 2797 1862 2861 θεοσεϐεῖς

284 2883 345 2950 ιε
382 2885 751 2954 ἐπιτάγματος
778 2884 885 2937 τῶν
924 2885 1268 2957 κρατούντων
1305 2888 1355 2940 οἱ
1398 2890 1517 2942 κατ’
1563 2888 1713 2952 ἔθνος
1757 2890 1856 2961 ἄρ-

283 2991 503 3044 χοντες·
550 2976 610 3039 ἐξ
660 2976 840 3029 αὐτῶν
889 2976 944 3029 δὲ
997 2976 1282 3047 βασιλείων
1332 2978 1497 3032 οἴκων
1549 2979 1859 3050 ὁρμώμενοι

286 3067 580 3138 πρώτιστοι
628 3068 843 3123 πάντων
876 3070 999 3133 τοὺς
1050 3070 1189 3143 ὑπὲρ
1233 3070 1515 3135 εὐσεϐείας
1546 3071 1763 3140 ἀγῶνας
1809 3075 1855 3125 oi

286 3163 549 3233 θεοφιλεῖς
568 3163 779 3236 διῆλθον
804 3165 1098 3239 μάρτυρες,
1130 3165 1240 3238 πῦρ
1262 3167 1358 3222 καὶ
1390 3166 1628 3239 σίδηρον,
1652 3167 1743 3220 καὶ
1768 3166 1856 3219 θα-

2558 2618 2786 2675 CAPUT
2818 2620 2932 2675 XV.

2229 2710 2303 2765 De
2327 2713 2691 2781 persecutione
2724 2718 2786 2767 ab
2826 2715 2949 2768 aliis
2978 2717 3265 2771 concitata.

2032 2800 2293 2857 Prtesiiles
2322 2804 2721 2871 provinciarum
2750 2821 2848 2875 per
2878 2808 3187 2861 universum
3236 2808 3423 2865 orbem
3452 2811 3537 2865 vl-

1960 2907 2047 2946 ros
2075 2892 2258 2947 divino
2288 2895 2454 2949 cultui
2491 2896 2703 2951 deditos
2749 2899 3137 2967 imperatorum
3161 2900 3314 2968 jussu
3354 2917 3539 2972 perse-

1960 2985 2282 3051 quebantur.
2318 2986 2590 3056 Primique
2618 2991 2856 3044 omnium
2899 3007 2964 3045 ex
2999 2991 3132 3061 ipsts
3162 2993 3537 3063 imperialibus

1959 3075 2172 3144 palatiis
2229 3079 2501 3147 progressi
2550 3080 2645 3133 Dei
2697 3083 3057 3135 amantissimi
3104 3095 3395 3154 martyres,
3437 3101 3536 3155 pro

1957 3167 2218 3236 religione
2281 3169 2583 3224 certamina
2654 3171 2930 3237 obierunt,
2987 3175 3163 3243 ignem
3216 3187 3272 3230 et
3327 3176 3536 3246 gladios

285 3258 483 3329 λάττης
516 3256 729 3328 βυθοὺς,
775 3258 950 3312 πάντα
986 3276 1046 3312 τε
1083 3258 1311 3313 θανάτου
1349 3262 1549 3332 τρόπον
1580 3260 1853 3331 προθυμό-

1955 3258 2228 3325 marisque
2256 3258 2549 3314 altissimos
2574 3261 2836 3329 gurgites,
2870 3272 2925 3316 et
2970 3271 3163 3317 cuncta
3214 3264 3403 3318 mortis
3443 3281 3536 3334 ge-

282 3366 419 3404 τατα
467 3350 966 3423 διακαρτεροῦντες,
1011 3352 1085 3417 ώς
1139 3354 1198 3406 ὲν
1242 3352 1435 3425 βραχεῖ
1475 3352 1545 3407 τὰ
1576 3354 1847 3425 πανταχοῦ

285 3442 527 3511 βασίλεια
564 3443 674 3514 (46)
719 3443 979 3513 θεοφιλῶν
1011 3444 1277 3518 χηρεῦσαι
1316 3445 1551 3517 ἀνδρῶν·
1588 3446 1618 3500 ὃ
1659 3447 1721 3518 δὴ
1754 3447 1847 3500 καὶ

284 3532 517 3604 μάλιστα
572 3533 670 3604 τῆς
720 3531 814 3585 τοῦ
875 3531 1009 3585 Θεοῦ
1077 3533 1378 3602 ἐπισκοπῆς
1429 3534 1669 3605 ἐρήμους
1726 3534 1852 3597 τοὺς

277 3626 521 3695 δρῶντας
562 3625 863 3697 εἰργάζετο.
914 3626 1080 3696 Ὁμοῦ
1126 3626 1233 3698 γὰρ
1279 3626 1356 3697 τῷ
1406 3628 1531 3690 τοὺς
1581 3626 1850 3690 θεοσεὸεῖς

279 3719 544 3783 ἐλαύνειν,
572 3721 665 3773 καὶ
690 3720 788 3783 τὰς
814 3720 954 3792 ὑπὲρ
978 3719 1155 3774 αὐτῶν
1178 3718 1459 3784 ἐξεδίωκον
1486 3719 1670 3790 εὐχάς.

1953 3363 2081 3402 nera
2107 3348 2274 3403 alacri
2304 3350 2485 3403 animo
2511 3352 2776 3419 perpessi.
2808 3352 2957 3407 Adeo
3003 3364 3057 3407 ut
3084 3354 3233 3409 brevi
3271 3357 3534 3425 temporis

1963 3439 2139 3510 spatio
2172 3448 2367 3495 cuncta
2398 3438 2784 3509 imperatorum
2830 3444 3030 3512 palatia
3077 3446 3383 3501 cultoribus
3434 3446 3532 3511 Dei

1958 3534 2173 3586 viduata
2206 3533 2335 3586 sint.
2360 3530 2478 3598 Quo
2508 3532 2741 3587 maxime
2772 3533 2975 3589 factum
2999 3546 3101 3601 est,
3144 3545 3201 3590 ttt
3222 3537 3383 3607 hujus
3412 3553 3534 3593 sce-

1956 3625 2083 3680 leris
2113 3635 2385 3689 auctores,
2432 3625 2523 3680 Dei
2568 3628 2853 3697 praesentia
2886 3639 3046 3697 atque
3102 3630 3302 3685 auxilio
3351 3631 3529 3687 orbati

1955 3728 2318 3775 remanerent.
2348 3718 2484 3773 Dum
2513 3720 2656 3775 enim
2680 3718 2917 3775 cultores
2943 3720 3109 3776 divini
3129 3720 3377 3779 Numinis
3409 3737 3529 3793 per-

278 3824 598 3875 seouuntur,
629 3813 817 3867 eadem
845 3826 1008 3881 opera
1043 3811 1383 3880 precationes
1409 3825 1509 3882 pro
1538 3811 1847 3881 semetipsis
1868 3810 1982 3866 ﬁeri
2006 3810 2195 3866 solitas
2223 3811 2539 3881 abegerunt.

348 3992 457 4062 (Η)
495 3992 717 4058 Ὥσπερ
741 3988 934 4059 εὐχὴν
955 3992 1201 4059 ταύτην.
1225 3990 1395 4062 γίιιιιιο
1421 3989 1596 4044 locum
1620 4004 1724 4044 non
1756 3990 1842 4043 in.

278 4060 483 4118 tellexit
507 4063 1050 4129 Christophot'sonus.
1084 4064 1173 4129 qui
1214 4060 1477 4130 θεμένους
1510 4062 1837 4129 interpreta-

278 4146 362 4189 tns
391 4144 474 4187 est
502 4144 805 4204 statuentes,
854 4147 975 4186 cum
1004 4134 1168 4204 εὐχὴν
1212 4132 1439 4204 θέσθαι,
1469 4130 1612 4204 idem
1646 4130 1717 4204 sit
1773 4144 1839 4184 ac

274 4220 391 4259 tata
418 4206 697 4272 suscipere.
726 4201 840 4267 Qua
870 4218 1003 4257 voce
1043 4199 1213 4257 utitur
1246 4202 1509 4272 Eusebius
1543 4199 1649 4272 alio
1694 4200 1835 4266 loco,

273 4289 334 4329 ut
374 4272 511 4327 infra
540 4270 766 4334 dicetur,
810 4287 1005 4340 nempe
1042 4274 1092 4327 in
1126 4288 1245 4339 cap.
1283 4272 1374 4333 22,
1404 4271 1496 4326 lib.
1530 4286 1590 4324 tt.
1620 4270 1838 4324 Rectius

272 4360 401 4415 ergo
434 4344 703 4397 Portesius
748 4341 893 4397 hunc
933 4343 1109 4415 locum
1155 4345 1228 4415 ita
1270 4342 1452 4408 vertit,
1483 4342 1580 4415 ‘hie
1619 4340 1834 4415 auditis,

273 4410 404 4469 ac'si
434 4415 497 4466 de
532 4416 625 4466 illa
662 4415 773 4482 ipsa
807 4428 861 4466 re
897 4422 1013 4467 vota
1056 4414 1268 4481 jamdiu
1291 4412 1663 4480 suscepissent,
1702 4422 1755 4482 ιιι
1781 4410 1836 4462 id

2020 3989 2129 4057 (44)
2166 3986 2269 4044 Οἷα
2312 3990 2365 4044 δ’
2407 3990 2821 4056 ὑπασπισταῖς
2860 3993 3421 4060 παραθηκοερύλαξι.
3466 3996 3522 4051 ln

1945 4058 2310 4131 Morzei__libro
2373 4062 2439 4131 ad
2495 4061 2786 4131 marginem
2831 4058 3286 4116 emendatur-cia
3330 4065 3394 4131 δὴ
3439 4084 3523 4119 πι-

1944 4133 2107 4193 στοίς.
2137 4129 2336 4203 Verum
2371 4130 2503 4184 nihil
2532 4129 2672 4203 opus
2693 4140 2775 4185 est
2803 4131 2905 4203 hac
2936 4133 3338 4190 emendatione.
3363 4129 3519 4203 Apud

1943 4210 2154 4272 veteres
2179 4201 2322 4255 enim
2353 4202 2593 4272 pecunia:
2622 4200 3028 4272 deponebantur
3047 4203 3344 4272 intemplis,
3363 4200 3519 4260 secu-

1944 4270 2121 4325 ritatis
2144 4286 2329 4333 causa,
2363 4270 2543 4339 ibique
2567 4271 2797 4324 militum
2837 4271 3083 4325 excubiis
3129 4270 3512 4341 servabantur,

1943 4351 2002 4414 ut
2050 4351 2205 4414 notat
2251 4351 2405 4414 fetus
2458 4341 2775 4414 scholiastes
2797 4341 3142 4414 _Jnveualis,
3198 4353 3258 4414 et
3303 4342 3515 4414 Lipsius

1944 4410 1996 4462 in
2049 4410 2187 4484 libro
2245 4407 2324 4484 De
2379 4413 2736 4484 magnitudine
2786 4410 3051 4484 ﬂomana.
3121 4413 3201 4484 Ad
3250 4407 3514 4484 hos'igi-

270 4487 514 4547 eveniret,
549 4500 650 4551 quo
684 4469 753 4535 ’δε
799 4485 1018 4549 probare
1056 4469 1300 4551 inessent.
1357 4469 1527 4535 Porro
1580 4469 1833 4551 supplen-
1870 4469 1913 4524 Ῑ)
1946 4488 2039 4551 tur
2061 4482 2259 4535 milites
2279 4469 2782 4535 alludit-Eusebius.
2814 4482 3048 4535 Possunt
3071 4483 3235 4536 etiam
3275 4469 3511 4538 ὑπασπι-

269 4558 396 4607 όιιιη
458 4549 678 4607 estbic
738 4554 957 4609 verbum
1032 4549 1195 4623 φασιν
1247 4562 1370 4621 post
1416 4566 1599 4605 vocem
1645 4549 1837 4621 προθυ-

271 4624 420 4695 μίαν.

340 4694 449 4765 (ιε)
487 4692 671 4765 Vulg,
724 4694 859 4765 παρ’
901 4692 1088 4746 αὐτοῦ
1124 4691 1450 4765 βασιλέως.
1490 4688 1638 4765 Lego
1685 4688 1834 4765 παρὰ

268 4765 361 4818 τοῦ
387 4759 622 4835 μεγάλου
644 4762 934 4835 βασιλέως,
975 4764 1124 4835 ut_in
1164 4764 1302 4835 libro
1342 4759 1546 4835 Horati,
1597 4759 1831 4835 Turneoi

270 4852 333 4890 ac
359 4830 544 4889 Sav‘ilii
563 4842 615 4886 et
639 4830 850 4887 Fuketii
872 4831 1213 4886 emendatum
1238 4833 1436 4886 inveni.
1464 4832 1631 4885 Porro
1661 4830 1832 4901 μέγαν

270 4906 491 4976 βασιλέα
518 4906 902 4971 interpretatus
942 4901 1349 4976 sumseniorein
1370 4902 1689 4976 Augustum.
1712 4903 1834 4976 __Sie

268 4971 409 5030 enim
435 4977 488 5028 in
517 4976 789 5028 veteribus
832 4973 1174 5041 panegyricis
1210 4981 1266 5027 et
1303 4972 1358 5025 in
1383 4971 1833 5040 inscriptionibus

267 5055 493 5100 vocatur
524 5042 911 5098 Diocletianus.

336 5116 445 5187 (45)
479 5114 596 5181 Τὴν
611 5113 941 5187 papttiptqr
961 5111 1343 5187 προσέταττε.
1360 5181 1371 5187 _
1385 5108 1441 5164 In
1473 5108 1697 5187 ειξξιιῑιίἰεΔ
1720 5109 1834 5167 Re-

267 5179 367 5254 giis
392 5188 456 5237 ad
485 5179 783 5254 marginem
800 5179 1084 5254 adduntur
1123 5181 1425 5254 haeeyerba
1469 5194 1484 5233 :
1523 5179 1827 5254 Προσὲτατ-

264 5251 321 5308 τε
350 5251 768 5326 διακονήσασθαι
802 5252 881 5323 τῷ
917 5252 1106 5307 πενίαν
1134 5252 1281 5323 αὐτῷ
1296 5251 1823 5374 καταμεμψαμένῳ·

264 5326 544 5374 ἐπιθέντας
574 5325 650 5374 τῶ
678 5324 837 5374 λόγω.
878 5322 947 5374 τὰ
994 5323 1065 5374 μὴ
1097 5325 1206 5374 ἀπὸ
1220 5338 1364 5374 γοων
1391 5321 1511 5374 μηδ’
1551 5322 1610 5374 ἐξ
1677 5322 1823 5374 δίκου

264 5321 947 5395 ἐπιθένταςτῷᾷλόγῳίτὰ
993 5323 1066 5394 μὴ
1097 5325 1206 5395 ἀπὸ
1220 5321 1365 5395 γοῶν
1390 5321 1511 5393 μηδ’
1551 5322 1610 5395 εξ
1641 5321 1823 5374 ἀδίκου

263 5396 574 5461 πλεονεξίας
620 5391 762 5472 εἶναι
785 5391 1293 5472 παρεσκευασμένα.
1335 5391 1469 5459 Quae
1504 5391 1584 5472 _ab
1612 5396 1824 5446 erudito

301 5470 512 5543 u0piam
548 5482 613 5522 ex
644 5466 957 5543 e0nje_ctnra
990 5466 1241 5543 suppleta
1266 5479 1389 5519 esse
1413 5466 1546 5543 satis
1574 5473 1819 5531 apparet.

308 5535 384 5609 go‘
416 5539 633 5592 unicum
659 5606 667 5609 Α
694 5535 947 5609 verbum__
975 5535 1085 5609 hic
1106 5535 1626 5609 _deesse‘_ex‘istimo
1682 5549 1824 5609 παρ-

262 5598 422 5678 έξειν.
447 5609 637 5662 Scribo
657 5606 838 5677 igitur,
855 5598 1041 5678 ὢνῶν
1061 5604 1181 5678 oti/st
1207 5603 1533 5678 παρέλαϐον,
1559 5598 1822 5678 ’παρεχειν

257 5674 357 5749 τῆν
387 5674 700 5750 μαρτυρίαν*
717 5676 1035 5747 προσέταξε.
1074 5677 1164 5731 Sic
1192 5674 1336 5731 enim
1374 5674 1639 5731 Eusebius
1671 5674 1819 5744 loqui

260 5754 416 5804 solet.

1942 4550 2083 4605 στῶν
2114 4552 2330 4605 nomine
2360 4552 2445 4605 hic
2478 4552 2710 4615 intelligi
2740 4551 2974 4605 Palatini
3004 4554 3093 4620 qui
3128 4568 3345 4606 sacrum
3376 4570 3511 4608 aera-

1940 4624 2077 4675 riutn
2111 4620 2499 4675 custodiebant.
2537 4622 2588 4673 In
2617 4620 2834 4675 schedis
2869 4621 3053 4690 Regiis
3076 4624 3504 4692 superscriptum

1937 4692 2231 4763 estgeadetn
2264 4706 2421 4763 manu
2461 4692 2565 4763 υπὸ
2612 4694 2841 4763 πιστοῖς,
2886 4693 3027 4757 quod
3070 4708 3177 4745 nou
3222 4693 3504 4763 displicet;

1938 4761 2106 4833 code}
2137 4771 2284 4833 certe
2310 4759 2441 4833 Fu_k.
2482 4762 2642 4833 habet
2662 4756 2748 4833 οἷα
2876 4764 3106 4823 πιστοῖς.

2008 4830 2117 4899 (45)
2148 4831 2301 4900 Vulg.
2332 4828 2440 4896 τῆς
2462 4829 2609 4897 πρὸς
2626 4832 2690 4884 τὸ
2712 4828 2879 4884 Θεῖόν
2900 4833 3121 4897 αἱσίας.
3149 4831 3503 4890 Scribendum

1934 4899 2077 4954 haud
2118 4899 2279 4954 dubie
2312 4914 2396 4954 est
2425 4901 2595 4964 ὁσίας,
2626 4911 2686 4955 ut
2722 4904 2772 4955 in
2807 4901 3043 4956 'l‘urnebi
3075 4903 3215 4958 libro
3248 4906 3315 4959 ad
3358 4921 3503 4959 mar-

1934 4974 2111 5039 ginem
2143 4972 2484 5024 emendatum
2513 4972 2713 5027 inveni.
3514 5004 3517 5007 -

2005 5041 2117 5109 (46)
2182 5041 2258 5119 Td
2301 5041 2610 5119 πανταχοῦ
2650 5042 2961 5105 βασίλεια.
3008 5041 3337 5119 Adverbium
3398 5044 3500 5101 hoc

1934 5114 2231 5181 πανταχοῦ,
2278 5125 2383 5164 non
2433 5114 2553 5165 sine
2595 5128 2756 5166 causa
2810 5122 3100 5180 utrumque
3143 5114 3496 5181 interpretem

1934 5182 2194 5252 turbarit,
2249 5190 2307 5233 ut
2348 5196 2414 5235 ex
2467 5196 2654 5235 eorum
2702 5183 3147 5251 interpretatione
3194 5185 3494 5252 colligitur.

1932 5251 2129 5306 Verum
2172 5251 2605 5305 animadvertere
2643 5252 2964 5315 debuerant,
3016 5252 3271 5321 palatium
3321 5251 3496 5321 dupli-

1929 5324 2060 5376 citer
2102 5322 2261 5375 sumi.
2301 5322 2569 5375 interdum
2600 5323 2742 5375 enim
2789 5323 3025 5376 sumitur
3070 5338 3169 5390 pro
3201 5323 3349 5376 curia
3396 5338 3492 5378 seu

1926 5405 2080 5447 curte
2108 5392 2380 5460 principis.
2418 5392 2539 5457 Quo
2563 5407 2724 5446 sensu
2763 5401 3000 5460 quatuor
3041 5393 3301 5446 duntaxat
3337 5404 3491 5448 erant

1930 5474 2055 5516 tunc
2092 5463 2348 5528 temporis
2384 5462 2601 5530 palatia,
2636 5476 2731 5530 pro
2766 5477 2993 5516 munero
3015 5462 3222 5517 scilicet
3263 5464 3491 5531 impera-

1927 5542 2122 5585 torum.
2151 5532 2421 5585 Interdum
2450 5547 2574 5585 vero
2602 5532 2858 5599 palatium
2889 5532 3090 5585 dicitur
3114 5533 3317 5600 quaevis
3344 5534 3489 5587 aedes

1925 5602 1977 5655 in
2010 5617 2117 5670 qua
2150 5602 2441 5670 imperator
2472 5601 2608 5656 solet
2648 5604 2925 5656 habitare.
2961 5602 3027 5656 Et
3058 5602 3345 5670 hocseusu
3370 5602 3488 5669 plu-

1924 5669 2059 5724 rima
2102 5669 2257 5724 erant
2295 5672 2488 5741 palatia
2536 5674 2588 5725 in
2641 5673 2771 5726 orbe
2820 5672 3087 5725 Romano.
3141 5669 3293 5725 Nulla
3332 5675 3483 5741 enim

1924 5740 2039 5796 fere
2079 5744 2272 5798 civitas
2300 5740 2439 5805 erat,
2479 5758 2597 5812 quae
2626 5744 2884 5812 palatium
2913 5758 3021 5798 non
3050 5741 3293 5797 haberet.
3326 5740 3483 5811 Eju»
