4132 6406
671 287 778 345 939

1235 404 1460 462 CAPUT
1508 407 1693 464 XXIII.

742 517 1035 576 'Interitua
1094 530 1439 592 tyrannorum
1489 523 1657 578 brevis
1699 531 2139 584 commemoratio.

734 655 926 725 Qualis
958 670 1090 711 vero
1120 655 1303 712 exitus
1351 655 1518 711 fuerit
1573 657 1799 713 aliorum
1835 658 1926 728 qui
1975 659 2245 716 Ecclesias

1382 281 1651 344 EUSEBII
1690 289 2168 349 CIESARIENSIS
2207 298 2220 350 4

2345 342 2354 352 .
2399 297 2578 352 PARS
2618 296 2655 350 I.
2697 329 2764 337 —-
2805 296 3203 358 HISTORICA.
3807 308 3889 363 940

2273 423 2322 479 A

2842 418 3237 471 ΚΕΦΑΛΑΙΟΝ
3283 416 3378 469 ΚΓ
3379 422 3414 470 '.

2399 509 2796 580 Καταστροφὴ
2850 510 2970 564 τῶν
3003 510 3338 635 ἔνῖὶράννων
3381 507 3457 561 δι’
3502 508 3856 580 ὑπομνήσεως

3069 623 3074 626 -
3105 599 3241 635 mc.

3003 599 3099 635 o.u
3225 620 3241 634 .

2417 663 2538 724 Τῶν
2568 671 2625 724 δὲ
2652 671 2825 726 ἄλλων
2857 671 2972 725 ὅσοι
2999 599 3440 742 τὰςγέζιξιλησίας
3481 672 3574 725 τοῦ
3607 671 3729 726 Θεοῦ
3767 674 3897 729 πολὲ-

665 745 761 803 Dei
783 758 1039 818 tanquam
1067 747 1274 803 indicto
1304 747 1445 803 bello
1472 759 1874 820 oppugnarunt,
1906 768 2242 823 nequaquam

666 838 755 896 hic
794 839 1329 896 commemorandum
1378 853 1498 896 esse
1528 841 1676 906 duxi,
1707 856 1806 896 nee
1841 841 2104 898 honorum
2133 859 2246 900 me-

664 933 916 996 moriam,
965 931 1228 987 malorum
1287 941 1497 986 attexta
1549 935 2071 989 commemoratione
2124 949 2242 992 esse

661 1024 992 1081 violandam.
1028 1022 1315 1078 Sulliciunt
1341 1035 1492 1078 certe
1539 1039 1626 1079 res
1663 1025 1810 1094 ipsae,
1839 1025 1906 1080 ad
1944 1026 2242 1101 reprimen-

663 1116 762 1172 dos
799 1126 853 1170 et
880 1115 932 1168 in
955 1112 1131 1169 cilicio
1161 1113 1517 1169 continendos
1549 1129 1643 1169 eos
1659 1114 1747 1183 qui
1768 1129 1987 1170 scenam
2025 1132 2238 1172 omnem

661 1204 1036 1261 calamitatum
1062 1218 1183 1273 quae
1213 1202 1438 1274 singulis
1469 1203 1687 1259 illorum
1734 1205 2069 1276 acciderunt,
2111 1209 2240 1279 ipsis

662 1298 835 1354 oculis
861 1309 1022 1367 atque
1049 1296 1272 1350 auribus
1302 1311 1582 1365 accepere.

1210 1385 1437 1442 CAPUT
1481 1386 1664 1442 XXIV.

730 1480 886 1547 Quod
940 1480 1320 1535 Constantinus
1371 1480 1646 1548 imperium
1700 1481 1795 1537 Dei
1840 1485 2058 1539 arbitrio
2099 1486 2165 1540 sit

2348 779 2449 833 μου
2483 762 2633 834 νόμῳ
2662 763 2945 835 μετῆλθον,
2971 767 3070 829 τὰς
3097 765 3192 819 τοῦ
3239 764 3364 835 βίου
3405 764 3792 836 καταστροφάς,
3817 770 3898 820 οἰκ

2345 851 2480 908 εἶναι
2513 855 2724 927 πρέπον
2758 855 2948 928 ἔκρινα
2981 858 3058 929 τῷ
3105 859 3343 930 παρόντι
3380 858 3708 930 παραδοῦναι
3738 859 3897 934 διηγή-

2346 963 2498 1016 ματι,
2528 946 2648 999 οὐδὲ
2674 946 2774 1011 τὰς
2796 946 2904 1001 τῶν
2934 948 3154 1017 ἀγαθῶν
3187 949 3424 1021 μνήμας
3450 952 3516 1020 τῇ
3548 949 3652 1002 τῶν
3680 952 3899 1005 ἐναντίων

2345 1037 2643 1108 παραθέσει
2679 1039 2932 1110 μιαίνειν.
2975 1042 3245 1114 Ἀπαρκεῖ
3277 1043 3339 1095 δὲ
3373 1044 3408 1112 ή
3436 1042 3545 1094 τῶν
3577 1043 3742 1115 ἔργων
3765 1048 3898 1117 πεῖρα

2341 1129 2477 1201 πρὸς
2503 1131 2881 1204 σωφρονισμὸν
2935 1133 3044 1188 τῶν
3075 1135 3273 1199 αὐταῖς
3305 1133 3468 1204 ὄψεσι
3499 1136 3593 1189 καὶ
3619 1138 3792 1200 ἀκοαῖς
3818 1139 3897 1208 τὴν

2339 1223 2450 1277 τῶν
2483 1225 2698 1297 ἑκάστῳ
2728 1226 3152 1299 συμϐεϐηκότων
3184 1227 3616 1299 παρειληφότων
3642 1228 3868 1300 ἱστορίαν.

2848 1405 3246 1460 ΚΕΦΑΛΛΙΟΝ
3283 1407 3416 1460 KA'.

2399 1493 2517 1546 Ὅτι
2557 1495 2862 1561 ,ϐουλήσει
2912 1499 3062 1570 Θεοῦ
3093 1497 3566 1566 Κωνσταντῖνος
3611 1501 3750 1570 ἔσχε
3789 1501 3846 1554 τὸ

1283 1560 1613 1607 consecutus.

2930 1569 3314 1632 βασιλεύειν.

730 1643 785 1698 In
823 1643 968 1698 hunc
1019 1641 1237 1696 modum
1284 1641 1657 1697 universorum
1713 1655 1906 1700 auctor
1947 1655 2004 1700 et
2070 1647 2220 1704 totius

2409 1651 2566 1708 Οὕτω
2611 1655 2675 1726 δὴ
2717 1657 3121 1711 Κωνσταντίνον
3170 1658 3426 1712 τοιούτου
3485 1658 3657 1728 φύντα
3701 1659 3890 1732 πατρὸς,

659 1734 848 1790 mundi
883 1733 1194 1788 moderator
1239 1733 1378 1786 Deus
1429 1731 1840 1790 Constantinum
1893 1737 1982 1792 tali
2010 1751 2220 1808 parente

2338 1746 2571 1817 ἄρχοντα
2618 1749 2712 1801 καὶ
2763 1749 3112 1821 καθηγεμόνα
3163 1752 3190 1804 ὁ
3226 1751 3340 1805 τῶν
3392 1751 3534 1805 ὅλων
3564 1751 3710 1814 Θεὸς,
3756 1731 3892 1805 ότοῦ

661 1827 926 1900 genitum,
989 1825 1154 1898 420
1201 1825 1500 1894 principem
1536 1836 1700 1895 atque
1730 1828 2107 1898 imperatorem
2140 1847 2235 1899 per

659 1937 720 1976 se
751 1921 866 1989 ipse
905 1919 1151 1988 provexit
1176 1935 1190 1972 :
1219 1917 1352 1972 adeo
1393 1928 1470 1982 ut,
1494 1933 1615 1972 cum
1660 1921 1841 1974 cmteri
1889 1937 2077 1977 omnes
2099 1923 2233 1977 alio-

657 2031 776 2070 rum
803 2012 1068 2084 suﬂragio
1102 2013 1244 2067 hunc
1289 2012 1550 2069 honorem
1590 2015 1866 2070 consecuti
1907 2017 2035 2082 sint,
2086 2019 2234 2075 solus

657 2106 746 2160 hic
804 2103 968 2159 fuerit
1014 2103 1082 2160 de
1130 2103 1284 2171 cujus
1341 2104 1685 2174 promotione
1737 2121 1896 2162 nemo
1927 2110 2231 2164 mortalium

2340 1839 2654 1911 σύμπαντος
2687 1841 2893 1913 κόσμου
2933 1842 3194 1914 πρύτανις
3221 1884 3234 1906 ,
3269 1843 3340 1896 δι’
3371 1842 3571 1896 ἑαυτοῦ
3621 1844 3888 1914 προεχειρίο

2336 1931 2489 2000 ζετο,
2528 1934 2604 2000 ὡς
2639 1935 2842 2006 μηδένα
2887 1935 3191 2008 ἀνθρώπων
3238 1937 3410 2007 μόνου
3461 1935 3617 1990 τοῦδε
3661 1937 3751 2007 τὴν
3779 1954 3889 2008 προ-

2335 2026 2555 2098 αγωγὴν
2591 2028 2698 2100 (65)
2727 2025 2983 2098 αὐχῆσαι,
3012 2029 3118 2082 τῶν
3149 2029 3326 2082 ἄλλων
3359 2028 3421 2093 ἐξ
3447 2028 3766 2099 ἐπικρίσεως
3796 2027 3887 2082 ἑτέ-

2337 2135 2445 2189 ρων
2472 2119 2570 2190 τῆς
2596 2119 2762 2190 τιμῆς
2795 2118 3134 2191 ἠξιωμένων.

654 2197 1004 2268 gloriaretur.

2832 2295 3230 2349 ΚΕΦΑΛΑΙΟΝ
3267 2297 3402 2350 KE'.

2331 2387 2791 2441 Κωνσταντίνου
2839 2388 2990 2442 κατὰ
3039 2387 3368 2511 6am?de
3425 2388 3526 2442 καὶ
3574 2386 3884 2456 Βρετταιύν

3025 2476 3064 2511 ι·
3089 2475 3206 2511 και.

3025 2475 3206 2512 νικαι.

2415 2551 2501 2614 Ὠς
2539 2545 2632 2605 οὗν
2665 2551 2759 2606 ἐπὶ
2797 2551 2898 2622 τῆς
2948 2550 3226 2622 βασιλείας
3261 2551 3484 2624 ἵδρυτο,
3523 2551 3658 2614 τέως
3691 2553 3779 2622 μὲν
3803 2551 3882 2620 τῆς

2330 2641 2604 2712 πατρικῆς
2632 2642 2882 2715 προενόει
2912 2641 3138 2714 λήξεως,
3173 2642 3495 2695 ἐπισκοπῶν
3528 2642 3622 2694 σὺν
3648 2641 3797 2712 πολλῇ
3825 2643 3878 2711 τῇ

2330 2729 2708 2803 φιλανθρωπίᾳ
2744 2729 2901 2783 πάνθ’
2934 2732 3034 2784 ὅσα
3063 2731 3327 2802 πρότερον
3372 2731 3503 2802 ἔθνη
3549 2730 3656 2800 (66)
3699 2729 3793 2782 ὑπὸ
3826 2731 3879 2801 τῇ

1219 2286 1449 2343 CAPUT
1496 2288 1665 2346 XXV.

758 2397 1096 2454 Constantini
1125 2398 1189 2452 de
1221 2398 1492 2454 Britannis
1520 2411 1568 2454 et
1603 2400 1843 2457 barbaria
1874 2405 2129 2474 victoriae.

721 2535 1013 2607 Postquam
1068 2536 1236 2608 igitur
1293 2537 1344 2592 in
1390 2537 1619 2607 imperio
1673 2538 1916 2596 ﬁrmatus
1957 2554 2072 2610 est,
2117 2544 2230 2612 pri-

652 2643 800 2682 mum
852 2627 1068 2696 quidem
1118 2628 1334 2698 imperii
1373 2629 1623 2698 partibus
1671 2630 1772 2685 sibi
1813 2646 1842 2684 a
1882 2642 2035 2701 patre
2083 2645 2229 2689 tran-

649 2720 871 2790 scriptis
901 2720 1214 2790 prospicere
1241 2722 1436 2790 carpit;
1466 2723 1744 2778 universas
1775 2725 2081 2792 provincias
2109 2743 2229 2796 quae

654 2820 813 2866 antea
873 2813 974 2866 sub
1026 2812 1196 2882 patris
1250 2813 1718 2868 administratione
1788 2813 2034 2881 fuerant,
2105 2834 2225 2873 cum

652 2916 864 2956 summa
890 2900 1225 2956 humanitate
1256 2901 1609 2972 perluSIrans.
1628 2901 1731 2956 Sed
1763 2915 1818 2958 et
1850 2905 2108 2962 barbaros
2134 2910 2225 2978 qui

651 2994 718 3049 ad
752 2994 1003 3050 Rhenum
1035 3005 1091 3064 et
1125 2995 1514 3049 occidentalem
1546 3013 1810 3052 oceanum
1848 3000 2006 3067 positi
2057 3017 2225 3057 novos

649 3097 829 3142 motus
857 3086 1136 3142 concitare
1167 3087 1279 3140 ausi
1317 3097 1519 3153 essent,
1576 3101 1799 3144 cunctos
1837 3105 1950 3144 sua:
1977 3091 2212 3146 domina-

652 3181 784 3236 tioni
821 3163 1235 3247 subjiciens,ex
1278 3178 1410 3234 I‘eris
1443 3193 1759 3236 mansuetos
1792 3184 2044 3237 reddidit.
2072 3182 2223 3241 Alios

646 3287 780 3328 vero
813 3272 1108 3343 reprimere
1130 3280 1442 3337 contentus,
1477 3281 1729 3342 tanqttam
1759 3273 1900 3328 feras
1936 3275 2136 3331 bestias
2157 3280 2224 3333 ab

647 3363 861 3434 imperii
907 3363 991 3418 sui
1041 3363 1240 3418 ﬁnibus
1296 3364 1591 3420 absterruit
1626 3381 1640 3417 :
1676 3382 1770 3420 eos
1798 3367 2050 3423 videlicet
2088 3387 2224 3442 quo-

647 3471 766 3510 rum
815 3454 1143 3511 insanabiles
1178 3455 1388 3509 animos
1417 3457 1485 3510 ad
1522 3457 1868 3525 tranquillam
1901 3469 1954 3513 et
1985 3461 2220 3529 quietem

645 3547 863 3604 vivendi
911 3547 1179 3601 rationem
1225 3547 1436 3602 traduci
1475 3543 1620 3603 nullo
1653 3551 1812 3605 modo
1859 3566 2016 3620 posse
2050 3554 2222 3608 unim-

645 3641 974 3696 adverterat.
1017 3640 1223 3707 Quibus
1285 3654 1348 3694 ex
1411 3640 1576 3694 animi
1623 3645 1889 3697 sententia
1936 3645 2256 3712 confectis,

645 3733 883 3803 reliquas
921 3734 1072 3788 orbis
1101 3744 1283 3803 partes
1317 3733 1417 3787 sibi
1463 3735 1532 3788 oh
1565 3737 1750 3792 oculos
1780 3752 2101 3806 proponens,
2135 3739 2220 3793 in-

646 3829 799 3884 terim
828 3828 1048 3900 quidem
1079 3831 1340 3883 adversus
1359 3829 1702 3887 Britannicas
1735 3841 1923 3900 gentes
1947 3831 1998 3885 in
2030 3831 2218 3886 intimo

641 3919 830 3974 oceani
885 3932 1102 3978 recessu
1149 3921 1281 3976 sitas
1335 3921 1570 3991 trajecit.
1610 3921 1712 3974 Eas
1747 3935 1878 3976 vero
1916 3936 2039 3977 cum
2087 3920 2216 3974 sub—

639 4012 866 4082 egisset,
915 4013 981 4067 ad
1017 4012 1158 4068 alias
1194 4015 1378 4070 tmmdi
1414 4025 1596 4085 partes
1625 4013 1812 4069 oculos
1841 4012 2128 4079 convertit,
2161 4022 2216 4066 ut

638 4121 706 4162 ea
732 4121 852 4177 qua:
889 4107 1095 4164 auxilio
1127 4107 1294 4176 ipsius
1323 4109 1659 4178 indigebant,
1691 4114 2027 4178 persanaret.

1201 4197 1429 4254 CAPUT
1464 4196 1655 4252 XXVI.

711 4288 986 4356 Quomodo
1036 4288 1258 4344 Romam
1275 4277 1543 4413 :Iaxentii
1595 4271 1875 4360 tyrannide
1918 4288 2144 4343 liberare

1314 4370 1578 4413 ecreveru.

1314 4370 1578 4414 ecrevertl.

2327 2823 2419 2876 τοῦ
2464 2824 2668 2896 πατρὸς
2715 2823 2878 2895 μοίρᾳ
2927 2823 3345 2896 διεκυϐερνᾶτο,
3389 2825 3492 2878 ὅσα
3523 2841 3580 2876 τε
3613 2823 3732 2893 γένη
3765 2821 3876 2892 βαρ-

2329 2914 2530 2988 βάρων,
2566 2916 2672 2970 τῶν
2705 2917 2850 2987 ἀμφὶ
2865 2917 3050 2987 Ῥῆνον
3081 2917 3342 2988 ποταμὸν,
3373 2915 3628 2988 ἐσπέριόν
3653 2933 3708 2967 τε
3736 2913 3879 2968 ὠκεα-

2327 3007 2416 3060 νὸν
2458 3007 2729 3073 οἰκοῦντα,
2788 3009 3094 3074 στασιάζειν
3123 3007 3345 3080 ἐτόλμα,
3385 3009 3547 3062 πάνθ’
3576 3008 3872 3071 ὑποτάττων,

2325 3100 2510 3173 ἥμερα
2535 3100 2592 3167 ἐξ
2626 3100 2932 3155 ἀτιθάσσων
2963 3101 3355 3174 κατειργάζετο
3375 3144 3389 3168 ,
3423 3101 3558 3157 ἄλλα
3586 3100 3628 3153 δ’
3651 3098 3876 3153 ἀναστέλο

2326 3191 2455 3254 λων,
2487 3191 2673 3264 ὥσπερ
2705 3196 2859 3257 τινὰς
2894 3193 3066 3266 θῆρας
3107 3195 3353 3266 ἀγρίους,
3398 3194 3654 3249 ἀπεσόϐει
3688 3191 3778 3260 τῆς
3806 3194 3871 3244 οξ-

2325 3286 2496 3350 κείας,
2521 3287 2620 3340 ὅσα
2651 3305 2756 3360 περ
2788 3288 3022 3351 ἀνιάτως
3051 3287 3239 3358 ἔχοντα
3267 3289 3405 3360 πρὸς
3431 3289 3636 3360 ἡμέρου
3663 3286 3766 3356 βίον
3798 3301 3873 3338 κα-

2323 3379 2581 3433 τάστασιν
2630 3379 2794 3453 ἑώρα.
2857 3381 3014 3434 Ἐπεὶ
3065 3381 3120 3434 δὲ
3169 3381 3341 3435 ταῦτα
3385 3382 3531 3436 κατὰ
3580 3381 3728 3448 λόγον
3777 3377 3869 3448 (67)

2323 3470 2498 3524 ἔκειτο
2531 3470 2699 3543 αὐτῷ,
2734 3471 2833 3536 τὰς
2865 3472 3056 3536 λοιπὰς
3088 3473 3188 3544 τῆς
3232 3474 3560 3546 οἰκουμένης
3587 3472 3753 3543 λήξεις
3779 3469 3869 3540 πρὸ

2321 3563 2611 3635 ὀφθαλμῶν
2642 3563 2883 3636 θέμενος,
2912 3565 3051 3628 τέως
3081 3564 3181 3636 μὲν
3215 3565 3306 3618 ἐπὶ
3338 3566 3404 3620 τὰ
3431 3563 3732 3638 Βρεττανῶν
3759 3560 3866 3633 ἔθνη

2323 3653 2432 3725 (68)
2465 3649 2748 3720 διέϐαινεν,
2783 3654 2928 3708 ἔνδον
2960 3654 3047 3707 ἐπ’
3075 3653 3222 3724 αὑτῷ
3254 3656 3482 3726 κείμενα
3514 3652 3743 3723 ὠκεανῷ,
3775 3667 3864 3703 πα-

2323 3749 2728 3818 ραστησάμενος
2771 3748 2828 3800 δὲ
2878 3748 3069 3812 ταῦτα,
3119 3748 3394 3801 διεσκόπει
3443 3749 3541 3812 τὰς
3570 3747 3749 3818 ἐτέρας
3782 3740 3865 3796 τοῦ

2320 3839 2520 3904 παντὸς
2571 3841 2784 3912 μοίρας,
2829 3841 2904 3904 ὡς
2948 3841 3013 3895 ἂν
3048 3839 3339 3912 θεραπεύοι
3380 3842 3452 3896 τὰ
3488 3841 3725 3913 βοηθείας
3764 3833 3862 3888 δεό-

2318 3949 2475 4002 μενα.

2810 4198 3206 4256 ΚΕΦΑΛΑΙΟΝ
3245 4197 3389 4270 Kq'.

2317 4317 2506 4384 Ὅπως
2534 4316 2763 4386 Ῥώμην
2783 4316 3182 4386 ἐλευθερῶσαι
3205 4317 3541 4383 Μαξεντίου
3566 4309 3849 4383 προῄρητο.

707 4451 952 4509 Postltmc
982 4453 1297 4530 universum
1341 4463 1610 4508 terrarum
1645 4453 1830 4507 orbem
1871 4451 2043 4506 instar
2074 4451 2207 4506 vasti

2383 4448 2498 4508 Εἶθ’
2537 4454 2724 4527 ὥσπερ
2772 4455 2912 4526 μέγα
2951 4455 3128 4527 σῶμα,
3169 4454 3231 4510 τὸ
3273 4457 3380 4510 πᾶν
3423 4456 3527 4528 τῆς
3566 4447 3848 4520 οἰκουμένης

634 4545 919 4617 cujusdam
949 4545 1198 4615 corporis
1222 4545 1408 4600 animo
1448 4545 1780 4614 complexus,
1825 4545 2107 4614 ipsamque
2132 4555 2209 4600 to-

635 4639 743 4695 tius
777 4641 960 4694 mundi
991 4651 1152 4710 caput
1181 4649 1235 4694 et
1267 4638 1480 4709 imperii
1521 4638 1748 4692 Romani
1791 4637 2203 4693 dominatricem

632 4733 846 4795 urbem,
897 4734 1176 4803 tyrannica
1215 4730 1587 4784 dominatione
1633 4743 1947 4799 oppressam
1990 4728 2206 4798 conspi—

705 4847 816 4918 (65)
858 4845 1040 4916 Vulg.,
1072 4847 1192 4916 Τὴν
1220 4841 1647 4918 προσαγωγήν,
1667 4845 2026 4900 Scribendnm
2057 4844 2198 4918 vide-

635 4914 724 4974 tur
774 4914 1147 4989 προαγωγὴν(
1190 4914 1264 4973 id
1292 4927 1376 4972 est
1421 4914 1837 4989 promotionem,
1892 4914 2196 4989 προκοπήν.

630 4987 917 5057 Αιιιιιοίιιι
944 4987 1230 5043 Turnebus
1253 4989 1320 5043 ad
1347 5003 1499 5042 oram
1530 4988 1612 5042 sui
1640 4987 1844 5041 codicis
1865 4988 2196 5048 emendavit,

632 5070 691 5113 ut
723 5069 905 5126 postea
947 5060 1208 5125 comperi.

702 5119 812 5198 (66)
886 5119 1257 5182 ’Emo'z'conér
1319 5128 1487 5196 ἔθνη.
1546 5119 1638 5181 Sic
1690 5125 1955 5198 Eusebius
2003 5139 2199 5198 vocare

628 5196 768 5255 solet
794 5196 1104 5268 provincias
1129 5198 1309 5268 populi
1338 5198 1589 5263 ιῒοιιιιιιιί,
1613 5207 1672 5250 ιιι
1695 5213 1760 5250 ex
1789 5197 2036 5268 pluribus
2061 5196 2197 5250 locis

629 5267 849 5339 probari
888 5269 1046 5324 facile
1077 5267 1273 5337 potest.
1305 5271 1395 5322 Ait
1424 5268 1588 5338 igitur
1616 5267 2196 5339 _Eusebitts_Constan-

631 5335 830 5404 iimnn,
866 5341 1026 5394 simul
1057 5335 1218 5408 atque
1252 5335 1534 5408 imperium
1581 5337 1700 5406 ejus
1739 5335 2035 5408 stabilitum
2086 5345 2196 5398 est,

628 5410 939 5480 provincias
969 5407 1160 5465 omnes
1205 5407 1457 5480 quaeisub
1493 5409 1723 5480 imperio
1750 5407 2194 5480 patrisfuerant,

627 5475 914 5550 diligenter
935 5483 1153 5536 obiisse.
1197 5475 1350 5546 Quod
1387 5493 1493 5532 non
1523 5475 1784 5532 intellexit
1808 5475 2196 5545 Christophor-

625 5564 811 5604 5011118.

696 5619 809 5692 (67)
850 5622 1012 5675 Κατὰ
1043 5620 1248 5692 λόγον.
1292 5617 1402 5692 Hoc
1429 5617 1547 5692 loco
1584 5615 2079 5692 xa1&_MYOV_idenl
2108 5616 2192 5692 vi-

626 5687 943 5746 detur-esse
983 5706 1046 5744 ac
1083 5687 1224 5744 κατὰ
1267 5689 1410 5742 νοῦν.
1453 5689 1606 5755 Quod
1646 5689 1865 5756 quidem
1909 5687 2190 5741 Portesius

2318 4548 2575 4618 ἐννοήσας
2612 4549 2871 4618 στοιχεῖον
2896 4587 2912 4611 ,
2959 4547 3194 4601 κᾶπειτα
3222 4548 3322 4619 τὴν
3360 4547 3454 4600 τοῦ
3494 4544 3683 4606 παντὸς
3713 4551 3849 4605 κεφα-

2312 4637 2429 4710 λὴν,
2473 4637 2575 4708 τῆς
2616 4637 2901 4709 Ῥωμαίων
2936 4637 3111 4710 ἀρχῆς
3154 4638 3252 4711 τὴν
3291 4637 3666 4709 βασιλεύουσαν
3696 4629 3842 4690 πόλιν.

2312 4732 2604 4802 τυραννικῇ
2646 4729 2859 4799 δουλείᾳ
2889 4727 3112 4782 συνιδὼν
3147 4729 3594 4801 καθυπηγμένην,
3630 4715 3846 4792 παρεχώ-

2309 4854 2482 4900 totum
2505 4853 2668 4911 caput
2691 4858 2882 4913 parum
2918 4842 3150 4898 feliciter
3181 4845 3568 4913 interpretatus
3591 4849 3685 4913 est.

2379 4913 2512 4986 (68),
2537 4903 2826 4982 Τέως-’μὲν
2849 4913 2953 4986 ἐπί
2975 4916 3048 4968 τὰ
3075 4903 3425 4986 Βρετταιὲῶν
3460 4917 3621 4981 ἔθνη.
3663 4908 3730 4962 De
3755 4903 3837 4957 hac

2311 4983 2626 5054 trajec'tioue
2680 4985 3017 5054 constantiui
3074 4985 3127 5038 in
3179 4983 3542 5054 Britanniam,
3589 4992 3732 5054 nemo
3779 4986 3832 5024 ex

2309 5053 2582 5110 veteribus
2607 5053 2899 5122 quidquam
2937 5055 3174 5124 scripsit.
3195 5053 3383 5123 Itaque
3409 5055 3524 5122 ejus
3557 5053 3627 5108 rei
3656 5056 3832 5102 memo-

2311 5127 2446 5180 riam
2491 5126 2592 5179 soli
2625 5125 2863 5180 Eusebio
2892 5125 3179 5197 debemus,
3227 5127 3317 5197 qui
3361 5135 3416 5180 et
3459 5126 3626 5197 ipsum
3655 5124 3835 5197 ιεζξψιίξ

2307 5211 2415 5250 non
2461 5197 2694 5250 obscure
2747 5197 2847 5250 hoc
2892 5195 3008 5249 loco
3055 5186 3400 5251 sublnd'icat:
3450 5186 3606 5264 paulo
3648 5186 3830 5264 ξείίίεεί

2306 5275 2433 5334 ante
2479 5279 2642 5334 quam
2682 5265 3071 5319 Constantinus
3136 5261 3538 5333 expeditionem
3602 5261 3830 5334 adversus

2307 5332 2638 5405 Maxentium
2669 5337 2990 5405 susciperet.
3014 5332 3257 5405 Contigit
3287 5336 3452 5405 igitur
3473 5335 3584 5395 haec
3602 5332 3830 5405 Constan-

2308 5406 2402 5460 tini
2436 5406 2490 5460 in
2519 5401 2855 5458 Britanniam
2902 5401 3534 5472 trajectiofhlax'imiano
3573 5416 3664 5458 vm
3726 5404 3821 5472 00$-

2306 5489 2454 5529 anno
2499 5475 2703 5530 Christi
2740 5470 3026 5530 undecimo
3068 5490 3132 5529 ac
3174 5476 3574 5539 trecentesimo,
3617 5481 3669 5526 ιιι
3699 5470 3825 5543 recte

2306 5545 2510 5599 notavit
2551 5545 2804 5614 Sigonius
2847 5546 2900 5599 in
2944 5545 3038 5599 lib.
3075 5561 3113 5599 ιι
3157 5544 3229 5599 De
3258 5543 3585 5598 Occidentali
3616 5543 3821 5614 imperta-

2299 5615 2367 5668 At
2390 5612 2940 5688 SaviliusEuscbium
2967 5614 3190 5688 hic_I'aIli
3220 5616 3567 5688 existimavit.
3594 5612 3819 5688 Sic-emta

2295 5696 2446 5740 notat
2474 5688 2540 5740 ad
2569 5687 2708 5740 hunc
2735 5687 2950 5756 locum}
2991 5704 3009 5736 ι
3046 5685 3314 5756 Eusebius
3346 5687 3622 5756 ignorasse
3642 5677 3821 5756 videtur

630 5762 797 5816 etiam
821 5761 974 5818 vidit.
1002 5765 1071 5818 At
1095 5747 1643 5832 Cbristophorsbuus,
1665 5747 1728 5819 ἐι
1753 5758 1897 5816 hunc
1923 5758 2098 5814 locum
2128 5767 2183 5814 et
2290 5763 2496 5826 patrem
2524 5756 2866 5814 Constantini
2904 5755 3134 5813 Eboraci
3161 5757 3215 5812 in
3250 5747 3533 5813 Britannia
3575 5751 3770 5810 abiisse.
3795 5747 3817 5790 ι
