4168 6408
618 331 723 389 9ὁὸ

1321 334 1586 393 eusser]
1626 338 2100 398 cassamsxsxs
2136 344 2287 401 opp.
2329 343 2510 400 cans
2547 344 2588 404 l.
2627 379 2695 388 -
2734 325 3116 404 HISTORICA.

3747 350 3854 406 9M

615 465 754 516 ctos,
789 464 999 521 turpem
1035 460 1242 507 exrtum
1275 454 1560 510 habuisse.
1587 457 1738 512 Alter
1767 459 1908 513 enim
1947 477 2005 515 re
2039 460 2171 517 infe-

2277 463 2500 536 διανοίᾳ,
2529 464 2591 518 τὸ
2619 465 2714 536 μὲν
2741 465 2870 537 περὶ
2900 465 3026 529 τοὺς
3061 464 3222 537 μηδὲν
3249 465 3406 528 ὄντας
3437 463 3594 528 θεοὺς
3623 468 3852 535 ματαιά-

615 559 700 597 eta
725 560 843 597 enm
866 545 1120 600 Omnibus
1144 547 1315 615 copiis
1343 547 1699 617 ignominiose
1726 562 2021 606 recesserat
2045 570 2061 609 :
2096 555 2175 609 al—

619 644 698 689 ter
733 635 784 687 in
823 634 997 689 medio
1043 637 1285 690 exercitu
1328 637 1626 707 iugulatus,
1656 649 1909 709 tanquam
1955 644 2174 698 fortuita

616 727 808 780 mortis
834 729 1008 796 praeda
1035 729 1338 782 exstiterat.
1374 727 1518 794 Haec,
1557 730 1801 799 inquam,
1829 735 2008 788 omnia
2034 735 2179 804 cogi-

2287 555 2420 621 ζειν,
2449 556 2543 610 καὶ
2589 557 2728 627 μετὰ
2763 556 3014 612 τοσοῦτον
3040 558 3256 629 ἔλεγχον
3281 555 3715 618 ἀποπλανᾶσθαι,
3750 574 3856 627 μω-

2285 644 2406 716 ρίας
2433 645 2591 716 ἔργον
2624 645 2995 718 ὑπελάμϐανε,
3017 647 3107 701 τὸν
3132 647 3187 700 δὲ
3222 647 3469 720 πατρῷον
3499 648 3666 718 τιμᾷν
3695 647 3855 718 μόνον

2281 733 2419 806 om
2450 736 2558 789 δεῖν
2590 736 2741 791 Θεόν.

618 821 820 874 latione
883 836 978 874 sua
1040 819 1374 888 complexus,
1415 821 1543 875 deos
1584 824 1797 891 quidem
1851 825 1944 894 qui
1989 841 2250 894 nusquam
2303 836 2484 881 essent
2541 828 2768 882 colendo
2801 829 3013 898 nugari,
3042 837 3096 883 et
3124 837 3248 898 post
3292 836 3369 883 tot
3401 843 3464 883 ac
3494 837 3638 882 tanta
3689 829 3855 883 docu-

620 923 795 964 menta
825 927 963 964 εαξεο
999 911 1173 964 adhuc
1201 924 1387 964 errore
1444 909 1596 976 ferri,
1633 927 1861 968 summae
1918 913 2197 968 dementiae
2255 928 2372 969 esse
2424 917 2750 971 existimavit
2792 931 2808 972 :
2857 918 3033 980 solum
3095 933 3224 972 vero
3256 917 3422 971 Deum
3476 917 3736 988 genitoris
3769 919 3854 975 sui

618 1005 721 1058 sibi
747 1020 865 1059 esse
893 1003 1172 1059 colendum
1208 1004 1442 1058 censuit.

1053 1097 1213 1168 422
1242 1095 1469 1152 CAPUT
1495 1097 1736 1154 XXVIII.

619 1186 891 1250 Quomodo
940 1186 1074 1240 Deus
1135 1189 1312 1240 oranti
1349 1187 1598 1242 visionem
1643 1190 1921 1244 ostenderit
1961 1192 2015 1246 in
2055 1193 2178 1248 coelo

684 1259 780 1307 sub
810 1258 1098 1318 meridiem,
1144 1273 1347 1309 crucem
1376 1257 1608 1310 videlicet
1659 1258 1891 1313 lucidam
1939 1278 2055 1315 cum
2091 1265 2176 1318 in-

685 1328 985 1390 scriptione,
1020 1339 1255 1379 moneme
1286 1335 1339 1378 ut
1365 1327 1418 1379 in
1451 1329 1550 1380 huc
1582 1329 1829 1383 vinceret.

687 1415 858 1485 Hujus
907 1431 1035 1485 ergo
1083 1431 1236 1485 opem
1271 1417 1560 1484 implorare
1598 1420 1782 1487 euenit,
1813 1434 1976 1475 orans
2020 1431 2180 1491 atque

615 1506 907 1560 obsecrans
935 1517 990 1559 ut
1017 1522 1073 1560 se
1109 1507 1208 1575 ipsi
1245 1509 1571 1562 noscendum
1605 1511 1892 1579 praeberet,
1930 1526 1993 1565 ac
2041 1527 2180 1580 prae-

615 1598 856 1652 sentibus
923 1598 1154 1664 negotiis
1204 1599 1530 1666 adjutricem
1586 1617 1801 1654 manum
1856 1604 2174 1672 porrigeret.

619 1687 741 1742 Hmc
783 1689 1022 1758 precanti
1057 1703 1119 1742 ac
1146 1689 1462 1756 suppliciter
1495 1693 1784 1760 postulanti
1838 1693 2174 1764 imperatori,

616 1780 934 1834 admirabile
959 1783 1225 1848 quoddam
1253 1782 1470 1852 signant
1524 1798 1552 1836 a
1599 1781 1705 1839 Deo
1758 1785 1980 1840 missum
2021 1802 2179 1856 appa-

619 1871 745 1925 ruit.
773 1869 925 1935 Quod
975 1870 1018 1923 si
1061 1871 1280 1938 quidem
1326 1873 1392 1926 ab
1433 1873 1539 1926 alio
1587 1874 1837 1943 quopiam
1881 1877 2175 1943 diceretur,

619 1964 757 2017 haud
791 1963 949 2017 facile
974 1965 1248 2018 auditores
1272 1965 1429 2018 (idem
1461 1978 1642 2021 essent
1683 1968 1941 2022 habituri.
1974 1970 2175 2024 Verum

616 2071 736 2108 cum
768 2056 878 2124 ipse
905 2055 1076 2109 victor
1107 2056 1381 2125 Augustus
1413 2059 1565 2111 nobis
1587 2059 1675 2127 qui
1711 2060 1845 2113 hanc
1891 2060 2175 2114 historiam

615 2143 923 2209 scribimus,
966 2143 1125 2211 longo
1172 2156 1293 2212 post
1345 2153 1602 2212 tempore,
1665 2160 1786 2200 eum
1827 2147 2076 2204 videlicet
2122 2149 2189 2202 in.

614 2233 730 2300 ejus
760 2235 1000 2286 notitiam
1024 2247 1076 2288 et
1105 2235 1523 2288 familiaritatem
1554 2238 1916 2304 pervenimus,
1961 2240 2008 2292 id
2034 2250 2179 2293 retu-

616 2326 758 2390 lerit,
787 2335 840 2378 et
876 2341 1175 2380 sermonem
1203 2330 1535 2382 sacramenti
1565 2330 1824 2398 religione
1849 2333 2172 2398 lirmaverit;

613 2418 736 2484 quis
765 2418 988 2486 posthac
1013 2418 1171 2472 fidem
1201 2421 1322 2472 huic
1369 2421 1667 2474 narrationi
1705 2423 1965 2477 adhibere
2015 2423 2178 2478 dubi-

616 2507 802 2561 tabit?
867 2509 1165 2576 praesertim
1205 2525 1326 2563 cum
1377 2511 1427 2563 id
1480 2513 1622 2579 quod
1675 2513 2026 2568 subsecutum
2095 2524 2178 2570 est

614 2607 850 2667 tempus,
883 2602 1148 2654 sermonis
1189 2601 1346 2669 hujus
1387 2603 1670 2656 veritatem
1725 2606 2036 2661 testimonio
2079 2621 2176 2662 suo

613 2691 1038 2747 cenlirmaverit.
1064 2691 1222 2745 IIoris
1251 2693 1354 2744 diei
1406 2693 1743 2757 meridianis,
1781 2695 1893 2748 sole
1931 2695 1980 2748 in
2017 2711 2177 2751 occa-

613 2799 731 2838 sum
756 2793 1030 2853 vergente,
1064 2783 1242 2836 crucis
1275 2791 1533 2852 tropaeum
1566 2785 1615 2836 in
1640 2784 1777 2838 coelo
1810 2799 1874 2838 ex
1907 2785 2024 2840 luce
2053 2803 2177 2841 cou-

615 2875 820 2940 ﬂatum,
871 2873 969 2927 soli
1007 2875 1424 2942 superpositum,
1481 2874 1610 2944 ipsis
1653 2874 1822 2928 oculis
1869 2890 1928 2929 se
1976 2876 2174 2931 vidisse

616 2966 920 3030 aﬂirmavit,
949 2983 1069 3020 cum
1104 2966 1406 3035 hujusmodi
1440 2966 1790 3034 inscriptione
1823 2985 1836 3021 :
1865 2967 1980 3022 Hac
2006 2971 2170 3023 vince.

2784 1094 3178 1147 ΚΕΦΔΛΑΙΟΝ
3211 1092 3345 1146 KH'.

2287 1188 2478 1252 Ὅπως
2503 1185 2808 1253 εὐξαμένῳ
2841 1184 2957 1251 τὴν
3003 1185 3300 1238 ὀπτασίαν
3326 1187 3358 1238 ό
3390 1183 3531 1249 Θεὸς
3563 1182 3851 1253 παρέσχε,

2354 1255 2616 1323 σταυρὸν·
2645 1257 2712 1308 ἐκ
2750 1255 2942 1323 φωτὸς
2971 1255 3040 1307 ἐν
3067 1254 3318 1323 οὐρανῷ,
3347 1255 3720 1323 μεσημϐρίας
3752 1256 3854 1307 οὔ·

2354 1321 2622 1392 σης,’καὶ
2655 1321 2887 1394 nea—9hr
2923 1327 3112 1392 τούτῳ
3136 1321 3323 1390 ίνικᾷν
3350 1321 3790 1392 ἐταραινοῦσαν.

2366 1417 2701 1471 Ἀνεκαλεῖτο
2727 1417 2862 1486 δῆτα
2896 1420 2954 1470 ἐν
2993 1417 3179 1487 εὐχαῖς
3211 1415 3398 1469 τοῦτον
3431 1415 3723 1470 ἀντιϐολῶν
3756 1413 3852 1468 καὶ

2283 1509 2661 1580 ποτνιώμενος,
2701 1513 2866 1580 φῆναι
2911 1509 3056 1579 αὐτῷ
3096 1509 3284 1562 ἑαυτὸν
3317 1511 3463 1571 ὅστις
3487 1508 3592 1578 εἴη,
3623 1505 3716 1561 καὶ
3746 1506 3846 1579 τὴν

2283 1602 2476 1655 ἑαυτοῦ
2509 1601 2685 1666 δεξιὰν
2714 1603 2822 1664 τοῖς
2855 1601 3229 1670 προκειμένοις
3256 1599 3526 1670 emptam.
3563 1597 3856 1668 Εὑχομένῳ

2281 1689 2336 1742 δὲ
2363 1689 2532 1742 ταῦτα
2577 1692 2670 1743 καὶ
2697 1688 2939 1758 λιπαρῶς
2967 1689 3256 1741 ἱκετεύοντι
3293 1687 3371 1757 τῷ
3399 1685 3625 1758 βασιλεῖ,
3662 1686 3852 1757 θεοση-

2282 1780 2377 1851 μία
2421 1798 2504 1844 τις
2555 1781 2893 1849 ἐπιφαίνεται
2945 1778 3388 1850 παραδοξοτάτη·
3440 1779 3506 1848 ἥν
3562 1777 3702 1848 τάχα
3754 1777 3854 1848 μὲν

2279 1869 2440 1922 ἄλλου
2474 1869 2742 1937 λέγοντος,
2788 1871 2847 1922 οὐ
2884 1869 3063 1942 ῥᾴδιον
3091 1864 3158 1940 ἦν
3189 1868 3550 1935 ἀποδέξασθαι
3581 1866 3717 1940 (75),
3750 1867 3851 1920 αὑ-

2276 1960 2368 2012 τοῦ
2415 1961 2470 2012 δὲ
2503 1962 2593 2014 τοῦ
2640 1963 2860 2033 νικητοῢ
2898 1962 3158 2032 βασιλέως
3179 2001 3193 2025 ,
3228 1963 3340 2024 τοῖς
3371 1961 3470 2032 τὴν
3520 1961 3737 2032 γραφὴν
3768 1959 3850 2011 δι-

2275 2052 2593 2122 ηγουμένοις
2620 2055 2748 2122 ἡμῖν
2778 2055 3009 2123 μακροῖς
3043 2053 3270 2123 ὕστερον
3305 2051 3537 2122 χρόνοις,
3571 2053 3662 2104 ὅτε
3681 2049 3847 2121 ἠξιώσ-

2277 2143 2447 2214 θημεν
2474 2144 2574 2214 τῆς
2601 2143 2762 2197 αὐτοῦ
2791 2143 3043 2212 γνώσεώς
3095 2161 3153 2197 τε
3209 2143 3302 2196 καὶ
3330 2144 3569 2214 ὁμιλίας.
3603 2143 3851 2211 ἐξαγγεί-

2276 2235 2486 2300 λαντος,
2537 2236 2718 2308 ὅρκοις
2769 2254 2827 2290 τε
2874 2235 3281 2306 πιστωσαμένου
3315 2235 3405 2287 τὸν
3432 2235 3618 2302 λόγον,
3659 2234 3743 2296 τίς
3783 2232 3849 2287 ἂν

2277 2327 2572 2397 ἀμφιϐάλοι
2625 2327 2698 2399 μὴ
2749 2329 2869 2398 οὐχὶ
2922 2327 3207 2381 πιστεῦσαι
3259 2325 3336 2396 τῷ
3376 2326 3699 2396 διηγήματις
3744 2325 3846 2395 μά-

2277 2417 2412 2470 λισθ’
2446 2420 2533 2472 ὅτε
2569 2421 2660 2473 καὶ
2685 2423 2713 2473 ό
2748 2421 2884 2490 μετὰ
2931 2420 3099 2472 ταῦτα
3142 2419 3331 2490 χρόνος
3376 2417 3550 2488 ἀληθῆ
3587 2416 3668 2487 τῷ
3706 2417 3847 2487 λόγῳ

2277 2511 2517 2582 παρέσχε
2557 2513 2654 2583 τὴν
2693 2513 3014 2584 μαρτυρίαν.
3069 2512 3232 2582 Ἀμφὶ
3279 2510 3651 2582 μεσημϐρινὰς
3697 2509 3848 2580 ἡλίου

2275 2600 2460 2672 ὥρας,
2503 2603 2604 2674 ἠδη
2652 2604 2748 2674 τῆς
2798 2605 3010 2674 ἡμέρας
3048 2603 3441 2672 ἀποκλινούσης
3477 2602 3623 2672 (74),
3667 2602 3847 2663 αὐτοῖς

2275 2691 2570 2762 ὀφθαλμοῖς
2622 2693 2748 2746 ίόεἰν
2789 2693 2888 2764 ἔφη
2925 2695 2982 2746 ὲν
3023 2691 3170 2762 αὐτῷ
3212 2691 3424 2764 οὐρανῷ
3457 2691 3847 2762 ὑπερκείμενον

2275 2788 2365 2841 τοῦ
2393 2788 2544 2859 ἡλίου
2581 2789 2815 2860 σταυροῦ
2839 2789 3115 2860 τρόπαιον,
3145 2790 3208 2840 ἐκ
3239 2787 3414 2856 φωτὸς
3440 2786 3845 2856 συνισιάμενον,

2275 2883 2488 2950 γραφήν
2536 2898 2596 2932 τε
2637 2880 2785 2950 αὑτῷ
2808 2880 3075 2951 συνῆφθαι
3101 2921 3115 2944 ,
3151 2879 3438 2947 λέγουσαν·
3474 2881 3664 2946 τούτῳ
3687 2879 3844 2931 νίκα.

2274 2972 2490 3043 Θάμϐος
2521 2972 2563 3024 δ’
2591 2973 2680 3024 ἐπὶ
2718 2972 2794 3043 τῷ
2828 2973 3056 3043 θεάματι
3096 2973 3364 3043 κρατῆσαι
3393 2972 3551 3024 αὐτόν
3580 2989 3638 3024 τε
3669 2971 3760 3024 καὶ
3786 2969 3846 3024 τὸ

615 3059 695 3113 Eo
718 3059 833 3112 viso
860 3067 913 3112 et
937 3056 1173 3124 seipsqu
1203 3065 1254 3109 et
1291 3056 1487 3109 milites
1530 3070 1737 3118 omnes,
1772 3057 1860 3123 qui
1888 3060 2058 3126 ipsum
2089 3073 2177 3112 ne-

2279 3063 2666 3132 στρατιωτικὸν
2715 3063 2892 3126 ἅπαν,
2947 3063 2976 3116 ὃ
3023 3063 3086 3132 δὴ
3135 3061 3466 3133 στελλομένῳ
3498 3079 3588 3114 ποι
3623 3065 3846 3133 πορείαν

613 3151 728 3203 scio
755 3165 862 3218 quo
885 3148 987 3200 iter
1014 3145 1302 3199 facientem
1339 3147 1733 3212 sequebantur,
1759 3157 1813 3198 et
1843 3147 1930 3212 qui
1961 3158 2176 3214 Specta-

621 3249 763 3293 tores
809 3233 1058 3292 miraculi
1084 3234 1320 3298 fuerant,
1354 3237 1710 3289 vehementer
1743 3235 2172 3305 obstupefactos.

1157 3323 1385 3379 CAPUT
1424 3319 1615 3379 XXIX.

618 3419 893 3485 Quomodo
940 3417 1180 3471 Christus
1253 3416 1600 3472 Constantino
1653 3419 1707 3471 in
1769 3416 1966 3471 somnis
2014 3418 2171 3483 visus,

683 3491 1076 3610 prtl'depe‘tllll'ul
1105 3494 1253 3557 signo
1279 3488 1348 3540 ad
1376 3489 1546 3542 crucis
1577 3488 1800 3556 formam
1830 3491 1975 3557 [acto
1999 3500 2176 3543 utere-

683 3574 770 3610 le
803 3577 856 3610 ιη
929 3577 954 3610 ε’
1001 3576 1066 3610 IS.

682 3574 770 3612 tur
803 3577 856 3612 ιη
895 3574 1066 3611 06⁸1118.

681 3652 904 3704 Interim
935 3651 1068 3719 ipse,
1099 3657 1160 3703 ut
1193 3649 1392 3714 aiebat,
1419 3647 1739 3702 addubitare
1789 3650 1975 3703 animo
2013 3648 2176 3718 cmpit

609 3745 868 3810 quidnam
902 3743 1002 3797 hoc
1035 3752 1307 3810 specuum
1335 3741 1437 3796 sibi
1464 3740 1644 3795 vellet.
1678 3739 1957 3812 Cogitanti
1995 3741 2174 3810 ipsiet

610 3835 699 3886 diu
729 3833 1064 3903 multumque
1086 3833 1222 3902 apud
1248 3847 1305 3886 se
1336 3835 1636 3902 reputanti,
1675 3849 1776 3886 nox
1816 3834 2032 3886 tandem
2080 3849 2172 3887 su—

609 3924 875 3992 pervenit.
916 3922 1050 3978 Tum
1078 3938 1210 3979 vero
1237 3924 1489 3978 Christus
1535 3924 1628 3978 Dei
1679 3925 1964 3979 dormienti
2018 3940 2173 3994 appa-

611 4015 718 4068 ruit
755 4029 879 4070 cutn
909 4016 1068 4085 signo
1094 4015 1183 4068 illo
1211 4016 1354 4083 quod
1381 4016 1434 4068 itt
1463 4013 1604 4069 etelo
1647 4023 1923 4069 ostensum
1968 4013 2171 4076 fuerat,

611 4107 995 4176 praecepitque.
1046 4117 1102 4161 ut
1162 4106 1382 4160 militari
1449 4107 1606 4175 signo
1655 4107 1722 4160 ad
1764 4106 2171 4160 similitudinem

608 4196 724 4262 ejus
750 4199 892 4264 quod
927 4197 979 4249 in
1009 4196 1148 4250 caelo
1187 4197 1408 4249 vidisset
1458 4195 1745 4258 fabricato,
1791 4209 1856 4250 eo
1918 4203 2171 4263 tanquam

609 4289 831 4343 salutari
873 4289 1124 4358 praesidio
1159 4288 1213 4341 in
1250 4288 1450 4355 prwliis
1485 4296 1752 4340 uteretur.

1177 4401 1402 4458 CAPUT
1450 4400 1620 4460 XXX.

687 4493 993 4549 Fabric-alio
1022 4495 1136 4563 ejus
1177 4495 1318 4564 signi
1346 4495 1415 4547 ad
1459 4496 1629 4549 crucis
1665 4493 2103 4550 similitudinem.
2155 4527 2158 4530 ~

685 4587 775 4641 Ille
815 4587 992 4654 primo
1051 4587 1236 4640 Statim
1300 4586 1534 4641 diluculo
1590 4601 1839 4655 surgens,
1913 4600 2172 4640 arcanum

2279 3156 2557 3208 συνείπετό
2583 3173 2642 3208 τε
2675 3156 2766 3209 καὶ
2800 3156 3002 3228 θεωρὸν
3034 3155 3240 3224 ἐγίνετο
3271 3153 3564 3225 θαύματος.

2779 3329 3170 3383 ΚΕΦΑΛΑΙΟΝ
3201 3330 3331 3384 ΚΘ’.

2279 3419 2474 3486 Ὅπως
2520 3424 2552 3474 ό
2595 3421 2848 3489 Χριστὸς
2892 3423 2997 3476 τοῦ
3038 3422 3186 3476 Θεοῦ
3230 3425 3358 3476 καθ’
3403 3423 3636 3491 ὕπνους
3685 3424 3850 3492 αὐτῷ

2346 3493 2576 3564 sparsiq,
2623 3495 2984 3564 ὁμοιοτρόπῳ
3026 3492 3442 3564 τοῦξσταιαροῦ
3485 3496 3710 3564 σημείῳ
3753 3514 3840 3551 κε·

2343 3560 2599 3629 χρῆσθαι
2639 3562 2790 3615 κατὰ
2825 3563 2967 3628 τοὺς
3009 3560 3701 3632 πολέμουςαροσέτάξε.

2345 3653 2453 3706 Καὶ¹
2480 3649 2542 3724 δὴ
2588 3653 2865 3726 διαπορεῖν
2898 3654 3030 3724 πρὸς
3067 3653 3257 3707 ἑαυτὸν
3289 3654 3464 3724 ἔλεγε,
3510 3657 3562 3709 τί
3597 3674 3726 3710 ποτε
3759 3657 3847 3729 εἴη

2273 3743 2333 3795 τὸ
2357 3744 2566 3814 φάσμα.
2597 3744 2747 3797 Ἐνθυ
2756 3763 2854 3815 μου
2863 3744 3007 3815 μένῳ
3031 3744 3074 3796 δ’
3097 3744 3243 3814 αὐτῷ
3264 3746 3355 3798 καὶ
3376 3747 3466 3798 ἐπὶ
3488 3746 3620 3800 πολὺ
3647 3747 3846 3815 λογιζο-

2277 3834 2421 3904 μένῳ
2454 3833 2549 3898 νὺξ
2590 3835 2746 3906 ἐπῄει
2783 3833 3190 3890 καταλαϐοῦσα·
3226 3835 3453 3888 ἐνταῦθα
3485 3836 3547 3908 δὴ
3591 3837 3844 3891 ὑπνοῦντι

2273 3923 2451 3996 αὐτῷ,
2480 3924 2572 3977 τὸν
2604 3926 2834 3995 Χριστὸν
2883 3925 2974 3978 τοῦ
3011 3925 3144 3978 Θεοῦ
3197 3928 3292 3980 σὺν
3335 3926 3412 3997 τῷ
3460 3927 3675 3996 φανέντι
3723 3944 3842 3980 κατ’

2272 4016 2496 4086 οὐρανὸν
2544 4017 2752 4088 σημείῳ
2801 4017 3027 4088 ὀφθῆναί
3071 4036 3129 4071 τε
3177 4017 3269 4071 καὶ
3311 4017 3842 4090 παρακελεύσασθαι,

2277 4107 2497 4178 μίμημα
2541 4111 2900 4180 ποιησάμενον
2928 4109 3021 4162 τοῦ
3061 4113 3178 4164 κατ’
3207 4113 3431 4183 οὐρανὸν
3463 4110 3716 4180 ὀφθέντος
3748 4125 3843 4180 ση-

2277 4198 2448 4268 μείου,
2489 4201 2662 4270 τούτῳ
2689 4201 2822 4273 πρὸς
2853 4202 2949 4266 τὰς
2981 4203 3089 4257 τῶν
3115 4204 3385 4276 πολεμίων
3420 4201 3688 4273 συμϐολὰς
3720 4200 3843 4256 ἀλε⁶

2275 4288 2474 4359 ξήματι
2510 4290 2760 4362 χρῆσθαι.

2806 4407 3196 4460 ΚΕΦΑΛΛΙΟΝ
3239 4410 3315 4461 Δ’.

2370 4495 2724 4563 Rata-amvi;
2762 4497 2866 4550 τοῦ
2899 4497 3085 4551 αὑτοῦ
3111 4496 3434 4564 στουρικοῦ
3466 4497 3738 4564 σημείου.

2342 4588 2493 4657 ’Ἅμα
2524 4587 2567 4639 δ’
2598 4587 2779 4659 ἡμέρᾳ
2819 4587 3137 4652 διαναστὰς,
3176 4591 3288 4650 τοῖς
3331 4587 3503 4656 φίλοις
3549 4588 3841 4659 ἐξηγόρευε

614 4693 774 4730 omne
819 4677 1009 4730 amicis
1050 4677 1320 4746 exposuit.
1363 4674 1690 4731 Convocatis
1713 4674 1911 4728 deinde
1953 4675 2072 4728 auri
2112 4689 2176 4728 ac

2277 4677 2330 4730 τὸ
2356 4679 2687 4750 ἀπόρρητον.
2718 4678 2964 4731 Κᾶπειτα
2996 4677 3198 4748 χρυσοῦ
3230 4678 3324 4731 καὶ
3352 4677 3512 4730 λίθων
3538 4677 3843 4729 πολυτελῶν

615 4782 946 4834 gemmarqu
982 4767 1172 4832 fabris,
1212 4767 1421 4822 medius
1470 4767 1610 4820 inter
1654 4781 1748 4820 eos
1796 4767 2019 4831 sedcns,
2051 4782 2174 4836 spe-

2277 4767 2626 4838 Βημιουργοὺς
2682 4767 3052 4834 συγκαλέσας,
3104 4767 3264 4840 μέσος
3330 4767 3488 4830 αὐτὸς
3535 4765 3838 4830 καθιζάνει.

616 4860 752 4912 ciem
791 4858 953 4930 423
987 4859 1124 4929 signi
1171 4861 1251 4914 eis
1296 4873 1551 4915 sermone
1601 4858 1870 4928 depinxit,
1905 4857 2177 4928 jussitque

2277 4858 2368 4911 καὶ
2403 4856 2496 4912 τοῦ
2545 4859 2769 4928 σημείου
2811 4859 2910 4930 τὴν
2943 4860 3125 4913 εἰκόνα
3167 4859 3396 4932 φράζει,
3448 4858 3842 4930 ἀπομιμεῖσθαί

2277 5109 2439 5163 Ιιιαίὶε
2465 5112 2533 5162 ad
2565 5110 2753 5162 bellum
2783 5111 2950 5174 ipsum
2983 5126 3128 5163 usus.
3162 5107 3252 5163 Sic
3290 5109 3452 5164 etiam
3485 5109 3755 5164 Eusebius
3783 5110 3839 5166 in

2281 5196 2400 5246 Cap.
2436 5180 2526 5239 51.
2562 5180 2652 5232 lib.
2688 5195 2744 5233 ll.
2785 5177 2958 5233 Porro
2996 5181 3095 5232 hoc
3126 5181 3176 5231 in
3208 5180 3323 5233 loco
3349 5182 3514 5248 figura
3540 5190 3646 5241 est,
3676 5195 3840 5247 quam

2277 5246 2451 5302 Grteci
2478 5263 2675 5303 vocant
2712 5248 2933 5304 ὕστερον
2961 5249 3244 5304 πρότερον.
3275 5250 3404 5303 Nam
3438 5249 3624 5303 Severi
3647 5248 3829 5304 Caesa-

2279 5266 2451 5302 urtect
2478 5266 2675 5303 vocant
2712 5266 2933 5321 υστερον
2961 5266 3244 5322 προτερον.
3275 5266 3404 5303 nam
3438 5266 3624 5303 aevert
3647 5266 3829 5304 Caesa-

2279 5321 2354 5371 ris
2395 5321 2574 5399 clades
2608 5321 3017 5388 ignominiosam
3068 5320 3216 5374 illam
3247 5318 3450 5375 Galerii
3481 5319 3661 5390 fugam
3690 5335 3836 5388 prte-

2277 5398 2466 5579 οθξξὲὲ
2494 5443 2672 5527 Vulg,
2694 5457 3142 5522 ἀποδείξασθαι.
3173 5458 3523 5515 Scribendum
3551 5467 3678 5526 puto
3703 5459 3839 5512 ἀπο-

2277 5527 2438 5579 δέΞασ
2471 5545 2546 5579 αι.
2582 5541 2637 5579 ιιι
2671 5531 2866 5579 letzisse
2895 5533 3106 5579 videtur
3130 5529 3463 5579 Nicenhorus
3491 5531 3542 5579 in
3569 5529 3708 5579 libro
3741 5543 3835 5579 vn.

2275 5527 2546 5592 δέξασθαι,
2582 5541 2637 5581 ιιι
2671 5531 2866 5600 legisse
2895 5533 3106 5600 videtur
3130 5529 3463 5598 Nil-ephorus
3491 5531 3542 5584 in
3569 5529 3708 5582 libro
3741 5543 3835 5600 νιι,

2269 5613 2318 5652 c.
2345 5600 2434 5653 29.
2467 5602 2646 5666 Atque
2673 5598 2742 5652 ita
2779 5600 2830 5651 in
2851 5599 3062 5654 schedia
3076 5599 3256 5665 Regiis
3273 5602 3527 5666 Scriptum
3555 5600 3760 5654 iuveni.
3778 5598 3838 5653 In

2265 5669 2421 5741 cotl_d_.
2452 5666 2583 5741 Fuit.
2613 5679 2667 5741 et
2695 5668 2857 5722 Savil.
2889 5669 3080 5741 legitur
3103 5668 3524 5741 παραδέξασθαι.

2331 5735 2442 5808 (Ἠ)
2498 5737 2659 5807 Ἀμφὶ
2694 5735 3334 5809 μεσημϐῥινὰςήξλίουν
3367 5738 3540 5807 ὥρας,
3567 5737 3684 5809 ἤδη
3725 5735 3837 5807 τῆς

617 5113 875 5184 quidquid
907 5111 1066 5184 Acilra
1103 5111 1341 5184 laborem
1403 5108 1478 5174 ﬁt,
1515 5117 1596 5184 et_
1619 5109 1772 5177 quasi
1809 5110 1946 5184 inter
1979 5108 2171 5163 luden-

616 5179 778 5250 dum.
799 5183 874 5235 Ita
902 5181 1086 5236 Severi
1111 5182 1338 5235 Cznsaris
1362 5197 1506 5234 mors
1529 5179 1806 5252 πάρεργον
1832 5179 1955 5252 dici
1976 5188 2171 5252 potest,

615 5249 736 5306 cum
773 5263 881 5305 tam
918 5252 1070 5304 facile
1113 5263 1302 5320 captus
1339 5249 1773 5318 otcisusqtiestt,
1807 5265 1870 5302 ac
1917 5251 1958 5302 si
1998 5249 2171 5302 nullos

614 5327 758 5376 circa
799 5339 856 5376 se
891 5323 1088 5375 milites
1119 5319 1422 5375 habuisset.
1456 5323 1530 5373 Ac
1571 5323 1796 5372 fortasse
1827 5319 2170 5373 scribendum

615 5393 1000 5465 εει,πάρεργον
1032 5391 1253 5465 ἐγένετο
1274 5389 1635 5465 πολέμουζιιιι
1667 5388 1912 5465 Gelasius
1932 5389 2172 5465 .Cyzice-

617 5456 720 5516 nus
769 5456 819 5516 ui
857 5456 946 5517 lib.
993 5477 1029 5515 l.
1073 5456 1190 5529 cap.
1226 5462 1259 5512 5
1289 5479 1303 5512 :
1337 5456 1460 5512 Είλε
1489 5458 1563 5529 ,δὲ
1605 5460 1697 5511 καὶ
1726 5458 1801 5528 τῷ
1847 5456 2033 5529 κράτει
2065 5457 2172 5529 τῷν

615 5533 792 5586 ὅπλων
824 5533 891 5586 τὰ
924 5530 1109 5586 αὐτόθι
1140 5526 1395 5601 ’βάρϐαρα
1440 5527 1603 5598 φῦλα.
1638 5526 1898 5600 παρέργῳ
1930 5528 2028 5597 τῆς
2064 5526 2168 5601 μα-

616 5619 724 5676 χηςν
742 5603 877 5676 πρὸς
906 5601 1150 5676 εδὲργον
1181 5599 1644 5676 συγχρησάμενος,
1677 5605 1766 5676 ubi
1786 5599 2163 5676 interpressi-

619 5669 816 5725 utiliter
859 5673 978 5724 belli
1009 5669 1578 5731 accessioneut'vertit,
1625 5671 1767 5735 quod
1816 5684 1920 5720 non
1969 5669 2156 5734 probo.

619 5742 831 5794 Mallem
861 5751 1008 5796 certe
1034 5743 1083 5794 in
1110 5739 1324 5796 Gelasio
1356 5751 1586 5802 vertere,
1618 5739 1698 5790 his
1723 5739 1855 5790 velut
1887 5737 2006 5789 belli
2028 5751 2152 5806 pro-
