4132 6406
297 380 404 436 945

1391 387 1479 442 DE
1522 388 1676 444 VITA
1713 387 2177 447 CONSTANTINI
2214 386 2345 444 LIB.
2385 390 2428 444 l.

2032 218 2053 243 ν

3435 393 3543 451 ιιιιι

295 515 357 551 τε
386 498 558 571 αὐτὴν
593 499 779 572 χρυσῷ
813 502 907 555 καὶ
941 501 1251 557 πολυτελέσι
1289 505 1454 571 λίθοις
1493 507 1828 563 διεκελεύετο
1852 526 1865 539 ·

1977 522 2031 565 ιιι
2059 526 2192 565 auro
2223 525 2287 566 ac
2321 509 2519 579 lapillis
2550 509 2967 566 similitudinem
2999 513 3116 582 ejus
3144 513 3538 581 exprimerent.

294 591 326 644 δ
377 590 441 663 δὴ
498 593 588 644 καὶ
642 594 788 663 ἡμᾶς
838 593 1132 668 ὀφθαλμοῖς
1185 613 1313 650 ποτε
1376 598 1574 670 συνέϐη
1632 601 1875 672 παραλα-

296 681 417 739 ϐεῖν
456 684 587 756 (75).

801 780 1198 835 ΚΕΦΑΛΑῘΟΝ
1234 781 1360 836 AA'.

298 870 631 943 Ἔκφρασις
664 871 1091 943 σταυροειδοῦς
1132 874 1417 941 σημείου,
1461 873 1609 943 ὅπερ
1651 873 1771 929 νῦν
1821 876 1876 929 οι

621 941 890 1009 Ῥωμαῖοι
922 941 1187 1010 λάϐαρον
1220 943 1536 999 καλοῦσιν.

362 1026 471 1085 Ἦν
501 1032 557 1085 δὲ
596 1032 783 1102 τοιῷδε
814 1034 1050 1103 σχήματι
1099 1034 1602 1104 κατεσκευασμένον
1622 1053 1635 1066 ’
1670 1033 1873 1104 ὑψηλὸν

293 1121 420 1194 δόρυ
450 1123 632 1195 χρυσῷ
659 1123 1152 1195 κατημφιεσμένον,
1181 1124 1349 1196 κέρας
1376 1120 1519 1195 εἶχεν
1547 1126 1654 1194 (76)
1682 1126 1876 1197 ὲγκάρ-

298 1232 444 1280 σιον,
486 1217 718 1288 σταυροῦ
767 1218 1005 1287 σχήματι
1050 1216 1448 1287 πεποιημένον·
1495 1218 1607 1271 ἄνω
1644 1218 1700 1270 δὲ
1741 1218 1877 1290 πρὸς

294 1310 449 1381 ἄκρῳ
481 1310 573 1363 τοῦ
604 1310 821 1375 παντὸς,
859 1310 1119 1378 στέφανος
1160 1312 1223 1363 ὲκ
1255 1310 1417 1363 λίθων
1449 1310 1753 1364 πολυτελῶν
1783 1312 1874 1365 καὶ

287 1401 494 1473 χρυσοῦ
525 1402 1009 1473 συμπεπλεγμένος
1042 1404 1463 1475 κατεστήρικτο,
1512 1404 1633 1456 καθ’
1668 1396 1729 1456 οὗ
1776 1406 1875 1475 τῆς

292 1494 565 1565 σωτηρίου
605 1495 905 1566 ὲπηγορίας
948 1495 1008 1547 τὸ
1050 1493 1345 1564 σύμϐολον,
1392 1495 1484 1548 δύο
1528 1498 1764 1565 στοιχεῖα
1815 1494 1875 1548 τὸ

288 1584 532 1656 Χριστοῦ
564 1583 973 1657 παραδηλοῦντα
1007 1584 1196 1655 δνομα,
1226 1583 1313 1637 διά
1362 1584 1467 1637 τῶν
1517 1584 1746 1655 πρώτων
1779 1584 1874 1637 ὐπ-

290 1682 591 1749 εσήμαινον
642 1679 1043 1749 χαρακτήρων,
1089 1675 1408 1749 χιαξομένου
1431 1676 1523 1729 τοῦ
1562 1694 1591 1748 ρ
1634 1675 1771 1729 κατά
1814 1676 1874 1729 τὸ

293 1770 622 1841 μεσαίτατον
644 1790 653 1799 ·
688 1769 722 1823 ἃ
749 1771 811 1843 δὴ
837 1770 976 1823 κατὰ
1000 1770 1091 1824 τοῦ
1115 1771 1346 1841 κράνους
1378 1770 1563 1840 φέρειν
1586 1769 1740 1822 εἴωθε
1772 1770 1873 1821 κάν

1980 603 2131 671 Quod
2161 612 2215 658 et
2243 618 2340 657 nos
2371 603 2660 672 aliquoties
2694 604 2879 659 videre
2915 605 3292 662 meminimus.

2513 784 2741 841 CAPUT
2781 784 2979 840 XXXI.

1979 872 2272 945 Descriptio
2304 874 2443 945 signi
2470 873 2640 926 instar
2676 876 2847 927 crucis
2883 874 3098 941 formati
3137 876 3280 945 quod
3312 874 3537 932 Romani

2514 945 2755 997 labarum
2785 954 2990 997 vocant.

2046 1034 2176 1090 Erat
2214 1044 2395 1089 autem
2441 1035 2749 1103 ejusmodi:
2788 1035 2954 1089 tlasta
2987 1034 3196 1105 longior
3242 1051 3377 1091 auro
3408 1052 3540 1093 con—

1977 1137 2142 1195 tecta,
2187 1137 2553 1181 transversam
2589 1126 2750 1180 habet
2788 1136 3076 1179 anteanam
3114 1128 3284 1181 instar
3332 1130 3537 1185 crucis.

1978 1218 2150 1289 Supra
2182 1218 2235 1273 in
2265 1219 2380 1288 ipsa
2414 1219 2581 1271 hasta:
2608 1217 2924 1271 summitate
2956 1231 3156 1271 corona
3189 1228 3310 1270 erat
3352 1216 3535 1283 allisa,

1975 1309 2199 1380 gemmis
2234 1317 2286 1363 et
2316 1323 2446 1362 auro
2480 1316 2755 1362 contexta.
2788 1306 2843 1360 In
2874 1308 2975 1361 hac
3004 1307 3263 1363 salutaris
3297 1309 3537 1376 appella-

1978 1400 2142 1455 tionis
2174 1400 2386 1472 signum
2416 1417 2431 1455 :
2467 1400 2584 1453 dure
2612 1399 2863 1453 videlicet
2896 1400 3109 1463 litterae,
3143 1415 3343 1454 nomen
3382 1399 3553 1454 Chrii

1976 1494 2041 1548 sti
2078 1494 2269 1563 primis
2296 1494 2538 1562 apicibus
2568 1493 2952 1562 designabant,
2988 1494 3190 1555 littera.
3227 1512 3282 1568 ρ,
3334 1495 3386 1549 ἱη
3425 1511 3537 1549 me-

1978 1581 2068 1635 dio
2097 1580 2181 1634 sui
2212 1580 2519 1634 decussata.
2550 1578 2697 1645 Quas
2725 1582 2942 1649 quidem
2992 1582 3202 1636 litteras
3243 1585 3540 1653 imperator

1977 1672 2028 1727 in
2057 1673 2207 1742 galea
2239 1683 2453 1742 gestare
2502 1672 2741 1742 posthch
2797 1674 2964 1726 etiam
3018 1675 3322 1728 consuevit.
3365 1674 3536 1729 Porro

1974 1781 2040 1821 ex
2068 1776 2300 1820 antenna
2336 1781 2457 1836 ane
2494 1766 2711 1835 oblique
2742 1781 2838 1834 per
2891 1767 3102 1819 hastam
3156 1765 3379 1833 trajecta
3431 1776 3535 1831 est,

292 1862 407 1922 τοῖς
437 1860 575 1930 μετά
604 1860 773 1913 ταῦτα
807 1860 1015 1932 χρόνοις
1044 1862 1072 1913 ὁ
1111 1859 1380 1929 βασιλεύς.
1419 1860 1523 1912 Τοῦ
1551 1860 1607 1913 δὲ
1643 1860 1869 1928 πλαγίου

1977 1858 2147 1912 velum
2176 1858 2444 1926 quoddam
2471 1859 2811 1925 dependebat
2840 1875 2854 1920 ς
2901 1867 3104 1912 textum
3138 1858 3389 1913 videlicet
3416 1874 3536 1929 pur-

293 1951 508 2022 κέρως,
548 1952 643 2006 τοῦ
690 1951 830 2006 κατὰ
880 1951 941 2005 τὸ
983 1951 1106 2020 δόρυ
1152 1951 1542 2025 πεπαρμένου,
1590 1951 1745 2023 ὀθόνη
1790 1968 1874 2015 τις

296 2044 577 2114 ἐκκρεμὴς
629 2042 959 2115 ἀπῃὼρητο,
1008 2041 1280 2113 βασιλικὸν
1321 2042 1576 2113 ὕφασμα,
1632 2039 1874 2110 ποικιλία

298 2137 658 2206 συνημμένων
704 2135 1006 2189 πολυτελῶν
1067 2134 1262 2196 λίθων,
1316 2134 1490 2204 φωτὸς
1536 2134 1730 2202 αὐγαῖς
1790 2132 1875 2198 ἐξ·

295 2230 749 2299 αστραπτόντων,
796 2228 1234 2299 καλυπτόμενον·
1284 2228 1379 2280 σὺν
1426 2225 1603 2296 πολλῷ
1641 2243 1697 2277 τε
1745 2223 1877 2278 καθ-

296 2322 592 2392 υῖρασμένῳ
617 2320 800 2392 χρυσῷ
824 2318 1261 2391 (77),ἀδιήγητόν
1277 2337 1325 2371 τι
1350 2320 1536 2389 χρῆμα
1562 2321 1672 2381 τοῖς
1700 2317 1868 2389 ὁρῶσι

298 2417 525 2486 παρεῖχε
565 2414 656 2467 τοῦ
704 2414 951 2477 κάλλους.
1002 2413 1169 2465 Τοῦτο
1205 2413 1301 2484 μὲν
1346 2407 1436 2465 οὖν
1475 2412 1537 2464 τι
1576 2414 1744 2482 φᾶρος
1776 2409 1869 2465 τοῦ

300 2508 475 2579 κέρως
510 2507 846 2578 ἐξημμένον,
887 2506 1198 2577 σύμμετρον
1250 2505 1454 2576 μήκους
1501 2520 1561 2556 τε
1608 2504 1702 2557 καὶ
1735 2502 1871 2556 πλά-

301 2614 424 2659 τους
459 2597 569 2665 (78)
597 2596 936 2667 περιγραφὴν
966 2594 1338 2666 ἀπελάμϐανε,
1368 2594 1428 2646 τὸ
1458 2593 1501 2646 δ’
1532 2592 1710 2665 ὄρθιον
1744 2593 1871 2665 δόρυ

300 2686 399 2756 τῆς
425 2685 574 2739 κάτω
601 2687 771 2757 ἀρχῆς
787 2686 878 2739 ἐπὶ
895 2685 1026 2738 πολὺ
1047 2685 1416 2757 μηκυνόμενον
1442 2682 1574 2754 (79),
1600 2684 1709 2738 ἅνω
1741 2699 1872 2754 μετ-

304 2928 529 2996 ήμέρας
555 2928 1025 2993 ἀποκλινούσης.
1054 2926 1391 2995 Nicephorns
1420 2928 1471 2980 in
1506 2925 1599 2981 lib.
1626 2940 1721 2983 I‘II.
1752 2940 1871 2993 cap.

302 3001 568 3068 ‘19,rbunc
606 3000 722 3051 locu
749 3018 777 3048 n
809 2999 881 3051 ita
917 2999 1192 3063 exposuit.
1228 2997 1490 3068 περὶγὰρ
1527 2996 1871 3068 μεσημϐρίαν

303 3067 541 3125 ὁδεύοντι
584 3068 796 3139 συνάμα
838 3070 902 3138 τῇ
952 3069 1081 3139 περὶ
1112 3068 1271 3120 αὑτὸν
1302 3066 1563 3139 στρατιᾷ,
1598 3067 1691 3119 τού
1724 3066 1872 3136 ἡλίου

305 3139 445 3211 πρὸς
486 3138 693 3209 δυσμὰς
726 3138 1039 3201 κλίνοντος,
1070 3138 1120 3211 id
1161 3149 1262 3198 est,
1303 3138 1591 3211 meridiano
1644 3148 1872 3204 tempore

304 3208 424 3263 cum
455 3208 684 3263 exercitu
714 3226 807 3261 suo
850 3213 950 3262 iter
988 3210 1205 3273 faciem.
1253 3208 1360 3261 sole
1404 3211 1456 3260 in
1493 3224 1735 3259 occasum
1767 3222 1873 3259 ver-

305 3291 473 3349 gente.
506 3289 611 3334 etc.
647 3280 747 3349 διο
768 3279 928 3332 etiam
966 3279 1239 3332 Portesius
1266 3277 1483 3349 Eusebii
1520 3279 1682 3349 verba
1708 3277 1872 3349 inter-

306 3345 551 3419 pretatus
586 3360 687 3401 est.
724 3348 831 3402 Sub
873 3348 1172 3409 meridiem,
1200 3348 1371 3416 inquit
1394 3387 1407 3407 ,
1436 3346 1724 3419 inclinante
1754 3345 1871 3413 jam

309 3416 413 3472 Hie.
449 3420 550 3471 Sed
586 3418 812 3472 fortasse
850 3429 992 3472 totus
1024 3423 1168 3472 locus
1198 3435 1302 3471 uno
1332 3419 1521 3483 spiritu
1557 3416 1874 3467 continuan-

310 3494 410 3541 dus
435 3501 513 3542 est
538 3508 549 3541 :
570 3500 621 3541 ct
644 3491 803 3541 verba
832 3488 1047 3541 Eusebii
1074 3490 1172 3541 hoc
1204 3488 1363 3541 modo
1380 3484 1872 3553 construendagrﬁ;

308 3560 521 3630 ἡμέρας
570 3558 960 3635 ἀποκλινούσης
1012 3558 1159 3635 ἀμερι-
1194 3553 1785 3635 μεημόρινᾶςηῶρας,
1822 3554 1873 3607 id

311 3624 563 3691 est.'cunt
598 3630 711 3697 jam
740 3629 849 3680 dies
878 3624 931 3681 in
974 3624 1246 3681 meridiem
1278 3624 1528 3697 vergeret.
1573 3624 1678 3697 Cui
1708 3628 1873 3697 i_nter-

313 3692 611 3766 pretationi
644 3698 785 3751 favet
812 3698 1074 3759 Zonaras.
1119 3699 1207 3765 qui
1251 3700 1309 3752 in
1335 3695 1665 3749 Constantini
1701 3692 1873 3766 Gesti:

316 3762 454 3822 hanc
486 3770 747 3821 visionem
803 3769 1061 3826 referens.
1097 3762 1569 3836 apparuissedicit
1603 3762 1873 3836 μεσούσης

313 3840 719 3910 ἡμέρας.(]οι·ιυ
754 3839 803 3891 in
833 3839 989 3910 codd.
1053 3835 1305 3910 Rt-gioret
1334 3835 1466 3889 Fuk.
1503 3835 1645 3887 nulla
1682 3835 1875 3910 distin-

314 3908 435 3968 clior
450 3920 531 3962 est
561 3918 677 3975 post
703 3924 886 3962 vocem
906 3908 1077 3979 ὥρας,
1101 3910 1190 3979 sed
1219 3909 1480 3979 dumtaxat
1508 3915 1625 3979 post
1651 3908 1872 3956 verbum

313 3979 709 4044 ἀποκλινούσης
767 3975 970 4047 virgula
1032 3978 1342 4031 ascribitur.
1393 3978 1545 4043 Apud
1595 3975 1873 4047 Socratem

316 4060 495 4101 tamen
524 4052 610 4117 qui
646 4042 1044 4102 Eusebii'verba
1062 4047 1365 4115 descripsit.
1388 4042 1708 4114 postvocem
1728 4042 1875 4114 ὥρας

315 4120 558 4187 apposita
594 4130 675 4172 est
709 4119 940 4187 virgula.
968 4119 1147 4187 itaque
1166 4117 1695 4187 Chrismphorsonus
1729 4126 1878 4187 utro-

313 4183 477 4257 hique
511 4192 697 4247 vertit.
727 4183 947 4242 Circiter
978 4183 1240 4241 meridiem
1260 4226 1275 4250 ,
1304 4183 1401 4240 die
1422 4186 1537 4255 jam
1568 4187 1621 4237 in
1660 4183 1879 4257 pomeri:

314 4252 531 4312 dianam
598 4268 821 4327 tempus
877 4259 1263 4327 aliquantulum
1341 4252 1876 4327 inclinante-Quod

316 4330 445 4381 mihi
510 4331 746 4396 ineptum
788 4324 1020 4384 videtur.
1079 4328 1260 4394 Neque
1321 4328 1464 4380 enim
1516 4324 1878 4378 ἀποκλίνουσα

312 4398 497 4470 ἡμέρα
521 4400 623 4453 dici
646 4409 846 4467 potest,
874 4401 977 4453 nisi
1008 4415 1127 4470 cum
1157 4400 1270 4451 dies
1294 4398 1464 4465 vergit
1489 4397 1540 4448 in
1569 4410 1873 4470 vesperum,

316 4416 497 4521 “(rapa
521 4416 623 4453 UICI
646 4416 846 4467 pOIeSI,
874 4416 977 4453 IttSl
1008 4416 1127 4451 cum
1157 4416 1270 4451 otes
1294 4416 1464 4465 vergit
1490 4416 1540 4448 III
1569 4416 1873 4474 VCSPCI‘IIIII,

316 4470 330 4522 i
421 4480 523 4529 est.
573 4481 692 4537 Post
737 4471 921 4522 horam
965 4469 1069 4523 diei
1120 4484 1336 4527 nonam.
1371 4478 1427 4518 ut
1468 4476 1613 4519 recte
1646 4472 1878 4531 sumpsit

316 4539 667 4608 Nicephorus.
717 4539 998 4605 Quomodo
1044 4551 1221 4591 autem
1273 4538 1321 4589 id
1367 4537 1657 4608 convenire
1704 4543 1877 4608 potest

314 4605 919 4677 cumvprtecedentihus
972 4611 1150 4663 verbis
1209 4608 1352 4677 ἀμφὶ
1407 4606 1503 4668 τὰς
1564 4605 1873 4677 μεσημϐρι-

316 4679 455 4741 vde?
483 4675 587 4732 etc.
629 4680 767 4733 Idem
798 4680 941 4732 enim
976 4690 1057 4734 est
1088 4694 1151 4731 ac
1184 4680 1226 4731 si
1253 4675 1475 4731 'diceres
1501 4694 1513 4728 :
1540 4680 1681 4728 circa
1716 4675 1877 4727 meri-

318 4752 460 4803 diem
492 4755 591 4801 sub
624 4765 926 4817 vesperam.
967 4751 1114 4803 Dicet
1144 4748 1282 4801 iorte
1322 4748 1542 4814 aliquis.
1587 4745 1875 4817 Eusebium

318 4818 403 4872 his
446 4815 735 4886 postremis
764 4820 941 4873 verbis
988 4818 1381 4889 ἀποκλινούσης
1413 4816 1652 4889 ἡμέρας-
1674 4815 1879 4881 signiti-

318 4905 449 4943 care
481 4892 714 4943 voluisse
742 4905 861 4942 eam
890 4892 1151 4943 visionem
1184 4885 1580 4942 oblatam'essi:
1615 4885 1877 4939 Constan-

320 4962 436 5013 tino
462 4960 619 5028 paulo
660 4970 779 5028 post
812 4963 1113 5014 meridiem.
1145 4959 1274 5011 Nam
1312 4959 1390 5012 sol
1437 4974 1464 5010 a
1508 4956 1727 5028 cardine
1762 4969 1876 5007 me-

322 5027 531 5085 ridiano
566 5027 938 5098 progrediens,
974 5030 1227 5098 paulatim
1256 5030 1507 5097 deinceps
1540 5027 1591 5078 in
1622 5038 1875 5080 oecasum

322 5048 531 5085 notatio
580 5048 938 5097 irogreutens,
974 5048 1227 5098 pautatim
1256 5048 1507 5097 deinceps
1541 5048 1591 5078 IlI
1622 5048 1875 5080 occasum

320 5100 512 5169 vergit.
541 5048 735 5153 Jerum
768 5101 810 5153 si
838 5101 1100 5153 Eusebius
1132 5102 1202 5153 ita
1235 5101 1425 5155 sensit.
1454 5098 1581 5165 quid
1605 5112 1739 5163 opus
1760 5103 1878 5169 erat

321 5180 401 5223 tot.
421 5163 661 5223 'verhis?
708 5170 881 5224 Potuit
917 5172 1057 5225 enim
1109 5170 1323 5224 brevius
1367 5163 1551 5222 dicere
1612 5163 1879 5237 μεσούσης

321 5240 450 5321 ἀρτιῄ
490 5240 856 5321 τῆςιήμέρας.
903 5241 1052 5321 Adde
1087 5244 1227 5321 quod
1276 5240 1532 5321 Eusebius
1581 5238 1631 5290 in
1684 5237 1877 5321 plurali

322 5306 459 5362 dixit
484 5306 624 5379 ἀμφὶ
647 5306 751 5372 τὰς
777 5306 1149 5382 μεσημϐρινάς
1172 5310 1339 5382 ὥρας,
1366 5320 1421 5361 ut
1450 5306 1877 5382 appareat-illum

324 5394 431 5433 non
471 5378 657 5433 horam
684 5378 1242 5449 sex—tamintelligere}
1272 5383 1364 5435 sed
1402 5390 1570 5432 totum
1604 5378 1731 5431 illud
1758 5391 1881 5442 spa-

329 5450 459 5521 tium
498 5452 787 5515 horarutn,
821 5456 961 5521 quod
1006 5454 1243 5505 meridiei
1287 5453 1603 5521 deputatur,
1632 5452 1698 5500 ab
1748 5450 1876 5499 hora

328 5520 535 5574 scilicet
560 5523 745 5589 quinta
770 5520 1085 5576 ad’uonam.
1116 5521 1348 5575 Proinde
1390 5522 1440 5573 in
1487 5520 1624 5573 hanc
1662 5528 1881 5572 senten-

326 5591 462 5643 tiam
483 5592 719 5644 adducor
739 5631 754 5654 ,
782 5594 1041 5647 visionem
1080 5593 1220 5645 illam
1254 5591 1609 5646 Constantino
1646 5590 1879 5642 oblatam

329 5660 495 5714 fuisse
538 5662 681 5716 circa
713 5664 896 5717 horam
934 5662 1040 5715 diei
1091 5678 1284 5715 nonam
1311 5701 1326 5725 ,
1358 5663 1483 5713 dum
1534 5661 1637 5713 iter
1679 5657 1882 5711 taceret

330 5746 435 5782 una
464 5746 584 5783 cum
614 5735 869 5787 exercitu.
899 5732 1061 5797 quue
1085 5733 1242 5800 plane
1272 5732 1626 5785 contirmatur
1652 5743 1881 5800 sequen-

332 5801 479 5854 tibus
509 5802 706 5859 verbis.
744 5805 903 5857 Addit
951 5798 1099 5855 enini
1141 5803 1438 5860 Eusebius.
1469 5812 1591 5868 post
1618 5798 1880 5852 visionem

330 5869 698 5941 obstupefacto
725 5874 1109 5940 Cuttstautino,
1142 5874 1266 5928 dum
1297 5872 1467 5927 multa
1506 5884 1687 5925 secum
1720 5868 1883 5923 volvit

1974 1966 2196 2021 pureum
2229 1950 2486 2018 pretiosis
2512 1948 2784 2017 lapidibus
2821 1951 2961 2004 inter
3010 1966 3067 2004 se
3097 1949 3325 2017 junctis,
3358 1962 3411 2004 et
3455 1952 3538 2003 lu-

1976 2043 2137 2097 minis
2182 2044 2260 2096 sui
2302 2042 2509 2111 fulgore
2540 2042 2726 2096 oculos
2772 2043 3285 2111 praestinguentilms
3314 2059 3539 2111 cooper-

1980 2144 2089 2188 tum
2176 2132 2451 2201 multoqne
2534 2133 2829 2187 intertexto
2904 2148 3037 2186 auro
3105 2133 3539 2202 inexplicabilem

1978 2225 2265 2292 quamdam
2302 2225 2725 2294 pulchritudinis
2758 2224 2994 2293 speciem
3029 2224 3362 2279 intuentibus
3403 2241 3540 2293 prae-

1978 2315 2333 2383 bens.Atque
2363 2317 2461 2368 hoc
2498 2315 2673 2368 velum
2723 2325 2973 2367 antennae
3014 2312 3257 2378 aﬂixum,
3295 2315 3540 2368 latitudi-

1978 2421 2096 2459 nem
2130 2404 2446 2474 longitudini
2475 2404 2738 2473 aaqualem
2786 2404 2992 2458 habuit.
3047 2406 3164 2473 Ipsa
3214 2420 3344 2459 vero
3390 2413 3539 2459 recta

1978 2498 2131 2552 hasta
2158 2498 2224 2550 ab
2255 2496 2437 2549 intima
2463 2496 2545 2551 sui
2575 2508 2726 2563 parte
2759 2497 2810 2550 in
2842 2511 3092 2565 magnam
3144 2496 3535 2567 longitudinem

1975 2588 2258 2659 producta,
2289 2587 2342 2640 in
2372 2587 2634 2656 superiori
2664 2598 2818 2654 parte
2877 2590 2977 2642 sub
3022 2590 3136 2658 ipso
3184 2589 3360 2642 crucis
3386 2589 3543 2657 signo

1977 2684 2042 2737 ad
2070 2683 2236 2752 ipsam
2268 2680 2366 2735 veli
2402 2681 2572 2735 variis
2600 2680 2874 2737 coloribus
2907 2683 3107 2751 depicti
3139 2684 3534 2746 summitatem,

1980 2922 2180 2997 animo,
2222 2931 2435 2979 noctem
2467 2928 2861 2996 supervenisse.
2903 2928 2979 2981 Ex
3023 2942 3132 2997 quo
3160 2939 3398 2997 apparet,
3432 2946 3538 2986 non

1976 2992 2146 3046 multo
2171 3005 2297 3048 ante
2349 2992 2559 3049 noctem
2607 2998 2655 3049 id
2686 3000 2857 3051 visum
2887 2992 3244 3052 Constantino
3278 3015 3332 3053 et
3361 2992 3539 3055 militi-

1976 3062 2078 3134 bus
2102 3065 2528 3134 apparuisseﬁltt
2584 3066 2717 3121 libro
2753 3085 2787 3122 Il
2820 3067 3070 3122 Historia:
3104 3068 3354 3124 Miscellw
3376 3112 3389 3134 ,
3448 3073 3538 3127 tibi

1979 3132 2071 3212 hic
2101 3132 2309 3212 Eusebii
2340 3136 2494 3212 locus
2524 3137 2824 3212 adducitur.
2866 3139 2977 3212 haec
3008 3140 3238 3212 habetur
3269 3132 3540 3212 interpre-

1898 3213 1944 3271 ς
1977 3203 2578 3277 tatlioacircameridiem
2610 3208 2904 3261 declinante
2920 3210 3035 3277 jam
3061 3209 3188 3263 sole.

2045 3271 2558 3347 (75)_’05;0a.tuo?¢
2599 3291 2741 3332 ποτε
2788 3271 3173 3347 παρὰλαὸεἷν.
3219 3278 3540 3336 Addendum

1972 3350 2054 3418 est
2078 3341 2547 3418 verbumeuvéfiq,
2589 3349 2730 3416 quod
2761 3341 2923 3403 etiam
2960 3354 3023 3403 ad
3063 3351 3361 3418 marginem
3395 3352 3543 3405 codi-

1973 3411 2049 3483 cis
2078 3408 2324 3466 Morzeani
2359 3408 2651 3483 ascriptum
2689 3420 2888 3470 inveni.
2917 3420 2969 3471 lu
2998 3408 3211 3471 schedis
3244 3418 3427 3483 Regiis
3456 3423 3543 3476 hic

1975 3477 2123 3561 locus
2155 3483 2219 3561 ad
2257 3477 2564 3561 marginem
2579 3490 2856 3553 suppletur
2889 3490 2986 3561 hoc
3019 3490 3211 3561 modo:
3243 3477 3404 3554 αὐτὸς
3454 3490 3545 3561 βα-

1974 3547 2153 3629 σιλευς
2180 3550 2314 3629 Θεοῦ
2475 3547 2655 3608 τοῦτο⁷
2677 3547 3037 3628 χαρισαμένου
3088 3558 3338 3627 ἠξίωσεν.
3368 3547 3543 3629 Atque

1976 3619 2064 3689 i_ta_
2102 3619 2213 3674 fere
2262 3624 2493 3678 Savilius
2543 3638 2595 3679 et
2655 3619 3197 3689 Cht‘istoiiliorsnniis.
3251 3631 3302 3682 ln
3358 3619 3544 3687 codice

1975 3686 2107 3740 Fuk.
2127 3691 2197 3742 ita
2229 3695 2482 3772 scribitur
2512 3696 2595 3772 h_ic
2615 3696 2786 3772 locus,
2952 3698 3045 3772 καὶ
3076 3699 3221 3772 ἡμᾶς
3244 3699 3542 3772 ὀφθαλμοῖς

1974 3774 2105 3809 ποτε
2158 3762 2354 3839 συνέᾷη
2388 3765 2739 3839 παραλαϐεῖν,
2775 3762 2938 3839 αὐτος
2990 3762 3442 3839 βασιλεύς,”θιιε.ξ
3489 3762 3546 3825 ut

1979 3841 2169 3903 supra.
2214 3832 2316 3885 Sed
2346 3832 2681 3888 alterutrum
2714 3832 3041 3903 superﬂuum
3095 3850 3198 3892 est.
3250 3843 3355 3892 Aut
3400 3832 3543 3893 enim

1979 3898 2203 3979 delenda
2231 3913 2310 3957 est
2350 3921 2448 3957 \ox
2483 3906 2680 3975 συνέϐη
2708 3924 2721 3936 ·
2759 3898 2850 3961 aut
2887 3909 3051 3961 verba
3089 3909 3174 3961 illa
3203 3909 3365 3969 αὐτὸς
3402 3908 3547 4031 fast-

1979 3964 2119 4029 λευς,
2148 3981 2276 4031 elc.,
2310 3986 2432 4025 sunt
2476 3980 2849 4031 expungenda.
2880 3978 2981 4031 nisi
3014 3993 3135 4031 cum
3177 3978 3377 4031 Savilio
3423 3996 3547 4031 cgas

1974 3964 2119 4051 λεύς,
2148 3981 2276 4051 elc.,
2307 3986 2442 4051 sunt
2476 3964 2849 4051 expungenda,
2880 3978 2981 4031 nisi
3014 3993 3135 4032 cum
3177 3964 3377 4033 Savilio
3402 3964 3548 4051 legas

1975 4036 2143 4114 αἱδτρςὲ
2163 4043 2271 4114 γὰρ
2303 4036 2573 4114 βασιλεύς,
2605 4036 2710 4100 etc.

2040 4107 2153 4181 (76)
2176 4107 2373 4181 Κέρας
2396 4107 2579 4185 εἶχεν,
2614 4116 2847 4187 Langus,
2877 4116 3156 4173 Portesius
3199 4130 3255 4172 et
3299 4118 3548 4173 Christo-

1976 4176 2283 4258 phorsonus
2324 4176 2489 4239 corn};
2525 4176 2799 4240 verteruitt
2834 4176 3020 4258 parum
3057 4190 3266 4253 Latine,
3295 4205 3416 4244 cum
3444 4207 3548 4244 an-

1979 4254 2189 4305 tennnm
2223 4265 2434 4308 vertere
2464 4258 2793 4311 debuissent.

2047 4318 2160 4393 (77)
2189 4324 2637 4395 Καθυςςασμένῳ
2663 4326 2888 4396 χρυσῷ.
2926 4328 3156 4385 Savilins
3187 4331 3239 4385 in
3274 4346 3371 4384 suo
3409 4330 3550 4383 libro

1979 4396 2285 4467 emendavu
2333 4397 2770 4467 καθυφασμένον.
2824 4403 2987 4456 Certe
3042 4403 3093 4455 in
3152 4403 3338 4455 codice
3411 4400 3545 4455 Fnk.

1981 4462 2243 4541 scriptum
2319 4462 2498 4521 iuveni
2544 4462 3016 4541 Δκςιιθυςραειμένων.
3084 4472 3146 4525 Et
3204 4472 3361 4538 paulo
3415 4480 3552 4541 post

1906 4560 1954 4620 ο
1984 4536 2231 4620 trapetis,
2273 4553 2377 4592 non
2414 4536 2728 4610 παρέσχον,⁷
2751 4536 2913 4595 habet
2950 4544 3087 4597 idem
3122 4536 3291 4597 codex
3322 4552 3378 4595 et
3413 4539 3548 4595 Tur-

1979 4608 2167 4657 Helms.

2055 4676 2167 4749 (78)
2220 4680 2563 4748 Σύμμετρω⁴
2601 4679 2834 4749 μήκους
2880 4698 2943 4734 τε
2986 4682 3083 4735 καὶ
3135 4680 3421 4749 πλάτους.
3457 4682 3552 4737 llis

1983 4747 2163 4819 ferbis
2212 4747 2479 4803 Eusebius
2522 4747 2791 4819 signiﬁcat
2828 4752 3000 4803 velum
3054 4752 3178 4804 illud
3225 4747 3549 4819 quadratum

1985 4812 2174 4893 fuisse.
2210 4819 2340 4893 Nam
2375 4812 2727 4893 longitudinis
2749 4833 2803 4874 et
2834 4822 3137 4875 latitudinis
3166 4812 3355 4874 Ittodns
3378 4840 3551 4893 aequa-

1986 4881 2070 4951 lis,
2125 4891 2442 4961 quadratam
2468 4881 2648 4943 veﬂlcit
2696 4892 2941 4961 ﬁguram.
2975 4893 3137 4947 Certe
3181 4894 3232 4944 in
3280 4881 3553 4949 veteri-bus

1986 4961 2221 5029 nntnmis
2248 4960 2584 5014 Constantini
2623 4972 2675 5014 et
2704 4960 3044 5029 sequentium
3081 4963 3407 5029 principum.
3458 4980 3553 5018 ve-

1986 5025 2092 5100 lum
2134 5030 2260 5083 illud
2293 5046 2352 5080 ea
2403 5029 2570 5099 figura
2612 5025 2927 5100 quam'dixi
2981 5025 3207 5087 cernere
3237 5025 3553 5088 licet.7Male

1986 5096 2149 5172 igitur
2177 5096 2698 5172 Cbristopliorsonits
2723 5101 2935 5156 Eusebii
2968 5104 3142 5157 locum
3175 5108 3423 5172 exposuit
3456 5109 3553 5159 hoc

1986 5169 2182 5239 tuodo:
2223 5187 2241 5221 ι
2291 5170 2434 5221 Istud
2487 5172 2647 5239 igitur
2689 5173 2933 5226 velamen
2980 5176 3044 5225 ad
3088 5169 3258 5226 cornu
3301 5175 3548 5233 alitvum.

1985 5236 2337 5313 longitudinis
2365 5236 2770 5311 latitu'dittisque
2794 5243 2973 5297 crucis
3002 5258 3309 5298 mensuram
3342 5247 3554 5313 penitus

1984 5311 2303 5372 tax-aequavit.
2338 5329 2355 5361 ι

2076 5379 2186 5453 (79)
2242 5380 2361 5449 Τῆς
2407 5379 2564 5434 κάτω
2617 5380 2809 5451 ἀρχῆς
2856 5382 2954 5435 ἐπὶ
3008 5384 3168 5437 πολὺ
3212 5386 3555 5453 μηκυνόμε-

1985 5466 2117 5503 νον.
2152 5452 2355 5505 Sensus
2385 5464 2470 5505 est
2501 5454 2710 5506 hastam
2745 5456 2887 5507 illam
2929 5469 2957 5505 a
2995 5454 3107 5507 basi
3148 5470 3321 5521 usque
3362 5456 3425 5506 ad
3453 5452 3558 5507 an-

1989 5530 2207 5575 tenuam
2242 5521 2408 5575 multo
2458 5523 2754 5589 longiorem
2798 5524 2997 5587 fuisse,
3029 5539 3188 5592 quam
3218 5526 3283 5575 ab
3322 5533 3559 5579 antenna

1990 5606 2157 5664 usque
2191 5594 2256 5644 ad
2288 5607 2562 5664 summum
2593 5591 2884 5664 fastigium.
2930 5591 3094 5662 quue
3122 5596 3283 5664 etiam
3314 5595 3559 5664 innum-

1989 5661 2091 5714 mis
2120 5677 2344 5715 cernere
2366 5662 2510 5717 licet.
2537 5661 2914 5718 Potest'etiam
2943 5661 3028 5718 hic
3058 5665 3210 5717 locus
3236 5662 3559 5729 simpliciter

1990 5732 2233 5802 intelligi,
2268 5744 2324 5784 ut
2352 5748 2543 5788 sensus
2574 5734 2643 5788 sit
2668 5734 2877 5788 hastam
2908 5734 3053 5788 illam
3087 5736 3154 5788 ab
3179 5734 3288 5788 imo
3310 5735 3377 5787 ad
3406 5748 3557 5792 sum~

1991 5817 2139 5856 mum
2165 5804 2535 5873 longissimam
2562 5804 2749 5859 fuisse.
