4132 6406
356 341 468 400 949

1452 323 1537 400 ui:
1573 321 1732 400 vm't
1770 298 2234 402 CONSTANTINH
2272 345 2402 400 LIB.
2441 343 2493 402 ι.-

3503 338 3609 407 930

361 457 687 530 ἀτιμότατα]
735 461 847 524 τοῖς
888 459 1144 532 ἀνδράσιν
1181 461 1478 533 ἀπέπεμπε
1499 504 1514 529 ,
1549 464 1640 519 καὶ
1669 464 1818 519 ταῦτ’
1844 467 1917 519 οὺς

2047 465 2537 522 maritosremisit.
2576 463 2760 534 Neque
2797 478 2928 518 vero
2959 465 3205 522 homines
3231 465 3497 523 obscuros
3524 479 3609 521 at-

359 549 613 621 ἀσήμοις,
652 549 760 602 οὐδ’
787 550 1064 620 ἀφανέσιν,
1095 551 1208 605 ἀλλ’
1235 553 1418 617 αὐτοῖς
1451 555 1796 626 ἐμπαροινῶν
1823 560 1934 621 τοῖς

358 642 430 696 τά
478 645 722 714 πρωτεῖα
767 643 869 713 τῆς
915 643 1022 697 τῶν
1061 644 1345 715 Ῥωμαίων
1392 647 1693 718 συγκλήτου
1742 647 1936 718 βουλῆς

360 734 671 804 κατέχουσι.
708 735 947 806 Μυρίαις
977 735 1076 806 μὲν
1131 733 1223 790 οὖν
1251 737 1560 810 ἐλευθέραις
1585 740 1829 808 γυναιξὶν
1859 741 1938 794 ἐν-

359 823 596 895 υϐρίζων
639 825 916 896 αἰσχρῶς,
972 826 1071 880 οὐκ
1117 823 1260 898 εἶχεν
1285 829 1432 893 ὅπως
1494 830 1790 902 ἐμπλήσειε
1837 832 1936 902 τὴν

358 915 572 984 ἀκρατῆ
602 917 1014 998 καὶηὰκόλαστον
1046 921 1212 976 αὑτοῦ
1250 921 1446 996 ψυχήν.
1487 926 1574 990 Ὧς
1601 927 1658 980 δέ
1685 928 1778 981 καὶ
1804 930 1935 1000 Χρι-

361 1011 602 1072 στιαναῖς
635 1010 927 1082 ἐνεχείρει,
970 1013 1062 1065 καὶ
1095 1013 1272 1070 οὐκέθ’
1298 1011 1408 1080 οἷός
1439 1035 1497 1071 τε
1540 1014 1608 1090 ἦν
1635 1019 1746 1087 (85)
1776 1022 1935 1076 εύπο-

360 1098 482 1168 ρίαν
527 1102 639 1164 τοῖς
693 1101 913 1166 οἰκείοις
957 1104 1368 1177 ἐπιθυμήμασιν
1423 1111 1673 1165 ἐπινοεῖν.
1731 1113 1934 1168 Θᾶττον

358 1183 490 1252 γοῦν
530 1186 630 1257 τὴν
673 1187 848 1259 ψυχὴν
893 1189 1198 1247 θανατῶσαι
1238 1196 1384 1268 (86),
1420 1199 1453 1270 ἢ
1490 1200 1552 1254 τὸ
1595 1201 1751 1272 σῶμα
1785 1203 1933 1274 αὐτῷ

357 1275 712 1348 παρεχώρουν
738 1278 830 1332 ἐπὶ
865 1279 1068 1352 φθορὰν
1099 1275 1279 1340 αὗται.

867 1373 1264 1429 ΚΕΦΑΛΑΙΟΝ
1299 1379 1420 1432 AA'.

361 1459 549 1527 Ὅπως
593 1462 631 1531 ἡ
670 1462 777 1516 τοῦ
812 1463 1227 1591 exaggae?
1263 1475 1664 1543 σωφροσύνην
1707 1474 1932 1545 ἑαυτὴν

1124 1556 1138 1588 ι
1183 1555 1273 1591 εν.

1124 1555 1273 1593 (λεν.

422 1623 540 1677 Μία
571 1622 700 1692 γοῦν
724 1642 808 1689 τις
837 1625 946 1680 τῶν
972 1628 1156 1684 αὐτόθι
1188 1633 1563 1704 συγκλητικῶν
1592 1636 1801 1708 ἀνδρῶν
1832 1638 1930 1708 τὴν

352 1711 592 1786 ἔπαρχον
616 1715 909 1772 διεπόντων
939 1719 1206 1789 ἐξουσίαν,
1242 1723 1318 1788 ὡς
1343 1725 1671 1791 ἐπιστάντας
1692 1728 1770 1800 τῷ
1795 1729 1930 1802 οἴκῳ

2043 573 2150 629 que
2181 557 2474 629 ignobiles,
2513 558 2610 612 sed
2639 557 2784 626 ipsos
2815 557 3083 625 primores
3112 567 3342 613 senatus
3355 557 3605 624 Romani,

2038 663 2102 703 eo
2126 646 2479 703 contumelia:
2507 661 2705 714 genere
2733 644 2936 701 affecit.
2979 644 3244 701 Cancrum
3285 663 3407 703 cum
3450 649 3608 704 innu-

2038 756 2220 796 meras
2250 741 2362 797 fere
2389 740 2651 795 mulieres
2680 739 2944 810 ingenuas
2978 739 3120 795 foede
3143 740 3391 808 violaret,
3419 741 3609 796 immo-

2036 835 2284 890 deratam
2320 844 2500 888 tamen
2529 833 2694 886 animi
2718 831 2803 886 sui
2829 831 3113 886 libidinem
3169 833 3475 888 nullatenus
3504 848 3604 904 po-

2039 925 2447 994 terateXplere.
2484 923 2589 981 Sed
2625 932 2908 994 postquam
2957 924 3213 979 mulieres
3263 925 3603 982 Christianas

2037 1016 2336 1072 sollicitare
2373 1017 2563 1085 cmpit,
2599 1014 2756 1069 nullis
2786 1015 3001 1068 artibus
3030 1014 3293 1080 perlicere
3320 1015 3519 1083 potuit,
3545 1025 3603 1069 ut

2035 1121 2222 1161 earum
2279 1120 2577 1176 congressu
2618 1103 2910 1159 frueretur.
2948 1103 3040 1158 lla:
3090 1119 3324 1172 namque
3363 1106 3601 1160 animam

2034 1195 2142 1250 leto
2172 1194 2436 1263 objicere,
2468 1208 2630 1262 quam
2669 1207 2867 1262 corpus
2905 1191 2954 1247 ei
2995 1191 3061 1246 ad
3093 1203 3343 1260 stuprum
3378 1191 3602 1260 pennit-

2038 1293 2150 1339 tere
2186 1283 2475 1339 malebant.

2558 1372 2789 1429 CAPUT
2831 1370 3071 1428 XXXIV.

2038 1464 2320 1531 Quomodo
2353 1480 2489 1518 umor
2524 1463 2785 1533 prmfecti,
2828 1463 3098 1534 pudicitia:
3133 1465 3399 1518 servanda:
3441 1478 3601 1521 causa

2493 1545 2714 1587 mortem
2741 1534 2838 1588 sibi
2871 1534 3137 1587 conscivit.

2106 1627 2356 1696 Quredam
2383 1642 2450 1682 ex
2481 1627 2588 1694 bis,
2614 1633 2776 1694 nupta
2811 1625 3070 1681 senatorii
3111 1625 3322 1680 ordinis
3351 1625 3470 1688 viro
3504 1623 3600 1696 qui

2033 1719 2411 1791 pratfecturam
2441 1717 2882 1782 administrabat,
2921 1733 3043 1772 cum
3085 1717 3351 1772 satellites
3399 1716 3600 1786 quibus

350 1806 478 1869 τοὺς
511 1806 577 1858 τά
607 1806 827 1861 τοιαῦτα
854 1809 932 1880 τῷ
958 1812 1204 1884 τυράννῳ
1227 1813 1677 1887 διακονουμένους
1701 1818 1917 1874 ἐπύθετι

2039 1823 2303 1883 tyrannus
2343 1811 2646 1883 hujusmodi
2673 1809 2999 1880 flagitiorum
3027 1808 3292 1863 ministris
3319 1810 3594 1870 utebatur.

353 1893 672 1968 (Χριστιανὴ
701 1897 745 1949 δ’
769 1893 856 1970 ἦν)
890 1900 979 1952 τόν
1011 1903 1058 1954 τ’
1082 1903 1250 1974 ἄνδρα
1278 1904 1367 1958 τὸν
1391 1906 1562 1975 αὐτῆς
1588 1906 1745 1976 ἔγνω,
1776 1909 1927 1973 δέους

351 1987 544 2053 ἕνεκα,
575 1987 837 2055 λαϐόντας
876 1993 1076 2064 αὐτὴν,
1119 1996 1352 2064 ἀπάγειν
1395 1998 1644 2053 κελεῦσαι
1667 2041 1682 2064 ,
1708 1999 1927 2074 βραχὺν

350 2079 912 2155 ὑποπαραιτησαμένη
963 2085 1182 2156 χρόνον,
1217 2087 1292 2151 ὡς
1327 2088 1392 2142 ἂν
1433 2090 1524 2142 τοῦ
1556 2089 1805 2163 σώματος
1835 2093 1926 2150 τὸν

349 2171 554 2242 συνήθη
605 2174 951 2246 περιϐάλοιτο
991 2177 1225 2247 κόσμον,
1281 2180 1507 2235 εἴσεισιν
1549 2183 1643 2236 ἐπὶ
1690 2183 1784 2237 τοῦ
1831 2203 1926 2238 τα-

348 2262 506 2330 μείου
527 2279 540 2293 ο
589 2265 680 2317 καὶ
720 2266 1056 2337 μονωθεῖσα,
1087 2267 1239 2338 ξίφος
1269 2270 1362 2324 τοῦ
1409 2272 1631 2344 στέρνου
1664 2275 1920 2346 πήγνυσι,

344 2356 584 2412 θανοῦσά
618 2377 678 2412 τε
716 2361 1060 2433 παραχρῆμα
1082 2403 1097 2428 ,
1132 2362 1222 2416 τὸν
1263 2363 1362 2434 μὲν
1404 2367 1594 2441 νεκρὸν
1632 2370 1744 2431 τοῖς
1793 2386 1920 2440 προ-

343 2453 584 2519 αγωγοῖς
614 2452 966 2517 καταλείπει,
1003 2455 1185 2526 ἔργοις
1212 2455 1258 2510 δ’
1283 2457 1501 2529 ἀπάσης
1539 2461 1924 2534 γεγωνοτέροις

345 2543 550 2613 φωνῆς,
589 2544 670 2597 ὅτι
702 2545 860 2614 μόνον
891 2547 1080 2618 χρῆμα
1103 2548 1370 2620 ἀήττητόν
1397 2566 1456 2602 τε
1479 2549 1573 2602 καὶ
1599 2549 1920 2623 ἀνώλεθρον,

315 2635 378 2706 ,ή
434 2633 680 2708 βοωμένη
731 2637 882 2709 παρὰ
907 2640 1253 2710 Χριπιανοῖς
1292 2641 1613 2715 σωφροσύνη
1657 2643 1920 2713 πέφυκεν,

340 2730 424 2792 εἰς
452 2729 658 2794 πάντας
687 2730 1029 2802 ἀνθρώπους,
1071 2733 1197 2799 τούς
1230 2752 1289 2788 τε
1329 2733 1424 2789 νῦν
1461 2737 1617 2800 ὄντας
1656 2753 1751 2792 και
1796 2737 1922 2802 τοὺς

317 2820 641 2890 ,μετέπειτα
694 2824 1089 2895 γενησομένους
1146 2825 1422 2899 ἐξέφηνεν.
1480 2828 1625 2899 Αὕτη
1683 2841 1782 2900 μεν
1828 2825 1920 2884 οὖν

339 2912 566 2986 τοιαύτη
599 2932 682 2979 τις
715 2914 892 2989 ὤφθη.

855 3096 1248 3150 ΚΕΦΑΛΑΙΟΝ
1280 3097 1405 3150 AE'.

423 3183 744 3253 ’Arat'psmq
776 3185 968 3257 δήμου
1008 3189 1304 3258 Ῥωμαίων
1332 3188 1450 3243 ὑπὸ
1478 3189 1835 3255 Μαξεντίου.

408 3275 512 3328 Τὸν
531 3276 586 3329 δὲ
618 3279 876 3342 τοιούτοις
905 3281 1278 3352 ἐπιτολμῶντα
1309 3281 1508 3345 πάντες
1543 3281 1912 3354 ὑπεπτηχότες

336 3368 499 3440 δῆμοι
524 3370 617 3422 καὶ
641 3369 920 3442 ἄρχοντες,
955 3371 1154 3436 ἔνδοξοί
1176 3389 1235 3424 τε
1259 3372 1353 3426 καὶ
1377 3371 1572 3437 ἄδοξοι,
1599 3372 1744 3445 δεινῇ
1776 3392 1911 3428 κατ-

334 3461 624 3532 ετρύχοντο
676 3464 972 3534 τυραννίδι.
1003 3465 1112 3516 Καὶ
1155 3464 1261 3518 οὐδ’
1300 3465 1649 3536 ἠρεμούντων
1681 3466 1775 3519 καὶ
1813 3465 1912 3537 τὴν

334 3550 538 3623 πικρὰν
581 3551 851 3625 φερόντων
894 3552 1166 3616 δουλείαν,
1214 3553 1499 3626 ἀπαλλαγή
1541 3572 1622 3618 τις
1668 3554 1816 3626 ὅμως
1844 3550 1912 3626 ἦν

332 3644 433 3714 τῆς
470 3643 563 3696 τοῦ
608 3645 871 3716 τυράννου
903 3643 1150 3717 φονώσης
1196 3644 1496 3717 ὠμότητος.
1557 3646 1679 3700 Ἐπὶ
1711 3649 1914 3719 σμικρᾷ

332 3735 466 3803 γοῦν
522 3736 622 3807 ἤδη
688 3737 817 3790 ποτέ
872 3732 1187 3808 -προφάσει,
1258 3737 1349 3790 τὸν
1409 3737 1580 3808 δῆμον
1632 3739 1711 3802 εἰς
1758 3737 1914 3806 φόνον

331 3832 447 3894 τοῖς
475 3830 611 3900 ἀμφ’
644 3830 805 3883 αὐτὸν
849 3830 1169 3902 δορυφόροις
1201 3829 1432 3896 ἐξεδίδου
1461 3847 1473 3859 ·
1512 3831 1606 3884 καὶ
1645 3831 1915 3885 ἐκτείνετο

335 3922 506 3994 μυρία
538 3922 715 3994 πλήθη
759 3922 852 3974 τοῦ
897 3923 1069 3994 δήμου
1111 3923 1397 3994 Ῥωμαίων
1435 3925 1520 3976 ἐπ’
1548 3923 1710 3977 αὑτοῦ
1748 3925 1911 3995 μέσου

330 4015 426 4067 τοῦ
465 4014 707 4080 ἄστεως,
763 4015 822 4067 οὐ
858 4013 1077 4068 Σκυθῶν
1119 4015 1152 4086 ἢ
1205 4013 1530 4086 βαρϐάρων,
1580 4014 1693 4070 ἀλλ’
1738 4015 1915 4072 αὐτῶν

327 4106 438 4161 τῶν
470 4109 685 4161 οἰκείων
715 4107 900 4180 δόρασι
935 4107 1028 4161 καὶ
1061 4107 1400 4171 πανοπλίαις.
1430 4107 1812 4178 Συγκλητικῶν
1845 4127 1908 4178 γε

331 4199 440 4270 μὴν
471 4199 629 4269 φόνος
664 4201 789 4264 ὅσος
822 4201 887 4254 δι’
913 4199 1202 4274 ἐπιϐουλὴν
1229 4201 1509 4271 ἐνηργεῖτο
1539 4200 1637 4271 τῆς
1678 4199 1910 4260 ἐκάστου

329 4292 663 4363 περιουσίας,
695 4293 802 4347 οὐδ’
833 4291 1302 4364 ἐξαριθμήσασθαι
1327 4292 1568 4357 δυνατὸν,
1595 4293 1781 4347 ἄλλοτε
1816 4294 1908 4348 ἄλ-

327 4384 448 4450 λαις
489 4385 900 4456 πεπλασμέναις
927 4387 1128 4450 αἰτίαις
1163 4386 1371 4457 μυρίων
1409 4386 1832 4458 ἀναιρουμένων.

2031 1920 2130 1975 pro
2191 1904 2398 1959 foribus
2447 1904 2636 1958 adesse
2687 1902 3063 1970 comperisset,
3116 1899 3280 1971 425
3319 1909 3374 1954 et
3419 1899 3594 1957 virum

2029 2011 2186 2052 suum
2212 2007 2358 2051 metu
2395 1997 2647 2051 adactum
2678 1996 3000 2064 permisisse
3029 1994 3136 2048 illis
3169 2004 3226 2047 ut
3255 2009 3315 2046 se
3362 1992 3597 2062 prehen-

2027 2101 2141 2141 sam
2195 2087 2528 2141 abducerent
2566 2088 2718 2157 (erat
2770 2095 2947 2143 autem
3014 2085 3208 2139 mulier
3258 2083 3611 2148 Christiana),

2026 2179 2191 2233 breve
2247 2179 2502 2248 temporis
2551 2179 2783 2248 spatium
2823 2178 3042 2232 concedi
3083 2175 3185 2231 sibi
3235 2175 3495 2246 flagitavit
3527 2179 3593 2228 ad

2027 2284 2225 2339 corpus
2258 2268 2484 2324 solemni
2542 2267 2686 2322 cultu
2731 2267 3126 2322 exornandum.
3176 2265 3240 2318 Et
3286 2263 3593 2320 cubiculum

2029 2361 2291 2430 ingressa,
2325 2359 2493 2416 solam
2525 2373 2582 2414 se
2615 2358 2856 2413 relictam
2888 2356 3341 2428 videns,gladium
3383 2354 3590 2426 pectori
3640 2373 3648 2382 ·

2027 2451 2292 2506 immersit
2336 2467 2352 2515 ;
2404 2451 2698 2519 statimque
2731 2449 3065 2514 exanimata,
3115 2448 3348 2502 cadaver
3372 2448 3588 2517 quidem

2025 2541 2438 2612 perducturibus
2488 2541 2727 2611 reliquit,
2768 2539 2902 2609 ipsis
2937 2554 3068 2594 vero
3091 2538 3252 2594 factis
3287 2553 3407 2608 quas
3440 2539 3587 2593 omni

2024 2648 2158 2689 voce
2203 2631 2406 2687 clarius
2457 2641 2737 2693 resonant,
2779 2630 2992 2684 cunctis
3042 2630 3133 2699 qui
3179 2645 3320 2684 nunc
3365 2639 3494 2684 sunt
3531 2638 3592 2685 οε.

2024 2725 2113 2798 qui
2140 2726 2366 2796 posthac
2392 2735 2552 2780 erunt
2581 2725 2899 2780 mortalibus
2925 2725 3241 2789 declaravit,
3268 2725 3587 2796 pudicltiatt.

2024 2831 2192 2887 penes
2221 2816 2365 2871 solos
2406 2816 2739 2872 christianos
2772 2816 3028 2870 invictam
3059 2827 3222 2887 atque
3246 2819 3589 2890 inexpugna-

2022 2907 2205 2972 bilem,
2229 2922 2328 2962 uec
2355 2905 2515 2964 morti
2536 2905 2828 2962 obnoxiam
2855 2920 2995 2962 esse.
3027 2906 3206 2978 Atque
3229 2909 3342 2964 hate
3367 2910 3584 2980 quidem

2021 2998 2094 3055 ita
2133 3012 2190 3052 se
2214 2997 2403 3069 gessit.

2563 3092 2794 3150 CAPUT
2827 3093 3046 3152 XXXV.

2233 3183 2412 3240 Caedes
2440 3184 2620 3255 populi
2645 3184 2872 3240 Romani
2896 3187 3056 3255 jussu
3090 3184 3373 3242 Maxentii.

2093 3278 2224 3333 Eum
2257 3278 2423 3348 igitur
2457 3277 2524 3331 ad
2557 3278 2821 3348 ejusmodi
2856 3277 3098 3334 facinora
3131 3296 3255 3335 cum
3296 3282 3440 3336 omni
3487 3299 3588 3338 au-

2018 3373 2172 3428 dacia
2204 3379 2647 3442 prorumpentem
2671 3370 2852 3424 cuncti
2881 3372 3315 3439 reformidantes,
3343 3383 3448 3428 tam
3475 3379 3586 3446 ple-

2020 3463 2104 3519 bei
2130 3479 2292 3533 quam
2325 3455 2698 3530 magistratus,
2735 3469 2842 3514 tam
2885 3462 3094 3517 nobiles
3135 3479 3296 3532 quam
3343 3465 3586 3532 obscuri,

2019 3557 2346 3628 gravissima
2407 3555 2690 3627 tyrannide
2734 3557 3204 3625 opprimebantur.
3246 3558 3323 3613 Ac
3370 3559 3587 3618 tametsi

2017 3649 2200 3718 quiete
2228 3656 2468 3716 agerent,
2504 3655 2560 3702 et
2589 3648 3000 3704 acerbissimam
3033 3649 3350 3705 servitutem
3379 3653 3589 3719 patien-

2020 3750 2099 3793 ter
2128 3740 2447 3804 tolerarent,
2483 3756 2550 3796 ne
2588 3742 2669 3798 sic
2708 3752 2888 3796 tamen
2923 3745 3095 3796 vitare
3120 3749 3367 3809 poterant
3391 3756 3590 3796 cruen-

2019 3841 2128 3884 tam
2165 3831 2373 3902 tyranni
2414 3833 2783 3886 atrocitatem.
2835 3832 3077 3900 Denique
3122 3831 3354 3904 quodam
3393 3831 3480 3886 die
3510 3831 3587 3885 le-

2018 3924 2296 3977 vissimam
2333 3924 2402 3978 ob
2435 3937 2652 3978 causam
2691 3923 2944 3992 pOpqum
2974 3922 3276 3976 Romanum
3309 3921 3587 3988 prrctoria-

2020 4017 2104 4071 nis
2152 4016 2415 4072 militibus
2447 4018 2881 4071 obtruncandum
2931 4015 3157 4070 dedidit.
3185 4015 3363 4084 Atque
3397 4014 3470 4067 ita
3503 4014 3587 4067 in-

2017 4110 2373 4165 numerabilis
2405 4110 2692 4165 multitudo
2726 4107 2910 4179 populi
2941 4109 3192 4174 Romaui,
3219 4124 3322 4163 non
3353 4107 3585 4178 Scytha-

2019 4217 2136 4256 rum
2167 4217 2229 4257 ac
2267 4202 2620 4258 barbarorum
2640 4243 2654 4268 ,
2685 4205 2777 4258 sed
2805 4203 3003 4257 civium
3041 4217 3262 4256 suorum
3291 4202 3461 4256 hastis
3497 4215 3612 4255 arm

2016 4295 2230 4362 tuisque
2259 4294 2310 4347 in
2342 4294 2517 4350 media
2551 4296 2682 4349 urbe
2719 4295 2990 4350 trucidata
3027 4303 3128 4348 est.
3167 4293 3394 4369 Quanta:
3423 4307 3587 4362 porro

2014 4396 2328 4442 senatorum
2357 4387 2532 4443 caades
2553 4385 2710 4443 facta:
2731 4388 2864 4451 sint,
2892 4397 2948 4442 ut
2979 4388 3046 4448 irL
3067 4389 3206 4452 bona
3240 4386 3586 4467 uniuscujus-

327 4491 436 4543 que
481 4491 666 4531 eorum
704 4477 1072 4546 invaderetur,
1103 4481 1373 4534 numerari
1427 4481 1577 4536 nullo
1611 4483 1770 4537 modo
1813 4491 2028 4554 potest;
2059 4498 2182 4543 cum
2243 4484 2494 4553 quotidie
2547 4482 2766 4552 plurimi
2811 4481 3056 4537 confictis
3087 4481 3280 4552 ‘variis
3337 4480 3586 4542 crimini-

329 4566 432 4622 bus
454 4566 915 4624 interﬁcerentur.

821 4663 1216 4718 ΚΕΦΑΛΑΙΟΝ
1272 4667 1410 4735 Δεῖν.

460 4748 606 4821 τεῒαι
648 4751 984 4816 Μαξεντιου
1033 4757 1184 4818 κατὰ
1230 4757 1689 4815 Κωνσταντίνου
1708 4797 1723 4822 ,
1768 4758 1868 4812 καὶ

712 4822 912 4876 ἔνδεια
939 4825 1173 4895 τροφῶν
1201 4829 1272 4880 ἐν
1307 4826 1508 4896 Ῥώμῃ.

379 4912 472 4977 ,Ἠ
503 4913 562 4966 δὲ
597 4913 708 4967 τῶν
732 4913 918 4969 κακῶν
970 4915 1046 4986 τῷ
1089 4918 1336 4990 τυράννῳ
1375 4920 1604 4990 κορωνὶς
1653 4919 1745 4972 ἐπὶ
1771 4935 1901 4991 γοη-

322 5003 474 5058 τείαν
521 5005 742 5078 ἧλαυνε,
795 5011 1051 5078 μαγικαῖς
1075 5011 1340 5076 ἐπινοίαις
1369 5012 1488 5064 τοτέ
1522 5013 1621 5082 μὲν
1641 5014 1903 5082 γυναῖκας

323 5096 633 5168 ἐγκύμονας
663 5099 1044 5170 ἀνασχίζοντος
1064 5141 1079 5165 ,
1113 5103 1235 5156 τοτὲ
1266 5103 1322 5157 δὲ
1356 5104 1586 5173 νεογνῶν
1623 5104 1903 5174 σπλάγχνα

324 5184 539 5257 βρεφῶν
580 5187 1024 5260 διερευνωμένου,
1058 5190 1281 5256 λέοντάς
1317 5210 1375 5246 τε
1410 5195 1899 5264 κατασφάττοντος,

363 4751 457 4805 Ma

323 5338 623 5414 ἐνυϐρίζων
653 5343 1041 5414 αἰσχροτάτως.
1071 5354 1178 5398 etc.
1221 5345 1274 5398 in
1307 5347 1492 5401 codice
1531 5347 1665 5402 Fnk.
1710 5348 1902 5403 scribi-

325 5421 418 5489 tur:
439 5409 851 5489 διαζευγνύςγέ
874 5429 954 5468 τοι
982 5415 1090 5468 τῶν
1111 5415 1318 5489 ἀνδρῶν
1339 5418 1436 5482 τὰς
1474 5421 1755 5486 γυναῖκας,
1787 5420 1902 5483 τοῖς

209 5537 220 5543 η
321 5478 601 5550 ἀνδράσιν,
628 5478 737 5537 etc.

393 5550 508 5623 (855)
533 5552 641 5605 Kal
688 5555 883 5610 οὐκέθ’
911 5549 1038 5620 οἶός
1067 5572 1133 5609 τε
1169 5555 1267 5623 ἦν.
1309 5557 1488 5611 Prima
1533 5573 1635 5612 vox
1667 5558 1895 5613 delenda

320 5629 428 5701 est.
454 5619 558 5701 Sed
584 5626 869 5701 sequentia
899 5619 1162 5701 corrupta
1175 5619 1306 5701 sunt
1309 5629 1615 5701 aemutila,
1636 5643 1757 5701 quae
1779 5630 1896 5683 sine

321 5694 645 5756 scriptorum
677 5694 926 5748 codicum
957 5696 1201 5755 subsidio,
1225 5697 1438 5751 (liﬂicile
1463 5707 1550 5751 est
1583 5694 1892 5752 reStituere.

321 5758 507 5815 Potest
538 5771 714 5817 tamen
760 5762 859 5831 legi
881 5804 894 5829 ,
944 5764 1122 5818 οὐκέθ’
1155 5760 1265 5829 οἷός
1294 5785 1350 5820 τε
1382 5764 1448 5838 ἦν
1483 5768 1742 5839 εὐπορίαν
1774 5773 1886 5831 τοῖς

1936 4671 1984 4727 D

2541 4656 2770 4714 CAPUT
2809 4655 3049 4711 XXXVI.

2083 4757 2312 4827 Μαρτίας
2337 4765 2474 4808 artes
2501 4751 2779 4874 Maxengi,
2811 4761 2858 4805 et
2892 4750 3259 4812 alimentorum
3289 4751 3512 4818 penuria

2741 4837 2893 4874 omw.

2741 4837 2893 4875 omw.

2080 4918 2324 4974 Tandem
2348 4930 2475 4970 vero
2488 4924 2755 4986 tyrannus
2782 4911 3080 4968 sceleribus
3101 4912 3214 4967 suis
3237 4914 3387 4982 quasi
3410 4914 3582 4984 quod-

2010 5016 2131 5068 dam
2187 5011 2487 5080 fastigium,
2528 5009 2751 5078 magicm
2775 5007 2912 5062 artis
2948 5005 3254 5077 praestigias
3299 5007 3577 5076 imposuit,

2010 5118 2156 5158 nunc
2202 5103 2457 5157 mulieres
2495 5100 2749 5170 gravidas
2795 5100 3100 5165 dissecans,
3128 5113 3275 5153 nunc
3311 5098 3577 5152 infantum

2010 5208 2201 5247 recens
2233 5193 2288 5248 in
2336 5191 2508 5245 lucem
2543 5191 2814 5245 editorum
2863 5188 3070 5244 rimans
3093 5188 3346 5243 viscera:
3396 5189 3580 5244 leones

2009 5345 2229 5410 οἰκείοις
2272 5343 2644 5414 ἀσελγήμασιν
2691 5345 2942 5400 ἐπινοεῖν.
2989 5343 3111 5398 Mox
3146 5343 3316 5400 codex
3362 5341 3494 5399 Fuk.
3525 5352 3581 5396 et

2006 5419 2191 5472 Savilii
2233 5417 2395 5471 habet
2425 5415 2617 5487 θᾶττον
2648 5415 2757 5487 γὰρ
2788 5416 2906 5487 τήν,
2936 5425 3043 5487 etc.

2074 5487 2186 5558 (86)
2221 5487 2340 5552 Τὴν
2362 5481 2960 5558 ψυχὴνλθανὰτῶᾲαι,
2987 5485 3341 5558 Scribendum
3366 5481 3579 5558 videtur

2003 5552 2236 5627 θανάτῳ.
2267 5552 2560 5627 δίιῖξειὶἱηι
2590 5556 2831 5622 loquitur
2864 5557 3127 5611 Eusebius
3171 5566 3360 5627 noster
3391 5554 3443 5627 in
3477 5552 3573 5627 lib.

2000 5644 2093 5683 vtu
2129 5620 2216 5679 ubi
2250 5629 2315 5681 de
2349 5625 2621 5696 Maximini
2655 5620 2868 5696 flagitiis
2901 5631 3044 5696 agit:
3076 5627 3130 5679 αἱ
3165 5627 3221 5686 δὲ
3252 5625 3345 5696 ἐπὶ
3370 5620 3576 5696 φθορὰν

1999 5698 2304 5770 ἑλκόμεναι,
2334 5696 2525 5770 θᾶττον
2549 5695 2647 5767 τὴν
2677 5695 2856 5770 ψυχὴν
2891 5695 3123 5768 θανάτῳ,
3153 5697 3187 5770 ἣ
3231 5695 3290 5748 τὸ
3323 5696 3480 5767 σῶμα
3504 5695 3572 5768 τῇ
3631 5704 3640 5717 ‘

1997 5769 2170 5839 φθορᾷ
2193 5766 2620 5837 παραδεδώκασι,
