4132 6406
318 363 429 419 953

1412 359 1500 413 DE
1544 359 1702 413 VITA
1740 357 2209 414 CONSTANTIM
2250 358 2378 413 LIB.
2420 355 2463 411 l.

3484 355 3590 408 954

317 479 448 532 καθ’
480 477 670 533 ἑαυτοῦ
699 477 928 542 δείλαιος
960 478 1202 548 συνίστη.
1244 478 1361 548 Ἐφ’
1385 474 1429 548 ᾧ
1461 481 1552 533 καὶ
1589 475 1656 551 ἦν
1696 481 1868 532 εἰπεῖν
1893 519 1906 542 ,

2015 495 2135 548 gain
2175 485 2350 541 actus,
2393 475 2614 530 fluvium
2651 474 2752 528 sibi
2784 472 3062 540 obiectum
3096 472 3454 543 pertransiret
3487 490 3503 528 :
3532 473 3586 527 in

318 568 398 631 ὡς
437 568 543 638 ἄρα
575 587 593 619 ι
633 569 834 621 λάκκον
867 566 1040 638 ὤρυξε
1085 569 1179 621 καὶ
1211 570 1551 640 ἀνέσκαψεν,
1601 571 1696 624 καὶ
1738 574 1911 640 ἐμπε-

323 663 500 712 σεῖται
546 660 626 724 εἰς
663 659 853 731 βόθρον
889 660 947 713 ὃν
993 661 1319 732 εἰργάσατο·
1348 661 1665 733 ἐπιστρέψει
1687 664 1715 716 ὁ
1748 663 1908 730 now;

323 753 492 806 αὑτοῦ
529 755 608 816 εἰς
637 753 876 823 κεφαλὴν
918 753 1104 815 αὐτοῦ,
1142 755 1236 807 καὶ
1263 754 1354 807 ἐπὶ
1395 755 1638 825 κορυφὴν
1675 755 1838 808 αὐτοῦ
1871 757 1904 826 ἡ

322 844 507 898 ἀδικία
547 845 709 898 αὑτοῦ
750 845 1138 915 καταϐήσεται.
1175 866 1191 895 ι
1235 845 1389 900 Οὕτω
1431 846 1566 916 δῆτα
1597 847 1730 900 Θεοῦ
1789 849 1908 901 νεύ-

327 954 457 1006 ματι
483 937 590 989 τῶν
618 937 708 990 ἐπὶ
733 936 825 989 τοῦ
848 934 1151 1007 ζεύγματος
1179 937 1436 1008 μηχανῶν
1461 939 1552 992 τοῦ
1583 941 1630 992 τ’
1651 941 1708 990 ὲν
1727 940 1908 1003 αὐτοῖς

323 1028 714 1099 ἐγκρύμματος
744 1011 1147 1099 [ἅαλυϐέντος],
1180 1031 1238 1082 οὐ
1263 1031 1403 1082 κατὰ
1429 1029 1618 1098 καιρὸν
1644 1029 1735 1082 τὸν
1755 1029 1907 1083 ἐλπι-

323 1119 540 1183 σθέντα,
596 1120 840 1189 ὑφιζάνει
875 1121 973 1190 μὲν
1029 1122 1060 1192 ἡ
1103 1122 1371 1185 διάϐασις’
1414 1124 1584 1192 χωρεῖ
1620 1121 1664 1173 δ’
1695 1121 1906 1192 ἀθρόως

321 1209 594 1280 αὔτανδρα
651 1209 790 1262 κατὰ
820 1209 910 1262 τοῦ
959 1209 1122 1280 βυΟοῦ
1160 1212 1227 1262 τὰ
1258 1212 1460 1280 σκάᾳη.
1500 1211 1609 1264 Καὶ
1647 1212 1812 1274 αὐτός
1841 1227 1905 1279 γε

923 1280 939 1300 θ

318 1302 537 1372 πρῶτος
571 1302 598 1353 ὁ
632 1301 892 1363 δείλαιος,
927 1298 1046 1355 εἶτα
1101 1303 1158 1355 δὲ
1187 1303 1279 1356 καὶ
1314 1304 1362 1356 οἱ
1427 1303 1564 1372 ἀμφ’
1606 1302 1767 1356 αὑτὸν
1798 1303 1903 1355 ὑπ·-

317 1395 581 1446 ασπισταί
612 1411 667 1446 τε
719 1394 812 1446 καὶ
833 1393 1143 1465 δορυφόροι,
1271 1394 1339 1447 τὰ
1388 1394 1504 1447 θεῖα
1525 1393 1903 1466 προανεερώνει

314 1483 497 1552 λόγια,
539 1485 732 1537 ἔδυσαν
764 1484 897 1536 ὡσεὶ
933 1485 1188 1555 μόλυϐδος
1210 1487 1268 1539 ὲν
1300 1485 1450 1538 ὕδατι
1481 1486 1714 1557 σφοδρῷ.
1751 1487 1902 1539 ’Ὡστ’

315 1576 547 1639 εἰκότως
579 1575 664 1638 ἂν,
702 1578 749 1629 εἰ
776 1577 870 1629 καλ⁸
907 1578 979 1647 μὴ
1014 1577 1213 1644 λόγοις,
1255 1577 1436 1646 ἔργοις
1472 1577 1514 1629 δ’
1545 1573 1638 1630 οὖν
1677 1577 1899 1647 ὁμοίως,

313 1667 431 1725 τοῖς
465 1665 606 1734 ἀμφὶ
634 1664 723 1716 τὸν
761 1666 932 1737 μέγαν
962 1666 1265 1739 Θεράποντα
1298 1667 1554 1732 Μωῦσέα,
1585 1669 1712 1731 τοὺς
1752 1668 1902 1738 παρὰ

314 1755 453 1807 Θεοῦ
485 1756 583 1826 τὴν
632 1758 788 1824 νίκην
835 1759 1172 1829 ἀραμένους,
1207 1759 1346 1812 αὐτὰ
1393 1759 1455 1831 δὴ
1508 1761 1575 1813 τὰ
1621 1760 1762 1813 κατὰ
1801 1759 1900 1812 τοῦ

2012 581 2142 636 quo,
2175 576 2338 635 ponte
2378 579 2442 618 ex
2468 564 2686 630 scaphis
2731 562 3044 616 ﬁrmissime
3068 562 3448 624 contabulato,
3476 562 3588 628 ipse

2012 657 2315 710 machinam
2349 653 2638 724 quamdam
2673 653 2723 705 in
2751 667 2904 705 suam
2936 650 3108 718 ipsius
3131 653 3427 719 perniciem
3459 667 3588 706 con-

2009 754 2303 805 struxerat,
2343 744 2451 798 Deo
2479 743 2734 797 dilecunn
2765 743 3063 811 principem
3107 743 3416 809 huiusmodi
3465 741 3589 796 dolo

2011 838 2374 905 interceptum
2406 837 2470 888 iri
2507 849 2758 902 sperans.
2799 835 2994 887 Verum
3035 833 3160 886 huic
3190 834 3408 898 quidem
3445 833 3586 887 Deus

2009 947 2165 1000 quem
2202 932 2435 996 colebat,
2468 930 2672 984 auxilio
2705 929 2896 984 adl'uit.
2932 933 2997 982 At
3025 930 3222 992 impius
3253 930 3365 993 ille,
3403 928 3587 983 occul-

2009 1032 2093 1077 tas
2135 1024 2416 1077 machinas
2453 1025 2504 1074 in
2530 1039 2687 1074 suum
2724 1021 2890 1087 ipsius
2923 1033 3078 1088 caput
3114 1022 3277 1074 miser
3298 1037 3586 1088 compara-

2009 1117 2101 1168 vit.
2139 1115 2370 1167 Proinde
2405 1123 2457 1166 et
2492 1115 2592 1166 hoc
2629 1114 2824 1165 merito
2864 1112 2969 1164 dici
3005 1112 3178 1180 potuit
3210 1129 3224 1165 :
3265 1130 3284 1163 ι
3327 1111 3584 1165 Serobetn

2008 1205 2220 1273 aperuit
2255 1215 2420 1274 atque
2450 1203 2659 1267 ell‘odit,
2693 1212 2740 1254 et
2781 1203 2830 1254 in
2865 1201 3076 1254 foveam
3111 1217 3274 1268 quam
3310 1199 3437 1252 fecit
3473 1199 3586 1267 ipse

2009 1298 2226 1352 incidet.
2252 1297 2614 1351 Convertetur
2642 1294 2795 1348 labor
2820 1293 2934 1359 ejus
2976 1293 3026 1345 in
3091 1293 3370 1361 proprium
3407 1292 3577 1360 ipsius

2006 1402 2187 1456 Caput,
2235 1398 2288 1440 et
2339 1387 2390 1440 in
2441 1387 2697 1440 verticem
2755 1385 2925 1454 ipsius
2989 1383 3252 1450 injustitia
3295 1384 3410 1453 ejus
3455 1385 3587 1437 reci-

2007 1483 2096 1535 det
2117 1482 2159 1534 ’.
2184 1499 2202 1532 ι
2237 1480 2328 1534 Sic
2358 1480 2521 1548 igitur
2553 1479 2821 1532 machinis
2852 1493 2970 1547 qua:
2997 1479 3048 1530 in
3079 1489 3240 1546 ponte
3259 1486 3585 1531 constructa:

2011 1573 2220 1626 fuerant
2254 1588 2378 1626 cum
2407 1571 2620 1624 occulta
2655 1570 2901 1637 decipula
2935 1580 3181 1638 tempore
3212 1569 3433 1622 minime
3464 1583 3587 1636 spe-

2007 1676 2125 1720 rato
2155 1665 2454 1729 dissolutis,
2483 1664 2750 1718 transitus
2798 1663 3019 1731 quidem
3059 1664 3342 1718 subsidere
3373 1664 3534 1732 cmpit
3566 1681 3581 1721 :

2005 1758 2220 1827 navigia
2267 1772 2395 1810 vero
2447 1755 2605 1808 simul
2656 1769 2780 1808 cum
2836 1755 2968 1824 ipsis
3003 1755 3318 1808 hominibus
3366 1768 3586 1822 repente

315 1847 486 1900 πάλαι
533 1848 827 1912 δυσσεϐοῦς
865 1851 1129 1920 τυράννου
1174 1845 1274 1905 ὧδέ
1321 1869 1437 1914 πως
1495 1853 1751 1922 ἀνυμνεῖν
1806 1853 1900 1905 καὶ

2009 1850 2356 1918 pessumiere.
2386 1847 2452 1901 Et
2481 1847 2670 1900 infelix
2707 1847 2798 1900 ille
2836 1846 3077 1900 omnium
3117 1849 3342 1915 primus,
3384 1849 3580 1902 deinde

314 1937 525 2006 λέγειν·
566 1958 582 1989 ι
630 1939 884 2011 ’ᾼσωμεν
918 1940 996 2010 τῷ
1041 1941 1251 2014 Κυρίῳθ
1294 1940 1517 2006 ἐνδόξως
1551 1942 1658 2013 γὰρ
1684 1942 1900 2008 δεδάξω

316 2047 472 2084 σται·
529 2031 693 2083 ἵππον
742 2031 834 2084 καὶ
884 2032 1159 2103 ἁνασάτην
1191 2033 1412 2104 ἔρριψεν
1466 2036 1545 2097 εἰς
1587 2034 1899 2099 θάλασσαν,

317 2122 513 2193 βοηθὸς
551 2125 642 2176 καὶ
679 2123 989 2196 σκεπαστὴς
1027 2125 1242 2193 ἐγένετό
1274 2143 1361 2196 μοι
1395 2128 1473 2190 εἰς
1520 2126 1796 2196 σωτηρὶαν
1818 2143 1831 2156 '
1866 2145 1884 2177 ι

315 2215 442 2269 καῖ’
469 2236 485 2267 ι
513 2215 608 2279 Τίς
631 2218 815 2287 ὅμοιός
838 2235 916 2270 σοι
948 2220 1002 2270 ἐν
1037 2217 1179 2281 Θεοῖς
1199 2258 1214 2278 .
1241 2219 1433 2289 Κύριε,
1465 2221 1546 2282 τίς
1579 2221 1761 2290 ὅμοιός
1788 2236 1903 2287 σοις

313 2308 703 2380 δεδοξασμένος
735 2312 790 2362 ὲν
833 2311 1029 2380 ἁγίοις,
1065 2311 1374 2383 θαυμαστὸς
1403 2315 1458 2365 ἐν
1497 2313 1694 2380 δόξαις,
1737 2312 1903 2366 ποιῶν

314 2401 540 2473 τέρατα.
576 2421 594 2454 ι

2007 1941 2184 1997 cuncti
2208 1955 2347 2009 quos
2371 1939 2513 1994 circa
2545 1954 2605 1993 se
2638 1939 2870 1992 habebat
2906 1948 3246 2007 protectores
3273 1953 3332 1992 ac
3360 1940 3588 2007 stipato-

2008 2050 2114 2096 res,
2144 2033 2286 2087 sicut
2317 2033 2498 2086 divina
2535 2033 2904 2100 prmdixerunt
2930 2032 3180 2093 oracula,
3213 2035 3386 2085 instar
3412 2033 3588 2101 plum-

2008 2125 2120 2178 bea:
2163 2139 2349 2176 massze
2374 2123 2428 2176 in
2463 2123 2789 2176 altissimum
2827 2123 3097 2192 gurgitem
3129 2123 3400 2179 cecidere.
3431 2125 3582 2179 Adeo

2005 2228 2064 2271 ut
2119 2216 2319 2270 milites
2357 2216 2447 2284 qui
2493 2225 2622 2270 tunc
2662 2231 2763 2286 ope
2794 2217 2961 2270 divini
3019 2218 3255 2271 numinis
3301 2219 3584 2274 victoriam

2006 2309 2186 2376 adepti
2219 2316 2364 2370 sunt.
2397 2309 2623 2378 perinde
2652 2325 2714 2365 ac
2745 2309 2874 2364 olim
2914 2311 3174 2363 Israelita:
3201 2327 3336 2379 quos
3362 2329 3588 2379 magnus

2008 2401 2095 2454 ille
2134 2401 2222 2454 Dei
2253 2399 2491 2455 latitulus
2525 2400 2700 2456 Moses
2731 2405 2982 2466 ducebat,
3013 2405 3209 2456 merito
3243 2407 3287 2457 si
3321 2419 3426 2457 non
3459 2419 3586 2458 ver-

315 2493 422 2559 bis,
479 2495 667 2548 saltem
719 2496 881 2550 rebus
932 2495 1066 2564 ipsis
1112 2497 1299 2550 eadem
1350 2513 1469 2565 qute
1503 2497 1578 2552 illi
1629 2497 1900 2566 quomlam
1928 2495 2186 2548 adversus
2235 2492 2457 2561 impium
2506 2493 2654 2546 illum
2695 2493 3030 2548 Pharaonem
3075 2496 3345 2548 cantaturi
3389 2495 3589 2550 fuerint

315 2587 368 2641 in
409 2588 551 2642 hunc
605 2589 819 2641 modum
856 2606 868 2642 :
905 2607 923 2640 ι
959 2588 1255 2645 Cantemus
1311 2590 1540 2645 Domino
1570 2609 1584 2646 :
1617 2591 1900 2660 magnilice
1929 2587 2070 2641 enim
2098 2584 2435 2655 gloriﬁcatus
2480 2596 2584 2639 est.
2614 2586 2822 2656 Equum
2874 2597 2928 2639 et
2975 2601 3317 2640 ascensorem
3355 2587 3591 2655 proiecit

314 2680 369 2736 in
406 2696 576 2734 mare.
618 2681 844 2748 Atljulor
906 2692 961 2736 et
1017 2693 1293 2752 protector
1359 2685 1534 2739 lactus
1579 2695 1660 2738 est
1722 2683 1849 2737 mihi
1892 2681 1958 2734 ad
1991 2678 2219 2732 salutem
2251 2676 2303 2728 ⁸.
2332 2697 2351 2728 ι
2388 2677 2453 2731 Ει
2521 2678 2715 2732 iterum
2757 2696 2770 2731 :

2813 2696 2833 2729 ι
2879 2677 3012 2745 Quis
3068 2677 3260 2730 similis
3307 2678 3399 2730 tibi
3450 2679 3590 2734 inter

313 2774 468 2837 deos,
526 2773 774 2840 Domine,
827 2775 949 2841 quis
996 2775 1194 2828 similis
1236 2777 1373 2830 tibi?
1428 2777 1777 2833 Glorilicatus
1807 2779 1860 2832 in
1891 2773 2114 2840 sanctis,
2143 2771 2484 2826 admirabilis
2512 2772 2564 2825 in
2608 2772 2802 2839 gloria,
2833 2773 3040 2825 laciens
3068 2771 3312 2841 prodigia
3340 2771 3386 2825 ⁵.
3411 2790 3432 2825 ι

826 2866 1221 2922 ΚΕΦΛΛΑΙυΝ
1261 2869 1382 2924 ΛΘ’.

556 2952 814 3019 Εϊσοδος
847 2955 916 3006 ἐν
950 2954 1142 3024 Ῥώμῃ
1181 2958 1664 3012 Κωνσταντίνου.

385 3045 571 3098 Ταῦτά
597 3063 654 3098 τε
685 3046 779 3098 καὶ
801 3047 902 3098 ὅσα
932 3047 1141 3110 τούτοις
1161 3048 1366 3118 ἀδελφὰ
1396 3051 1804 3112 Κωνσταντῖνος
1827 3047 1905 3119 τῷ
1932 3056 1974 3114 C

315 3137 656 3208 πανηγεμόνι
689 3139 782 3190 καὶ
808 3137 907 3207 τῆς
932 3139 1088 3211 νίκης
1119 3141 1298 3210 αἰτίῳ,
1329 3141 1470 3194 κατὰ
1497 3141 1684 3212 καιρὸν
1706 3141 1908 3211 ὁμοίως

312 3230 394 3300 τῷ
434 3231 654 3300 μεγάλῳ
685 3230 974 3301 θεράποντι
997 3231 1180 3302 ἔργοις
1209 3234 1392 3298 αὐτοῖς
1423 3235 1762 3305 ἀνυμνήσας,
1790 3234 1906 3302 μετ’

314 3323 596 3378 ἐπινικίων
679 3322 990 3392 εἰσήλαυνεν
1025 3327 1117 3379 ἐπὶ
1149 3326 1246 3398 τὴν
1295 3326 1682 3397 βασιλεύουσαν
1731 3326 1907 3378 πόλιν.

315 3412 524 3476 Πάντες
561 3413 605 3466 δ’
639 3412 844 3482 ἀθῴους
921 3415 1107 3479 αὑτὸν,
1151 3417 1204 3468 οἵ
1236 3417 1282 3468 τ’
1309 3415 1416 3469 ἀπὸ
1460 3416 1556 3486 τῆς
1605 3416 1908 3487 συγκλήτου

319 3502 534 3580 βουλῆς,
557 3505 609 3557 οἵ
634 3506 681 3558 τ’
704 3506 876 3570 ἄλλως
928 3509 1204 3574 ἐπιφανεῖς
1230 3508 1323 3560 καὶ
1349 3507 1604 3580 διὰσημοι
1634 3507 1740 3559 τῶν
1764 3507 1906 3578 τῇδε,

318 3593 508 3666 ὥσπερ
546 3595 603 3661 ἐξ
644 3598 887 3668 εἱργμῶν
931 3598 1385 3667 ἠλευθερωμένοι,
1427 3599 1520 3650 σὺν
1559 3599 1720 3650 παντὶ
1751 3597 1908 3668 δήμῳ

331 3686 637 3758 ,Ρωμαίων,
678 3692 922 3762 φαιδροῖς
971 3693 1234 3764 ὄμμασιν,
1273 3694 1460 3755 αὑταῖς
1510 3690 1732 3769 ψυχαῖς,
1794 3694 1908 3762 μετ’

320 3781 603 3850 εὐφημιῶν
632 3784 726 3835 καὶ
764 3784 1044 3855 ἀπλήστου
1083 3786 1258 3864 χαρᾶς
1292 3784 1616 3854 ὑπεδέχοντο
1637 3802 1648 3814 ο
1690 3784 1826 3854 ὁμοῦ
1860 3785 1906 3836 τ’

323 3872 514 3944 ἄνδρες
555 3876 670 3945 ἅμα
718 3877 933 3945 γυναιξὶ
966 3879 1061 3931 καὶ
1105 3878 1262 3931 παισὶ
1311 3877 1404 3929 καὶ
1436 3875 1660 3928 οἰκετῶν
1697 3875 1910 3944 μυρίοις

323 3963 578 4036 πλήθεσι,
615 3965 895 4038 λυτρωτὴν
921 3969 1102 4033 αὑτὸν,
1137 3967 1366 4038 σωτῆρά
1394 3984 1452 4019 τε
1482 3967 1575 4020 καὶ
1614 3967 1908 4036 εὐεργέτην

325 4057 475 4124 βοαῖς
502 4058 750 4126 ἀσχέτοις
776 4058 1106 4128 ἐπεφώνουν.
1143 4060 1201 4112 Ὀ
1231 4060 1274 4112 δ’
1297 4059 1544 4130 ἔμφυτον
1583 4059 1680 4128 τὴν
1713 4061 1791 4121 εἰς
1819 4059 1910 4112 τὸν

323 4147 455 4200 θεὸν
509 4150 792 4204 εὐσέϐειαν
846 4152 1205 4223 κεκτημένος,
1276 4154 1400 4224 μήτ’
1441 4153 1532 4204 ἐπὶ
1587 4154 1707 4214 ταῖς
1759 4152 1910 4222 βοαῖς

327 4239 708 4310 χαυνούμενος,
743 4244 868 4314 μήτ’
900 4243 1264 4314 ἐπαιρόμενος
1293 4245 1403 4305 τοῖς
1441 4241 1701 4306 ἐπαίνοις,
1739 4242 1837 4312 τῆς
1863 4241 1908 4294 δ’

324 4332 387 4383 ὲκ
425 4330 560 4384 Θεοῦ
593 4334 998 4406 συνῃσθημένος
1029 4334 1299 4404 βοηθείας,
1351 4334 1764 4404 εὐχαριστήριον
1799 4336 1908 4387 ἀπ-

324 4424 495 4477 εδίδου
519 4427 862 4498 παραχρῆμα
891 4429 1055 4500 εὐχὴν
1082 4427 1160 4498 τῷ
1189 4428 1289 4497 τῆς
1323 4427 1480 4497 νίκης
1512 4427 1690 4498 αιτίῳ.

2538 2862 2771 2919 CAPUT
2809 2861 3049 2916 XXXIX.

2183 2953 2460 3026 Ingressus
2495 2955 2828 3008 Constantini
2858 2956 2912 3009 in
2949 2956 3127 3008 urbem
3163 2954 3404 3011 Romam.

2082 3049 2208 3104 llaec
2233 3060 2286 3102 et
2318 3049 2422 3102 alia
2458 3049 2649 3102 horum
2675 3063 2932 3118 germana
2962 3062 3082 3100 cum
3108 3047 3498 3101 Constantinus
3519 3061 3586 3102 co

2013 3152 2254 3209 tempore
2306 3157 2560 3211 magnum
2620 3140 2713 3194 Dei
2760 3139 3020 3192 famulum
3064 3138 3262 3194 Mosem
3321 3139 3587 3205 imitatus,

2011 3234 2063 3287 in
2099 3234 2312 3288 laudem
2362 3232 2458 3286 Dei
2503 3233 2890 3286 universorum
2941 3231 3205 3299 principis
3243 3239 3297 3284 et
3349 3231 3590 3285 victoria:

2010 3329 2248 3382 auctoris
2283 3327 2438 3381 lactis
2471 3326 2602 3394 ipsis
2636 3325 2948 3388 cecinisset,
2983 3323 3212 3377 llotnam
3248 3325 3591 3394 triumphans

2012 3421 2288 3490 ingressus
2335 3430 2438 3474 est.
2496 3418 2806 3488 Omnesque
2855 3420 3064 3488 pariter
3121 3428 3230 3470 tam
3279 3432 3343 3471 ex
3399 3427 3589 3472 senatu

2009 3525 2168 3580 quam
2194 3526 2259 3563 ex
2299 3511 2542 3578 equestri
2578 3512 2796 3572 ordine,
2835 3519 3092 3579 tanquam
3141 3512 3386 3562 carceris
3412 3517 3593 3563 custo-

2009 3603 2095 3654 dia
2131 3601 2380 3666 liberati,
2435 3617 2558 3654 cum
2616 3603 2872 3654 universo
2921 3600 3118 3669 populo
3173 3601 3436 3661 Romano,
3471 3597 3592 3652 la'to

2013 3694 2158 3746 vultu
2201 3683 2511 3762 ‘faustisque
2555 3693 3047 3746 acclamationibus
3094 3709 3217 3747 cum
3279 3692 3590 3761 inexplebili

2010 3786 2206 3854 gaudio
2227 3801 2292 3840 ex
2326 3787 2518 3838 intimo
2544 3785 2847 3839 animorum
2877 3784 3046 3857 428
3068 3785 3259 3839 allecto
3292 3800 3412 3839 eum
3434 3799 3596 3839 exeo-

2011 3891 2159 3946 pere.
2203 3877 2266 3930 Et
2302 3879 2483 3931 cuncti
2512 3888 2618 3930 tam
2645 3876 2747 3930 viri
2781 3893 2944 3945 quam
2973 3878 3229 3930 mulieres
3259 3892 3380 3930 cum
3405 3875 3593 3930 liberis

2010 3979 2064 4022 et
2106 3968 2318 4023 inlinita
2368 3969 2698 4022 famulorum
2744 3969 3115 4033 multitudine,
3147 3968 3298 4021 illum
3336 3968 3595 4021 liberato-

2011 4076 2148 4135 rem,
2186 4072 2520 4115 servatorem
2566 4076 2630 4114 ac
2659 4061 2924 4114 bonorum
2954 4064 3260 4120 auctorem,
3290 4061 3592 4117 incredibili

2011 4153 2254 4207 clamore
2285 4169 2445 4220 quem
2493 4170 2652 4208 nemo
2692 4154 2958 4209 cohibere
2990 4163 3201 4222 poterat
3228 4155 3588 4224 appellabant.

2013 4245 2208 4299 Verum
2236 4247 2326 4300 ille
2341 4247 2594 4314 pietatem
2613 4249 2664 4301 in
2692 4248 2858 4302 Deum
2879 4247 3036 4316 quasi
3062 4248 3277 4301 insitam
3307 4248 3406 4302 sibi
3432 4259 3594 4318 atque

2013 4337 2256 4392 innatam
2309 4355 2527 4408 gerens,
2580 4356 2678 4395 nec
2734 4339 3040 4410 huiusmodi
3082 4340 3590 4405 acclamationilnis,

1943 4422 1984 4476 Ι)
2019 4445 2119 4484 nec
2148 4430 2398 4484 laudibus
2419 4432 2595 4485 elatus
2623 4443 2731 4486 est.
2771 4435 2876 4487 Sed
2906 4449 3028 4487 cum
3059 4433 3153 4485 Dei
3197 4433 3459 4485 auxilium
3491 4432 3594 4486 sibi

325 4523 566 4578 adluisse
595 4526 778 4598 probe
836 4525 1184 4594 intelligeret,
1221 4525 1364 4579 illico
1398 4527 1636 4580 victoria:
1683 4527 1892 4581 auctori
1926 4528 2222 4598 gratiarum
2266 4529 2534 4583 actionem
2570 4530 2796 4598 supplex
2835 4531 3097 4602 rependit.

857 4641 1251 4693 ΚΕΦΑΛΑΙΟΝ
1293 4641 1378 4692 Μ’.

326 4733 464 4800 Περὶ
495 4733 848 4802 ἀνδριάντος
865 4734 1074 4818 ιιρτοῇ,
1108 4733 1374 4811 oramper
1400 4733 1783 4801 κατέχοντος,
1813 4733 1914 4787 καὶ

616 4827 623 4836 ι
860 4821 970 4872 της
998 4819 1254 4873 επιτραρ
1267 4822 1356 4870 ης.

395 4897 587 4968 Γραφῇ
608 4913 666 4948 τε
698 4897 907 4970 μεγάλῃ
945 4897 1051 4966 (89)
1081 4897 1176 4948 καὶ
1201 4895 1442 4967 στήλαις,
1485 4895 1686 4949 ἅπασιν
1708 4895 1914 4968 ἀνθρώ-

327 5004 449 5050 ποις
495 4986 555 5039 τὸ
595 4989 860 5058 σωτήριον
906 4987 1305 5059 ἀνεκηρύττετο
1347 4989 1592 5056 σημεῖον,
1641 4987 1783 5062 μέσῃ
1839 4990 1906 5064 τῇ

327 5079 684 5151 βασιλευούσῃ
719 5080 870 5133 πόλει
923 5080 1069 5150 μέγα
1105 5081 1366 5152 τρόπαιον
1402 5080 1553 5134 τουτί
1605 5080 1748 5133 κατὰ
1801 5081 1908 5136 τῶν

327 5171 598 5242 πολεμίων
625 5172 864 5243 ἐγείρας,
893 5171 1187 5245 διαρρήδην
1232 5174 1343 5244 (90)
1391 5190 1451 5225 τε
1503 5171 1907 5236 ἀνεξαλείπτοις

396 5293 418 5326 ³
447 5292 591 5348 Psal.
615 5310 712 5357 vn,
735 5295 822 5362 16,
852 5297 940 5350 17.
1014 5297 1034 5328 ³
1066 5296 1232 5351 Exod.
1267 5311 1354 5362 xv,
1384 5297 1434 5360 l,
1468 5297 1523 5350 2.
1601 5296 1621 5326 ⁸
1649 5297 1776 5353 ihid.
1809 5297 1900 5352 ll.

326 5429 515 5476 manu.
543 5414 747 5470 Odonis
780 5415 992 5470 scilicet
1026 5417 1288 5473 Turnebi.
1328 5419 1462 5472 Nam
1502 5417 1777 5472 Adrianus
1809 5433 1901 5474 vo-

325 5499 446 5558 cem
478 5485 604 5539 ἄνευ
645 5498 700 5539 ut
736 5489 1065 5558 superﬂuant
1095 5500 1456 5558 expunxerat.

400 5557 515 5625 (89)
563 5555 774 5626 Γραφῇ
823 5574 888 5610 τε
938 5555 1195 5628 μεγάλῃ.
1254 5562 1306 5614 In
1356 5559 1689 5629 Panegyrico
1738 5559 1906 5612 Euse-

329 5627 400 5693 bij
456 5629 523 5700 de
581 5630 975 5682 tricennalibns
1021 5627 1360 5683 Constantini
1419 5627 1613 5699 legitur
1635 5630 1803 5700 -φωνῇ
1847 5647 1907 5682 τε

332 5696 566 5767 μεγάλῃ,
619 5699 761 5765 quod
807 5700 1059 5766 equidem
1103 5696 1497 5768 praeferendum
1538 5696 1687 5768 puto.
1740 5696 1910 5753 l’orro

329 5768 396 5822 ab
431 5769 513 5822 his
551 5770 726 5823 verbis
764 5783 887 5822 novt
920 5769 1115 5838 capitis
1159 5771 1481 5837 sectionem,
1519 5769 1790 5834 inchoavi,
1820 5783 1906 5824 se-

2608 4642 2838 4698 CAI‘UT
2882 4641 2994 4696 XL.

2089 4733 2166 4788 De
2195 4733 2535 4789 Constantini
2559 4745 2738 4816 statua
2767 4753 2973 4816 erucem
3000 4745 3226 4800 tenente,
3245 4746 3290 4788 et
3319 4735 3382 4789 de
3413 4737 3527 4805 ejus

2620 4808 2984 4874 inscriptione.

2088 4897 2155 4951 Et
2185 4897 2330 4952 clara
2360 4913 2494 4953 voce
2532 4914 2598 4952 ac
2633 4898 2909 4951 titulorum
2945 4899 3413 4970 inscriptionibus.
3444 4899 3600 4954 salu-

2021 4996 2138 5044 tare
2187 4990 2398 5060 signum
2449 4991 2665 5045 cunctis
2718 4991 3032 5044 hominibus
3067 4992 3416 5044 :mnuntiavit
3449 5009 3462 5045 :
3497 4991 3600 5046 hoc

2019 5093 2223 5154 tropaeo
2249 5088 2301 5138 iu
2329 5086 2507 5140 medio
2529 5087 2680 5140 urbis
2712 5086 2874 5154 regia:
2900 5087 3160 5139 adversus
3187 5087 3372 5140 hostes
3393 5098 3598 5152 erecto,

2015 5187 2180 5246 atque
2213 5178 2317 5232 hoc
2344 5179 2569 5233 salutari
2623 5181 2778 5250 signo
2822 5177 2968 5247 quod
3005 5179 3214 5254 imperii
3267 5178 3497 5232 lioniani
3533 5193 3599 5234 ac

2018 5427 2182 5473 cutus
2226 5415 2610 5470 auctoritatem
2644 5412 2846 5468 codicis
2887 5410 3038 5480 Regii
3071 5449 3086 5474 ,
3121 5421 3175 5464 et
3209 5407 3342 5462 Fuk.
3396 5406 3592 5476 quibus

2022 5487 2373 5542 consentiunt
2403 5487 2616 5538 scheda:
2654 5509 2666 5529 κ
2683 5497 2882 5536 eten-s.

2080 5558 2193 5626 (90)
2230 5555 2410 5623 Vttlg.,
2441 5553 2771 5626 διαῤῥήδιιιν
2799 5552 2895 5626 δέ,
2937 5552 3153 5626 Rectius
3183 5546 3598 5626 in_Panegyri_co

2019 5618 2216 5697 legitur
2248 5618 2549 5698 διαρρήδην
2571 5618 2810 5698 estote.
2852 5624 2968 5698 Mss
3010 5623 3145 5698 codd
3231 5618 3364 5694 Fuk.
3406 5620 3598 5698 entia-

2021 5688 2132 5749 \iiti
2171 5688 2396 5752 verbuiti
2433 5688 2635 5751 addunt
2677 5696 2778 5750 huc
2819 5695 3016 5748 modo:
3057 5691 3426 5760 φυλακτήριον
3462 5688 3601 5742 ἀπο*

2019 5767 2272 5838 δέδειχεν.
