4132 6406
627 320 734 378 955

1312 323 1593 381 EUSEBII
1633 321 2112 379 CA'ISARIENSIS
2148 320 2298 378 OPP.
2338 319 2519 376 PARS
2557 321 2602 374 l.-
2635 350 2705 362 -——
2742 316 3134 374 HISTOBICA.

3785 322 3886 377 956

625 442 794 496 tctius
849 440 996 495 orbis
1031 442 1340 510 prmsidinm
1380 452 1488 507 est,
1524 441 1830 496 litterarum
1863 441 2004 496 notis
2058 457 2161 496 nun

2264 478 2275 499 ,
2303 436 2612 509 ἐγχαράξας
2634 435 2844 500 τύποις,
2872 434 3136 506 σωτήριον
3168 434 3319 488 τουτὶ
3352 436 3575 506 σημεῖον
3608 434 3716 506 τῆς
3757 435 3888 488 Ῥω-

621 546 785 600 quam
819 531 1121 586 interituris
1155 533 1345 591 inciso.
1395 533 1588 588 Statim
1618 548 1747 605 ergo
1776 535 2058 589 sublimem
2091 533 2192 588 ba-

618 633 756 680 stam
788 624 840 678 in
876 624 1091 679 modum
1123 626 1324 689 crucis,
1355 627 1456 681 sub
1500 643 1716 681 manum
1759 635 1950 682 statuae
1977 642 2087 682 suae
2135 627 2188 682 in

617 715 973 770 celeberrimo
1011 717 1161 770 urbis
1218 715 1334 770 loco
1379 718 1505 788 poni
1547 717 1732 786 jussit,
1782 727 1837 772 et
1884 715 2187 786 huiusmodi

621 806 1030 877 inscriptionem
1058 807 1251 862 Latino
1274 822 1528 862 sermone
1556 807 1781 875 subjici:
1815 807 1929 863 Hoc
1958 808 2187 862 salutari

617 897 766 966 signo
807 898 946 968 quod
981 915 1114 959 verte
1167 899 1373 953 virtutis
1417 909 1788 967 argumentum
1833 911 1933 963 est,
1961 909 2186 954 vestram

618 989 796 1041 urbem
815 991 1104 1057 lyrannicw
1133 988 1511 1041 dominationis
1522 987 1652 1058 jugo
1674 987 1946 1042 liberatam
1966 990 2191 1044 servavi:

618 1077 839 1132 Senatui
865 1079 1158 1148 populoque
1183 1077 1422 1132 Romano
1441 1079 1495 1131 in
1511 1077 1801 1131 libertatem
1824 1087 2023 1132 asserto
2042 1078 2185 1148 pris-

619 1171 788 1221 tinum
822 1169 979 1222 decus
1001 1168 1291 1222 nobilitatis
1316 1168 1745 1237 splendoremque
1776 1167 2001 1224 restitui.

2300 530 2478 601 μαίων
2512 530 2686 601 ἀρχῆς
2716 529 2808 582 καὶ
2855 527 2957 598 τῆς
3000 525 3226 580 καθόλου
3278 526 3551 597 βασιλείας
3600 527 3890 599 φυλακτή-

2301 637 2434 692 ριον.
2469 619 2676 672 Αὐτίκα
2729 617 2772 670 δ’
2807 612 2898 670 οὖν
2933 617 3133 686 ὑψηλὸν
3173 616 3298 688 δόρυ
3349 617 3586 689 σταυροῦ
3642 619 3886 688 σχήματι

2295 687 2400 766 ιθπὸ
2430 713 2586 783 χεῖρα
2608 711 2743 775 ἰδίας
2764 712 2973 773 εἰκόνος
2989 712 3045 763 ὲν
3073 687 3345 780 ἀνδριάντι
3375 687 3883 782 κατειργασμένης,

2291 802 2400 855 τῶν
2432 803 2524 855 ἐπὶ
2565 802 2781 874 Ῥώμης
2823 801 3326 874 δεδημοσιευμένων
3361 804 3417 854 ὲν
3448 802 3602 871 τόπῳ
3649 803 3888 872 στήσαν-

2292 912 2411 958 τας,
2458 895 2626 967 αὐτὴν
2672 895 2734 966 δὴ
2765 896 2966 966 ταύτην
3005 893 3101 964 τὴν
3137 892 3375 965 γραφὴν,
3424 896 3676 965 ῥήμασιν
3725 894 3885 964 ἐγχα-

2297 987 2453 1058 ράξαι
2495 990 2566 1058 τῇ
2613 987 2898 1058 Ῥωμαίων
2943 983 3289 1054 ὲγκελεύεται
3338 988 3521 1055 φωνῇ·
3572 985 3781 1047 Τούτῳ
3807 983 3884 1050 τῷ

2293 1078 2650 1147 σωτηριώδει
2689 1079 2933 1148 σημείῳ,
2983 1076 3062 1143 τῷ
3107 1075 3322 1143 ἀληθεῖ
3346 1076 3578 1149 ἐλέγχῳ
3629 1075 3753 1143 τῆς
3779 1075 3882 1133 ἀνκ

2291 1169 2484 1239 ὁρίας,
2522 1169 2636 1238 τὴν
2660 1171 2841 1223 πόλιν
2877 1168 3045 1238 ὑμῶν
3069 1167 3246 1238 ζυγοῦ
3277 1167 3645 1235 τυραννικοῦ
3669 1167 3879 1220 διασω-

616 1261 826 1316 θεῖσαν
849 1263 1263 1330 ἠλευθέρωσα·
1290 1263 1378 1316 ἔτι
1401 1261 1529 1331 μὴν
1565 1262 1661 1316 καὶ
1727 1262 1842 1330 τὴν
1885 1264 2234 1334 σύγκλητον
2283 1266 2382 1321 καὶ
2423 1264 2764 1335 τὸν·δῆμον·
2795 1265 3112 1334 Ῥωμαίων,
3161 1262 3238 1332 τῇ
3264 1263 3500 1333 οάρχαίᾳ
3547 1263 3877 1333 ἐπιφανείᾳ

613 1357 715 1412 καὶ
740 1360 1109 1428 ,λαμπρότητι
1135 1357 1542 1427 ἐλευθερώσας
1563 1358 2046 1430 ἀποκατέστησα.

1191 1494 1418 1550 CAPUT
1457 1495 1596 1552 XLI.

633 1609 939 1666 Exsultatio
980 1611 1367 1680 provinciarum
1397 1619 1444 1664 et
1469 1610 1772 1681 largitiones
1794 1611 2144 1668 Constantini.

679 1747 736 1802 In
765 1747 908 1804 hunc
937 1748 1160 1800 modum
1188 1745 1282 1800 Dei
1317 1745 1718 1799 amantissimus
1750 1745 2049 1814 imperator
2064 1747 2180 1802 vic-
2211 1767 2256 1826 Β

611 1839 764 1893 tricis
810 1837 988 1892 crucis
1032 1835 1430 1890 confessionem
1483 1851 1594 1906 prae
1641 1851 1698 1890 se
1747 1835 1950 1901 ferens,
1981 1837 2173 1892 Filium

607 1931 702 1984 Dei
748 1927 1007 1982 Romanis
1043 1927 1216 1981 libere
1263 1936 1425 1996 atque
1470 1927 1704 1997 ingenue
1737 1928 2072 1997 praedicavit.
2108 1929 2176 1982 Et

604 2025 784 2078 cuncti
816 2020 908 2090 qui
963 2019 1149 2072 urbem
1191 2019 1537 2086 incolebant,
1591 2028 1699 2072 tam
1751 2028 1972 2073 senatus
2010 2034 2174 2088 quam

603 2113 851 2185 populus,
900 2121 1086 2181 utpote
1131 2112 1324 2164 acerba
1375 2121 1428 2164 et
1473 2111 1750 2181 tyrannica
1804 2111 2174 2167 dominatione

602 2203 839 2265 liberati,
890 2201 1162 2268 resliirare
1191 2201 1592 2268 quodammodo
1639 2208 1692 2256 et
1745 2201 1982 2268 purioris
2033 2202 2172 2257 lucis

600 2295 768 2348 radiis
791 2292 990 2361 perfrui
1016 2291 1118 2346 sibi
1149 2289 1656 2360 videbantur,atque
1683 2292 1735 2346 in
1763 2309 1954 2346 novam
1980 2309 2171 2363 quam-
2211 2309 2214 2312 ·

600 2385 723 2439 dam
754 2384 922 2437 vitam
950 2383 1188 2437 renasci.
1219 2381 1420 2436 Gentes
1448 2398 1662 2452 quoque
1702 2383 1970 2438 universae
2002 2395 2168 2455 quot-

597 2484 730 2546 quot
765 2474 1087 2530 occidentali
1123 2488 1326 2528 oceano
1358 2474 1740 2540 terminantur,
1774 2475 2024 2543 pristinis
2056 2491 2168 2531 ma-

596 2567 664 2622 lis
710 2567 975 2632 liberatae,
1006 2568 1175 2622 festos
1222 2567 1338 2621 dies
1375 2581 1494 2621 cum
1527 2568 1671 2621 omni
1720 2568 1995 2624 hilaritate
2031 2570 2167 2624 cele-

594 2660 866 2726 brabant;
897 2657 1315 2713 Constantinum
1359 2656 1643 2725 victorem,
1677 2659 1768 2714 Dei
1801 2661 2032 2716 amicum
2053 2700 2067 2724 ,
2100 2661 2167 2715 de

591 2750 846 2806 omnibus
886 2748 1025 2804 bene
1080 2749 1335 2802 meritum
1387 2749 1663 2804 continuis
1707 2749 1875 2822 429
1913 2749 2163 2806 laudibus

589 2843 971 2912 praedicantes.
1019 2841 1154 2895 Eum
1201 2839 1383 2894 cuncti
1425 2855 1711 2898 commune
1755 2843 2028 2912 quoddam
2068 2843 2164 2898 bo-

589 2951 740 2999 num,
769 2934 866 2988 Dei
895 2933 1232 3003 benignitate
1264 2934 1500 2988 humano
1525 2936 1708 3005 generi
1733 2935 1992 2990 donatum
2035 2936 2158 2990 illu-

589 3027 757 3090 uisse,
781 3040 889 3080 uno
940 3040 1037 3079 ore
1067 3035 1225 3093 atque
1257 3039 1363 3078 una
1392 3040 1526 3080 voce
1558 3029 1915 3082 testabantur.
1957 3028 2062 3083 Sed
2104 3037 2160 3084 et

2797 1493 3192 1550 ΚΕΦΑΛΔῙΟΝ
3225 1493 3362 1548 MA'.

2317 1589 2703 1660 Εὐφροσύναι
2755 1588 2906 1642 κατὰ
2954 1587 3062 1652 τὰς
3111 1585 3421 1660 ἐπαρχίας,
3474 1581 3580 1635 καὶ
3619 1580 3840 1650 δωρεαὶ

2827 1657 3305 1712 Κωνσταντίνου.

2367 1750 2424 1804 Ὀ
2475 1750 2573 1821 μὲν
2623 1743 2716 1804 οῦν
2749 1748 2998 1819 θεοφιλὴς
3033 1748 3282 1817 βασιλεὺς
3319 1741 3421 1800 ὦδὲ
3462 1764 3537 1816 πη
3585 1745 3686 1799 τοῦ
3721 1763 3864 1799 νικο-

2279 1839 2432 1894 ποιοῦ
2464 1839 2695 1912 σταυροῦ
2727 1839 2986 1909 ὁμολογίᾳ
3021 1837 3485 1910 λαμπρυνόμενος,
3513 1837 3616 1889 σὺν
3647 1838 3861 1908 παρῥην

2280 1934 2370 2006 σίᾳ
2389 1933 2556 2004 πολλῇ
2591 1934 2680 1986 τὸν
2707 1932 2834 1987 Υίδν
2863 1930 2955 1986 τοῦ
2982 1930 3114 1983 Θεοῦ
3151 1929 3440 1999 Ῥωμαίοις
3475 1930 3669 1992 αὐτοῖς
3719 1927 3855 1996 γνὼ-

2283 2043 2438 2098 ριμον
2471 2025 2660 2080 ἐποίει.
2697 2025 2901 2087 Πάντες
2932 2023 2975 2076 δ’
3009 2021 3221 2093 ἀθρόως
3254 2023 3302 2074 οἱ
3331 2020 3427 2091 τὴν
3457 2021 3614 2074 πόλιν
3648 2020 3855 2073 οἰκοῦν-

2278 2136 2389 2184 τες,
2436 2122 2572 2191 αύτῇ
2625 2121 2911 2192 συγκλήτῳ
2956 2120 3051 2177 καὶ
3091 2120 3278 2192 δήμων
3315 2120 3599 2192 πλήθεσιν,
3654 2119 3853 2173 ὡσανεὶ

2279 2214 2479 2283 πικρᾶς
2532 2212 2627 2266 καὶ
2667 2213 2990 2284 τυραννικῆς
3022 2213 3451 2277 ἀναπνεύσαντες
3505 2211 3849 2274 δυναστείας.

2277 2304 2450 2372 φωτὸς
2483 2303 2774 2357 ἀπολαύειν
2807 2303 3022 2357 ἐδόκουν
3055 2303 3450 2376 καθαρωτέρων
3482 2303 3697 2373 αὐγῶν,
3731 2321 3848 2356 και-

2273 2395 2364 2448 νοῦ
2387 2414 2444 2448 τε
2481 2396 2576 2449 καὶ
2607 2397 2727 2450 νέου
2761 2396 2874 2466 βίου
2919 2396 3335 2466 παλιγγενεσίας
3369 2397 3646 2468 μετέχειν.
3683 2396 3846 2467 Ἕθνη

2269 2504 2329 2539 τε
2351 2487 2509 2540 πάνθ’
2535 2489 2636 2542 ὅσα
2662 2488 2886 2560 ὠκεανῷ
2939 2487 3018 2558 τῷ
3061 2488 3202 2542 κατά
3249 2488 3445 2542 δύοντα
3491 2489 3650 2560 ἥλιον
3691 2506 3846 2561 περι-

2266 2577 2510 2649 ωρίζετο,
2537 2578 2644 2632 τῶν
2678 2581 2805 2648 πρὶν
2829 2579 3153 2649 συνεχόντων
3187 2579 3370 2632 κακῶν
3401 2579 3843 2651 ἠλευθερωμένοι,

2265 2669 2600 2740 πανηγύρεσι
2639 2671 2888 2742 φαιδραῖς
2927 2670 3404 2741 ὲνευιρραινόμενα,
3453 2671 3545 2724 τὸν
3600 2670 3840 2725 καλλίνι-

2263 2778 2376 2826 κον,
2400 2762 2489 2815 τὸν
2517 2761 2762 2832 θεοσεϐῆ,
2805 2762 2895 2814 τὸν
2929 2762 3105 2816 κοινὸν
3145 2761 3459 2834 εὐεργέτην,
3496 2763 3840 2833 ἀνυμνοῦντα

2259 2853 2545 2919 διετέλουν,
2572 2858 2720 2927 φωνῇ
2755 2873 2814 2908 τε
2847 2857 2945 2926 μιᾷ
2972 2855 3066 2908 καὶ
3097 2855 3176 2907 ἐνὶ
3203 2856 3449 2926 στόματι,
3480 2857 3668 2909 κοινὸν
3698 2857 3836 2924 ἀγα·

2260 2946 2350 3000 θὺν
2377 2946 2685 3019 ἀνθρώποις
2708 2949 2772 3001 ὲκ
2804 2949 2937 3002 Θεοῦ
2973 2949 3194 3020 χάριτος
3229 2950 3278 3002 oi
3313 2950 3512 3012 πάντες
3543 2951 3837 3003 Κωνσταν-

2257 3041 2400 3093 τῖνον
2427 3040 2739 3111 ὡμολόγουν
2769 3041 3093 3111 ἐπιλάμψαι.
3149 3041 3412 3098 Ἦπλοῦτο
3457 3043 3516 3096 δὲ
3558 3045 3655 3096 καὶ
3688 3044 3838 3113 βασι-

590 3118 938 3186 imperatoris
972 3117 1167 3174 litterae
1201 3121 1404 3190 ubique
1452 3121 1746 3190 propositae
1783 3119 2109 3188 legebantur
2133 3163 2151 3190 ,

2264 3131 2409 3185 λικδν
2454 3131 2768 3202 ἁπανταχοῦ
2813 3133 3064 3203 γράμμα,
3120 3135 3233 3196 τοῖς
3283 3133 3381 3204 μὲν
3424 3133 3524 3197 τὰς
3569 3133 3836 3206 ὑπάρξεις

586 3210 784 3278 quibus
834 3210 868 3264 ii
907 3211 999 3280 qui
1058 3211 1215 3266 bonis
1258 3214 1370 3267 suis
1411 3213 1625 3281 spoliati
1678 3211 1926 3275 fuissent,
1970 3226 2156 3268 eorum

587 3303 988 3372 possessiOnem
1025 3304 1294 3360 beneﬁcio
1327 3307 1601 3377 principis
1636 3305 2070 3375 recuperabant;
2103 3316 2158 3364 et

583 3395 677 3464 qui
707 3393 904 3463 injuste
933 3395 1158 3466 relegati
1190 3406 1393 3460 essent,
1430 3397 1719 3466 penatibus
1764 3397 1876 3452 suis
1905 3398 2157 3453 restitue-

584 3487 804 3541 bantur.
840 3486 1084 3542 Vincutis
1113 3503 1332 3559 quoque
1361 3495 1416 3542 et
1443 3487 1589 3542 omni
1626 3488 1869 3557 periculo
1911 3504 1974 3544 ac
2010 3499 2153 3544 metu

583 3579 958 3633 liberabantur
981 3577 1040 3644 ii,
1068 3579 1158 3648 qui
1185 3595 1282 3649 per
1304 3578 1646 3649 tyrannicam
1677 3578 2057 3635 crudelitatem
2088 3581 2158 3636 iis

581 3671 761 3726 vexati
799 3671 1053 3728 fuissent.

1155 3783 1385 3840 CAPUT
1417 3782 1574 3839 XLII.

747 3875 990 3930 Honores
1037 3875 1290 3945 episcopis
1345 3876 1507 3957 delati
1561 3887 1608 3929 et
1659 3877 1995 3931 ecclesiarum

1167 3954 1567 4001 exstructiones.

655 4041 824 4096 Porro
858 4040 973 4109 ipse
1014 4040 1310 4108 imperator
1354 4040 1638 4095 ministros
1670 4040 1762 4094 Dei
1795 4057 1824 4095 a
1860 4056 1919 4095 se
1948 4056 2152 4096 convo-

577 4141 752 4195 catos,
786 4134 936 4188 omni
968 4134 1234 4202 obsequio
1263 4144 1428 4203 atque
1460 4134 1672 4188 honore
1698 4137 2147 4205 prosequebatur,

575 4237 672 4276 eos
710 4231 893 4292 utp0te
929 4224 1038 4279 Deo
1070 4239 1228 4294 quem
1262 4226 1471 4281 colebat
1499 4236 1870 4292 consecratos,
1899 4242 2004 4281 non
2029 4242 2149 4281 ver-

573 4313 659 4367 bis
687 4314 866 4379 modo,
897 4329 1082 4369 verum
1113 4316 1276 4370 etiam
1310 4315 1471 4370 factis
1509 4317 1826 4372 humaniter
1848 4320 2144 4390 excipiens.

571 4404 807 4459 Proinde
839 4421 1038 4461 mensae
1071 4406 1243 4476 ipsius
1277 4407 1678 4462 adhibebantur
1709 4409 1957 4464 homines
1985 4449 2001 4474 ,
2049 4425 2146 4465 ex-

573 4505 725 4549 terno
757 4496 978 4563 quidem
1023 4496 1211 4552 habitu
1265 4512 1328 4553 ac
1360 4499 1561 4553 vestitu
1597 4499 1955 4568 despicabiles
1988 4517 2002 4554 :
2045 4501 2140 4554 sed

569 4599 705 4653 quos
752 4585 843 4640 ille
891 4587 1116 4643 minime
1162 4588 1516 4658 despicabiles
1562 4587 1843 4656 judicabat
1885 4607 1898 4643 :
1941 4590 2142 4659 quippe

567 4677 657 4746 qui
692 4691 796 4732 non
824 4688 1107 4737 externam
1131 4679 1368 4736 hominis
1399 4681 1634 4750 speciem
1656 4695 1776 4750 quae
1805 4679 1980 4735 oculis
1999 4681 2131 4736 sub-

618 4947 699 5019 (9i
714 4947 902 5019 ),Vu|g.
919 4949 1242 5016 Θεραπείας
1251 4949 1331 5015 ὠς
1344 4947 1440 5001 διὰ
1459 4946 2012 5018 τιμῆς,8(;ιιί1›ειι‹1ιιιη
2028 4956 2155 5019 pttto

561 5018 858 5090 θεραπείας
906 5036 965 5071 τε
1014 5020 1105 5072 καὶ
1140 5020 1324 5090 τιμῆς.
1359 5019 1644 5090 Turnebus
1689 5020 1740 5072 iti
1772 5018 2039 5088 margine,
2069 5021 2151 5073 sui

557 5089 1110 5162 cmlicisemcudarat
1144 5089 1442 5162 θερατὲίας
1465 5091 1561 5162 καὶ
1591 5091 1779 5161 τιμῆς,
1820 5100 2152 5162 ςιεηίιιιψιθ

559 5161 633 5213 ita
679 5160 941 5213 scribitur
974 5160 1025 5213 in
1077 5159 1266 5215 codice
1301 5159 1437 5213 Fuk.
1469 5159 1528 5214 ιιι
1560 5159 1777 5216 εριιίεάίε
1819 5160 2002 5230 Regiis
2043 5175 2138 5230 ex-

557 5240 818 5301 punctum
849 5238 932 5301 est
959 5232 1279 5285 adverbium
1313 5230 1410 5294 ὠς,
1444 5232 1670 5301 ejusque
1691 5231 1812 5286 loco
1838 5229 2138 5299 superscri-

555 5311 705 5369 ptum
735 5299 948 5362 αύτούς.

627 5370 734 5439 (92)
774 5369 852 5438 Τῇ
895 5371 999 5423 τοῦ
1044 5369 1351 5440 σχήματος
1393 5370 1647 5440 ὀφθῆναι
1676 5369 1983 5439 περιϐολῇ.
2023 5369 2136 5425 Hoc

554 5441 674 5493 loco
704 5440 888 5511 σχῆμα
919 5457 1024 5494 nou
1069 5452 1175 5494 tam
1207 5442 1410 5494 vultum
1460 5457 1521 5495 ac
1566 5443 1795 5494 lormani
1839 5441 2127 5510 significat,

552 5522 612 5562 nt
646 5517 856 5580 putavit
889 5511 1460 5580 Christophorsouus,
1494 5527 1657 5579 quam
1693 5511 1894 5565 cultum
1939 5527 2003 5565 ac
2036 5525 2130 5564 ve-

552 5591 713 5634 stem.
733 5579 963 5635 Proinde
1000 5579 1289 5650 utrumque
1324 5581 1376 5634 in
1407 5581 1855 5646 interpretatione
1883 5596 2000 5635 mea
2027 5597 2126 5634 cx-

555 5650 767 5717 pressi;
800 5650 943 5718 quod
976 5651 1140 5704 etiam
1190 5668 1218 5703 a
1253 5650 1498 5706 Portesio
1537 5650 1734 5706 factum
1775 5666 1895 5705 esse
1934 5662 2120 5720 postea

562 5721 910 5776 deprehendi.
947 5721 1068 5775 Erat
1099 5735 1279 5776 autem
1315 5722 1532 5778 habitus
1575 5737 1636 5777 ac
1668 5722 1894 5777 vestitus
1936 5737 2120 5776 sacer-

2259 3224 2626 3295 ύφαρπαγεῖσι
2649 3225 2746 3296 τὴν
2774 3225 2882 3278 τῶν
2905 3227 3119 3280 οἰκείων
3142 3225 3439 3281 ἀπόλαυσιν
3471 3224 3832 3296 δωρούμενον,

2254 3314 2381 3377 τοὺς
2406 3314 2450 3366 δ’
2480 3315 2663 3368 ἄδικον
2705 3315 2922 3387 ὲξορίαν
2953 3317 3371 3387 ὑπομείναντας,
3406 3316 3496 3369 ἐπὶ
3528 3317 3631 3380 τὰς
3685 3315 3834 3384 σφῶν

2254 3404 2684 3476 ἀνακαλούμενον
2736 3406 2936 3469 ἑστίας.
2996 3407 3318 3477 Ἠλευθέρου
3359 3424 3419 3459 τε
3467 3406 3562 3459 καὶ
3594 3406 3830 3476 δεσμιῖιν,

2254 3496 2454 3560 παντός
2482 3514 2542 3549 τε
2572 3497 2816 3550 κινδύνου
2851 3498 2944 3551 καὶ
2971 3497 3126 3562 δέους
3164 3499 3289 3562 τοὺς
3321 3498 3426 3551 ὑπὸ
3453 3498 3552 3569 τῆς
3577 3514 3831 3569 τυραννι-

2254 3590 2356 3660 κῆς
2384 3588 2664 3660 ὠμότητος
2682 3590 2890 3654 τούτοις
2924 3590 3418 3662 ύποϐεϐλημένους.

2761 3789 3153 3845 ΚΕΦΑΛΑΙΟΝ
3191 3792 3324 3844 MB'.

2335 3859 2705 3914 Ἐπισκόπων
2735 3860 2913 3929 τιμαὶ,
2941 3861 3038 3913 καὶ
3065 3860 3403 3929 ἐκκλησιῶν
3429 3861 3759 3930 οἰκοδομαί.

2321 4035 2580 4099 Βασιλεὺς
2610 4035 2655 4088 δ’
2688 4035 2850 4100 αὐτὸς
2888 4038 3011 4102 τοὺς
3040 4038 3132 4092 τοῦ
3163 4038 3296 4092 Θεοῦ
3325 4038 3670 4111 λειτουργοὺς
3700 4058 3820 4110 συγ-

2250 4127 2449 4189 καλῶν,
2468 4127 2763 4199 θεραπείας
2779 4146 2838 4182 τε
2853 4130 2946 4182 καὶ
2961 4129 3124 4201 τιμῆς
3143 4131 3252 4202 (91)
3271 4132 3365 4202 τῆς
3382 4132 3638 4186 ἀνωτάτω
3655 4131 3823 4203 ἠξίου,

2250 4219 2433 4291 ἔργοις
2465 4222 2558 4274 καὶ
2590 4221 2768 4289 λόγοις
2790 4222 2916 4285 τοὺς
2944 4221 3143 4293 ἄνδρας
3163 4223 3364 4276 ὡσανεὶ
3389 4223 3467 4294 τῷ
3501 4224 3665 4277 αὐτοῦ
3705 4223 3822 4294 Θεῷ

2251 4311 2694 4384 καθιερωμένους
2728 4312 3232 4386 φιλοφρονούμενος.
3275 4315 3670 4387 Ὁμοτράπεζοι
3689 4315 3820 4386 δῆτα

2254 4404 2488 4473 συνῆσαν
2521 4402 2688 4473 αὐτῷ,
2719 4403 2908 4476 ἄνδρες
2941 4405 3176 4469 εὐτελεῖς
3213 4405 3312 4475 μὲν
3335 4408 3399 4477 τῇ
3421 4405 3514 4458 τοῦ
3541 4407 3819 4477 σχήματος

2249 4493 2481 4564 ὀφθῆναι
2503 4495 2760 4567 περιϐολῇ
2791 4494 2926 4566 (92),
2943 4495 3058 4549 ἀλλ’
3075 4496 3134 4550 οὐ
3150 4496 3486 4550 τοιοῦτοικαὶ
3509 4497 3657 4568 αύτῷ
3681 4515 3822 4551 νενο-

2250 4589 2519 4659 μισμένοι,
2556 4591 2638 4643 ὅτι
2676 4589 2751 4660 μὴ
2792 4589 2882 4646 τὸν
2915 4587 3188 4660 ὁρώμενον
3221 4591 3332 4652 τοῖς
3363 4589 3578 4651 πολλοῖς
3614 4590 3822 4662 ἀνθρω-

2248 4697 2369 4743 πον,
2418 4680 2508 4734 τὸν
2557 4680 2688 4734 Θεὸν
2730 4681 2785 4733 δὲ
2819 4681 3137 4740 ἐποπτεύειν
3171 4682 3346 4734 ἐδόκει
3387 4682 3516 4754 (95).
3555 4682 3820 4753 Ἐπήγετο

2263 4950 2449 5006 dotum
2484 4947 2630 5004 illius
2663 4947 2922 5016 temporis
2951 4947 3236 5000 admodum
3274 4945 3447 5000 tenuis
3478 4960 3545 5016 ac
3574 4943 3818 5016 vilisLut

2263 5020 2684 5073 testaturAmm.
2712 5013 3059 5071 Marcellinus
3086 5018 3136 5069 in
3163 5017 3254 5070 lib.
3292 5031 3466 5077 xxv",
3499 5015 3587 5069 ubi
3619 5015 3687 5068 de
3713 5013 3818 5066 Da-

2259 5105 2408 5142 maso
2456 5098 2511 5141 et
2568 5087 2766 5142 Ursino
2822 5088 3079 5156 loquitur.
3133 5084 3236 5139 Sed
3287 5096 3338 5139 et
3386 5086 3686 5156 Gregorius
3712 5085 3818 5156 Na-

2245 5161 2540 5214 zianzenus
2593 5159 2646 5211 in
2695 5154 2944 5211 oratione
2998 5157 3209 5210 funebri
3263 5171 3427 5223 quam
3465 5158 3532 5210 de
3571 5154 3816 5208 laudibus

2243 5229 2426 5284 Basilii
2462 5228 2811 5296 conscripsit,
2844 5227 2918 5280 ait
2971 5225 3118 5279 illum
3169 5225 3302 5296 dum
3334 5227 3618 5296 cpiscopus
3671 5233 3817 5278 esset

2243 5301 2523 5363 Czesareae,
2556 5297 2645 5351 vili
2678 5295 2838 5367 pallio
2863 5296 3122 5350 amictum
3152 5295 3315 5351 fuisse
3349 5296 3489 5364 quod
3519 5295 3691 5366 ῥάκος
3717 5309 3812 5363 ap-

2278 5370 2424 5424 ellal.

2461 5436 2844 5512 memores
2871 5434 3470 5512 ἐποπτεύειν-ἐδόκει..
3514 5432 3571 5488 In
3601 5431 3816 5512 schedia

2244 5501 2428 5575 Regiis
2459 5511 2546 5562 hic
2581 5508 2731 5560 locus
2759 5509 2832 5561 ita
2863 5504 3241 5576 suppleturiad
3289 5507 3608 5576 marginem.
3636 5501 3814 5576 ngat

2233 5581 2290 5632 ἐν
2327 5571 2544 5647 ἑκάστῳ
2576 5576 2886 5648 τιμώμενον
2929 5571 3464 5648 ἐποπτεύεινᾲεδόκέι
3499 5573 3660 5648 λΘεόν.
3706 5571 3810 5648 _Sed

2233 5651 2454 5702 brevius
2495 5641 2651 5703 codd:
2683 5641 2822 5705 Fuk.
2859 5663 2944 5704 ac.
2977 5649 3106 5704 Sa’v.
3139 5645 3228 5700 τὸν
3255 5645 3308 5698 δὲ
3332 5645 3463 5698 Θεὸν
3492 5641 3810 5697 ἐποπτεύειν

2234 5720 2403 5774 ἐδόκει
2435 5719 2613 5772 αὐτόν.
