2084 3204
205 171 258 200 95?

757 173 801 201 DE
821 173 902 201 VlTA
921 174 1151 202 CONSTANTINI
1170 175 1234 203 LlB.
1255 175 1275 203 Ι.

1773 180 1825 209 958

204 229 230 258 δί
249 228 348 261 αὐτοὺς
375 229 423 256 καὶ¹
445 230 507 257 ὅποι
534 231 605 261 ποτὲ,
627 230 763 258 στέλλοιτο
787 232 908 268 πορείαν,
939 232 979 259 κάε

1041 232 1115 267 jecta
1132 239 1175 261 est
1189 254 1197 266 ,
1211 233 1258 260 sed
1275 233 1358 260 Deum
1385 234 1473 269 ipsum
1499 234 1698 270 introspiceret.
1714 238 1753 266 Ad
1768 240 1824 267 haec

204 275 404 311 τούτῳ(94)τδν
420 276 636 312 θεραπευόμενον
654 278 722 313 πρὸς
737 278 836 311 αὐτῶν,
848 279 932 312 δεξιὸν
942 279 989 305 αὐ-

203 321 242 357 τῷ
258 323 384 357 παρεῖναι
400 322 567 358 πειθόμενος.
577 324 630 350 Ναὶ
642 323 696 360 μὴν
706 325 754 351 καὶ
761 326 820 357 ταῖς
833 325 990 368 ἐκκλησίαις

203 367 250 394 τοῦ
272 366 339 394 Θεοῦ
363 367 492 400 πλουσίας
515 368 564 400 τὰς
580 370 643 405 παρ’
656 370 753 397 ἑαυτοῦ
779 372 908 406 παρεῖχεν
930 366 989 400 ἐπι-

204 414 326 450 κουρίας,
338 414 462 447 ἐπαύξων
478 414 526 450 μὲν
536 416 583 441 καὶ
597 417 635 447 εἰς
644 416 711 451 ὕψος
725 416 810 456 αἴρων
818 418 880 449 τοὺς
890 418 989 453 εὐκτη-

203 459 277 496 ρίους
299 461 399 493 οἴκους,
422 461 558 494 πλείστοις
572 462 593 488 δ’
609 463 766 499 ἀναθήμασι
780 464 815 490 τὰ
830 464 916 499 σεμνὰ
933 464 987 495 τῶν

202 506 252 543 τῆς
269 507 431 543 Ἐκκλησίας
446 508 673 544 καθηγιασμένων
691 509 852 546 φαιδρύνων.

453 597 649 630 ΚΕΦᾹΛΑΙΟΝ
668 598 734 624 ΜΓ¹.

200 642 272 677 Περὶ
290 641 351 672 τῶν
362 643 406 676 εις
419 643 491 676 τοὺς
501 642 633 704 πέτὶητας
643 642 820 679 εὐεργεσιῶν
832 645 987 671 Kcin-orar-

533 687 550 704 τ
563 687 628 704 νου.

533 687 628 705 τινυυ.

234 723 368 755 Παντοίας
378 731 408 751 τε
425 723 480 758 (95)
493 724 641 759 χρημάτων
659 723 790 755 διαδόσεις
812 725 868 755 τοῖς
883 724 984 755 ὲνδεέσι

200 771 374 807 ποιούμενος,
391 771 493 798 τούτων
510 771 533 797 δ’
548 771 627 803 ἐκτὸς
649 771 696 798 καὶ
725 772 780 803 τοῖς
807 771 906 805 ἔξωθεν
929 770 983 807 (96)

199 818 273 853 αὐτῷ
285 818 424 854 προσιοῦσι
445 817 635 853 φιλάνθρωπον
663 818 710 844 καὶ
725 818 895 854 εὐεργετικὸν
913 826 983 853 παρ-

197 865 267 900 έχων
278 864 383 896 ἑαυτδν,
392 865 447 896 τοῖς
460 864 508 899 μὲν
522 865 566 890 ἐπ’
577 864 679 900 ἀγορᾶς
688 863 858 900 μεταιτοῦσιν
866 864 983 900 οἰκτροῖς

197 919 251 937 τισι
268 911 315 938 καὶ
325 911 550 947 ἀπερριμμένοις,
562 912 593 937 οὐ
607 912 756 946 χρημάτων
773 911 861 946 μόνον,
875 910 935 937 οὐδὲ
949 919 981 944 γε

196 957 247 991 τῆς
263 957 411 991 ἀναγκαίας
427 957 541 992 τροφῆς,
558 956 625 983 ἀλλὰ
636 957 682 983 καὶ¹
702 957 805 992 σκέπης
817 957 981 992 εὐσχήμονος

196 1001 243 1028 τοῦ
261 995 384 1038 σώματος
394 1003 529 1038 προύνόει,
545 1003 600 1033 τοῖς
614 1002 636 1028 δ’
647 1000 675 1028 εὖ
693 1003 741 1038 μὲν
750 1003 784 1029 τά
797 1002 891 1038 πρῶτα
903 1011 981 1037 γεγο-

196 1048 265 1079 νόσι,
290 1047 348 1083 βίου
371 1048 399 1074 δὲ
424 1047 556 1083 μεταϐολῇ
577 1047 770 1083 δυστυχήσασι,
787 1048 980 1084 δαψιλεστέρας

196 1096 309 1129 παρεῖχε
336 1094 385 1128 τὰς
409 1094 540 1131 χορηγίας
553 1103 560 1109 ·
579 1086 710 1129 βασιλικῷ
726 1095 758 1129 γέ
772 1103 812 1121 τοι
827 1096 979 1135 φρονήματι

196 1140 412 1178 μεγαλοπρεπεῖς
428 1140 477 1172 τὰς
494 1140 617 1172 εὐποιίας
632 1142 689 1172 τοῖς
698 1141 783 1172 οὕτως
804 1140 893 1176 ἔχουσι
911 1149 980 1176 παρ-

193 1185 274 1221 έχων,
297 1181 353 1217 τοῖς
379 1185 428 1221 μὲν
454 1186 546 1221 ἀγρῶν
573 1187 683 1222 κτήσεις
700 1187 835 1222 ἐδωρεῖτο,
865 1187 928 1218 τοὺς
951 1187 978 1213 δὲ

194 1231 333 1267 διαφόροις
349 1231 500 1267 ἀξιώμασιν
522 1232 613 1267 ἐτίμα.
635 1233 689 1259 Καὶ
710 1232 763 1258 τῶν
782 1232 831 1268 μέν
848 1232 978 1268 ὀρφανίαν

193 1270 416 1313 δυστυχησάντων
440 1279 469 1304 ὲν
493 1278 595 1314 πατρὸς
608 1279 765 1314 ἐπεμελεῖτο
777 1279 863 1314 χώρᾳ,
886 1287 978 1313 γυναι-

195 1323 252 1350 κῶν
276 1324 304 1350 δὲ
329 1324 420 1359 χηρῶν
453 1325 483 1351 τὸ
510 1325 690 1362 ἀπερίστατον
715 1326 916 1362 ἀνακτώμενος,
944 1326 977 1352 δι’

193 1368 295 1401 οἰκείας
319 1370 445 1405 ἐπεμέλει
472 1371 644 1406 κηδεμονίας,
662 1371 725 1398 ὣστ’
745 1372 793 1407 ῆδη
820 1372 867 1398 καὶ
897 1372 977 1408 γάμῳ

194 1414 338 1450 ζευγνύναι
361 1417 509 1452 γνωρίμοις
532 1417 606 1453 αὐτῷ
636 1419 682 1444 καὶ⁴
710 1417 847 1449 πλουσίοις
866 1418 976 1453 ἀνδράσι

193 1461 277 1497 κόρας
306 1462 409 1498 ἐρημίᾳ.
436 1463 535 1497 γονέων
559 1464 788 1500 ὀρφανισθείσας·
824 1464 871 1491 καὶ
900 1463 976 1490 ταῦτ’

192 1507 320 1543 ἔπραττε,
335 1508 475 1544 προδιδοὺς
491 1511 551 1541 ταῖς
564 1510 751 1546 γαμουμέναις
762 1510 816 1545 (97)
834 1510 882 1536 ὅσα
894 1509 975 1545 ἐχρῆν
992 1526 1000 1534 .

193 1555 249 1586 τοῖς
266 1554 432 1589 λαμϐάνουσι
458 1556 525 1590 πρὸς
548 1556 637 1591 γάμου
665 1557 806 1583 κοινωνίαν
830 1556 973 1591 εἰσφέρειν.

195 1601 299 1637 Ὠσπερ
310 1601 332 1627 δ’
346 1602 462 1636 ἀνίσχων
479 1603 548 1638 ὑπὲρ
564 1603 615 1638 γῆς
627 1603 702 1637 ἥλιος
715 1603 770 1638 (98)
784 1603 906 1637 ἀφθόνως
920 1604 975 1634 τοῖς

192 1648 259 1680 πᾶσι
276 1648 330 1674 τῶν
345 1648 391 1674 τοῦ
406 1649 494 1682 φωτὸς
511 1649 670 1684 μεταδίδωσι
687 1649 886 1685 μαρμαρυγῶν,
905 1649 975 1676 κατὰ

191 1693 226 1720 τὰ
248 1694 316 1720 αὑτά
334 1694 365 1730 δὴ
384 1695 431 1721 καὶ
446 1695 657 1727 Κωνσταντῖνος,
673 1696 731 1731 ἅμα.
751 1696 817 1731 ἡλίῳ
840 1695 974 1730 ἀνίσχοντι

191 1740 246 1772 τῶν
269 1739 416 1775 βασιλικῶν
437 1742 518 1771 οἴκων
551 1742 775 1778 προφαινόμενος,
799 1742 898 1768 ὡσανεὶ
915 1750 975 1768 συν-

192 1784 345 1811 ανατέλλων
360 1785 398 1820 τῷ
410 1787 469 1812 κατ’
477 1786 589 1821 οὐρανὸν
600 1787 733 1822 φωστῆρι,
742 1787 798 1818 τοῖς
814 1788 853 1818 είς
867 1787 974 1822 πρόσω-

191 1838 241 1857 πον
254 1830 328 1866 αὐτῷ
338 1831 480 1866 παριοῦσιν
503 1832 587 1858 ἆπασι
603 1832 689 1870 φωτὸς
706 1833 792 1867 αὺγηὰς
809 1833 857 1868 τῆς
871 1833 974 1865 οἰκείας

191 1876 327 1912 ἐξέλαμπε
346 1877 548 1912 καλοκάγαθίας
566 1879 633 1913 (99).
651 1880 707 1905 οὐκ
716 1877 749 1915 ἦν
763 1880 786 1906 τ’
801 1879 887 1911 ἄλλως
905 1879 973 1915 πλη-

190 1922 249 1949 σίον
270 1923 406 1957 γενέσθαι,
431 1924 468 1959 μὴ
485 1924 544 1959 οὐχὶ
561 1924 661 1959 ἀγαθοῦ
683 1934 754 1957 τινος
766 1926 969 1953 ἀπολαύσαντα·

189 1969 245 1995 οὐδ’
259 1967 293 2004 ἦν
303 1969 362 1995 ποτ’
379 1969 505 1996 ἐκπεσεῖν
516 1970 623 2002 ἐλπίδος
638 1971 760 2006 χρηστῆς
771 1972 827 2004 τοῖς
845 1972 894 2007 τῆς
908 1974 971 2011 παρ’

191 2013 273 2039 αὑτοῦ
288 2014 377 2048 τυχεῖν
389 2014 547 2050 ἐπικουρίας
561 2015 771 2051 προσδοκήσασι,

441 2082 637 2109 ΚΕΦΑΛΑΙΟΝ
656 2084 719 2110 MA’.

191 2126 290 2159 Ὅπως
302 2127 366 2160 ταῖς
380 2127 522 2160 συνόδοις
533 2127 593 2154 τῶν
609 2128 783 2155 ἐπισκόπων
796 2129 969 2164 συμπαρῆν.

225 2172 329 2203 Κοινῶς
345 2173 393 2207 μὲν
410 2171 456 2200 οὖν
473 2173 540 2208 πρὸς
559 2173 681 2205 ἃπαντας
693 2171 726 2209 ἦν
739 2174 865 2206 τοιοῦτος.
882 2175 970 2207 Ἐξαί-

189 2225 266 2254 ρετον
282 2218 310 2244 δὲ
323 2220 355 2254 τῇ
378 2219 524 2254 Ἐκκλησία
539 2218 585 2245 τοῦ
605 2219 672 2246 Θεοῦ
690 2220 739 2255 τὴν
755 2222 819 2256 παρ’
833 2221 914 2248 αὑτοῦ
929 2221 970 2248 νέ-

1040 286 1204 313 quocunque
1218 279 1270 305 iter
1282 279 1394 312 faceret,
1402 287 1449 307 eos
1458 288 1547 309 secum
1563 283 1727 316 deducebat;
1740 282 1823 313 Deutn

1040 331 1120 358 quem
1145 323 1182 350 illi
1197 324 1339 357 colerent,
1353 325 1388 352 ob
1407 325 1431 352 id
1447 326 1529 353 etiam
1552 329 1694 362 propitium
1711 329 1760 357 sibi
1776 331 1824 359 ad-

1039 369 1097 396 l'ore
1112 377 1161 404 pro
1175 375 1249 397 certo
1265 370 1379 398 habens.
1393 371 1462 404 Quin
1473 372 1553 399 etiam
1570 374 1690 403 ecclesiis
1705 376 1751 404 Dei
1762 376 1822 412 plu-

1039 415 1108 442 rima
1137 423 1170 442 ex
1199 416 1334 447 thesauris
1357 419 1412 445 suis
1435 418 1563 447 beneﬁcia
1585 421 1821 458 subministravit;

1037 460 1136 494 partim
1152 468 1247 488 sacras
1268 462 1341 490 aedes
1359 463 1527 497 ampliﬁcans
1544 470 1570 492 et
1593 466 1619 493 in
1641 467 1755 496 sublime
1769 470 1823 497 eri-

1037 513 1119 541 gens;
1134 507 1231 541 partim
1246 513 1358 542 augusta
1373 509 1549 538 ecclesiarum
1563 513 1682 540 sacraria
1697 513 1822 549 plurimis

1038 552 1159 580 donariis
1175 560 1322 583 exornans.

1318 600 1431 629 CAPUT
1452 602 1541 629 XLlll.

1129 655 1167 684 De
1183 654 1351 684 Constantini
1366 659 1393 685 in
1408 667 1535 693 pauperes
1554 660 1732 696 beneﬁcentia.

1071 721 1161 750 Variis
1172 723 1289 758 denique
1301 725 1473 759 pecuniarum
1488 726 1668 756 divisionibus
1684 730 1819 764 egentium

1035 768 1153 803 ulopiam
1176 769 1340 801 sublevans,
1357 772 1492 799 extraneis
1517 779 1648 807 prteterea
1666 775 1712 809 qui
1730 776 1819 811 ipsum

1034 814 1160 847 adirent,
1179 814 1329 842 humanum
1353 823 1382 844 se
1399 824 1430 843 ac
1451 817 1593 846 liberalem
1606 821 1752 854 praebebat.
1780 822 1820 850 Ac

1035 860 1142 887 miseris
1159 860 1267 895 quidem
1292 861 1345 888 illis
1358 867 1385 889 et
1402 863 1514 898 abjectis
1532 865 1578 899 qui
1599 866 1625 893 in
1642 865 1702 894 foro
1716 868 1820 896 mendi-

997 903 1018 930 B
1033 910 1105 938 cant.
1119 914 1172 933 non
1186 907 1314 942 pecunias
1327 908 1412 935 solum
1424 914 1451 936 et
1461 909 1590 937 alimenta
1604 911 1635 938 ad
1654 913 1755 939 victum
1771 920 1819 940 ne-

1033 953 1150 980 cessaria
1163 972 1171 985 ,
1193 953 1239 980 sed
1262 956 1345 981 etiam
1360 959 1466 982 vestem
1489 957 1522 983 ad
1539 958 1679 991 legendam
1696 959 1818 994 corporis

1032 998 1181 1026 nuditatem
1198 1000 1365 1034 suppeditari
1388 1001 1479 1035 jussit.
1495 1002 1551 1029 Illis
1564 1010 1629 1030 vero
1643 1003 1687 1038 qui
1703 1012 1764 1031 cum
1776 1004 1818 1032 in-

1032 1045 1111 1078 genui
1127 1050 1208 1080 atque
1226 1046 1346 1080 opulenti
1364 1048 1439 1081 prius
1457 1048 1636 1080 exstitissent,
1656 1054 1746 1084 postea
1757 1058 1818 1077 mu-

1033 1094 1088 1116 tata
1101 1095 1175 1117 sorte
1190 1091 1216 1117 in
1233 1096 1370 1118 extremas
1384 1092 1555 1119 calamitates
1572 1094 1723 1121 inciderant
1735 1115 1742 1128 ,
1763 1095 1817 1122 lar-

1031 1135 1105 1170 giora
1127 1136 1189 1163 vitae
1213 1137 1335 1164 subsidia
1351 1138 1542 1165 commodavit.
1558 1139 1726 1174 Prorsusque
1743 1142 1816 1176 regio

1031 1182 1122 1209 animo
1136 1182 1280 1217 magniﬁca
1296 1184 1419 1217 quaedam
1445 1192 1556 1211 munera
1578 1185 1603 1211 iu
1619 1185 1751 1219 ejusmodi
1765 1188 1815 1214 lto-

1031 1228 1116 1254 mines
1140 1228 1284 1256 conferens
1297 1248 1305 1261 ,
1329 1229 1392 1256 aliis
1411 1237 1491 1264 agros
1507 1230 1588 1266 430
1602 1231 1711 1258 donavit
1725 1240 1733 1259 :
1749 1232 1815 1260 alios

1030 1274 1112 1300 variis
1136 1274 1312 1308 dignitatibus
1335 1276 1451 1302 ornavit.
1479 1276 1513 1303 Et
1529 1284 1622 1303 eorum
1640 1277 1746 1311 quidem
1768 1279 1813 1313 qui

1032 1319 1057 1346 in
1072 1320 1196 1347 orbitatis
1209 1321 1333 1349 miserias
1351 1322 1524 1354 incidissent,
1539 1324 1616 1357 quasi
1630 1328 1706 1358 pater
1720 1331 1813 1351 curam

1031 1365 1142 1400 gerebat
1160 1374 1167 1392 ι
1186 1367 1328 1394 viduarum
1356 1372 1448 1395 autent
1474 1369 1615 1396 mulierum
1638 1369 1812 1397 solitudinem

1030 1412 1174 1439 sublevans
1186 1433 1193 1444 ,
1218 1420 1265 1440 eas
1278 1414 1429 1447 patrocinio
1448 1422 1497 1441 suo
1512 1414 1629 1442 fovebat.
1645 1415 1715 1448 Quin
1729 1416 1812 1444 etiam

1029 1458 1147 1492 virgines
1172 1459 1331 1492 parentibus
1358 1459 1416 1486 suis
1441 1459 1551 1487 orbatas
1577 1461 1634 1494 ipse
1658 1461 1813 1490 hominibus

1028 1504 1165 1537 opulentis
1181 1512 1212 1532 ac
1230 1504 1409 1533 familiaribus
1422 1507 1478 1533 suis
1497 1507 1522 1533 in
1545 1507 1748 1535 matrimonium
1764 1508 1813 1536 de-

1029 1548 1077 1575 dit.
1092 1548 1174 1583 ldque
1191 1549 1307 1584 agebat,
1324 1557 1385 1577 cum
1401 1551 1475 1584 prius
1489 1551 1608 1578 dedisset
1625 1552 1789 1579 nubentibus
1800 1572 1810 1586 ,

1028 1601 1193 1628 quaecunque
1212 1595 1284 1630 ipsas
1298 1596 1365 1623 viris
1377 1596 1434 1623 suis
1450 1597 1574 1624 conferre
1591 1598 1742 1631 oportebat.
1758 1597 1811 1625 De—

1026 1639 1110 1674 nique
1123 1641 1350 1674 quemadmodum
1366 1641 1406 1668 sol
1422 1650 1503 1676 supra
1529 1648 1614 1669 terras
1629 1643 1755 1670 exoriens
1770 1643 1810 1670 lu-

1019 1687 1064 1714 'cis
1074 1694 1130 1714 sua:
1144 1687 1236 1715 radios
1249 1688 1353 1714 cunctis
1369 1687 1516 1715 liberaliter
1530 1689 1667 1722 impertit;
1680 1689 1721 1716 sic
1732 1688 1810 1723 plane

1023 1732 1221 1760 Constantinus
1235 1732 1322 1766 primo
1338 1732 1458 1760 diluculo
1474 1734 1625 1767 procedens
1641 1741 1673 1761 ex
1690 1734 1807 1768 palatio,

1023 1785 1055 1805 ac
1070 1786 1131 1805 cum
1146 1778 1252 1813 cmlesti
1270 1779 1335 1805 solis
1345 1779 1442 1813 jubare
1457 1779 1654 1813 quodammodo
1671 1781 1807 1813 exoriens,

1024 1824 1130 1851 cunctis
1153 1825 1315 1851 adeuntibus
1333 1824 1518 1851 beneﬁcentiae
1534 1832 1589 1851 suae
1604 1826 1692 1852 radios
1709 1826 1808 1861 imper-

1024 1869 1119 1896 tiebat.
1134 1869 1189 1897 Nec
1205 1870 1275 1897 ullus
1287 1877 1404 1904 unquam
1418 1870 1450 1896 ad
1468 1869 1541 1896 illum
1556 1871 1665 1905 propius
1681 1872 1805 1904 accessit,

1022 1917 1067 1951 qui
1087 1916 1206 1944 fructum
1227 1916 1341 1950 alicujus
1367 1915 1489 1944 beneﬁcii
1514 1924 1565 1943 non
1593 1917 1716 1944 rettulerit
1733 1925 1740 1943 :
1756 1924 1806 1944 nec

1022 1971 1069 1997 spe
1091 1970 1138 1990 sua
1154 1971 1272 1998 unquam
1291 1963 1414 1990 frustrati
1431 1968 1511 1997 sunt,
1527 1964 1571 1997 qui
1587 1963 1620 1990 ab
1633 1964 1691 1998 ipso
1704 1962 1805 1998 aliquid

1021 2010 1113 2036 auxilii
1129 2015 1342 2044 exspectassent.

1302 2078 1415 2105 CAPUT
1432 2077 1522 2104 XLIV.

1112 2124 1250 2157 Quomodo
1269 2125 1376 2160 synodi:
1393 2126 1570 2159 episcoporum
1587 2125 1715 2160 inlerfuil.

1056 2171 1095 2201 Ac
1110 2171 1273 2206 generaliter
1287 2172 1393 2206 quidem
1415 2180 1477 2206 erga
1491 2179 1587 2199 omnes
1602 2172 1681 2199 talem
1694 2180 1723 2199 se
1735 2179 1801 2208 pra:-

1024 2217 1103 2245 stitit.
1126 2217 1226 2243 Verum
1241 2217 1361 2244 ecclesia:
1373 2217 1418 2243 Dei
1435 2217 1568 2251 praecipue
1582 2224 1676 2244 curam
1694 2224 1800 2252 gerens,

190 2272 248 2299 μων
270 2265 407 2299 φροντίδα,
429 2265 630 2300 διαφερομένων
652 2266 732 2292 τινῶν
757 2267 825 2301 πρὸς
839 2267 970 2302 ἀλλήλους

1029 2271 1086 2291 cum
1114 2271 1160 2297 per
1182 2263 1305 2291 diversas
1325 2263 1477 2297 provincias
1492 2263 1601 2297 quidam
1622 2263 1691 2290 inter
1704 2271 1733 2290 se
1746 2263 1801 2290 dis-

189 2309 259 2336 κατὰ
277 2309 420 2345 διαφόρους
439 2309 539 2345 χώρας.
556 2307 600 2337 οἷά
615 2319 657 2342 τις
676 2311 763 2343 κοινὸς
776 2300 922 2344 ἐπίσκοπος
939 2313 971 2339 ἐκ

1029 2310 1156 2338 ιεηιίτθιιι
1169 2330 1177 2342 .
1200 2311 1258 2345 ipse
1270 2309 1343 2337 velut
1360 2310 1512 2336 communis
1526 2309 1644 2336 omnimn
1660 2309 1800 2344 episcopus

189 2355 257 2382 Θεοῦ
270 2355 478 2391 καθεσταμένος,
496 2356 619 2388 συνόδους
640 2356 694 2384 τῶν
708 2356 754 2383 τοῦ
775 2357 841 2383 Θεοῦ
856 2357 972 2393 λειτουρ-

188 2400 245 2434 γῶν
257 2402 422 2437 συνεκρότει.
439 2402 482 2428 Ἐν
496 2402 566 2438 μέσῃ
578 2402 606 2428 δὲ
622 2403 655 2437 τῇ
672 2402 773 2429 τούτων
789 2402 911 2439 διατριὸῇ
922 2403 972 2429 οὐκ

221 2498 278 2534 (94)
300 2499 364 2537 Κάν
387 2500 489 2533 τούτῳ.
510 2499 599 2527 Malim
634 2501 756 2529 scribere
778 2501 848 2528 κάπὶ
871 2501 966 2537 τούτῳ.

188 2534 215 2562 id
232 2540 283 2565 est,
298 2536 330 2561 ob
346 2542 403 2561 eam
419 2543 536 2563 causam.

224 2569 281 2605 (95))
308 2569 336 2596 ln
364 2570 442 2597 codd.
474 2569 540 2597 Fuk.
566 2577 597 2597 ac
624 2570 707 2605 Regio
731 2574 759 2597 et
782 2571 808 2597 in
832 2571 969 2599 veteribus

190 2605 299 2631 schedia
312 2609 393 2637 caput
406 2605 499 2638 incipit
514 2607 547 2631 ab
562 2605 603 2632 bis
613 2606 701 2632 verbis
713 2606 842 2637 παντοίας
856 2615 896 2638 τε,
912 2610 967 2633 etc.

217 2640 273 2674 (96)
298 2640 352 2666 Καὶ
376 2639 437 2672 τοῖς
460 2639 582 2671 ἔξωθεν.
611 2640 730 2667 Gentiles
754 2641 895 2675 intelligit,
922 2642 968 2675 qui

187 2679 267 2701 erant
280 2675 331 2707 ἔξω
347 2675 395 2710 τῆς
403 2674 573 2709 Ἐκκλησίας.
591 2675 671 2709 idque
683 2674 856 2710 conﬁrmatur
871 2684 901 2702 ex
924 2674 968 2702 ea-

187 2710 242 2746 pite
257 2708 389 2746 sequenti,
402 2710 446 2746 ubi
462 2708 498 2736 ait
513 2708 691 2746 :notvfbg'uév
704 2708 750 2737 οὖν
766 2711 833 2746 πρὸς
848 2710 969 2742 ἅπαντας

187 2743 223 2781 ἦν
233 2745 351 2781 τοιοῦτος
363 2752 370 2758 ·
385 2745 520 2781 ἐξαίρετον
535 2745 774 2781 δὲῖτῇἘκκλησίᾳ.
788 2743 857 2781 Etjn
875 2746 920 2773 lib.
935 2753 965 2778 tt,

187 2779 247 2813 cap.
263 2780 307 2817 2i:
321 2780 437 2817 τοσαῦτα
451 2780 499 2817 μὲν
512 2780 698 2817 τῇηἙκκλησίᾳ
711 2779 758 2807 τοῦ
771 2779 872 2817 Θεοῦναὶ
883 2789 967 2817 καταέ

187 2814 352 2852 πεμφθεζσαι
364 2815 462 2851 δωρεαὶ
471 2816 608 2850 παρεζχον-
623 2814 718 2852 δήμοις
725 2816 754 2842 δὲ
767 2816 822 2847 τοῖς
835 2815 910 2847 ἐκτὸς
922 2816 968 2842 καὶ

188 2851 270 2881 πᾶσιν
282 2850 378 2877 ἔθνεσι.

225 2884 281 2921 (97)
300 2885 366 2919 Ταῖς
388 2885 596 2922 rapat/ueram.
620 2886 688 2916 Male
708 2886 966 2926 Christophorsouus

1022 2364 1037 2384 a
1053 2357 1106 2384 Deo
1122 2357 1288 2383 constitutus
1300 2377 1307 2388 ,
1326 2356 1512 2382 ministrorum
1537 2356 1583 2383 Dei
1606 2355 1719 2382 concilia
1736 2363 1800 2382 con-

1023 2402 1154 2441 gregavit.
1181 2401 1236 2430 Nec
1259 2402 1418 2439 dedignatus
1436 2402 1531 2428 adesse
1553 2405 1580 2427 et
1604 2400 1746 2428 considere
1772 2400 1798 2428 in

1019 2506 1114 2535 nuptas
1132 2501 1335 2535 interpretatur.
1352 2498 1444 2531 Neque
1453 2497 1533 2535 enim
1554 2502 1642 2535 nupta:
1655 2519 1662 2529 ,
1679 2497 1726 2523 sed
1736 2505 1798 2535 Δ[ιιι-

1019 2531 1112 2564 beutes
1127 2531 1216 2562 dotem
1234 2534 1348 2561 offerunt
1371 2533 1485 2560 maritis.
1501 2532 1588 2559 Simili
1602 2539 1693 2559 errore
1706 2531 1798 2559 τελευ-

1018 2572 1122 2602 τῶντας
1135 2575 1251 2596 mortuos
1272 2569 1353 2595 vertit
1368 2568 1637 2602 Cbristopltorsonus,
1660 2571 1688 2594 ut
1707 2568 1796 2595 notavi

1018 2607 1051 2633 ad
1068 2606 1165 2632 librum
1179 2612 1195 2631 Χ
1211 2603 1337 2631 Historia:
1355 2603 1553 2629 ΕιεείιικὶιιιιίιντιξΔ

1054 2640 1109 2676 (98)
1130 2639 1248 2676 filo-stag
1274 2638 1299 2664 δ’
1322 2639 1456 2676 ἀνίσχων
1469 2657 1476 2663 .
1534 2637 1680 2676 filiumin
1704 2636 1796 2664 codice

1020 2672 1087 2710 Reg.
1100 2672 1136 2701 'ad
1154 2672 1336 2710 latus'borum
1347 2675 1490 2710 verborum
1504 2672 1653 2710 lmjusmndi
1667 2676 1730 2710 nota
1747 2679 1796 2705 ap-

1020 2707 1105 2745 posita
1121 2714 1178 2736 est:
1197 2709 1392 2745 mp.Qua2_nota
1404 2708 1557 2745 signiﬁcare
1582 2707 1793 2745 mibi_videtur:

1019 2741 1118 2781 ἑδραῖος
1139 2741 1286 2778 λόγοςέθυ
1301 2743 1398 2776 τόπος,
1422 2741 1447 2772 id
1473 2748 1524 2774 est,
1541 2742 1615 2769 locus
1638 2741 1745 2776 elegans
1768 2747 1795 2768 et

1019 2788 1150 2807 alumnus.

1056 2815 1110 2851 (99)
1121 2814 1359 2851 VKaloxd'raﬂlac.
1384 2813 1437 2851 Pro
1457 2811 1671 2851 benignitatem
1694 2811 1794 2851 bened-

1020 2846 1107 2877 ceutia
1121 2850 1171 2877 hoc
1183 2846 1346 2877 vocabulum
1360 2848 1442 2876 sumit
1457 2847 1595 2874 Eusebius.
1609 2846 1654 2875 Sic
1669 2847 1751 2875 etiam
1766 2847 1793 2875 in

1019 2885 1087 2914 libro
1102 2893 1119 2913 ι
1134 2884 1259 2913 Historia:
1274 2886 1342 2913 hanc
1355 2890 1446 2911 vocem
1460 2882 1607 2916 usurpavit.

1691 3148 1717 3180 Χ
