4132 6406
353 288 455 342 961

1435 289 1539 348 ·Ι)Ε
1578 291 1742 347 VITA
1780 288 2240 348 CONSTAN'I‘INI
2277 293 2403 350 LIB.
2446 297 2486 351 I.

3482 304 3591 360 962

350 408 514 462 stitia:
540 416 657 469 est.
694 407 977 477 insurgere
1033 408 1102 462 ad
1153 407 1484 478 puniendum
1525 407 1760 461 furorem
1794 407 2069 462 hominum
2131 411 2463 478 amentium,
2491 421 2752 482 quantum
2803 413 3117 468 earumdem
3156 415 3326 470 vicem
3386 414 3590 486 dolere,

346 512 609 558 extremae
641 505 994 558 humanitatis
1022 515 1126 559 est.

845 593 1238 651 ΚΕΦΔΛΑΙΟΝ
1275 597 1426 664 Μετ’.

771 692 942 745 Νῖκαι
987 689 1134 744 κατὰ
1161 688 1500 757 βαρϐάρων.

418 774 546 833 Ὧδε
582 780 680 850 μὲν
707 779 795 834 τὸν
815 779 922 832 τῶν
942 779 1195 833 ἁπάντων
1229 778 1422 848 ἔφορον
1458 775 1591 828 Θεὸν
1625 773 1714 828 διὰ
1738 775 1920 846 πάσης

349 872 601 943 βασιλεὺς
630 871 945 941 θεραπεύων
983 871 1264 942 πράξεως,
1305 870 1535 940 ἄτρυτον
1561 867 1638 938 (7)
1683 867 1919 920 ἐποιεῖτο

345 964 445 1034 τὴν
486 963 592 1017 τῶν
636 963 939 1033 ἐκκλησιῶν
973 962 1137 1016 αὑτοῦ
1182 961 1459 1033 πρόνοιαν.
1513 959 1644 1022 Θεὸς
1687 959 1732 1012 δ’
1756 958 1916 1012 αὑτὸν

347 1051 722 1121 ἀμειῦόμενος,
753 1051 929 1104 πάντα
962 1051 1093 1121 γένη
1129 1049 1416 1122 βαρϐάρων
1447 1052 1558 1111 τοῖς
1596 1047 1758 1101 αὑτοῦ
1785 1046 1917 1101 καθ-

343 1145 607 1196 υπέταττε
651 1145 839 1208 ποσὶν,
880 1143 954 1207 ὡς
1001 1145 1094 1196 καὶ
1139 1145 1314 1214 πάντη
1359 1141 1634 1212 πανταχοῦ
1679 1141 1914 1211 τρόπαια

341 1235 462 1288 κατ’
492 1234 699 1306 ἐχθρῶν
746 1234 1006 1306 ἐγείρεινο
1040 1235 1266 1305 νικητήν
1319 1235 1364 1286 τ’
1399 1231 1559 1287 αὑτὸν
1605 1230 1756 1302 παρὰ
1800 1233 1913 1292 τοῖς

337 1327 506 1378 πᾶσιν
543 1325 931 1394 ἀνεκήρυττεν,
972 1323 1228 1392 ὲπίφοϐόν
1269 1340 1329 1375 τε
1365 1321 1576 1393 ἐχθροῖς
1621 1321 1715 1374 καὶ
1757 1318 1912 1372 πολει⁵

339 1421 487 1489 μίοις
513 1418 760 1485 καθίστη,
784 1417 884 1470 οὐκ
917 1415 1044 1468 ὄντα
1087 1415 1184 1484 τὴν
1217 1413 1377 1483 φύσιν
1404 1411 1666 1475 τοιοῦτον,
1693 1410 1911 1482 ἡμερώ-

333 1529 494 1565 τατον
521 1512 576 1564 δὲ
606 1511 698 1564 καὶ
732 1509 1034 1580 πραότατον
1068 1508 1160 1562 καὶ
1189 1503 1716 1586 φιλανθρωπότατον,
1750 1503 1802 1557 εί
1826 1518 1908 1567 τις

334 1601 558 1654 πώποτε
584 1601 675 1654 καὶ
698 1600 874 1662 ἄλλος.

852 1762 1245 1818 ΚΕΦΑΛΛῘΟΝ
1282 1764 1334 1816 Μ
1341 1765 1413 1816 Z'.

334 1856 667 1925 Μαξιμίνου
684 1856 1054 1924 θελήσαντος
1073 1851 1498 1907 ἐπιϐουλεῦσαι
1518 1851 1788 1925 θάνατος,
1807 1849 1908 1903 καὶ

407 1921 614 2012 ἇὲιξίων
663 1927 770 1993 οὓς
816 1921 887 1991 ἐξ
946 1926 1381 1993 ἀποκαλύψεως
1439 1921 1890 1987 Κωνστιιντῖνος
1934 1954 1978 2012 Β

399 1993 596 2063 εὗρεν.

413 2091 502 2142 Ἐν
547 2089 757 2152 τούτοις
788 2087 831 2141 δ’
861 2087 974 2140 ὄντι
1003 2086 1172 2158 αὐτῷ,
1209 2084 1456 2157 μηχανὴν
1502 2083 1733 2137 θανάτου
1775 2086 1902 2154 συρι

334 2182 554 2254 ράπτων
588 2180 747 2244 ἁλοὺς
781 2179 888 2233 τῶν
923 2178 1020 2250 τὴν
1057 2178 1230 2250 ἀρχὴν
1265 2175 1616 2246 ἀποθεμένων
1654 2178 1682 2228 ὁ
1723 2174 1902 2227 δεύτε-

331 2290 426 2344 ρος
461 2273 556 2343 (8),
600 2273 864 2343 αἰσχίστῳ
909 2270 1274 2341 καταστρέφει
1305 2269 1537 2340 θανάτῳ.
1579 2267 1802 2339 Πρώτου
1844 2268 1900 2320 δὲ

327 2365 518 2418 τούτου
569 2365 642 2434 (9)
673 2364 768 2427 τὰς
803 2365 894 2416 ἐπὶ
924 2365 1056 2433 τιμῇ
1099 2360 1336 2432 γραφάς,
1370 2360 1690 2431 ἀνδριάντας
1718 2376 1776 2411 τε
1809 2359 1900 2412 καὶ

324 2456 426 2508 ὅσα
455 2455 586 2510 ἄλλα
609 2454 832 2507 τοιαῦτα
861 2454 945 2506 ἐπ’
974 2452 1223 2506 ἀναθέσει
1255 2453 1420 2523 τιμῆς
1446 2451 1747 2520 νενόμιστο.
1773 2467 1902 2502 παν-

322 2548 492 2618 ταχοῦ
528 2547 652 2618 γῆς,
682 2548 774 2600 τοῦ
809 2546 1022 2602 ἀνοσίου
1056 2563 1115 2599 τε
1155 2546 1251 2599 καὶ
1281 2543 1573 2607 δυσσεϐοῦς
1602 2543 1895 2614 καθῄρουν.

325 2637 462 2694 Εἶτα
482 2641 537 2693 δὲ
563 2641 654 2693 καὶ
687 2640 823 2711 μετά
853 2639 1041 2693 τοῦτον
1064 2638 1169 2692 τῶν
1194 2638 1329 2709 πρὸς
1355 2637 1546 2705 γένους
1570 2637 1744 2708 ἕτεροι
1774 2655 1900 2709 κρυ-

323 2733 480 2802 φίους
512 2732 660 2801 αὐτῷ
688 2732 1090 2803 συρράπτοντες
1131 2729 1420 2793 ἐπιϐουλάς
1451 2729 1754 2800 ἡλίσκοντο,
1803 2747 1900 2782 πα-

327 2825 560 2895 ραδόξως
606 2825 699 2878 τοῦ
736 2825 871 2878 Θεοῦ
909 2825 1007 2888 τὰς
1056 2823 1260 2876 τούτων
1305 2825 1558 2877 ἁπάντων
1591 2823 1784 2892 βουλὰς
1819 2822 1897 2893 τῷ

320 2917 487 2970 αὐτοῦ
516 2916 806 2988 θεράποντι
836 2913 924 2970 διά
970 2917 1268 2987 φασμάτων
1309 2913 1757 2978 ὲκκαλύπτοντος.
1788 2915 1898 2968 Καὶ

319 3012 430 3082 γὰρ
454 3010 516 3082 δὴ
554 3012 646 3063 καὶ
676 3009 992 3079 θεοφανείας
1025 3010 1185 3062 αὑτὸν
1233 3007 1490 3072 πολλάκις
1519 3007 1694 3076 ἠξίου,
1731 3025 1897 3079 παρα-

317 3101 579 3165 δοξότατα
603 3101 751 3164 θείας
779 3102 955 3171 ὅψεως
985 3101 1414 3171 ὲπιιραινομένης
1444 3099 1611 3169 αὐτῷ,
1638 3099 1897 3163 παντοίας

316 3205 380 3245 τε
406 3192 750 3263 παρεχούσης
784 3192 1124 3264 πραγμάτων
1159 3190 1376 3244 ἔσεσθαι
1429 3190 1728 3262 μελλόντων
1764 3207 1897 3261 προ-

1945 601 1994 660 Α
2582 593 2811 651 CAPUT
2845 595 3027 652 XLVI.

2383 684 2624 739 Victoriae
2655 686 2720 739 de
2761 687 3002 740 barbaris
3030 687 3231 742 relatw.

2089 775 2154 830 Et
2191 776 2487 846 imperator
2516 777 2738 846 quidem
2779 778 2842 831 ad
2875 780 3016 832 hunc
3047 783 3263 834 modum
3309 782 3361 836 in
3412 783 3591 838 omni-

2016 864 2117 920 bus
2157 866 2273 921 suis
2322 867 2534 921 actibus
2578 867 2686 921 Deo
2738 867 2980 921 omnium
3043 869 3333 939 inspectori
3381 873 3587 927 cultum

2015 958 2321 1022 exhibens,
2374 952 2634 1012 Ecclesiis
2677 958 2795 1027 ejus
2849 959 3175 1014 inconcussa
3225 961 3589 1019 sollicitudine

2013 1051 2350 1120 providebat.
2390 1050 2530 1105 Deus
2557 1066 2686 1106 vero
2710 1052 2759 1106 ei
2795 1052 2966 1106 vicem
2999 1055 3325 1122 rependens,
3359 1067 3589 1115 cunctas

2013 1141 2125 1198 fere
2155 1144 2416 1198 barbaras
2445 1154 2635 1214 gentes
2683 1146 2914 1214 pedibus
2961 1145 3106 1200 illius
3135 1147 3403 1216 subjecit;
3453 1151 3588 1204 adeo

2015 1243 2072 1287 ut
2104 1242 2303 1301 tropaea
2341 1235 2541 1304 ubique
2593 1234 2660 1290 de
2715 1227 2969 1290 hostibus
3014 1237 3270 1306 erigeret.
3305 1237 3462 1292 lllum
3507 1239 3588 1294 vi-

2012 1335 2214 1380 ctorem
2247 1328 2385 1396 apud
2416 1342 2608 1382 omnes
2654 1327 2912 1383 mortales
2963 1328 3162 1383 illustri
3195 1331 3466 1399 praeconio
3498 1345 3578 1385 re-

2012 1419 2318 1484 nuntiavit;
2365 1419 2515 1472 illum
2543 1419 2938 1474 formidabilem
2983 1419 3223 1475 inimicis
3257 1432 3312 1475 et
3339 1421 3584 1478 hostibus

2011 1511 2266 1578 reddidit,
2293 1511 2544 1580 quamvis
2575 1520 2772 1578 suapte
2808 1521 3003 1564 natura
3036 1511 3259 1567 minime
3292 1513 3416 1568 talis
3441 1554 3456 1578 ,
3487 1514 3582 1569 sed

2010 1598 2190 1667 potius
2229 1599 2725 1661 mansuetissimus,
2757 1599 3075 1656 lenissimus
3101 1611 3266 1672 atque
3296 1604 3582 1660 humanis-

2009 1689 2178 1743 simus
2198 1697 2343 1744 esset
2369 1689 2609 1744 omnium
2643 1693 2976 1746 mortalium.
3463 1681 3466 1683 ’

2559 1777 2785 1835 CAPUT
2822 1781 3028 1836 XLVII.

2061 1868 2206 1924 Mors
2239 1869 2556 1942 Maximiani
2583 1881 2629 1924 et
2667 1871 2891 1925 aliorum
2920 1889 3140 1942 quorum
3165 1874 3389 1927 insidias
3420 1873 3532 1929 Deo

2219 1942 2474 1994 revelant:
2517 1939 2894 1996 Constantinus
2930 1939 3361 2012 deprehenderat.

2070 2095 2196 2151 Haec
2235 2097 2365 2151 dum
2411 2098 2478 2152 ab
2529 2113 2595 2153 eo
2643 2109 2923 2168 geruntur,
2960 2099 3095 2154 alter
3139 2115 3330 2155 eorum
3367 2102 3460 2172 qui
3507 2117 3568 2158 se

2003 2182 2225 2252 imperio
2263 2186 2671 2253 abdicaverant,
2700 2203 2819 2242 cum
2857 2189 3082 2243 insidias
3119 2192 3170 2244 in
3221 2193 3337 2260 ejus
3387 2207 3574 2247 necem

2000 2287 2370 2345 compararet,
2403 2279 2776 2347 deprehensus
2809 2281 3123 2350 turpissimo
3155 2284 3347 2338 mortis
3377 2300 3577 2354 genere

2002 2366 2226 2421 interiit.
2272 2367 2606 2439 Primusque
2652 2371 2738 2425 hic
2776 2383 2860 2426 est
2903 2371 3060 2441 cujus
3095 2383 3284 2442 utpote
3330 2376 3478 2444 impii
3513 2391 3578 2431 ac

2000 2458 2250 2514 scelerati
2287 2462 2524 2517 hominis
2551 2463 2824 2534 imagines
2849 2480 3038 2520 omnes
3072 2465 3236 2538 432
3264 2477 3318 2520 et
3347 2475 3566 2534 statuae,

2000 2560 2303 2621 ceteraque
2332 2553 2382 2606 id
2418 2569 2586 2625 genus
2619 2567 2964 2612 monumenta
2996 2575 3118 2628 quae
3154 2562 3379 2617 honoris
3408 2578 3572 2617 causa

1998 2639 2130 2709 erigi
2181 2640 2391 2707 solent,
2435 2643 2636 2712 ubique
2675 2657 2940 2700 terrarmu
2981 2647 3194 2718 dejecta
3243 2660 3389 2707 sunt.
3446 2653 3577 2707 Post

1999 2729 2142 2786 hunc
2174 2734 2264 2787 alii
2294 2749 2510 2804 quoque
2541 2736 2945 2804 propinquitate
2999 2740 3214 2807 generis
3255 2741 3525 2808 conjuncti
3556 2784 3572 2806 ,

1998 2838 2119 2878 cum
2146 2825 2364 2878 occulte
2385 2827 2433 2879 ei
2465 2827 2878 2892 insidiarentur,
2905 2828 3230 2898 deprehensi
3261 2843 3424 2898 sunt;
3465 2834 3576 2889 Deo

1997 2914 2206 2968 scilicet
2263 2926 2458 2969 cuneta
2521 2900 2733 2971 illorum
2785 2920 3009 2973 consilia
3058 2921 3291 2976 mirabili
3337 2923 3568 2992 quodam

1998 3008 2159 3060 modo
2209 3022 2305 3075 per
2352 3008 2588 3063 visiones
2637 3008 2838 3063 famqu
2865 3026 2964 3065 suo
3007 3012 3306 3083 detegente.
3346 3013 3476 3068 Nam
3518 3027 3573 3068 et

1996 3099 2340 3165 praesentiam
2371 3115 2523 3154 suam
2556 3101 2604 3154 ei
2640 3102 2838 3170 saapius
2869 3103 3130 3159 exhibere
3161 3105 3415 3174 dignatus
3443 3117 3570 3174 est;

1997 3190 2176 3244 divina
2221 3192 2427 3248 scilicet
2477 3195 2657 3261 specie
2705 3211 2802 3262 per
2849 3213 3116 3251 summum
3151 3199 3472 3256 miraculum
3519 3202 3571 3259 ei

317 3283 569 3352 γνώσεις.
603 3285 682 3338 Τά
713 3284 808 3354 μὲν
839 3280 930 3336 οὖν
964 3285 1028 3338 ὲκ
1057 3283 1191 3336 Θεοῦ
1222 3283 1444 3353 χάριτος
1475 3283 1743 3353 ἀδιήγητα
1773 3282 1891 3336 θαύ-

1999 3294 2318 3350 apparente,
2351 3299 2417 3338 ac
2462 3285 2764 3339 futurarum
2809 3303 2990 3343 rerum
3035 3292 3434 3358 praescientiam
3468 3295 3569 3364 ipsi

322 3394 466 3448 ματα
511 3377 621 3430 οὐδ’
654 3377 766 3430 ἔστι
816 3375 958 3446 λόγῳ
995 3375 1306 3445 περιλαϐεῖν
1346 3375 1598 3439 δυνατὸν,
1655 3375 1754 3428 ὅσα
1788 3393 1892 3448 περ

316 3468 451 3531 Θεὸς
498 3465 659 3530 αὐτὸς
691 3465 768 3536 τῷ
801 3466 964 3519 αὑτοῦ
994 3466 1282 3537 θεράποντι
1305 3465 1564 3536 παρέχειν
1593 3462 1782 3534 ἠξίου,⁸
1810 3461 1892 3529 οἷς

314 3559 380 3630 δὴ
415 3558 820 3632 πεφραγμένος,
851 3561 908 3611 ὲν
940 3557 1172 3627 ἀσφαλεῖ
1203 3557 1386 3610 λοιπὸν
1425 3557 1522 3626 τὴν
1571 3556 1713 3626 ζωὴν
1738 3557 1891 3626 διῆγε

315 3653 523 3724 χαίρων
547 3653 643 3724 μὲν
665 3653 756 3705 ἐπὶ
781 3654 846 3722 τῇ
877 3650 984 3705 τῶν
1014 3650 1328 3722 ἀρχομένων
1354 3650 1555 3720 εὐνοίᾳ,
1591 3648 1796 3718 χαίρων
1834 3648 1890 3702 δὲ

316 3748 412 3800 καὶ
433 3747 516 3816 ἐφ’
534 3741 614 3810 οἷς
644 3748 769 3808 τοὺς
799 3745 888 3797 ὑπ’
915 3741 1075 3796 αὑτὸν
1100 3743 1306 3804 πάντας
1337 3739 1568 3810 εὔθυμον
1593 3737 1893 3791 διατελοῦν-

388 3929 462 4000 (τ)
497 3926 658 4002 Ναὶς.
693 3928 998 4002 Ἀτρωτον.
1035 3922 1148 4002 Etsi
1179 3922 1293 3976 lucc
1326 3936 1429 4002 vox
1461 3922 1741 4001 commode
1789 3937 1884 4002 ex-

317 3993 507 4068 plicari
547 3993 721 4066 poicst
751 3993 817 4050 de
859 3994 1238 4068 Constantino,
1268 3993 1421 4058 cujus
1456 3993 1691 4068 animum
1727 3993 1882 4068 exul-

316 4060 501 4123 cerare
533 4060 696 4136 atque
745 4067 1076 4138 exacerbare
1119 4079 1390 4138 nunquam
1436 4061 1610 4138 potuit
1661 4060 1880 4115 Donati-

317 4149 521 4191 starnm
552 4133 964 4202 et‘reliqnoram
995 4133 1254 4202 ejusmodi
1291 4133 1671 4185 lueretieorum
1703 4147 1883 4184 amen-

318 4209 414 4268 tia,
441 4210 647 4262 mallem
679 4218 853 4260 tamen
885 4207 985 4259 hoc
1016 4205 1132 4257 loco
1161 4205 1396 4255 scribere
1417 4202 1644 4270 ἄτρυτον
1667 4216 1678 4227 ·
1709 4218 1882 4268 neque

315 4282 482 4339 enim,
508 4293 626 4332 meo
648 4277 860 4344 quidem
891 4275 1115 4340 judicio,
1140 4283 1287 4326 recte
1311 4272 1422 4344 dici
1451 4271 1881 4344 potest_‘&‘:pm'cov

312 4351 546 4402 δποιεῖτο
571 4341 678 4418 τὴν
703 4347 977 4418 πρόνοιαν.
1007 4345 1205 4418 Contra
1240 4359 1364 4395 vero
1394 4341 1635 4412 ἀτρυτονξ
1665 4341 1880 4418 elegan-

315 4421 522 4472 tissime
554 4414 784 4478 dicetur,
818 4419 869 4468 id
907 4427 1010 4478 est,
1043 4415 1356 4479 indefessam
1401 4427 1581 4463 curam
1619 4428 1679 4462 nc
1713 4414 1883 4473 provi-

314 4491 544 4541 dentiam
595 4487 821 4553 gerebat.
858 4487 947 4540 Sic
993 4487 1042 4537 in
1095 4485 1230 4535 libro
1269 4498 1304 4536 ll
1329 4522 1342 4542 ,
1383 4498 1500 4553 cap.
1537 4482 1633 4546 14,
1676 4481 1880 4535 ἄϋπνον

312 4551 669 4628 ἐποιεῖτογτὴν
703 4557 840 4628 ὑπὲρ
860 4555 977 4628 ,τῶν
1004 4553 1195 4628 κοινῶν
1222 4551 1499 4628 φροντίδα.

383 4632 458 4697 (3)
505 4622 639 4682 Τῶν’
676 4622 1035 4697 τὴνάρχὴν
1086 4623 1529 4697 ἀποθξμένωηῤ
1580 4622 1876 4697 δεύτερος.

313 4693 700 4751 Maximianum
738 4693 1062 4751 rllerculium
1122 4695 1390 4758 intelligit.
1451 4693 1546 4744 llic
1598 4695 1743 4745 enim
1795 4708 1884 4746 se-

313 4771 548 4822 cundum
580 4768 789 4831 imperii
827 4768 999 4821 locum
1033 4765 1364 4822 obtinuerat,
1395 4775 1624 4830 eumque
1659 4762 1880 4815 insidias

314 4839 574 4893 adversus
638 4837 1052 4891 Constantinum
1120 4835 1441 4894 struxisset,
1505 4833 1880 4899 deprehensus

315 4911 503 4963 fractis
555 4910 745 4976 laqueo
799 4907 1043 4960 faucibus
1094 4905 1320 4976 interiit.
1366 4903 1469 4956 Sed
1520 4911 1570 4976 el
1621 4919 1739 4976 qua;
1787 4917 1874 4976 se-

313 4991 556 5047 quuntur
602 4971 667 5030 de
722 4978 1049 5042 imaginibus
1120 4973 1234 5040 ejus
1284 4983 1338 5026 et
1388 4972 1584 5047 Statnis
1617 4971 1878 5047 _dejectis

310 5041 476 5119 atque
525 5049 796 5119 abolitis,_
824 5048 1105 5119 perspicue
1152 5051 1421 5119 testantur
1491 5041 1874 5119 lilaximiannm

315 5112 622 5173 Herculium
665 5118 752 5171 hic
787 5112 1031 5184 intelligi.
1064 5115 1234 5184 Quod?
1259 5114 1300 5166 si
1340 5127 1522 5165 verum
1555 5112 1878 5184 est,ifaadi_sf

311 5191 510 5243 simqu
545 5204 785 5242 errorem
835 5187 921 5240 hic
953 5181 1168 5238 admisit
1200 5183 1481 5244 Eusebius,
1509 5184 1597 5248 qui
1641 5181 1875 5236 Herculii

313 5272 540 5313 mortem
599 5260 760 5312 refert
812 5256 1270 5327 postrvictoriam.
1298 5255 1399 5327 de__
1418 5252 1704 5327 Maxentio,
1751 5268 1874 5304 cum

312 5338 489 5383 tamen
538 5340 743 5384 certmn
795 5321 866 5380 εἰι
919 5326 1300 5379 Maximianum
1360 5321 1673 5375 Herculium
1725 5337 1866 5373 mor-

313 5409 462 5452 tuum
491 5415 613 5453 esse
647 5401 863 5452 biennio
889 5407 1014 5450 ante
1045 5396 1250 5449 cladem
1281 5393 1558 5458 Maxentii,
1592 5408 1734 5444 anno
1770 5391 1877 5446 5l0

309 5468 518 5522 Natalis
549 5469 832 5522 Dominiei.
862 5466 992 5534 Quis
1019 5481 1146 5519 vero
1178 5465 1367 5517 credat
1396 5473 1599 5534 tantum
1634 5477 1872 5534 errorem

309 5541 378 5592 ab
410 5540 641 5594 Eusebio
683 5532 899 5593 horunr
930 5548 1232 5604 temporum
1259 5532 1490 5604 aequali
1522 5533 1731 5584 admitti
1760 5547 1875 5604 Δρο-

311 5611 514 5662 tuisse?
556 5611 710 5663 Adde
761 5608 904 5676 quod
957 5601 1146 5661 titulus
1183 5602 1570 5676 hujus_capi_tis
1606 5601 1872 5676 non_M_a-

308 5679 556 5744 xitniani,
581 5681 674 5734 sed
705 5671 977 5732 Maximini
1007 5690 1201 5728 nomen
1231 5673 1466 5740 ιιι-κτενί.
1499 5672 1680 5739 Itaque
1717 5671 1872 5724 facile

309 5749 550 5804 adducor
602 5759 656 5802 ut
704 5750 920 5803 credam
971 5749 1112 5801 hunc
1145 5745 1322 5798 locum
1353 5753 1668 5809 corruptum
1723 5757 1864 5802 esse,

1998 3385 2340 3445 suggerente.
2396 3376 2459 3430 Et
2511 3378 2914 3446 inexplicabilia
2964 3381 3185 3449 quidem
3239 3383 3329 3437 illa
3375 3386 3569 3441 divina:

1997 3468 2191 3537 gratiae
2230 3467 2484 3522 miracula
2514 3507 2530 3532 ,
2576 3483 2694 3537 quae
2730 3469 2872 3524 Deus
2909 3472 3022 3541 ipse
3054 3473 3254 3528 famulo
3283 3490 3382 3530 suo
3431 3493 3570 3546 prte-

1997 3566 2142 3612 stare
2172 3557 2421 3627 dignatus
2450 3568 2556 3623 est,
2579 3575 2646 3614 ne
2677 3563 3058 3630 comprehendi
3090 3565 3307 3632 quidem
3340 3568 3569 3622 dicendo

1995 3649 2153 3705 facile
2187 3661 2434 3719 possunt.
2467 3651 2677 3718 Quibus
2709 3652 2797 3706 ille
2826 3655 3064 3708 munitus
3089 3694 3104 3719 ,
3135 3657 3402 3725 reliquum
3431 3670 3567 3713 tem-

1997 3751 2097 3805 pus
2125 3739 2300 3790 aetatis
2331 3738 2599 3792 tutissime
2641 3739 2920 3807 traduxit;
2966 3750 3076 3793 tum
3126 3755 3189 3794 ex
3222 3743 3562 3799 subditorum

1993 3924 2154 3985 atque
2210 3917 2282 3970 ita
2344 3918 2619 3973 emendari
2678 3917 2874 3988 debere
2919 3938 2931 3973 :
2979 3918 3099 3971 Τῶν
3155 3921 3234 3981 είς
3289 3918 3562 3988 βασιλείαν

1989 3988 2475 4070 πρρχειρισθέντων
2507 3986 2756 4069 ὑπατῶν
2790 3989 3109 4070 ,τὴνάρχὴν
3153 3986 3503 4070 ἀποθεμένων
3539 3996 3560 4046 5

1986 4057 2266 4129 δεύτερος,
2316 4072 2372 4112 ιιι
2419 4059 2739 4129 Maximinus
2789 4057 2873 4113 hic
2911 4057 3260 4128 intelligatur,
3313 4057 3402 4126 qui
3455 4079 3558 4117 una

1989 4143 2109 4182 cum
2153 4128 2356 4182 Severo
2393 4129 2573 4183 Caesar
2617 4128 2793 4182 factus
2821 4138 2904 4181 est
2932 4145 2958 4181 a
2995 4129 3329 4184 Diocletiano
3360 4140 3416 4183 et
3446 4132 3560 4184 Ma-

1988 4200 2260 4259 ximiano,
2316 4209 2442 4254 tunc
2499 4215 2621 4268 cum
2686 4213 2978 4268 purpuram
3047 4200 3447 4268 deposuerunt,
3501 4212 3558 4256 ut

1986 4268 2172 4321 scribit
2221 4268 2419 4322 l'datius
2469 4269 2523 4322 in
2574 4267 2774 4322 Fastis.
2823 4269 2888 4322 Et
2938 4270 3017 4322 sic
3069 4267 3368 4338 temporum
3422 4274 3558 4326 ordo

1989 4339 2127 4405 apud
2165 4338 2452 4392 Eusebium
2509 4351 2655 4392 recte
2706 4340 2980 4407 procedet.
3032 4338 3358 4392 Maximinus
3407 4341 3554 4394 enim

1988 4416 2110 4474 post
2165 4409 2445 4461 victoriam
2500 4409 2565 4462 de
2622 4409 2895 4463 Maxentio
2950 4411 3187 4474 interiit,
3242 4419 3297 4462 et
3336 4411 3553 4476 quidem

1913 4464 1956 4518 Ι)
1987 4464 2176 4547 inertis
2229 4493 2426 4545 genere
2478 4481 2808 4547 turpissimo,
2854 4489 2912 4532 ut
2955 4464 3457 4535 scribit'Eusebius
3502 4482 3554 4535 in

1986 4545 2125 4600 libro
2154 4563 2271 4607 vui.
2309 4563 2423 4616 cap.
2456 4549 2510 4602 9.

2054 4618 2130 4689 (9)
2177 4615 2518 4687 ang.,iﬂpb
2573 4616 2657 4689 ea
2701 4619 2935 4672 τούτου.
2996 4617 3139 4684 Lego
3220 4615 3436 4689 πρώτου
3495 4617 3552 4671 δὲ

1980 4687 2192 4751 τούτου,
2221 4704 2282 4741 ex
2326 4690 2460 4742 libro
2490 4704 2578 4741 vin
2612 4687 2868 4741 Historia:
2896 4687 3280 4750 ecclesiasticas,
3307 4704 3427 4755 cap.
3457 4689 3549 4751 25,

1983 4761 2072 4812 ubi
2103 4768 2245 4812 totus
2270 4760 2356 4812 hic
2382 4762 2530 4812 locus
2559 4760 2746 4812 iisdem
2780 4759 2892 4811 fere
2918 4759 3100 4811 verbis
3130 4758 3346 4823 legitur.
3382 4759 3550 4812 Porro

1981 4830 2121 4895 quod
2180 4830 2257 4882 ait
2332 4829 2594 4882 Eusebius
2659 4826 2986 4880 Maximiano
3064 4829 3312 4881 Ilerculio
3376 4829 3549 4895 primo

1983 4899 2222 4952 Omnium
2269 4900 2578 4967 contigisse,
2612 4909 2666 4950 ut
2705 4908 2895 4951 statua:
2937 4898 3053 4966 ejus
3088 4908 3250 4965 atque
3284 4899 3548 4967 imagines

1982 4969 2182 5036 ubique
2227 4969 2468 5020 locormn
2504 4969 2958 5036 disturbarentur,
3008 4967 3057 5019 id
3096 4969 3296 5020 nemini
3351 4984 3545 5020 mirum

1981 5032 2150 5091 videri
2195 5038 2381 5092 debet.
2406 5037 2517 5091 IIoc
2553 5039 2700 5090 enim
2731 5038 2811 5090 sic
2845 5032 3144 5105 i'ntelligere
3175 5039 3452 5101 debemus,
3490 5046 3548 5091 ut

1979 5124 2102 5162 cum
2149 5109 2280 5161 dicit
2324 5111 2552 5177 primum
2585 5108 2824 5160 untnium
2874 5108 3249 5161 Constantium
3289 5107 3543 5161 Chlorum

1980 5179 2120 5231 inter
2153 5179 2306 5231 divos
2351 5180 2575 5230 relatqu
2623 5177 2810 5230 fuisse.
2858 5177 3095 5230 Primum
3141 5178 3273 5230 dicit
3309 5194 3375 5229 ex
3424 5192 3545 5227 om—

1979 5249 2139 5301 nibus
2176 5263 2311 5313 quos
2345 5249 2560 5314 quidem
2597 5246 2806 5301 viderat
2840 5247 3276 5310 imperatoribus.
3314 5245 3465 5311 Quod
3499 5246 3546 5298 si

1977 5323 2099 5386 quis
2132 5319 2245 5370 base
2275 5317 2342 5370 de
2377 5317 2668 5370 Maximino
2701 5317 2999 5386 intelligere
3049 5319 3220 5378 malit,
3263 5315 3548 5386 sententiaer

1979 5384 2089 5440 suae
2139 5388 2542 5453 astipulatorem
2603 5389 2762 5442 habet
2812 5384 3134 5450 Euisebittm,
3183 5387 3270 5453 qui
3328 5386 3381 5438 in
3436 5384 3545 5438 (ine

1976 5458 2096 5512 libri
2175 5472 2231 5510 lx
2311 5459 2509 5510 diserte
2569 5469 2796 5512 testatur
2862 5469 3071 5512 statuas
3128 5471 3317 5511 omnes
3379 5462 3549 5520 atque

1973 5530 2240 5650 ifniagines
2294 5526 2570 5584 Maximini
2628 5537 2750 5598 post
2808 5527 2925 5598 ejus
2979 5531 3185 5584 obitum
3219 5523 3551 5597 confractao

2000 5613 2158 5650 uisse.

2000 5613 2158 5654 111858.
