4132 6406
633 273 739 330 965

1338 260 1607 330 EUSEBII
1645 271 2126 330 CESARIENSIS
2163 271 2312 328 OPP.
2353 272 2534 329 PARS
2571 271 2616 328 l.
2653 304 2722 314 —-
2759 271 3148 332 HISTORICA.

3809 278 3904 334 961

632 396 1007 455 benevolentia
1060 395 1354 450 maximam
1403 397 1626 466 capiens
1675 397 2048 466 voluptatem;
2095 405 2198 450 tum

2307 411 2406 457 τας
2446 394 2558 465 βίον
2601 394 2776 466 ἐώρα·
2825 396 3284 467 ὑπερϐαλλόντως
3321 392 3388 447 δὲ
3438 394 3908 470 ἐνευφραινόμινος

632 506 701 546 ex
732 504 799 544 eo
827 488 971 557 quod
998 497 1222 542 cunctos
1251 488 1477 556 imperio
1503 503 1602 543 suo
1617 487 1892 556 subjectos
1918 487 1970 542 in
1996 503 2208 542 summa

639 583 1024 655 tranquillitate
1068 599 1132 639 ac
1183 582 1370 640 laetitia
1440 585 1640 655 degere
1692 585 1911 640 videbat
1975 601 1990 640 :

633 679 834 753 gaudio
863 679 1122 750 gestiens.

1170 770 1397 826 CAPUT
1431 768 1661 825 XLVIII.

1065 863 1405 919 Constantini
1434 864 1766 931 decennajia.

705 956 839 1011 Dum
883 957 937 1011 in
977 956 1080 1011 hoc
1130 965 1274 1011 statu
1303 965 1489 1021 esset,
1539 958 1783 1011 decimus
1829 955 2040 1026 imperii
2086 947 2208 1026 eius

632 1063 808 1105 annus
841 1048 1092 1105 evolutus
1123 1058 1226 1102 est.
1277 1047 1446 1115 Cujus
1477 1047 1554 1102 rei
1600 1063 1766 1103 causa
1817 1048 1968 1102 festis
2017 1047 2208 1103 diebus

632 1156 731 1212 per
753 1142 1071 1196 universum
1097 1141 1282 1194 urbem
1319 1139 1625 1194 Romanum
1669 1139 1975 1202 celebratis,
2016 1155 2208 1209 preces

633 1248 756 1288 cum
791 1233 1090 1302 gratiarum
1130 1231 1348 1285 actione
1398 1236 1654 1299 tanquam
1701 1245 1866 1298 puras
1911 1229 2163 1284 victimas
2190 1269 2209 1296 ,

633 1325 774 1394 ignis
804 1335 858 1378 et
911 1323 1117 1378 nidoris
1147 1330 1430 1392 eXperles,
1460 1322 1568 1375 Deo
1608 1321 1849 1375 omnium
1887 1318 2016 1389 Regi
2050 1321 2210 1376 obtu-

631 1413 716 1471 lit.
750 1414 816 1469 Et
848 1429 914 1469 ex
946 1415 1031 1468 his
1061 1413 1276 1482 quidem
1313 1413 1606 1466 maximam
1638 1411 1820 1466 animo
1841 1411 2087 1480 capiebat
2116 1427 2210 1464 vo.

631 1505 892 1576 luptatem
924 1519 938 1558 :
968 1506 1062 1559 sed
1105 1519 1209 1558 non
1246 1504 1470 1572 perinde
1499 1518 1621 1557 eum
1654 1502 2002 1558 oblectabant
2031 1506 2206 1559 nuntii

631 1598 706 1652 illi
734 1638 750 1658 ,
779 1599 869 1666 qui
909 1597 974 1652 de
1004 1595 1411 1668 provinciarum
1458 1593 1701 1651 Orientis
1742 1597 2045 1652 vastatione
2072 1596 2206 1652 ali‘e-

631 1690 910 1746 rebantur.

1189 1779 1414 1836 CAPUT
1445 1778 1633 1834 XLIX.

833 1872 1106 1939 Quomodo
1164 1871 1399 1926 Licinius
1433 1871 1702 1926 Orientem
1733 1873 1998 1943 aﬂlixerit.

698 1965 911 2021 Etenim
959 1965 1215 2020 immanis
1264 1965 1510 2032 quaedam
1565 1965 1738 2021 bellua
1783 1977 1894 2020 tum
1948 1965 2203 2022 Ecclesia:

627 2061 747 2124 Dei,
785 2068 896 2112 tum
926 2057 1150 2128 reliquis
1179 2057 1615 2126 provincialibus
1641 2057 1750 2112 illic
1786 2057 2036 2113 insidiari
2064 2075 2204 2112 nun-

629 2151 867 2206 tiabatur
898 2167 912 2204 :
948 2164 1072 2202 cum
1105 2147 1476 2216 nequissimus
1527 2148 1737 2202 daemon
1782 2148 1939 2217 quasi
1983 2149 2203 2202 aemula-

627 2244 773 2298 tione
800 2255 1100 2296 succensus
1123 2280 1137 2302 ,
1172 2241 1239 2294 iis
1270 2254 1391 2309 quae
1435 2239 1503 2294 ab
1531 2240 1860 2309 imperatore
1887 2241 1982 2294 Dei
2009 2256 2202 2294 amau-

627 2335 836 2390 tissimo
863 2333 1214 2405 gerebantur,
1248 2333 1521 2386 contraria
1551 2331 1733 2387 facere
1763 2333 2026 2390 studeret.
2053 2333 2201 2389 Adeo

625 2439 684 2480 ut
717 2426 1003 2496 imperium
1041 2423 1346 2477 [initianqu
1396 2423 1532 2478 duas
1581 2423 1634 2478 in
1691 2434 1876 2493 partes
1922 2425 2154 2479 divisum
2183 2464 2197 2490 ,

625 2517 770 2572 nocti
802 2532 866 2571 ac
889 2516 993 2570 diei
1025 2513 1204 2569 simile
1229 2528 1351 2568 esse
1377 2515 1633 2568 omnibus
1663 2516 1958 2570 videretur.
1990 2515 2201 2585 Quippe

623 2610 864 2668 Orientis
894 2610 1111 2679 quidem
1163 2607 1369 2663 incolas
1412 2609 1592 2680 caligo
1643 2609 1820 2663 noctis
1867 2611 2149 2678 premebat
2185 2628 2198 2665 :

623 2721 719 2760 eos
746 2719 876 2759 vero
905 2704 996 2771 qui
1032 2700 1340 2756 Occidentis
1375 2709 1560 2768 partes
1591 2699 1932 2766 habitabant,
1961 2703 2202 2757 serenis-

621 2797 792 2851 simus
829 2793 1132 2849 illustrabat
1179 2791 1316 2845 dies.
1369 2791 1470 2855 Qui
1526 2806 1650 2845 cum
1688 2790 1917 2845 inlinitis
1970 2792 2128 2846 bouis
2168 2809 2198 2846 a

625 2890 736 2944 Deo
769 2887 870 2941 sibi
906 2885 1212 2940 conciliatis
1257 2885 1590 2947 fruerentur,
1639 2899 1745 2938 non
1787 2884 1912 2938 tulit
1946 2885 2000 2940 id
2037 2885 2197 2957 433

623 2977 842 3048 maligni
895 2975 1156 3032 daemonis
1209 2974 1412 3028 invidia
1462 2973 1624 3029 bonis
1674 2974 1927 3030 onmibus
1978 2975 2194 3030 intesta.

2314 489 2379 558 τῇ
2413 486 2521 542 τῶν
2547 487 2846 559 ἐκκλησιῶν
2870 488 2966 542 τοῦ
2999 489 3134 543 Θεοῦ
3173 487 3556 560 φαιδρότητι.

2044 593 2158 640 tum
2230 584 2505 656 praecipue
2553 587 2620 640 ob
2663 585 3004 656 splendorem
3046 587 3429 643 ecclesiarum
3484 584 3587 639 Dei
3635 585 3909 645 incredibili

2803 762 3198 816 ΚΕΦᾹΛΑΙΟΝ
3236 763 3402 817 MH'.

2454 854 2878 923 Δεκαετηρίδος
2909 856 3391 909 Κωνσταντίνου
3416 852 3788 924 πανήγιφις.

2385 950 2542 1004 Οὕτω
2584 950 2629 1002 δ’
2671 949 2875 1019 ἔχοντι,
2927 947 3190 1018 δεκαέτης
3243 946 3419 1017 αὐτῷ
3474 946 3588 1016 τῆς
3653 947 3908 1017 βασιλείας

2313 1044 2506 1115 ἠνύετο
2534 1041 2750 1113 χρόνος·
2779 1042 2863 1111 ἐφ’
2895 1034 2939 1108 ᾧ
2961 1040 3026 1110 δὴ
3049 1040 3385 1112 πανδήμους
3433 1023 3688 1092 ἐκτελῶν
3716 1041 3906 1110 ἑορτὰς,

2309 1136 2387 1208 τῷ
2425 1135 2641 1188 πάντων
2683 1133 2894 1205 βασιλεῖ
2920 1131 3038 1203 Θεῷ
3083 1133 3469 1204 εὐχαρίστους
3501 1132 3698 1202 εὐχὰς,
3743 1132 3909 1205 ῶσπερ

2309 1227 2464 1291 τινὰς
2505 1225 2750 1298 ἀπύρους
2808 1226 2901 1278 καὶ
2950 1223 3229 1288 ἀκάπνους
3279 1223 3501 1285 θυσίας
3557 1222 3903 1292 ἀνεπέμπετο.

2325 1319 2464 1372 Ἀλλ’
2499 1319 2592 1371 ἐπὶ
2646 1318 2744 1388 μὲν
2789 1317 2998 1381 τούτοις
3029 1318 3236 1388 χαίρων
3286 1315 3568 1379 διετέλει,
3601 1315 3664 1368 ού
3703 1315 3802 1386 μὴν
3829 1320 3908 1369 καὶ

2311 1412 2396 1480 ἐφ’
2420 1405 2500 1474 οἷς
2544 1410 2679 1480 ἁκοῇ
2727 1408 2856 1479 περὶ
2890 1408 2998 1462 τῶν
3041 1408 3180 1462 κατά
3217 1407 3319 1480 τὴν
3372 1406 3533 1478 ἐῲαν
3577 1407 3906 1478 τρυχομένων

2313 1504 2482 1559 ἐθνῶν
2517 1504 2865 1568 ἐπυνθάνετοσ

2817 1771 3212 1835 ΚΕΦΑΛΑΙΟΝ
3244 1777 3392 1835 ΜΘθ.

2439 1862 2637 1938 ’Ὅπως
2661 1870 2776 1939 τὴν·
2804 1871 3112 1940 ἀνατολὴν
3130 1872 3357 1925 ἐκακού
3362 1887 3468 1940 χει
3507 1868 3799 1936 Λικίνιος.

2416 1965 2598 2028 Δεινὺς
2627 1965 2735 2037 γάρ
2757 1983 2840 2029 τις
2862 1966 2972 2034 (10)
2990 1965 3140 2036 αὐτῷ
3172 1965 3491 2030 κάνταῦθα,
3524 1967 3598 2035 τῇ
3630 1967 3680 2017 τ’
3696 1963 3897 2034 Ἐκκλη-

2304 2057 2393 2128 σίᾳ
2424 2057 2518 2110 τοῦ
2549 2058 2704 2123 Θεοῦ,
2732 2060 2847 2122 τοῖς
2877 2075 2936 2111 τε
2955 2057 3160 2122 λοιποῖς
3176 2056 3572 2130 ἐπαρχιώταις
3603 2055 3894 2128 ἐφεδρεύειν

2302 2149 2677 2221 ἀπηγγέλλετο
2707 2150 2813 2222 θήρ
2828 2167 2841 2180 ·
2867 2151 2963 2204 τοῦ
2986 2149 3223 2222 πονηροῦ
3247 2151 3520 2221 δαίμονος
3543 2149 3702 2202 ῶσπε
3711 2167 3741 2220 ρ
3758 2148 3894 2218 ἁμιλ-

2303 2237 2568 2309 λωμένου,
2598 2241 2711 2302 τοῖς
2739 2239 2892 2312 παρά
2912 2241 2990 2311 τῷ
3013 2240 3252 2310 θεοφιλεῖ
3276 2240 3700 2312 πραττομένοις
3721 2241 3892 2292 τάναν-

2304 2329 2394 2384 τία
2421 2331 2875 2403 κατεργάζεσθαι,
2908 2333 2984 2397 ὼς
3009 2333 3184 2386 δοκεῖν
3203 2336 3316 2396 τοῖς
3351 2332 3647 2403 σύμπασι,
3683 2331 3778 2402 τὴν
3807 2331 3893 2384 ύπὺ

2316 2422 2605 2493 Ῥωμαίοις
2638 2424 2814 2496 ἀρχὴν
2851 2425 2974 2480 δυσὶ
3013 2428 3293 2498 τμήμασιν
3316 2425 3763 2498 ἁποληφθεῖσαν,
3800 2426 3889 2476 ἐοι-

2304 2513 2460 2570 κέναι
2495 2516 2651 2569 νυκτὶ
2694 2519 2789 2570 καὶ
2825 2517 3028 2590 ἡμέρᾳ,
3073 2520 3300 2584 σκότους
3333 2520 3438 2591 μὲν
3469 2521 3590 2582 τοῖς
3621 2517 3726 2586 τῆν
3767 2515 3889 2585 ἑῴαν

2303 2603 2558 2675 λαχοῦσιν
2597 2606 3038 2673 ἐπιπολάζοντος,
3088 2611 3304 2682 ἡμέρας
3346 2611 3408 2664 δὲ
3451 2607 3886 2682 τηλαυγεστάτης

2295 2702 2414 2770 ,τοῖς
2436 2701 2534 2771 τῆς
2572 2700 2807 2773 θατὲρας
2837 2703 3033 2776 μοίρας
3063 2705 3343 2775 οἰκήτορσι
3383 2701 3882 2773 καταλαμπούσης·

2299 2787 2382 2856 οἷς
2409 2793 2616 2865 μυρίων
2645 2794 2864 2862 ἀγαθῶν
2897 2795 2961 2848 ἐκ
2993 2795 3128 2848 Θεοῦ
3160 2796 3689 2867 πρυτανευομένων,
3711 2796 3805 2848 οὐκ
3824 2789 3882 2863 ἦν

2303 2885 2381 2956 τῷ
2416 2887 2691 2957 μισοκάλῳ
2724 2887 2901 2960 φθόνῳ
2933 2889 3142 2962 φορητὴ
3181 2893 3216 2962 ἡ
3263 2890 3374 2943 τῶν
3415 2891 3726 2961 γινομένων
3763 2888 3850 2941 θέα
3871 2905 3882 2916 °

2301 2977 2488 3050 ὥσπερ
2517 2975 2608 3033 οὖν
2633 2980 2752 3033 οὐδὲ
2784 2980 2860 3052 τῷ
2877 2981 3101 3054 θάτερον
3128 2985 3291 3055 μέρος
3314 2984 3420 3053 τῆς
3436 2982 3768 3052 οἰκουμένης
3793 2997 3880 3033 κα-

623 3071 730 3127 Sed
763 3085 938 3140 neque
970 3079 1231 3139 tyrannus
1259 3067 1353 3137 qui
1385 3067 1610 3122 alteram
1645 3078 1854 3136 partem
1909 3067 2057 3122 orbis
2087 3067 2196 3120 Ro-

2303 3072 2618 3126 ταπονοῦντι
2647 3074 2917 3145 τυράννῳ,
2952 3074 3011 3138 ὃς
3041 3071 3099 3128 εὖ
3136 3077 3446 3147 φερομένης
3473 3077 3576 3148 τῆς
3607 3074 3778 3145 ἀρχῆς
3806 3072 3884 3124 a5-

621 3164 767 3218 mani
811 3161 1178 3217 dominatione
1226 3175 1324 3214 sua
1373 3159 1754 3229 opprimebat,
1807 3159 1860 3213 id
1913 3159 2197 3213 ferendum

619 3256 851 3327 putavit.
899 3252 1003 3320 Qui
1033 3268 1156 3307 cum
1189 3267 1278 3307 res
1309 3266 1438 3306 suas
1465 3265 1726 3322 prospero
1753 3265 1916 3304 cursu
1963 3250 2092 3305 ferri
2121 3252 2198 3306 vi-

619 3350 774 3402 deret
808 3365 822 3401 :
860 3345 1106 3413 tantique
1161 3344 1428 3414 principis
1472 3342 1736 3396 aiiiuitate
1763 3352 1908 3398 esset
1957 3343 2195 3399 honora-

621 3451 746 3506 tus;
778 3439 1019 3508 religiosi
1049 3437 1273 3508 quidem
1320 3437 1665 3505 imperatoris
1707 3437 2014 3507 exemplum
2045 3439 2196 3506 sequi

618 3529 858 3600 neglexit
891 3548 906 3585 :
945 3529 1235 3598 impiorum
1275 3542 1402 3582 vero
1433 3527 1684 3581 instituta
1720 3537 1888 3596 atque
1921 3528 2198 3598 improbos

619 3639 800 3680 mores
863 3623 1073 3678 studuit
1138 3619 1362 3675 imitari.
1416 3620 1485 3674 Et
1544 3634 1774 3689 quorum
1827 3619 2193 3675 miserabilem

615 3718 743 3774 vita:
770 3716 978 3773 exitum
1013 3716 1129 3770 suis
1177 3715 1294 3785 ipse
1326 3713 1502 3768 oculis
1551 3713 1928 3782 conspexisset
1952 3753 1967 3778 ,
2004 3727 2194 3767 eorum

2300 3163 2398 3231 τῷ,
2434 3166 2844 3220 Κωνσταντίνου
2865 3184 2925 3220 τε
2949 3167 3200 3221 τοσούτου
3228 3167 3500 3238 βασιλέως
3527 3165 3879 3236 ἐπιγαμϐρέας

2299 3256 2618 3328 ἠξιωμένος,
2670 3261 2955 3332 μιμήσεως
2997 3261 3095 3331 μὲν
3127 3261 3220 3314 τοῦ
3257 3261 3547 3330 θεοφιλοῦς
3586 3256 3882 3328 ἀπελιμπάέ

2300 3367 2440 3415 νετο,
2477 3352 2576 3422 τῆς
2615 3351 2674 3406 δέ
2707 3352 2814 3406 τῶν
2842 3353 3117 3408 δυσσεϐῶν
3149 3354 3533 3427 προαιρέσεως
3564 3353 3750 3422 ἐζήλου
3791 3349 3878 3419 τὴν

2300 3443 2693 3515 κακοτροπίαν,
2726 3445 2821 3498 καὶ
2841 3439 2917 3499 ὧν
2941 3446 3035 3500 τοῦ
3063 3446 3180 3517 βίου
3210 3447 3309 3517 τὴν
3333 3444 3720 3519 καταστροφὴν
3746 3442 3877 3494 irrui-

2301 3533 2390 3587 δεν
2417 3535 2600 3598 αὐτοῖς
2623 3535 2942 3606 ὀφθαλμοῖς,
2966 3537 3169 3592 τούτων
3191 3537 3416 3593 ἐπεσθαι
3444 3541 3513 3609 τῇ
3546 3535 3736 3608 γνώμῃ
3763 3531 3860 3603 μᾶλ

2302 3623 2412 3690 λον,
2436 3626 2469 3697 ἢ
2505 3631 2625 3690 ταῖς
2650 3627 2744 3681 τοῦ
2775 3629 3082 3700 κρείττονος
3109 3630 3347 3700 φιλικαῖς
3376 3630 3584 3697 δεξιαῖς
3612 3628 3655 3699 (i
3674 3628 3719 3680 li
3747 3627 3874 3678 ἐπει-

2304 3735 2454 3790 ρατο.

616 3808 843 3868 consilia
870 3807 1024 3879 sequi
1062 3806 1272 3877 maluit,
1305 3820 1471 3877 quam
1511 3805 1566 3860 in
1596 3804 1841 3860 amicitia
1875 3814 1932 3860 et
2002 3807 2290 3864 concordia
2347 3828 2470 3867 cum
2515 3829 2581 3871 eo
2612 3816 2704 3887 qui
2748 3817 3096 3887 prteStantior
3153 3827 3271 3874 erat
3319 3833 3384 3874 ac
3441 3818 3646 3891 p0tior,
3672 3823 3870 3883 perma-

616 3918 750 3962 nere
1254 3935 1256 3937 '

1238 3985 1466 4050 CAPUT
1504 3993 1564 4048 L.

723 4087 998 4155 Quomodo
1022 4077 1260 4141 Licinius
1283 4086 1632 4140 Constantino
1669 4087 1959 4141 insidiatus
1988 4089 2081 4143 sit.

2846 3995 3243 4049 ΚΕΦΑΛΛΙΟΝ
3270 3997 3353 4050 N'.

2305 4088 2504 4152 Ὅπως
2523 4087 2954 4156 Κωνσταντίνῳ
2973 4090 3238 4156 Λικίνιος
3254 4091 3667 4144 ἐπιϐουλεύειν
3682 4083 3861 4154 ἤθελε.

689 4182 890 4236 Bellum
918 4180 1084 4248 igitur
1118 4177 1450 4247 inexpiabile
1481 4179 1686 4232 homini
1720 4177 1860 4232 bene
1891 4179 1961 4232 de
1996 4193 2054 4233 se
2077 4194 2185 4233 me-

2371 4179 2612 4248 Πόλεμον
2631 4178 2674 4230 δ’
2695 4175 2786 4233 οὖν
2802 4181 3064 4234 ἄσπονδον
3082 4181 3216 4252 πρὸς
3233 4183 3324 4236 τὸν
3340 4183 3634 4254 εὐεργέτην
3650 4181 3857 4249 αἴρεται,

617 4273 723 4327 rito
756 4271 969 4337 intulit;
999 4285 1096 4324 nec
1124 4269 1383 4323 amicitiae
1409 4269 1558 4338 jura,
1589 4283 1687 4323 nec
1727 4279 2197 4324 sacramentorum

615 4365 960 4434 religionem,
993 4378 1092 4415 nec
1116 4363 1331 4431 generis
1355 4362 1837 4424 necessitudinem,
1866 4379 1965 4418 nec
1993 4363 2196 4418 findere

617 4458 670 4512 in
697 4455 1012 4510 memoriam
1041 4469 1324 4509 revocans.
1369 4453 1502 4508 Nam
1528 4453 1921 4509 Constantinus
1952 4457 2194 4525 quidem,

617 4557 802 4618 utpote
823 4547 1243 4616 benignissimus
1266 4536 1548 4616 princeps,
1577 4561 1684 4615 quo
1711 4547 1942 4602 sincerae
1968 4549 2199 4603 benevo-

614 4620 794 4694 lentiae
822 4638 1188 4694 certissimum
1213 4637 1263 4691 ei
1291 4647 1677 4708 argumentum
1721 4638 1880 4693 daret
1901 4677 1916 4701 ,
1959 4649 2198 4708 paterna:

615 4733 805 4803 stirpis
843 4731 1206 4795 nobilitatem,
1237 4737 1293 4785 et
1315 4731 1654 4799 imperatorii
1676 4729 1788 4800 jam
1815 4731 1944 4786 inde
1969 4747 1997 4786 a
2035 4732 2200 4802 majo-

616 4828 769 4882 ribus
788 4826 1005 4897 generis
1023 4824 1363 4896 splendorem
1386 4826 1434 4878 ei
1454 4825 1980 4892 communicaverat,
2009 4839 2196 4880 sorore

613 4935 709 4974 sua
757 4918 810 4972 in
857 4916 1266 4972 matrimonium
1297 4917 1423 4968 data
1451 4930 1466 4978 ξ
1500 4916 1774 4986 totiusque
1807 4918 2022 4987 imperii
2081 4917 2193 4971 Ro-

613 5011 759 5066 mani
792 5009 1073 5064 consortio
1108 5009 1359 5064 eutudem
1401 5010 1505 5065 frui
1543 5010 1901 5081 permiserat.
1947 5008 2194 5066 Licinius

611 5118 742 5158 vero
780 5103 938 5172 plane
973 5102 1055 5154 bis
1090 5103 1364 5156 contraria
1397 5103 1585 5157 animo
1624 5102 1884 5164 volvens,
1936 5103 2194 5156 adversus

609 5195 1048 5268 priestantiorem
1083 5194 1313 5251 occultis
1345 5197 1555 5251 artibus
1593 5197 1994 5266 grassabatur;
2039 5197 2192 5251 varia

612 5290 843 5346 subinde
883 5287 1200 5342 insidiarum
1232 5303 1433 5357 genera
1465 5289 1912 5352 comminiscens,
1948 5297 2008 5343 ut
2052 5289 2192 5344 bene

613 5380 864 5436 meritum
898 5379 1054 5433 malis
1082 5389 1545 5433 remuneraretur.
1576 5381 1654 5434 Ac
1680 5380 1944 5450 principio
1972 5381 2190 5449 quidem

613 5472 908 5528 amicitiam
941 5471 1223 5533 simuians,
1249 5467 1371 5524 dolo
1401 5483 1466 5524 ac
1493 5468 1688 5524 fraude
1720 5481 1916 5526 cuncta
1944 5471 2143 5541 agebat
2173 5476 2188 5539 ;'

682 5611 796 5683 (lli)
836 5611 1038 5678 Δεινὸς
1092 5607 1207 5683 γάρ
1243 5624 1356 5683 τις.
1403 5608 1485 5683 Ab
1534 5609 1845 5683 liis_verbis
1890 5616 2053 5678 caput
2101 5611 2188 5666 iit-

618 5678 840 5740 2lroatur
875 5685 924 5736 in
958 5678 1140 5735 codice
1169 5678 1301 5733 Fuk.
1333 5688 1386 5731 et
1415 5680 1464 5731 iu
1496 5681 2041 5736 schedis‘veteribus.

682 5754 794 5825 (l'l)
833 5752 1105 5819 Φιλικαῖς
1134 5749 1377 5818 δεξιαῖς.
1417 5749 1516 5807 llic
1549 5752 1702 5808 locus
1744 5752 2073 5822 supplendus
2102 5762 2184 5808 est

2299 4269 2359 4322 ού
2380 4269 2606 4338 φιλικῶν
2627 4271 2827 4341 νόμων,
2861 4271 2959 4342 οὐχ
2977 4273 3351 4344 ὁρκωμοσιῶν,
3371 4275 3432 4326 ού
3458 4270 3784 4341 συγγενείας,
3804 4265 3858 4318 οὐ

2302 4363 2585 4434 συνθηκῶν
2607 4365 2827 4435 μνήμην
2846 4366 2904 4416 ἐν
2924 4365 3129 4436 διανοίᾳ
3145 4365 3455 4436 λαμϐάνων.
3484 4370 3543 4419 Ὀ
3561 4366 3656 4436 μὲν
3671 4361 3766 4430 γὰρ
3781 4375 3854 4425 φι-

2299 4455 2426 4508 λανθ
2437 4455 2749 4527 ρωπότατος
2764 4455 2974 4518 εὐνοίας
2986 4455 3134 4526 αύτῴ
3152 4456 3408 4528 παρέχων
3423 4455 3652 4528 ἀληθοῦς
3679 4453 3734 4506 σύ
3743 4449 3854 4522 p.60-

2297 4547 2408 4612 λον,
2447 4546 2698 4618 πατέρων
2731 4547 3069 4615 συγγενείας,
3115 4546 3394 4617 βασιλικοῦ
3427 4550 3474 4600 τ’
3509 4543 3757 4601 ἀνέκαθεν
3781 4537 3848 4592 αἴ-

2300 4653 2469 4711 ματος
2516 4640 2770 4694 κοινωνὸν
2819 4640 3093 4710 γενέσθαι,
3147 4627 3312 4712 γάμῳ
3355 4642 3452 4714 τὴν
3490 4638 3711 4708 ἀδελφὴν
3743 4647 3848 4686 συνέ

2297 4734 2460 4804 ἀψαςν
2490 4734 2589 4804 τῆς
2618 4750 2675 4786 τε
2705 4735 2845 4788 κατὰ
2881 4733 3097 4788 πάντων
3123 4735 3412 4789 ἀπολαύειν
3447 4737 3617 4807 ἀρχῆς
3648 4729 3748 4783 τῶν
3766 4725 3847 4776 λαέ

2295 4825 2519 4895 χόντων,
2553 4826 2781 4895 παρεῖχε
2821 4825 2920 4896 τὴν
2953 4825 3214 4889 ἐξουσίαν’
3245 4828 3274 4879 ό
3304 4826 3361 4878 δὲ
3380 4826 3590 4888 τούτοις
3624 4815 3847 4876 τάναντία-

2295 4915 2600 4985 γινώσκων,
2639 4917 2780 4972 κατὰ
2804 4915 2896 4971 τοῦ
2929 4920 3235 4991 κρείττονος
3268 4919 3515 4991 μηχανὰς
3551 4909 3844 4971 συνεσκευά-

2295 5010 2437 5076 ζετο,
2476 5009 2651 5064 ἄλλοτ’
2681 5010 2873 5074 ἄλλους
2906 5012 3135 5065 ἐπινοῶν
3169 5011 3395 5081 ἀπειλῆς
3420 5011 3669 5083 τρόπους,
3697 5005 3762 5065 ὼς
3789 4999 3843 5052 ἂν

2294 5103 2483 5163 κακοῖς
2512 5101 2603 5152 τὸν
2641 5100 2933 5172 εὐεργέτην
2965 5101 3274 5172 ἀμείψαιτο.
3322 5100 3523 5154 Καὶτά
3553 5101 3646 5172 μὲν
3682 5091 3844 5164 πρῶτα

2294 5191 2475 5263 φιλίαν
2508 5192 2983 5264 ὑποκοριζόμενος,
3006 5192 3141 5265 δόλῳ
3167 5194 3259 5247 καὶ
3286 5195 3469 5265 ἀπάτῃ
3502 5193 3653 5248 πάντ’
3678 5189 3840 5256 ἐπρατ-

2291 5303 2404 5351 τεν,
2453 5287 2539 5356 ἐφ’
2568 5279 2648 5349 οἷς
2679 5287 2899 5356 ἐτόλμα,
2936 5285 3196 5357 λήσεσθαι
3231 5285 3465 5350 ἐλπίζων
3489 5304 3503 5317 .
3537 5286 3612 5356 τῷ
3637 5281 3677 5336 δ.
3703 5269 3838 5332 αὐτοῦ

2294 5379 2583 5451 θεράποντι
2611 5379 2744 5444 Θεὸς
2761 5380 2860 5444 τὰς
2886 5382 2944 5433 ἐν
2964 5380 3140 5451 σκότῳ
3164 5381 3563 5451 μηχανωμένας
3590 5368 3835 5434 ἐπιδουλὰς

2292 5471 2652 5542 καταφώρους
2681 5472 2875 5524 ἐποίει.
2936 5471 2993 5524 Ὀ
3025 5469 3069 5522 δ’
3098 5471 3173 5535 ὡς
3212 5471 3305 5523 ἐπὶ
3345 5473 3457 5533 τοῖς
3493 5469 3714 5542 πρώτοις
3742 5456 3836 5528 ὴλί-

2295 5627 2362 5666 ex
2395 5611 2570 5679 capite
2595 5619 2788 5663 octavo
2822 5607 2947 5662 libri
2976 5607 3168 5662 decimi
3200 5607 3458 5662 Historia:
3485 5599 3833 5660 ecclesiastica,

2294 5699 2360 5738 ex
2396 5697 2504 5753 quo
2530 5681 2696 5737 etiam
2721 5689 2884 5750 caput
2915 5693 3152 5748 sequens
3180 5679 3582 5734 emendandum
3608 5683 3699 5733 est.
