4132 6406
270 299 400 361 965

1395 300 1484 354 DE
1525 297 1689 355 VITA
1727 295 2191 354 CONSTANTINI
2234 295 2367 354 LIB.
2405 299 2444 352 l.-

3441 302 3545 359 966

272 435 471 484 σκετο,
505 421 598 474 ἐπὶ
625 418 884 490 δευτέρας
921 416 1134 482 ἀπάτας
1157 415 1377 489 ἐχώρει,
1411 415 1509 470 νῦν
1534 417 1632 489 μὲν
1658 415 1846 486 φιλικὰ

1979 431 2207 486 sperans
2229 416 2347 471 fore
2379 425 2436 470 ιιι
2470 415 2701 472 consilia
2735 432 2832 471 sua
2877 417 3129 474 laterent.
3171 417 3366 474 Verum
3404 420 3548 477 Dens

271 512 583 585 προτείνων
609 510 812 576 δεξιὰς,
848 509 942 563 νῦν
973 509 1029 562 δὲ
1061 508 1342 579 συνθηκῶν
1389 509 1750 579 ὁρκωμοσίας
1777 524 1866 560 πι-

267 602 599 674 στούμενοςι
628 597 742 654 Εἶτ’
761 601 972 673 ἀθρόως
996 598 1202 653 ἀθετῶν
1222 599 1288 650 τὰ
1311 596 1630 668 δεδογμένα,
1659 599 1751 650 καὶ
1773 594 1868 651 αὖ-

263 691 368 758 θις
401 693 696 748 ἀντιϐολῶν
727 693 814 746 διὰ
857 691 1173 764 πρεσϐείας,
1211 691 1306 744 καὶ
1352 689 1512 743 πάλιν
1545 688 1869 760 ἀσχημονῶν

263 787 404 848 ταῖς
433 784 829 855 ψευδολογίαις,
856 783 1010 847 τέλος
1035 782 1286 856 προφανῆ
1311 781 1544 852 πόλεμον
1568 781 1870 852 ἀνακηρύτ-

261 893 386 942 τει,
413 877 641 950 ἀπονοίᾳ
659 895 717 931 τε
739 876 1024 950 λογισμοῦ,
1051 877 1173 930 κατ’
1205 875 1370 929 αὐτοῦ
1403 873 1588 928 λοιπὸν
1612 873 1706 927 τοῦ
1729 873 1864 927 Θεοῦ

263 967 340 1023 ὃν
363 970 631 1040 ἠπίστατο
660 969 837 1025 σέϐειν
871 970 962 1024 τὸν
997 968 1240 1041 βασιλέα,
1276 966 1714 1040 παρατάττεσθαι
1753 965 1862 1038 ὡρ-

270 1060 444 1132 μᾶτο.

1972 508 2209 570 insidias.
2241 523 2364 577 quae
2400 507 2648 562 clanculo
2675 509 3048 575 struebantur,
3095 510 3298 568 fatuulo
3324 530 3422 568 suo
3449 515 3544 568 de-

1974 600 2132 657 texit.
2162 599 2510 655 At-Licinius
2537 601 2590 654 in
2623 600 2814 670 primis
2841 603 3124 659 conatibus
3155 605 3546 674 deprehensus,

1974 692 2043 747 ad
2095 702 2368 747 securitas
2409 691 2626 747 fraudes
2671 707 2732 747 se
2780 695 3048 761 contulit;
3097 711 3241 751 nunc
3291 697 3546 752 andcitite

1974 782 2134 837 fidem
2167 784 2543 854 pmtendens;
2596 801 2742 841 nunc
2771 784 3038 842 foederum
3075 802 3140 842 ac
3166 801 3546 847 sacramento-

1974 889 2097 930 rum
2132 875 2397 947 religione
2427 875 2585 930 fidem
2630 878 2732 932 sibi
2775 879 3078 934 concilians
3113 896 3127 932 :
3163 880 3356 936 deinde
3385 898 3546 953 pacta

1974 975 2240 1021 conventa
2293 975 2514 1036 repente
2564 967 2794 1031 violans,
2842 984 3140 1038 rursusque
3191 985 3289 1040 per
3339 971 3548 1043 legatos

1973 1056 2189 1112 veniam
2223 1071 2452 1127 poscens
2478 1073 2493 1110 :
2527 1073 2590 1112 ac
2615 1061 2791 1114 denuo
2814 1060 3112 1115 mendaciis
3131 1061 3273 1117 foede
3293 1062 3540 1122 illudens.

265 1151 523 1208 Tandem
564 1167 692 1208 vero
749 1153 949 1210 bellum
1015 1153 1193 1225 palam
1243 1152 1472 1217 indixit,
1521 1160 1577 1207 et
1619 1151 1904 1220 desperata
1969 1148 2170 1205 mentis
2226 1149 2452 1205 audacia
2503 1149 2778 1216 incitatus,
2828 1151 3087 1208 adversus
3150 1153 3317 1208 Deum
3367 1155 3545 1225 ipsum

263 1241 438 1312 cujus
470 1243 641 1300 cultui
682 1244 1070 1314 imperatorem
1131 1245 1546 1301 Constantinum
1581 1245 1826 1301 deditum
1868 1258 1991 1300 esse
2018 1253 2382 1314 cognoverat,
2418 1258 2570 1298 arma
2604 1244 2858 1314 deinceps
2891 1245 3036 1301 ferre
3073 1247 3330 1303 instituit.

799 1339 1194 1394 ΚΕΦΑΛΑῙΟΝ
1219 1341 1350 1394 NA’.

264 1429 546 1486 Λικινίου
575 1432 702 1484 κατ’
728 1431 1072 1486 ἐπισκόπων
1114 1431 1431 1496 συσκευαὶ,
1457 1431 1552 1485 καὶ
1585 1435 1863 1488 συνόδων

914 1505 1230 1568 κωλύσεις.

347 1591 605 1663 Πρώτους
623 1593 686 1662 γέ
703 1611 784 1647 τοι
808 1593 933 1658 τοὺς
963 1595 1054 1647 ὑπ’
1083 1595 1242 1650 αὑτὸν
1265 1596 1344 1668 τῷ
1496 1597 1858 1669 λειτουργοὺς,

276 1684 452 1757 μηδὲν
483 1684 702 1739 πώποτε
731 1687 1051 1775 πλημμελὲς
1080 1688 1230 1759 παρά
1256 1688 1355 1758 τὴν
1393 1690 1567 1760 ἀρχὴν
1606 1689 1862 1758 διαπονη-

2476 1337 2640 1410 434
2677 1336 2904 1392 CAPUT
2943 1337 3026 1392 Ll.

1971 1430 2164 1486 Licinii
2219 1431 2430 1485 insidiae
2497 1432 2745 1484 adversus
2809 1431 3099 1501 episcopos,
3153 1440 3201 1484 et
3258 1431 3544 1502 prohibitio

2583 1501 2922 1570 synodorum.

2043 1593 2120 1648 Ac
2168 1593 2402 1664 primum
2466 1593 2685 1663 quidem
2729 1593 2825 1647 Dei
2874 1592 3152 1648 ministros
3186 1592 3301 1648 sub‘
3339 1593 3544 1648 ditione

1969 1698 2066 1738 sua
2093 1684 2379 1754 degentes,
2411 1687 2501 1755 qui
2537 1684 2670 1738 nihil
2698 1701 2933 1756 unquam
2985 1685 3234 1740 criminis
3280 1685 3543 1741 adversus

270 1775 489 1841 θέντας,
528 1777 712 1850 ἠρέμα
743 1756 877 1842 τέὦς
919 1780 1353 1852 περιειργάζετο,
1397 1779 1700 1851 προφάσεις
1741 1797 1846 1833 κατ

1967 1776 2250 1844 imperiunm
2292 1777 2467 1846 ipsius
2502 1779 2909 1844 commiserant,
2965 1778 3200 1834 obscure
3249 1786 3304 1833 et
3345 1778 3548 1850 callide

269 1869 458 1924 αὐτῶν
504 1871 862 1942 κακοτέχνους
925 1870 1259 1943 θηρώμενος.
1305 1872 1591 1943 Μηδεμιᾶς
1651 1890 1713 1941 γε
1757 1873 1864 1946 μὴν

270 1959 525 2030 εὐπορῶν
549 1959 748 2026 αἰτίας,
791 1961 911 2032 μηδ’
945 1962 1082 2032 ἔχων
1123 1963 1243 2016 ὅποι
1289 1966 1402 2026 τοῖς
1440 1964 1664 2036 ἀνδράσι
1697 1982 1863 2020 κατα-

275 2050 565 2122 μέμψοιτο,
613 2051 777 2123 νόμον
805 2051 1080 2122 ἐκπέμπει
1123 2051 1588 2124 διακελευόμενον,
1639 2053 1861 2124 μηδαμῆ

273 2141 541 2212 μηδαμῶς
596 2142 846 2212 ἀλλήλοις
896 2144 1268 2197 ἐπικοινωνεῖν
1327 2145 1454 2208 τοὺς
1510 2146 1859 2211 ἐπισκόπους,

273 2235 401 2306 μηδ’
437 2235 722 2307 ἐπιδημεῖν
752 2235 932 2289 αὐτῶν
960 2235 1160 2301 ἐξεῖναί
1191 2254 1298 2290 τινι
1338 2240 1403 2309 τῇ
1452 2237 1547 2291 τοῦ
1578 2238 1742 2302 πέλας
1772 2239 1863 2291 ἐκ-

272 2327 493 2398 κλησίᾳ,
540 2328 672 2399 μηδέ
712 2345 775 2397 γε
818 2328 1066 2393 συνόδους
1106 2329 1139 2400 ἢ
1185 2327 1380 2398 βουλὰς
1425 2330 1517 2383 xal.
1553 2330 1862 2400 διασκέψεις

268 2420 402 2490 περὶ
430 2418 538 2473 τῶν
586 2420 875 2473 λυσιτελῶν
911 2421 1201 2476 ποιεῖσθαι.
1237 2413 1310 2473 Τὸ
1350 2421 1394 2474 δ’
1425 2417 1494 2493 ἦν
1519 2423 1626 2494 ἄρα
1659 2423 1862 2494 πρόφα-

269 2525 358 2572 σις
378 2509 482 2580 τῆς
514 2509 633 2563 καθ’
660 2510 814 2582 ἡμῶν
840 2511 1122 2583 ἐπηρείας.
1164 2512 1233 2563 Ἣ
1267 2510 1377 2584 γὰρ
1421 2512 1860 2584 παραϐαίνοντας

266 2600 364 2653 τὸν
386 2601 570 2671 νόμον,
618 2601 785 2672 ἐχρῆν
824 2601 1224 2657 ὑποϐάλλεσθαι
1270 2604 1531 2675 τιμωρία,
1568 2603 1600 2674 ἢ
1637 2602 1863 2676 πειθαρ-

268 2693 502 2765 χοῦντας
522 2693 600 2764 τῷ
629 2694 1070 2766 παραγγέλματι,
1102 2695 1397 2768 παραλύειν
1413 2690 1740 2766 Ἐκκλησίας
1773 2694 1860 2748 θε-

271 2787 442 2857 σμούς
466 2804 480 2816 ·
522 2787 696 2850 ἄλλως
723 2787 831 2858 γὰρ
873 2787 935 2840 οὐ
959 2786 1181 2841 δυνατὸν
1214 2787 1281 2840 τὰ
1312 2787 1520 2858 μεγάλα
1554 2786 1662 2840 τῶν
1686 2803 1858 2858 σκεμ-

272 2877 537 2949 μάτων,ἢ
576 2877 664 2930 διά
705 2879 934 2932 συνόδων
965 2878 1439 2950 κατορθώσασθαι.
1475 2880 1583 2932 Καὶ
1610 2878 1780 2940 ἄλλως
1811 2878 1857 2931 δ’

268 2972 298 3022 6
325 2969 585 3042 θεομισὴς
633 2969 711 3040 τῷ
746 2970 980 3039 θεοφιλεῖ
1008 2971 1264 3025 τάναντία
1295 2973 1552 3042 πράττειν
1581 2970 1854 3040 ἐγνωκὼς,

267 3058 337 3110 τά
364 3059 542 3112 τοιάδε
587 3058 985 3131 παρήγγελλεν.
1031 3059 1091 3112 Ὀ
1122 3060 1220 3130 μὲν
1261 3059 1368 3133 γὰρ
1403 3061 1530 3124 τοὺς
1569 3061 1732 3132 ἱερεῖς
1761 3058 1854 3114 τοῦ

269 3141 431 3214 Θεοῦ,
472 3143 541 3220 τῇ
577 3150 714 3221 πρὸς
744 3149 836 3203 τὸν
877 3150 1172 3222 ἱερωμένον
1204 3155 1334 3223 τιμῇ
1366 3151 1497 3224 (12),
1539 3153 1758 3224 εἰρήνης
1792 3169 1852 3204 τε

266 3239 365 3295 καὶ
401 3241 653 3310 ὁμονοίας
697 3241 789 3294 ἐπὶ
829 3242 996 3295 ταύτὸ
1042 3243 1292 3314 συνῆγεν·
1338 3246 1366 3297 ό
1402 3243 1458 3296 δὲ
1501 3243 1642 3297 καλά
1673 3261 1852 3318 παρα-

263 3321 416 3382 λύειν
447 3329 855 3400 μηχανώμενος,
902 3330 1272 3396 διασκεδάςειν
1297 3330 1396 3402 τὴν
1439 3330 1724 3402 σύμφωνον
1750 3331 1849 3402 ἀρ-

267 3420 461 3493 μονίαν
480 3422 756 3492 ἐπειρᾶτο.

773 3693 1167 3746 ΚΕΦΛΛΑΙΟΝ
1190 3693 1314 3747 NB’.

365 3782 702 3853 Ἐξορισμοὶ
731 3785 827 3838 καὶ
852 3786 1172 3856 δημεύσεις
1193 3786 1342 3840 κατὰ
1374 3783 1760 3855 Χριστιανῶν.

339 3874 449 3930 Εἶτ’
475 3880 663 3952 ἐπειδὴ
693 3880 722 3931 ὁ
757 3880 835 3952 τῷ
867 3881 984 3952 Θεῷ
1015 3883 1166 3951 φίλος
1192 3881 1322 3935 εἵσω
1358 3882 1648 3952 βασιλικῶν
1680 3881 1844 3934 οἴκων

260 3970 391 4034 τοὺς
416 3971 750 4044 θεράποντας
779 3973 1120 4045 εἰσέρχεσθαι
1150 3974 1325 4046 ἠξίου,
1352 3974 1608 4028 τάναντία
1634 3973 1843 4044 φρονῶν

261 4064 296 4138 ό
322 4061 596 4135 θεομισὴς,
629 4064 874 4128 ἅπαντας
916 4066 1042 4129 τοὺς
1084 4065 1176 4118 ὑπ’
1201 4065 1349 4137 αὐτῷ
1383 4066 1654 4130 θεοσεϐεῖς
1690 4065 1843 4136 βασι-

260 4153 432 4207 λικῶν
452 4154 760 4226 ἀπήλαυνεν
792 4154 956 4208 οἴκων
992 4155 1127 4226 (15),
1153 4154 1349 4219 αὐτούς
1381 4173 1438 4209 τε
1462 4154 1693 4227 μάλιστα
1714 4156 1840 4219 τοὺς

333 4333 447 4405 (12)
491 4333 569 4403 Τῇ
599 4335 754 4404 πρὸς
773 4336 880 4392 τὸν
907 4338 1224 4408 ἱερωμένον
1265 4336 1426 4406 τιμῇ(
1456 4335 1739 4392 Turnebus
1769 4336 1835 4408 ad

1881 3115 1924 3224 (ξ
1959 3142 2165 3196 nostris
2231 3142 2541 3210 imperavit.

1965 1867 2354 1932 circumvenit,
2380 1869 2562 1922 varias
2580 1869 2844 1923 adversus
2864 1884 2957 1924 eos
2982 1868 3290 1924 calumnias
3322 1868 3542 1924 investi-

1964 1967 2120 2022 gans.
2169 1953 2411 2022 Cumque
2443 1955 2646 2010 nullum
2679 1957 2779 2026 ipsi
2814 1959 3020 2013 crimen
3063 1968 3394 2028 suppeteret,
3440 1973 3540 2015 nec

1958 2045 2188 2101 haberet
2226 2048 2372 2116 quod
2419 2048 2555 2104 viris
2604 2049 2710 2105 illis
2758 2059 2940 2120 posset
2962 2049 3223 2118 objicere;
3277 2053 3396 2123 lege
3426 2051 3536 2106 lata

1961 2137 2220 2205 praecepit
2263 2152 2331 2193 ne
2369 2139 2612 2210 episcopi
2650 2142 2861 2210 uspiam
2927 2141 3068 2196 inter
3115 2157 3174 2198 se
3218 2143 3282 2198 de
3323 2143 3430 2198 ulla
3476 2159 3539 2200 re

1963 2225 2304 2293 conferrent,
2340 2244 2478 2284 neve
2507 2231 2602 2285 ulli
2637 2246 2825 2287 eorum
2865 2233 2918 2286 in
2961 2233 3184 2288 alterius
3227 2235 3331 2290 sibi
3374 2235 3535 2290 vieini

1961 2321 2247 2375 ecclesiam
2281 2332 2508 2378 ventare
2547 2323 2762 2392 liceret,
2818 2335 2874 2380 et
2911 2328 3150 2398 synodos
3192 2343 3257 2382 ac
3302 2328 3535 2382 concilia

1964 2409 2030 2463 de
2052 2411 2436 2467 communibus
2469 2415 2702 2483 negotiis
2727 2414 2948 2469 habere.
2993 2414 3188 2470 Verqu
3221 2418 3336 2472 haec
3364 2417 3439 2472 illi
3465 2418 3537 2472 ad

1963 2514 2059 2555 nos
2087 2503 2365 2559 vexandos
2395 2505 2614 2558 occasio
2643 2507 3009 2576 quaerebatur.
3050 2506 3184 2562 Nam
3221 2507 3265 2562 si
3313 2508 3531 2577 quidem

1961 2593 2129 2646 nosui
2155 2593 2325 2665 legem
2362 2594 2684 2662 violassent,
2721 2609 2934 2667 pteuam
2973 2594 3164 2654 subire
3199 2615 3292 2654 eos
3315 2612 3536 2670 oporte-

1958 2681 2094 2737 bat:
2124 2685 2206 2738 sin
2254 2699 2524 2757 praecepto
2564 2689 2901 2757 paruissent,
2937 2689 3345 2745 ecclesiasticas
3388 2693 3534 2762 leges

1959 2775 2210 2831 convelli.
2244 2772 2428 2846 Neque
2470 2779 2612 2833 enim
2651 2781 2872 2848 majoris
2919 2782 3178 2837 momenti
3220 2795 3533 2839 controver-
3615 2817 3620 2823 -

1956 2867 2069 2931 site,
2103 2869 2261 2922 aliter
2288 2887 2450 2935 quam
2483 2887 2576 2937 per
2601 2874 2838 2944 synodos
2880 2876 3130 2943 componi
3177 2886 3428 2944 possunt.
3466 2877 3533 2931 Et

1956 2957 2154 3028 alioqui
2210 2961 2318 3015 Deo
2369 2961 2600 3017 infestus
2646 2974 2946 3035 tyrannus,
2983 2980 3107 3020 cum
3149 2967 3375 3038 principi
3419 2969 3530 3024 Deo

1959 3051 2336 3106 amantissimo
2381 3053 2661 3108 adversari
2717 3056 2769 3108 in
2820 3057 3078 3112 omnibus
3113 3058 3374 3118 studeret,
3413 3059 3529 3114 haec

2628 3143 2763 3196 Nam
2841 3143 3232 3200 Constantinus
3307 3147 3528 3214 quidem

1955 3233 2274 3288 sacerdotes
2308 3231 2424 3292 Dei.
2455 3233 2604 3301 pacis
2635 3243 2687 3288 et
2717 3238 3024 3290 concordiae
3049 3247 3249 3290 mutua:
3275 3251 3436 3290 causa
3472 3237 3528 3292 in

1955 3337 2119 3376 unum
2153 3323 2525 3376 convocabat:
2552 3323 2713 3392 idque
2741 3325 2794 3377 in
2823 3326 3078 3380 honorem
3107 3326 3225 3396 ejus
3256 3327 3341 3381 cui
3367 3341 3526 3381 sacra

1952 3416 2250 3471 faciebant.
2294 3415 2537 3471 Licinius
2565 3433 2692 3471 vero
2720 3417 2847 3471 dum
2884 3417 3084 3486 optima
3128 3432 3354 3486 quumque
3392 3432 3528 3472 con-

1950 3509 2157 3564 vellere
2203 3509 2446 3575 molitur,
2502 3520 2831 3566 concentum
2891 3510 3256 3565 Ecclcsiarutn
3305 3510 3526 3565 turbate

1949 3602 2196 3657 tentavit.

2544 3693 2771 3751 CAPUT
2818 3694 2922 3749 ιιι.

2075 3856 2080 3863 _
2126 3785 2554 3841 Christianorum
2599 3788 2788 3840 exsilia
2825 3797 2875 3840 et
2914 3784 3343 3855 proscriptiones.

2022 3877 2088 3933 Et
2121 3881 2377 3948 quoniam
2434 3879 2546 3934 Deo
2592 3881 2796 3935 chatus
2843 3878 3234 3935 Constantinus
3288 3876 3521 3933 famulos

1949 3970 2042 4025 Dei
2088 3971 2141 4024 in
2185 3969 2446 4039 palatium
2499 3971 2735 4026 libenter
2781 3972 3145 4030 admittebat:
3195 3970 3367 4024 hostis
3422 3969 3519 4025 Dei

1943 4059 2186 4115 Licinius
2211 4060 2480 4115 contraria
2516 4062 2700 4117 omnia
2727 4063 2992 4120 sentiens.
3023 4070 3253 4115 cunctos
3279 4061 3372 4115 Dei
3405 4061 3520 4115 cul-

1942 4160 2090 4207 tores
2115 4152 2207 4222 qui
2229 4153 2327 4207 sub
2355 4152 2582 4223 imperio
2609 4168 2706 4208 suo
2732 4151 3237 4224 degebant,pilatio
3269 4152 3513 4222 expulit:

1946 4335 2000 4391 id
2033 4335 2199 4391 refert
2237 4345 2364 4391 ante
2395 4336 2685 4392 Cibalense
2717 4335 3114 4404 bellum,.qnod
3146 4335 3365 4404 quidem
3401 4336 3518 4392 bel-

259 4421 431 4479 oram
458 4409 546 4479 sui
583 4409 785 4479 codicis
810 4405 1146 4479 emendavit
1192 4410 1255 4478 τῇ
1307 4405 1444 4479 πρὸς
1487 4405 1833 4479 τὺηὶερωμέ-
1866 4411 1911 4465 D
1943 4407 2071 4479 lum
2104 4417 2299 4479 octavo
2331 4408 2840 4479 annoprincipatus
2876 4406 3219 4479 Constantini
3267 4407 3514 4476 contigit.

259 4494 371 4531 νον.
417 4475 581 4544 quue
613 4477 775 4532 etiam
808 4477 857 4531 in
893 4477 1084 4531 Μοναή
1130 4475 1269 4532 libro
1316 4475 1513 4544 reperi.
1564 4475 1676 4546 Ego
1706 4475 1832 4530 vero

260 4548 446 4619 malim
497 4547 738 4619 scribere
771 4547 911 4619 πρὸς
942 4551 1008 4618 τῇ
1049 4547 1156 4602 τῶν
1191 4549 1520 4619 ἱερωμένωνᾷ
1533 4551 1695 4618 τιμῇ,
1727 4556 1830 4619 etc.

260 4616 460 4671 Reddit
507 4617 650 4670 enim
705 4616 1449 4680 ratiotretitEusebins,'cur
1485 4616 1834 4672 Constantius

263 4689 392 4758 imp.
423 4689 659 4758 synodos
692 4689 1068 4758 episcoporum
1109 4689 1401 4743 identidem
1450 4699 1829 4756 congregaret.

261 4757 466 4821 Prima,
513 4757 915 4825 inquit,causa
965 4768 1102 4823 erat,
1134 4769 1192 4811 ut
1243 4758 1614 4812 sacerdotibus
1654 4758 1742 4811 Dei
1781 4759 1832 4812 in

261 4843 426 4880 unum
459 4828 699 4881 collectis
742 4830 999 4883 honorem
1031 4829 1333 4884 exhiberet.
1371 4829 1619 4880 Secunda
1657 4837 1714 4880 ut
1745 4843 1834 4896 pa-

259 4912 377 4951 cem
410 4899 552 4952 inter
577 4899 721 4966 ipsos
749 4909 804 4953 et
835 4900 1178 4952 concordiam
1205 4897 1490 4952 stabiliret.
1518 4897 1679 4951 Certe
1706 4899 1832 4961 τοὺς

261 4966 590 5038 ἱερωμένους
643 4968 907 5022 Eusebius
958 4983 1155 5022 vocare
1206 4969 1344 5023 solet
1383 4970 1714 5030 sacerdotes,
1771 4979 1831 5021 ut

258 5052 457 5106 passim
492 5039 736 5092 occurrit
789 5041 840 5093 in
895 5039 978 5094 bis
1029 5039 1196 5093 libris.
1237 5038 1389 5104 Quod
1437 5040 1480 5090 si
1523 5053 1650 5091 cum
1692 5038 1833 5091 'l‘ur-

259 5107 398 5181 nebo
429 5109 606 5181 legere
634 5108 884 5181 malimus
929 5109 1068 5181 πρὸς
1099 5109 1158 5162 τὸ
1195 5107 1518 5181 ἱερωμένον,
1547 5117 1658 5160 tum
1693 5109 1830 5181 seri~

257 5176 500 5232 bendtsni
524 5179 628 5232 erit
658 5179 756 5251 τῆς
801 5176 987 5251 τιμῆς,
1015 5191 1073 5234 ιιι
1102 5196 1224 5233 cum
1245 5176 1609 5251 setiuetttibus
1653 5178 1828 5231 oratio

256 5251 561 5322 cohaereat;
593 5257 643 5304 et
674 5249 736 5303 τὸ
765 5249 1058 5322 ἱερώμενον
1087 5266 1181 5320 pro
1207 5249 1462 5322 religione
1499 5249 1634 5322 ipsad
1653 5263 1832 5322 smne-

259 5319 539 5390 tur,quod
571 5330 655 5390 est
685 5317 1138 5374 duriinsililallein
1167 5317 1327 5375 enim
1348 5321 1533 5373 dicere
1574 5320 1643 5389 τῇ
1693 5317 1830 5390 πρὸς

254 5387 347 5462 τὸν
361 5389 516 5462 Δἱερὸν
543 5389 704 5462 νόμον
729 5394 884 5462 τιμῇ.

329 5458 445 5530 (l3)
496 5458 641 5525 Τοὺς
713 5458 1012 5527 θεὸᾰεϐεῖς
1071 5458 1416 5525 βασιλικῶν
1473 5458 1830 5526 ἀπήλαυνεν

258 5529 456 5584 alr-nor.
501 5530 764 5585 Eusebius
805 5533 857 5584 in
892 5531 1150 5585 Chronico
1197 5546 1340 5583 anno
1373 5530 1586 5584 decimo
1631 5539 1828 5598 quarto

257 5599 600 5669 Constantini
627 5619 640 5654 :
677 5617 697 5650 ι
725 5599 987 5665 Licinius,
1019 5601 1220 5669 inquit,
1263 5601 1606 5654 Christianos
1639 5605 1705 5654 de
1737 5615 1829 5668 pa-

261 5668 388 5721 latio
415 5683 510 5722 suo
544 5671 714 5737 pellit.
742 5689 763 5723 ι
803 5671 944 5724 l‘dem
977 5671 1139 5725 habet
1184 5669 1407 5724 Orosius
1445 5672 1498 5724 in
1550 5671 1687 5723 libro
1719 5684 1831 5731 vn,

259 5738 356 5793 sed
399 5740 710 5807 perturbato
757 5755 936 5798 rerum
985 5755 1048 5797 ac
1081 5753 1382 5818 temporum
1430 5741 1845 5818 ordinetduux

1941 4477 2145 4543 Duplex
2174 4478 2317 4530 enim
2349 4476 2450 4529 fuit
2485 4478 2654 4531 'civile
2697 4477 2896 4531 bellum
2931 4477 3071 4530 inter
3099 4476 3515 4532 Constantinum

1937 4561 2000 4600 ac
2041 4545 2328 4602 Licinium.
2377 4546 2619 4601 Primum
2665 4545 3053 4616 quoiLicinins
3092 4545 3268 4616 victus
3308 4546 3411 4600 fuit
3446 4547 3514 4600 ad

1933 4615 2164 4672 Cibalim
2212 4616 2531 4682 Pannonia),
2577 4614 2721 4670 anno
2764 4615 2970 4670 Christi
3017 4615 3142 4669 5M.
3173 4614 3339 4682 Cujus
3385 4616 3512 4669 belli

1934 4702 2134 4740 Causas
2180 4702 2316 4739 unus
2350 4688 2495 4755 quod
2544 4688 2714 4742 sciam
2769 4685 2952 4739 retulit
2993 4697 3185 4740 auctor
3223 4695 3512 4755 excerpto-

1936 4772 2056 4810 rum
2092 4762 2156 4811 de
2183 4755 2352 4809 Gestis
2387 4756 2747 4820 Constantini,
2775 4770 2935 4826 quam
2966 4757 3030 4806 ad
3079 4755 3282 4809 calcent
3312 4757 3506 4826 Amm.

1933 4826 2232 4881 Marcellini
2271 4826 2599 4895 jampridem
2639 4824 2805 4880 edidi.
2837 4824 3116 4879 Posterius
3147 4840 3278 4878 vero
3310 4825 3508 4879 bellum

1933 4895 2036 4951 fuit
2066 4897 2217 4958 illud,
2248 4911 2356 4962 quo
2382 4897 2532 4962 juxta
2566 4896 2974 4964 Adrianopolim
3018 4895 3168 4948 fusus
3197 4910 3258 4948 ac
3289 4895 3511 4964 fugatus

1932 4966 2034 5021 fuit
2065 4967 2334 5028 Licinius,-
2360 4967 2682 5035 tantiemque
2708 4966 2772 5018 ad
2808 4965 3137 5019 deditionem
3173 4965 3507 5035 compulsus,

1934 5051 2080 5092 anno
2109 5038 2308 5092 Christi
2344 5036 2469 5090 52$.
2499 5038 2575 5090 Ac
2599 5034 2802 5105 prioris
2836 5035 3058 5104 quidem
3111 5034 3234 5088 belli
3283 5036 3510 5090 mentio-

1935 5123 2056 5161 nem
2109 5107 2316 5161 nullam
2371 5106 2498 5160 fecit
2549 5106 2856 5160 Eusebius:
2903 5105 3022 5157 ideo
3077 5105 3310 5158 fortasse
3361 5107 3505 5173 quod

1931 5175 2175 5231 Licinius
2209 5177 2444 5229 nondum
2483 5177 2747 5230 adversus
2785 5174 3130 5228 Christianos
3174 5176 3508 5243 persecutio-

1933 5263 2054 5302 nem
2097 5247 2410 5300 excitasset.
2443 5247 2541 5299 Diu
2573 5245 2841 5314 siquidem
2877 5253 3000 5313 post
3043 5243 3192 5312 prius
3220 5244 3347 5298 illud
3391 5244 3509 5298 bel-

1931 5317 2040 5370 lum
2090 5316 2332 5371 Licinius
2376 5317 2724 5370 Christianos
2763 5315 3011 5384 persequi
3069 5316 3323 5375 instituit,
3352 5327 3508 5384 anno

1933 5389 2141 5442 scilicet
2172 5403 2263 5442 XIV
2292 5387 2504 5456 imperii
2543 5381 2907 5456 Constantini,
2938 5381 2994 5437 ut
3028 5384 3226 5456 legitur
3253 5385 3305 5456 in
3328 5381 3509 5456 Claro-

1930 5459 2050 5511 nico
2084 5457 2299 5512 Eusebii
2349 5453 2601 5511 editionis
2642 5455 2904 5523 Scaligeri
2935 5469 2998 5508 ac
3047 5453 3337 5523 Mirati,_id
3388 5463 3506 5517 est,

1932 5544 2075 5581 anno
2100 5528 2300 5581 Christi
2331 5527 2458 5580 320.
2502 5525 2645 5580 ldetu
2696 5521 2872 5578 annus
2909 5523 3140 5577 habetur
3168 5528 3218 5576 in
3244 5521 3505 5577 Chronico

1931 5598 2180 5652 Cedreni.
2211 5603 2276 5650 At
2307 5598 2575 5651 Baronius
2612 5595 2880 5650 Licinium
2930 5607 3074 5647 anno
3125 5593 3327 5648 Christi
3372 5592 3500 5654 516,

1951 5671 2361 5722 »ειοεεοιιιὶοιιειιι
2401 5668 2454 5721 in
2495 5668 2834 5721 Christianos
2880 5665 3240 5718 commovisse
3286 5662 3497 5716 scribit.

1962 5738 2131 5794 lerunt
2185 5739 2237 5792 in
2307 5738 2523 5794 Baronii
2578 5736 2870 5793 Annalibus
2929 5734 3155 5790 historia
3215 5734 3500 5802 utriusque
