4132 6406
349 292 456 346 θιιο

1445 304 1531 360 DE
1569 305 1733 382 VITA
1771 306 2228 366 CONSTA‘NTI‘NI
2268 309 2394 366 LIB.
2439 313 2478 371 l.

3484 322 3590 376 970

345 408 405 459 ἐν
425 408 665 480 εἱρκταῖς
692 410 1238 485 ταλαιπωρουμένους
1258 419 1458 489 μηδένα
1494 423 1770 490 μεταδόσει
1796 442 1897 496 τροι

2023 425 2365 481 orationibus
2394 437 2709 482 sanctorum
2742 430 2977 482 virorum
3001 473 3014 493 ,
3056 431 3255 499 quibus
3297 445 3588 502 semetipsa

345 499 455 569 φῆς
481 499 1011 573 φιλανθρωπεύεσθαι
1043 509 1316 572 ἐκέλευσε,
1362 511 1480 582 μηδ’
1511 513 1675 566 ἐλεεῖν
1709 515 1836 578 τοὺς
1861 517 1918 567 ἐν

343 590 563 661 δεσμοῖς
600 591 744 664 λιμῷ
782 594 1272 668 διαφθειρομένους,
1337 603 1458 671 μηδ’
1497 603 1682 666 ἁπλῶς
1716 604 1917 672 ἀγαθὸν

341 676 484 733 εἶναι
512 683 732 754 μηδένα,
767 687 887 756 μηδ’
919 690 1119 756 ἀγαθόν
1145 693 1473 763 τιπράττειν
1504 696 1628 757 τοὺς
1661 696 1752 748 καὶ
1782 696 1918 767 πρὸς

338 773 442 843 τῆς
471 775 682 842 φύσεως
708 779 799 831 ἐπὶ
829 780 888 832 τὸ
933 783 1214 852 συμπαθὲς
1240 785 1346 837 τῶν
1368 786 1531 850 πέλας
1559 787 1913 856 ἐλκομένους;

337 865 454 918 Καὶ
471 863 538 937 ἦν
567 885 627 936 γε
650 869 827 940 νόμων
854 865 1006 937 οὗτος
1031 875 1283 946 ἄντικρυς
1318 877 1538 948 ἀναιδὴς
1558 878 1652 930 καὶ
1688 895 1916 948 παρανο-

343 957 613 1027 μώτατος,
660 964 838 1014 πᾶσαν
889 963 1325 1034 ὑπερακοντίζων
1366 968 1560 1036 φύσινο
1609 969 1693 1036 ἐφ’
1737 963 1780 1035 ᾧ
1822 969 1914 1021 καὶ

334 1051 578 1121 τιμωρία
612 1055 946 1124 προσέκειτο,
986 1057 1110 1118 τοὺς
1156 1057 1437 1121 ἐλεοῦντας
1462 1059 1530 1111 τὰ
1562 1060 1650 1112 ἴσα
1687 1061 1914 1130 πάσχειν

335 1143 454 1202 τοῖς
487 1142 840 1213 ἐλεουμένοις,
881 1147 1248 1224 ὑπομένοντας
1272 1149 1542 1220 τιμωρίας
1572 1151 1695 1213 τους
1722 1150 1792 1202 τα
1827 1168 1913 1219 φι-

334 1228 634 1303 λάνθρωπα
661 1237 905 1292 διακονου
915 1241 1129 1310 μένους.

1973 525 1980 530 ·
2024 515 2285 583 privaral.
2311 515 2447 582 Quid
2487 528 2746 586 przeterea
2780 534 3211 574 commemorare
3233 525 3450 587 attinet,
3482 540 3588 592 qun

2024 615 2181 673 pacto
2232 610 2574 677 praeceperit,
2632 625 2698 664 ne
2738 610 2952 663 miseris
2987 613 3038 664 in
3088 626 3306 668 carcere
3356 616 3592 668 detentis

2023 697 2275 750 alimenta
2308 700 2591 769 quisquam
2613 701 2926 754 humaniter
2953 701 3424 767 subministraret;
3455 721 3590 759 neve

2023 787 2146 855 quis
2217 791 2462 845 homines
2532 792 2583 844 in
2659 791 2885 846 vinculis
2951 791 3093 846 fame
3146 796 3590 848 contabesrentes

2024 880 2372 934 miseratione
2408 891 2828 949 prosequerctur
2868 901 2882 937 :
2925 884 3026 936 hoc
3059 893 3165 947 est,
3206 900 3273 940 ne
3306 887 3426 954 quis
3473 902 3590 939 om-

2025 970 2152 1023 nino
2175 972 2460 1024 virbonus
2491 974 2813 1035 exsisteret;
2860 989 2992 1028 neve
3021 976 3053 1029 ii
3089 978 3180 1044 qui
3222 976 3286 1029 ad
3323 979 3592 1045 proximo-

2023 1076 2142 1112 rum
2213 1063 2616 1115 miserationem
2687 1075 2876 1116 natura
2937 1067 3048 1131 ipsa
3106 1067 3396 1132 ducuntur,
3463 1068 3587 1122 boni

2019 1150 2310 1217 quidquam
2345 1153 2696 1219 praestarent?
2736 1154 2855 1207 Fuit
2909 1155 3021 1210 luec
3073 1157 3314 1224 profecto
3367 1157 3584 1226 quidem

2019 1241 2101 1294 lex
2136 1243 2307 1318 palam
2340 1245 2624 1311 impudens
2677 1256 2724 1296 et
2774 1247 3202 1306 immanissima:
3261 1264 3585 1317 omnemque

337 1342 553 1382 morum
583 1332 848 1386 feritatem
882 1334 1040 1390 facile
1070 1337 1365 1406 snperavit.
1413 1335 1552 1403 Quin
1598 1334 1760 1389 etiam
1801 1335 1900 1402 legi
1963 1335 2172 1402 adiecta
2203 1345 2322 1388 erat
2360 1338 2472 1390 hzcc
2524 1353 2703 1404 parua,
2736 1349 2792 1390 ut
2820 1339 2910 1408 qui
2941 1339 3161 1393 inclusis
3185 1343 3375 1406 stipem
3404 1342 3585 1412 dedis:

333 1427 477 1484 sent,
509 1426 623 1487 pari
659 1439 780 1476 cum
810 1425 942 1492 ipsis
981 1428 1242 1497 supplicio
1271 1429 1673 1497 plecterentur;
1721 1440 1885 1496 utque
1927 1429 1982 1482 in
2031 1445 2306 1483 carcerem
2354 1438 2406 1483 et
2440 1430 2650 1483 vincula
2686 1433 2912 1500 conjecti
2965 1435 3207 1486 eamdem
3249 1449 3371 1488 cum
3406 1436 3584 1489 noxiis

335 1526 551 1579 poenam
575 1518 837 1584 subirent,
875 1521 965 1589 qui
995 1522 1350 1576 humanitatis
1374 1521 1548 1578 cilicia
1579 1524 1658 1577 eis
1692 1523 2094 1592 przestitissent.

851 1612 1243 1665 ΚΕΦΛΛΑΙΟΝ
1266 1614 1393 1665 ΝΕ’.
1811 1681 1826 1693 .

331 1694 472 1761 Περὶ
516 1696 633 1748 τῶν
670 1701 939 1754 Λικινίου
977 1703 1478 1776 παρανομιῶν-καὶ
1518 1703 1900 1768 πλεονεξιῶν.

405 1788 660 1842 Τοιαῦται
689 1792 928 1844 Λικινίου
965 1796 1018 1846 αἱ
1045 1793 1334 1858 διατάξεις.
1363 1795 1426 1846 Τί
1451 1795 1507 1848 δέ
1540 1797 1642 1866 χρὴ
1672 1795 1770 1859 τὰς
1806 1813 1904 1848 πε-

337 1878 389 1946 ρὶ
424 1880 614 1950 γάμων
655 1882 817 1935 αὐτοῦ
859 1885 1203 1955 καινοτομίας
1236 1885 1682 1957 ἀπαριθμείσθαι,
1722 1887 1906 1958 ἢτοὺς

331 1969 425 2020 ἐπὶ
458 1969 716 2034 τοιούτοις
734 1972 824 2024 τὸν
869 1972 980 2042 βίον
1033 1973 1450 2043 μεταλλάττουσι
1481 1977 1901 2047 νεωτερισμοὺς,

329 2059 396 2111 δι’
421 2053 495 2114 ὧν
523 2062 643 2126 τοὺς
679 2062 939 2128 παλαιοὺς
985 2066 1265 2137 Ῥωμαίων
1308 2061 1365 2118 εὖ
1401 2067 1493 2120 καὶ
1516 2067 1693 2136 σοφῶς
1721 2069 1907 2138 κειμέ-

330 2168 456 2214 νους
481 2153 677 2222 νόμους
713 2155 1049 2226 περιγράψαι
1085 2158 1381 2228 τολμήσας,
1411 2157 1718 2228 βαρϐάρους
1754 2159 1905 2220 τινὰς

329 2245 425 2296 καὶ
466 2245 770 2316 ἀνημέρους
819 2249 1124 2318 ἁντεισῆγε,
1168 2250 1394 2319 σκήψεις
1434 2249 1662 2303 ἐπινοῶν
1703 2250 1901 2319 μυρίας

329 2335 470 2388 κατὰ
512 2337 619 2389 τῶν
674 2338 957 2408 ὁπηκόων;
1005 2340 1195 2394 Ἔνθεν
1243 2343 1642 2414 ἀναμετρήσεις
1695 2343 1904 2395 ἐπενόει

329 2433 454 2503 γῆς,
479 2433 553 2496 ὡς
582 2434 646 2486 ἂν
689 2435 909 2488 πλείονα
958 2435 1034 2505 τῷ
1074 2437 1254 2509 μέτρῳ
1291 2436 1554 2505 λογίζοιτο
1591 2437 1688 2508 τὴν
1724 2439 1906 2508 ἐλαχί-

327 2539 481 2593 στην,
511 2527 576 2579 δι’
596 2527 896 2617 ἀπληστίαν
920 2528 1184 2600 περιττῶν
1206 2529 1560 2600 είσπράξεων.
1593 2530 1780 2584 Ἔνθεν
1795 2531 1902 2583 τῶν

327 2619 447 2668 κατ’
488 2619 689 2687 ἀγροὺς
725 2619 920 2689 μηκέτι
959 2620 1128 2675 όντων
1164 2619 1484 2691 ἀνθρώπων,
1534 2621 1808 2690 πρόπαλαι
1839 2622 1901 2675 ’δ’

325 2712 386 2764 ἐν
417 2714 630 2781 νεκροῖς
681 2712 966 2782 κειμένων,
1022 2713 1341 2784 ἀναγραφὰς
1380 2716 1634 2776 ἐποιεῖτο,
1677 2715 1901 2786 αἰσχρδν

324 2802 476 2873 αὐτῷ
504 2803 692 2873 κέρδος
734 2805 798 2856 ἐκ
841 2804 1029 2857 τούτου
1073 2805 1450 2876 ποριζόμενος.
1500 2807 1574 2860 Οὐ
1614 2806 1721 2878 γὰρ
1757 2804 1900 2878 εἶχεν

323 2895 476 2964 αύτῴ
503 2894 696 2965 μέτρον
719 2897 750 2966 ἡ
778 2894 1111 2971 μικρολογία,
1138 2897 1246 2949 οὐδ’
1270 2899 1301 2965 ἡ
1333 2896 1604 2968 ἀπληστία
1630 2898 1774 2971 κόρῳ
1805 2915 1902 2951 πε·-

2505 1614 2668 1686 436
2701 1613 2930 1670 CAPUT
2970 1613 3081 1669 Lv.

2319 1704 2392 1759 De
2425 1708 2701 1769 iniquitate
2729 1719 2773 1760 et
2798 1714 3025 1762 avaritia
3050 1710 3258 1762 Licinii.

2081 1797 2396 1864 Huiusmodi
2447 1799 2599 1855 fuere
2662 1802 3079 1856 constitutiones
3153 1802 3370 1858 Licinii.
3436 1802 3572 1869 Quid

2010 1906 2137 1944 vero
2181 1894 2316 1959 'opus
2342 1901 2434 1962 est
2481 1907 2771 1946 recensere
2805 1909 2924 1961 quae
2956 1894 3009 1946 in
3048 1894 3245 1962 nuptiis
3293 1906 3386 1948 aut
3429 1897 3572 1949 circa

2011 1978 2304 2035 morientes
2363 1983 2676 2046 innovavit;
2729 1992 2971 2038 vetustas
3014 1983 3380 2039 Romanorum
3430 1986 3578 2057 leges

2011 2080 2159 2124 recte
2205 2079 2261 2124 et
2312 2073 2590 2142 sapienter
2646 2074 2968 2127 constitutas
3019 2089 3183 2128 ausus
3236 2076 3474 2139 abolere,
3523 2087 3579 2129 et

2010 2159 2273 2216 barbaras
2300 2163 2563 2230 quasdam
2598 2171 2762 2231 atque
2798 2164 3060 2217 immanes
3098 2166 3358 2233 planeque
3406 2167 3578 2236 illegi-

2011 2252 2174 2306 timas
2213 2262 2269 2306 et
2319 2253 2536 2324 iniquas
2595 2254 2741 2323 leges
2785 2254 2997 2308 illarum
3045 2256 3164 2310 loco
3209 2258 3578 2313 substituere?

2010 2341 2152 2398 Mille
2183 2354 2445 2412 praeterea
2479 2347 2826 2399 exactionem
2859 2362 3058 2414 genera
3100 2349 3359 2403 adversus
3383 2350 3574 2404 subdi-

2011 2441 2094 2488 tos
2130 2433 2482 2504 excogitavit.
2509 2433 2771 2499 Quocirca
2798 2451 2964 2488 novas
2993 2451 3242 2505 agrorum
3268 2438 3576 2492 mensiones

2008 2525 2308 2590 adiuvenit,
2359 2535 2418 2579 ut
2459 2527 2638 2597 exigui
2674 2528 2787 2597 agri
2824 2527 3081 2591 maiorem
3119 2531 3413 2599 imputaret
3457 2547 3576 2586 mo-

2009 2616 2156 2680 dum,
2181 2614 2250 2668 ob
2273 2615 2645 2684 inexplebilem
2663 2617 3012 2686 cupiditatem
3032 2619 3318 2672 nimiarum
3338 2629 3577 2674 exactio-

2008 2725 2156 2766 num.
2179 2709 2303 2765 Ideo
2341 2714 2665 2765 rusticorum
2698 2712 2788 2779 qui
2833 2712 3155 2779 superstites
3203 2712 3434 2780 amplius
3468 2727 3574 2764 non

2006 2808 2182 2862 erant,
2212 2799 2303 2853 sed
2329 2797 2655 2868 jampridem
2689 2802 2974 2864 obierant,
3009 2801 3226 2855 nomina
3259 2803 3311 2855 in
3344 2817 3576 2857 censua-

2011 2891 2151 2945 libus
2183 2891 2378 2944 tabulis
2409 2889 2759 2957 inscribebat,
2791 2893 2962 2960 turpis
2999 2892 3136 2946 lucri
3171 2893 3296 2948 hinc
3323 2909 3575 2963 compen-

325 2985 630 3057 ριωρίζετο.
663 2989 752 3039 Διὸ
776 2972 839 3058 δὴ
866 2987 1040 3041 πάντα
1070 2988 1364 3059 πληρώσας
1389 2989 1590 3060 χρυσοῦ
1612 2991 1706 3044 καὶ
1730 2991 1897 3062 ἀργύ-

2007 2981 2156 3033 dium
2184 2988 2432 3048 captans.
2465 2981 2648 3049 Neque
2685 2981 2828 3034 enim
2865 2983 3083 3036 sordida
3115 2984 3354 3038 hominis
3393 2986 3574 3054 parci-

321 3092 421 3148 ρου
444 3077 738 3148 χρημάτων
764 3081 810 3130 τ’
843 3081 1082 3150 ἀπείρων
1109 3079 1321 3152 πλήθει,
1365 3081 1564 3134 στένων
1589 3082 1904 3154 ἀπωδύρετο

321 3168 614 3239 πτωχείαν,
661 3169 966 3240 Τανταλείῳ
998 3171 1158 3224 πάθει
1194 3171 1290 3242 τὴν
1334 3170 1512 3242 ψυχὴν
1547 3171 1897 3242 τρυχόμενος.

320 3261 454 3333 υἷας
478 3260 522 3315 δ’
549 3261 742 3332 ἐφεῦρε
760 3261 899 3315 κατὰ
913 3261 1020 3315 τῶν
1044 3263 1206 3334 μηδὲν
1230 3262 1563 3332 ἠδικηκότων
1584 3262 1904 3334 ὑπερορίους

315 3353 610 3424 τιμωρίας,
641 3355 758 3417 οἵας
792 3355 1142 3425 ὑπαρχόντων
1168 3353 1479 3424 δημεύσεις,
1509 3354 1627 3416 οἵας
1652 3355 1902 3423 εὐπατρι-

319 3445 428 3500 δῶν
457 3448 550 3500 καὶ
575 3447 863 3516 ἀξιολόγων
895 3447 1102 3518 ἀνδρῶν
1122 3445 1443 3515 ἀπαγωγὰς,
1485 3438 1558 3498 ὧν
1590 3443 1686 3507 τὰς
1712 3461 1897 3514 κουρι-

317 3536 438 3603 δίας
474 3541 685 3609 μιαροῖς
721 3539 954 3601 οἰκέταις
979 3537 1233 3608 ἐφ’ῦϐρει
1257 3536 1506 3608 πράξεως
1538 3535 1766 3604 αἰσχρᾶς
1800 3551 1896 3585 πα-

322 3633 558 3706 ρεδίδουο
593 3635 743 3697 ὅσαις
783 3635 825 3687 δ’
859 3633 1038 3696 αὐτὸς,
1076 3633 1278 3702 καίπερ
1318 3631 1418 3702 ἤδη
1460 3631 1607 3700 γήρα
1640 3629 1698 3681 τὸ
1734 3628 1895 3698 σῶμα

320 3723 793 3795 πεπαλαιωμένος,
845 3724 1088 3793 γυναιξὶν
1139 3723 1450 3794 ὑπάνδροις,
1496 3719 1785 3790 παρθένοις
1835 3734 1891 3770 τε

318 3814 510 3885 κόραις
541 3817 831 3888 ἐπεχείρει,
877 3817 936 3869 οὐ
966 3817 1027 3888 δὴ
1066 3814 1235 3868 ταῦτα
1266 3812 1442 3884 χρεὼν
1473 3809 1751 3882 μηκύνειν,
1796 3809 1893 3880 τῆς

318 3905 426 3958 τῶν
468 3909 709 3977 ἐσχάτων
744 3907 905 3962 αὐτοῦ
943 3908 1192 3980 πράξεων
1224 3906 1526 3978 ὑπερϐολῆς
1576 3901 1783 3974 σμικρὰ
1831 3900 1893 3954 τὰ

320 3996 510 4068 πρῶτα
542 3999 632 4050 καὶ
663 4000 724 4052 τὸ
755 4000 915 4070 μηδὲν
945 3998 1320 4070 ἀποδειξάσης.

2009 3073 2185 3124 monia
2218 3071 2380 3125 ullum
2409 3073 2646 3126 habebat
2695 3073 2934 3138 modum,
2971 3089 3068 3128 nec
3098 3074 3328 3128 habendi
3357 3075 3573 3142 cupitli-

2011 3171 2172 3216 tatem
2203 3163 2429 3216 satietas
2464 3162 2705 3220 finiebat.
2741 3165 2927 3232 Itaque
2949 3179 3070 3218 cum
3104 3179 3238 3218 auro
3259 3174 3314 3218 et
3345 3177 3573 3234 argento

2009 3260 2063 3308 et
2091 3255 2352 3307 immensa
2400 3269 2558 3322 opum
2606 3255 2762 3322 copia
2801 3255 3084 3309 thesauros
3116 3272 3242 3310 suos
3272 3257 3569 3324 implesset,

2005 3359 2224 3413 gemens
2270 3345 2336 3399 de
2385 3355 2699 3414 paupertate
2739 3362 2834 3400 sua
2883 3347 3231 3416 querebatur,
3291 3349 3572 3403 Tantalicu

2004 3438 2240 3506 quodam
2275 3438 2466 3492 morbo
2490 3448 2744 3494 vexatus.
2788 3437 2926 3503 Quid
2964 3439 3194 3494 referam
3221 3442 3410 3495 exsilia
3443 3447 3568 3511 qui-

2002 3530 2100 3583 bus
2125 3529 2613 3582 virosinnocentes
2638 3529 2951 3582 damnavit?
2991 3530 3128 3595 Quid
3169 3532 3431 3584 bonorum
3471 3545 3570 3600 pu-

2002 3620 2366 3674 blicatioues?
2416 3620 2554 3686 Quid
2589 3619 2801 3674 nobiles
2862 3635 2928 3674 ac
2970 3621 3255 3690 praecipua:
3288 3622 3568 3691 dignitatis

2000 3713 2244 3766 homines
2299 3714 2349 3766 in
2405 3726 2677 3766 carcerem
2734 3713 3014 3774 abductos,
3071 3702 3315 3781 quorum
3367 3730 3566 3769 uxores

2000 3805 2279 3859 sceleratis
2352 3804 2670 3874 quibusdam
2767 3805 3053 3874 mancipiis
3128 3808 3564 3876 constuprandas

1999 3896 2206 3950 dabat?
2235 3896 2376 3963 Quid
2409 3895 2659 3950 mulieres
2686 3907 2903 3965 nuptas,
2941 3897 3071 3967 quid
3103 3898 3341 3966 virgines
3374 3913 3563 3953 recen-

1998 4003 2166 4052 seam,
2223 3987 2420 4057 quibus
2471 3987 2760 4055 ipse,licet
2807 3988 2998 4042 affecta
3043 3989 3156 4057 jam
3215 3999 3397 4055 aetate,
3452 3992 3560 4044 vim

321 4087 522 4144 inferre
579 4096 844 4143 tentavit!
888 4092 1030 4146 Nihil
1075 4107 1210 4159 Opus
1267 4101 1350 4145 est
1407 4093 1458 4145 in
1514 4091 1600 4145 his
1665 4080 2152 4142 commemorandis
2211 4079 2414 4135 diutius
2459 4079 2765 4144 immorari,
2817 4095 2941 4135 cum
2986 4091 3386 4149 postremorum
3442 4083 3560 4150 ejus

319 4177 618 4236 facinorum
652 4183 916 4250 gravitas.
959 4191 1014 4235 ut
1055 4185 1234 4252 priora
1281 4186 1394 4238 lucc
1437 4184 1572 4239 levia
1609 4198 1672 4235 ac
1701 4194 1866 4248 prope
1890 4173 2036 4228 nulla
2062 4174 2394 4238 viderentur,
2424 4173 2684 4228 effecerit.

806 4275 1199 4328 ΚΕΦΑΛΛΙΟΝ
1230 4276 1372 4342 Ner.

480 4363 607 4416 Ὅτι
634 4362 887 4417 διωγμὸν
907 4364 1152 4419 ποιῆσαι
1173 4366 1387 4418 λοιπὸν
1411 4365 1720 4432 ἐπεχείρει.

387 4517 460 4570 Τὸ
489 4516 617 4585 γοῦν
648 4517 794 4581 τέλος
827 4517 973 4588 αὐτῷ
1015 4519 1113 4588 τῆς
1146 4519 1340 4589 μανίας
1375 4519 1515 4573 κατὰ
1553 4519 1660 4572 τῶν
1686 4519 1883 4590 ἐκκλη-

319 4607 448 4661 σιῶν
489 4607 772 4671 ὡπλίζετο,
812 4609 902 4660 ἐπί
945 4625 1005 4660 τε
1039 4609 1162 4672 τοὺς
1195 4610 1521 4672 ἐπισκόπους
1545 4607 1759 4679 ἐχώρει,
1791 4607 1884 4671 οὓς

316 4699 382 4753 ἂν
414 4700 644 4769 μάλιστα
678 4699 1112 4769 ἐναντιουμένους
1128 4699 1301 4772 ἐώρα”
1333 4702 1427 4753 καὶ
1447 4702 1673 4772 ἐχθροὺς
1700 4702 1884 4770 ἡγεῖτο

315 4795 441 4856 τοὺς
472 4793 547 4863 τῷ
571 4791 805 4862 θεοφιλεῖ
836 4792 928 4845 καὶ
963 4792 1180 4863 μεγάλῳ
1211 4793 1418 4863 βασιλεῖ
1454 4793 1659 4861 φίλους.
1699 4793 1788 4845 Διὸ
1817 4792 1881 4863 δὴ

320 4884 549 4955 μάλιστα
576 4883 694 4935 καθ’
733 4883 887 4954 ἡμῶν
918 4883 1007 4935 τὸν
1038 4883 1205 4954 θυμόν
1243 4883 1494 4949 ὠξύνετο,
1534 4882 1628 4936 τοῦ
1670 4883 1880 4953 σώφρο-

311 4992 402 5039 νος
427 4974 534 5045 (i9)
565 4973 1050 5045 παρενηνεγμένος,
1091 4973 1213 5026 οὔτε
1256 4974 1353 5045 τὴν
1385 4977 1604 5044 μνήμην
1635 4974 1742 5024 τῶν
1773 4972 1882 5044 πρὸ

315 5066 479 5119 αὐτοῦ
517 5068 871 5136 Χριστιανοὺς
903 5065 1267 5131 ἐκδιωξάντων
1311 5069 1367 5118 ἐν
1409 5065 1486 5135 νῷ
1531 5065 1876 5129 κατεϐάλετο,

314 5158 426 5212 οὔθ’
456 5152 531 5212 ὧν
575 5159 734 5221 αὐτὸς
771 5157 960 5228 ὀλετὴρ
1009 5159 1099 5210 καὶ
1141 5157 1379 5228 τιμωρὸς
1411 5158 1477 5210 δι’
1509 5157 1575 5219 ἃς
1618 5156 1877 5227 μετῆλθον

309 5252 584 5316 ἀσεϐείας,
611 5251 864 5320 κατέστη,
889 5249 1000 5303 οὗθ’
1024 5244 1098 5304 ὧν
1125 5249 1398 5318 αὐτόπτης
1425 5249 1664 5316 γέγονεν,
1696 5249 1876 5310 αὐτοῖς
1906 5286 1916 5296 .

314 5433 406 5496 τός
449 5432 600 5501 ponit
653 5445 752 5500 pro
807 5427 1544 5501 paganisgseu‘gentilibus,
1575 5426 1706 5501 Vide
1743 5440 1868 5501 qua:

316 5497 475 5569 supra
511 5497 690 5556 notavi
719 5502 783 5552 ad
811 5497 973 5566 caput
1005 5498 1075 5553 45
1111 5498 1265 5564 hujus
1302 5499 1445 5551 libri.
1486 5497 1869 5564 Christuphor-

316 5587 482 5627 sonus
518 5583 692 5626 tamen
722 5571 828 5624 τῶν
870 5569 1025 5630 ἐκτός
1067 5570 1447 5637 interpretatus
1473 5578 1556 5622 est
1583 5578 1866 5634 prwterea;

317 5653 376 5694 ut
408 5642 545 5696 idem
590 5645 657 5696 sit
686 5657 748 5695 ac
773 5639 974 5693 τούτων
1011 5637 1186 5702 ἐκτός,
1219 5640 1492 5707 quomodo
1544 5638 1751 5692 locutus
1785 5648 1867 5688 est

320 5713 614 5782 Eusebius,”
629 5728 747 5780 cap.
773 5713 861 5764 45.

681 5805 950 5863 Ριτιιοι..
983 5802 1100 5861 Gn.
1147 5799 1281 5860 XX.

2563 4264 2789 4321 CAPUT
2841 4263 2974 4319 LVI.

2065 4357 2340 4424 Quomodo
2397 4357 2808 4424 persecutionem
2862 4359 3111 4408 adversus
3155 4354 3486 4411 Christianos

2480 4430 2688 4479 tandem
2735 4427 3058 4479 excitaverit.

2061 4520 2304 4588 Denique
2325 4531 2392 4572 eo
2421 4516 2624 4569 furoris
2661 4519 2947 4582 processit,
2982 4525 3039 4567 ut
3072 4514 3552 4571 Ecclesiis-belhuu

1992 4611 2241 4673 inferret,
2277 4609 2532 4676 ipsosque
2561 4608 2850 4672 episcopos
2880 4605 3211 4670 adoriretur,
3238 4621 3374 4672 quos
3389 4609 3556 4660 maxi-

1991 4716 2076 4755 me
2103 4701 2207 4755 sibi
2236 4699 2493 4752 adversos
2521 4711 2641 4750 esse
2669 4695 3036 4764 iutelligebat;
3069 4710 3167 4763 pro
3192 4697 3428 4752 inimicis
3454 4699 3553 4752 ha-

1988 4794 2123 4846 bens
2147 4805 2241 4845 eos
2270 4789 2361 4857 qui
2389 4788 2609 4841 maximi
2639 4786 2854 4855 Deoque
2875 4787 3180 4840 charissimi
3208 4787 3551 4855 imperatoris

1989 4884 2147 4938 amici
2199 4890 2401 4936 essent.
2440 4879 2523 4934 0b
2561 4893 2721 4946 quam
2751 4878 3024 4944 praecipue
3057 4891 3278 4931 causam
3311 4879 3551 4934 furorem
3598 4873 3604 4913 ³

1987 4991 2144 5030 suum
2175 4975 2226 5025 in
2257 4986 2357 5025 nos
2385 4969 2625 5031 exacuit,
2683 4983 2715 5020 a
2764 4977 2914 5022 recta
2960 4967 3173 5020 ratione
3220 4967 3547 5022 desciscens.

1991 5067 2100 5120 Nec
2141 5063 2445 5131 exemplum
2480 5073 2667 5114 eorum
2701 5058 2795 5128 qui
2825 5065 2951 5111 ante
2995 5059 3172 5125 ipsum
3210 5057 3551 5113 Christianus

1987 5156 2204 5210 fuerant
2251 5152 2542 5224 persecuti.
2600 5153 2655 5203 in
2699 5151 3015 5204 memoriam
3071 5151 3174 5204 sibi
3231 5153 3545 5212 revocavit;

1987 5262 2089 5301 nec
2132 5244 2345 5299 illorum
2378 5256 2610 5312 quorum
2645 5241 2712 5296 ob
2759 5240 2920 5308 impia
2972 5239 3213 5294 facinora
3250 5240 3393 5294 ultor
3435 5239 3548 5308 ipse

2047 5424 2156 5495 (l9)
2203 5422 2313 5476 Τόῦ
2355 5420 2685 5491 σώφρονος.
2718 5419 2846 5495 Pass
2887 5435 3002 5474 meo
3044 5434 3207 5495 verba
3251 5429 3545 5473 asteriscus

1976 5491 2323 5562 appmicudus
2352 5503 2450 5545 est.
2485 5498 2681 5545 Desunt
2707 5493 2851 5562 enim
2905 5491 3180 5550 nonnulli,
3210 5507 3330 5562 qua;
3365 5502 3541 5548 tamen

1975 5559 2158 5616 cex-lib.
2188 5579 2243 5624 κ,
2275 5578 2394 5629 cap.
2422 5562 2475 5626 8,
2506 5564 2575 5614 ita
2597 5560 3236 5631 suppleripqssunt:1:06
3268 5559 3544 5631 σώφρονος

1973 5634 2277 5705 ἐκτραπεὶς
2295 5628 2573 5705 λογισμοῦ,
2630 5633 2683 5686 ln
2711 5628 2866 5684 codd.
2894 5629 3028 5705 Fuit.
3055 5628 3294 5684 'l‘urnebi
3323 5628 3539 5686 Μίδην.

1974 5700 2164 5773 legitur
2187 5701 2281 5755 τοῦ
2310 5700 2582 5773 σώφρονος
2607 5701 3106 5772 παρενηνεγμένος.

3146 5791 3220 5851 31
