  <div class='ocr_page' id='page_1' title='image "/cluster/home/n/w/nwhite01/storage/ocr_20150623/20/hvd.32044073501181/499.png"; bbox 0 0 4132 6406; ppageno 0'>
   <div class='ocr_carea' id='block_1_1' title="bbox 588 392 685 449">
    <p class='ocr_par' dir='ltr' id='par_1_1' title="bbox 588 392 685 449">
     <span class='ocr_line' id='line_1_1' title="bbox 588 392 685 449; baseline -0.01 -1"><span class='ocrx_word' id='word_1_1' title='bbox 588 392 685 449; x_wconf 75' lang='grc'><strong>971</strong></span> 
     </span>
    </p>
   </div>
   <div class='ocr_carea' id='block_1_2' title="bbox 1331 348 3851 451">
    <p class='ocr_par' dir='ltr' id='par_1_2' title="bbox 1331 348 3851 451">
     <span class='ocr_line' id='line_1_2' title="bbox 1331 348 3851 451; baseline 0.002 -5"><span class='ocrx_word' id='word_1_2' title='bbox 1331 391 1600 448; x_wconf 84' lang='lat' dir='ltr'><strong>EUSEBII</strong></span> <span class='ocrx_word' id='word_1_3' title='bbox 1635 389 2113 447; x_wconf 68' lang='lat' dir='ltr'><strong>CIESARIENSIS</strong></span> <span class='ocrx_word' id='word_1_4' title='bbox 2151 391 2297 446; x_wconf 84' lang='lat' dir='ltr'><strong>OPP.</strong></span> <span class='ocrx_word' id='word_1_5' title='bbox 2341 392 2521 448; x_wconf 77' lang='lat' dir='ltr'><strong>PARS</strong></span> <span class='ocrx_word' id='word_1_6' title='bbox 2560 394 2599 448; x_wconf 91' lang='grc' dir='ltr'><strong>Ι.</strong></span> <span class='ocrx_word' id='word_1_7' title='bbox 2637 422 2711 434; x_wconf 89' lang='lat'><strong>——</strong></span> <span class='ocrx_word' id='word_1_8' title='bbox 2749 348 3135 450; x_wconf 77' lang='lat' dir='ltr'><strong>IIISTORICA.</strong></span> <span class='ocrx_word' id='word_1_9' title='bbox 3759 396 3851 451; x_wconf 74' lang='lat'><strong>97?.</strong></span> 
     </span>
    </p>
   </div>
   <div class='ocr_carea' id='block_1_3' title="bbox 587 504 2154 580">
    <p class='ocr_par' dir='ltr' id='par_1_3' title="bbox 587 504 2154 578">
     <span class='ocr_line' id='line_1_3' title="bbox 587 504 2154 578; baseline -0.001 -18"><span class='ocrx_word' id='word_1_10' title='bbox 587 521 756 578; x_wconf 88' lang='lat' dir='ltr'><strong>atque</strong></span> <span class='ocrx_word' id='word_1_11' title='bbox 789 509 1091 562; x_wconf 83' lang='lat' dir='ltr'><strong>exstinctor</strong></span> <span class='ocrx_word' id='word_1_12' title='bbox 1117 506 1294 560; x_wconf 82' lang='lat' dir='ltr'><strong>fuerat</strong></span> <span class='ocrx_word' id='word_1_13' title='bbox 1325 506 1679 563; x_wconf 87' lang='lat' dir='ltr'><strong>constitutus.</strong></span> <span class='ocrx_word' id='word_1_14' title='bbox 1728 504 1838 560; x_wconf 89' lang='lat' dir='ltr'><strong>Nec</strong></span> <span class='ocrx_word' id='word_1_15' title='bbox 1881 506 2067 563; x_wconf 86' lang='lat' dir='ltr'><strong>animo</strong></span> <span class='ocrx_word' id='word_1_16' title='bbox 2111 518 2154 561; x_wconf 86' lang='lat' dir='ltr'><strong>cl</strong></span> 
     </span>
    </p>
   </div>
   <div class='ocr_carea' id='block_1_4' title="bbox 2259 504 3854 580">
    <p class='ocr_par' dir='ltr' id='par_1_4' title="bbox 2270 506 3854 580">
     <span class='ocr_line' id='line_1_4' title="bbox 2270 506 3854 580; baseline 0.003 -20"><span class='ocrx_word' id='word_1_17' title='bbox 2270 508 2600 580; x_wconf 74' lang='grc' dir='ltr'>παραλαϐὼν</span> <span class='ocrx_word' id='word_1_18' title='bbox 2643 509 2856 580; x_wconf 71' lang='grc' dir='ltr'>ὄμμασι</span> <span class='ocrx_word' id='word_1_19' title='bbox 2898 509 2989 562; x_wconf 79' lang='grc' dir='ltr'><strong>τὸν</strong></span> <span class='ocrx_word' id='word_1_20' title='bbox 3029 506 3430 580; x_wconf 72' lang='grc' dir='ltr'><strong>πρωτοστάτην</strong></span> <span class='ocrx_word' id='word_1_21' title='bbox 3465 506 3578 575; x_wconf 75' lang='lat'><strong>(9.0)</strong></span> <span class='ocrx_word' id='word_1_22' title='bbox 3624 507 3723 559; x_wconf 85' lang='grc' dir='ltr'><strong>τῶν</strong></span> <span class='ocrx_word' id='word_1_23' title='bbox 3769 527 3854 564; x_wconf 75' lang='grc' dir='ltr'>κα-</span> 
     </span>
    </p>
   </div>
   <div class='ocr_carea' id='block_1_5' title="bbox 587 597 2162 671">
    <p class='ocr_par' dir='ltr' id='par_1_5' title="bbox 587 597 2162 671">
     <span class='ocr_line' id='line_1_5' title="bbox 587 597 2162 671; baseline -0.001 -17"><span class='ocrx_word' id='word_1_24' title='bbox 587 599 920 671; x_wconf 85' lang='lat' dir='ltr'><strong>cogitalione</strong></span> <span class='ocrx_word' id='word_1_25' title='bbox 965 597 1130 670; x_wconf 65' lang='grc'><strong>437</strong></span> <span class='ocrx_word' id='word_1_26' title='bbox 1176 598 1408 653; x_wconf 89' lang='lat' dir='ltr'><strong>recoluit</strong></span> <span class='ocrx_word' id='word_1_27' title='bbox 1438 611 1501 653; x_wconf 88' lang='lat' dir='ltr'><strong>ea</strong></span> <span class='ocrx_word' id='word_1_28' title='bbox 1531 613 1764 668; x_wconf 91' lang='lat' dir='ltr'><strong>quorum</strong></span> <span class='ocrx_word' id='word_1_29' title='bbox 1802 597 1917 668; x_wconf 89' lang='lat' dir='ltr'><strong>ipse</strong></span> <span class='ocrx_word' id='word_1_30' title='bbox 1945 608 2162 668; x_wconf 80' lang='lat' dir='ltr'><strong>specta-</strong></span> 
     </span>
    </p>
   </div>
   <div class='ocr_carea' id='block_1_6' title="bbox 588 691 2166 759">
    <p class='ocr_par' dir='ltr' id='par_1_6' title="bbox 588 691 2166 759">
     <span class='ocr_line' id='line_1_6' title="bbox 588 691 2166 759; baseline 0.001 -15"><span class='ocrx_word' id='word_1_31' title='bbox 588 701 671 744; x_wconf 91' lang='lat' dir='ltr'><strong>tor</strong></span> <span class='ocrx_word' id='word_1_32' title='bbox 697 692 1026 759; x_wconf 81' lang='lat' dir='ltr'><strong>exstiterat,</strong></span> <span class='ocrx_word' id='word_1_33' title='bbox 1091 701 1218 746; x_wconf 90' lang='lat' dir='ltr'><strong>tunc</strong></span> <span class='ocrx_word' id='word_1_34' title='bbox 1260 707 1383 746; x_wconf 92' lang='lat' dir='ltr'><strong>cum</strong></span> <span class='ocrx_word' id='word_1_35' title='bbox 1420 691 1576 746; x_wconf 91' lang='lat' dir='ltr'><strong>illum</strong></span> <span class='ocrx_word' id='word_1_36' title='bbox 1601 694 1846 747; x_wconf 91' lang='lat' dir='ltr'><strong>omnium</strong></span> <span class='ocrx_word' id='word_1_37' title='bbox 1899 693 2166 748; x_wconf 86' lang='lat' dir='ltr'><strong>malorum</strong></span> 
     </span>
    </p>
   </div>
   <div class='ocr_carea' id='block_1_7' title="bbox 2271 597 3857 671">
    <p class='ocr_par' dir='ltr' id='par_1_7' title="bbox 2271 597 3857 671">
     <span class='ocr_line' id='line_1_7' title="bbox 2271 597 3857 671; baseline -0.001 -19"><span class='ocrx_word' id='word_1_38' title='bbox 2271 599 2405 664; x_wconf 86' lang='grc' dir='ltr'>κῶν,</span> <span class='ocrx_word' id='word_1_39' title='bbox 2445 601 2504 663; x_wconf 83' lang='grc' dir='ltr'>ὃς</span> <span class='ocrx_word' id='word_1_40' title='bbox 2532 618 2616 664; x_wconf 86' lang='grc' dir='ltr'><strong>τις</strong></span> <span class='ocrx_word' id='word_1_41' title='bbox 2657 619 2786 654; x_wconf 90' lang='grc' dir='ltr'>ποτε</span> <span class='ocrx_word' id='word_1_42' title='bbox 2820 597 2888 671; x_wconf 78' lang='grc' dir='ltr'>ἦν</span> <span class='ocrx_word' id='word_1_43' title='bbox 2922 603 3148 664; x_wconf 82' lang='grc' dir='ltr'>ἐκεῖνος,</span> <span class='ocrx_word' id='word_1_44' title='bbox 3191 598 3450 669; x_wconf 84' lang='grc' dir='ltr'>θεηλάτῳ</span> <span class='ocrx_word' id='word_1_45' title='bbox 3483 599 3705 669; x_wconf 77' lang='grc' dir='ltr'><strong>μάστιγι</strong></span> <span class='ocrx_word' id='word_1_46' title='bbox 3737 603 3857 671; x_wconf 68' lang='grc' dir='ltr'>πλη-</span> 
     </span>
    </p>
   </div>
   <div class='ocr_carea' id='block_1_8' title="bbox 2268 693 2459 762">
    <p class='ocr_par' dir='ltr' id='par_1_8' title="bbox 2268 693 2459 762">
     <span class='ocr_line' id='line_1_8' title="bbox 2268 693 2459 762; baseline -0.005 -16"><span class='ocrx_word' id='word_1_47' title='bbox 2268 693 2459 762; x_wconf 81' lang='grc' dir='ltr'>γέντα.</span> 
     </span>
    </p>
   </div>
   <div class='ocr_carea' id='block_1_9' title="bbox 584 783 3856 856">
    <p class='ocr_par' dir='ltr' id='par_1_9' title="bbox 584 783 3856 856">
     <span class='ocr_line' id='line_1_9' title="bbox 584 783 3856 856; baseline 0 -20"><span class='ocrx_word' id='word_1_48' title='bbox 584 783 1026 854; x_wconf 79' lang='lat' dir='ltr'><strong>antesignanum,</strong></span> <span class='ocrx_word' id='word_1_49' title='bbox 1099 785 1344 853; x_wconf 83' lang='lat' dir='ltr'><strong>quisquis</strong></span> <span class='ocrx_word' id='word_1_50' title='bbox 1411 783 1502 841; x_wconf 91' lang='lat' dir='ltr'><strong>ille</strong></span> <span class='ocrx_word' id='word_1_51' title='bbox 1550 786 1766 840; x_wconf 81' lang='lat' dir='ltr'><strong>tandem</strong></span> <span class='ocrx_word' id='word_1_52' title='bbox 1833 785 1969 851; x_wconf 79' lang='lat' dir='ltr'><strong>fuit,</strong></span> <span class='ocrx_word' id='word_1_53' title='bbox 2024 784 2230 840; x_wconf 83' lang='lat' dir='ltr'><strong>inﬂicta</strong></span> <span class='ocrx_word' id='word_1_54' title='bbox 2291 786 2551 841; x_wconf 84' lang='lat' dir='ltr'><strong>divinitus</strong></span> <span class='ocrx_word' id='word_1_55' title='bbox 2601 785 2756 856; x_wconf 82' lang='lat' dir='ltr'><strong>plaga</strong></span> <span class='ocrx_word' id='word_1_56' title='bbox 2817 800 3137 855; x_wconf 90' lang='lat' dir='ltr'><strong>percussum</strong></span> <span class='ocrx_word' id='word_1_57' title='bbox 3188 785 3303 840; x_wconf 87' lang='lat' dir='ltr'><strong>suis</strong></span> <span class='ocrx_word' id='word_1_58' title='bbox 3353 783 3477 853; x_wconf 90' lang='lat' dir='ltr'><strong>ipse</strong></span> <span class='ocrx_word' id='word_1_59' title='bbox 3529 783 3705 837; x_wconf 88' lang='lat' dir='ltr'><strong>oculis</strong></span> <span class='ocrx_word' id='word_1_60' title='bbox 3740 798 3856 838; x_wconf 87' lang='lat' dir='ltr'><strong>con-</strong></span> 
     </span>
    </p>
   </div>
   <div class='ocr_carea' id='block_1_10' title="bbox 586 876 785 946">
    <p class='ocr_par' dir='ltr' id='par_1_10' title="bbox 586 876 785 946">
     <span class='ocr_line' id='line_1_10' title="bbox 586 876 785 946; baseline -0.01 -17"><span class='ocrx_word' id='word_1_61' title='bbox 586 876 785 946; x_wconf 80' lang='lat' dir='ltr'><strong>spexit.</strong></span> 
     </span>
    </p>
   </div>
   <div class='ocr_carea' id='block_1_11' title="bbox 1162 968 1586 1026">
    <p class='ocr_par' dir='ltr' id='par_1_11' title="bbox 1162 968 1586 1026">
     <span class='ocr_line' id='line_1_11' title="bbox 1162 968 1586 1026; baseline 0 -1"><span class='ocrx_word' id='word_1_62' title='bbox 1162 968 1391 1026; x_wconf 83' lang='lat' dir='ltr'><strong>CAPUT</strong></span> <span class='ocrx_word' id='word_1_63' title='bbox 1426 969 1586 1026; x_wconf 84' lang='lat' dir='ltr'><strong>LVII.</strong></span> 
     </span>
    </p>
   </div>
   <div class='ocr_carea' id='block_1_12' title="bbox 595 1056 2162 1130">
    <p class='ocr_par' dir='ltr' id='par_1_12' title="bbox 595 1056 2162 1130">
     <span class='ocr_line' id='line_1_12' title="bbox 595 1056 2162 1130; baseline 0.006 -19"><span class='ocrx_word' id='word_1_64' title='bbox 595 1058 838 1125; x_wconf 78' lang='lat' dir='ltr'><strong>Qualiter</strong></span> <span class='ocrx_word' id='word_1_65' title='bbox 867 1056 1232 1114; x_wconf 71' lang='lat' dir='ltr'><strong>Maximianus</strong></span> <span class='ocrx_word' id='word_1_66' title='bbox 1262 1061 1504 1130; x_wconf 82' lang='lat' dir='ltr'><strong>ﬁstuloso</strong></span> <span class='ocrx_word' id='word_1_67' title='bbox 1541 1077 1606 1116; x_wconf 86' lang='lat' dir='ltr'><strong>ac</strong></span> <span class='ocrx_word' id='word_1_68' title='bbox 1637 1063 1958 1118; x_wconf 86' lang='lat' dir='ltr'><strong>verminante</strong></span> <span class='ocrx_word' id='word_1_69' title='bbox 1990 1065 2162 1120; x_wconf 83' lang='lat' dir='ltr'><strong>ulcere</strong></span> 
     </span>
    </p>
   </div>
   <div class='ocr_carea' id='block_1_13' title="bbox 690 1131 2053 1204">
    <p class='ocr_par' dir='ltr' id='par_1_13' title="bbox 690 1131 2053 1204">
     <span class='ocr_line' id='line_1_13' title="bbox 690 1131 2053 1204; baseline 0.004 -22"><span class='ocrx_word' id='word_1_70' title='bbox 690 1131 1040 1196; x_wconf 77' lang='lat' dir='ltr'><strong>perdomitus,</strong></span> <span class='ocrx_word' id='word_1_71' title='bbox 1074 1148 1169 1199; x_wconf 82' lang='lat' dir='ltr'><strong>pro</strong></span> <span class='ocrx_word' id='word_1_72' title='bbox 1202 1131 1524 1186; x_wconf 82' lang='lat' dir='ltr'><strong>Christianis</strong></span> <span class='ocrx_word' id='word_1_73' title='bbox 1559 1134 1724 1203; x_wconf 85' lang='lat' dir='ltr'><strong>legem</strong></span> <span class='ocrx_word' id='word_1_74' title='bbox 1760 1135 2053 1204; x_wconf 83' lang='lat' dir='ltr'><strong>scripserit.</strong></span> 
     </span>
    </p>
   </div>
   <div class='ocr_carea' id='block_1_14' title="bbox 655 1221 2164 1296">
    <p class='ocr_par' dir='ltr' id='par_1_14' title="bbox 655 1221 2164 1296">
     <span class='ocr_line' id='line_1_14' title="bbox 655 1221 2164 1296; baseline 0.007 -22"><span class='ocrx_word' id='word_1_75' title='bbox 655 1221 791 1275; x_wconf 91' lang='lat' dir='ltr'><strong>Nam</strong></span> <span class='ocrx_word' id='word_1_76' title='bbox 823 1237 946 1276; x_wconf 92' lang='lat' dir='ltr'><strong>cum</strong></span> <span class='ocrx_word' id='word_1_77' title='bbox 981 1224 1071 1279; x_wconf 86' lang='lat' dir='ltr'><strong>hic</strong></span> <span class='ocrx_word' id='word_1_78' title='bbox 1105 1222 1383 1279; x_wconf 84' lang='lat' dir='ltr'><strong>Ecclesias</strong></span> <span class='ocrx_word' id='word_1_79' title='bbox 1425 1240 1740 1296; x_wconf 83' lang='lat' dir='ltr'><strong>oppugnare</strong></span> <span class='ocrx_word' id='word_1_80' title='bbox 1766 1241 1998 1284; x_wconf 87' lang='lat' dir='ltr'><strong>exorsus</strong></span> <span class='ocrx_word' id='word_1_81' title='bbox 2031 1228 2164 1284; x_wconf 84' lang='lat' dir='ltr'><strong>luis-</strong></span> 
     </span>
    </p>
   </div>
   <div class='ocr_carea' id='block_1_15' title="bbox 582 1313 2163 1383">
    <p class='ocr_par' dir='ltr' id='par_1_15' title="bbox 582 1313 2163 1383">
     <span class='ocr_line' id='line_1_15' title="bbox 582 1313 2163 1383; baseline 0.004 -14"><span class='ocrx_word' id='word_1_82' title='bbox 582 1323 688 1378; x_wconf 89' lang='lat' dir='ltr'><strong>set,</strong></span> <span class='ocrx_word' id='word_1_83' title='bbox 722 1314 1040 1383; x_wconf 88' lang='lat' dir='ltr'><strong>primusque</strong></span> <span class='ocrx_word' id='word_1_84' title='bbox 1060 1313 1338 1383; x_wconf 89' lang='lat' dir='ltr'><strong>justorum</strong></span> <span class='ocrx_word' id='word_1_85' title='bbox 1376 1330 1439 1371; x_wconf 92' lang='lat' dir='ltr'><strong>ac</strong></span> <span class='ocrx_word' id='word_1_86' title='bbox 1488 1317 1581 1373; x_wconf 89' lang='lat' dir='ltr'><strong>Dei</strong></span> <span class='ocrx_word' id='word_1_87' title='bbox 1621 1317 1892 1374; x_wconf 92' lang='lat' dir='ltr'><strong>cultorum</strong></span> <span class='ocrx_word' id='word_1_88' title='bbox 1922 1319 2163 1376; x_wconf 76' lang='lat' dir='ltr'><strong>caedibus</strong></span> 
     </span>
    </p>
   </div>
   <div class='ocr_carea' id='block_1_16' title="bbox 583 1407 2159 1475">
    <p class='ocr_par' dir='ltr' id='par_1_16' title="bbox 583 1407 2159 1475">
     <span class='ocr_line' id='line_1_16' title="bbox 583 1407 2159 1475; baseline 0.004 -15"><span class='ocrx_word' id='word_1_89' title='bbox 583 1407 824 1460; x_wconf 78' lang='lat' dir='ltr'><strong>animum</strong></span> <span class='ocrx_word' id='word_1_90' title='bbox 860 1421 1017 1461; x_wconf 88' lang='lat' dir='ltr'><strong>suum</strong></span> <span class='ocrx_word' id='word_1_91' title='bbox 1055 1407 1528 1475; x_wconf 84' lang='lat' dir='ltr'><strong>contaminasset;</strong></span> <span class='ocrx_word' id='word_1_92' title='bbox 1574 1411 1773 1467; x_wconf 88' lang='lat' dir='ltr'><strong>merito</strong></span> <span class='ocrx_word' id='word_1_93' title='bbox 1821 1427 1944 1467; x_wconf 92' lang='lat' dir='ltr'><strong>eum</strong></span> <span class='ocrx_word' id='word_1_94' title='bbox 1978 1413 2159 1467; x_wconf 90' lang='lat' dir='ltr'><strong>divina</strong></span> 
     </span>
    </p>
   </div>
   <div class='ocr_carea' id='block_1_17' title="bbox 584 1499 2160 1572">
    <p class='ocr_par' dir='ltr' id='par_1_17' title="bbox 584 1499 2160 1572">
     <span class='ocr_line' id='line_1_17' title="bbox 584 1499 2160 1572; baseline 0.008 -22"><span class='ocrx_word' id='word_1_95' title='bbox 584 1499 715 1554; x_wconf 89' lang='lat' dir='ltr'><strong>ultio</strong></span> <span class='ocrx_word' id='word_1_96' title='bbox 763 1499 1057 1568; x_wconf 87' lang='lat' dir='ltr'><strong>corripuit.</strong></span> <span class='ocrx_word' id='word_1_97' title='bbox 1104 1499 1171 1554; x_wconf 89' lang='lat' dir='ltr'><strong>ab</strong></span> <span class='ocrx_word' id='word_1_98' title='bbox 1219 1500 1356 1570; x_wconf 88' lang='lat' dir='ltr'><strong>ipsis</strong></span> <span class='ocrx_word' id='word_1_99' title='bbox 1398 1517 1596 1559; x_wconf 86' lang='lat' dir='ltr'><strong>exorsa</strong></span> <span class='ocrx_word' id='word_1_100' title='bbox 1658 1505 1948 1572; x_wconf 88' lang='lat' dir='ltr'><strong>carnibus,</strong></span> <span class='ocrx_word' id='word_1_101' title='bbox 1997 1519 2052 1562; x_wconf 92' lang='lat' dir='ltr'><strong>et</strong></span> <span class='ocrx_word' id='word_1_102' title='bbox 2094 1507 2160 1562; x_wconf 86' lang='lat' dir='ltr'><strong>ad</strong></span> 
     </span>
    </p>
   </div>
   <div class='ocr_carea' id='block_1_18' title="bbox 584 1591 2162 1666">
    <p class='ocr_par' dir='ltr' id='par_1_18' title="bbox 584 1591 2162 1666">
     <span class='ocr_line' id='line_1_18' title="bbox 584 1591 2162 1666; baseline 0.006 -22"><span class='ocrx_word' id='word_1_103' title='bbox 584 1591 822 1646; x_wconf 88' lang='lat' dir='ltr'><strong>animam</strong></span> <span class='ocrx_word' id='word_1_104' title='bbox 864 1607 1035 1661; x_wconf 91' lang='lat' dir='ltr'><strong>usque</strong></span> <span class='ocrx_word' id='word_1_105' title='bbox 1073 1607 1380 1663; x_wconf 88' lang='lat' dir='ltr'><strong>progressa.</strong></span> <span class='ocrx_word' id='word_1_106' title='bbox 1426 1595 1670 1666; x_wconf 80' lang='lat' dir='ltr'><strong>Repente</strong></span> <span class='ocrx_word' id='word_1_107' title='bbox 1700 1597 1846 1652; x_wconf 87' lang='lat' dir='ltr'><strong>enim</strong></span> <span class='ocrx_word' id='word_1_108' title='bbox 1883 1598 1936 1652; x_wconf 93' lang='lat' dir='ltr'><strong>in</strong></span> <span class='ocrx_word' id='word_1_109' title='bbox 1982 1601 2162 1653; x_wconf 88' lang='lat' dir='ltr'><strong>medio</strong></span> 
     </span>
    </p>
   </div>
   <div class='ocr_carea' id='block_1_19' title="bbox 587 1687 2164 1760">
    <p class='ocr_par' dir='ltr' id='par_1_19' title="bbox 587 1687 2164 1760">
     <span class='ocr_line' id='line_1_19' title="bbox 587 1687 2164 1760; baseline 0.003 -18"><span class='ocrx_word' id='word_1_110' title='bbox 587 1687 956 1742; x_wconf 77' lang='lat' dir='ltr'><strong>occultior-um</strong></span> <span class='ocrx_word' id='word_1_111' title='bbox 989 1688 1243 1758; x_wconf 83' lang='lat' dir='ltr'><strong>corporis</strong></span> <span class='ocrx_word' id='word_1_112' title='bbox 1273 1689 1509 1760; x_wconf 89' lang='lat' dir='ltr'><strong>partium</strong></span> <span class='ocrx_word' id='word_1_113' title='bbox 1555 1691 1844 1748; x_wconf 87' lang='lat' dir='ltr'><strong>abscessus</strong></span> <span class='ocrx_word' id='word_1_114' title='bbox 1887 1693 1936 1747; x_wconf 89' lang='lat' dir='ltr'><strong>ei</strong></span> <span class='ocrx_word' id='word_1_115' title='bbox 1981 1694 2164 1749; x_wconf 81' lang='lat' dir='ltr'><strong>nasci-</strong></span> 
     </span>
    </p>
   </div>
   <div class='ocr_carea' id='block_1_20' title="bbox 2777 982 3345 1037">
    <p class='ocr_par' dir='ltr' id='par_1_20' title="bbox 2777 982 3345 1037">
     <span class='ocr_line' id='line_1_20' title="bbox 2777 982 3345 1037; baseline 0.004 -2"><span class='ocrx_word' id='word_1_116' title='bbox 2777 982 3176 1036; x_wconf 73' lang='grc' dir='ltr'><strong>ΚΕΦΛΛΑΙΟΝ</strong></span> <span class='ocrx_word' id='word_1_117' title='bbox 3213 983 3345 1037; x_wconf 83' lang='lat' dir='ltr'><strong>NZ&#39;.</strong></span> 
     </span>
    </p>
   </div>
   <div class='ocr_carea' id='block_1_21' title="bbox 2270 1070 3858 1142">
    <p class='ocr_par' dir='ltr' id='par_1_21' title="bbox 2270 1070 3858 1142">
     <span class='ocr_line' id='line_1_21' title="bbox 2270 1070 3858 1142; baseline 0.001 -17"><span class='ocrx_word' id='word_1_118' title='bbox 2270 1074 2398 1126; x_wconf 88' lang='grc' dir='ltr'>Ὅτι</span> <span class='ocrx_word' id='word_1_119' title='bbox 2423 1071 2794 1142; x_wconf 74' lang='grc' dir='ltr'>Μίιειμιανός</span> <span class='ocrx_word' id='word_1_120' title='bbox 2820 1073 3055 1141; x_wconf 72' lang='grc' dir='ltr'>σύριγγι</span> <span class='ocrx_word' id='word_1_121' title='bbox 3083 1073 3180 1126; x_wconf 79' lang='grc' dir='ltr'>καὶ</span> <span class='ocrx_word' id='word_1_122' title='bbox 3208 1071 3493 1137; x_wconf 75' lang='grc' dir='ltr'>σκώληκι</span> <span class='ocrx_word' id='word_1_123' title='bbox 3523 1070 3858 1140; x_wconf 71' lang='grc' dir='ltr'>δαμασθεὶς,</span> 
     </span>
    </p>
   </div>
   <div class='ocr_carea' id='block_1_22' title="bbox 2642 1141 3512 1212">
    <p class='ocr_par' dir='ltr' id='par_1_22' title="bbox 2642 1141 3512 1212">
     <span class='ocr_line' id='line_1_22' title="bbox 2642 1141 3512 1212; baseline -0.001 -16"><span class='ocrx_word' id='word_1_124' title='bbox 2642 1143 2793 1210; x_wconf 75' lang='grc' dir='ltr'>ὑπὲρ</span> <span class='ocrx_word' id='word_1_125' title='bbox 2820 1141 3191 1210; x_wconf 72' lang='grc' dir='ltr'><em>Χριστιανῶν</em></span> <span class='ocrx_word' id='word_1_126' title='bbox 3220 1145 3512 1212; x_wconf 52' lang='lat' dir='ltr'><strong>emergam</strong></span> 
     </span>
    </p>
   </div>
   <div class='ocr_carea' id='block_1_23' title="bbox 2353 1232 3860 1306">
    <p class='ocr_par' dir='ltr' id='par_1_23' title="bbox 2353 1232 3860 1306">
     <span class='ocr_line' id='line_1_23' title="bbox 2353 1232 3860 1306; baseline -0.001 -19"><span class='ocrx_word' id='word_1_127' title='bbox 2353 1234 2566 1306; x_wconf 78' lang='grc' dir='ltr'>Ἐπειδὴ</span> <span class='ocrx_word' id='word_1_128' title='bbox 2595 1234 2705 1306; x_wconf 80' lang='grc' dir='ltr'><strong>γὰρ</strong></span> <span class='ocrx_word' id='word_1_129' title='bbox 2732 1234 2829 1306; x_wconf 83' lang='grc' dir='ltr'><strong>τῆς</strong></span> <span class='ocrx_word' id='word_1_130' title='bbox 2860 1235 2965 1286; x_wconf 88' lang='grc' dir='ltr'><strong>τῶν</strong></span> <span class='ocrx_word' id='word_1_131' title='bbox 2981 1233 3316 1304; x_wconf 85' lang='grc' dir='ltr'>Ἐκκλησιῶν</span> <span class='ocrx_word' id='word_1_132' title='bbox 3347 1234 3606 1305; x_wconf 79' lang='grc' dir='ltr'>κατῆρχε</span> <span class='ocrx_word' id='word_1_133' title='bbox 3663 1232 3860 1306; x_wconf 76' lang='grc' dir='ltr'>πολιορο</span> 
     </span>
    </p>
   </div>
   <div class='ocr_carea' id='block_1_24' title="bbox 2270 1319 3858 1396">
    <p class='ocr_par' dir='ltr' id='par_1_24' title="bbox 2270 1319 3858 1396">
     <span class='ocr_line' id='line_1_24' title="bbox 2270 1319 3858 1396; baseline 0.001 -18"><span class='ocrx_word' id='word_1_134' title='bbox 2270 1325 2394 1389; x_wconf 85' lang='grc' dir='ltr'>κίας</span> <span class='ocrx_word' id='word_1_135' title='bbox 2416 1319 2590 1387; x_wconf 74' lang='grc' dir='ltr'>οὗτος,</span> <span class='ocrx_word' id='word_1_136' title='bbox 2620 1323 2836 1395; x_wconf 84' lang='grc' dir='ltr'>πρῶτός</span> <span class='ocrx_word' id='word_1_137' title='bbox 2860 1342 2921 1377; x_wconf 89' lang='grc' dir='ltr'><strong>τε</strong></span> <span class='ocrx_word' id='word_1_138' title='bbox 2947 1323 3044 1395; x_wconf 79' lang='grc' dir='ltr'><strong>τὴν</strong></span> <span class='ocrx_word' id='word_1_139' title='bbox 3077 1323 3269 1377; x_wconf 75' lang='grc' dir='ltr'>ἑαυτοῦ</span> <span class='ocrx_word' id='word_1_140' title='bbox 3298 1323 3490 1396; x_wconf 68' lang='grc' dir='ltr'>ψυχὴν</span> <span class='ocrx_word' id='word_1_141' title='bbox 3519 1325 3747 1378; x_wconf 85' lang='grc' dir='ltr'>δικαίων</span> <span class='ocrx_word' id='word_1_142' title='bbox 3776 1327 3858 1379; x_wconf 70' lang='grc' dir='ltr'><strong>καὶ</strong></span> 
     </span>
    </p>
   </div>
   <div class='ocr_carea' id='block_1_25' title="bbox 2268 1417 3859 1490">
    <p class='ocr_par' dir='ltr' id='par_1_25' title="bbox 2268 1417 3859 1490">
     <span class='ocr_line' id='line_1_25' title="bbox 2268 1417 3859 1490; baseline 0 -20"><span class='ocrx_word' id='word_1_143' title='bbox 2268 1417 2535 1471; x_wconf 78' lang='grc' dir='ltr'>θεοσεὸῶν</span> <span class='ocrx_word' id='word_1_144' title='bbox 2565 1417 2825 1488; x_wconf 80' lang='grc' dir='ltr'>ὲνέφυρεν</span> <span class='ocrx_word' id='word_1_145' title='bbox 2859 1417 3076 1488; x_wconf 79' lang='grc' dir='ltr'>αἵμασι,</span> <span class='ocrx_word' id='word_1_146' title='bbox 3100 1417 3453 1488; x_wconf 72' lang='grc' dir='ltr'><strong>θεόπεμπτος</strong></span> <span class='ocrx_word' id='word_1_147' title='bbox 3486 1417 3657 1471; x_wconf 74' lang='grc' dir='ltr'>αὐτὸν</span> <span class='ocrx_word' id='word_1_148' title='bbox 3681 1420 3859 1490; x_wconf 65' lang='grc' dir='ltr'><strong>μετιξρ⁴</strong></span> 
     </span>
    </p>
   </div>
   <div class='ocr_carea' id='block_1_26' title="bbox 2266 1506 3854 1582">
    <p class='ocr_par' dir='ltr' id='par_1_26' title="bbox 2266 1506 3854 1582">
     <span class='ocr_line' id='line_1_26' title="bbox 2266 1506 3854 1582; baseline 0.003 -22"><span class='ocrx_word' id='word_1_149' title='bbox 2266 1525 2390 1578; x_wconf 84' lang='grc' dir='ltr'>χετο</span> <span class='ocrx_word' id='word_1_150' title='bbox 2417 1506 2678 1579; x_wconf 82' lang='grc' dir='ltr'>τιμωρία,</span> <span class='ocrx_word' id='word_1_151' title='bbox 2728 1506 2788 1572; x_wconf 81' lang='grc' dir='ltr'>ἐξ</span> <span class='ocrx_word' id='word_1_152' title='bbox 2812 1509 2982 1579; x_wconf 75' lang='grc' dir='ltr'>αὐτῆς</span> <span class='ocrx_word' id='word_1_153' title='bbox 3014 1507 3178 1562; x_wconf 79' lang='grc' dir='ltr'>αὑτοῦ</span> <span class='ocrx_word' id='word_1_154' title='bbox 3209 1509 3613 1582; x_wconf 78' lang='grc' dir='ltr'>καταρξαμὲνη</span> <span class='ocrx_word' id='word_1_155' title='bbox 3652 1511 3854 1582; x_wconf 75' lang='grc' dir='ltr'>σαρκὸς,</span> 
     </span>
    </p>
   </div>
   <div class='ocr_carea' id='block_1_27' title="bbox 2267 1598 3856 1672">
    <p class='ocr_par' dir='ltr' id='par_1_27' title="bbox 2267 1598 3856 1672">
     <span class='ocr_line' id='line_1_27' title="bbox 2267 1598 3856 1672; baseline 0.006 -28"><span class='ocrx_word' id='word_1_156' title='bbox 2267 1601 2359 1654; x_wconf 71' lang='grc' dir='ltr'><strong>καὶ</strong></span> <span class='ocrx_word' id='word_1_157' title='bbox 2394 1601 2556 1671; x_wconf 81' lang='grc' dir='ltr'>μέχρι</span> <span class='ocrx_word' id='word_1_158' title='bbox 2594 1600 2694 1669; x_wconf 79' lang='grc' dir='ltr'>τῆς</span> <span class='ocrx_word' id='word_1_159' title='bbox 2740 1598 2923 1669; x_wconf 73' lang='grc' dir='ltr'>ψυχῆς</span> <span class='ocrx_word' id='word_1_160' title='bbox 2967 1598 3326 1668; x_wconf 77' lang='grc' dir='ltr'><strong>προελθοῦσα.</strong></span> <span class='ocrx_word' id='word_1_161' title='bbox 3379 1600 3592 1669; x_wconf 81' lang='grc' dir='ltr'>Ἀθρόα</span> <span class='ocrx_word' id='word_1_162' title='bbox 3635 1601 3732 1672; x_wconf 82' lang='grc' dir='ltr'><strong>μὲν</strong></span> <span class='ocrx_word' id='word_1_163' title='bbox 3761 1606 3856 1672; x_wconf 64' lang='grc' dir='ltr'><strong>γὰρ</strong></span> 
     </span>
    </p>
   </div>
   <div class='ocr_carea' id='block_1_28' title="bbox 2268 1691 3855 1764">
    <p class='ocr_par' dir='ltr' id='par_1_28' title="bbox 2268 1691 3855 1764">
     <span class='ocr_line' id='line_1_28' title="bbox 2268 1691 3855 1764; baseline 0.001 -18"><span class='ocrx_word' id='word_1_164' title='bbox 2268 1692 2418 1763; x_wconf 78' lang='grc' dir='ltr'>αὐτῷ</span> <span class='ocrx_word' id='word_1_165' title='bbox 2476 1694 2604 1764; x_wconf 68' lang='grc' dir='ltr'>περὶ</span> <span class='ocrx_word' id='word_1_166' title='bbox 2633 1693 2703 1746; x_wconf 77' lang='grc' dir='ltr'>τὰ</span> <span class='ocrx_word' id='word_1_167' title='bbox 2756 1693 2899 1764; x_wconf 83' lang='grc' dir='ltr'>μέσα</span> <span class='ocrx_word' id='word_1_168' title='bbox 2939 1691 3046 1744; x_wconf 85' lang='grc' dir='ltr'><strong>τῶν</strong></span> <span class='ocrx_word' id='word_1_169' title='bbox 3085 1694 3422 1764; x_wconf 72' lang='grc' dir='ltr'>ἀπορρήτων</span> <span class='ocrx_word' id='word_1_170' title='bbox 3473 1692 3572 1746; x_wconf 77' lang='grc' dir='ltr'>τοῦ</span> <span class='ocrx_word' id='word_1_171' title='bbox 3624 1691 3855 1764; x_wconf 82' lang='grc' dir='ltr'>σώματος</span> 
     </span>
    </p>
   </div>
   <div class='ocr_carea' id='block_1_29' title="bbox 584 1779 2154 1856">
    <p class='ocr_par' dir='ltr' id='par_1_29' title="bbox 584 1779 2154 1856">
     <span class='ocr_line' id='line_1_29' title="bbox 584 1779 2154 1856; baseline 0.006 -24"><span class='ocrx_word' id='word_1_172' title='bbox 584 1779 867 1848; x_wconf 83' lang='lat' dir='ltr'><strong>tur;ulcus</strong></span> <span class='ocrx_word' id='word_1_173' title='bbox 897 1781 1092 1835; x_wconf 87' lang='lat' dir='ltr'><strong>deinde</strong></span> <span class='ocrx_word' id='word_1_174' title='bbox 1124 1781 1179 1834; x_wconf 93' lang='lat' dir='ltr'><strong>in</strong></span> <span class='ocrx_word' id='word_1_175' title='bbox 1218 1781 1326 1835; x_wconf 91' lang='lat' dir='ltr'><strong>imo</strong></span> <span class='ocrx_word' id='word_1_176' title='bbox 1380 1783 1710 1841; x_wconf 88' lang='lat' dir='ltr'><strong>listulosum.</strong></span> <span class='ocrx_word' id='word_1_177' title='bbox 1747 1783 2042 1856; x_wconf 89' lang='lat' dir='ltr'><strong>Utriusque</strong></span> <span class='ocrx_word' id='word_1_178' title='bbox 2079 1786 2154 1840; x_wconf 91' lang='lat' dir='ltr'><strong>in-</strong></span> 
     </span>
    </p>
   </div>
   <div class='ocr_carea' id='block_1_30' title="bbox 2259 1779 3853 1856">
    <p class='ocr_par' dir='ltr' id='par_1_30' title="bbox 2267 1779 3853 1856">
     <span class='ocr_line' id='line_1_30' title="bbox 2267 1779 3853 1856; baseline 0 -18"><span class='ocrx_word' id='word_1_179' title='bbox 2267 1783 2570 1849; x_wconf 85' lang='grc' dir='ltr'>άπόστασις</span> <span class='ocrx_word' id='word_1_180' title='bbox 2598 1784 2837 1854; x_wconf 88' lang='grc' dir='ltr'>γίνεται·</span> <span class='ocrx_word' id='word_1_181' title='bbox 2861 1779 2981 1836; x_wconf 74' lang='grc' dir='ltr'>εἷθ’</span> <span class='ocrx_word' id='word_1_182' title='bbox 3012 1782 3166 1847; x_wconf 75' lang='grc' dir='ltr'>ἕλκος</span> <span class='ocrx_word' id='word_1_183' title='bbox 3212 1787 3270 1836; x_wconf 81' lang='grc' dir='ltr'><strong>ὲν</strong></span> <span class='ocrx_word' id='word_1_184' title='bbox 3310 1785 3474 1856; x_wconf 85' lang='grc' dir='ltr'>βάθει</span> <span class='ocrx_word' id='word_1_185' title='bbox 3511 1785 3853 1856; x_wconf 78' lang='grc' dir='ltr'>συριγγῶδες,</span> 
     </span>
    </p>
   </div>
   <div class='ocr_carea' id='block_1_31' title="bbox 582 1871 2162 1946">
    <p class='ocr_par' dir='ltr' id='par_1_31' title="bbox 582 1871 2162 1946">
     <span class='ocr_line' id='line_1_31' title="bbox 582 1871 2162 1946; baseline 0.007 -23"><span class='ocrx_word' id='word_1_186' title='bbox 582 1871 843 1926; x_wconf 86' lang='lat' dir='ltr'><strong>sanabilis</strong></span> <span class='ocrx_word' id='word_1_187' title='bbox 889 1887 1105 1929; x_wconf 88' lang='lat' dir='ltr'><strong>morsus</strong></span> <span class='ocrx_word' id='word_1_188' title='bbox 1144 1873 1333 1927; x_wconf 89' lang='lat' dir='ltr'><strong>intima</strong></span> <span class='ocrx_word' id='word_1_189' title='bbox 1375 1875 1586 1929; x_wconf 84' lang='lat' dir='ltr'><strong>viscera</strong></span> <span class='ocrx_word' id='word_1_190' title='bbox 1631 1876 2048 1946; x_wconf 87' lang='lat' dir='ltr'><strong>depascebatur.</strong></span> <span class='ocrx_word' id='word_1_191' title='bbox 2083 1878 2162 1934; x_wconf 84' lang='lat' dir='ltr'><strong>Ex</strong></span> 
     </span>
    </p>
   </div>
   <div class='ocr_carea' id='block_1_32' title="bbox 580 1963 2162 2035">
    <p class='ocr_par' dir='ltr' id='par_1_32' title="bbox 580 1963 2162 2035">
     <span class='ocr_line' id='line_1_32' title="bbox 580 1963 2162 2035; baseline 0.004 -18"><span class='ocrx_word' id='word_1_192' title='bbox 580 1963 666 2018; x_wconf 81' lang='lat' dir='ltr'><strong>liis</strong></span> <span class='ocrx_word' id='word_1_193' title='bbox 698 1963 1034 2019; x_wconf 86' lang='lat' dir='ltr'><strong>incredibilis</strong></span> <span class='ocrx_word' id='word_1_194' title='bbox 1062 1965 1333 2021; x_wconf 88' lang='lat' dir='ltr'><strong>vermium</strong></span> <span class='ocrx_word' id='word_1_195' title='bbox 1383 1966 1678 2024; x_wconf 89' lang='lat' dir='ltr'><strong>multitudo</strong></span> <span class='ocrx_word' id='word_1_196' title='bbox 1721 1969 2049 2035; x_wconf 89' lang='lat' dir='ltr'><strong>scaturiens,</strong></span> <span class='ocrx_word' id='word_1_197' title='bbox 2085 1969 2162 2024; x_wconf 87' lang='lat' dir='ltr'><strong>le-</strong></span> 
     </span>
    </p>
   </div>
   <div class='ocr_carea' id='block_1_33' title="bbox 584 2053 2162 2131">
    <p class='ocr_par' dir='ltr' id='par_1_33' title="bbox 584 2053 2162 2131">
     <span class='ocr_line' id='line_1_33' title="bbox 584 2053 2162 2131; baseline 0.006 -24"><span class='ocrx_word' id='word_1_198' title='bbox 584 2053 747 2109; x_wconf 86' lang='lat' dir='ltr'><strong>talem</strong></span> <span class='ocrx_word' id='word_1_199' title='bbox 797 2055 1092 2112; x_wconf 82' lang='lat' dir='ltr'><strong>exhalabat</strong></span> <span class='ocrx_word' id='word_1_200' title='bbox 1159 2056 1410 2112; x_wconf 82' lang='lat' dir='ltr'><strong>fetorem.</strong></span> <span class='ocrx_word' id='word_1_201' title='bbox 1458 2057 1671 2130; x_wconf 86' lang='lat' dir='ltr'><strong>Quippe</strong></span> <span class='ocrx_word' id='word_1_202' title='bbox 1701 2060 1778 2115; x_wconf 91' lang='lat' dir='ltr'><strong>illi</strong></span> <span class='ocrx_word' id='word_1_203' title='bbox 1814 2069 1923 2116; x_wconf 90' lang='lat' dir='ltr'><strong>tota</strong></span> <span class='ocrx_word' id='word_1_204' title='bbox 1969 2075 2162 2131; x_wconf 87' lang='lat' dir='ltr'><strong>corpo-</strong></span> 
     </span>
    </p>
   </div>
   <div class='ocr_carea' id='block_1_34' title="bbox 582 2147 2163 2220">
    <p class='ocr_par' dir='ltr' id='par_1_34' title="bbox 582 2147 2163 2220">
     <span class='ocr_line' id='line_1_34' title="bbox 582 2147 2163 2220; baseline 0.004 -20"><span class='ocrx_word' id='word_1_205' title='bbox 582 2148 658 2202; x_wconf 91' lang='lat' dir='ltr'><strong>ris</strong></span> <span class='ocrx_word' id='word_1_206' title='bbox 691 2147 879 2211; x_wconf 85' lang='lat' dir='ltr'><strong>moles.</strong></span> <span class='ocrx_word' id='word_1_207' title='bbox 911 2148 984 2204; x_wconf 86' lang='lat' dir='ltr'><strong>ob</strong></span> <span class='ocrx_word' id='word_1_208' title='bbox 1028 2147 1252 2204; x_wconf 90' lang='lat' dir='ltr'><strong>nimiam</strong></span> <span class='ocrx_word' id='word_1_209' title='bbox 1298 2149 1542 2205; x_wconf 87' lang='lat' dir='ltr'><strong>alimenti</strong></span> <span class='ocrx_word' id='word_1_210' title='bbox 1581 2151 1796 2220; x_wconf 90' lang='lat' dir='ltr'><strong>copiam</strong></span> <span class='ocrx_word' id='word_1_211' title='bbox 1839 2151 1892 2206; x_wconf 91' lang='lat' dir='ltr'><strong>in</strong></span> <span class='ocrx_word' id='word_1_212' title='bbox 1936 2155 2163 2208; x_wconf 82' lang='lat' dir='ltr'><strong>immen-</strong></span> 
     </span>
    </p>
   </div>
   <div class='ocr_carea' id='block_1_35' title="bbox 579 2242 2161 2318">
    <p class='ocr_par' dir='ltr' id='par_1_35' title="bbox 579 2242 2161 2318">
     <span class='ocr_line' id='line_1_35' title="bbox 579 2242 2161 2318; baseline 0.006 -26"><span class='ocrx_word' id='word_1_213' title='bbox 579 2253 696 2294; x_wconf 88' lang='lat' dir='ltr'><strong>sam</strong></span> <span class='ocrx_word' id='word_1_214' title='bbox 752 2242 1044 2310; x_wconf 85' lang='lat' dir='ltr'><strong>quamdam</strong></span> <span class='ocrx_word' id='word_1_215' title='bbox 1093 2242 1480 2311; x_wconf 81' lang='lat' dir='ltr'><strong>pinguedinem</strong></span> <span class='ocrx_word' id='word_1_216' title='bbox 1523 2257 1786 2300; x_wconf 82' lang='lat' dir='ltr'><strong>conversa</strong></span> <span class='ocrx_word' id='word_1_217' title='bbox 1836 2256 1990 2302; x_wconf 90' lang='lat' dir='ltr'><strong>erat:</strong></span> <span class='ocrx_word' id='word_1_218' title='bbox 2038 2263 2161 2318; x_wconf 65' lang='lat' dir='ltr'><strong>quae</strong></span> 
     </span>
    </p>
   </div>
   <div class='ocr_carea' id='block_1_36' title="bbox 582 2332 2161 2404">
    <p class='ocr_par' dir='ltr' id='par_1_36' title="bbox 582 2332 2161 2404">
     <span class='ocr_line' id='line_1_36' title="bbox 582 2332 2161 2404; baseline 0.006 -19"><span class='ocrx_word' id='word_1_219' title='bbox 582 2341 712 2388; x_wconf 82' lang='lat' dir='ltr'><strong>tunc</strong></span> <span class='ocrx_word' id='word_1_220' title='bbox 749 2332 1010 2404; x_wconf 88' lang='lat' dir='ltr'><strong>temporis</strong></span> <span class='ocrx_word' id='word_1_221' title='bbox 1054 2332 1108 2388; x_wconf 92' lang='lat' dir='ltr'><strong>in</strong></span> <span class='ocrx_word' id='word_1_222' title='bbox 1155 2332 1332 2390; x_wconf 83' lang='lat' dir='ltr'><strong>tabem</strong></span> <span class='ocrx_word' id='word_1_223' title='bbox 1374 2332 1574 2400; x_wconf 89' lang='lat' dir='ltr'><strong>soluta,</strong></span> <span class='ocrx_word' id='word_1_224' title='bbox 1608 2333 1942 2392; x_wconf 87' lang='lat' dir='ltr'><strong>horrendum</strong></span> <span class='ocrx_word' id='word_1_225' title='bbox 1989 2349 2044 2394; x_wconf 94' lang='lat' dir='ltr'><strong>et</strong></span> <span class='ocrx_word' id='word_1_226' title='bbox 2079 2341 2161 2394; x_wconf 91' lang='lat' dir='ltr'><strong>in-</strong></span> 
     </span>
    </p>
   </div>
   <div class='ocr_carea' id='block_1_37' title="bbox 577 2424 2160 2498">
    <p class='ocr_par' dir='ltr' id='par_1_37' title="bbox 577 2424 2160 2498">
     <span class='ocr_line' id='line_1_37' title="bbox 577 2424 2160 2498; baseline 0.004 -20"><span class='ocrx_word' id='word_1_227' title='bbox 577 2424 864 2480; x_wconf 87' lang='lat' dir='ltr'><strong>tolerabile</strong></span> <span class='ocrx_word' id='word_1_228' title='bbox 911 2425 1286 2495; x_wconf 83' lang='lat' dir='ltr'><strong>spectaculum</strong></span> <span class='ocrx_word' id='word_1_229' title='bbox 1341 2426 1651 2482; x_wconf 88' lang='lat' dir='ltr'><strong>astantibus</strong></span> <span class='ocrx_word' id='word_1_230' title='bbox 1701 2429 2001 2498; x_wconf 62' lang='lat' dir='ltr'><strong>prmbuisse</strong></span> <span class='ocrx_word' id='word_1_231' title='bbox 2050 2429 2160 2484; x_wconf 79' lang='lat' dir='ltr'><strong>ler-</strong></span> 
     </span>
    </p>
   </div>
   <div class='ocr_carea' id='block_1_38' title="bbox 580 2517 2159 2588">
    <p class='ocr_par' dir='ltr' id='par_1_38' title="bbox 580 2517 2159 2588">
     <span class='ocr_line' id='line_1_38' title="bbox 580 2517 2159 2588; baseline 0.004 -18"><span class='ocrx_word' id='word_1_232' title='bbox 580 2528 687 2572; x_wconf 89' lang='lat' dir='ltr'><strong>tur.</strong></span> <span class='ocrx_word' id='word_1_233' title='bbox 735 2517 841 2574; x_wconf 89' lang='lat' dir='ltr'><strong>Tot</strong></span> <span class='ocrx_word' id='word_1_234' title='bbox 891 2517 1060 2587; x_wconf 78' lang='lat' dir='ltr'><strong>igitur</strong></span> <span class='ocrx_word' id='word_1_235' title='bbox 1097 2527 1388 2588; x_wconf 84' lang='lat' dir='ltr'><strong>quassatus</strong></span> <span class='ocrx_word' id='word_1_236' title='bbox 1439 2518 1630 2584; x_wconf 90' lang='lat' dir='ltr'><strong>malis,</strong></span> <span class='ocrx_word' id='word_1_237' title='bbox 1689 2521 1907 2576; x_wconf 81' lang='lat' dir='ltr'><strong>tandem</strong></span> <span class='ocrx_word' id='word_1_238' title='bbox 1956 2522 2159 2577; x_wconf 86' lang='lat' dir='ltr'><strong>intelli-</strong></span> 
     </span>
    </p>
   </div>
   <div class='ocr_carea' id='block_1_39' title="bbox 553 2609 2158 2682">
    <p class='ocr_par' dir='ltr' id='par_1_39' title="bbox 553 2609 2158 2682">
     <span class='ocr_line' id='line_1_39' title="bbox 553 2609 2158 2682; baseline 0.007 -23"><span class='ocrx_word' id='word_1_239' title='bbox 553 2625 705 2682; x_wconf 78' lang='lat' dir='ltr'><strong>.gere</strong></span> <span class='ocrx_word' id='word_1_240' title='bbox 741 2610 912 2680; x_wconf 75' lang='lat' dir='ltr'><strong>ctepit</strong></span> <span class='ocrx_word' id='word_1_241' title='bbox 941 2625 1061 2680; x_wconf 70' lang='lat' dir='ltr'><strong>quae</strong></span> <span class='ocrx_word' id='word_1_242' title='bbox 1090 2621 1282 2665; x_wconf 89' lang='lat' dir='ltr'><strong>contra</strong></span> <span class='ocrx_word' id='word_1_243' title='bbox 1316 2609 1614 2666; x_wconf 83' lang='lat' dir='ltr'><strong>Ecclesiam</strong></span> <span class='ocrx_word' id='word_1_244' title='bbox 1659 2612 1868 2668; x_wconf 88' lang='lat' dir='ltr'><strong>scelera</strong></span> <span class='ocrx_word' id='word_1_245' title='bbox 1902 2614 2158 2670; x_wconf 88' lang='lat' dir='ltr'><strong>admisis-</strong></span> 
     </span>
    </p>
   </div>
   <div class='ocr_carea' id='block_1_40' title="bbox 577 2702 2158 2777">
    <p class='ocr_par' dir='ltr' id='par_1_40' title="bbox 577 2702 2158 2777">
     <span class='ocr_line' id='line_1_40' title="bbox 577 2702 2158 2777; baseline 0.003 -20"><span class='ocrx_word' id='word_1_246' title='bbox 577 2715 681 2759; x_wconf 89' lang='lat' dir='ltr'><strong>set.</strong></span> <span class='ocrx_word' id='word_1_247' title='bbox 729 2702 982 2759; x_wconf 74' lang='lat' dir='ltr'><strong>Postbrec</strong></span> <span class='ocrx_word' id='word_1_248' title='bbox 1023 2717 1271 2759; x_wconf 88' lang='lat' dir='ltr'><strong>errorem</strong></span> <span class='ocrx_word' id='word_1_249' title='bbox 1321 2719 1479 2760; x_wconf 89' lang='lat' dir='ltr'><strong>suum</strong></span> <span class='ocrx_word' id='word_1_250' title='bbox 1525 2704 1636 2759; x_wconf 80' lang='lat' dir='ltr'><strong>Deo</strong></span> <span class='ocrx_word' id='word_1_251' title='bbox 1669 2705 1984 2771; x_wconf 80' lang='lat' dir='ltr'><strong>confessus,</strong></span> <span class='ocrx_word' id='word_1_252' title='bbox 2034 2722 2158 2777; x_wconf 86' lang='lat' dir='ltr'><strong>per-</strong></span> 
     </span>
    </p>
   </div>
   <div class='ocr_carea' id='block_1_41' title="bbox 575 2795 2156 2869">
    <p class='ocr_par' dir='ltr' id='par_1_41' title="bbox 575 2795 2156 2869">
     <span class='ocr_line' id='line_1_41' title="bbox 575 2795 2156 2869; baseline 0.003 -20"><span class='ocrx_word' id='word_1_253' title='bbox 575 2795 913 2850; x_wconf 87' lang='lat' dir='ltr'><strong>secutionem</strong></span> <span class='ocrx_word' id='word_1_254' title='bbox 990 2795 1426 2852; x_wconf 88' lang='lat' dir='ltr'><strong>Christianorum</strong></span> <span class='ocrx_word' id='word_1_255' title='bbox 1495 2796 1790 2863; x_wconf 86' lang='lat' dir='ltr'><strong>cohibere,</strong></span> <span class='ocrx_word' id='word_1_256' title='bbox 1851 2807 1908 2852; x_wconf 90' lang='lat' dir='ltr'><strong>et</strong></span> <span class='ocrx_word' id='word_1_257' title='bbox 1961 2799 2156 2869; x_wconf 88' lang='lat' dir='ltr'><strong>regali-</strong></span> 
     </span>
    </p>
   </div>
   <div class='ocr_carea' id='block_1_42' title="bbox 577 2889 2154 2958">
    <p class='ocr_par' dir='ltr' id='par_1_42' title="bbox 577 2889 2154 2958">
     <span class='ocr_line' id='line_1_42' title="bbox 577 2889 2154 2958; baseline 0.003 -16"><span class='ocrx_word' id='word_1_258' title='bbox 577 2891 679 2944; x_wconf 84' lang='lat' dir='ltr'><strong>bus</strong></span> <span class='ocrx_word' id='word_1_259' title='bbox 721 2889 917 2946; x_wconf 88' lang='lat' dir='ltr'><strong>edictis</strong></span> <span class='ocrx_word' id='word_1_260' title='bbox 959 2903 1027 2946; x_wconf 86' lang='lat' dir='ltr'><strong>ac</strong></span> <span class='ocrx_word' id='word_1_261' title='bbox 1083 2889 1296 2958; x_wconf 79' lang='lat' dir='ltr'><strong>legibus</strong></span> <span class='ocrx_word' id='word_1_262' title='bbox 1354 2889 1608 2957; x_wconf 90' lang='lat' dir='ltr'><strong>emissis,</strong></span> <span class='ocrx_word' id='word_1_263' title='bbox 1653 2889 1912 2946; x_wconf 88' lang='lat' dir='ltr'><strong>ecclesias</strong></span> <span class='ocrx_word' id='word_1_264' title='bbox 1965 2906 2154 2948; x_wconf 89' lang='lat' dir='ltr'><strong>eorum</strong></span> 
     </span>
    </p>
   </div>
   <div class='ocr_carea' id='block_1_43' title="bbox 575 2981 2153 3052">
    <p class='ocr_par' dir='ltr' id='par_1_43' title="bbox 575 2981 2153 3052">
     <span class='ocr_line' id='line_1_43' title="bbox 575 2981 2153 3052; baseline 0.004 -18"><span class='ocrx_word' id='word_1_265' title='bbox 575 2981 904 3052; x_wconf 84' lang='lat' dir='ltr'><strong>quantocius</strong></span> <span class='ocrx_word' id='word_1_266' title='bbox 954 2981 1247 3048; x_wconf 77' lang='lat' dir='ltr'><strong>:cdilicari,</strong></span> <span class='ocrx_word' id='word_1_267' title='bbox 1303 2981 1557 3052; x_wconf 89' lang='lat' dir='ltr'><strong>ipsosque</strong></span> <span class='ocrx_word' id='word_1_268' title='bbox 1604 2981 1942 3040; x_wconf 87' lang='lat' dir='ltr'><strong>Christianos</strong></span> <span class='ocrx_word' id='word_1_269' title='bbox 1994 2999 2153 3041; x_wconf 86' lang='lat' dir='ltr'><strong>sacra</strong></span> 
     </span>
    </p>
   </div>
   <div class='ocr_carea' id='block_1_44' title="bbox 574 3073 2154 3149">
    <p class='ocr_par' dir='ltr' id='par_1_44' title="bbox 574 3073 2154 3149">
     <span class='ocr_line' id='line_1_44' title="bbox 574 3073 2154 3149; baseline 0.003 -21"><span class='ocrx_word' id='word_1_270' title='bbox 574 3089 672 3128; x_wconf 84' lang='lat' dir='ltr'><strong>sua</strong></span> <span class='ocrx_word' id='word_1_271' title='bbox 717 3073 880 3129; x_wconf 91' lang='lat' dir='ltr'><strong>solito</strong></span> <span class='ocrx_word' id='word_1_272' title='bbox 927 3089 1076 3130; x_wconf 91' lang='lat' dir='ltr'><strong>more</strong></span> <span class='ocrx_word' id='word_1_273' title='bbox 1106 3087 1388 3147; x_wconf 83' lang='lat' dir='ltr'><strong>peragere.</strong></span> <span class='ocrx_word' id='word_1_274' title='bbox 1423 3083 1478 3130; x_wconf 90' lang='lat' dir='ltr'><strong>et</strong></span> <span class='ocrx_word' id='word_1_275' title='bbox 1513 3090 1610 3146; x_wconf 92' lang='lat' dir='ltr'><strong>pro</strong></span> <span class='ocrx_word' id='word_1_276' title='bbox 1655 3075 1991 3147; x_wconf 88' lang='lat' dir='ltr'><strong>imperatore</strong></span> <span class='ocrx_word' id='word_1_277' title='bbox 2031 3092 2154 3149; x_wconf 83' lang='lat' dir='ltr'><strong>pre-</strong></span> 
     </span>
    </p>
   </div>
   <div class='ocr_carea' id='block_1_45' title="bbox 577 3165 1452 3238">
    <p class='ocr_par' dir='ltr' id='par_1_45' title="bbox 577 3165 1452 3238">
     <span class='ocr_line' id='line_1_45' title="bbox 577 3165 1452 3238; baseline 0.001 -16"><span class='ocrx_word' id='word_1_278' title='bbox 577 3183 668 3222; x_wconf 80' lang='lat' dir='ltr'><strong>ces</strong></span> <span class='ocrx_word' id='word_1_279' title='bbox 701 3167 769 3222; x_wconf 90' lang='lat' dir='ltr'><strong>ad</strong></span> <span class='ocrx_word' id='word_1_280' title='bbox 803 3166 969 3229; x_wconf 79' lang='lat' dir='ltr'><strong>Deum</strong></span> <span class='ocrx_word' id='word_1_281' title='bbox 1019 3165 1250 3223; x_wconf 84' lang='lat' dir='ltr'><strong>fundere</strong></span> <span class='ocrx_word' id='word_1_282' title='bbox 1277 3167 1452 3238; x_wconf 85' lang='lat' dir='ltr'><strong>jubet.</strong></span> 
     </span>
    </p>
   </div>
   <div class='ocr_carea' id='block_1_46' title="bbox 1134 3257 1588 3317">
    <p class='ocr_par' dir='ltr' id='par_1_46' title="bbox 1134 3257 1588 3317">
     <span class='ocr_line' id='line_1_46' title="bbox 1134 3257 1588 3317; baseline 0.007 -3"><span class='ocrx_word' id='word_1_283' title='bbox 1134 3257 1364 3316; x_wconf 87' lang='lat' dir='ltr'><strong>CAPUT</strong></span> <span class='ocrx_word' id='word_1_284' title='bbox 1407 3257 1588 3317; x_wconf 81' lang='lat' dir='ltr'><strong>LVIII.</strong></span> 
     </span>
    </p>
   </div>
   <div class='ocr_carea' id='block_1_47' title="bbox 641 3347 2085 3422">
    <p class='ocr_par' dir='ltr' id='par_1_47' title="bbox 641 3347 2085 3422">
     <span class='ocr_line' id='line_1_47' title="bbox 641 3347 2085 3422; baseline 0.004 -20"><span class='ocrx_word' id='word_1_285' title='bbox 641 3347 888 3422; x_wconf 79' lang='lat' dir='ltr'><strong>Qualiter</strong></span> <span class='ocrx_word' id='word_1_286' title='bbox 920 3350 1271 3413; x_wconf 71' lang='lat' dir='ltr'><strong>Maximinus,</strong></span> <span class='ocrx_word' id='word_1_287' title='bbox 1310 3348 1731 3405; x_wconf 83' lang='lat' dir='ltr'><strong>Christianorum</strong></span> <span class='ocrx_word' id='word_1_288' title='bbox 1769 3364 2085 3422; x_wconf 85' lang='lat' dir='ltr'><strong>persecutor,</strong></span> 
     </span>
    </p>
   </div>
   <div class='ocr_carea' id='block_1_48' title="bbox 762 3420 1963 3490">
    <p class='ocr_par' dir='ltr' id='par_1_48' title="bbox 762 3420 1963 3490">
     <span class='ocr_line' id='line_1_48' title="bbox 762 3420 1963 3490; baseline 0.004 -18"><span class='ocrx_word' id='word_1_289' title='bbox 762 3420 977 3490; x_wconf 70' lang='lat' dir='ltr'><strong>fugiens</strong></span> <span class='ocrx_word' id='word_1_290' title='bbox 1017 3421 1195 3475; x_wconf 80' lang='lat' dir='ltr'><strong>servili</strong></span> <span class='ocrx_word' id='word_1_291' title='bbox 1243 3422 1428 3474; x_wconf 82' lang='lat' dir='ltr'><strong>habitu</strong></span> <span class='ocrx_word' id='word_1_292' title='bbox 1459 3438 1568 3474; x_wconf 87' lang='lat' dir='ltr'><strong>sese</strong></span> <span class='ocrx_word' id='word_1_293' title='bbox 1602 3420 1963 3478; x_wconf 77' lang='lat' dir='ltr'><strong>occultaverit.</strong></span> 
     </span>
    </p>
   </div>
   <div class='ocr_carea' id='block_1_49' title="bbox 653 3511 2154 3581">
    <p class='ocr_par' dir='ltr' id='par_1_49' title="bbox 653 3511 2154 3581">
     <span class='ocr_line' id='line_1_49' title="bbox 653 3511 2154 3581; baseline 0.002 -14"><span class='ocrx_word' id='word_1_294' title='bbox 653 3511 849 3567; x_wconf 71' lang='lat' dir='ltr'><strong>Verum</strong></span> <span class='ocrx_word' id='word_1_295' title='bbox 883 3512 972 3566; x_wconf 93' lang='lat' dir='ltr'><strong>bic</strong></span> <span class='ocrx_word' id='word_1_296' title='bbox 1001 3511 1220 3581; x_wconf 85' lang='lat' dir='ltr'><strong>quidem</strong></span> <span class='ocrx_word' id='word_1_297' title='bbox 1249 3513 1340 3580; x_wconf 89' lang='lat' dir='ltr'><strong>qui</strong></span> <span class='ocrx_word' id='word_1_298' title='bbox 1371 3513 1769 3581; x_wconf 88' lang='lat' dir='ltr'><strong>persecutionis</strong></span> <span class='ocrx_word' id='word_1_299' title='bbox 1807 3522 1998 3570; x_wconf 91' lang='lat' dir='ltr'><strong>auctor</strong></span> <span class='ocrx_word' id='word_1_300' title='bbox 2038 3515 2154 3570; x_wconf 81' lang='lat' dir='ltr'><strong>fue-</strong></span> 
     </span>
    </p>
   </div>
   <div class='ocr_carea' id='block_1_50' title="bbox 573 3600 2153 3674">
    <p class='ocr_par' dir='ltr' id='par_1_50' title="bbox 573 3600 2153 3674">
     <span class='ocr_line' id='line_1_50' title="bbox 573 3600 2153 3674; baseline 0.003 -18"><span class='ocrx_word' id='word_1_301' title='bbox 573 3612 680 3666; x_wconf 86' lang='lat' dir='ltr'><strong>rat,</strong></span> <span class='ocrx_word' id='word_1_302' title='bbox 731 3601 1045 3673; x_wconf 88' lang='lat' dir='ltr'><strong>bujusmodi</strong></span> <span class='ocrx_word' id='word_1_303' title='bbox 1077 3615 1270 3673; x_wconf 79' lang='lat' dir='ltr'><strong>ptenas</strong></span> <span class='ocrx_word' id='word_1_304' title='bbox 1314 3600 1436 3656; x_wconf 89' lang='lat' dir='ltr'><strong>luit.</strong></span> <span class='ocrx_word' id='word_1_305' title='bbox 1484 3600 1534 3657; x_wconf 91' lang='lat' dir='ltr'><strong>Is</strong></span> <span class='ocrx_word' id='word_1_306' title='bbox 1579 3617 1710 3658; x_wconf 88' lang='lat' dir='ltr'><strong>vero</strong></span> <span class='ocrx_word' id='word_1_307' title='bbox 1759 3603 1826 3659; x_wconf 89' lang='lat' dir='ltr'><strong>de</strong></span> <span class='ocrx_word' id='word_1_308' title='bbox 1859 3619 1968 3674; x_wconf 92' lang='lat' dir='ltr'><strong>quo</strong></span> <span class='ocrx_word' id='word_1_309' title='bbox 2009 3620 2153 3660; x_wconf 91' lang='lat' dir='ltr'><strong>nunc</strong></span> 
     </span>
    </p>
   </div>
   <div class='ocr_carea' id='block_1_51' title="bbox 573 3695 2153 3768">
    <p class='ocr_par' dir='ltr' id='par_1_51' title="bbox 573 3695 2153 3768">
     <span class='ocr_line' id='line_1_51' title="bbox 573 3695 2153 3768; baseline 0.001 -18"><span class='ocrx_word' id='word_1_310' title='bbox 573 3697 848 3762; x_wconf 85' lang='lat' dir='ltr'><strong>loquimur</strong></span> <span class='ocrx_word' id='word_1_311' title='bbox 892 3696 1156 3761; x_wconf 89' lang='lat' dir='ltr'><strong>Licinius,</strong></span> <span class='ocrx_word' id='word_1_312' title='bbox 1202 3697 1295 3766; x_wconf 88' lang='lat' dir='ltr'><strong>qui</strong></span> <span class='ocrx_word' id='word_1_313' title='bbox 1342 3695 1536 3752; x_wconf 88' lang='lat' dir='ltr'><strong>borum</strong></span> <span class='ocrx_word' id='word_1_314' title='bbox 1571 3695 1724 3751; x_wconf 88' lang='lat' dir='ltr'><strong>testis</strong></span> <span class='ocrx_word' id='word_1_315' title='bbox 1767 3712 1832 3752; x_wconf 91' lang='lat' dir='ltr'><strong>ac</strong></span> <span class='ocrx_word' id='word_1_316' title='bbox 1878 3707 2153 3768; x_wconf 78' lang='lat' dir='ltr'><strong>Spectator</strong></span> 
     </span>
    </p>
   </div>
   <div class='ocr_carea' id='block_1_52' title="bbox 572 3789 2151 3860">
    <p class='ocr_par' dir='ltr' id='par_1_52' title="bbox 572 3789 2151 3860">
     <span class='ocr_line' id='line_1_52' title="bbox 572 3789 2151 3860; baseline 0.002 -18"><span class='ocrx_word' id='word_1_317' title='bbox 572 3789 884 3854; x_wconf 84' lang='lat' dir='ltr'><strong>exstiterat,</strong></span> <span class='ocrx_word' id='word_1_318' title='bbox 922 3797 976 3844; x_wconf 91' lang='lat' dir='ltr'><strong>et</strong></span> <span class='ocrx_word' id='word_1_319' title='bbox 1007 3789 1100 3859; x_wconf 90' lang='lat' dir='ltr'><strong>qui</strong></span> <span class='ocrx_word' id='word_1_320' title='bbox 1140 3796 1337 3844; x_wconf 89' lang='lat' dir='ltr'><strong>cuncta</strong></span> <span class='ocrx_word' id='word_1_321' title='bbox 1377 3799 1632 3845; x_wconf 91' lang='lat' dir='ltr'><strong>accurate</strong></span> <span class='ocrx_word' id='word_1_322' title='bbox 1667 3789 2006 3860; x_wconf 83' lang='lat' dir='ltr'><strong>experientia</strong></span> <span class='ocrx_word' id='word_1_323' title='bbox 2036 3791 2151 3860; x_wconf 89' lang='lat' dir='ltr'><strong>ipsa</strong></span> 
     </span>
    </p>
   </div>
   <div class='ocr_carea' id='block_1_53' title="bbox 577 3880 2152 3951">
    <p class='ocr_par' dir='ltr' id='par_1_53' title="bbox 577 3880 2152 3951">
     <span class='ocr_line' id='line_1_53' title="bbox 577 3880 2152 3951; baseline 0.004 -20"><span class='ocrx_word' id='word_1_324' title='bbox 577 3880 810 3935; x_wconf 89' lang='lat' dir='ltr'><strong>docente</strong></span> <span class='ocrx_word' id='word_1_325' title='bbox 839 3888 1214 3950; x_wconf 82' lang='lat' dir='ltr'><strong>cognoverat;</strong></span> <span class='ocrx_word' id='word_1_326' title='bbox 1246 3889 1472 3951; x_wconf 88' lang='lat' dir='ltr'><strong>repente</strong></span> <span class='ocrx_word' id='word_1_327' title='bbox 1502 3882 1745 3936; x_wconf 91' lang='lat' dir='ltr'><strong>omnium</strong></span> <span class='ocrx_word' id='word_1_328' title='bbox 1790 3881 2015 3950; x_wconf 90' lang='lat' dir='ltr'><strong>oblitus,</strong></span> <span class='ocrx_word' id='word_1_329' title='bbox 2052 3898 2152 3938; x_wconf 87' lang='lat' dir='ltr'><strong>nec</strong></span> 
     </span>
    </p>
   </div>
   <div class='ocr_carea' id='block_1_54' title="bbox 573 3972 2152 4047">
    <p class='ocr_par' dir='ltr' id='par_1_54' title="bbox 573 3972 2152 4047">
     <span class='ocr_line' id='line_1_54' title="bbox 573 3972 2152 4047; baseline 0.003 -19"><span class='ocrx_word' id='word_1_330' title='bbox 573 3972 892 4044; x_wconf 86' lang='lat' dir='ltr'><strong>supplicium</strong></span> <span class='ocrx_word' id='word_1_331' title='bbox 950 3973 1122 4045; x_wconf 88' lang='lat' dir='ltr'><strong>priori</strong></span> <span class='ocrx_word' id='word_1_332' title='bbox 1179 3975 1305 4029; x_wconf 84' lang='lat' dir='ltr'><strong>huic</strong></span> <span class='ocrx_word' id='word_1_333' title='bbox 1351 3976 1651 4047; x_wconf 82' lang='lat' dir='ltr'><strong>irregatum</strong></span> <span class='ocrx_word' id='word_1_334' title='bbox 1695 3976 1877 4030; x_wconf 90' lang='lat' dir='ltr'><strong>animo</strong></span> <span class='ocrx_word' id='word_1_335' title='bbox 1931 3989 2152 4046; x_wconf 83' lang='lat' dir='ltr'><strong>reputa-</strong></span> 
     </span>
    </p>
   </div>
   <div class='ocr_carea' id='block_1_55' title="bbox 571 4067 2148 4140">
    <p class='ocr_par' dir='ltr' id='par_1_55' title="bbox 571 4067 2148 4140">
     <span class='ocr_line' id='line_1_55' title="bbox 571 4067 2148 4140; baseline -0.001 -20"><span class='ocrx_word' id='word_1_336' title='bbox 571 4067 669 4133; x_wconf 87' lang='lat' dir='ltr'><strong>vit,</strong></span> <span class='ocrx_word' id='word_1_337' title='bbox 721 4081 821 4122; x_wconf 87' lang='lat' dir='ltr'><strong>nec</strong></span> <span class='ocrx_word' id='word_1_338' title='bbox 860 4081 996 4136; x_wconf 84' lang='lat' dir='ltr'><strong>quas</strong></span> <span class='ocrx_word' id='word_1_339' title='bbox 1031 4067 1214 4122; x_wconf 89' lang='lat' dir='ltr'><strong>divina</strong></span> <span class='ocrx_word' id='word_1_340' title='bbox 1253 4067 1468 4136; x_wconf 85' lang='lat' dir='ltr'><strong>justitia</strong></span> <span class='ocrx_word' id='word_1_341' title='bbox 1523 4069 1591 4125; x_wconf 92' lang='lat' dir='ltr'><strong>de</strong></span> <span class='ocrx_word' id='word_1_342' title='bbox 1629 4069 1931 4140; x_wconf 88' lang='lat' dir='ltr'><strong>posteriore</strong></span> <span class='ocrx_word' id='word_1_343' title='bbox 1977 4068 2148 4123; x_wconf 87' lang='lat' dir='ltr'><strong>altero</strong></span> 
     </span>
    </p>
   </div>
   <div class='ocr_carea' id='block_1_56' title="bbox 571 4160 2150 4235">
    <p class='ocr_par' dir='ltr' id='par_1_56' title="bbox 571 4160 2150 4235">
     <span class='ocr_line' id='line_1_56' title="bbox 571 4160 2150 4235; baseline 0.002 -20"><span class='ocrx_word' id='word_1_344' title='bbox 571 4169 874 4232; x_wconf 80' lang='lat' dir='ltr'><strong>sumpserat</strong></span> <span class='ocrx_word' id='word_1_345' title='bbox 905 4175 1117 4232; x_wconf 72' lang='lat' dir='ltr'><strong>ptenas.</strong></span> <span class='ocrx_word' id='word_1_346' title='bbox 1163 4160 1266 4226; x_wconf 88' lang='lat' dir='ltr'><strong>Qui</strong></span> <span class='ocrx_word' id='word_1_347' title='bbox 1309 4162 1524 4233; x_wconf 89' lang='lat' dir='ltr'><strong>quidem</strong></span> <span class='ocrx_word' id='word_1_348' title='bbox 1573 4179 1696 4218; x_wconf 89' lang='lat' dir='ltr'><strong>cum</strong></span> <span class='ocrx_word' id='word_1_349' title='bbox 1730 4179 1966 4235; x_wconf 83' lang='lat' dir='ltr'><strong>priorem</strong></span> <span class='ocrx_word' id='word_1_350' title='bbox 2000 4163 2150 4219; x_wconf 92' lang='lat' dir='ltr'><strong>illum</strong></span> 
     </span>
    </p>
   </div>
   <div class='ocr_carea' id='block_1_57' title="bbox 571 4253 2152 4326">
    <p class='ocr_par' dir='ltr' id='par_1_57' title="bbox 571 4253 2152 4326">
     <span class='ocr_line' id='line_1_57' title="bbox 571 4253 2152 4326; baseline 0.003 -20"><span class='ocrx_word' id='word_1_351' title='bbox 571 4259 833 4321; x_wconf 86' lang='lat' dir='ltr'><strong>tanquam</strong></span> <span class='ocrx_word' id='word_1_352' title='bbox 909 4253 961 4306; x_wconf 93' lang='lat' dir='ltr'><strong>in</strong></span> <span class='ocrx_word' id='word_1_353' title='bbox 1030 4254 1265 4323; x_wconf 88' lang='lat' dir='ltr'><strong>quodam</strong></span> <span class='ocrx_word' id='word_1_354' title='bbox 1325 4253 1590 4309; x_wconf 87' lang='lat' dir='ltr'><strong>scelerum</strong></span> <span class='ocrx_word' id='word_1_355' title='bbox 1643 4259 1942 4311; x_wconf 89' lang='lat' dir='ltr'><strong>certamine</strong></span> <span class='ocrx_word' id='word_1_356' title='bbox 1991 4270 2152 4326; x_wconf 90' lang='lat' dir='ltr'><strong>supe-</strong></span> 
     </span>
    </p>
   </div>
   <div class='ocr_carea' id='block_1_58' title="bbox 571 4345 2152 4408">
    <p class='ocr_par' dir='ltr' id='par_1_58' title="bbox 571 4345 2152 4408">
     <span class='ocr_line' id='line_1_58' title="bbox 571 4345 2152 4408; baseline 0 -9"><span class='ocrx_word' id='word_1_357' title='bbox 571 4361 695 4400; x_wconf 87' lang='lat' dir='ltr'><strong>rare</strong></span> <span class='ocrx_word' id='word_1_358' title='bbox 745 4345 1027 4401; x_wconf 87' lang='lat' dir='ltr'><strong>ambitiose</strong></span> <span class='ocrx_word' id='word_1_359' title='bbox 1085 4345 1487 4408; x_wconf 88' lang='lat' dir='ltr'><strong>contenderet,</strong></span> <span class='ocrx_word' id='word_1_360' title='bbox 1554 4361 1824 4400; x_wconf 88' lang='lat' dir='ltr'><strong>novorum</strong></span> <span class='ocrx_word' id='word_1_361' title='bbox 1889 4346 2152 4401; x_wconf 89' lang='lat' dir='ltr'><strong>adversus</strong></span> 
     </span>
    </p>
   </div>
   <div class='ocr_carea' id='block_1_59' title="bbox 572 4438 2149 4511">
    <p class='ocr_par' dir='ltr' id='par_1_59' title="bbox 572 4438 2149 4511">
     <span class='ocr_line' id='line_1_59' title="bbox 572 4438 2149 4511; baseline 0.001 -18"><span class='ocrx_word' id='word_1_362' title='bbox 572 4449 786 4495; x_wconf 89' lang='lat' dir='ltr'><strong>nostros</strong></span> <span class='ocrx_word' id='word_1_363' title='bbox 826 4439 1221 4511; x_wconf 89' lang='lat' dir='ltr'><strong>suppliciorum</strong></span> <span class='ocrx_word' id='word_1_364' title='bbox 1266 4438 1583 4494; x_wconf 90' lang='lat' dir='ltr'><strong>inventione</strong></span> <span class='ocrx_word' id='word_1_365' title='bbox 1627 4439 1989 4510; x_wconf 76' lang='lat' dir='ltr'><strong>gloriabatur.</strong></span> <span class='ocrx_word' id='word_1_366' title='bbox 2040 4439 2149 4494; x_wconf 85' lang='lat' dir='ltr'><strong>Ne-</strong></span> 
     </span>
    </p>
   </div>
   <div class='ocr_carea' id='block_1_60' title="bbox 2267 1873 3851 1946">
    <p class='ocr_par' dir='ltr' id='par_1_60' title="bbox 2267 1873 3851 1946">
     <span class='ocr_line' id='line_1_60' title="bbox 2267 1873 3851 1946; baseline 0 -17"><span class='ocrx_word' id='word_1_367' title='bbox 2267 1877 2360 1929; x_wconf 80' lang='grc' dir='ltr'>καὶ</span> <span class='ocrx_word' id='word_1_368' title='bbox 2391 1875 2594 1932; x_wconf 87' lang='grc' dir='ltr'>τούτων</span> <span class='ocrx_word' id='word_1_369' title='bbox 2616 1876 2833 1941; x_wconf 81' lang='grc' dir='ltr'>ἀνίατος</span> <span class='ocrx_word' id='word_1_370' title='bbox 2856 1873 2996 1946; x_wconf 83' lang='grc' dir='ltr'>νομὴ</span> <span class='ocrx_word' id='word_1_371' title='bbox 3027 1874 3170 1928; x_wconf 79' lang='grc' dir='ltr'>κατᾶ</span> <span class='ocrx_word' id='word_1_372' title='bbox 3206 1876 3314 1930; x_wconf 88' lang='grc' dir='ltr'><strong>τῶν</strong></span> <span class='ocrx_word' id='word_1_373' title='bbox 3352 1876 3634 1930; x_wconf 77' lang='grc' dir='ltr'><strong>ἐνδοτάτω</strong></span> <span class='ocrx_word' id='word_1_374' title='bbox 3661 1875 3851 1944; x_wconf 71' lang='grc' dir='ltr'>σπλάγ-</span> 
     </span>
    </p>
   </div>
   <div class='ocr_carea' id='block_1_61' title="bbox 2265 1961 3852 2041">
    <p class='ocr_par' dir='ltr' id='par_1_61' title="bbox 2265 1961 3852 2041">
     <span class='ocr_line' id='line_1_61' title="bbox 2265 1961 3852 2041; baseline 0 -21"><span class='ocrx_word' id='word_1_375' title='bbox 2265 1985 2404 2038; x_wconf 85' lang='grc' dir='ltr'>χνων</span> <span class='ocrx_word' id='word_1_376' title='bbox 2425 1985 2438 1997; x_wconf 76' lang='grc' dir='ltr'><strong>ο</strong></span> <span class='ocrx_word' id='word_1_377' title='bbox 2472 1968 2564 2037; x_wconf 74' lang='grc' dir='ltr'><strong>ἀφ’</strong></span> <span class='ocrx_word' id='word_1_378' title='bbox 2593 1961 2668 2021; x_wconf 82' lang='grc' dir='ltr'>ὧν</span> <span class='ocrx_word' id='word_1_379' title='bbox 2694 1969 2922 2022; x_wconf 85' lang='grc' dir='ltr'>ἄλεκτόν</span> <span class='ocrx_word' id='word_1_380' title='bbox 2956 1987 3009 2021; x_wconf 93' lang='grc' dir='ltr'><strong>τι</strong></span> <span class='ocrx_word' id='word_1_381' title='bbox 3053 1969 3258 2041; x_wconf 81' lang='grc' dir='ltr'>πλῆθος</span> <span class='ocrx_word' id='word_1_382' title='bbox 3295 1968 3614 2039; x_wconf 80' lang='grc' dir='ltr'><strong>σκωλήκων</strong></span> <span class='ocrx_word' id='word_1_383' title='bbox 3661 1969 3852 2039; x_wconf 82' lang='grc' dir='ltr'>βρύειν,</span> 
     </span>
    </p>
   </div>
   <div class='ocr_carea' id='block_1_62' title="bbox 2265 2058 3851 2132">
    <p class='ocr_par' dir='ltr' id='par_1_62' title="bbox 2265 2058 3851 2132">
     <span class='ocr_line' id='line_1_62' title="bbox 2265 2058 3851 2132; baseline -0.001 -18"><span class='ocrx_word' id='word_1_384' title='bbox 2265 2058 2544 2131; x_wconf 77' lang='grc' dir='ltr'>θανατώδη</span> <span class='ocrx_word' id='word_1_385' title='bbox 2581 2077 2640 2113; x_wconf 86' lang='grc' dir='ltr'><strong>τε</strong></span> <span class='ocrx_word' id='word_1_386' title='bbox 2665 2060 2837 2132; x_wconf 82' lang='grc' dir='ltr'>ὀδμὴν</span> <span class='ocrx_word' id='word_1_387' title='bbox 2881 2064 3168 2126; x_wconf 74' lang='grc' dir='ltr'>ἀποπνεῖν,</span> <span class='ocrx_word' id='word_1_388' title='bbox 3190 2060 3284 2116; x_wconf 81' lang='grc' dir='ltr'>τοῦ</span> <span class='ocrx_word' id='word_1_389' title='bbox 3317 2062 3533 2126; x_wconf 80' lang='grc' dir='ltr'>παντὸς</span> <span class='ocrx_word' id='word_1_390' title='bbox 3560 2062 3729 2131; x_wconf 81' lang='grc' dir='ltr'>ὄγκου</span> <span class='ocrx_word' id='word_1_391' title='bbox 3758 2062 3851 2114; x_wconf 78' lang='grc' dir='ltr'><strong>τῶν</strong></span> 
     </span>
    </p>
   </div>
   <div class='ocr_carea' id='block_1_63' title="bbox 2265 2154 3848 2226">
    <p class='ocr_par' dir='ltr' id='par_1_63' title="bbox 2265 2154 3848 2226">
     <span class='ocr_line' id='line_1_63' title="bbox 2265 2154 3848 2226; baseline -0.001 -20"><span class='ocrx_word' id='word_1_392' title='bbox 2265 2154 2532 2225; x_wconf 84' lang='grc' dir='ltr'>σωμάτων</span> <span class='ocrx_word' id='word_1_393' title='bbox 2584 2156 2648 2207; x_wconf 81' lang='grc' dir='ltr'><strong>ὲκ</strong></span> <span class='ocrx_word' id='word_1_394' title='bbox 2691 2155 3058 2226; x_wconf 73' lang='grc' dir='ltr'>πολυτροφίας</span> <span class='ocrx_word' id='word_1_395' title='bbox 3108 2157 3189 2220; x_wconf 78' lang='grc' dir='ltr'>εἰς</span> <span class='ocrx_word' id='word_1_396' title='bbox 3243 2154 3564 2226; x_wconf 71' lang='grc' dir='ltr'>ὑπερϐολὴν</span> <span class='ocrx_word' id='word_1_397' title='bbox 3624 2154 3848 2226; x_wconf 71' lang='grc' dir='ltr'>πλήθους</span> 
     </span>
    </p>
   </div>
   <div class='ocr_carea' id='block_1_64' title="bbox 2263 2246 3848 2320">
    <p class='ocr_par' dir='ltr' id='par_1_64' title="bbox 2263 2246 3848 2320">
     <span class='ocr_line' id='line_1_64' title="bbox 2263 2246 3848 2320; baseline 0.001 -23"><span class='ocrx_word' id='word_1_398' title='bbox 2263 2246 2498 2316; x_wconf 78' lang='grc' dir='ltr'>πιμελῆς</span> <span class='ocrx_word' id='word_1_399' title='bbox 2565 2247 3063 2319; x_wconf 75' lang='grc' dir='ltr'>μεταδεδληκότος·</span> <span class='ocrx_word' id='word_1_400' title='bbox 3126 2249 3194 2320; x_wconf 78' lang='grc' dir='ltr'>ἦν</span> <span class='ocrx_word' id='word_1_401' title='bbox 3240 2249 3362 2302; x_wconf 89' lang='grc' dir='ltr'>τότε</span> <span class='ocrx_word' id='word_1_402' title='bbox 3416 2250 3848 2309; x_wconf 78' lang='grc' dir='ltr'>κατασαπείσαν,</span> 
     </span>
    </p>
   </div>
   <div class='ocr_carea' id='block_1_65' title="bbox 2263 2338 3848 2413">
    <p class='ocr_par' dir='ltr' id='par_1_65' title="bbox 2263 2338 3848 2413">
     <span class='ocr_line' id='line_1_65' title="bbox 2263 2338 3848 2413; baseline -0.014 0"><span class='ocrx_word' id='word_1_403' title='bbox 2263 2338 2535 2410; x_wconf 74' lang='grc' dir='ltr'>ἀφόρητον</span> <span class='ocrx_word' id='word_1_404' title='bbox 2563 2340 2655 2392; x_wconf 75' lang='grc' dir='ltr'>καὶ</span> <span class='ocrx_word' id='word_1_405' title='bbox 2685 2340 3050 2412; x_wconf 80' lang='grc' dir='ltr'>φρικτοτάτην</span> <span class='ocrx_word' id='word_1_406' title='bbox 3066 2344 3179 2405; x_wconf 86' lang='grc' dir='ltr'>τοῖς</span> <span class='ocrx_word' id='word_1_407' title='bbox 3207 2341 3577 2413; x_wconf 75' lang='grc' dir='ltr'><strong>πλησιάζουσι</strong></span> <span class='ocrx_word' id='word_1_408' title='bbox 3602 2341 3848 2412; x_wconf 80' lang='grc' dir='ltr'>παρέχειν</span> 
     </span>
    </p>
   </div>
   <div class='ocr_carea' id='block_1_66' title="bbox 2261 2433 3848 2505">
    <p class='ocr_par' dir='ltr' id='par_1_66' title="bbox 2261 2433 3848 2505">
     <span class='ocr_line' id='line_1_66' title="bbox 2261 2433 3848 2505; baseline -0.001 -18"><span class='ocrx_word' id='word_1_409' title='bbox 2261 2433 2358 2505; x_wconf 82' lang='grc' dir='ltr'><strong>τὴν</strong></span> <span class='ocrx_word' id='word_1_410' title='bbox 2384 2433 2510 2487; x_wconf 77' lang='grc' dir='ltr'>θέαν</span> <span class='ocrx_word' id='word_1_411' title='bbox 2541 2433 2692 2503; x_wconf 81' lang='grc' dir='ltr'>φασί.</span> <span class='ocrx_word' id='word_1_412' title='bbox 2725 2435 2836 2488; x_wconf 67' lang='grc' dir='ltr'>Καὶ</span> <span class='ocrx_word' id='word_1_413' title='bbox 2857 2434 2922 2505; x_wconf 79' lang='grc' dir='ltr'><strong>δὴ</strong></span> <span class='ocrx_word' id='word_1_414' title='bbox 2951 2435 3227 2499; x_wconf 81' lang='grc' dir='ltr'>τοσούτοις</span> <span class='ocrx_word' id='word_1_415' title='bbox 3249 2436 3503 2488; x_wconf 83' lang='grc' dir='ltr'>παλαίων</span> <span class='ocrx_word' id='word_1_416' title='bbox 3535 2436 3747 2499; x_wconf 78' lang='grc' dir='ltr'>κακοῖς,</span> <span class='ocrx_word' id='word_1_417' title='bbox 3764 2434 3848 2504; x_wconf 62' lang='grc' dir='ltr'><strong>ὁ,ῐὲ</strong></span> 
     </span>
    </p>
   </div>
   <div class='ocr_carea' id='block_1_67' title="bbox 2261 2525 3845 2600">
    <p class='ocr_par' dir='ltr' id='par_1_67' title="bbox 2261 2525 3845 2600">
     <span class='ocr_line' id='line_1_67' title="bbox 2261 2525 3845 2600; baseline 0.001 -22"><span class='ocrx_word' id='word_1_418' title='bbox 2261 2542 2392 2578; x_wconf 87' lang='grc' dir='ltr'>ποτε</span> <span class='ocrx_word' id='word_1_419' title='bbox 2418 2525 2770 2596; x_wconf 79' lang='grc' dir='ltr'>συναίσθησιν</span> <span class='ocrx_word' id='word_1_420' title='bbox 2799 2525 2905 2579; x_wconf 84' lang='grc' dir='ltr'><strong>τῶν</strong></span> <span class='ocrx_word' id='word_1_421' title='bbox 2921 2528 3063 2580; x_wconf 78' lang='grc' dir='ltr'>κατὰ</span> <span class='ocrx_word' id='word_1_422' title='bbox 3090 2527 3190 2597; x_wconf 77' lang='grc' dir='ltr'>τῆς</span> <span class='ocrx_word' id='word_1_423' title='bbox 3220 2527 3560 2600; x_wconf 80' lang='grc' dir='ltr'>Ἐκκλησίας</span> <span class='ocrx_word' id='word_1_424' title='bbox 3596 2527 3845 2598; x_wconf 78' lang='grc' dir='ltr'>τετολμη-</span> 
     </span>
    </p>
   </div>
   <div class='ocr_carea' id='block_1_68' title="bbox 2263 2616 3846 2692">
    <p class='ocr_par' dir='ltr' id='par_1_68' title="bbox 2263 2616 3846 2692">
     <span class='ocr_line' id='line_1_68' title="bbox 2263 2616 3846 2692; baseline -0.001 -22"><span class='ocrx_word' id='word_1_425' title='bbox 2263 2616 2438 2688; x_wconf 82' lang='grc' dir='ltr'>μένων</span> <span class='ocrx_word' id='word_1_426' title='bbox 2470 2616 2616 2688; x_wconf 57' lang='lat' dir='ltr'><strong>avsch</strong></span> <span class='ocrx_word' id='word_1_427' title='bbox 2640 2617 2936 2688; x_wconf 80' lang='grc' dir='ltr'>λαμϐάνει·</span> <span class='ocrx_word' id='word_1_428' title='bbox 2973 2620 3208 2673; x_wconf 73' lang='grc' dir='ltr'>κᾶπειτα</span> <span class='ocrx_word' id='word_1_429' title='bbox 3237 2618 3313 2689; x_wconf 81' lang='grc' dir='ltr'><strong>τῷ</strong></span> <span class='ocrx_word' id='word_1_430' title='bbox 3353 2619 3480 2692; x_wconf 80' lang='grc' dir='ltr'>Θεῷ</span> <span class='ocrx_word' id='word_1_431' title='bbox 3533 2618 3846 2690; x_wconf 73' lang='grc' dir='ltr'>ἐξομολογη-</span> 
     </span>
    </p>
   </div>
   <div class='ocr_carea' id='block_1_69' title="bbox 2261 2708 3844 2783">
    <p class='ocr_par' dir='ltr' id='par_1_69' title="bbox 2261 2708 3844 2783">
     <span class='ocr_line' id='line_1_69' title="bbox 2261 2708 3844 2783; baseline -0.001 -19"><span class='ocrx_word' id='word_1_432' title='bbox 2261 2708 2515 2782; x_wconf 85' lang='grc' dir='ltr'>σάμενος,</span> <span class='ocrx_word' id='word_1_433' title='bbox 2548 2709 2640 2764; x_wconf 81' lang='grc' dir='ltr'>τὸν</span> <span class='ocrx_word' id='word_1_434' title='bbox 2679 2709 2822 2764; x_wconf 85' lang='grc' dir='ltr'>κατὰ</span> <span class='ocrx_word' id='word_1_435' title='bbox 2853 2710 2963 2763; x_wconf 88' lang='grc' dir='ltr'><strong>τῶν</strong></span> <span class='ocrx_word' id='word_1_436' title='bbox 3006 2713 3350 2783; x_wconf 80' lang='grc' dir='ltr'>Χριστιανῶν</span> <span class='ocrx_word' id='word_1_437' title='bbox 3395 2712 3683 2768; x_wconf 85' lang='grc' dir='ltr'>ἁποπαύει</span> <span class='ocrx_word' id='word_1_438' title='bbox 3727 2711 3844 2763; x_wconf 85' lang='grc' dir='ltr'>διω-</span> 
     </span>
    </p>
   </div>
   <div class='ocr_carea' id='block_1_70' title="bbox 2257 2797 3843 2873">
    <p class='ocr_par' dir='ltr' id='par_1_70' title="bbox 2257 2797 3843 2873">
     <span class='ocr_line' id='line_1_70' title="bbox 2257 2797 3843 2873; baseline -0.018 3"><span class='ocrx_word' id='word_1_439' title='bbox 2257 2801 2418 2871; x_wconf 58' lang='grc' dir='ltr'><strong>γμὸν,</strong></span> <span class='ocrx_word' id='word_1_440' title='bbox 2473 2799 2659 2870; x_wconf 71' lang='grc' dir='ltr'><strong>νόμοις</strong></span> <span class='ocrx_word' id='word_1_441' title='bbox 2719 2817 2780 2852; x_wconf 79' lang='grc' dir='ltr'><strong>τε</strong></span> <span class='ocrx_word' id='word_1_442' title='bbox 2828 2801 2920 2853; x_wconf 55' lang='grc' dir='ltr'>καὶ</span> <span class='ocrx_word' id='word_1_443' title='bbox 2985 2799 3318 2873; x_wconf 69' lang='grc' dir='ltr'>διατάγμασι</span> <span class='ocrx_word' id='word_1_444' title='bbox 3372 2801 3703 2872; x_wconf 73' lang='grc' dir='ltr'>βασιλικοῖς,</span> <span class='ocrx_word' id='word_1_445' title='bbox 3755 2797 3843 2860; x_wconf 75' lang='grc' dir='ltr'>τὰς</span> 
     </span>
    </p>
   </div>
   <div class='ocr_carea' id='block_1_71' title="bbox 2257 2890 3838 2965">
    <p class='ocr_par' dir='ltr' id='par_1_71' title="bbox 2257 2890 3838 2965">
     <span class='ocr_line' id='line_1_71' title="bbox 2257 2890 3838 2965; baseline -0.003 -19"><span class='ocrx_word' id='word_1_446' title='bbox 2257 2892 2554 2964; x_wconf 78' lang='grc' dir='ltr'>ἐκκλησίας</span> <span class='ocrx_word' id='word_1_447' title='bbox 2576 2891 2756 2946; x_wconf 76' lang='grc' dir='ltr'>αὐτῶν</span> <span class='ocrx_word' id='word_1_448' title='bbox 2783 2892 3082 2963; x_wconf 76' lang='grc' dir='ltr'>οἰκοδομεῖν</span> <span class='ocrx_word' id='word_1_449' title='bbox 3113 2895 3459 2965; x_wconf 74' lang='grc' dir='ltr'>ἐπισπέρχει,</span> <span class='ocrx_word' id='word_1_450' title='bbox 3481 2894 3550 2948; x_wconf 82' lang='grc' dir='ltr'><strong>τά</strong></span> <span class='ocrx_word' id='word_1_451' title='bbox 3565 2910 3623 2947; x_wconf 91' lang='grc' dir='ltr'><strong>τε</strong></span> <span class='ocrx_word' id='word_1_452' title='bbox 3647 2890 3838 2961; x_wconf 74' lang='grc' dir='ltr'>συνήθη</span> 
     </span>
    </p>
   </div>
   <div class='ocr_carea' id='block_1_72' title="bbox 2256 2983 3842 3058">
    <p class='ocr_par' dir='ltr' id='par_1_72' title="bbox 2256 2983 3842 3058">
     <span class='ocr_line' id='line_1_72' title="bbox 2256 2983 3842 3058; baseline -0.003 -19"><span class='ocrx_word' id='word_1_453' title='bbox 2256 2984 2516 3057; x_wconf 82' lang='grc' dir='ltr'>πράττειν</span> <span class='ocrx_word' id='word_1_454' title='bbox 2567 2985 2783 3050; x_wconf 78' lang='grc' dir='ltr'>αὐτοὺς,</span> <span class='ocrx_word' id='word_1_455' title='bbox 2835 2983 3000 3057; x_wconf 74' lang='grc' dir='ltr'>εὐχὰς</span> <span class='ocrx_word' id='word_1_456' title='bbox 3037 2985 3179 3058; x_wconf 70' lang='grc' dir='ltr'>ὑπὲρ</span> <span class='ocrx_word' id='word_1_457' title='bbox 3247 2987 3416 3041; x_wconf 80' lang='grc' dir='ltr'>αὑτοῦ</span> <span class='ocrx_word' id='word_1_458' title='bbox 3489 2985 3842 3055; x_wconf 76' lang='grc' dir='ltr'>ποιουμένους</span> 
     </span>
    </p>
   </div>
   <div class='ocr_carea' id='block_1_73' title="bbox 2254 3077 2623 3134">
    <p class='ocr_par' dir='ltr' id='par_1_73' title="bbox 2254 3077 2623 3134">
     <span class='ocr_line' id='line_1_73' title="bbox 2254 3077 2623 3134; baseline -0.008 0"><span class='ocrx_word' id='word_1_459' title='bbox 2254 3077 2623 3134; x_wconf 75' lang='grc' dir='ltr'>διακελεύεται</span> 
     </span>
    </p>
   </div>
   <div class='ocr_carea' id='block_1_74' title="bbox 2763 3263 3334 3320">
    <p class='ocr_par' dir='ltr' id='par_1_74' title="bbox 2763 3263 3334 3320">
     <span class='ocr_line' id='line_1_74' title="bbox 2763 3263 3334 3320; baseline 0.005 -4"><span class='ocrx_word' id='word_1_460' title='bbox 2763 3263 3158 3318; x_wconf 74' lang='grc' dir='ltr'><strong>ΚΕΦΑΛΔΙΟΝ</strong></span> <span class='ocrx_word' id='word_1_461' title='bbox 3199 3265 3334 3320; x_wconf 84' lang='grc' dir='ltr'><strong>ΝΗ¹.</strong></span> 
     </span>
    </p>
   </div>
   <div class='ocr_carea' id='block_1_75' title="bbox 2259 3352 3836 3426">
    <p class='ocr_par' dir='ltr' id='par_1_75' title="bbox 2259 3352 3836 3426">
     <span class='ocr_line' id='line_1_75' title="bbox 2259 3352 3836 3426; baseline 0 -17"><span class='ocrx_word' id='word_1_462' title='bbox 2259 3356 2377 3410; x_wconf 85' lang='grc' dir='ltr'><strong>Ὅτι</strong></span> <span class='ocrx_word' id='word_1_463' title='bbox 2406 3355 2735 3426; x_wconf 77' lang='grc' dir='ltr'>Μαξιμῖνος</span> <span class='ocrx_word' id='word_1_464' title='bbox 2761 3355 2981 3422; x_wconf 79' lang='grc' dir='ltr'><strong>διώξας</strong></span> <span class='ocrx_word' id='word_1_465' title='bbox 3020 3356 3442 3424; x_wconf 74' lang='grc' dir='ltr'>Χριστιανοὺς,</span> <span class='ocrx_word' id='word_1_466' title='bbox 3485 3357 3590 3412; x_wconf 73' lang='grc' dir='ltr'>καὶ</span> <span class='ocrx_word' id='word_1_467' title='bbox 3641 3352 3836 3426; x_wconf 67' lang='grc' dir='ltr'><strong>φυγὼν</strong></span> 
     </span>
    </p>
   </div>
   <div class='ocr_carea' id='block_1_76' title="bbox 2682 3427 3421 3496">
    <p class='ocr_par' dir='ltr' id='par_1_76' title="bbox 2682 3427 3421 3496">
     <span class='ocr_line' id='line_1_76' title="bbox 2682 3427 3421 3496; baseline 0.001 -16"><span class='ocrx_word' id='word_1_468' title='bbox 2682 3427 2763 3493; x_wconf 85' lang='grc' dir='ltr'><strong>ὡς</strong></span> <span class='ocrx_word' id='word_1_469' title='bbox 2789 3429 3026 3495; x_wconf 73' lang='grc' dir='ltr'>οἰκέτης</span> <span class='ocrx_word' id='word_1_470' title='bbox 3069 3429 3421 3496; x_wconf 79' lang='grc' dir='ltr'><strong>ἐκρύπτετο.</strong></span> 
     </span>
    </p>
   </div>
   <div class='ocr_carea' id='block_1_77' title="bbox 2335 3518 3829 3593">
    <p class='ocr_par' dir='ltr' id='par_1_77' title="bbox 2335 3518 3829 3593">
     <span class='ocr_line' id='line_1_77' title="bbox 2335 3518 3829 3593; baseline -0.003 -21"><span class='ocrx_word' id='word_1_471' title='bbox 2335 3519 2477 3573; x_wconf 77' lang='grc' dir='ltr'>Ἀλλ’</span> <span class='ocrx_word' id='word_1_472' title='bbox 2503 3520 2530 3574; x_wconf 85' lang='grc' dir='ltr'><strong>ό</strong></span> <span class='ocrx_word' id='word_1_473' title='bbox 2549 3519 2645 3591; x_wconf 79' lang='grc' dir='ltr'>μὲν</span> <span class='ocrx_word' id='word_1_474' title='bbox 2671 3520 2766 3572; x_wconf 81' lang='grc' dir='ltr'>τοῦ</span> <span class='ocrx_word' id='word_1_475' title='bbox 2783 3519 3024 3591; x_wconf 78' lang='grc' dir='ltr'>διωγμοῦ</span> <span class='ocrx_word' id='word_1_476' title='bbox 3055 3519 3354 3592; x_wconf 76' lang='grc' dir='ltr'>κατάρξας,</span> <span class='ocrx_word' id='word_1_477' title='bbox 3379 3519 3640 3593; x_wconf 80' lang='grc' dir='ltr'>τοιαύτην</span> <span class='ocrx_word' id='word_1_478' title='bbox 3656 3518 3829 3585; x_wconf 81' lang='grc' dir='ltr'>ὑπεῖχε</span> 
     </span>
    </p>
   </div>
   <div class='ocr_carea' id='block_1_78' title="bbox 2252 3609 3833 3684">
    <p class='ocr_par' dir='ltr' id='par_1_78' title="bbox 2252 3609 3833 3684">
     <span class='ocr_line' id='line_1_78' title="bbox 2252 3609 3833 3684; baseline -0.001 -20"><span class='ocrx_word' id='word_1_479' title='bbox 2252 3611 2426 3682; x_wconf 86' lang='grc' dir='ltr'>δίκην.</span> <span class='ocrx_word' id='word_1_480' title='bbox 2457 3610 2672 3664; x_wconf 84' lang='grc' dir='ltr'>Τούτων</span> <span class='ocrx_word' id='word_1_481' title='bbox 2691 3611 2736 3664; x_wconf 76' lang='grc' dir='ltr'>δ’</span> <span class='ocrx_word' id='word_1_482' title='bbox 2764 3609 3040 3682; x_wconf 82' lang='grc' dir='ltr'>αὐτόπτης</span> <span class='ocrx_word' id='word_1_483' title='bbox 3072 3610 3100 3662; x_wconf 85' lang='grc' dir='ltr'>ὁ</span> <span class='ocrx_word' id='word_1_484' title='bbox 3133 3613 3270 3684; x_wconf 77' lang='grc' dir='ltr'>πρὸς</span> <span class='ocrx_word' id='word_1_485' title='bbox 3311 3613 3404 3666; x_wconf 79' lang='grc' dir='ltr'>τοῦ</span> <span class='ocrx_word' id='word_1_486' title='bbox 3444 3613 3609 3680; x_wconf 80' lang='grc' dir='ltr'>λόγου</span> <span class='ocrx_word' id='word_1_487' title='bbox 3654 3611 3833 3683; x_wconf 84' lang='grc' dir='ltr'>δηλού-</span> 
     </span>
    </p>
   </div>
   <div class='ocr_carea' id='block_1_79' title="bbox 2259 3704 3826 3778">
    <p class='ocr_par' dir='ltr' id='par_1_79' title="bbox 2259 3704 3826 3778">
     <span class='ocr_line' id='line_1_79' title="bbox 2259 3704 3826 3778; baseline -0.001 -19"><span class='ocrx_word' id='word_1_488' title='bbox 2259 3723 2419 3778; x_wconf 83' lang='grc' dir='ltr'>μενος</span> <span class='ocrx_word' id='word_1_489' title='bbox 2463 3704 2724 3775; x_wconf 82' lang='grc' dir='ltr'>γεγονὼς,</span> <span class='ocrx_word' id='word_1_490' title='bbox 2773 3706 2868 3759; x_wconf 61' lang='grc' dir='ltr'><strong>καὶ¹</strong></span> <span class='ocrx_word' id='word_1_491' title='bbox 2922 3704 3076 3758; x_wconf 85' lang='grc' dir='ltr'>ταῦτ’</span> <span class='ocrx_word' id='word_1_492' title='bbox 3115 3706 3361 3777; x_wconf 79' lang='grc' dir='ltr'>ἀκριϐῶς</span> <span class='ocrx_word' id='word_1_493' title='bbox 3407 3706 3715 3778; x_wconf 81' lang='grc' dir='ltr'>διεγνωκὼς</span> <span class='ocrx_word' id='word_1_494' title='bbox 3767 3706 3826 3774; x_wconf 79' lang='grc' dir='ltr'>τῇ</span> 
     </span>
    </p>
   </div>
   <div class='ocr_carea' id='block_1_80' title="bbox 2255 3793 3831 3872">
    <p class='ocr_par' dir='ltr' id='par_1_80' title="bbox 2255 3793 3831 3872">
     <span class='ocr_line' id='line_1_80' title="bbox 2255 3793 3831 3872; baseline -0.003 -19"><span class='ocrx_word' id='word_1_495' title='bbox 2255 3801 2442 3871; x_wconf 75' lang='grc' dir='ltr'>πείρᾳ,</span> <span class='ocrx_word' id='word_1_496' title='bbox 2461 3799 2631 3871; x_wconf 82' lang='grc' dir='ltr'>λήθην</span> <span class='ocrx_word' id='word_1_497' title='bbox 2651 3800 2717 3854; x_wconf 89' lang='grc' dir='ltr'><strong>άθ</strong></span> <span class='ocrx_word' id='word_1_498' title='bbox 2727 3800 2862 3872; x_wconf 87' lang='grc' dir='ltr'>ρόως</span> <span class='ocrx_word' id='word_1_499' title='bbox 2879 3793 3132 3853; x_wconf 85' lang='grc' dir='ltr'>ἁπάντων</span> <span class='ocrx_word' id='word_1_500' title='bbox 3159 3801 3414 3865; x_wconf 76' lang='grc' dir='ltr'>ἐποιεῖτο,</span> <span class='ocrx_word' id='word_1_501' title='bbox 3444 3800 3571 3854; x_wconf 73' lang='grc' dir='ltr'>οὔτε</span> <span class='ocrx_word' id='word_1_502' title='bbox 3591 3801 3689 3871; x_wconf 78' lang='grc' dir='ltr'>τὴν</span> <span class='ocrx_word' id='word_1_503' title='bbox 3701 3797 3831 3852; x_wconf 74' lang='grc' dir='ltr'>κατὰ</span> 
     </span>
    </p>
   </div>
   <div class='ocr_carea' id='block_1_81' title="bbox 2252 3877 3827 3967">
    <p class='ocr_par' dir='ltr' id='par_1_81' title="bbox 2252 3877 3827 3967">
     <span class='ocr_line' id='line_1_81' title="bbox 2252 3877 3827 3967; baseline -0.004 -21"><span class='ocrx_word' id='word_1_504' title='bbox 2252 3892 2345 3946; x_wconf 74' lang='grc' dir='ltr'>τοῦ</span> <span class='ocrx_word' id='word_1_505' title='bbox 2381 3877 2642 3966; x_wconf 74' lang='grc' dir='ltr'>προτέρου</span> <span class='ocrx_word' id='word_1_506' title='bbox 2681 3891 2868 3963; x_wconf 79' lang='grc' dir='ltr'>ποινὴν</span> <span class='ocrx_word' id='word_1_507' title='bbox 2902 3892 3204 3961; x_wconf 79' lang='grc' dir='ltr'>ἀνενέγκας</span> <span class='ocrx_word' id='word_1_508' title='bbox 3232 3896 3296 3965; x_wconf 81' lang='grc' dir='ltr'>τῇ</span> <span class='ocrx_word' id='word_1_509' title='bbox 3330 3895 3543 3967; x_wconf 83' lang='grc' dir='ltr'>μνήμῃ,</span> <span class='ocrx_word' id='word_1_510' title='bbox 3583 3891 3704 3946; x_wconf 71' lang='grc' dir='ltr'>οὔτε</span> <span class='ocrx_word' id='word_1_511' title='bbox 3736 3890 3827 3960; x_wconf 67' lang='grc' dir='ltr'><strong>τὴν</strong></span> 
     </span>
    </p>
   </div>
   <div class='ocr_carea' id='block_1_82' title="bbox 2257 3982 3827 4059">
    <p class='ocr_par' dir='ltr' id='par_1_82' title="bbox 2257 3982 3827 4059">
     <span class='ocr_line' id='line_1_82' title="bbox 2257 3982 3827 4059; baseline 0 -23"><span class='ocrx_word' id='word_1_512' title='bbox 2257 3982 2366 4056; x_wconf 83' lang='grc' dir='ltr'>[ὲκ]</span> <span class='ocrx_word' id='word_1_513' title='bbox 2404 3984 2496 4038; x_wconf 81' lang='grc' dir='ltr'>τοῦ</span> <span class='ocrx_word' id='word_1_514' title='bbox 2547 3986 2799 4057; x_wconf 80' lang='grc' dir='ltr'>δευτέρου</span> <span class='ocrx_word' id='word_1_515' title='bbox 2852 3986 3092 4058; x_wconf 81' lang='grc' dir='ltr'>τιμωρὸν</span> <span class='ocrx_word' id='word_1_516' title='bbox 3125 3985 3281 4058; x_wconf 85' lang='grc' dir='ltr'>δίκην</span> <span class='ocrx_word' id='word_1_517' title='bbox 3324 3988 3461 4059; x_wconf 65' lang='grc'>(21).</span> <span class='ocrx_word' id='word_1_518' title='bbox 3496 3992 3592 4052; x_wconf 83' lang='grc' dir='ltr'>Ὃς</span> <span class='ocrx_word' id='word_1_519' title='bbox 3634 3986 3696 4057; x_wconf 84' lang='grc' dir='ltr'>δὴ</span> <span class='ocrx_word' id='word_1_520' title='bbox 3743 3983 3827 4038; x_wconf 80' lang='grc' dir='ltr'><strong>καὶ</strong></span> 
     </span>
    </p>
   </div>
   <div class='ocr_carea' id='block_1_83' title="bbox 2255 4076 3825 4151">
    <p class='ocr_par' dir='ltr' id='par_1_83' title="bbox 2255 4076 3825 4151">
     <span class='ocr_line' id='line_1_83' title="bbox 2255 4076 3825 4151; baseline 0.001 -22"><span class='ocrx_word' id='word_1_521' title='bbox 2255 4076 2417 4141; x_wconf 82' lang='grc' dir='ltr'>αὐτὸς</span> <span class='ocrx_word' id='word_1_522' title='bbox 2447 4077 2850 4149; x_wconf 76' lang='grc' dir='ltr'>ὑπερϐαλέσθαι</span> <span class='ocrx_word' id='word_1_523' title='bbox 2880 4079 2970 4132; x_wconf 85' lang='grc' dir='ltr'><strong>τὸν</strong></span> <span class='ocrx_word' id='word_1_524' title='bbox 3004 4079 3221 4151; x_wconf 87' lang='grc' dir='ltr'>πρῶτον</span> <span class='ocrx_word' id='word_1_525' title='bbox 3264 4079 3341 4144; x_wconf 84' lang='grc' dir='ltr'>ὡς</span> <span class='ocrx_word' id='word_1_526' title='bbox 3375 4082 3432 4133; x_wconf 84' lang='grc' dir='ltr'>ὲν</span> <span class='ocrx_word' id='word_1_527' title='bbox 3464 4079 3650 4134; x_wconf 81' lang='grc' dir='ltr'>κακῶν</span> <span class='ocrx_word' id='word_1_528' title='bbox 3673 4093 3825 4144; x_wconf 58' lang='lat'><strong>7:23:1-</strong></span> 
     </span>
    </p>
   </div>
   <div class='ocr_carea' id='block_1_84' title="bbox 2253 4164 3823 4240">
    <p class='ocr_par' dir='ltr' id='par_1_84' title="bbox 2253 4164 3823 4240">
     <span class='ocr_line' id='line_1_84' title="bbox 2253 4164 3823 4240; baseline -0.003 -20"><span class='ocrx_word' id='word_1_529' title='bbox 2253 4167 2614 4239; x_wconf 81' lang='grc' dir='ltr'>λοτιμημένος</span> <span class='ocrx_word' id='word_1_530' title='bbox 2664 4168 2858 4238; x_wconf 84' lang='grc' dir='ltr'>ἀγῶνι,</span> <span class='ocrx_word' id='word_1_531' title='bbox 2906 4169 3242 4240; x_wconf 81' lang='grc' dir='ltr'>καινοτέρων</span> <span class='ocrx_word' id='word_1_532' title='bbox 3294 4169 3578 4240; x_wconf 89' lang='grc' dir='ltr'>τιμωριῶν</span> <span class='ocrx_word' id='word_1_533' title='bbox 3627 4164 3823 4236; x_wconf 74' lang='grc' dir='ltr'>εὑρέσει</span> 
     </span>
    </p>
   </div>
   <div class='ocr_carea' id='block_1_85' title="bbox 2256 4251 3822 4333">
    <p class='ocr_par' dir='ltr' id='par_1_85' title="bbox 2256 4251 3822 4333">
     <span class='ocr_line' id='line_1_85' title="bbox 2256 4251 3822 4333; baseline -0.004 -23"><span class='ocrx_word' id='word_1_534' title='bbox 2256 4256 2374 4310; x_wconf 78' lang='grc' dir='ltr'>καθ’</span> <span class='ocrx_word' id='word_1_535' title='bbox 2411 4256 2568 4327; x_wconf 74' lang='grc' dir='ltr'>ἡμῶν</span> <span class='ocrx_word' id='word_1_536' title='bbox 2610 4257 3035 4321; x_wconf 78' lang='grc' dir='ltr'>ἐκαλλωπίζετο.</span> <span class='ocrx_word' id='word_1_537' title='bbox 3075 4259 3188 4312; x_wconf 78' lang='grc' dir='ltr'>Οὐκ</span> <span class='ocrx_word' id='word_1_538' title='bbox 3235 4258 3476 4333; x_wconf 85' lang='grc' dir='ltr'>ἀπήρκει</span> <span class='ocrx_word' id='word_1_539' title='bbox 3514 4257 3646 4328; x_wconf 80' lang='grc' dir='ltr'>γοῦν</span> <span class='ocrx_word' id='word_1_540' title='bbox 3687 4251 3822 4321; x_wconf 84' lang='grc' dir='ltr'>αύτῷ</span> 
     </span>
    </p>
   </div>
   <div class='ocr_carea' id='block_1_86' title="bbox 2256 4348 3818 4425">
    <p class='ocr_par' dir='ltr' id='par_1_86' title="bbox 2256 4348 3818 4425">
     <span class='ocr_line' id='line_1_86' title="bbox 2256 4348 3818 4425; baseline 0 -23"><span class='ocrx_word' id='word_1_541' title='bbox 2256 4348 2367 4420; x_wconf 78' lang='grc' dir='ltr'>πῦρ</span> <span class='ocrx_word' id='word_1_542' title='bbox 2383 4351 2477 4403; x_wconf 75' lang='grc' dir='ltr'>καὶ</span> <span class='ocrx_word' id='word_1_543' title='bbox 2503 4349 2618 4420; x_wconf 86' lang='grc' dir='ltr'>σίδη</span> <span class='ocrx_word' id='word_1_544' title='bbox 2629 4367 2718 4421; x_wconf 85' lang='grc' dir='ltr'><strong>ρος</strong></span> <span class='ocrx_word' id='word_1_545' title='bbox 2735 4350 2829 4403; x_wconf 72' lang='grc' dir='ltr'><strong>καὶ</strong></span> <span class='ocrx_word' id='word_1_546' title='bbox 2857 4350 3223 4422; x_wconf 54' lang='grc' dir='ltr'>προσήλωσιθς,</span> <span class='ocrx_word' id='word_1_547' title='bbox 3238 4352 3358 4404; x_wconf 79' lang='grc' dir='ltr'>οὐδέ</span> <span class='ocrx_word' id='word_1_548' title='bbox 3380 4368 3443 4420; x_wconf 88' lang='grc' dir='ltr'>γε</span> <span class='ocrx_word' id='word_1_549' title='bbox 3467 4351 3635 4425; x_wconf 80' lang='grc' dir='ltr'>θῆρες</span> <span class='ocrx_word' id='word_1_550' title='bbox 3656 4349 3818 4418; x_wconf 80' lang='grc' dir='ltr'>ἄγριοι</span> 
     </span>
    </p>
   </div>
   <div class='ocr_carea' id='block_1_87' title="bbox 2257 4442 3814 4518">
    <p class='ocr_par' dir='ltr' id='par_1_87' title="bbox 2257 4442 3814 4518">
     <span class='ocr_line' id='line_1_87' title="bbox 2257 4442 3814 4518; baseline -0.001 -22"><span class='ocrx_word' id='word_1_551' title='bbox 2257 4444 2350 4496; x_wconf 74' lang='grc' dir='ltr'><strong>καὶ</strong></span> <span class='ocrx_word' id='word_1_552' title='bbox 2401 4442 2668 4514; x_wconf 83' lang='grc' dir='ltr'>θαλάττης</span> <span class='ocrx_word' id='word_1_553' title='bbox 2710 4442 2880 4514; x_wconf 81' lang='grc' dir='ltr'>βυθοί.</span> <span class='ocrx_word' id='word_1_554' title='bbox 2921 4445 3068 4517; x_wconf 83' lang='grc' dir='ltr'><strong>Ἤδη</strong></span> <span class='ocrx_word' id='word_1_555' title='bbox 3110 4445 3166 4498; x_wconf 88' lang='grc' dir='ltr'>δὲ</span> <span class='ocrx_word' id='word_1_556' title='bbox 3215 4446 3349 4518; x_wconf 79' lang='grc' dir='ltr'>πρὸς</span> <span class='ocrx_word' id='word_1_557' title='bbox 3388 4446 3559 4500; x_wconf 73' lang='grc' dir='ltr'>ἅπασι</span> <span class='ocrx_word' id='word_1_558' title='bbox 3609 4443 3814 4502; x_wconf 82' lang='grc' dir='ltr'>τούτοις.</span> 
     </span>
    </p>
   </div>
   <div class='ocr_carea' id='block_1_88' title="bbox 570 4502 2154 4608">
    <p class='ocr_par' dir='ltr' id='par_1_88' title="bbox 570 4529 2147 4603">
     <span class='ocr_line' id='line_1_88' title="bbox 570 4529 2147 4603; baseline 0.001 -19"><span class='ocrx_word' id='word_1_559' title='bbox 570 4548 675 4600; x_wconf 91' lang='lat' dir='ltr'><strong>que</strong></span> <span class='ocrx_word' id='word_1_560' title='bbox 719 4533 861 4587; x_wconf 93' lang='lat' dir='ltr'><strong>enim</strong></span> <span class='ocrx_word' id='word_1_561' title='bbox 915 4533 1052 4603; x_wconf 90' lang='lat' dir='ltr'><strong>ignis</strong></span> <span class='ocrx_word' id='word_1_562' title='bbox 1092 4541 1186 4587; x_wconf 90' lang='lat' dir='ltr'><strong>aut</strong></span> <span class='ocrx_word' id='word_1_563' title='bbox 1231 4529 1463 4596; x_wconf 82' lang='lat' dir='ltr'><strong>ferrum,</strong></span> <span class='ocrx_word' id='word_1_564' title='bbox 1523 4546 1629 4586; x_wconf 92' lang='lat' dir='ltr'><strong>non</strong></span> <span class='ocrx_word' id='word_1_565' title='bbox 1677 4531 1953 4586; x_wconf 85' lang='lat' dir='ltr'><strong>clavorum</strong></span> <span class='ocrx_word' id='word_1_566' title='bbox 1999 4530 2147 4585; x_wconf 75' lang='lat' dir='ltr'><strong>sutil-</strong></span> 
     </span>
    </p>
   </div>
   <div class='ocr_carea' id='block_1_89' title="bbox 2259 4502 3817 4608">
    <p class='ocr_par' dir='ltr' id='par_1_89' title="bbox 2259 4528 3817 4608">
     <span class='ocr_line' id='line_1_89' title="bbox 2259 4528 3817 4608; baseline 0.003 -23"><span class='ocrx_word' id='word_1_567' title='bbox 2259 4533 2413 4604; x_wconf 81' lang='grc' dir='ltr'>ξένην</span> <span class='ocrx_word' id='word_1_568' title='bbox 2466 4533 2584 4586; x_wconf 80' lang='grc' dir='ltr'>τινὰ</span> <span class='ocrx_word' id='word_1_569' title='bbox 2633 4533 2855 4587; x_wconf 83' lang='grc' dir='ltr'>κόλασιν</span> <span class='ocrx_word' id='word_1_570' title='bbox 2900 4535 3063 4598; x_wconf 81' lang='grc' dir='ltr'>αὐτὸς</span> <span class='ocrx_word' id='word_1_571' title='bbox 3101 4528 3384 4608; x_wconf 61' lang='grc' dir='ltr'>ἐφευρὼν,</span> <span class='ocrx_word' id='word_1_572' title='bbox 3425 4535 3496 4589; x_wconf 84' lang='grc' dir='ltr'>τὰ</span> <span class='ocrx_word' id='word_1_573' title='bbox 3536 4535 3630 4590; x_wconf 77' lang='grc' dir='ltr'>τοῦ</span> <span class='ocrx_word' id='word_1_574' title='bbox 3659 4529 3817 4604; x_wconf 64' lang='grc' dir='ltr'><strong>φωτά</strong></span> 
     </span>
    </p>
   </div>
   <div class='ocr_carea' id='block_1_90' title="bbox 571 4622 2148 4689">
    <p class='ocr_par' dir='ltr' id='par_1_90' title="bbox 571 4622 2148 4689">
     <span class='ocr_line' id='line_1_90' title="bbox 571 4622 2148 4689; baseline -0.001 -10"><span class='ocrx_word' id='word_1_575' title='bbox 571 4629 784 4687; x_wconf 75' lang='lat' dir='ltr'><strong>xiunes.</strong></span> <span class='ocrx_word' id='word_1_576' title='bbox 817 4641 922 4679; x_wconf 90' lang='lat' dir='ltr'><strong>non</strong></span> <span class='ocrx_word' id='word_1_577' title='bbox 967 4627 1269 4680; x_wconf 89' lang='lat' dir='ltr'><strong>bestiarum</strong></span> <span class='ocrx_word' id='word_1_578' title='bbox 1307 4623 1590 4689; x_wconf 77' lang='lat' dir='ltr'><strong>.laniatus,</strong></span> <span class='ocrx_word' id='word_1_579' title='bbox 1631 4638 1732 4678; x_wconf 90' lang='lat' dir='ltr'><strong>nec</strong></span> <span class='ocrx_word' id='word_1_580' title='bbox 1775 4623 1945 4678; x_wconf 89' lang='lat' dir='ltr'><strong>maris</strong></span> <span class='ocrx_word' id='word_1_581' title='bbox 1993 4622 2148 4678; x_wconf 87' lang='lat' dir='ltr'><strong>altis-</strong></span> 
     </span>
    </p>
   </div>
   <div class='ocr_carea' id='block_1_91' title="bbox 555 4712 2148 4788">
    <p class='ocr_par' dir='ltr' id='par_1_91' title="bbox 555 4712 2148 4788">
     <span class='ocr_line' id='line_1_91' title="bbox 555 4712 2148 4788; baseline -0.003 -16"><span class='ocrx_word' id='word_1_582' title='bbox 555 4719 689 4772; x_wconf 84' lang='lat' dir='ltr'><strong>simi</strong></span> <span class='ocrx_word' id='word_1_583' title='bbox 720 4719 957 4788; x_wconf 78' lang='lat' dir='ltr'><strong>gurgites</strong></span> <span class='ocrx_word' id='word_1_584' title='bbox 991 4717 1040 4772; x_wconf 91' lang='lat' dir='ltr'><strong>ei</strong></span> <span class='ocrx_word' id='word_1_585' title='bbox 1069 4715 1418 4772; x_wconf 74' lang='lat' dir='ltr'><strong>suilecerunt.</strong></span> <span class='ocrx_word' id='word_1_586' title='bbox 1452 4715 1558 4769; x_wconf 91' lang='lat' dir='ltr'><strong>Sed</strong></span> <span class='ocrx_word' id='word_1_587' title='bbox 1599 4712 1766 4787; x_wconf 71' lang='grc'><strong>438</strong></span> <span class='ocrx_word' id='word_1_588' title='bbox 1802 4721 2001 4785; x_wconf 67' lang='lat' dir='ltr'><strong>praeter</strong></span> <span class='ocrx_word' id='word_1_589' title='bbox 2032 4714 2148 4770; x_wconf 71' lang='lat' dir='ltr'><strong>haec</strong></span> 
     </span>
    </p>
   </div>
   <div class='ocr_carea' id='block_1_92' title="bbox 567 4807 2147 4880">
    <p class='ocr_par' dir='ltr' id='par_1_92' title="bbox 567 4807 2147 4880">
     <span class='ocr_line' id='line_1_92' title="bbox 567 4807 2147 4880; baseline -0.003 -14"><span class='ocrx_word' id='word_1_590' title='bbox 567 4811 752 4866; x_wconf 87' lang='lat' dir='ltr'><strong>omnia</strong></span> <span class='ocrx_word' id='word_1_591' title='bbox 802 4825 1000 4865; x_wconf 88' lang='lat' dir='ltr'><strong>novum</strong></span> <span class='ocrx_word' id='word_1_592' title='bbox 1032 4810 1306 4880; x_wconf 89' lang='lat' dir='ltr'><strong>quoddam</strong></span> <span class='ocrx_word' id='word_1_593' title='bbox 1351 4808 1600 4879; x_wconf 88' lang='lat' dir='ltr'><strong>supplicii</strong></span> <span class='ocrx_word' id='word_1_594' title='bbox 1636 4824 1809 4878; x_wconf 83' lang='lat' dir='ltr'><strong>genus</strong></span> <span class='ocrx_word' id='word_1_595' title='bbox 1847 4807 1962 4877; x_wconf 84' lang='lat' dir='ltr'><strong>ipse</strong></span> <span class='ocrx_word' id='word_1_596' title='bbox 1992 4823 2147 4863; x_wconf 92' lang='lat' dir='ltr'><strong>com-</strong></span> 
     </span>
    </p>
   </div>
   <div class='ocr_carea' id='block_1_93' title="bbox 481 4901 2145 4979">
    <p class='ocr_par' dir='ltr' id='par_1_93' title="bbox 481 4901 2145 4979">
     <span class='ocr_line' id='line_1_93' title="bbox 481 4901 2145 4979; baseline -0.004 -19"><span class='ocrx_word' id='word_1_597' title='bbox 481 4972 487 4979; x_wconf 32' lang='lat'>.</span> <span class='ocrx_word' id='word_1_598' title='bbox 567 4911 802 4966; x_wconf 76' lang='lat' dir='ltr'><strong>menius.</strong></span> <span class='ocrx_word' id='word_1_599' title='bbox 835 4901 1080 4957; x_wconf 89' lang='lat' dir='ltr'><strong>membra</strong></span> <span class='ocrx_word' id='word_1_600' title='bbox 1127 4902 1324 4972; x_wconf 92' lang='lat' dir='ltr'><strong>quibus</strong></span> <span class='ocrx_word' id='word_1_601' title='bbox 1353 4901 1494 4957; x_wconf 92' lang='lat' dir='ltr'><strong>lucis</strong></span> <span class='ocrx_word' id='word_1_602' title='bbox 1534 4916 1758 4956; x_wconf 90' lang='lat' dir='ltr'><strong>usuram</strong></span> <span class='ocrx_word' id='word_1_603' title='bbox 1795 4901 2145 4971; x_wconf 84' lang='lat' dir='ltr'><strong>percipimus,</strong></span> 
     </span>
    </p>
   </div>
   <div class='ocr_carea' id='block_1_94' title="bbox 567 4993 2144 5066">
    <p class='ocr_par' dir='ltr' id='par_1_94' title="bbox 567 4993 2144 5066">
     <span class='ocr_line' id='line_1_94' title="bbox 567 4993 2144 5066; baseline -0.003 -14"><span class='ocrx_word' id='word_1_604' title='bbox 567 4996 808 5054; x_wconf 88' lang='lat' dir='ltr'><strong>mutilari</strong></span> <span class='ocrx_word' id='word_1_605' title='bbox 856 4997 970 5066; x_wconf 80' lang='lat' dir='ltr'><strong>lege</strong></span> <span class='ocrx_word' id='word_1_606' title='bbox 1022 4994 1128 5049; x_wconf 88' lang='lat' dir='ltr'><strong>lata</strong></span> <span class='ocrx_word' id='word_1_607' title='bbox 1183 4995 1458 5064; x_wconf 63' lang='lat' dir='ltr'><strong>praecepit.</strong></span> <span class='ocrx_word' id='word_1_608' title='bbox 1529 4993 1732 5050; x_wconf 89' lang='lat' dir='ltr'><strong>Statim</strong></span> <span class='ocrx_word' id='word_1_609' title='bbox 1797 4995 1964 5064; x_wconf 78' lang='lat' dir='ltr'><strong>igitur</strong></span> <span class='ocrx_word' id='word_1_610' title='bbox 2011 5010 2144 5049; x_wconf 87' lang='lat' dir='ltr'><strong>con-</strong></span> 
     </span>
    </p>
   </div>
   <div class='ocr_carea' id='block_1_95' title="bbox 554 5087 2134 5162">
    <p class='ocr_par' dir='ltr' id='par_1_95' title="bbox 554 5087 2134 5162">
     <span class='ocr_line' id='line_1_95' title="bbox 554 5087 2134 5162; baseline -0.003 -18"><span class='ocrx_word' id='word_1_611' title='bbox 554 5091 703 5146; x_wconf 65' lang='lat' dir='ltr'><strong>ferta</strong></span> <span class='ocrx_word' id='word_1_612' title='bbox 751 5090 968 5162; x_wconf 84' lang='lat' dir='ltr'><strong>agmina</strong></span> <span class='ocrx_word' id='word_1_613' title='bbox 1030 5104 1136 5145; x_wconf 88' lang='lat' dir='ltr'><strong>non</strong></span> <span class='ocrx_word' id='word_1_614' title='bbox 1191 5089 1428 5144; x_wconf 84' lang='lat' dir='ltr'><strong>virorum</strong></span> <span class='ocrx_word' id='word_1_615' title='bbox 1482 5089 1677 5153; x_wconf 88' lang='lat' dir='ltr'><strong>modo,</strong></span> <span class='ocrx_word' id='word_1_616' title='bbox 1729 5101 1917 5142; x_wconf 89' lang='lat' dir='ltr'><strong>verum</strong></span> <span class='ocrx_word' id='word_1_617' title='bbox 1969 5087 2134 5142; x_wconf 82' lang='lat' dir='ltr'><strong>etiam</strong></span> 
     </span>
    </p>
   </div>
   <div class='ocr_carea' id='block_1_96' title="bbox 638 5292 2137 5374">
    <p class='ocr_par' dir='ltr' id='par_1_96' title="bbox 638 5292 2137 5374">
     <span class='ocr_line' id='line_1_96' title="bbox 638 5292 2137 5374; baseline -0.007 -18"><span class='ocrx_word' id='word_1_618' title='bbox 638 5301 750 5374; x_wconf 70' lang='lat'><strong>(20)</strong></span> <span class='ocrx_word' id='word_1_619' title='bbox 791 5296 1242 5374; x_wconf 77' lang='grc' dir='ltr'>Πρωτοστάτην.</span> <span class='ocrx_word' id='word_1_620' title='bbox 1263 5295 1538 5374; x_wconf 76' lang='lat' dir='ltr'><strong>Galerium</strong></span> <span class='ocrx_word' id='word_1_621' title='bbox 1571 5293 1960 5374; x_wconf 66' lang='lat' dir='ltr'><strong>Maximianum</strong></span> <span class='ocrx_word' id='word_1_622' title='bbox 1990 5292 2137 5348; x_wconf 84' lang='lat' dir='ltr'><strong>intel-</strong></span> 
     </span>
    </p>
   </div>
   <div class='ocr_carea' id='block_1_97' title="bbox 568 5365 2140 5442">
    <p class='ocr_par' dir='ltr' id='par_1_97' title="bbox 568 5365 2140 5442">
     <span class='ocr_line' id='line_1_97' title="bbox 568 5365 2140 5442; baseline -0.007 -16"><span class='ocrx_word' id='word_1_623' title='bbox 568 5365 852 5442; x_wconf 66' lang='lat' dir='ltr'><strong>ligit,&#39;qui</strong></span> <span class='ocrx_word' id='word_1_624' title='bbox 889 5371 1095 5437; x_wconf 82' lang='lat' dir='ltr'><strong>primus</strong></span> <span class='ocrx_word' id='word_1_625' title='bbox 1134 5365 1324 5423; x_wconf 85' lang='lat' dir='ltr'><strong>auctor</strong></span> <span class='ocrx_word' id='word_1_626' title='bbox 1363 5365 1568 5442; x_wconf 60' lang='lat' dir='ltr'><strong>{uitae</strong></span> <span class='ocrx_word' id='word_1_627' title='bbox 1606 5365 1832 5442; x_wconf 77' lang='lat' dir='ltr'><strong>signifer</strong></span> <span class='ocrx_word' id='word_1_628' title='bbox 1883 5380 2140 5442; x_wconf 69' lang='lat' dir='ltr'><strong>persecu-</strong></span> 
     </span>
    </p>
   </div>
   <div class='ocr_carea' id='block_1_98' title="bbox 570 5435 2133 5500">
    <p class='ocr_par' dir='ltr' id='par_1_98' title="bbox 570 5435 2133 5500">
     <span class='ocr_line' id='line_1_98' title="bbox 570 5435 2133 5500; baseline -0.007 0"><span class='ocrx_word' id='word_1_629' title='bbox 570 5435 733 5500; x_wconf 74' lang='lat' dir='ltr'><strong>tionis</strong></span> <span class='ocrx_word' id='word_1_630' title='bbox 777 5435 1242 5500; x_wconf 84' lang='lat' dir='ltr'><strong>Christianorum,</strong></span> <span class='ocrx_word' id='word_1_631' title='bbox 1286 5447 1346 5490; x_wconf 89' lang='lat' dir='ltr'><strong>ut</strong></span> <span class='ocrx_word' id='word_1_632' title='bbox 1392 5435 1584 5490; x_wconf 77' lang='lat' dir='ltr'><strong>scribit</strong></span> <span class='ocrx_word' id='word_1_633' title='bbox 1634 5436 1900 5490; x_wconf 79' lang='lat' dir='ltr'><strong>Eusebius</strong></span> <span class='ocrx_word' id='word_1_634' title='bbox 1933 5437 1986 5489; x_wconf 90' lang='lat' dir='ltr'><strong>in</strong></span> <span class='ocrx_word' id='word_1_635' title='bbox 2038 5436 2133 5490; x_wconf 76' lang='lat' dir='ltr'><strong>liii.</strong></span> 
     </span>
    </p>
   </div>
   <div class='ocr_carea' id='block_1_99' title="bbox 571 5505 2136 5571">
    <p class='ocr_par' dir='ltr' id='par_1_99' title="bbox 571 5505 2136 5571">
     <span class='ocr_line' id='line_1_99' title="bbox 571 5505 2136 5571; baseline -0.004 -5"><span class='ocrx_word' id='word_1_636' title='bbox 571 5529 691 5571; x_wconf 87' lang='lat' dir='ltr'><strong>vttt.</strong></span> <span class='ocrx_word' id='word_1_637' title='bbox 724 5511 1004 5567; x_wconf 86' lang='lat' dir='ltr'><strong>Cedrenus</strong></span> <span class='ocrx_word' id='word_1_638' title='bbox 1053 5508 1242 5563; x_wconf 89' lang='lat' dir='ltr'><strong>scribit</strong></span> <span class='ocrx_word' id='word_1_639' title='bbox 1273 5505 1660 5560; x_wconf 78' lang='lat' dir='ltr'><strong>Maxitnianum</strong></span> <span class='ocrx_word' id='word_1_640' title='bbox 1712 5520 1856 5559; x_wconf 91' lang='lat' dir='ltr'><strong>anno</strong></span> <span class='ocrx_word' id='word_1_641' title='bbox 1898 5506 1965 5560; x_wconf 79' lang='grc'><strong>18</strong></span> <span class='ocrx_word' id='word_1_642' title='bbox 2009 5507 2136 5560; x_wconf 88' lang='lat' dir='ltr'><strong>Dio-</strong></span> 
     </span>
    </p>
   </div>
   <div class='ocr_carea' id='block_1_100' title="bbox 571 5573 2134 5653">
    <p class='ocr_par' dir='ltr' id='par_1_100' title="bbox 571 5573 2134 5653">
     <span class='ocr_line' id='line_1_100' title="bbox 571 5573 2134 5653; baseline -0.007 -12"><span class='ocrx_word' id='word_1_643' title='bbox 571 5585 788 5641; x_wconf 84' lang='lat' dir='ltr'><strong>cletiani</strong></span> <span class='ocrx_word' id='word_1_644' title='bbox 825 5581 1256 5653; x_wconf 65' lang='lat' dir='ltr'><strong>persecutionem</strong></span> <span class='ocrx_word' id='word_1_645' title='bbox 1299 5578 1560 5653; x_wconf 75' lang='lat' dir='ltr'><strong>adversus</strong></span> <span class='ocrx_word' id='word_1_646' title='bbox 1590 5573 1938 5653; x_wconf 73' lang='lat' dir='ltr'><strong>Christianos</strong></span> <span class='ocrx_word' id='word_1_647' title='bbox 1981 5576 2134 5653; x_wconf 74' lang='lat' dir='ltr'><strong>exci-</strong></span> 
     </span>
    </p>
   </div>
   <div class='ocr_carea' id='block_1_101' title="bbox 573 5646 2186 5716">
    <p class='ocr_par' dir='ltr' id='par_1_101' title="bbox 573 5646 2186 5716">
     <span class='ocr_line' id='line_1_101' title="bbox 573 5646 2186 5716; baseline -0.006 -6"><span class='ocrx_word' id='word_1_648' title='bbox 573 5666 754 5715; x_wconf 86' lang='lat' dir='ltr'><strong>tasse.</strong></span> <span class='ocrx_word' id='word_1_649' title='bbox 803 5646 965 5708; x_wconf 77' lang='lat' dir='ltr'><strong>suasu</strong></span> <span class='ocrx_word' id='word_1_650' title='bbox 1017 5649 1312 5704; x_wconf 82' lang='lat' dir='ltr'><strong>Theotecni</strong></span> <span class='ocrx_word' id='word_1_651' title='bbox 1366 5647 1644 5716; x_wconf 81' lang='lat' dir='ltr'><strong>cujusdam</strong></span> <span class='ocrx_word' id='word_1_652' title='bbox 1703 5646 2132 5716; x_wconf 63' lang='lat' dir='ltr'><strong>priestigiatoris.</strong></span> <span class='ocrx_word' id='word_1_653' title='bbox 2178 5693 2186 5700; x_wconf 97' lang='lat'><strong>.</strong></span> 
     </span>
    </p>
   </div>
   <div class='ocr_carea' id='block_1_102' title="bbox 572 5716 2137 5793">
    <p class='ocr_par' dir='ltr' id='par_1_102' title="bbox 572 5716 2137 5793">
     <span class='ocr_line' id='line_1_102' title="bbox 572 5716 2137 5793; baseline -0.003 -17"><span class='ocrx_word' id='word_1_654' title='bbox 572 5726 673 5793; x_wconf 82' lang='lat' dir='ltr'><strong>Qui</strong></span> <span class='ocrx_word' id='word_1_655' title='bbox 722 5739 847 5779; x_wconf 91' lang='lat' dir='ltr'><strong>cum</strong></span> <span class='ocrx_word' id='word_1_656' title='bbox 898 5724 1034 5776; x_wconf 85' lang='lat' dir='ltr'><strong>Acta</strong></span> <span class='ocrx_word' id='word_1_657' title='bbox 1085 5719 1244 5793; x_wconf 79' lang='lat' dir='ltr'><strong>Pilati</strong></span> <span class='ocrx_word' id='word_1_658' title='bbox 1299 5717 1459 5793; x_wconf 61' lang='lat' dir='ltr'><strong>plena</strong></span> <span class='ocrx_word' id='word_1_659' title='bbox 1504 5716 1815 5793; x_wconf 70' lang='lat' dir='ltr'><strong>impietatis</strong></span> <span class='ocrx_word' id='word_1_660' title='bbox 1873 5717 2137 5793; x_wconf 79' lang='lat' dir='ltr'><strong>adversus</strong></span> 
     </span>
    </p>
   </div>
   <div class='ocr_carea' id='block_1_103' title="bbox 571 5786 2195 5863">
    <p class='ocr_par' dir='ltr' id='par_1_103' title="bbox 571 5786 2195 5863">
     <span class='ocr_line' id='line_1_103' title="bbox 571 5786 2195 5863; baseline -0.006 -13"><span class='ocrx_word' id='word_1_661' title='bbox 571 5786 847 5851; x_wconf 71' lang='lat' dir='ltr'><strong>Christum</strong></span> <span class='ocrx_word' id='word_1_662' title='bbox 890 5786 1586 5863; x_wconf 50' lang='lat' dir='ltr'><strong>cornposuisset,_§alerius</strong></span> <span class='ocrx_word' id='word_1_663' title='bbox 1624 5787 1802 5863; x_wconf 75' lang='lat' dir='ltr'><strong>edicto</strong></span> <span class='ocrx_word' id='word_1_664' title='bbox 1846 5789 2046 5863; x_wconf 61' lang='lat' dir='ltr'><strong>sanxit,</strong></span> <span class='ocrx_word' id='word_1_665' title='bbox 2079 5798 2136 5841; x_wconf 90' lang='lat' dir='ltr'><strong>ut</strong></span> <span class='ocrx_word' id='word_1_666' title='bbox 2171 5836 2195 5860; x_wconf 17' lang='grc' dir='ltr'><strong>ρ</strong></span> 
     </span>
    </p>
   </div>
   <div class='ocr_carea' id='block_1_104' title="bbox 460 5851 2132 5928">
    <p class='ocr_par' dir='ltr' id='par_1_104' title="bbox 460 5851 2132 5928">
     <span class='ocr_line' id='line_1_104' title="bbox 460 5851 2132 5928; baseline -0.004 -7"><span class='ocrx_word' id='word_1_667' title='bbox 460 5851 474 5897; x_wconf 70' lang='grc' dir='ltr'>έ</span> <span class='ocrx_word' id='word_1_668' title='bbox 565 5865 818 5928; x_wconf 68' lang='lat' dir='ltr'><strong>nnagistri</strong></span> <span class='ocrx_word' id='word_1_669' title='bbox 842 5879 911 5920; x_wconf 86' lang='lat' dir='ltr'><strong>ea</strong></span> <span class='ocrx_word' id='word_1_670' title='bbox 957 5851 1566 5919; x_wconf 55' lang='lat' dir='ltr'><strong>memoriter&#39;discenda</strong></span> <span class='ocrx_word' id='word_1_671' title='bbox 1611 5857 1798 5928; x_wconf 89' lang='lat' dir='ltr'><strong>pueris</strong></span> <span class='ocrx_word' id='word_1_672' title='bbox 1838 5856 2132 5914; x_wconf 86' lang='lat' dir='ltr'><strong>traderent.</strong></span> 
     </span>
    </p>
   </div>
   <div class='ocr_carea' id='block_1_105' title="bbox 2254 4623 3817 4702">
    <p class='ocr_par' dir='ltr' id='par_1_105' title="bbox 2254 4623 3817 4702">
     <span class='ocr_line' id='line_1_105' title="bbox 2254 4623 3817 4702; baseline 0 -24"><span class='ocrx_word' id='word_1_673' title='bbox 2254 4625 2586 4698; x_wconf 81' lang='grc' dir='ltr'>αἰσθητήρια</span> <span class='ocrx_word' id='word_1_674' title='bbox 2612 4625 2968 4698; x_wconf 79' lang='grc' dir='ltr'>λυμαίνεσθαι</span> <span class='ocrx_word' id='word_1_675' title='bbox 2993 4627 3103 4680; x_wconf 85' lang='grc' dir='ltr'>δεῖν</span> <span class='ocrx_word' id='word_1_676' title='bbox 3129 4628 3455 4699; x_wconf 77' lang='grc' dir='ltr'>ἐνομοθέτει.</span> <span class='ocrx_word' id='word_1_677' title='bbox 3487 4628 3677 4702; x_wconf 78' lang='grc' dir='ltr'>Ἀθρόα</span> <span class='ocrx_word' id='word_1_678' title='bbox 3698 4623 3817 4694; x_wconf 78' lang='grc' dir='ltr'>δῆτα</span> 
     </span>
    </p>
   </div>
   <div class='ocr_carea' id='block_1_106' title="bbox 2259 4717 3813 4791">
    <p class='ocr_par' dir='ltr' id='par_1_106' title="bbox 2259 4717 3813 4791">
     <span class='ocr_line' id='line_1_106' title="bbox 2259 4717 3813 4791; baseline -0.003 -19"><span class='ocrx_word' id='word_1_679' title='bbox 2259 4718 2436 4790; x_wconf 86' lang='grc' dir='ltr'>πλήθη</span> <span class='ocrx_word' id='word_1_680' title='bbox 2469 4719 2568 4772; x_wconf 81' lang='grc' dir='ltr'><strong>οὐκ</strong></span> <span class='ocrx_word' id='word_1_681' title='bbox 2600 4717 2815 4791; x_wconf 81' lang='grc' dir='ltr'>ἀνδρῶν</span> <span class='ocrx_word' id='word_1_682' title='bbox 2853 4719 3032 4790; x_wconf 88' lang='grc' dir='ltr'>μόνον,</span> <span class='ocrx_word' id='word_1_683' title='bbox 3068 4718 3203 4773; x_wconf 78' lang='grc' dir='ltr'>ἀλλὰ</span> <span class='ocrx_word' id='word_1_684' title='bbox 3229 4721 3322 4773; x_wconf 76' lang='grc' dir='ltr'><strong>καὶ</strong></span> <span class='ocrx_word' id='word_1_685' title='bbox 3358 4719 3564 4775; x_wconf 83' lang='grc' dir='ltr'>παίδων</span> <span class='ocrx_word' id='word_1_686' title='bbox 3602 4717 3690 4772; x_wconf 71' lang='grc' dir='ltr'>καὶ</span> <span class='ocrx_word' id='word_1_687' title='bbox 3725 4730 3813 4782; x_wconf 62' lang='grc' dir='ltr'><strong>γυ·</strong></span> 
     </span>
    </p>
   </div>
   <div class='ocr_carea' id='block_1_107' title="bbox 2255 4807 3817 4882">
    <p class='ocr_par' dir='ltr' id='par_1_107' title="bbox 2255 4807 3817 4882">
     <span class='ocr_line' id='line_1_107' title="bbox 2255 4807 3817 4882; baseline 0.002 -18"><span class='ocrx_word' id='word_1_688' title='bbox 2255 4809 2477 4874; x_wconf 87' lang='grc' dir='ltr'>ναικῶν,</span> <span class='ocrx_word' id='word_1_689' title='bbox 2508 4809 2728 4882; x_wconf 85' lang='grc' dir='ltr'>ὁράσεις</span> <span class='ocrx_word' id='word_1_690' title='bbox 2754 4810 2943 4876; x_wconf 82' lang='grc' dir='ltr'>δεξιῶν</span> <span class='ocrx_word' id='word_1_691' title='bbox 2969 4812 3287 4882; x_wconf 69' lang='grc' dir='ltr'>ὀφθαλμῶν,</span> <span class='ocrx_word' id='word_1_692' title='bbox 3321 4812 3497 4867; x_wconf 88' lang='grc' dir='ltr'>ποδῶν</span> <span class='ocrx_word' id='word_1_693' title='bbox 3522 4813 3572 4866; x_wconf 81' lang='grc' dir='ltr'>τ’</span> <span class='ocrx_word' id='word_1_694' title='bbox 3597 4807 3817 4881; x_wconf 72' lang='grc' dir='ltr'>ἀγκύλας</span> 
     </span>
    </p>
   </div>
   <div class='ocr_carea' id='block_1_108' title="bbox 2259 4896 3811 4976">
    <p class='ocr_par' dir='ltr' id='par_1_108' title="bbox 2259 4896 3811 4976">
     <span class='ocr_line' id='line_1_108' title="bbox 2259 4896 3811 4976; baseline -0.005 -22"><span class='ocrx_word' id='word_1_695' title='bbox 2259 4900 2461 4973; x_wconf 85' lang='grc' dir='ltr'>σιδήρῳ</span> <span class='ocrx_word' id='word_1_696' title='bbox 2489 4902 2585 4955; x_wconf 73' lang='grc' dir='ltr'><strong>καὶ</strong></span> <span class='ocrx_word' id='word_1_697' title='bbox 2627 4902 2930 4974; x_wconf 85' lang='grc' dir='ltr'>καυτῆρσιν</span> <span class='ocrx_word' id='word_1_698' title='bbox 2964 4903 3348 4975; x_wconf 85' lang='grc' dir='ltr'>ἀχρειούμενα,</span> <span class='ocrx_word' id='word_1_699' title='bbox 3375 4896 3811 4976; x_wconf 85' lang='grc' dir='ltr'>ταλαιπωρεῖσθαι</span> 
     </span>
    </p>
   </div>
   <div class='ocr_carea' id='block_1_109' title="bbox 2263 4988 3813 5066">
    <p class='ocr_par' dir='ltr' id='par_1_109' title="bbox 2263 4988 3813 5066">
     <span class='ocr_line' id='line_1_109' title="bbox 2263 4988 3813 5066; baseline 0.001 -19"><span class='ocrx_word' id='word_1_700' title='bbox 2263 4993 2547 5066; x_wconf 85' lang='grc' dir='ltr'>μετάλλοις</span> <span class='ocrx_word' id='word_1_701' title='bbox 2575 4995 2911 5066; x_wconf 86' lang='grc' dir='ltr'>παρεδίδοτο.</span> <span class='ocrx_word' id='word_1_702' title='bbox 2936 4989 3036 5048; x_wconf 81' lang='grc' dir='ltr'>Ὧν</span> <span class='ocrx_word' id='word_1_703' title='bbox 3072 4995 3255 5060; x_wconf 71' lang='grc' dir='ltr'>ἕνεκα,</span> <span class='ocrx_word' id='word_1_704' title='bbox 3299 4995 3394 5049; x_wconf 66' lang='grc' dir='ltr'><strong>κα)⁸</strong></span> <span class='ocrx_word' id='word_1_705' title='bbox 3421 4996 3609 5050; x_wconf 76' lang='grc' dir='ltr'>τοῦτον</span> <span class='ocrx_word' id='word_1_706' title='bbox 3632 4994 3723 5047; x_wconf 76' lang='grc' dir='ltr'><strong>οὐκ</strong></span> <span class='ocrx_word' id='word_1_707' title='bbox 3745 4988 3813 5049; x_wconf 79' lang='grc' dir='ltr'><strong>εἰς</strong></span> 
     </span>
    </p>
   </div>
   <div class='ocr_carea' id='block_1_110' title="bbox 2266 5079 3812 5161">
    <p class='ocr_par' dir='ltr' id='par_1_110' title="bbox 2266 5079 3812 5161">
     <span class='ocr_line' id='line_1_110' title="bbox 2266 5079 3812 5161; baseline -0.005 -21"><span class='ocrx_word' id='word_1_708' title='bbox 2266 5085 2480 5158; x_wconf 72' lang='grc' dir='ltr'>μακρὰν</span> <span class='ocrx_word' id='word_1_709' title='bbox 2507 5087 2540 5158; x_wconf 79' lang='grc' dir='ltr'>ἡ</span> <span class='ocrx_word' id='word_1_710' title='bbox 2572 5087 2665 5141; x_wconf 77' lang='grc' dir='ltr'>τοῦ</span> <span class='ocrx_word' id='word_1_711' title='bbox 2701 5087 2836 5141; x_wconf 78' lang='grc' dir='ltr'>Θεοῦ</span> <span class='ocrx_word' id='word_1_712' title='bbox 2871 5088 3237 5160; x_wconf 86' lang='grc' dir='ltr'>δικαιοκρισία</span> <span class='ocrx_word' id='word_1_713' title='bbox 3271 5089 3492 5161; x_wconf 80' lang='grc' dir='ltr'>μετῄει·</span> <span class='ocrx_word' id='word_1_714' title='bbox 3539 5090 3625 5143; x_wconf 83' lang='grc' dir='ltr'>ὅτε</span> <span class='ocrx_word' id='word_1_715' title='bbox 3647 5079 3812 5154; x_wconf 77' lang='grc' dir='ltr'>δαιμό-</span> 
     </span>
    </p>
   </div>
   <div class='ocr_carea' id='block_1_111' title="bbox 2249 5293 3807 5350">
    <p class='ocr_par' dir='ltr' id='par_1_111' title="bbox 2249 5293 3807 5350">
     <span class='ocr_line' id='line_1_111' title="bbox 2249 5293 3807 5350; baseline -0.002 -3"><span class='ocrx_word' id='word_1_716' title='bbox 2249 5293 2359 5350; x_wconf 72' lang='grc' dir='ltr'>δθίι</span> <span class='ocrx_word' id='word_1_717' title='bbox 2410 5308 2570 5348; x_wconf 91' lang='lat' dir='ltr'><strong>nemo</strong></span> <span class='ocrx_word' id='word_1_718' title='bbox 2621 5308 2726 5348; x_wconf 92' lang='lat' dir='ltr'><strong>non</strong></span> <span class='ocrx_word' id='word_1_719' title='bbox 2764 5294 2911 5349; x_wconf 84' lang='lat' dir='ltr'><strong>videt</strong></span> <span class='ocrx_word' id='word_1_720' title='bbox 2953 5293 3258 5349; x_wconf 89' lang='lat' dir='ltr'><strong>Cedrenum</strong></span> <span class='ocrx_word' id='word_1_721' title='bbox 3305 5295 3395 5349; x_wconf 89' lang='lat' dir='ltr'><strong>hic</strong></span> <span class='ocrx_word' id='word_1_722' title='bbox 3442 5294 3631 5348; x_wconf 84' lang='lat' dir='ltr'><strong>falsum</strong></span> <span class='ocrx_word' id='word_1_723' title='bbox 3676 5299 3807 5344; x_wconf 84' lang='lat' dir='ltr'><strong>esse.</strong></span> 
     </span>
    </p>
   </div>
   <div class='ocr_carea' id='block_1_112' title="bbox 2248 5363 3806 5433">
    <p class='ocr_par' dir='ltr' id='par_1_112' title="bbox 2248 5363 3806 5433">
     <span class='ocr_line' id='line_1_112' title="bbox 2248 5363 3806 5433; baseline -0.006 -15"><span class='ocrx_word' id='word_1_724' title='bbox 2248 5365 2340 5433; x_wconf 86' lang='lat' dir='ltr'><strong>qui</strong></span> <span class='ocrx_word' id='word_1_725' title='bbox 2371 5363 2592 5420; x_wconf 81' lang='lat' dir='ltr'><strong>Galerio</strong></span> <span class='ocrx_word' id='word_1_726' title='bbox 2627 5363 2960 5419; x_wconf 79' lang='lat' dir='ltr'><strong>Maximiano</strong></span> <span class='ocrx_word' id='word_1_727' title='bbox 2991 5366 3249 5419; x_wconf 87' lang='lat' dir='ltr'><strong>tribuerit</strong></span> <span class='ocrx_word' id='word_1_728' title='bbox 3279 5365 3332 5419; x_wconf 88' lang='lat' dir='ltr'><strong>id</strong></span> <span class='ocrx_word' id='word_1_729' title='bbox 3361 5367 3504 5433; x_wconf 89' lang='lat' dir='ltr'><strong>quod</strong></span> <span class='ocrx_word' id='word_1_730' title='bbox 3529 5365 3617 5417; x_wconf 86' lang='lat' dir='ltr'><strong>diu</strong></span> <span class='ocrx_word' id='word_1_731' title='bbox 3645 5369 3806 5432; x_wconf 80' lang='lat' dir='ltr'><strong>postea</strong></span> 
     </span>
    </p>
   </div>
   <div class='ocr_carea' id='block_1_113' title="bbox 2248 5434 3807 5502">
    <p class='ocr_par' dir='ltr' id='par_1_113' title="bbox 2248 5434 3807 5502">
     <span class='ocr_line' id='line_1_113' title="bbox 2248 5434 3807 5502; baseline -0.001 -15"><span class='ocrx_word' id='word_1_732' title='bbox 2248 5444 2459 5502; x_wconf 77' lang='lat' dir='ltr'><strong>gestum</strong></span> <span class='ocrx_word' id='word_1_733' title='bbox 2499 5445 2580 5490; x_wconf 91' lang='lat' dir='ltr'><strong>est</strong></span> <span class='ocrx_word' id='word_1_734' title='bbox 2613 5450 2643 5488; x_wconf 91' lang='lat' dir='ltr'><strong>a</strong></span> <span class='ocrx_word' id='word_1_735' title='bbox 2678 5434 2994 5488; x_wconf 83' lang='lat' dir='ltr'><strong>Maximino.</strong></span> <span class='ocrx_word' id='word_1_736' title='bbox 3026 5435 3126 5490; x_wconf 79' lang='lat' dir='ltr'><strong>Est</strong></span> <span class='ocrx_word' id='word_1_737' title='bbox 3164 5437 3252 5490; x_wconf 86' lang='lat' dir='ltr'><strong>hic</strong></span> <span class='ocrx_word' id='word_1_738' title='bbox 3300 5436 3557 5489; x_wconf 84' lang='lat' dir='ltr'><strong>solemnis</strong></span> <span class='ocrx_word' id='word_1_739' title='bbox 3602 5449 3663 5486; x_wconf 92' lang='lat' dir='ltr'><strong>ac</strong></span> <span class='ocrx_word' id='word_1_740' title='bbox 3703 5441 3807 5496; x_wconf 68' lang='lat' dir='ltr'><strong>per-</strong></span> 
     </span>
    </p>
   </div>
   <div class='ocr_carea' id='block_1_114' title="bbox 2251 5504 3804 5575">
    <p class='ocr_par' dir='ltr' id='par_1_114' title="bbox 2251 5504 3804 5575">
     <span class='ocr_line' id='line_1_114' title="bbox 2251 5504 3804 5575; baseline -0.004 -17"><span class='ocrx_word' id='word_1_741' title='bbox 2251 5506 2494 5575; x_wconf 79' lang='lat' dir='ltr'><strong>vulgatus</strong></span> <span class='ocrx_word' id='word_1_742' title='bbox 2547 5520 2706 5560; x_wconf 88' lang='lat' dir='ltr'><strong>error</strong></span> <span class='ocrx_word' id='word_1_743' title='bbox 2763 5505 3115 5570; x_wconf 68' lang='lat' dir='ltr'><strong>Graecorum,</strong></span> <span class='ocrx_word' id='word_1_744' title='bbox 3163 5515 3221 5560; x_wconf 86' lang='lat' dir='ltr'><strong>ut</strong></span> <span class='ocrx_word' id='word_1_745' title='bbox 3269 5504 3654 5559; x_wconf 84' lang='lat' dir='ltr'><strong>Maximiauum</strong></span> <span class='ocrx_word' id='word_1_746' title='bbox 3701 5509 3804 5552; x_wconf 81' lang='lat' dir='ltr'><strong>Cum</strong></span> 
     </span>
    </p>
   </div>
   <div class='ocr_carea' id='block_1_115' title="bbox 2248 5576 2961 5646">
    <p class='ocr_par' dir='ltr' id='par_1_115' title="bbox 2248 5576 2961 5646">
     <span class='ocr_line' id='line_1_115' title="bbox 2248 5576 2961 5646; baseline 0.001 -16"><span class='ocrx_word' id='word_1_747' title='bbox 2248 5576 2543 5646; x_wconf 79' lang='lat' dir='ltr'><strong>Maximino</strong></span> <span class='ocrx_word' id='word_1_748' title='bbox 2577 5577 2961 5646; x_wconf 83' lang='lat' dir='ltr'><strong>permisceant.</strong></span> 
     </span>
    </p>
   </div>
   <div class='ocr_carea' id='block_1_116' title="bbox 2315 5632 3802 5718">
    <p class='ocr_par' dir='ltr' id='par_1_116' title="bbox 2315 5632 3802 5718">
     <span class='ocr_line' id='line_1_116' title="bbox 2315 5632 3802 5718; baseline -0.003 -18"><span class='ocrx_word' id='word_1_749' title='bbox 2315 5645 2442 5718; x_wconf 64' lang='grc' dir='ltr'><strong>(21)Δ</strong></span> <span class='ocrx_word' id='word_1_750' title='bbox 2471 5632 2620 5718; x_wconf 62' lang='grc' dir='ltr'>οὔτε</span> <span class='ocrx_word' id='word_1_751' title='bbox 2672 5645 2786 5714; x_wconf 78' lang='grc' dir='ltr'><strong>τὴν</strong></span> <span class='ocrx_word' id='word_1_752' title='bbox 2825 5645 2895 5699; x_wconf 83' lang='grc' dir='ltr'>ἐκ</span> <span class='ocrx_word' id='word_1_753' title='bbox 2950 5646 3056 5701; x_wconf 87' lang='grc' dir='ltr'>τοῦ</span> <span class='ocrx_word' id='word_1_754' title='bbox 3103 5646 3385 5718; x_wconf 75' lang='grc' dir='ltr'>δευτέρου</span> <span class='ocrx_word' id='word_1_755' title='bbox 3442 5642 3686 5717; x_wconf 65' lang='grc' dir='ltr'>τιμωρὸν</span> <span class='ocrx_word' id='word_1_756' title='bbox 3729 5632 3802 5718; x_wconf 63' lang='grc' dir='ltr'>ᾇίέ</span> 
     </span>
    </p>
   </div>
   <div class='ocr_carea' id='block_1_117' title="bbox 2245 5715 3802 5787">
    <p class='ocr_par' dir='ltr' id='par_1_117' title="bbox 2245 5715 3802 5787">
     <span class='ocr_line' id='line_1_117' title="bbox 2245 5715 3802 5787; baseline -0.003 -17"><span class='ocrx_word' id='word_1_757' title='bbox 2245 5715 2651 5785; x_wconf 56' lang='lat' dir='ltr'><strong>amr-{Delenda</strong></span> <span class='ocrx_word' id='word_1_758' title='bbox 2704 5726 2800 5787; x_wconf 75' lang='lat' dir='ltr'><strong>est</strong></span> <span class='ocrx_word' id='word_1_759' title='bbox 2828 5718 3160 5786; x_wconf 76' lang='lat' dir='ltr'><strong>prmpositio.</strong></span> <span class='ocrx_word' id='word_1_760' title='bbox 3207 5715 3381 5772; x_wconf 87' lang='lat' dir='ltr'><strong>Porro</strong></span> <span class='ocrx_word' id='word_1_761' title='bbox 3421 5715 3524 5774; x_wconf 72' lang='lat' dir='ltr'><strong>hic</strong></span> <span class='ocrx_word' id='word_1_762' title='bbox 3561 5715 3802 5787; x_wconf 70' lang='lat' dir='ltr'><strong>posterior</strong></span> 
     </span>
    </p>
   </div>
   <div class='ocr_carea' id='block_1_118' title="bbox 2243 5784 3273 5860">
    <p class='ocr_par' dir='ltr' id='par_1_118' title="bbox 2243 5784 3273 5860">
     <span class='ocr_line' id='line_1_118' title="bbox 2243 5784 3273 5860; baseline 0 -16"><span class='ocrx_word' id='word_1_763' title='bbox 2243 5784 2327 5844; x_wconf 89' lang='lat' dir='ltr'><strong>est</strong></span> <span class='ocrx_word' id='word_1_764' title='bbox 2356 5787 2683 5844; x_wconf 82' lang='lat' dir='ltr'><strong>Maximinus</strong></span> <span class='ocrx_word' id='word_1_765' title='bbox 2713 5784 2956 5845; x_wconf 65' lang='lat' dir='ltr'><strong>Orientis</strong></span> <span class='ocrx_word' id='word_1_766' title='bbox 2983 5796 3273 5860; x_wconf 79' lang='lat' dir='ltr'><strong>tyrannus.</strong></span> 
     </span>
    </p>
   </div>
  </div>
