4132 6406
352 361 454 416 977

432 559 593 601 struns
627 549 802 601 eleait.

432 566 593 601 struns
627 566 702 601 οιε
740 566 802 601 ll.

353 616 549 748 XXIX.
587 566 775 672 PItL’gItt
814 618 981 673 Deum
1004 636 1150 677 voces
1188 620 1547 689 Constantini,
1576 634 1625 678 et
1651 625 1769 679 laus
1798 643 1922 680 con-

450 706 706 741 essorum.

450 706 706 741 (SSOTNIII.

353 754 527 835 XXX.
560 757 670 835 Lex
704 760 903 814 solrens
941 762 1124 817 exsilio
1160 774 1207 817 et
1231 764 1402 829 curia,
1433 774 1479 817 et
1510 765 1762 820 bonorum
1799 783 1923 835 pro-

302 836 322 882 }
422 829 723 892 scriptione.

310 908 313 915 '
572 898 707 975 Item
744 916 829 954 eos
854 902 942 970 qui
969 902 1021 975 in
1048 901 1250 975 insulas
1279 915 1429 975 erant
1465 904 1704 975 relegati.

347 967 565 1046 X-XXII.
598 966 734 1046 Item
779 966 875 1046 eos
893 973 983 1039 qui
1010 974 1078 1046 ad
1111 974 1325 1046 metalla
1349 983 1400 1026 et
1429 976 1497 1027 ad
1524 966 1729 1030 publica
1758 993 1917 1046 opera

418 1039 762 1110 ignominiosa
812 1043 1053 1094 damnati
1097 1042 1330 1110 fuerant.

634 1108 712 1182 De
740 1106 1135 1182 confessoribus
1166 1114 1255 1182 qui
1287 1113 1663 1169 militaverant.

347 1176 590 1252 XXXIV.
631 1178 707 1233 Ds
732 1180 797 1252 iis
834 1176 925 1249 qui
964 1184 1034 1233 ad
1078 1176 1345 1252 gynaecea,
1397 1184 1477 1236 vel
1519 1186 1575 1239 in
1614 1189 1914 1240 servitutem

418 1251 532 1301 dati
563 1261 733 1313 erant,
780 1250 1086 1304 liberandis.

346 1317 564 1393 X-XXV.
599 1319 675 1372 De
704 1322 1025 1375 successione
1061 1324 1315 1376 bonorum
1360 1336 1651 1393 martyrum
1694 1342 1741 1379 et
1791 1344 1916 1381 ron-

417 1391 699 1465 fessorum,
734 1403 780 1465 et
815 1407 996 1465 eorum
1031 1394 1117 1462 qui
1145 1393 1376 1465 _relegati
1415 1391 1646 1461 fuerant,
1701 1407 1747 1448 et
1787 1414 1915 1465 quo-

416 1476 533 1510 rum
574 1459 709 1528 bona
750 1462 804 1512 in
848 1459 1051 1528 ﬁscum'
1079 1461 1268 1516 relata.

344 1527 588 1583 XXXVI.
620 1526 687 1581 Ut
716 1526 1078 1597 deﬁcientibus
1116 1534 1354 1597 cognatis
1383 1533 1599 1588 ecclesia
1637 1537 1913 1590 hwredita-

416 1600 748 1670 tenticapiat,
780 1610 934 1669 utque
968 1601 1143 1670 legata
1169 1602 1324 1670 ﬁrma
1352 1615 1617 1657 maneant.

344 1667 608 1723 XXXVII.
652 1667 717 1722 Ut
751 1667 855 1739 qui
881 1667 1182 1740 hujusmodi
1210 1672 1347 1736 loca,
1391 1677 1557 1737 ardes,
1602 1675 1777 1731 hortos
1822 1695 1909 1731 oc—

419 1742 744 1809 cupaverint,
792 1740 1108 1796 restituant:
1132 1744 1357 1809 exceptis
1389 1744 1668 1808 fructibus.

341 1807 934 1884 XXX_V__III.__Qttomodo
963 1828 1121 1884 super
1153 1807 1470 1884 his-libellos
1495 1816 1611 1867 dari
1644 1828 1905 1884 oporteat.

342 1879 684 2001 XXXIIX.”Ut
714 1880 872 1949 ﬁscus
903 1880 1123 1951 fundos,
1171 1882 1308 1936 a'des
1343 1894 1390 1936 et
1444 1885 1625 1939 hortos
1669 1879 1910 1940 restituat

411 1968 495 2001 ρετ
520 1966 660 2001 88118-

411 1966 660 2008 εετιεειιε.

487 2019 557 2093 U_t_
599 2021 856 2092 martyria
889 2030 937 2074 et
981 2021 1277 2093 caemeteria
1322 2022 1555 2076 ecclesiis
1596 2025 1906 2078 reddantur.

339 2090 476 2144 XLI.
514 2089 580 2144 Ut
620 2093 711 2162 qui
743 2089 840 2145 vres
878 2094 1115 2145 ecclesia:
1158 2089 1412 2157 emerunt,
1455 2103 1546 2146 aut
1580 2099 1716 2148 dono
1764 2112 1911 2149 acce-

409 2173 622 2228 perunt,
655 2179 745 2216 eas
789 2162 1091 2215 restituant.

333 2231 497 2286 XLII.
541 2232 743 2287 Sedula
774 2232 1073 2285 exhortatio
1112 2233 1183 2285 ad
1221 2234 1498 2286 colendum
1530 2233 1715 2287 Deum.

332 2302 519 2357 XLIII.
563 2300 835 2367 Quomodo
868 2302 1245 2356 Constantinus
1276 2320 1338 2355 ea
1382 2321 1499 2373 qua:
1538 2304 1737 2373 legibus
1783 2322 1908 2360 san-

406 2382 581 2435 xerat,
614 2373 773 2439 [actis
812 2373 937 2440 ipsis
980 2373 1331 2440 conﬁrmavit.

330 2441 516 2496 XLIV.
554 2444 829 2507 Quomodo
869 2441 1201 2496 Christianos
1260 2444 1329 2495 ad
1382 2445 1633 2514 regendas
1696 2451 1900 2512 prouin-

402 2515 515 2566 cias
546 2514 885 2584 promoverit,
905 2525 951 2567 et
967 2529 1203 2583 paganos
1228 2514 1531 2584 sacriﬁcare
1558 2516 1905 2584 prohibuerit.

329 2581 495 2639 XLV.
531 2582 610 2636 De
645 2584 843 2653 legibus
881 2581 1067 2655 quibus
1112 2581 1377 2651 sacriﬁcia
1417 2581 1624 2707 quidem
1660 2587 1904 2657 prohibe-

405 2658 601 2706 bantur
627 2671 645 2707 :
681 2655 913 2707 ecclesia:
939 2670 1056 2707 vero
1100 2656 1333 2706 construi
1363 2655 1415 2707 iu
1455 2657 1695 2707 ebantur.

405 2658 601 2706 bantur
627 2671 645 2715 ;
681 2655 913 2723 ecclesia:
939 2670 1056 2707 vero
1100 2656 1333 2706 construi
1354 2655 1695 2723 jubebantur.

328 2722 490 2796 “2
508 2723 688 2778 XLVI.
712 2722 952 2793 Epistola
972 2723 1308 2796 Constantini
1322 2730 1388 2779 ad
1407 2724 1692 2780 Eusebium
1710 2736 1758 2780 et
1783 2727 1907 2781 reli-

409 2794 539 2866 quos
601 2796 874 2863 episcopos
919 2797 983 2850 de
1005 2794 1233 2848 ecclesiis
1256 2798 1557 2866 prwsidum
1588 2814 1742 2866 Opera
1768 2800 1901 2851 trdi-

399 2864 661 2932 ﬁcandis,
708 2874 866 2935 utque
922 2874 1134 2919 vetusta:
1176 2864 1483 2932 reﬁciantur
1522 2876 1571 2920 et
1618 2864 1901 2938 ampliores

393 2944 762 2988 exstruuntur.

564 3004 718 3078 Quod
752 3016 937 3059 contra
977 3006 1239 3060 idolorum
1275 3011 1473 3061 cultum
1511 3009 1799 3078 scripserit.

326 3074 558 3149 XLVIII.
584 3076 921 3149 Constantini
944 3078 1167 3131 edictum
1196 3080 1270 3149 ad
1297 3074 1641 3149 provinciales
1671 3081 1736 3134 de
1764 3080 1900 3149 [also

392 3148 537 3227 cultu
573 3150 861 3201 multorum
888 3148 1127 3202 deorum.
1178 3147 1475 3202 Exordium
1515 3150 1579 3202 de
1610 3147 1800 3205 virtute
1847 3161 1896 3207 et

390 3219 537 3270 vitio.

327 3284 513 3341 XLIX.
553 3285 632 3340 De
660 3287 771 3359 pio_
790 3303 851 3340 ac
881 3287 988 3359 Dei
1023 3288 1395 3359 amantissimo
1431 3288 1767 3344 Constantini
1799 3308 1897 3359 pa-

391 3369 492 3478 trz,
534 3365 585 3410 et
632 3358 697 3413 de
737 3357 1063 3413 Diocletiano
1106 3375 1169 3412 ac
1220 3358 1549 3414 Maximiano
1600 3357 1901 3429 persecuto-

392 3443 438 3478 ft
478 3444 559 3478 us.

392 3443 559 3481 νιυυε.

325 3509 381 3552 L.
419 3496 575 3562 Quod
616 3513 682 3552 ex
724 3497 986 3570 Apollinis
1019 3499 1236 3553 oraculo
1280 3502 1369 3568 qui
1413 3500 1474 3553 ob
1514 3500 1691 3569 justas
1723 3502 1898 3555 homi—

1447 366 1537 423 DE
1578 366 1743 423 VITA
1779 362 2240 435 CONSTANTINI
2277 368 2407 425 LIB.
2448 367 2513 425 II.

258 500 275 511 ι
351 473 594 533 XXVIII.
633 476 786 554 Quod
831 475 968 533 Deus
1007 476 1417 537 Constantinum
1461 485 1711 540 bonorum
1763 487 1921 539 mini-
1952 491 1997 548 Α
2105 503 2196 539 nes
2248 503 2504 554 responsa
2559 484 2785 554 amplius
2825 482 2977 538 edere
3028 500 3130 539 non
3179 492 3404 554 poterat,
3457 494 3599 539 mota

3496 370 3606 425 978

2029 568 2830 691 LII,nghizfttngonstantinus
2882 623 3053 676 adhuc
3092 622 3393 677 adolescens
3424 622 3599 693 justos

2098 712 2209 750 esse
2248 695 2577 750 Christianos
2607 696 2830 747 audivit.

2025 762 2131 820 LII.
2181 766 2317 830 Quot
2351 776 2728 818 tormentorum
2774 774 2819 816 et
2856 762 3235 830 suppliciorum
3272 779 3461 833 genera
3496 761 3601 820 ad-

2092 852 2269 887 versus
2310 836 2640 889 Christianos
2677 834 2991 901 excogitata.

2024 903 2154 957 LIII.
2191 905 2465 968 Quomodo
2496 905 2709 957 barbari
2759 902 3089 956 Christianos
3118 913 3447 971 exceperunt.

2021 974 2154 1028 LIV.
2185 975 2461 1039 Quomodo
2484 976 2660 1028 divina
2694 974 2890 1027 ultione
2918 972 3089 1038 puniti
3116 972 3243 1038 sint,
3262 975 3350 1042 qui
3375 989 3441 1027 ex
3468 989 3599 1028 ora-

2096 1052 2212 1097 culo
2243 1046 2655 1111 persecutionem
2696 1050 3101 1097 commoverant.

2022 1113 2136 1168 LV.
2187 1115 2568 1169 Constantinus
2598 1114 2704 1167 Deo
2737 1113 2959 1181 gloriam
2991 1112 3204 1183 tribuit,
3238 1113 3442 1183 signum
3469 1129 3590 1167 cru-

2093 1187 2169 1237 cis
2200 1185 2499 1253 conﬁtetur,
2546 1191 2594 1236 et
2637 1179 2880 1253 precatur
2909 1197 3007 1253 pr_o_
3044 1179 3301 1253 Ecclesia.

2020 1254 2157 1310 LVI.
2199 1249 2475 1319 Quomodo
2502 1270 2676 1307 omnes
2702 1252 2912 1323 quidem
2944 1249 3272 1305 Christianos
3309 1268 3418 1307 esse
3441 1262 3595 1318 opta-

2096 1329 2199 1389 vit;
2240 1326 2494 1377 neminem
2532 1334 2703 1375 autem
2737 1323 2923 1391 coegit.

2020 1387 2187 1449 LVII.»
2213 1393 2447 1446 Gloriam
2481 1394 2662 1445 tribuit
2696 1387 2942 1460 Deo,'qui
2970 1406 3062 1458 per
3091 1387 3290 1443 Filium
3325 1408 3477 1445 suum
3506 1408 3595 1447 er-

2096 1478 2271 1519 rantes
2303 1464 2643 1516 illuminavit.

2019 1533 2197 1589 LVIII.
2260 1534 2465 1587 lterum
2507 1532 2615 1585 Deo
2664 1532 2885 1602 gloriam
2933 1530 3117 1583 tribuit
3177 1545 3245 1583 ex
3300 1531 3593 1589 ministerio

2017 1605 2599 1729 Llengeu'iitmIZiidat
2644 1670 2734 1742 qui
2771 1686 2973 1740 semper
3002 1672 3137 1724 bona
3184 1680 3339 1726 ataue
3375 1670 3591 1727 honesta

2017 1748 2482 1868 LX?c£:t.Itortatio
2514 1814 2607 1866 sub
2634 1814 2793 1883 ﬁnem
2824 1811 3002 1877 edicti,
3032 1820 3088 1864 ut
3124 1826 3271 1864 nemo
3298 1811 3453 1863 alteri
3476 1828 3590 1865 mo-

2092 1885 2296 1939 lestiam
2335 1884 2582 1953 facessat.

2020 1952 2157 2013 LXI.
2197 1955 2471 2020 Quomodo
2507 1956 2570 2005 ab
2598 1954 2719 2007 urbe
2746 1952 3071 2006 Alexandria
3102 1952 3416 2020 quazstiones
3444 1966 3587 2005 com-

2088 2036 2244 2078 mota:
2283 2027 2383 2078 sint
2420 2032 2631 2091 propter
2667 2025 2870 2076 Arium.

2017 2092 2172 2150 LXII.
2208 2094 2283 2147 De
2316 2095 2441 2147 Aria
2475 2104 2522 2147 et
2567 2096 2631 2146 de
2679 2092 2999 2146 Meletianis.

2012 2162 2194 2220 LXIII.
2228 2164 2501 2229 Quomodo
2542 2162 2768 2232 legatum
2808 2179 2927 2216 cum
2967 2163 3157 2217 litteris
3188 2162 3329 2216 misit
3372 2163 3441 2216 ad
3492 2177 3589 2231 pa-

2086 2252 2197 2287 cem
2229 2235 2664 2301 componendam.

2011 2303 2195 2360 LXIV.
2245 2305 2580 2359 Constantini
2612 2302 2831 2369 epistola
2881 2303 2949 2356 ad
2997 2301 3353 2357 Alexandrum
3394 2303 3589 2372 episco-

2083 2392 2204 2437 pum
2235 2385 2282 2428 et
2316 2374 2500 2426 Arium
2529 2373 2910 2443 presbyterum.

2010 2444 2173 2499 LXV.
2212 2446 2369 2509 Quod
2407 2460 2499 2511 pro
2524 2458 2650 2509 pace
2690 2442 2933 2497 continue
2962 2442 3256 2509 satagebat.

2011 2514 2191 2570 LXVI.
2226 2514 2500 2581 Quomodo
2528 2514 2841 2583 qucestiones
2862 2513 2917 2567 in
2950 2513 3135 2582 Africa
3163 2513 3421 2568 excitatas
3448 2529 3587 2568 com-

2008 2597 2424 2720 LX’V‘IIquuod
2464 2653 2644 2723 religio
2687 2655 2751 2706 ab
2793 2654 3021 2707 Orientis
3066 2654 3305 2721 partibus
3348 2654 3579 2723 coeperit.

2006 2725 2236 2781 LXVIII.
2271 2721 2885 2791 Quomodo'seditionem
2928 2723 3140 2779 moleste
3176 2721 3375 2793 ferens;
3401 2740 3583 2793 pacem

2006 2808 2402 2922 LXI‘Xqunde
2445 2874 2567 2918 nata
2617 2865 2686 2917 sit
2727 2864 3085 2919 controversia
3128 2864 3268 2919 inter
3307 2865 3492 2919 Arium
3535 2873 3582 2916 et

2075 2936 2464 2999 Alexandrum,
2489 2944 2537 2988 et
2562 2935 2704 3006 quod
2742 2934 2870 2989 talia
2905 2950 3008 3006 non
3038 2944 3188 2988 erant
3218 2934 3579 3006 disquirenda.

2004 3006 2170 3061 LXX.
2213 3006 2531 3060 Exhortatio
2574 3004 2646 3058 ad
2688 3004 3049 3059 concordiam.

2005 3076 2193 3133 LXXI.
2255 3077 2410 3142 Quod
2449 3077 2511 3129 ob
2546 3075 2679 3147 leves
2719 3074 2978 3147 quasdam
3005 3075 3219 3131 voculas
3245 3074 3585 3147 pertinaciter

2076 3149 2386 3201 certandum
2424 3163 2526 3199 non
2554 3145 2677 3215 fuit.

1925 3215 1967 3273 C
2001 3217 2212 3273 LXXII.
2256 3212 2765 3288 Quomodo'dolore
2805 3217 3057 3287 affectus,
3110 3234 3219 3288 pra:
3271 3218 3460 3287 pietate
3484 3212 3581 3288 λιᾳ-

2072 3305 2281 3358 crymas
2332 3287 2559 3358 e/fudit;
2615 3297 2664 3340 et
2722 3288 2823 3339 iter
2882 3285 3311 3357 quod‘facturu‘s
3363 3297 3474 3341 erat
3525 3285 3581 3338 in

2081 3354 2383 3429 orientem,
2410 3354 2473 3409 ob
2501 3357 2636 3411 hanc
2674 3354 2903 3429 causam
2921 3354 3186 3429 repressit.

1999 3429 2227 3484 LXXIII.
2278 3426 2432 3499 Quod
2487 3438 2601 3494 post
2647 3429 2745 3482 tias
2787 3428 2945 3481 etiam
2978 3426 3320 3499 imperatoris
3376 3427 3587 3481 litteras

2070 3498 2415 3569 perseverarit
2453 3499 2739 3552 contentio.

1102 3853 1831 3971 ΕΥΣΕΒΙΟΥ
1884 3853 2188 3971 ΤΟΥ
2243 3856 3072 3980 ΠΑΜΦΙΛΟΥ

837 4115 947 4169 ΕΙΣ
985 4115 1123 4170 ΤΟΝ
1160 4115 1323 4169 ΒΙΟΝ
1359 4115 1496 4169 ΤΟΥ
1534 4114 1901 4169 ΜΑΚΑΡΙΟΥ
1939 4113 2482 4169 ΚΩΝΣΤΑΝΤΙΝΟΥ
2521 4117 2658 4170 ΤΟΥ
2696 4117 3025 4172 ΒΑΣΙΛΕΩΣ

1706 4303 2071 4392 ΛΟΓΟΣ
2106 4287 2207 4388 B’.

1170 4592 1922 4784 WEUSEBII
2018 4663 2702 4781 PAMPHILI

1070 4888 1160 4944 DE
1200 4889 1363 4946 VITA
1400 4888 1788 4944 BEATISSIMI
1829 4886 2305 4942 IMPERATORIS
2343 4882 2809 4942 CONSTANTINI

1396 5092 1747 5179 LIBER
1823 5086 2482 5178 SECUNDUS.

836 5445 1231 5499 KE<I>AAAIUN
1265 5446 1362 5515 A’.I

308 5559 581 5616 Λικινίου
629 5558 882 5629 διωγμὸς
933 5558 1237 5625 λαθραῖος,
1292 5559 1665 5624 ἐπισκόπους
1725 5558 1890 5611 ἀναισ·

561 5630 818 5698 ροῦντος
838 5629 906 5682 ἐν
951 5629 1225 5697 Ἀμασείῃ
1252 5629 1356 5682 τοῦ
1385 5630 1635 5681 Πόντου.

380 5716 509 5775 ΨΩδε
541 5722 637 5792 μὲν
670 5717 763 5774 οὖν
792 5722 820 5774 ὁ
856 5720 1115 5793 δηλωοεὶς
1168 5720 1259 5772 ἐπὶ
1305 5720 1393 5770 τὸν
1440 5718 1550 5772 τῶν
1600 5719 1884 5790 Θεομὰχων

314 5812 477 5893 βηθὺν
511 5814 993 5886 κατεκρημνίζετο,
1027 5812 1121 5869 καὶ
1150 5807 1223 5867 ὧν
1246 5812 1543 5884 ὀφοα).μοῖ;
1561 5814 1736 5868 ἐπεῖδε
1760 5815 1883 5876 τοὺς

2625 5436 2851 5492 CAPUT
2894 5436 2933 5490 I.

2072 5553 2293 5607 Occulta
2318 5553 2604 5619 persecutio
2636 5548 2840 5611 Licinii,
2866 5557 2913 5619 et
2944 5546 3109 5619 ca’des
3139 5541 3501 5619 episcoporum

2354 5623 2495 5690 apud
2520 5621 2785 5674 Amasiarn
2827 5618 3003 5671 urbem
3035 5614 3213 5666 Ponti.

2064 5718 2143 5769 Aul
2173 5717 2313 5771 hunc
2338 5716 2552 5770 modum
2577 5709 2920 5772 supradictus
2944 5705 3188 5760 Licinius
3207 5704 3257 5757 in
3282 5702 3570 5768 impiorum

1991 5808 2301 5862 barathrum
2348 5820 2585 5878 prmccps
2626 5810 2751 5867 nul,
2786 5810 2861 5872 ,οι
2911 5812 3138 5867 quorum
3170 5795 3239 5851 ob
3268 5808 3351 5849 res
3402 5789 3565 5860 impie
