  <div class='ocr_page' id='page_1' title='image "/cluster/home/n/w/nwhite01/storage/ocr_20150623/20/hvd.32044073501181/503.png"; bbox 0 0 4132 6406; ppageno 0'>
   <div class='ocr_carea' id='block_1_1' title="bbox 549 362 658 420">
    <p class='ocr_par' dir='ltr' id='par_1_1' title="bbox 549 362 658 420">
     <span class='ocr_line' id='line_1_1' title="bbox 549 362 658 420; baseline -0.009 -1"><span class='ocrx_word' id='word_1_1' title='bbox 549 362 658 420; x_wconf 76' lang='lat'><strong>979</strong></span> 
     </span>
    </p>
   </div>
   <div class='ocr_carea' id='block_1_2' title="bbox 1268 334 3092 422">
    <p class='ocr_par' dir='ltr' id='par_1_2' title="bbox 1268 334 3092 422">
     <span class='ocr_line' id='line_1_2' title="bbox 1268 334 3092 422; baseline 0.001 -6"><span class='ocrx_word' id='word_1_2' title='bbox 1268 361 1544 419; x_wconf 83' lang='lat' dir='ltr'><strong>EUSEBH</strong></span> <span class='ocrx_word' id='word_1_3' title='bbox 1583 345 2066 422; x_wconf 62' lang='lat' dir='ltr'><strong>CESARIENSIS</strong></span> <span class='ocrx_word' id='word_1_4' title='bbox 2105 363 2254 422; x_wconf 79' lang='lat' dir='ltr'><strong>OPP.</strong></span> <span class='ocrx_word' id='word_1_5' title='bbox 2297 334 2476 422; x_wconf 46' lang='lat' dir='ltr'><strong>PARS</strong></span> <span class='ocrx_word' id='word_1_6' title='bbox 2513 364 2555 422; x_wconf 92' lang='lat' dir='ltr'><strong>l.</strong></span> <span class='ocrx_word' id='word_1_7' title='bbox 2596 397 2665 409; x_wconf 84' lang='lat'><strong>--</strong></span> <span class='ocrx_word' id='word_1_8' title='bbox 2701 363 3092 420; x_wconf 68' lang='lat' dir='ltr'><strong>l-llSTOlilCA.</strong></span> 
     </span>
    </p>
   </div>
   <div class='ocr_carea' id='block_1_3' title="bbox 3756 364 3857 418">
    <p class='ocr_par' dir='ltr' id='par_1_3' title="bbox 3756 364 3857 418">
     <span class='ocr_line' id='line_1_3' title="bbox 3756 364 3857 418; baseline -0.04 -1"><span class='ocrx_word' id='word_1_9' title='bbox 3756 364 3857 418; x_wconf 67' lang='lat'><strong>930</strong></span> 
     </span>
    </p>
   </div>
   <div class='ocr_carea' id='block_1_4' title="bbox 553 481 2150 561">
    <p class='ocr_par' dir='ltr' id='par_1_4' title="bbox 553 481 2137 557">
     <span class='ocr_line' id='line_1_4' title="bbox 553 481 2137 557; baseline -0.001 -16"><span class='ocrx_word' id='word_1_10' title='bbox 553 497 738 557; x_wconf 69' lang='lat' dir='ltr'><strong>gestas</strong></span> <span class='ocrx_word' id='word_1_11' title='bbox 793 484 1020 539; x_wconf 85' lang='lat' dir='ltr'><strong>exitium</strong></span> <span class='ocrx_word' id='word_1_12' title='bbox 1067 481 1182 540; x_wconf 88' lang='lat' dir='ltr'><strong>suis</strong></span> <span class='ocrx_word' id='word_1_13' title='bbox 1242 486 1355 554; x_wconf 90' lang='lat' dir='ltr'><strong>ipse</strong></span> <span class='ocrx_word' id='word_1_14' title='bbox 1399 490 1575 544; x_wconf 75' lang='lat' dir='ltr'><strong>oculis</strong></span> <span class='ocrx_word' id='word_1_15' title='bbox 1613 499 1920 557; x_wconf 82' lang='lat' dir='ltr'><strong>aspexerat,</strong></span> <span class='ocrx_word' id='word_1_16' title='bbox 1949 504 2137 542; x_wconf 82' lang='lat' dir='ltr'><strong>eorum</strong></span> 
     </span>
    </p>
   </div>
   <div class='ocr_carea' id='block_1_5' title="bbox 2255 481 3860 561">
    <p class='ocr_par' dir='ltr' id='par_1_5' title="bbox 2255 482 3860 561">
     <span class='ocr_line' id='line_1_5' title="bbox 2255 482 3860 561; baseline -0.001 -20"><span class='ocrx_word' id='word_1_17' title='bbox 2255 489 2335 542; x_wconf 65' lang='grc' dir='ltr'>ἐπὶ</span> <span class='ocrx_word' id='word_1_18' title='bbox 2359 491 2457 561; x_wconf 81' lang='grc' dir='ltr'>τῆς</span> <span class='ocrx_word' id='word_1_19' title='bbox 2483 487 2800 552; x_wconf 80' lang='grc' dir='ltr'>δυσσεϐείας</span> <span class='ocrx_word' id='word_1_20' title='bbox 2827 487 3102 558; x_wconf 78' lang='grc' dir='ltr'><strong>ὀλέθρους,</strong></span> <span class='ocrx_word' id='word_1_21' title='bbox 3153 485 3353 540; x_wconf 74' lang='grc' dir='ltr'>τούτων</span> <span class='ocrx_word' id='word_1_22' title='bbox 3398 484 3508 539; x_wconf 69' lang='grc' dir='ltr'>τὸν</span> <span class='ocrx_word' id='word_1_23' title='bbox 3543 482 3713 554; x_wconf 68' lang='grc' dir='ltr'>ζῆλον</span> <span class='ocrx_word' id='word_1_24' title='bbox 3773 487 3860 540; x_wconf 71' lang='grc' dir='ltr'><strong>ἐπὶ</strong></span> 
     </span>
    </p>
   </div>
   <div class='ocr_carea' id='block_1_6' title="bbox 553 576 2134 652">
    <p class='ocr_par' dir='ltr' id='par_1_6' title="bbox 553 576 2134 652">
     <span class='ocr_line' id='line_1_6' title="bbox 553 576 2134 652; baseline -0.006 -18"><span class='ocrx_word' id='word_1_25' title='bbox 553 576 861 648; x_wconf 85' lang='lat' dir='ltr'><strong>exemplum</strong></span> <span class='ocrx_word' id='word_1_26' title='bbox 892 576 944 629; x_wconf 91' lang='lat' dir='ltr'><strong>in</strong></span> <span class='ocrx_word' id='word_1_27' title='bbox 985 592 1138 629; x_wconf 90' lang='lat' dir='ltr'><strong>suam</strong></span> <span class='ocrx_word' id='word_1_28' title='bbox 1164 576 1332 646; x_wconf 89' lang='lat' dir='ltr'><strong>ipsius</strong></span> <span class='ocrx_word' id='word_1_29' title='bbox 1351 581 1645 650; x_wconf 79' lang='lat' dir='ltr'><strong>perniciem</strong></span> <span class='ocrx_word' id='word_1_30' title='bbox 1671 583 1979 644; x_wconf 62' lang='lat' dir='ltr'><strong>aemulatus,</strong></span> <span class='ocrx_word' id='word_1_31' title='bbox 2014 598 2134 652; x_wconf 76' lang='lat' dir='ltr'><strong>per-</strong></span> 
     </span>
    </p>
   </div>
   <div class='ocr_carea' id='block_1_7' title="bbox 553 667 2133 744">
    <p class='ocr_par' dir='ltr' id='par_1_7' title="bbox 553 667 2133 744">
     <span class='ocr_line' id='line_1_7' title="bbox 553 667 2133 744; baseline 0.002 -20"><span class='ocrx_word' id='word_1_32' title='bbox 553 670 892 724; x_wconf 89' lang='lat' dir='ltr'><strong>sccutionem</strong></span> <span class='ocrx_word' id='word_1_33' title='bbox 922 667 1388 738; x_wconf 90' lang='lat' dir='ltr'><strong>Christianorum,</strong></span> <span class='ocrx_word' id='word_1_34' title='bbox 1442 674 1598 741; x_wconf 89' lang='lat' dir='ltr'><strong>quasi</strong></span> <span class='ocrx_word' id='word_1_35' title='bbox 1641 672 1910 728; x_wconf 87' lang='lat' dir='ltr'><strong>ﬂammam</strong></span> <span class='ocrx_word' id='word_1_36' title='bbox 1942 689 2133 744; x_wconf 81' lang='lat' dir='ltr'><strong>quain-</strong></span> 
     </span>
    </p>
   </div>
   <div class='ocr_carea' id='block_1_8' title="bbox 555 762 2137 839">
    <p class='ocr_par' dir='ltr' id='par_1_8' title="bbox 555 762 2137 839">
     <span class='ocr_line' id='line_1_8' title="bbox 555 762 2137 839; baseline 0.005 -23"><span class='ocrx_word' id='word_1_37' title='bbox 555 762 680 816; x_wconf 90' lang='lat' dir='ltr'><strong>dam</strong></span> <span class='ocrx_word' id='word_1_38' title='bbox 699 763 812 832; x_wconf 76' lang='lat' dir='ltr'><strong>jam</strong></span> <span class='ocrx_word' id='word_1_39' title='bbox 838 764 1072 833; x_wconf 88' lang='lat' dir='ltr'><strong>sopitam</strong></span> <span class='ocrx_word' id='word_1_40' title='bbox 1099 765 1278 819; x_wconf 90' lang='lat' dir='ltr'><strong>denuo</strong></span> <span class='ocrx_word' id='word_1_41' title='bbox 1309 767 1603 831; x_wconf 80' lang='lat' dir='ltr'><strong>excitavit,</strong></span> <span class='ocrx_word' id='word_1_42' title='bbox 1629 777 1682 822; x_wconf 84' lang='lat' dir='ltr'><strong>et</strong></span> <span class='ocrx_word' id='word_1_43' title='bbox 1722 768 1891 821; x_wconf 87' lang='lat' dir='ltr'><strong>multo</strong></span> <span class='ocrx_word' id='word_1_44' title='bbox 1921 770 2137 839; x_wconf 66' lang='lat' dir='ltr'><strong>gravius</strong></span> 
     </span>
    </p>
   </div>
   <div class='ocr_carea' id='block_1_9' title="bbox 556 857 2140 926">
    <p class='ocr_par' dir='ltr' id='par_1_9' title="bbox 556 857 2140 926">
     <span class='ocr_line' id='line_1_9' title="bbox 556 857 2140 926; baseline 0.004 -20"><span class='ocrx_word' id='word_1_45' title='bbox 556 870 723 922; x_wconf 89' lang='lat' dir='ltr'><strong>quam</strong></span> <span class='ocrx_word' id='word_1_46' title='bbox 773 857 984 924; x_wconf 80' lang='lat' dir='ltr'><strong>priores</strong></span> <span class='ocrx_word' id='word_1_47' title='bbox 1037 857 1334 926; x_wconf 77' lang='lat' dir='ltr'><strong>impietatis</strong></span> <span class='ocrx_word' id='word_1_48' title='bbox 1387 857 1641 912; x_wconf 81' lang='lat' dir='ltr'><strong>conflavit</strong></span> <span class='ocrx_word' id='word_1_49' title='bbox 1691 859 2022 914; x_wconf 81' lang='lat' dir='ltr'><strong>incendium.</strong></span> <span class='ocrx_word' id='word_1_50' title='bbox 2064 862 2140 913; x_wconf 79' lang='lat' dir='ltr'><strong>Ac</strong></span> 
     </span>
    </p>
   </div>
   <div class='ocr_carea' id='block_1_10' title="bbox 558 948 2140 1020">
    <p class='ocr_par' dir='ltr' id='par_1_10' title="bbox 558 948 2140 1020">
     <span class='ocr_line' id='line_1_10' title="bbox 558 948 2140 1020; baseline 0.002 -19"><span class='ocrx_word' id='word_1_51' title='bbox 558 948 792 1017; x_wconf 89' lang='lat' dir='ltr'><strong>primttm</strong></span> <span class='ocrx_word' id='word_1_52' title='bbox 822 949 1040 1019; x_wconf 87' lang='lat' dir='ltr'><strong>quidem</strong></span> <span class='ocrx_word' id='word_1_53' title='bbox 1084 961 1337 1020; x_wconf 89' lang='lat' dir='ltr'><strong>tanquam</strong></span> <span class='ocrx_word' id='word_1_54' title='bbox 1369 951 1509 1005; x_wconf 90' lang='lat' dir='ltr'><strong>mala</strong></span> <span class='ocrx_word' id='word_1_55' title='bbox 1535 951 1731 1016; x_wconf 84' lang='lat' dir='ltr'><strong>bestia,</strong></span> <span class='ocrx_word' id='word_1_56' title='bbox 1778 960 1832 1006; x_wconf 87' lang='lat' dir='ltr'><strong>ct</strong></span> <span class='ocrx_word' id='word_1_57' title='bbox 1867 961 2140 1005; x_wconf 67' lang='lat' dir='ltr'><strong>tortuosos</strong></span> 
     </span>
    </p>
   </div>
   <div class='ocr_carea' id='block_1_11' title="bbox 557 1043 2138 1114">
    <p class='ocr_par' dir='ltr' id='par_1_11' title="bbox 557 1043 2138 1114">
     <span class='ocr_line' id='line_1_11' title="bbox 557 1043 2138 1114; baseline 0.001 -19"><span class='ocrx_word' id='word_1_58' title='bbox 557 1044 780 1112; x_wconf 89' lang='lat' dir='ltr'><strong>quidam</strong></span> <span class='ocrx_word' id='word_1_59' title='bbox 813 1059 1040 1114; x_wconf 89' lang='lat' dir='ltr'><strong>serpens</strong></span> <span class='ocrx_word' id='word_1_60' title='bbox 1081 1044 1133 1097; x_wconf 92' lang='lat' dir='ltr'><strong>in</strong></span> <span class='ocrx_word' id='word_1_61' title='bbox 1166 1043 1402 1112; x_wconf 89' lang='lat' dir='ltr'><strong>scipsum</strong></span> <span class='ocrx_word' id='word_1_62' title='bbox 1434 1043 1779 1110; x_wconf 86' lang='lat' dir='ltr'><strong>convolntus,</strong></span> <span class='ocrx_word' id='word_1_63' title='bbox 1814 1053 1868 1097; x_wconf 88' lang='lat' dir='ltr'><strong>et</strong></span> <span class='ocrx_word' id='word_1_64' title='bbox 1901 1044 2138 1097; x_wconf 89' lang='lat' dir='ltr'><strong>furorem</strong></span> 
     </span>
    </p>
   </div>
   <div class='ocr_carea' id='block_1_12' title="bbox 559 1135 2142 1204">
    <p class='ocr_par' dir='ltr' id='par_1_12' title="bbox 559 1135 2142 1204">
     <span class='ocr_line' id='line_1_12' title="bbox 559 1135 2142 1204; baseline 0.001 -17"><span class='ocrx_word' id='word_1_65' title='bbox 559 1147 723 1204; x_wconf 78' lang='lat' dir='ltr'><strong>atque</strong></span> <span class='ocrx_word' id='word_1_66' title='bbox 753 1135 978 1189; x_wconf 85' lang='lat' dir='ltr'><strong>hostiles</strong></span> <span class='ocrx_word' id='word_1_67' title='bbox 1002 1135 1266 1188; x_wconf 83' lang='lat' dir='ltr'><strong>adversus</strong></span> <span class='ocrx_word' id='word_1_68' title='bbox 1295 1136 1460 1190; x_wconf 90' lang='lat' dir='ltr'><strong>Deum</strong></span> <span class='ocrx_word' id='word_1_69' title='bbox 1485 1135 1660 1190; x_wconf 89' lang='lat' dir='ltr'><strong>minas</strong></span> <span class='ocrx_word' id='word_1_70' title='bbox 1689 1137 1929 1202; x_wconf 80' lang='lat' dir='ltr'><strong>Spirans,</strong></span> <span class='ocrx_word' id='word_1_71' title='bbox 1955 1135 2142 1189; x_wconf 85' lang='lat' dir='ltr'><strong>Eccle-</strong></span> 
     </span>
    </p>
   </div>
   <div class='ocr_carea' id='block_1_13' title="bbox 561 1227 2139 1296">
    <p class='ocr_par' dir='ltr' id='par_1_13' title="bbox 561 1227 2139 1296">
     <span class='ocr_line' id='line_1_13' title="bbox 561 1227 2139 1296; baseline -0.001 -15"><span class='ocrx_word' id='word_1_72' title='bbox 561 1229 659 1281; x_wconf 77' lang='lat' dir='ltr'><strong>siEs</strong></span> <span class='ocrx_word' id='word_1_73' title='bbox 694 1227 785 1282; x_wconf 89' lang='lat' dir='ltr'><strong>Dei</strong></span> <span class='ocrx_word' id='word_1_74' title='bbox 817 1228 916 1281; x_wconf 87' lang='lat' dir='ltr'><strong>sub</strong></span> <span class='ocrx_word' id='word_1_75' title='bbox 948 1227 1177 1296; x_wconf 85' lang='lat' dir='ltr'><strong>imperio</strong></span> <span class='ocrx_word' id='word_1_76' title='bbox 1225 1243 1323 1281; x_wconf 86' lang='lat' dir='ltr'><strong>suo</strong></span> <span class='ocrx_word' id='word_1_77' title='bbox 1374 1229 1684 1290; x_wconf 79' lang='lat' dir='ltr'><strong>constitutis</strong></span> <span class='ocrx_word' id='word_1_78' title='bbox 1715 1228 1909 1283; x_wconf 90' lang='lat' dir='ltr'><strong>bellum</strong></span> <span class='ocrx_word' id='word_1_79' title='bbox 1961 1228 2139 1296; x_wconf 91' lang='lat' dir='ltr'><strong>palam</strong></span> 
     </span>
    </p>
   </div>
   <div class='ocr_carea' id='block_1_14' title="bbox 564 1317 2140 1386">
    <p class='ocr_par' dir='ltr' id='par_1_14' title="bbox 564 1317 2140 1386">
     <span class='ocr_line' id='line_1_14' title="bbox 564 1317 2140 1386; baseline 0.002 -14"><span class='ocrx_word' id='word_1_80' title='bbox 564 1319 789 1384; x_wconf 86' lang='lat' dir='ltr'><strong>inferre,</strong></span> <span class='ocrx_word' id='word_1_81' title='bbox 820 1319 888 1373; x_wconf 92' lang='lat' dir='ltr'><strong>ob</strong></span> <span class='ocrx_word' id='word_1_82' title='bbox 917 1317 1262 1372; x_wconf 87' lang='lat' dir='ltr'><strong>Constantini</strong></span> <span class='ocrx_word' id='word_1_83' title='bbox 1296 1327 1497 1372; x_wconf 89' lang='lat' dir='ltr'><strong>metum</strong></span> <span class='ocrx_word' id='word_1_84' title='bbox 1546 1319 1770 1374; x_wconf 89' lang='lat' dir='ltr'><strong>minime</strong></span> <span class='ocrx_word' id='word_1_85' title='bbox 1826 1335 1992 1375; x_wconf 88' lang='lat' dir='ltr'><strong>ausus</strong></span> <span class='ocrx_word' id='word_1_86' title='bbox 2037 1329 2140 1386; x_wconf 85' lang='lat' dir='ltr'><strong>est,</strong></span> 
     </span>
    </p>
   </div>
   <div class='ocr_carea' id='block_1_15' title="bbox 562 1411 2145 1480">
    <p class='ocr_par' dir='ltr' id='par_1_15' title="bbox 562 1411 2145 1480">
     <span class='ocr_line' id='line_1_15' title="bbox 562 1411 2145 1480; baseline 0.001 -14"><span class='ocrx_word' id='word_1_87' title='bbox 562 1411 656 1466; x_wconf 85' lang='lat' dir='ltr'><strong>sed</strong></span> <span class='ocrx_word' id='word_1_88' title='bbox 689 1411 1048 1480; x_wconf 83' lang='lat' dir='ltr'><strong>improbitatis</strong></span> <span class='ocrx_word' id='word_1_89' title='bbox 1073 1412 1221 1465; x_wconf 89' lang='lat' dir='ltr'><strong>virus</strong></span> <span class='ocrx_word' id='word_1_90' title='bbox 1245 1411 1607 1476; x_wconf 87' lang='lat' dir='ltr'><strong>abscondens,</strong></span> <span class='ocrx_word' id='word_1_91' title='bbox 1640 1413 1886 1467; x_wconf 90' lang='lat' dir='ltr'><strong>occultas</strong></span> <span class='ocrx_word' id='word_1_92' title='bbox 1923 1413 2145 1468; x_wconf 75' lang='lat' dir='ltr'><strong>insidias</strong></span> 
     </span>
    </p>
   </div>
   <div class='ocr_carea' id='block_1_16' title="bbox 562 1502 2144 1576">
    <p class='ocr_par' dir='ltr' id='par_1_16' title="bbox 562 1502 2144 1576">
     <span class='ocr_line' id='line_1_16' title="bbox 562 1502 2144 1576; baseline 0.001 -18"><span class='ocrx_word' id='word_1_93' title='bbox 562 1503 732 1558; x_wconf 84' lang='lat' dir='ltr'><strong>certis</strong></span> <span class='ocrx_word' id='word_1_94' title='bbox 764 1504 1032 1556; x_wconf 76' lang='lat' dir='ltr'><strong>duntaxat</strong></span> <span class='ocrx_word' id='word_1_95' title='bbox 1063 1503 1117 1556; x_wconf 88' lang='lat' dir='ltr'><strong>in</strong></span> <span class='ocrx_word' id='word_1_96' title='bbox 1152 1502 1285 1558; x_wconf 91' lang='lat' dir='ltr'><strong>locis</strong></span> <span class='ocrx_word' id='word_1_97' title='bbox 1311 1504 1574 1558; x_wconf 85' lang='lat' dir='ltr'><strong>adversus</strong></span> <span class='ocrx_word' id='word_1_98' title='bbox 1603 1505 1890 1574; x_wconf 87' lang='lat' dir='ltr'><strong>episcopos</strong></span> <span class='ocrx_word' id='word_1_99' title='bbox 1921 1521 2144 1576; x_wconf 86' lang='lat' dir='ltr'><strong>compa—</strong></span> 
     </span>
    </p>
   </div>
   <div class='ocr_carea' id='block_1_17' title="bbox 567 1594 2149 1666">
    <p class='ocr_par' dir='ltr' id='par_1_17' title="bbox 567 1594 2149 1666">
     <span class='ocr_line' id='line_1_17' title="bbox 567 1594 2149 1666; baseline -0.001 -17"><span class='ocrx_word' id='word_1_100' title='bbox 567 1595 751 1662; x_wconf 64' lang='lat' dir='ltr'><strong>ras-it;</strong></span> <span class='ocrx_word' id='word_1_101' title='bbox 791 1605 847 1650; x_wconf 91' lang='lat' dir='ltr'><strong>et</strong></span> <span class='ocrx_word' id='word_1_102' title='bbox 877 1609 945 1650; x_wconf 80' lang='lat' dir='ltr'><strong>ex</strong></span> <span class='ocrx_word' id='word_1_103' title='bbox 985 1595 1069 1649; x_wconf 88' lang='lat' dir='ltr'><strong>bis</strong></span> <span class='ocrx_word' id='word_1_104' title='bbox 1101 1594 1544 1663; x_wconf 88' lang='lat' dir='ltr'><strong>probatissimum</strong></span> <span class='ocrx_word' id='word_1_105' title='bbox 1601 1611 1893 1665; x_wconf 83' lang='lat' dir='ltr'><strong>quemque,</strong></span> <span class='ocrx_word' id='word_1_106' title='bbox 1929 1612 2149 1666; x_wconf 90' lang='lat' dir='ltr'><strong>compo-</strong></span> 
     </span>
    </p>
   </div>
   <div class='ocr_carea' id='block_1_18' title="bbox 565 1685 2142 1759">
    <p class='ocr_par' dir='ltr' id='par_1_18' title="bbox 565 1685 2142 1759">
     <span class='ocr_line' id='line_1_18' title="bbox 565 1685 2142 1759; baseline -0.001 -16"><span class='ocrx_word' id='word_1_107' title='bbox 565 1690 686 1743; x_wconf 87' lang='lat' dir='ltr'><strong>sitis</strong></span> <span class='ocrx_word' id='word_1_108' title='bbox 712 1703 809 1758; x_wconf 91' lang='lat' dir='ltr'><strong>per</strong></span> <span class='ocrx_word' id='word_1_109' title='bbox 833 1688 1237 1759; x_wconf 81' lang='lat' dir='ltr'><strong>provinciarum</strong></span> <span class='ocrx_word' id='word_1_110' title='bbox 1262 1696 1502 1742; x_wconf 87' lang='lat' dir='ltr'><strong>rectores</strong></span> <span class='ocrx_word' id='word_1_111' title='bbox 1527 1685 1815 1742; x_wconf 86' lang='lat' dir='ltr'><strong>calumniis</strong></span> <span class='ocrx_word' id='word_1_112' title='bbox 1847 1688 2142 1744; x_wconf 85' lang='lat' dir='ltr'><strong>interfecit.</strong></span> 
     </span>
    </p>
   </div>
   <div class='ocr_carea' id='block_1_19' title="bbox 565 1778 2147 1849">
    <p class='ocr_par' dir='ltr' id='par_1_19' title="bbox 565 1778 2147 1849">
     <span class='ocr_line' id='line_1_19' title="bbox 565 1778 2147 1849; baseline -0.001 -15"><span class='ocrx_word' id='word_1_113' title='bbox 565 1780 736 1835; x_wconf 84' lang='lat' dir='ltr'><strong>Porro</strong></span> <span class='ocrx_word' id='word_1_114' title='bbox 771 1780 932 1835; x_wconf 68' lang='lat' dir='ltr'><strong>caedis</strong></span> <span class='ocrx_word' id='word_1_115' title='bbox 965 1778 1178 1832; x_wconf 88' lang='lat' dir='ltr'><strong>illorunt</strong></span> <span class='ocrx_word' id='word_1_116' title='bbox 1205 1778 1414 1841; x_wconf 89' lang='lat' dir='ltr'><strong>modus,</strong></span> <span class='ocrx_word' id='word_1_117' title='bbox 1443 1793 1616 1832; x_wconf 90' lang='lat' dir='ltr'><strong>novus</strong></span> <span class='ocrx_word' id='word_1_118' title='bbox 1653 1792 1753 1832; x_wconf 90' lang='lat' dir='ltr'><strong>nec</strong></span> <span class='ocrx_word' id='word_1_119' title='bbox 1775 1794 2012 1849; x_wconf 92' lang='lat' dir='ltr'><strong>unquam</strong></span> <span class='ocrx_word' id='word_1_120' title='bbox 2047 1795 2147 1832; x_wconf 76' lang='lat' dir='ltr'><strong>aa-</strong></span> 
     </span>
    </p>
   </div>
   <div class='ocr_carea' id='block_1_20' title="bbox 2241 577 3860 653">
    <p class='ocr_par' dir='ltr' id='par_1_20' title="bbox 2241 577 3860 653">
     <span class='ocr_line' id='line_1_20' title="bbox 2241 577 3860 653; baseline -0.004 -18"><span class='ocrx_word' id='word_1_121' title='bbox 2241 581 2397 652; x_wconf 85' lang='grc' dir='ltr'>κακῷ</span> <span class='ocrx_word' id='word_1_122' title='bbox 2414 582 2491 653; x_wconf 84' lang='grc' dir='ltr'>τῷ</span> <span class='ocrx_word' id='word_1_123' title='bbox 2507 581 2670 634; x_wconf 73' lang='grc' dir='ltr'>αὐτοῦ</span> <span class='ocrx_word' id='word_1_124' title='bbox 2694 580 2916 652; x_wconf 82' lang='grc' dir='ltr'>μετιὼν,</span> <span class='ocrx_word' id='word_1_125' title='bbox 2934 580 3022 633; x_wconf 75' lang='grc' dir='ltr'><strong>τὸν</strong></span> <span class='ocrx_word' id='word_1_126' title='bbox 3045 580 3184 633; x_wconf 81' lang='grc' dir='ltr'><strong>κατά</strong></span> <span class='ocrx_word' id='word_1_127' title='bbox 3210 578 3577 650; x_wconf 78' lang='grc' dir='ltr'>Χριστιανῶν</span> <span class='ocrx_word' id='word_1_128' title='bbox 3594 577 3860 646; x_wconf 68' lang='grc' dir='ltr'>διωγμὸν,</span> 
     </span>
    </p>
   </div>
   <div class='ocr_carea' id='block_1_21' title="bbox 2243 670 3863 747">
    <p class='ocr_par' dir='ltr' id='par_1_21' title="bbox 2243 670 3863 747">
     <span class='ocr_line' id='line_1_21' title="bbox 2243 670 3863 747; baseline -0.001 -19"><span class='ocrx_word' id='word_1_129' title='bbox 2243 675 2432 747; x_wconf 81' lang='grc' dir='ltr'>ὣσπερ</span> <span class='ocrx_word' id='word_1_130' title='bbox 2456 674 2577 728; x_wconf 77' lang='grc' dir='ltr'>τινὰ</span> <span class='ocrx_word' id='word_1_131' title='bbox 2603 674 2770 728; x_wconf 88' lang='grc' dir='ltr'>πάλαι</span> <span class='ocrx_word' id='word_1_132' title='bbox 2794 673 3235 744; x_wconf 77' lang='grc' dir='ltr'>κατεσϐεσμένην</span> <span class='ocrx_word' id='word_1_133' title='bbox 3267 672 3447 744; x_wconf 76' lang='grc' dir='ltr'>πυρὸς</span> <span class='ocrx_word' id='word_1_134' title='bbox 3471 670 3681 741; x_wconf 77' lang='grc' dir='ltr'>ἀκμὴν</span> <span class='ocrx_word' id='word_1_135' title='bbox 3709 671 3863 743; x_wconf 74' lang='grc' dir='ltr'>ἀνερο</span> 
     </span>
    </p>
   </div>
   <div class='ocr_carea' id='block_1_22' title="bbox 2248 762 3865 838">
    <p class='ocr_par' dir='ltr' id='par_1_22' title="bbox 2248 762 3865 838">
     <span class='ocr_line' id='line_1_22' title="bbox 2248 762 3865 838; baseline -0.004 -20"><span class='ocrx_word' id='word_1_136' title='bbox 2248 765 2462 837; x_wconf 73' lang='grc' dir='ltr'>ῥίπιζε,</span> <span class='ocrx_word' id='word_1_137' title='bbox 2503 765 2808 838; x_wconf 78' lang='grc' dir='ltr'><strong>δεινοτέραν</strong></span> <span class='ocrx_word' id='word_1_138' title='bbox 2843 765 2946 834; x_wconf 82' lang='grc' dir='ltr'>ἥοὶ</span> <span class='ocrx_word' id='word_1_139' title='bbox 2973 764 3205 834; x_wconf 78' lang='grc' dir='ltr'><strong>πρόσθεν</strong></span> <span class='ocrx_word' id='word_1_140' title='bbox 3242 762 3335 834; x_wconf 79' lang='grc' dir='ltr'>τὴν</span> <span class='ocrx_word' id='word_1_141' title='bbox 3374 763 3496 832; x_wconf 77' lang='grc' dir='ltr'>τῆς</span> <span class='ocrx_word' id='word_1_142' title='bbox 3533 762 3865 826; x_wconf 72' lang='grc' dir='ltr'>δυσσεϐεξις</span> 
     </span>
    </p>
   </div>
   <div class='ocr_carea' id='block_1_23' title="bbox 2242 850 3866 928">
    <p class='ocr_par' dir='ltr' id='par_1_23' title="bbox 2242 850 3866 928">
     <span class='ocr_line' id='line_1_23' title="bbox 2242 850 3866 928; baseline -0.003 -18"><span class='ocrx_word' id='word_1_143' title='bbox 2242 859 2490 924; x_wconf 82' lang='grc' dir='ltr'>ἐξάπτων</span> <span class='ocrx_word' id='word_1_144' title='bbox 2519 858 2710 928; x_wconf 81' lang='grc' dir='ltr'>φλόγα.</span> <span class='ocrx_word' id='word_1_145' title='bbox 2735 859 2844 911; x_wconf 76' lang='grc' dir='ltr'><strong>Καὶ</strong></span> <span class='ocrx_word' id='word_1_146' title='bbox 2877 857 2941 928; x_wconf 81' lang='grc' dir='ltr'>δὴ</span> <span class='ocrx_word' id='word_1_147' title='bbox 2966 852 3054 910; x_wconf 77' lang='grc' dir='ltr'>οἶά</span> <span class='ocrx_word' id='word_1_148' title='bbox 3081 874 3164 920; x_wconf 88' lang='grc' dir='ltr'><strong>τις</strong></span> <span class='ocrx_word' id='word_1_149' title='bbox 3201 855 3303 926; x_wconf 77' lang='grc' dir='ltr'>θὴρ</span> <span class='ocrx_word' id='word_1_150' title='bbox 3337 855 3556 918; x_wconf 72' lang='grc' dir='ltr'>δεινὸς,</span> <span class='ocrx_word' id='word_1_151' title='bbox 3586 852 3624 924; x_wconf 77' lang='grc' dir='ltr'>ἢ</span> <span class='ocrx_word' id='word_1_152' title='bbox 3655 850 3866 918; x_wconf 73' lang='grc' dir='ltr'>σκολιὸς</span> 
     </span>
    </p>
   </div>
   <div class='ocr_carea' id='block_1_24' title="bbox 2247 948 3866 1024">
    <p class='ocr_par' dir='ltr' id='par_1_24' title="bbox 2247 948 3866 1024">
     <span class='ocr_line' id='line_1_24' title="bbox 2247 948 3866 1024; baseline -0.004 -19"><span class='ocrx_word' id='word_1_153' title='bbox 2247 953 2370 1022; x_wconf 78' lang='grc' dir='ltr'>ὄφις</span> <span class='ocrx_word' id='word_1_154' title='bbox 2400 970 2466 1004; x_wconf 88' lang='grc' dir='ltr'><strong>πε</strong></span> <span class='ocrx_word' id='word_1_155' title='bbox 2476 953 2529 1024; x_wconf 72' lang='grc' dir='ltr'>ρὶ</span> <span class='ocrx_word' id='word_1_156' title='bbox 2561 952 2750 1004; x_wconf 76' lang='grc' dir='ltr'>ἑαυτὸν</span> <span class='ocrx_word' id='word_1_157' title='bbox 2775 951 3166 1020; x_wconf 76' lang='grc' dir='ltr'><strong>ἰλυσπώμενος,</strong></span> <span class='ocrx_word' id='word_1_158' title='bbox 3190 948 3366 1021; x_wconf 79' lang='grc' dir='ltr'>θυμοῦ</span> <span class='ocrx_word' id='word_1_159' title='bbox 3393 966 3464 1002; x_wconf 86' lang='grc' dir='ltr'><strong>τε</strong></span> <span class='ocrx_word' id='word_1_160' title='bbox 3499 949 3610 1002; x_wconf 76' lang='grc' dir='ltr'>καὶ</span> <span class='ocrx_word' id='word_1_161' title='bbox 3636 948 3866 1018; x_wconf 64' lang='grc' dir='ltr'>ἀτειλῆς</span> 
     </span>
    </p>
   </div>
   <div class='ocr_carea' id='block_1_25' title="bbox 2246 1037 3867 1113">
    <p class='ocr_par' dir='ltr' id='par_1_25' title="bbox 2246 1037 3867 1113">
     <span class='ocr_line' id='line_1_25' title="bbox 2246 1037 3867 1113; baseline -0.003 -18"><span class='ocrx_word' id='word_1_162' title='bbox 2246 1042 2514 1113; x_wconf 82' lang='grc' dir='ltr'>θεομάχου</span> <span class='ocrx_word' id='word_1_163' title='bbox 2545 1041 2745 1105; x_wconf 81' lang='grc' dir='ltr'>πνέων,</span> <span class='ocrx_word' id='word_1_164' title='bbox 2773 1040 2924 1094; x_wconf 69' lang='grc' dir='ltr'>οὔπω</span> <span class='ocrx_word' id='word_1_165' title='bbox 2950 1042 3046 1112; x_wconf 80' lang='grc' dir='ltr'>μὲν</span> <span class='ocrx_word' id='word_1_166' title='bbox 3069 1043 3132 1094; x_wconf 73' lang='grc' dir='ltr'>ἐκ</span> <span class='ocrx_word' id='word_1_167' title='bbox 3155 1039 3249 1092; x_wconf 76' lang='grc' dir='ltr'>τοῦ</span> <span class='ocrx_word' id='word_1_168' title='bbox 3280 1037 3626 1109; x_wconf 73' lang='grc' dir='ltr'><strong>προφανοῦς</strong></span> <span class='ocrx_word' id='word_1_169' title='bbox 3663 1037 3756 1090; x_wconf 76' lang='grc' dir='ltr'><strong>διὰ</strong></span> <span class='ocrx_word' id='word_1_170' title='bbox 3784 1037 3867 1091; x_wconf 67' lang='grc' dir='ltr'>τὸν</span> 
     </span>
    </p>
   </div>
   <div class='ocr_carea' id='block_1_26' title="bbox 2246 1129 3867 1201">
    <p class='ocr_par' dir='ltr' id='par_1_26' title="bbox 2246 1129 3867 1201">
     <span class='ocr_line' id='line_1_26' title="bbox 2246 1129 3867 1201; baseline -0.001 -17"><span class='ocrx_word' id='word_1_171' title='bbox 2246 1131 2654 1184; x_wconf 82' lang='grc' dir='ltr'>Κωνσταντῐνου</span> <span class='ocrx_word' id='word_1_172' title='bbox 2679 1131 2863 1201; x_wconf 78' lang='grc' dir='ltr'>φόϐον,</span> <span class='ocrx_word' id='word_1_173' title='bbox 2896 1135 3017 1195; x_wconf 85' lang='grc' dir='ltr'>ταῖς</span> <span class='ocrx_word' id='word_1_174' title='bbox 3051 1132 3140 1184; x_wconf 80' lang='grc' dir='ltr'><strong>ὑπ’</strong></span> <span class='ocrx_word' id='word_1_175' title='bbox 3182 1129 3755 1198; x_wconf 74' lang='grc' dir='ltr'>αὑτὸνἘκκλησίιιις</span> <span class='ocrx_word' id='word_1_176' title='bbox 3780 1129 3867 1182; x_wconf 73' lang='grc' dir='ltr'>τοῦ</span> 
     </span>
    </p>
   </div>
   <div class='ocr_carea' id='block_1_27' title="bbox 2248 1222 3868 1296">
    <p class='ocr_par' dir='ltr' id='par_1_27' title="bbox 2248 1222 3868 1296">
     <span class='ocr_line' id='line_1_27' title="bbox 2248 1222 3868 1296; baseline 0.001 -21"><span class='ocrx_word' id='word_1_177' title='bbox 2248 1223 2383 1276; x_wconf 79' lang='grc' dir='ltr'>Θεοῦ</span> <span class='ocrx_word' id='word_1_178' title='bbox 2425 1222 2681 1293; x_wconf 77' lang='grc' dir='ltr'><strong>πολεμεῖν</strong></span> <span class='ocrx_word' id='word_1_179' title='bbox 2725 1225 2947 1295; x_wconf 82' lang='grc' dir='ltr'>ἐτόλμα,</span> <span class='ocrx_word' id='word_1_180' title='bbox 2995 1223 3253 1296; x_wconf 77' lang='grc' dir='ltr'>κρύπτων</span> <span class='ocrx_word' id='word_1_181' title='bbox 3280 1223 3335 1278; x_wconf 81' lang='grc' dir='ltr'>δὲ</span> <span class='ocrx_word' id='word_1_182' title='bbox 3376 1226 3490 1295; x_wconf 79' lang='grc' dir='ltr'>τῆς</span> <span class='ocrx_word' id='word_1_183' title='bbox 3537 1223 3760 1286; x_wconf 76' lang='grc' dir='ltr'>κακίας</span> <span class='ocrx_word' id='word_1_184' title='bbox 3784 1223 3868 1277; x_wconf 76' lang='grc' dir='ltr'><strong>τὺν</strong></span> 
     </span>
    </p>
   </div>
   <div class='ocr_carea' id='block_1_28' title="bbox 2251 1315 3867 1388">
    <p class='ocr_par' dir='ltr' id='par_1_28' title="bbox 2251 1315 3867 1388">
     <span class='ocr_line' id='line_1_28' title="bbox 2251 1315 3867 1388; baseline 0.001 -20"><span class='ocrx_word' id='word_1_185' title='bbox 2251 1315 2348 1379; x_wconf 79' lang='grc' dir='ltr'>ἰὸν,</span> <span class='ocrx_word' id='word_1_186' title='bbox 2393 1316 2658 1388; x_wconf 83' lang='grc' dir='ltr'>λαθραίας</span> <span class='ocrx_word' id='word_1_187' title='bbox 2698 1316 2790 1370; x_wconf 70' lang='grc' dir='ltr'>καὶ</span> <span class='ocrx_word' id='word_1_188' title='bbox 2841 1315 3073 1388; x_wconf 86' lang='grc' dir='ltr'>μερικὰς</span> <span class='ocrx_word' id='word_1_189' title='bbox 3123 1317 3359 1370; x_wconf 77' lang='grc' dir='ltr'>ἐποιεῖτο</span> <span class='ocrx_word' id='word_1_190' title='bbox 3393 1316 3507 1380; x_wconf 75' lang='grc' dir='ltr'>τὰς</span> <span class='ocrx_word' id='word_1_191' title='bbox 3558 1315 3717 1368; x_wconf 74' lang='grc' dir='ltr'><strong>κατά</strong></span> <span class='ocrx_word' id='word_1_192' title='bbox 3762 1315 3867 1370; x_wconf 80' lang='grc' dir='ltr'>τῶν</span> 
     </span>
    </p>
   </div>
   <div class='ocr_carea' id='block_1_29' title="bbox 2248 1407 3868 1480">
    <p class='ocr_par' dir='ltr' id='par_1_29' title="bbox 2248 1407 3868 1480">
     <span class='ocr_line' id='line_1_29' title="bbox 2248 1407 3868 1480; baseline -0.001 -20"><span class='ocrx_word' id='word_1_193' title='bbox 2248 1409 2563 1462; x_wconf 79' lang='grc' dir='ltr'>ἐπισκόπων</span> <span class='ocrx_word' id='word_1_194' title='bbox 2599 1410 2894 1472; x_wconf 85' lang='grc' dir='ltr'>συσκευάς·</span> <span class='ocrx_word' id='word_1_195' title='bbox 2945 1409 3196 1480; x_wconf 80' lang='grc' dir='ltr'>ἀνῃρεῖτό</span> <span class='ocrx_word' id='word_1_196' title='bbox 3226 1426 3283 1460; x_wconf 88' lang='grc' dir='ltr'><strong>τε</strong></span> <span class='ocrx_word' id='word_1_197' title='bbox 3312 1408 3377 1460; x_wconf 86' lang='grc' dir='ltr'><strong>δι’</strong></span> <span class='ocrx_word' id='word_1_198' title='bbox 3409 1407 3744 1476; x_wconf 75' lang='grc' dir='ltr'>ἐπιϐουλῆς</span> <span class='ocrx_word' id='word_1_199' title='bbox 3766 1407 3868 1459; x_wconf 77' lang='grc' dir='ltr'>τῶν</span> 
     </span>
    </p>
   </div>
   <div class='ocr_carea' id='block_1_30' title="bbox 2251 1499 3867 1572">
    <p class='ocr_par' dir='ltr' id='par_1_30' title="bbox 2251 1499 3867 1572">
     <span class='ocr_line' id='line_1_30' title="bbox 2251 1499 3867 1572; baseline -0.001 -19"><span class='ocrx_word' id='word_1_200' title='bbox 2251 1503 2372 1554; x_wconf 80' lang='grc' dir='ltr'>κατ’</span> <span class='ocrx_word' id='word_1_201' title='bbox 2394 1500 2546 1564; x_wconf 80' lang='grc' dir='ltr'>ἔθνος</span> <span class='ocrx_word' id='word_1_202' title='bbox 2571 1502 2846 1572; x_wconf 84' lang='grc' dir='ltr'><strong>ἀρχόντων</strong></span> <span class='ocrx_word' id='word_1_203' title='bbox 2877 1502 3002 1564; x_wconf 70' lang='grc' dir='ltr'>τοὺς</span> <span class='ocrx_word' id='word_1_204' title='bbox 3040 1501 3243 1555; x_wconf 77' lang='grc' dir='ltr'>τούτων</span> <span class='ocrx_word' id='word_1_205' title='bbox 3272 1499 3716 1572; x_wconf 75' lang='grc' dir='ltr'><strong>δοκιμωτάτους</strong></span> <span class='ocrx_word' id='word_1_206' title='bbox 3736 1517 3750 1529; x_wconf 88' lang='grc'><strong>·</strong></span> <span class='ocrx_word' id='word_1_207' title='bbox 3779 1502 3867 1552; x_wconf 70' lang='grc' dir='ltr'>καὶ</span> 
     </span>
    </p>
   </div>
   <div class='ocr_carea' id='block_1_31' title="bbox 2248 1587 3865 1665">
    <p class='ocr_par' dir='ltr' id='par_1_31' title="bbox 2248 1587 3865 1665">
     <span class='ocr_line' id='line_1_31' title="bbox 2248 1587 3865 1665; baseline 0 -21"><span class='ocrx_word' id='word_1_208' title='bbox 2248 1595 2276 1645; x_wconf 87' lang='grc' dir='ltr'>ὁ</span> <span class='ocrx_word' id='word_1_209' title='bbox 2321 1594 2523 1665; x_wconf 79' lang='grc' dir='ltr'><strong>τρόπος</strong></span> <span class='ocrx_word' id='word_1_210' title='bbox 2561 1594 2616 1647; x_wconf 82' lang='grc' dir='ltr'>δὲ</span> <span class='ocrx_word' id='word_1_211' title='bbox 2647 1593 2740 1647; x_wconf 80' lang='grc' dir='ltr'>τοῦ</span> <span class='ocrx_word' id='word_1_212' title='bbox 2781 1597 2902 1647; x_wconf 79' lang='grc' dir='ltr'>κατ’</span> <span class='ocrx_word' id='word_1_213' title='bbox 2927 1593 3107 1647; x_wconf 81' lang='grc' dir='ltr'>αὐτῶν</span> <span class='ocrx_word' id='word_1_214' title='bbox 3141 1593 3301 1662; x_wconf 86' lang='grc' dir='ltr'>φόνου</span> <span class='ocrx_word' id='word_1_215' title='bbox 3351 1592 3602 1659; x_wconf 73' lang='grc' dir='ltr'>ξενίζων</span> <span class='ocrx_word' id='word_1_216' title='bbox 3648 1610 3739 1655; x_wconf 88' lang='grc' dir='ltr'><strong>τις</strong></span> <span class='ocrx_word' id='word_1_217' title='bbox 3781 1587 3865 1662; x_wconf 77' lang='grc' dir='ltr'>ἦν,</span> 
     </span>
    </p>
   </div>
   <div class='ocr_carea' id='block_1_32' title="bbox 2249 1680 3865 1758">
    <p class='ocr_par' dir='ltr' id='par_1_32' title="bbox 2249 1680 3865 1758">
     <span class='ocr_line' id='line_1_32' title="bbox 2249 1680 3865 1758; baseline -0.001 -18"><span class='ocrx_word' id='word_1_218' title='bbox 2249 1680 2360 1749; x_wconf 74' lang='grc' dir='ltr'>οἷος</span> <span class='ocrx_word' id='word_1_219' title='bbox 2406 1687 2749 1741; x_wconf 76' lang='grc' dir='ltr'>οὐδεπώποτε</span> <span class='ocrx_word' id='word_1_220' title='bbox 2772 1687 3103 1757; x_wconf 77' lang='grc' dir='ltr'>γνωσθῆναι.</span> <span class='ocrx_word' id='word_1_221' title='bbox 3133 1687 3298 1742; x_wconf 66' lang='grc' dir='ltr'>Ταῦτ’</span> <span class='ocrx_word' id='word_1_222' title='bbox 3322 1683 3414 1741; x_wconf 77' lang='grc' dir='ltr'><strong>οὖν</strong></span> <span class='ocrx_word' id='word_1_223' title='bbox 3446 1686 3580 1758; x_wconf 73' lang='lat'><strong>(‘29.)</strong></span> <span class='ocrx_word' id='word_1_224' title='bbox 3603 1687 3756 1756; x_wconf 72' lang='grc' dir='ltr'>ἀμφὶ</span> <span class='ocrx_word' id='word_1_225' title='bbox 3772 1687 3865 1756; x_wconf 73' lang='grc' dir='ltr'>τὴν</span> 
     </span>
    </p>
   </div>
   <div class='ocr_carea' id='block_1_33' title="bbox 2265 1781 3863 1853">
    <p class='ocr_par' dir='ltr' id='par_1_33' title="bbox 2265 1781 3863 1853">
     <span class='ocr_line' id='line_1_33' title="bbox 2265 1781 3863 1853; baseline -0.002 -19"><span class='ocrx_word' id='word_1_226' title='bbox 2265 1781 2560 1852; x_wconf 85' lang='grc' dir='ltr'>Ἀμάσειαν</span> <span class='ocrx_word' id='word_1_227' title='bbox 2593 1781 2688 1835; x_wconf 79' lang='grc' dir='ltr'>τοῦ</span> <span class='ocrx_word' id='word_1_228' title='bbox 2724 1783 2923 1835; x_wconf 84' lang='grc' dir='ltr'>Πόντου</span> <span class='ocrx_word' id='word_1_229' title='bbox 2959 1781 3421 1853; x_wconf 86' lang='grc' dir='ltr'>κατεργασθέντα,</span> <span class='ocrx_word' id='word_1_230' title='bbox 3455 1783 3668 1835; x_wconf 83' lang='grc' dir='ltr'>πᾶσαν</span> <span class='ocrx_word' id='word_1_231' title='bbox 3698 1781 3863 1851; x_wconf 76' lang='grc' dir='ltr'>ὑπερ-</span> 
     </span>
    </p>
   </div>
   <div class='ocr_carea' id='block_1_34' title="bbox 570 1847 2150 1947">
    <p class='ocr_par' dir='ltr' id='par_1_34' title="bbox 570 1869 2148 1941">
     <span class='ocr_line' id='line_1_34' title="bbox 570 1869 2148 1941; baseline 0.001 -16"><span class='ocrx_word' id='word_1_232' title='bbox 570 1884 651 1926; x_wconf 76' lang='lat' dir='ltr'><strong>tca</strong></span> <span class='ocrx_word' id='word_1_233' title='bbox 689 1871 938 1940; x_wconf 74' lang='lat' dir='ltr'><strong>cognitus</strong></span> <span class='ocrx_word' id='word_1_234' title='bbox 967 1870 1084 1924; x_wconf 90' lang='lat' dir='ltr'><strong>fuit.</strong></span> <span class='ocrx_word' id='word_1_235' title='bbox 1115 1870 1280 1924; x_wconf 87' lang='lat' dir='ltr'><strong>Certe</strong></span> <span class='ocrx_word' id='word_1_236' title='bbox 1318 1885 1437 1939; x_wconf 74' lang='lat' dir='ltr'><strong>qure</strong></span> <span class='ocrx_word' id='word_1_237' title='bbox 1471 1869 1614 1940; x_wconf 91' lang='lat' dir='ltr'><strong>apud</strong></span> <span class='ocrx_word' id='word_1_238' title='bbox 1672 1872 1943 1926; x_wconf 86' lang='lat' dir='ltr'><strong>Amasiant</strong></span> <span class='ocrx_word' id='word_1_239' title='bbox 1993 1883 2148 1941; x_wconf 77' lang='lat' dir='ltr'><strong>gesta</strong></span> 
     </span>
    </p>
   </div>
   <div class='ocr_carea' id='block_1_35' title="bbox 2255 1847 3194 1947">
    <p class='ocr_par' dir='ltr' id='par_1_35' title="bbox 2259 1875 3194 1947">
     <span class='ocr_line' id='line_1_35' title="bbox 2259 1875 3194 1947; baseline -0.001 -18"><span class='ocrx_word' id='word_1_240' title='bbox 2259 1876 2420 1947; x_wconf 73' lang='grc' dir='ltr'>ϐολήν</span> <span class='ocrx_word' id='word_1_241' title='bbox 2447 1876 2728 1946; x_wconf 81' lang='grc' dir='ltr'><strong>ὠμότητος</strong></span> <span class='ocrx_word' id='word_1_242' title='bbox 2753 1875 3194 1947; x_wconf 77' lang='grc' dir='ltr'>ὑπερηκόντιζεν.</span> 
     </span>
    </p>
   </div>
   <div class='ocr_carea' id='block_1_36' title="bbox 581 1960 2046 2031">
    <p class='ocr_par' dir='ltr' id='par_1_36' title="bbox 581 1960 2046 2031">
     <span class='ocr_line' id='line_1_36' title="bbox 581 1960 2046 2031; baseline -0.001 -10"><span class='ocrx_word' id='word_1_243' title='bbox 581 1973 730 2031; x_wconf 81' lang='lat' dir='ltr'><strong>sunt,</strong></span> <span class='ocrx_word' id='word_1_244' title='bbox 761 1978 978 2020; x_wconf 79' lang='lat' dir='ltr'><strong>omnem</strong></span> <span class='ocrx_word' id='word_1_245' title='bbox 1011 1960 1350 2017; x_wconf 87' lang='lat' dir='ltr'><strong>crudelitatis</strong></span> <span class='ocrx_word' id='word_1_246' title='bbox 1379 1963 1596 2016; x_wconf 88' lang='lat' dir='ltr'><strong>modum</strong></span> <span class='ocrx_word' id='word_1_247' title='bbox 1633 1969 2046 2020; x_wconf 78' lang='lat' dir='ltr'><strong>transcemlunt.</strong></span> 
     </span>
    </p>
   </div>
   <div class='ocr_carea' id='block_1_37' title="bbox 1199 2055 1535 2115">
    <p class='ocr_par' dir='ltr' id='par_1_37' title="bbox 1199 2055 1535 2115">
     <span class='ocr_line' id='line_1_37' title="bbox 1199 2055 1535 2115; baseline -0.006 -3"><span class='ocrx_word' id='word_1_248' title='bbox 1199 2057 1429 2115; x_wconf 78' lang='lat' dir='ltr'><strong>CAPUT</strong></span> <span class='ocrx_word' id='word_1_249' title='bbox 1470 2055 1535 2110; x_wconf 90' lang='lat' dir='ltr'><strong>ll.</strong></span> 
     </span>
    </p>
   </div>
   <div class='ocr_carea' id='block_1_38' title="bbox 766 2154 1928 2223">
    <p class='ocr_par' dir='ltr' id='par_1_38' title="bbox 766 2154 1928 2223">
     <span class='ocr_line' id='line_1_38' title="bbox 766 2154 1928 2223; baseline 0.003 -17"><span class='ocrx_word' id='word_1_250' title='bbox 766 2155 1017 2208; x_wconf 68' lang='lat' dir='ltr'><strong>Ecclesia:</strong></span> <span class='ocrx_word' id='word_1_251' title='bbox 1057 2154 1273 2218; x_wconf 79' lang='lat' dir='ltr'><strong>dirntte,</strong></span> <span class='ocrx_word' id='word_1_252' title='bbox 1314 2163 1360 2205; x_wconf 79' lang='lat' dir='ltr'><strong>et</strong></span> <span class='ocrx_word' id='word_1_253' title='bbox 1388 2156 1612 2223; x_wconf 77' lang='lat' dir='ltr'><strong>episcopi</strong></span> <span class='ocrx_word' id='word_1_254' title='bbox 1657 2155 1928 2209; x_wconf 75' lang='lat' dir='ltr'><strong>trucidati.</strong></span> 
     </span>
    </p>
   </div>
   <div class='ocr_carea' id='block_1_39' title="bbox 646 2311 2155 2386">
    <p class='ocr_par' dir='ltr' id='par_1_39' title="bbox 646 2311 2155 2386">
     <span class='ocr_line' id='line_1_39' title="bbox 646 2311 2155 2386; baseline 0.004 -24"><span class='ocrx_word' id='word_1_255' title='bbox 646 2314 759 2379; x_wconf 85' lang='lat' dir='ltr'><strong>Qua</strong></span> <span class='ocrx_word' id='word_1_256' title='bbox 788 2315 838 2366; x_wconf 91' lang='lat' dir='ltr'><strong>in</strong></span> <span class='ocrx_word' id='word_1_257' title='bbox 872 2313 1007 2366; x_wconf 84' lang='lat' dir='ltr'><strong>urbe</strong></span> <span class='ocrx_word' id='word_1_258' title='bbox 1028 2313 1273 2366; x_wconf 66' lang='lat' dir='ltr'><strong>ecclesiae</strong></span> <span class='ocrx_word' id='word_1_259' title='bbox 1312 2312 1429 2373; x_wconf 90' lang='lat' dir='ltr'><strong>Dei,</strong></span> <span class='ocrx_word' id='word_1_260' title='bbox 1469 2311 1586 2364; x_wconf 85' lang='lat' dir='ltr'><strong>ali:e</strong></span> <span class='ocrx_word' id='word_1_261' title='bbox 1633 2314 1826 2367; x_wconf 88' lang='lat' dir='ltr'><strong>iterum</strong></span> <span class='ocrx_word' id='word_1_262' title='bbox 1860 2325 1979 2384; x_wconf 90' lang='lat' dir='ltr'><strong>post</strong></span> <span class='ocrx_word' id='word_1_263' title='bbox 2009 2319 2155 2386; x_wconf 90' lang='lat' dir='ltr'><strong>prio-</strong></span> 
     </span>
    </p>
   </div>
   <div class='ocr_carea' id='block_1_40' title="bbox 503 2397 2155 2474">
    <p class='ocr_par' dir='ltr' id='par_1_40' title="bbox 503 2397 2155 2474">
     <span class='ocr_line' id='line_1_40' title="bbox 503 2397 2155 2474; baseline 0.001 -13"><span class='ocrx_word' id='word_1_264' title='bbox 503 2397 510 2404; x_wconf 74' lang='grc'><strong>’</strong></span> <span class='ocrx_word' id='word_1_265' title='bbox 570 2422 684 2461; x_wconf 89' lang='lat' dir='ltr'><strong>rem</strong></span> <span class='ocrx_word' id='word_1_266' title='bbox 717 2407 863 2460; x_wconf 88' lang='lat' dir='ltr'><strong>illam</strong></span> <span class='ocrx_word' id='word_1_267' title='bbox 889 2404 1343 2474; x_wconf 77' lang='lat' dir='ltr'><strong>expugnationem</strong></span> <span class='ocrx_word' id='word_1_268' title='bbox 1391 2415 1616 2471; x_wconf 65' lang='lat' dir='ltr'><strong>aequata:</strong></span> <span class='ocrx_word' id='word_1_269' title='bbox 1670 2417 1798 2460; x_wconf 89' lang='lat' dir='ltr'><strong>sunt</strong></span> <span class='ocrx_word' id='word_1_270' title='bbox 1837 2405 1951 2460; x_wconf 91' lang='lat' dir='ltr'><strong>solo</strong></span> <span class='ocrx_word' id='word_1_271' title='bbox 1987 2425 1999 2460; x_wconf 90' lang='lat'><strong>:</strong></span> <span class='ocrx_word' id='word_1_272' title='bbox 2035 2409 2155 2462; x_wconf 72' lang='lat' dir='ltr'><strong>alize</strong></span> 
     </span>
    </p>
   </div>
   <div class='ocr_carea' id='block_1_41' title="bbox 569 2492 2149 2568">
    <p class='ocr_par' dir='ltr' id='par_1_41' title="bbox 569 2492 2149 2568">
     <span class='ocr_line' id='line_1_41' title="bbox 569 2492 2149 2568; baseline 0.001 -16"><span class='ocrx_word' id='word_1_273' title='bbox 569 2499 769 2552; x_wconf 75' lang='lat' dir='ltr'><strong>clausa:</strong></span> <span class='ocrx_word' id='word_1_274' title='bbox 817 2511 846 2550; x_wconf 87' lang='lat' dir='ltr'><strong>a</strong></span> <span class='ocrx_word' id='word_1_275' title='bbox 881 2493 1204 2566; x_wconf 77' lang='lat' dir='ltr'><strong>praesidibus</strong></span> <span class='ocrx_word' id='word_1_276' title='bbox 1259 2492 1706 2563; x_wconf 81' lang='lat' dir='ltr'><strong>provinciarum;</strong></span> <span class='ocrx_word' id='word_1_277' title='bbox 1745 2512 1811 2550; x_wconf 92' lang='lat' dir='ltr'><strong>ne</strong></span> <span class='ocrx_word' id='word_1_278' title='bbox 1866 2497 2149 2568; x_wconf 73' lang='lat' dir='ltr'><strong>quisquam</strong></span> 
     </span>
    </p>
   </div>
   <div class='ocr_carea' id='block_1_42' title="bbox 567 2590 2148 2662">
    <p class='ocr_par' dir='ltr' id='par_1_42' title="bbox 567 2590 2148 2662">
     <span class='ocr_line' id='line_1_42' title="bbox 567 2590 2148 2662; baseline 0.001 -16"><span class='ocrx_word' id='word_1_279' title='bbox 567 2609 758 2648; x_wconf 83' lang='lat' dir='ltr'><strong>eorum</strong></span> <span class='ocrx_word' id='word_1_280' title='bbox 789 2592 878 2662; x_wconf 92' lang='lat' dir='ltr'><strong>qui</strong></span> <span class='ocrx_word' id='word_1_281' title='bbox 911 2606 1005 2647; x_wconf 90' lang='lat' dir='ltr'><strong>eas</strong></span> <span class='ocrx_word' id='word_1_282' title='bbox 1029 2590 1180 2646; x_wconf 88' lang='lat' dir='ltr'><strong>adire</strong></span> <span class='ocrx_word' id='word_1_283' title='bbox 1211 2601 1638 2649; x_wconf 91' lang='lat' dir='ltr'><strong>consueverant.</strong></span> <span class='ocrx_word' id='word_1_284' title='bbox 1679 2606 1744 2645; x_wconf 87' lang='lat' dir='ltr'><strong>eo</strong></span> <span class='ocrx_word' id='word_1_285' title='bbox 1788 2594 2104 2647; x_wconf 79' lang='lat' dir='ltr'><strong>conveniret</strong></span> <span class='ocrx_word' id='word_1_286' title='bbox 2132 2633 2148 2659; x_wconf 93' lang='lat'><strong>,</strong></span> 
     </span>
    </p>
   </div>
   <div class='ocr_carea' id='block_1_43' title="bbox 571 2684 2148 2756">
    <p class='ocr_par' dir='ltr' id='par_1_43' title="bbox 571 2684 2148 2756">
     <span class='ocr_line' id='line_1_43' title="bbox 571 2684 2148 2756; baseline -0.001 -15"><span class='ocrx_word' id='word_1_287' title='bbox 571 2701 709 2742; x_wconf 90' lang='lat' dir='ltr'><strong>neve</strong></span> <span class='ocrx_word' id='word_1_288' title='bbox 741 2687 1039 2739; x_wconf 86' lang='lat' dir='ltr'><strong>solemnem</strong></span> <span class='ocrx_word' id='word_1_289' title='bbox 1075 2685 1275 2740; x_wconf 89' lang='lat' dir='ltr'><strong>cultum</strong></span> <span class='ocrx_word' id='word_1_290' title='bbox 1312 2685 1423 2740; x_wconf 91' lang='lat' dir='ltr'><strong>Deo</strong></span> <span class='ocrx_word' id='word_1_291' title='bbox 1462 2686 1767 2740; x_wconf 75' lang='lat' dir='ltr'><strong>exhiberet.</strong></span> <span class='ocrx_word' id='word_1_292' title='bbox 1803 2684 1989 2756; x_wconf 83' lang='lat' dir='ltr'><strong>Neque</strong></span> <span class='ocrx_word' id='word_1_293' title='bbox 2007 2687 2148 2740; x_wconf 90' lang='lat' dir='ltr'><strong>enim</strong></span> 
     </span>
    </p>
   </div>
   <div class='ocr_carea' id='block_1_44' title="bbox 569 2777 2151 2854">
    <p class='ocr_par' dir='ltr' id='par_1_44' title="bbox 569 2777 2151 2854">
     <span class='ocr_line' id='line_1_44' title="bbox 569 2777 2151 2854; baseline 0.001 -24"><span class='ocrx_word' id='word_1_294' title='bbox 569 2781 664 2854; x_wconf 88' lang='lat' dir='ltr'><strong>qui</strong></span> <span class='ocrx_word' id='word_1_295' title='bbox 702 2779 813 2833; x_wconf 78' lang='lat' dir='ltr'><strong>haec</strong></span> <span class='ocrx_word' id='word_1_296' title='bbox 834 2777 1080 2846; x_wconf 74' lang='lat' dir='ltr'><strong>iubebat,</strong></span> <span class='ocrx_word' id='word_1_297' title='bbox 1113 2778 1463 2848; x_wconf 83' lang='lat' dir='ltr'><strong>precationes</strong></span> <span class='ocrx_word' id='word_1_298' title='bbox 1495 2777 1607 2830; x_wconf 91' lang='lat' dir='ltr'><strong>illic</strong></span> <span class='ocrx_word' id='word_1_299' title='bbox 1636 2792 1734 2846; x_wconf 89' lang='lat' dir='ltr'><strong>pro</strong></span> <span class='ocrx_word' id='word_1_300' title='bbox 1785 2793 1847 2832; x_wconf 91' lang='lat' dir='ltr'><strong>se</strong></span> <span class='ocrx_word' id='word_1_301' title='bbox 1891 2778 2005 2832; x_wconf 79' lang='lat' dir='ltr'><strong>fieri</strong></span> <span class='ocrx_word' id='word_1_302' title='bbox 2035 2778 2151 2847; x_wconf 84' lang='lat' dir='ltr'><strong>opi-</strong></span> 
     </span>
    </p>
   </div>
   <div class='ocr_carea' id='block_1_45' title="bbox 575 2868 2148 2942">
    <p class='ocr_par' dir='ltr' id='par_1_45' title="bbox 575 2868 2148 2942">
     <span class='ocr_line' id='line_1_45' title="bbox 575 2868 2148 2942; baseline -0.001 -17"><span class='ocrx_word' id='word_1_303' title='bbox 575 2875 840 2936; x_wconf 87' lang='lat' dir='ltr'><strong>nabatur;</strong></span> <span class='ocrx_word' id='word_1_304' title='bbox 870 2871 1138 2926; x_wconf 88' lang='lat' dir='ltr'><strong>scelerum</strong></span> <span class='ocrx_word' id='word_1_305' title='bbox 1159 2871 1368 2925; x_wconf 88' lang='lat' dir='ltr'><strong>scilicet</strong></span> <span class='ocrx_word' id='word_1_306' title='bbox 1399 2871 1734 2925; x_wconf 88' lang='lat' dir='ltr'><strong>conscientia</strong></span> <span class='ocrx_word' id='word_1_307' title='bbox 1768 2870 1818 2922; x_wconf 92' lang='lat' dir='ltr'><strong>in</strong></span> <span class='ocrx_word' id='word_1_308' title='bbox 1836 2868 2001 2942; x_wconf 66' lang='grc'><strong>444</strong></span> <span class='ocrx_word' id='word_1_309' title='bbox 2029 2883 2148 2923; x_wconf 89' lang='lat' dir='ltr'><strong>eam</strong></span> 
     </span>
    </p>
   </div>
   <div class='ocr_carea' id='block_1_46' title="bbox 571 2961 2150 3034">
    <p class='ocr_par' dir='ltr' id='par_1_46' title="bbox 571 2961 2150 3034">
     <span class='ocr_line' id='line_1_46' title="bbox 571 2961 2150 3034; baseline -0.003 -14"><span class='ocrx_word' id='word_1_310' title='bbox 571 2966 882 3034; x_wconf 89' lang='lat' dir='ltr'><strong>opinionem</strong></span> <span class='ocrx_word' id='word_1_311' title='bbox 917 2965 1204 3019; x_wconf 89' lang='lat' dir='ltr'><strong>adductus.</strong></span> <span class='ocrx_word' id='word_1_312' title='bbox 1243 2962 1347 3017; x_wconf 89' lang='lat' dir='ltr'><strong>Sed</strong></span> <span class='ocrx_word' id='word_1_313' title='bbox 1382 2978 1480 3016; x_wconf 89' lang='lat' dir='ltr'><strong>nos</strong></span> <span class='ocrx_word' id='word_1_314' title='bbox 1508 2977 1607 3031; x_wconf 91' lang='lat' dir='ltr'><strong>pro</strong></span> <span class='ocrx_word' id='word_1_315' title='bbox 1630 2961 1993 3017; x_wconf 79' lang='lat' dir='ltr'><strong>Constantino</strong></span> <span class='ocrx_word' id='word_1_316' title='bbox 2019 2978 2150 3017; x_wconf 89' lang='lat' dir='ltr'><strong>cun-</strong></span> 
     </span>
    </p>
   </div>
   <div class='ocr_carea' id='block_1_47' title="bbox 573 3054 2149 3130">
    <p class='ocr_par' dir='ltr' id='par_1_47' title="bbox 573 3054 2149 3130">
     <span class='ocr_line' id='line_1_47' title="bbox 573 3054 2149 3130; baseline -0.003 -15"><span class='ocrx_word' id='word_1_317' title='bbox 573 3070 658 3115; x_wconf 85' lang='lat' dir='ltr'><strong>cla</strong></span> <span class='ocrx_word' id='word_1_318' title='bbox 695 3075 880 3130; x_wconf 77' lang='lat' dir='ltr'><strong>agerc,</strong></span> <span class='ocrx_word' id='word_1_319' title='bbox 923 3073 985 3113; x_wconf 84' lang='lat' dir='ltr'><strong>ac</strong></span> <span class='ocrx_word' id='word_1_320' title='bbox 1014 3058 1198 3112; x_wconf 86' lang='lat' dir='ltr'><strong>divino</strong></span> <span class='ocrx_word' id='word_1_321' title='bbox 1221 3054 1437 3110; x_wconf 89' lang='lat' dir='ltr'><strong>Nnmini</strong></span> <span class='ocrx_word' id='word_1_322' title='bbox 1467 3056 1774 3125; x_wconf 81' lang='lat' dir='ltr'><strong>supplicare</strong></span> <span class='ocrx_word' id='word_1_323' title='bbox 1801 3057 1903 3111; x_wconf 88' lang='lat' dir='ltr'><strong>sibi</strong></span> <span class='ocrx_word' id='word_1_324' title='bbox 1925 3072 2149 3127; x_wconf 85' lang='lat' dir='ltr'><strong>persua-</strong></span> 
     </span>
    </p>
   </div>
   <div class='ocr_carea' id='block_1_48' title="bbox 574 3150 2148 3222">
    <p class='ocr_par' dir='ltr' id='par_1_48' title="bbox 574 3150 2148 3222">
     <span class='ocr_line' id='line_1_48' title="bbox 574 3150 2148 3222; baseline -0.002 -15"><span class='ocrx_word' id='word_1_325' title='bbox 574 3165 740 3211; x_wconf 85' lang='lat' dir='ltr'><strong>serat.</strong></span> <span class='ocrx_word' id='word_1_326' title='bbox 774 3155 843 3206; x_wconf 80' lang='grc' dir='ltr'>Αι</span> <span class='ocrx_word' id='word_1_327' title='bbox 874 3153 1134 3219; x_wconf 83' lang='lat' dir='ltr'><strong>praesides</strong></span> <span class='ocrx_word' id='word_1_328' title='bbox 1182 3161 1366 3222; x_wconf 88' lang='lat' dir='ltr'><strong>utpote</strong></span> <span class='ocrx_word' id='word_1_329' title='bbox 1422 3161 1794 3206; x_wconf 87' lang='lat' dir='ltr'><strong>assentatores</strong></span> <span class='ocrx_word' id='word_1_330' title='bbox 1825 3163 1985 3219; x_wconf 89' lang='lat' dir='ltr'><strong>atque</strong></span> <span class='ocrx_word' id='word_1_331' title='bbox 2013 3150 2148 3204; x_wconf 85' lang='lat' dir='ltr'><strong>adu-</strong></span> 
     </span>
    </p>
   </div>
   <div class='ocr_carea' id='block_1_49' title="bbox 2789 2059 3286 2114">
    <p class='ocr_par' dir='ltr' id='par_1_49' title="bbox 2789 2059 3286 2114">
     <span class='ocr_line' id='line_1_49' title="bbox 2789 2059 3286 2114; baseline -0.004 0"><span class='ocrx_word' id='word_1_332' title='bbox 2789 2059 3184 2114; x_wconf 81' lang='grc' dir='ltr'><strong>ΚΕΦΑΛΛῙΟΝ</strong></span> <span class='ocrx_word' id='word_1_333' title='bbox 3213 2061 3286 2113; x_wconf 89' lang='lat' dir='ltr'><strong>B&#39;.</strong></span> 
     </span>
    </p>
   </div>
   <div class='ocr_carea' id='block_1_50' title="bbox 2256 2151 3860 2275">
    <p class='ocr_par' dir='ltr' id='par_1_50' title="bbox 2256 2151 3860 2275">
     <span class='ocr_line' id='line_1_50' title="bbox 2256 2151 3860 2275; baseline -0.004 -69"><span class='ocrx_word' id='word_1_334' title='bbox 2256 2153 2633 2221; x_wconf 78' lang='grc' dir='ltr'>Καθαιρέσεις</span> <span class='ocrx_word' id='word_1_335' title='bbox 2665 2151 3026 2275; x_wconf 48' lang='grc' dir='ltr'>ἐκκλησιῶφῖ</span> <span class='ocrx_word' id='word_1_336' title='bbox 3076 2153 3174 2205; x_wconf 78' lang='grc' dir='ltr'>καὶ</span> <span class='ocrx_word' id='word_1_337' title='bbox 3211 2151 3578 2205; x_wconf 73' lang='grc' dir='ltr'>ἐπισκόπων</span> <span class='ocrx_word' id='word_1_338' title='bbox 3619 2163 3860 2216; x_wconf 69' lang='grc' dir='ltr'>κρεοῳο</span> 
     </span>
     <span class='ocr_line' id='line_1_51' title="bbox 2962 2240 3104 2275; baseline 0 0"><span class='ocrx_word' id='word_1_339' title='bbox 2962 2242 3000 2275; x_wconf 66' lang='grc' dir='ltr'><em>φ</em></span> <span class='ocrx_word' id='word_1_340' title='bbox 3024 2240 3104 2275; x_wconf 85' lang='grc' dir='ltr'>αι.</span> 
     </span>
    </p>
   </div>
   <div class='ocr_carea' id='block_1_51' title="bbox 2962 2240 3104 2292">
    <p class='ocr_par' dir='ltr' id='par_1_51' title="bbox 2962 2240 3104 2292">
     <span class='ocr_line' id='line_1_52' title="bbox 2962 2240 3104 2292; baseline 0 -17"><span class='ocrx_word' id='word_1_341' title='bbox 2962 2240 3104 2292; x_wconf 63' lang='lat' dir='ltr'><strong>ritu.</strong></span> 
     </span>
    </p>
   </div>
   <div class='ocr_carea' id='block_1_52' title="bbox 2331 2312 3856 2387">
    <p class='ocr_par' dir='ltr' id='par_1_52' title="bbox 2331 2312 3856 2387">
     <span class='ocr_line' id='line_1_53' title="bbox 2331 2312 3856 2387; baseline -0.003 -19"><span class='ocrx_word' id='word_1_342' title='bbox 2331 2316 2496 2369; x_wconf 82' lang='grc' dir='ltr'>Ἔνθα</span> <span class='ocrx_word' id='word_1_343' title='bbox 2526 2315 2634 2369; x_wconf 83' lang='grc' dir='ltr'>τῶν</span> <span class='ocrx_word' id='word_1_344' title='bbox 2668 2315 2970 2385; x_wconf 78' lang='grc' dir='ltr'><strong>ἐκκλησιῶν</strong></span> <span class='ocrx_word' id='word_1_345' title='bbox 3016 2318 3070 2369; x_wconf 86' lang='grc' dir='ltr'>αἱ</span> <span class='ocrx_word' id='word_1_346' title='bbox 3121 2316 3219 2387; x_wconf 76' lang='grc' dir='ltr'>μὲν</span> <span class='ocrx_word' id='word_1_347' title='bbox 3250 2315 3308 2378; x_wconf 79' lang='grc' dir='ltr'><strong>ἐξ</strong></span> <span class='ocrx_word' id='word_1_348' title='bbox 3343 2313 3516 2385; x_wconf 62' lang='grc' dir='ltr'>ὕψους</span> <span class='ocrx_word' id='word_1_349' title='bbox 3547 2316 3637 2376; x_wconf 72' lang='grc' dir='ltr'><strong>εἰς</strong></span> <span class='ocrx_word' id='word_1_350' title='bbox 3667 2312 3856 2380; x_wconf 80' lang='grc' dir='ltr'>ἔδαφος</span> 
     </span>
    </p>
   </div>
   <div class='ocr_carea' id='block_1_53' title="bbox 2254 2403 3858 2480">
    <p class='ocr_par' dir='ltr' id='par_1_53' title="bbox 2254 2403 3858 2480">
     <span class='ocr_line' id='line_1_54' title="bbox 2254 2403 3858 2480; baseline -0.003 -19"><span class='ocrx_word' id='word_1_351' title='bbox 2254 2407 2414 2461; x_wconf 82' lang='grc' dir='ltr'>τοῦτο</span> <span class='ocrx_word' id='word_1_352' title='bbox 2439 2407 2689 2479; x_wconf 81' lang='grc' dir='ltr'>δεύτερον</span> <span class='ocrx_word' id='word_1_353' title='bbox 2721 2407 2860 2478; x_wconf 83' lang='grc' dir='ltr'><strong>μετά</strong></span> <span class='ocrx_word' id='word_1_354' title='bbox 2877 2407 2975 2471; x_wconf 77' lang='grc' dir='ltr'>τὰς</span> <span class='ocrx_word' id='word_1_355' title='bbox 2998 2406 3220 2480; x_wconf 84' lang='grc' dir='ltr'>πρώτας</span> <span class='ocrx_word' id='word_1_356' title='bbox 3245 2406 3602 2478; x_wconf 79' lang='grc' dir='ltr'>καθῃροῦντο</span> <span class='ocrx_word' id='word_1_357' title='bbox 3642 2403 3858 2475; x_wconf 78' lang='grc' dir='ltr'>πολιορ-</span> 
     </span>
    </p>
   </div>
   <div class='ocr_carea' id='block_1_54' title="bbox 2255 2496 3852 2567">
    <p class='ocr_par' dir='ltr' id='par_1_54' title="bbox 2255 2496 3852 2567">
     <span class='ocr_line' id='line_1_55' title="bbox 2255 2496 3852 2567; baseline -0.004 -14"><span class='ocrx_word' id='word_1_358' title='bbox 2255 2501 2398 2564; x_wconf 84' lang='grc' dir='ltr'>κίας,</span> <span class='ocrx_word' id='word_1_359' title='bbox 2427 2500 2524 2563; x_wconf 79' lang='grc' dir='ltr'><strong>τὰς</strong></span> <span class='ocrx_word' id='word_1_360' title='bbox 2552 2500 2595 2552; x_wconf 88' lang='grc' dir='ltr'>δ’</span> <span class='ocrx_word' id='word_1_361' title='bbox 2626 2499 2913 2552; x_wconf 73' lang='grc' dir='ltr'>ἀπέκλειον</span> <span class='ocrx_word' id='word_1_362' title='bbox 2939 2499 2988 2551; x_wconf 84' lang='grc' dir='ltr'>οἱ</span> <span class='ocrx_word' id='word_1_363' title='bbox 3028 2497 3168 2552; x_wconf 76' lang='grc' dir='ltr'>κατὰ</span> <span class='ocrx_word' id='word_1_364' title='bbox 3215 2498 3414 2561; x_wconf 85' lang='grc' dir='ltr'>τόπους</span> <span class='ocrx_word' id='word_1_365' title='bbox 3441 2497 3753 2567; x_wconf 77' lang='grc' dir='ltr'>ἡγεμόνες,</span> <span class='ocrx_word' id='word_1_366' title='bbox 3783 2496 3852 2556; x_wconf 82' lang='grc' dir='ltr'>ὡς</span> 
     </span>
    </p>
   </div>
   <div class='ocr_carea' id='block_1_55' title="bbox 2257 2587 3852 2665">
    <p class='ocr_par' dir='ltr' id='par_1_55' title="bbox 2257 2587 3852 2665">
     <span class='ocr_line' id='line_1_56' title="bbox 2257 2587 3852 2665; baseline -0.005 -19"><span class='ocrx_word' id='word_1_367' title='bbox 2257 2593 2323 2647; x_wconf 89' lang='grc' dir='ltr'>ἂν</span> <span class='ocrx_word' id='word_1_368' title='bbox 2350 2594 2423 2665; x_wconf 79' lang='grc' dir='ltr'>μὴ</span> <span class='ocrx_word' id='word_1_369' title='bbox 2452 2591 2736 2660; x_wconf 77' lang='grc' dir='ltr'>συνάγοιτό</span> <span class='ocrx_word' id='word_1_370' title='bbox 2757 2609 2842 2655; x_wconf 87' lang='grc' dir='ltr'><strong>τις</strong></span> <span class='ocrx_word' id='word_1_371' title='bbox 2866 2592 2973 2645; x_wconf 82' lang='grc' dir='ltr'>τῶν</span> <span class='ocrx_word' id='word_1_372' title='bbox 3001 2591 3288 2653; x_wconf 82' lang='grc' dir='ltr'>εἰωθότων,</span> <span class='ocrx_word' id='word_1_373' title='bbox 3317 2591 3451 2660; x_wconf 77' lang='grc' dir='ltr'>μηδὲ</span> <span class='ocrx_word' id='word_1_374' title='bbox 3479 2591 3566 2660; x_wconf 78' lang='grc' dir='ltr'><strong>τῷ</strong></span> <span class='ocrx_word' id='word_1_375' title='bbox 3603 2587 3732 2658; x_wconf 86' lang='grc' dir='ltr'><strong>Θεῷ</strong></span> <span class='ocrx_word' id='word_1_376' title='bbox 3759 2588 3852 2650; x_wconf 67' lang='grc' dir='ltr'><strong>τὰς</strong></span> 
     </span>
    </p>
   </div>
   <div class='ocr_carea' id='block_1_56' title="bbox 2255 2681 3849 2756">
    <p class='ocr_par' dir='ltr' id='par_1_56' title="bbox 2255 2681 3849 2756">
     <span class='ocr_line' id='line_1_57' title="bbox 2255 2681 3849 2756; baseline -0.003 -20"><span class='ocrx_word' id='word_1_377' title='bbox 2255 2685 2550 2756; x_wconf 77' lang='grc' dir='ltr'>ἐνθέσμους</span> <span class='ocrx_word' id='word_1_378' title='bbox 2583 2685 2802 2756; x_wconf 77' lang='grc' dir='ltr'>ἀποδῴη</span> <span class='ocrx_word' id='word_1_379' title='bbox 2853 2683 3106 2756; x_wconf 82' lang='grc' dir='ltr'>λατρείας</span> <span class='ocrx_word' id='word_1_380' title='bbox 3140 2684 3273 2754; x_wconf 71' lang='grc'><strong>(23).</strong></span> <span class='ocrx_word' id='word_1_381' title='bbox 3304 2683 3702 2736; x_wconf 76' lang='grc' dir='ltr'>Συντελείσθαι</span> <span class='ocrx_word' id='word_1_382' title='bbox 3746 2681 3849 2750; x_wconf 66' lang='grc' dir='ltr'>γὰρ</span> 
     </span>
    </p>
   </div>
   <div class='ocr_carea' id='block_1_57' title="bbox 2253 2775 3848 2850">
    <p class='ocr_par' dir='ltr' id='par_1_57' title="bbox 2253 2775 3848 2850">
     <span class='ocr_line' id='line_1_58' title="bbox 2253 2775 3848 2850; baseline -0.001 -21"><span class='ocrx_word' id='word_1_383' title='bbox 2253 2778 2351 2848; x_wconf 85' lang='grc' dir='ltr'>οὐχ</span> <span class='ocrx_word' id='word_1_384' title='bbox 2373 2780 2554 2848; x_wconf 76' lang='grc' dir='ltr'>ἡγεῖτο</span> <span class='ocrx_word' id='word_1_385' title='bbox 2573 2778 2713 2850; x_wconf 81' lang='grc' dir='ltr'>ὑπὲρ</span> <span class='ocrx_word' id='word_1_386' title='bbox 2746 2776 2908 2830; x_wconf 82' lang='grc' dir='ltr'>αὐτοῦ</span> <span class='ocrx_word' id='word_1_387' title='bbox 2942 2777 3144 2839; x_wconf 77' lang='grc' dir='ltr'>ταύτας</span> <span class='ocrx_word' id='word_1_388' title='bbox 3175 2779 3202 2830; x_wconf 91' lang='grc' dir='ltr'>ὁ</span> <span class='ocrx_word' id='word_1_389' title='bbox 3233 2776 3300 2829; x_wconf 83' lang='grc' dir='ltr'>τὰ</span> <span class='ocrx_word' id='word_1_390' title='bbox 3340 2777 3519 2829; x_wconf 81' lang='grc' dir='ltr'>τοιάδε</span> <span class='ocrx_word' id='word_1_391' title='bbox 3567 2775 3848 2846; x_wconf 79' lang='grc' dir='ltr'>προστάτ-</span> 
     </span>
    </p>
   </div>
   <div class='ocr_carea' id='block_1_58' title="bbox 2251 2866 3848 2940">
    <p class='ocr_par' dir='ltr' id='par_1_58' title="bbox 2251 2866 3848 2940">
     <span class='ocr_line' id='line_1_59' title="bbox 2251 2866 3848 2940; baseline -0.003 -18"><span class='ocrx_word' id='word_1_392' title='bbox 2251 2888 2380 2934; x_wconf 85' lang='grc' dir='ltr'>των,</span> <span class='ocrx_word' id='word_1_393' title='bbox 2432 2869 2688 2923; x_wconf 79' lang='grc' dir='ltr'>συνειδότι</span> <span class='ocrx_word' id='word_1_394' title='bbox 2717 2869 2904 2940; x_wconf 74' lang='grc' dir='ltr'>φαύλῳ</span> <span class='ocrx_word' id='word_1_395' title='bbox 2952 2868 3108 2922; x_wconf 77' lang='grc' dir='ltr'>τοῦτο</span> <span class='ocrx_word' id='word_1_396' title='bbox 3154 2867 3537 2938; x_wconf 76' lang='grc' dir='ltr'>λογιζόμενος·</span> <span class='ocrx_word' id='word_1_397' title='bbox 3596 2866 3742 2939; x_wconf 71' lang='grc' dir='ltr'>ὑπὲρ</span> <span class='ocrx_word' id='word_1_398' title='bbox 3793 2866 3848 2918; x_wconf 81' lang='grc' dir='ltr'>δὲ</span> 
     </span>
    </p>
   </div>
   <div class='ocr_carea' id='block_1_59' title="bbox 2254 2959 3848 3034">
    <p class='ocr_par' dir='ltr' id='par_1_59' title="bbox 2254 2959 3848 3034">
     <span class='ocr_line' id='line_1_60' title="bbox 2254 2959 3848 3034; baseline -0.003 -20"><span class='ocrx_word' id='word_1_399' title='bbox 2254 2963 2664 3016; x_wconf 79' lang='grc' dir='ltr'>Κωνσταντίνου</span> <span class='ocrx_word' id='word_1_400' title='bbox 2707 2962 2965 3034; x_wconf 83' lang='grc' dir='ltr'>πράττειν</span> <span class='ocrx_word' id='word_1_401' title='bbox 3000 2961 3176 3016; x_wconf 84' lang='grc' dir='ltr'>πάντα</span> <span class='ocrx_word' id='word_1_402' title='bbox 3210 2962 3388 3031; x_wconf 78' lang='grc' dir='ltr'>ἡμᾶς,</span> <span class='ocrx_word' id='word_1_403' title='bbox 3426 2960 3522 3013; x_wconf 77' lang='grc' dir='ltr'>καὶ</span> <span class='ocrx_word' id='word_1_404' title='bbox 3571 2959 3672 3012; x_wconf 71' lang='grc' dir='ltr'><strong>τὸν</strong></span> <span class='ocrx_word' id='word_1_405' title='bbox 3720 2959 3848 3011; x_wconf 75' lang='grc' dir='ltr'>Θεὸν</span> 
     </span>
    </p>
   </div>
   <div class='ocr_carea' id='block_1_60' title="bbox 2255 3051 3845 3115">
    <p class='ocr_par' dir='ltr' id='par_1_60' title="bbox 2255 3051 3845 3115">
     <span class='ocr_line' id='line_1_61' title="bbox 2255 3051 3845 3115; baseline -0.002 -11"><span class='ocrx_word' id='word_1_406' title='bbox 2255 3051 2525 3106; x_wconf 74' lang='grc' dir='ltr'>ἱλεοῦσθαι</span> <span class='ocrx_word' id='word_1_407' title='bbox 2569 3052 2849 3106; x_wconf 87' lang='grc' dir='ltr'>πέπειστο.</span> <span class='ocrx_word' id='word_1_408' title='bbox 2903 3053 2962 3105; x_wconf 89' lang='grc' dir='ltr'><strong>Οἱ</strong></span> <span class='ocrx_word' id='word_1_409' title='bbox 3010 3051 3054 3103; x_wconf 85' lang='grc' dir='ltr'>δ’</span> <span class='ocrx_word' id='word_1_410' title='bbox 3091 3051 3256 3104; x_wconf 79' lang='grc' dir='ltr'>αὐτοῦ</span> <span class='ocrx_word' id='word_1_411' title='bbox 3296 3051 3476 3115; x_wconf 83' lang='grc' dir='ltr'>θῶπες</span> <span class='ocrx_word' id='word_1_412' title='bbox 3537 3051 3704 3114; x_wconf 74' lang='grc' dir='ltr'>ὄντες</span> <span class='ocrx_word' id='word_1_413' title='bbox 3755 3051 3845 3102; x_wconf 74' lang='grc' dir='ltr'>καὶ</span> 
     </span>
    </p>
   </div>
   <div class='ocr_carea' id='block_1_61' title="bbox 2255 3143 3841 3217">
    <p class='ocr_par' dir='ltr' id='par_1_61' title="bbox 2255 3143 3841 3217">
     <span class='ocr_line' id='line_1_62' title="bbox 2255 3143 3841 3217; baseline -0.004 -18"><span class='ocrx_word' id='word_1_414' title='bbox 2255 3144 2504 3208; x_wconf 87' lang='grc' dir='ltr'>κόλακες,</span> <span class='ocrx_word' id='word_1_415' title='bbox 2546 3144 2614 3198; x_wconf 78' lang='grc' dir='ltr'><strong>τὰ</strong></span> <span class='ocrx_word' id='word_1_416' title='bbox 2652 3145 2779 3214; x_wconf 83' lang='grc' dir='ltr'>φίλα</span> <span class='ocrx_word' id='word_1_417' title='bbox 2810 3145 3070 3217; x_wconf 81' lang='grc' dir='ltr'>πράττειν</span> <span class='ocrx_word' id='word_1_418' title='bbox 3099 3145 3177 3216; x_wconf 83' lang='grc' dir='ltr'><strong>τῷ</strong></span> <span class='ocrx_word' id='word_1_419' title='bbox 3204 3144 3428 3214; x_wconf 77' lang='grc' dir='ltr'>δυσαγεῖ</span> <span class='ocrx_word' id='word_1_420' title='bbox 3458 3143 3841 3214; x_wconf 76' lang='grc' dir='ltr'>πεπεισμένοι,</span> 
     </span>
    </p>
   </div>
   <div class='ocr_carea' id='block_1_62' title="bbox 574 3210 2150 3314">
    <p class='ocr_par' dir='ltr' id='par_1_62' title="bbox 574 3242 2150 3314">
     <span class='ocr_line' id='line_1_63' title="bbox 574 3242 2150 3314; baseline -0.002 -14"><span class='ocrx_word' id='word_1_421' title='bbox 574 3247 796 3311; x_wconf 83' lang='lat' dir='ltr'><strong>latores,</strong></span> <span class='ocrx_word' id='word_1_422' title='bbox 828 3262 952 3300; x_wconf 91' lang='lat' dir='ltr'><strong>cum</strong></span> <span class='ocrx_word' id='word_1_423' title='bbox 1003 3261 1118 3300; x_wconf 87' lang='lat' dir='ltr'><strong>rent</strong></span> <span class='ocrx_word' id='word_1_424' title='bbox 1165 3254 1376 3314; x_wconf 82' lang='lat' dir='ltr'><strong>gratam</strong></span> <span class='ocrx_word' id='word_1_425' title='bbox 1411 3243 1723 3311; x_wconf 73' lang='lat' dir='ltr'><strong>imperatori</strong></span> <span class='ocrx_word' id='word_1_426' title='bbox 1758 3242 1939 3298; x_wconf 88' lang='lat' dir='ltr'><strong>facere</strong></span> <span class='ocrx_word' id='word_1_427' title='bbox 1965 3259 2022 3297; x_wconf 90' lang='lat' dir='ltr'><strong>se</strong></span> <span class='ocrx_word' id='word_1_428' title='bbox 2054 3258 2150 3313; x_wconf 87' lang='lat' dir='ltr'><strong>pro</strong></span> 
     </span>
    </p>
   </div>
   <div class='ocr_carea' id='block_1_63' title="bbox 2255 3210 3842 3314">
    <p class='ocr_par' dir='ltr' id='par_1_63' title="bbox 2255 3234 3842 3307">
     <span class='ocr_line' id='line_1_64' title="bbox 2255 3234 3842 3307; baseline -0.003 -17"><span class='ocrx_word' id='word_1_429' title='bbox 2255 3237 2379 3299; x_wconf 78' lang='grc' dir='ltr'>τοὺς</span> <span class='ocrx_word' id='word_1_430' title='bbox 2412 3236 2813 3307; x_wconf 81' lang='grc' dir='ltr'>δοκιμωτάτους</span> <span class='ocrx_word' id='word_1_431' title='bbox 2832 3237 2941 3290; x_wconf 80' lang='grc' dir='ltr'><strong>τῶν</strong></span> <span class='ocrx_word' id='word_1_432' title='bbox 2966 3235 3269 3306; x_wconf 77' lang='grc' dir='ltr'>ἐκκλησιῶν</span> <span class='ocrx_word' id='word_1_433' title='bbox 3296 3236 3597 3307; x_wconf 79' lang='grc' dir='ltr'>προέδρους</span> <span class='ocrx_word' id='word_1_434' title='bbox 3632 3234 3842 3305; x_wconf 78' lang='grc' dir='ltr'>κεφαλι-</span> 
     </span>
    </p>
   </div>
   <div class='ocr_carea' id='block_1_64' title="bbox 575 3333 2150 3405">
    <p class='ocr_par' dir='ltr' id='par_1_64' title="bbox 575 3333 2150 3405">
     <span class='ocr_line' id='line_1_65' title="bbox 575 3333 2150 3405; baseline -0.001 -19"><span class='ocrx_word' id='word_1_435' title='bbox 575 3347 731 3390; x_wconf 76' lang='lat' dir='ltr'><strong>rcrto</strong></span> <span class='ocrx_word' id='word_1_436' title='bbox 757 3337 1046 3400; x_wconf 83' lang='lat' dir='ltr'><strong>haberent,</strong></span> <span class='ocrx_word' id='word_1_437' title='bbox 1074 3336 1309 3405; x_wconf 87' lang='lat' dir='ltr'><strong>optimos</strong></span> <span class='ocrx_word' id='word_1_438' title='bbox 1343 3350 1588 3405; x_wconf 89' lang='lat' dir='ltr'><strong>quosque</strong></span> <span class='ocrx_word' id='word_1_439' title='bbox 1621 3333 1977 3386; x_wconf 81' lang='lat' dir='ltr'><strong>ecclesiarum</strong></span> <span class='ocrx_word' id='word_1_440' title='bbox 2006 3333 2150 3385; x_wconf 87' lang='lat' dir='ltr'><strong>anti-</strong></span> 
     </span>
    </p>
   </div>
   <div class='ocr_carea' id='block_1_65' title="bbox 575 3422 2149 3496">
    <p class='ocr_par' dir='ltr' id='par_1_65' title="bbox 575 3422 2149 3496">
     <span class='ocr_line' id='line_1_66' title="bbox 575 3422 2149 3496; baseline -0.003 -16"><span class='ocrx_word' id='word_1_441' title='bbox 575 3429 734 3481; x_wconf 76' lang='lat' dir='ltr'><strong>stites</strong></span> <span class='ocrx_word' id='word_1_442' title='bbox 763 3425 981 3495; x_wconf 84' lang='lat' dir='ltr'><strong>capitali</strong></span> <span class='ocrx_word' id='word_1_443' title='bbox 1036 3426 1300 3496; x_wconf 84' lang='lat' dir='ltr'><strong>supplicio</strong></span> <span class='ocrx_word' id='word_1_444' title='bbox 1329 3427 1674 3479; x_wconf 72' lang='lat' dir='ltr'><strong>addixerunt.</strong></span> <span class='ocrx_word' id='word_1_445' title='bbox 1699 3423 1894 3492; x_wconf 74' lang='lat' dir='ltr'><strong>itaque</strong></span> <span class='ocrx_word' id='word_1_446' title='bbox 1928 3424 2027 3477; x_wconf 86' lang='lat' dir='ltr'><strong>viri</strong></span> <span class='ocrx_word' id='word_1_447' title='bbox 2061 3422 2149 3492; x_wconf 91' lang='lat' dir='ltr'><strong>qui</strong></span> 
     </span>
    </p>
   </div>
   <div class='ocr_carea' id='block_1_66' title="bbox 580 3514 2154 3586">
    <p class='ocr_par' dir='ltr' id='par_1_66' title="bbox 580 3514 2154 3586">
     <span class='ocr_line' id='line_1_67' title="bbox 580 3514 2154 3586; baseline -0.003 -14"><span class='ocrx_word' id='word_1_448' title='bbox 580 3519 710 3573; x_wconf 85' lang='lat' dir='ltr'><strong>nihil</strong></span> <span class='ocrx_word' id='word_1_449' title='bbox 746 3517 870 3572; x_wconf 90' lang='lat' dir='ltr'><strong>mali</strong></span> <span class='ocrx_word' id='word_1_450' title='bbox 904 3519 1315 3584; x_wconf 87' lang='lat' dir='ltr'><strong>commiserant,</strong></span> <span class='ocrx_word' id='word_1_451' title='bbox 1347 3517 1553 3586; x_wconf 82' lang='lat' dir='ltr'><strong>absque</strong></span> <span class='ocrx_word' id='word_1_452' title='bbox 1585 3515 1691 3570; x_wconf 92' lang='lat' dir='ltr'><strong>ulla</strong></span> <span class='ocrx_word' id='word_1_453' title='bbox 1725 3531 1884 3569; x_wconf 87' lang='lat' dir='ltr'><strong>causa</strong></span> <span class='ocrx_word' id='word_1_454' title='bbox 1917 3514 2154 3568; x_wconf 83' lang='lat' dir='ltr'><strong>abduce-</strong></span> 
     </span>
    </p>
   </div>
   <div class='ocr_carea' id='block_1_67' title="bbox 575 3605 2151 3677">
    <p class='ocr_par' dir='ltr' id='par_1_67' title="bbox 575 3605 2151 3677">
     <span class='ocr_line' id='line_1_68' title="bbox 575 3605 2151 3677; baseline -0.004 -11"><span class='ocrx_word' id='word_1_455' title='bbox 575 3612 796 3676; x_wconf 84' lang='lat' dir='ltr'><strong>bantur,</strong></span> <span class='ocrx_word' id='word_1_456' title='bbox 823 3619 875 3662; x_wconf 90' lang='lat' dir='ltr'><strong>et</strong></span> <span class='ocrx_word' id='word_1_457' title='bbox 901 3609 1266 3677; x_wconf 85' lang='lat' dir='ltr'><strong>puniebantur</strong></span> <span class='ocrx_word' id='word_1_458' title='bbox 1310 3608 1535 3676; x_wconf 90' lang='lat' dir='ltr'><strong>perinde</strong></span> <span class='ocrx_word' id='word_1_459' title='bbox 1558 3623 1621 3663; x_wconf 88' lang='lat' dir='ltr'><strong>ac</strong></span> <span class='ocrx_word' id='word_1_460' title='bbox 1652 3607 1858 3662; x_wconf 90' lang='lat' dir='ltr'><strong>sicarii.</strong></span> <span class='ocrx_word' id='word_1_461' title='bbox 1891 3605 2151 3662; x_wconf 86' lang='lat' dir='ltr'><strong>Nonnulli</strong></span> 
     </span>
    </p>
   </div>
   <div class='ocr_carea' id='block_1_68' title="bbox 579 3701 2152 3772">
    <p class='ocr_par' dir='ltr' id='par_1_68' title="bbox 579 3701 2152 3772">
     <span class='ocr_line' id='line_1_69' title="bbox 579 3701 2152 3772; baseline -0.002 -16"><span class='ocrx_word' id='word_1_462' title='bbox 579 3717 775 3757; x_wconf 89' lang='lat' dir='ltr'><strong>novum</strong></span> <span class='ocrx_word' id='word_1_463' title='bbox 808 3702 1078 3772; x_wconf 87' lang='lat' dir='ltr'><strong>quoddam</strong></span> <span class='ocrx_word' id='word_1_464' title='bbox 1109 3703 1300 3755; x_wconf 90' lang='lat' dir='ltr'><strong>mortis</strong></span> <span class='ocrx_word' id='word_1_465' title='bbox 1334 3716 1503 3769; x_wconf 78' lang='lat' dir='ltr'><strong>genus</strong></span> <span class='ocrx_word' id='word_1_466' title='bbox 1526 3701 1886 3770; x_wconf 74' lang='lat' dir='ltr'><strong>pertulerunt,</strong></span> <span class='ocrx_word' id='word_1_467' title='bbox 1917 3714 2152 3768; x_wconf 87' lang='lat' dir='ltr'><strong>corpore</strong></span> 
     </span>
    </p>
   </div>
   <div class='ocr_carea' id='block_1_69' title="bbox 579 3790 2149 3861">
    <p class='ocr_par' dir='ltr' id='par_1_69' title="bbox 579 3790 2149 3861">
     <span class='ocr_line' id='line_1_70' title="bbox 579 3790 2149 3861; baseline 0 -17"><span class='ocrx_word' id='word_1_468' title='bbox 579 3794 633 3845; x_wconf 91' lang='lat' dir='ltr'><strong>in</strong></span> <span class='ocrx_word' id='word_1_469' title='bbox 666 3793 866 3846; x_wconf 90' lang='lat' dir='ltr'><strong>multas</strong></span> <span class='ocrx_word' id='word_1_470' title='bbox 899 3802 1080 3861; x_wconf 86' lang='lat' dir='ltr'><strong>partes</strong></span> <span class='ocrx_word' id='word_1_471' title='bbox 1116 3790 1390 3848; x_wconf 83' lang='lat' dir='ltr'><strong>frustatim</strong></span> <span class='ocrx_word' id='word_1_472' title='bbox 1458 3791 1704 3849; x_wconf 81' lang='lat' dir='ltr'><strong>concise.</strong></span> <span class='ocrx_word' id='word_1_473' title='bbox 1753 3800 1808 3843; x_wconf 86' lang='lat' dir='ltr'><strong>et</strong></span> <span class='ocrx_word' id='word_1_474' title='bbox 1843 3801 1957 3859; x_wconf 88' lang='lat' dir='ltr'><strong>post</strong></span> <span class='ocrx_word' id='word_1_475' title='bbox 1997 3801 2149 3844; x_wconf 89' lang='lat' dir='ltr'><strong>atrox</strong></span> 
     </span>
    </p>
   </div>
   <div class='ocr_carea' id='block_1_70' title="bbox 576 3882 2156 3952">
    <p class='ocr_par' dir='ltr' id='par_1_70' title="bbox 576 3882 2156 3952">
     <span class='ocr_line' id='line_1_71' title="bbox 576 3882 2156 3952; baseline -0.001 -17"><span class='ocrx_word' id='word_1_476' title='bbox 576 3883 708 3936; x_wconf 87' lang='lat' dir='ltr'><strong>illitd</strong></span> <span class='ocrx_word' id='word_1_477' title='bbox 737 3883 996 3952; x_wconf 88' lang='lat' dir='ltr'><strong>omnique</strong></span> <span class='ocrx_word' id='word_1_478' title='bbox 1053 3884 1258 3952; x_wconf 73' lang='lat' dir='ltr'><strong>tragico</strong></span> <span class='ocrx_word' id='word_1_479' title='bbox 1308 3882 1563 3952; x_wconf 78' lang='lat' dir='ltr'><strong>figmento</strong></span> <span class='ocrx_word' id='word_1_480' title='bbox 1599 3883 1914 3939; x_wconf 77' lang='lat' dir='ltr'><strong>horribilius</strong></span> <span class='ocrx_word' id='word_1_481' title='bbox 1945 3893 2156 3952; x_wconf 88' lang='lat' dir='ltr'><strong>specta-</strong></span> 
     </span>
    </p>
   </div>
   <div class='ocr_carea' id='block_1_71' title="bbox 577 3977 2152 4048">
    <p class='ocr_par' dir='ltr' id='par_1_71' title="bbox 577 3977 2152 4048">
     <span class='ocr_line' id='line_1_72' title="bbox 577 3977 2152 4048; baseline -0.001 -15"><span class='ocrx_word' id='word_1_482' title='bbox 577 3981 782 4044; x_wconf 82' lang='lat' dir='ltr'><strong>culum,</strong></span> <span class='ocrx_word' id='word_1_483' title='bbox 819 3989 874 4034; x_wconf 91' lang='lat' dir='ltr'><strong>ut</strong></span> <span class='ocrx_word' id='word_1_484' title='bbox 899 3980 1136 4048; x_wconf 88' lang='lat' dir='ltr'><strong>piscibus</strong></span> <span class='ocrx_word' id='word_1_485' title='bbox 1161 3979 1341 4031; x_wconf 88' lang='lat' dir='ltr'><strong>cibum</strong></span> <span class='ocrx_word' id='word_1_486' title='bbox 1387 3980 1715 4044; x_wconf 72' lang='lat' dir='ltr'><strong>praeberent,</strong></span> <span class='ocrx_word' id='word_1_487' title='bbox 1746 3978 1796 4030; x_wconf 90' lang='lat' dir='ltr'><strong>in</strong></span> <span class='ocrx_word' id='word_1_488' title='bbox 1830 3977 2152 4032; x_wconf 63' lang='lat' dir='ltr'><strong>altissimum</strong></span> 
     </span>
    </p>
   </div>
   <div class='ocr_carea' id='block_1_72' title="bbox 581 4071 2155 4143">
    <p class='ocr_par' dir='ltr' id='par_1_72' title="bbox 581 4071 2155 4143">
     <span class='ocr_line' id='line_1_73' title="bbox 581 4071 2155 4143; baseline -0.001 -16"><span class='ocrx_word' id='word_1_489' title='bbox 581 4087 731 4127; x_wconf 86' lang='lat' dir='ltr'><strong>mare</strong></span> <span class='ocrx_word' id='word_1_490' title='bbox 766 4073 1012 4143; x_wconf 68' lang='lat' dir='ltr'><strong>proiecti.</strong></span> <span class='ocrx_word' id='word_1_491' title='bbox 1059 4072 1305 4126; x_wconf 73' lang='lat' dir='ltr'><strong>Postltrec</strong></span> <span class='ocrx_word' id='word_1_492' title='bbox 1331 4071 1423 4127; x_wconf 85' lang='lat' dir='ltr'><strong>Dei</strong></span> <span class='ocrx_word' id='word_1_493' title='bbox 1466 4071 1707 4126; x_wconf 88' lang='lat' dir='ltr'><strong>cultores</strong></span> <span class='ocrx_word' id='word_1_494' title='bbox 1769 4071 1945 4141; x_wconf 82' lang='lat' dir='ltr'><strong>fugam</strong></span> <span class='ocrx_word' id='word_1_495' title='bbox 1977 4075 2155 4126; x_wconf 90' lang='lat' dir='ltr'><strong>denuo</strong></span> 
     </span>
    </p>
   </div>
   <div class='ocr_carea' id='block_1_73' title="bbox 579 4163 2158 4232">
    <p class='ocr_par' dir='ltr' id='par_1_73' title="bbox 579 4163 2158 4232">
     <span class='ocr_line' id='line_1_74' title="bbox 579 4163 2158 4232; baseline 0.001 -15"><span class='ocrx_word' id='word_1_496' title='bbox 579 4166 721 4219; x_wconf 89' lang='lat' dir='ltr'><strong>inire</strong></span> <span class='ocrx_word' id='word_1_497' title='bbox 751 4175 1060 4231; x_wconf 49' lang='lat' dir='ltr'><strong>ceperunt.</strong></span> <span class='ocrx_word' id='word_1_498' title='bbox 1101 4163 1299 4217; x_wconf 88' lang='lat' dir='ltr'><strong>lterum</strong></span> <span class='ocrx_word' id='word_1_499' title='bbox 1326 4164 1466 4232; x_wconf 81' lang='lat' dir='ltr'><strong>agri,</strong></span> <span class='ocrx_word' id='word_1_500' title='bbox 1497 4164 1693 4217; x_wconf 91' lang='lat' dir='ltr'><strong>iterum</strong></span> <span class='ocrx_word' id='word_1_501' title='bbox 1729 4163 2052 4219; x_wconf 88' lang='lat' dir='ltr'><strong>solitudines</strong></span> <span class='ocrx_word' id='word_1_502' title='bbox 2077 4165 2158 4218; x_wconf 87' lang='lat' dir='ltr'><strong>fa-</strong></span> 
     </span>
    </p>
   </div>
   <div class='ocr_carea' id='block_1_74' title="bbox 580 4255 2156 4328">
    <p class='ocr_par' dir='ltr' id='par_1_74' title="bbox 580 4255 2156 4328">
     <span class='ocr_line' id='line_1_75' title="bbox 580 4255 2156 4328; baseline -0.001 -15"><span class='ocrx_word' id='word_1_503' title='bbox 580 4258 756 4313; x_wconf 88' lang='lat' dir='ltr'><strong>mulos</strong></span> <span class='ocrx_word' id='word_1_504' title='bbox 787 4257 880 4312; x_wconf 85' lang='lat' dir='ltr'><strong>Dei</strong></span> <span class='ocrx_word' id='word_1_505' title='bbox 913 4272 1226 4324; x_wconf 85' lang='lat' dir='ltr'><strong>suscepere.</strong></span> <span class='ocrx_word' id='word_1_506' title='bbox 1253 4255 1381 4320; x_wconf 66' lang='lat' dir='ltr'><strong>Quae</strong></span> <span class='ocrx_word' id='word_1_507' title='bbox 1406 4258 1530 4310; x_wconf 90' lang='lat' dir='ltr'><strong>dum</strong></span> <span class='ocrx_word' id='word_1_508' title='bbox 1567 4257 1630 4309; x_wconf 88' lang='lat' dir='ltr'><strong>ad</strong></span> <span class='ocrx_word' id='word_1_509' title='bbox 1659 4257 1802 4310; x_wconf 88' lang='lat' dir='ltr'><strong>ltunc</strong></span> <span class='ocrx_word' id='word_1_510' title='bbox 1829 4259 2046 4312; x_wconf 89' lang='lat' dir='ltr'><strong>modum</strong></span> <span class='ocrx_word' id='word_1_511' title='bbox 2072 4267 2156 4328; x_wconf 91' lang='lat' dir='ltr'><strong>ly-</strong></span> 
     </span>
    </p>
   </div>
   <div class='ocr_carea' id='block_1_75' title="bbox 583 4351 2158 4417">
    <p class='ocr_par' dir='ltr' id='par_1_75' title="bbox 583 4351 2158 4417">
     <span class='ocr_line' id='line_1_76' title="bbox 583 4351 2158 4417; baseline -0.003 -9"><span class='ocrx_word' id='word_1_512' title='bbox 583 4370 758 4408; x_wconf 86' lang='lat' dir='ltr'><strong>ranno</strong></span> <span class='ocrx_word' id='word_1_513' title='bbox 785 4353 1164 4415; x_wconf 85' lang='lat' dir='ltr'><strong>succederent,</strong></span> <span class='ocrx_word' id='word_1_514' title='bbox 1196 4351 1451 4417; x_wconf 77' lang='lat' dir='ltr'><strong>deinCeps</strong></span> <span class='ocrx_word' id='word_1_515' title='bbox 1483 4351 1922 4410; x_wconf 74' lang='lat' dir='ltr'><strong>persecutionem</strong></span> <span class='ocrx_word' id='word_1_516' title='bbox 1964 4352 2158 4403; x_wconf 83' lang='lat' dir='ltr'><strong>adver-</strong></span> 
     </span>
    </p>
   </div>
   <div class='ocr_carea' id='block_1_76' title="bbox 578 4441 2154 4498">
    <p class='ocr_par' dir='ltr' id='par_1_76' title="bbox 578 4441 2154 4498">
     <span class='ocr_line' id='line_1_77' title="bbox 578 4441 2154 4498; baseline -0.002 0"><span class='ocrx_word' id='word_1_517' title='bbox 578 4460 670 4498; x_wconf 85' lang='lat' dir='ltr'><strong>sus</strong></span> <span class='ocrx_word' id='word_1_518' title='bbox 697 4458 886 4497; x_wconf 87' lang='lat' dir='ltr'><strong>omnes</strong></span> <span class='ocrx_word' id='word_1_519' title='bbox 902 4441 1254 4496; x_wconf 86' lang='lat' dir='ltr'><strong>Christianos</strong></span> <span class='ocrx_word' id='word_1_520' title='bbox 1281 4441 1525 4492; x_wconf 83' lang='lat' dir='ltr'><strong>excitare</strong></span> <span class='ocrx_word' id='word_1_521' title='bbox 1561 4441 1612 4493; x_wconf 91' lang='lat' dir='ltr'><strong>in</strong></span> <span class='ocrx_word' id='word_1_522' title='bbox 1646 4441 1884 4494; x_wconf 88' lang='lat' dir='ltr'><strong>aninnnn</strong></span> <span class='ocrx_word' id='word_1_523' title='bbox 1919 4441 2154 4497; x_wconf 75' lang='lat' dir='ltr'><strong>induxit.</strong></span> 
     </span>
    </p>
   </div>
   <div class='ocr_carea' id='block_1_77' title="bbox 2255 3326 3841 3401">
    <p class='ocr_par' dir='ltr' id='par_1_77' title="bbox 2255 3326 3841 3401">
     <span class='ocr_line' id='line_1_78' title="bbox 2255 3326 3841 3401; baseline -0.003 -19"><span class='ocrx_word' id='word_1_524' title='bbox 2255 3332 2378 3392; x_wconf 84' lang='grc' dir='ltr'>καῖς</span> <span class='ocrx_word' id='word_1_525' title='bbox 2411 3329 2709 3382; x_wconf 85' lang='grc' dir='ltr'>ὑπέϐαλλον</span> <span class='ocrx_word' id='word_1_526' title='bbox 2751 3330 3061 3401; x_wconf 81' lang='grc' dir='ltr'>τιμωρίαις,</span> <span class='ocrx_word' id='word_1_527' title='bbox 3097 3330 3374 3400; x_wconf 77' lang='grc' dir='ltr'>ἀπήγοντο</span> <span class='ocrx_word' id='word_1_528' title='bbox 3405 3330 3462 3382; x_wconf 79' lang='grc' dir='ltr'>δὲ</span> <span class='ocrx_word' id='word_1_529' title='bbox 3504 3331 3609 3384; x_wconf 69' lang='grc' dir='ltr'>καὶ</span> <span class='ocrx_word' id='word_1_530' title='bbox 3656 3326 3841 3382; x_wconf 75' lang='grc' dir='ltr'>ἐκολά-</span> 
     </span>
    </p>
   </div>
   <div class='ocr_carea' id='block_1_78' title="bbox 2255 3421 3838 3496">
    <p class='ocr_par' dir='ltr' id='par_1_78' title="bbox 2255 3421 3838 3496">
     <span class='ocr_line' id='line_1_79' title="bbox 2255 3421 3838 3496; baseline -0.001 -20"><span class='ocrx_word' id='word_1_531' title='bbox 2255 3424 2410 3489; x_wconf 78' lang='grc' dir='ltr'>ζοντο</span> <span class='ocrx_word' id='word_1_532' title='bbox 2433 3425 2857 3496; x_wconf 66' lang='grc' dir='ltr'>ἀπροφασίστως</span> <span class='ocrx_word' id='word_1_533' title='bbox 2883 3428 2994 3488; x_wconf 85' lang='grc' dir='ltr'>τοῖς</span> <span class='ocrx_word' id='word_1_534' title='bbox 3027 3423 3329 3496; x_wconf 69' lang='grc' dir='ltr'>μιαιφόνοις</span> <span class='ocrx_word' id='word_1_535' title='bbox 3355 3424 3583 3494; x_wconf 71' lang='grc' dir='ltr'>ὁμοίως,</span> <span class='ocrx_word' id='word_1_536' title='bbox 3627 3423 3677 3476; x_wconf 82' lang='grc' dir='ltr'>οἱ</span> <span class='ocrx_word' id='word_1_537' title='bbox 3704 3421 3838 3474; x_wconf 76' lang='grc' dir='ltr'>κατὰ</span> 
     </span>
    </p>
   </div>
   <div class='ocr_carea' id='block_1_79' title="bbox 2258 3517 3836 3592">
    <p class='ocr_par' dir='ltr' id='par_1_79' title="bbox 2258 3517 3836 3592">
     <span class='ocr_line' id='line_1_80' title="bbox 2258 3517 3836 3592; baseline 0.001 -23"><span class='ocrx_word' id='word_1_538' title='bbox 2258 3517 2422 3588; x_wconf 78' lang='grc' dir='ltr'>μηδὲν</span> <span class='ocrx_word' id='word_1_539' title='bbox 2451 3517 2789 3588; x_wconf 72' lang='grc' dir='ltr'>ἠδικηκότες.</span> <span class='ocrx_word' id='word_1_540' title='bbox 2832 3519 2970 3586; x_wconf 82' lang='grc' dir='ltr'>Ἤδη</span> <span class='ocrx_word' id='word_1_541' title='bbox 3001 3519 3058 3572; x_wconf 87' lang='grc' dir='ltr'><strong>δέ</strong></span> <span class='ocrx_word' id='word_1_542' title='bbox 3099 3538 3243 3584; x_wconf 83' lang='grc' dir='ltr'>τινες</span> <span class='ocrx_word' id='word_1_543' title='bbox 3276 3521 3596 3592; x_wconf 84' lang='grc' dir='ltr'>καινοτέραν</span> <span class='ocrx_word' id='word_1_544' title='bbox 3633 3518 3836 3588; x_wconf 81' lang='grc' dir='ltr'>ὑπέμε-</span> 
     </span>
    </p>
   </div>
   <div class='ocr_carea' id='block_1_80' title="bbox 2255 3609 3838 3684">
    <p class='ocr_par' dir='ltr' id='par_1_80' title="bbox 2255 3609 3838 3684">
     <span class='ocr_line' id='line_1_81' title="bbox 2255 3609 3838 3684; baseline -0.001 -21"><span class='ocrx_word' id='word_1_545' title='bbox 2255 3625 2346 3663; x_wconf 90' lang='grc' dir='ltr'><strong>νον</strong></span> <span class='ocrx_word' id='word_1_546' title='bbox 2368 3609 2462 3664; x_wconf 83' lang='grc' dir='ltr'>τοῦ</span> <span class='ocrx_word' id='word_1_547' title='bbox 2493 3610 2608 3680; x_wconf 81' lang='grc' dir='ltr'>βίου</span> <span class='ocrx_word' id='word_1_548' title='bbox 2642 3610 2920 3682; x_wconf 78' lang='grc' dir='ltr'>τελευτὴν,</span> <span class='ocrx_word' id='word_1_549' title='bbox 2945 3612 3086 3681; x_wconf 79' lang='grc' dir='ltr'>ξίφει</span> <span class='ocrx_word' id='word_1_550' title='bbox 3107 3613 3167 3666; x_wconf 83' lang='grc' dir='ltr'>τὸ</span> <span class='ocrx_word' id='word_1_551' title='bbox 3197 3613 3357 3684; x_wconf 85' lang='grc' dir='ltr'>σῶμα</span> <span class='ocrx_word' id='word_1_552' title='bbox 3381 3615 3458 3677; x_wconf 84' lang='grc' dir='ltr'><strong>εἰς</strong></span> <span class='ocrx_word' id='word_1_553' title='bbox 3487 3611 3662 3666; x_wconf 79' lang='grc' dir='ltr'>πολλὰ</span> <span class='ocrx_word' id='word_1_554' title='bbox 3683 3626 3838 3664; x_wconf 76' lang='grc' dir='ltr'>κατα-</span> 
     </span>
    </p>
   </div>
   <div class='ocr_carea' id='block_1_81' title="bbox 2255 3700 3835 3777">
    <p class='ocr_par' dir='ltr' id='par_1_81' title="bbox 2255 3700 3835 3777">
     <span class='ocr_line' id='line_1_82' title="bbox 2255 3700 3835 3777; baseline -0.002 -20"><span class='ocrx_word' id='word_1_555' title='bbox 2255 3703 2714 3775; x_wconf 75' lang='grc' dir='ltr'>κρεουργούμενοι</span> <span class='ocrx_word' id='word_1_556' title='bbox 2748 3706 3032 3776; x_wconf 80' lang='grc' dir='ltr'>τμήματα,</span> <span class='ocrx_word' id='word_1_557' title='bbox 3070 3707 3165 3759; x_wconf 68' lang='grc' dir='ltr'>καὶ</span> <span class='ocrx_word' id='word_1_558' title='bbox 3207 3705 3343 3776; x_wconf 80' lang='grc' dir='ltr'><strong>μετά</strong></span> <span class='ocrx_word' id='word_1_559' title='bbox 3367 3706 3465 3777; x_wconf 76' lang='grc' dir='ltr'>τὴν</span> <span class='ocrx_word' id='word_1_560' title='bbox 3492 3704 3678 3777; x_wconf 72' lang='grc' dir='ltr'>ἀπηνῆ</span> <span class='ocrx_word' id='word_1_561' title='bbox 3714 3700 3835 3755; x_wconf 72' lang='grc' dir='ltr'><strong><em>ταύ-</em></strong></span> 
     </span>
    </p>
   </div>
   <div class='ocr_carea' id='block_1_82' title="bbox 2254 3793 3830 3866">
    <p class='ocr_par' dir='ltr' id='par_1_82' title="bbox 2254 3793 3830 3866">
     <span class='ocr_line' id='line_1_83' title="bbox 2254 3793 3830 3866; baseline -0.002 -20"><span class='ocrx_word' id='word_1_562' title='bbox 2254 3811 2353 3864; x_wconf 87' lang='grc' dir='ltr'><strong>την</strong></span> <span class='ocrx_word' id='word_1_563' title='bbox 2380 3793 2474 3847; x_wconf 67' lang='grc' dir='ltr'>καὶ</span> <span class='ocrx_word' id='word_1_564' title='bbox 2499 3795 2676 3866; x_wconf 77' lang='grc' dir='ltr'>πάσης</span> <span class='ocrx_word' id='word_1_565' title='bbox 2708 3795 2974 3866; x_wconf 73' lang='grc' dir='ltr'>τραγικῆς</span> <span class='ocrx_word' id='word_1_566' title='bbox 2999 3795 3168 3865; x_wconf 75' lang='grc' dir='ltr'>ἀκοῆς</span> <span class='ocrx_word' id='word_1_567' title='bbox 3194 3796 3558 3866; x_wconf 82' lang='grc' dir='ltr'>φρικτοτάτην</span> <span class='ocrx_word' id='word_1_568' title='bbox 3593 3793 3830 3854; x_wconf 81' lang='grc' dir='ltr'>κόλασιν,</span> 
     </span>
    </p>
   </div>
   <div class='ocr_carea' id='block_1_83' title="bbox 2259 3885 3829 3958">
    <p class='ocr_par' dir='ltr' id='par_1_83' title="bbox 2259 3885 3829 3958">
     <span class='ocr_line' id='line_1_84' title="bbox 2259 3885 3829 3958; baseline -0.003 -20"><span class='ocrx_word' id='word_1_569' title='bbox 2259 3885 2562 3948; x_wconf 81' lang='grc' dir='ltr'>θαλαττίοις</span> <span class='ocrx_word' id='word_1_570' title='bbox 2617 3886 2815 3954; x_wconf 81' lang='grc' dir='ltr'>βυθοῖς,</span> <span class='ocrx_word' id='word_1_571' title='bbox 2855 3886 3062 3957; x_wconf 79' lang='grc' dir='ltr'>ἰχθύσιν</span> <span class='ocrx_word' id='word_1_572' title='bbox 3079 3889 3189 3957; x_wconf 27' lang='grc' dir='ltr'>..εἰς</span> <span class='ocrx_word' id='word_1_573' title='bbox 3239 3886 3404 3958; x_wconf 77' lang='grc' dir='ltr'>βορὰν</span> <span class='ocrx_word' id='word_1_574' title='bbox 3433 3885 3829 3957; x_wconf 70' lang='grc' dir='ltr'>ιριπτούμενοι.</span> 
     </span>
    </p>
   </div>
   <div class='ocr_carea' id='block_1_84' title="bbox 2257 3974 3832 4050">
    <p class='ocr_par' dir='ltr' id='par_1_84' title="bbox 2257 3974 3832 4050">
     <span class='ocr_line' id='line_1_85' title="bbox 2257 3974 3832 4050; baseline 0.001 -22"><span class='ocrx_word' id='word_1_575' title='bbox 2257 3978 2431 4045; x_wconf 72' lang='grc' dir='ltr'>Φυγαὶ</span> <span class='ocrx_word' id='word_1_576' title='bbox 2474 3976 2537 4049; x_wconf 81' lang='grc' dir='ltr'>δὴ</span> <span class='ocrx_word' id='word_1_577' title='bbox 2578 3974 2731 4042; x_wconf 76' lang='grc' dir='ltr'>αὖθις</span> <span class='ocrx_word' id='word_1_578' title='bbox 2765 3979 2857 4031; x_wconf 74' lang='grc' dir='ltr'>ἐπὶ</span> <span class='ocrx_word' id='word_1_579' title='bbox 2906 3978 3145 4044; x_wconf 80' lang='grc' dir='ltr'>τούτοις,</span> <span class='ocrx_word' id='word_1_580' title='bbox 3189 3979 3378 4050; x_wconf 78' lang='grc' dir='ltr'>ὥσπερ</span> <span class='ocrx_word' id='word_1_581' title='bbox 3422 3979 3484 4050; x_wconf 81' lang='grc' dir='ltr'>δὴ</span> <span class='ocrx_word' id='word_1_582' title='bbox 3519 3981 3616 4032; x_wconf 70' lang='grc' dir='ltr'>καὶ</span> <span class='ocrx_word' id='word_1_583' title='bbox 3661 3974 3832 4049; x_wconf 79' lang='grc' dir='ltr'>μικρῷ</span> 
     </span>
    </p>
   </div>
   <div class='ocr_carea' id='block_1_85' title="bbox 2257 4069 3829 4144">
    <p class='ocr_par' dir='ltr' id='par_1_85' title="bbox 2257 4069 3829 4144">
     <span class='ocr_line' id='line_1_86' title="bbox 2257 4069 3829 4144; baseline -0.021 -22"><span class='ocrx_word' id='word_1_584' title='bbox 2257 4069 2544 4139; x_wconf 82' lang='grc' dir='ltr'>πρότερον,</span> <span class='ocrx_word' id='word_1_585' title='bbox 2580 4069 2688 4126; x_wconf 80' lang='grc' dir='ltr'>τῶν</span> <span class='ocrx_word' id='word_1_586' title='bbox 2720 4069 2986 4127; x_wconf 84' lang='grc' dir='ltr'>θεοσεϐὦν</span> <span class='ocrx_word' id='word_1_587' title='bbox 3019 4072 3258 4139; x_wconf 72' lang='grc' dir='ltr'>ἐγίνοντο</span> <span class='ocrx_word' id='word_1_588' title='bbox 3289 4072 3494 4144; x_wconf 65' lang='grc' dir='ltr'>ἀνδρῶν</span> <span class='ocrx_word' id='word_1_589' title='bbox 3517 4089 3528 4101; x_wconf 95' lang='grc'><strong>.</strong></span> <span class='ocrx_word' id='word_1_590' title='bbox 3558 4072 3654 4126; x_wconf 52' lang='grc' dir='ltr'><strong>καὶ</strong></span> <span class='ocrx_word' id='word_1_591' title='bbox 3679 4069 3829 4122; x_wconf 56' lang='grc' dir='ltr'>πάλιν</span> 
     </span>
    </p>
   </div>
   <div class='ocr_carea' id='block_1_86' title="bbox 2258 4161 3831 4236">
    <p class='ocr_par' dir='ltr' id='par_1_86' title="bbox 2258 4161 3831 4236">
     <span class='ocr_line' id='line_1_87' title="bbox 2258 4161 3831 4236; baseline -0.003 -20"><span class='ocrx_word' id='word_1_592' title='bbox 2258 4163 2438 4234; x_wconf 69' lang='grc' dir='ltr'>ἀγροὶ,</span> <span class='ocrx_word' id='word_1_593' title='bbox 2472 4163 2566 4216; x_wconf 73' lang='grc' dir='ltr'>καὶ</span> <span class='ocrx_word' id='word_1_594' title='bbox 2595 4163 2756 4216; x_wconf 81' lang='grc' dir='ltr'>πάλιν</span> <span class='ocrx_word' id='word_1_595' title='bbox 2785 4163 3011 4235; x_wconf 78' lang='grc' dir='ltr'>ἐρημίαι</span> <span class='ocrx_word' id='word_1_596' title='bbox 3043 4167 3167 4229; x_wconf 79' lang='grc' dir='ltr'>τοὺς</span> <span class='ocrx_word' id='word_1_597' title='bbox 3205 4166 3296 4218; x_wconf 79' lang='grc' dir='ltr'>τοῦ</span> <span class='ocrx_word' id='word_1_598' title='bbox 3329 4163 3463 4218; x_wconf 80' lang='grc' dir='ltr'>Θεοῦ</span> <span class='ocrx_word' id='word_1_599' title='bbox 3496 4161 3831 4236; x_wconf 74' lang='grc' dir='ltr'>θεραπευτὰς</span> 
     </span>
    </p>
   </div>
   <div class='ocr_carea' id='block_1_87' title="bbox 2260 4253 3827 4327">
    <p class='ocr_par' dir='ltr' id='par_1_87' title="bbox 2260 4253 3827 4327">
     <span class='ocr_line' id='line_1_88' title="bbox 2260 4253 3827 4327; baseline -0.002 -21"><span class='ocrx_word' id='word_1_600' title='bbox 2260 4255 2602 4325; x_wconf 77' lang='grc' dir='ltr'>ὑπεδέχοντο.</span> <span class='ocrx_word' id='word_1_601' title='bbox 2644 4255 2796 4308; x_wconf 73' lang='grc' dir='ltr'>Ἐπεὶ</span> <span class='ocrx_word' id='word_1_602' title='bbox 2839 4255 2894 4308; x_wconf 81' lang='grc' dir='ltr'>δὲ</span> <span class='ocrx_word' id='word_1_603' title='bbox 2937 4257 3031 4309; x_wconf 76' lang='grc' dir='ltr'>καὶ</span> <span class='ocrx_word' id='word_1_604' title='bbox 3077 4257 3252 4310; x_wconf 77' lang='grc' dir='ltr'>ταῦτα</span> <span class='ocrx_word' id='word_1_605' title='bbox 3297 4256 3487 4309; x_wconf 71' lang='grc' dir='ltr'>τοῦτον</span> <span class='ocrx_word' id='word_1_606' title='bbox 3528 4253 3827 4327; x_wconf 73' lang='grc' dir='ltr'>προύχώρει</span> 
     </span>
    </p>
   </div>
   <div class='ocr_carea' id='block_1_88' title="bbox 2258 4346 3826 4418">
    <p class='ocr_par' dir='ltr' id='par_1_88' title="bbox 2258 4346 3826 4418">
     <span class='ocr_line' id='line_1_89' title="bbox 2258 4346 3826 4418; baseline 0 -20"><span class='ocrx_word' id='word_1_607' title='bbox 2258 4347 2350 4398; x_wconf 63' lang='grc' dir='ltr'>τὸν</span> <span class='ocrx_word' id='word_1_608' title='bbox 2382 4347 2582 4418; x_wconf 85' lang='grc' dir='ltr'>τρόπον</span> <span class='ocrx_word' id='word_1_609' title='bbox 2613 4346 2688 4416; x_wconf 81' lang='grc' dir='ltr'>τῷ</span> <span class='ocrx_word' id='word_1_610' title='bbox 2718 4349 2984 4418; x_wconf 83' lang='grc' dir='ltr'>τυράννῳ,</span> <span class='ocrx_word' id='word_1_611' title='bbox 3005 4349 3292 4403; x_wconf 70' lang='grc' dir='ltr'>λοιπὸντὸν</span> <span class='ocrx_word' id='word_1_612' title='bbox 3327 4351 3542 4403; x_wconf 84' lang='grc' dir='ltr'>πάντων</span> <span class='ocrx_word' id='word_1_613' title='bbox 3563 4349 3826 4403; x_wconf 83' lang='grc' dir='ltr'>ἀνακινεῖν</span> 
     </span>
    </p>
   </div>
   <div class='ocr_carea' id='block_1_89' title="bbox 2263 4435 3822 4513">
    <p class='ocr_par' dir='ltr' id='par_1_89' title="bbox 2263 4435 3822 4513">
     <span class='ocr_line' id='line_1_90' title="bbox 2263 4435 3822 4513; baseline -0.001 -24"><span class='ocrx_word' id='word_1_614' title='bbox 2263 4437 2504 4508; x_wconf 68' lang='grc' dir='ltr'>διωγμὸν</span> <span class='ocrx_word' id='word_1_615' title='bbox 2521 4440 2613 4491; x_wconf 79' lang='grc' dir='ltr'>ἐπὶ</span> <span class='ocrx_word' id='word_1_616' title='bbox 2627 4439 2862 4493; x_wconf 85' lang='grc' dir='ltr'>διάνοιαν</span> <span class='ocrx_word' id='word_1_617' title='bbox 2881 4441 3154 4493; x_wconf 75' lang='grc' dir='ltr'>ἐϐάλλετο·</span> <span class='ocrx_word' id='word_1_618' title='bbox 3179 4442 3400 4513; x_wconf 77' lang='grc' dir='ltr'>ἐκράτει</span> <span class='ocrx_word' id='word_1_619' title='bbox 3415 4459 3473 4494; x_wconf 89' lang='grc' dir='ltr'><strong>τε</strong></span> <span class='ocrx_word' id='word_1_620' title='bbox 3493 4441 3715 4511; x_wconf 80' lang='grc' dir='ltr'>γνώμης</span> <span class='ocrx_word' id='word_1_621' title='bbox 3737 4435 3822 4491; x_wconf 70' lang='grc' dir='ltr'>καὶ</span> 
     </span>
    </p>
   </div>
   <div class='ocr_carea' id='block_1_90' title="bbox 574 4529 2150 4608">
    <p class='ocr_par' dir='ltr' id='par_1_90' title="bbox 574 4533 2150 4606">
     <span class='ocr_line' id='line_1_91' title="bbox 574 4533 2150 4606; baseline -0.003 -15"><span class='ocrx_word' id='word_1_622' title='bbox 574 4539 655 4591; x_wconf 78' lang='lat' dir='ltr'><strong>Ac</strong></span> <span class='ocrx_word' id='word_1_623' title='bbox 691 4535 879 4606; x_wconf 81' lang='lat' dir='ltr'><strong>procul</strong></span> <span class='ocrx_word' id='word_1_624' title='bbox 910 4535 1076 4589; x_wconf 91' lang='lat' dir='ltr'><strong>dubio</strong></span> <span class='ocrx_word' id='word_1_625' title='bbox 1101 4533 1208 4587; x_wconf 87' lang='lat' dir='ltr'><strong>voti</strong></span> <span class='ocrx_word' id='word_1_626' title='bbox 1234 4533 1315 4588; x_wconf 88' lang='lat' dir='ltr'><strong>sui</strong></span> <span class='ocrx_word' id='word_1_627' title='bbox 1345 4547 1566 4600; x_wconf 85' lang='lat' dir='ltr'><strong>compos</strong></span> <span class='ocrx_word' id='word_1_628' title='bbox 1610 4534 1931 4598; x_wconf 77' lang='lat' dir='ltr'><strong>exstitisset,</strong></span> <span class='ocrx_word' id='word_1_629' title='bbox 1983 4549 2080 4588; x_wconf 90' lang='lat' dir='ltr'><strong>nec</strong></span> <span class='ocrx_word' id='word_1_630' title='bbox 2102 4535 2150 4589; x_wconf 88' lang='lat' dir='ltr'><strong>ei</strong></span> 
     </span>
    </p>
   </div>
   <div class='ocr_carea' id='block_1_91' title="bbox 2255 4529 3821 4608">
    <p class='ocr_par' dir='ltr' id='par_1_91' title="bbox 2262 4529 3821 4606">
     <span class='ocr_line' id='line_1_92' title="bbox 2262 4529 3821 4606; baseline -0.003 -21"><span class='ocrx_word' id='word_1_631' title='bbox 2262 4533 2412 4586; x_wconf 74' lang='grc' dir='ltr'>οὐδὲν</span> <span class='ocrx_word' id='word_1_632' title='bbox 2446 4533 2693 4601; x_wconf 75' lang='grc' dir='ltr'>ἐμποδὼν</span> <span class='ocrx_word' id='word_1_633' title='bbox 2713 4529 2780 4604; x_wconf 80' lang='grc' dir='ltr'>ἦν</span> <span class='ocrx_word' id='word_1_634' title='bbox 2797 4533 2942 4604; x_wconf 74' lang='grc' dir='ltr'>αὐτῷ</span> <span class='ocrx_word' id='word_1_635' title='bbox 2958 4535 3031 4605; x_wconf 83' lang='grc' dir='ltr'>μὴ</span> <span class='ocrx_word' id='word_1_636' title='bbox 3062 4535 3182 4605; x_wconf 68' lang='grc' dir='ltr'><strong>οὐχὶ</strong></span> <span class='ocrx_word' id='word_1_637' title='bbox 3201 4534 3268 4586; x_wconf 81' lang='grc' dir='ltr'><strong>δι’</strong></span> <span class='ocrx_word' id='word_1_638' title='bbox 3293 4533 3467 4606; x_wconf 78' lang='grc' dir='ltr'>ἔργων</span> <span class='ocrx_word' id='word_1_639' title='bbox 3484 4534 3584 4604; x_wconf 68' lang='grc' dir='ltr'>ἤδη</span> <span class='ocrx_word' id='word_1_640' title='bbox 3617 4533 3821 4604; x_wconf 76' lang='grc' dir='ltr'>χωρεῖν,</span> 
     </span>
    </p>
   </div>
   <div class='ocr_carea' id='block_1_92' title="bbox 573 4625 2158 4696">
    <p class='ocr_par' dir='ltr' id='par_1_92' title="bbox 573 4625 2158 4696">
     <span class='ocr_line' id='line_1_93' title="bbox 573 4625 2158 4696; baseline -0.001 -17"><span class='ocrx_word' id='word_1_641' title='bbox 573 4627 869 4696; x_wconf 88' lang='lat' dir='ltr'><strong>quidquam</strong></span> <span class='ocrx_word' id='word_1_642' title='bbox 897 4626 1203 4679; x_wconf 87' lang='lat' dir='ltr'><strong>obstitisset</strong></span> <span class='ocrx_word' id='word_1_643' title='bbox 1231 4625 1525 4694; x_wconf 89' lang='lat' dir='ltr'><strong>quominus</strong></span> <span class='ocrx_word' id='word_1_644' title='bbox 1557 4639 1668 4677; x_wconf 86' lang='lat' dir='ltr'><strong>rem</strong></span> <span class='ocrx_word' id='word_1_645' title='bbox 1711 4625 1776 4676; x_wconf 88' lang='lat' dir='ltr'><strong>ad</strong></span> <span class='ocrx_word' id='word_1_646' title='bbox 1804 4625 2004 4676; x_wconf 84' lang='lat' dir='ltr'><strong>exitum</strong></span> <span class='ocrx_word' id='word_1_647' title='bbox 2041 4642 2158 4692; x_wconf 73' lang='lat' dir='ltr'><strong>per-</strong></span> 
     </span>
    </p>
   </div>
   <div class='ocr_carea' id='block_1_93' title="bbox 577 4718 2154 4794">
    <p class='ocr_par' dir='ltr' id='par_1_93' title="bbox 577 4718 2154 4794">
     <span class='ocr_line' id='line_1_94' title="bbox 577 4718 2154 4794; baseline 0 -22"><span class='ocrx_word' id='word_1_648' title='bbox 577 4718 952 4794; x_wconf 8' lang='lat' dir='ltr'><strong>ducerel,‘nisi</strong></span> <span class='ocrx_word' id='word_1_649' title='bbox 980 4718 1308 4772; x_wconf 83' lang='lat' dir='ltr'><strong>famulorum</strong></span> <span class='ocrx_word' id='word_1_650' title='bbox 1341 4734 1562 4772; x_wconf 85' lang='lat' dir='ltr'><strong>suorum</strong></span> <span class='ocrx_word' id='word_1_651' title='bbox 1592 4729 1964 4787; x_wconf 79' lang='lat' dir='ltr'><strong>propugnator</strong></span> <span class='ocrx_word' id='word_1_652' title='bbox 1997 4719 2154 4783; x_wconf 87' lang='lat' dir='ltr'><strong>Deus,</strong></span> 
     </span>
    </p>
   </div>
   <div class='ocr_carea' id='block_1_94' title="bbox 1844 4925 1866 4938">
    <p class='ocr_par' dir='ltr' id='par_1_94' title="bbox 1844 4925 1866 4938">
     <span class='ocr_line' id='line_1_95' title="bbox 1844 4925 1866 4938; baseline 0 0"><span class='ocrx_word' id='word_1_653' title='bbox 1844 4925 1866 4938; x_wconf 84' lang='lat'><strong><em>/</em></strong></span> 
     </span>
    </p>
   </div>
   <div class='ocr_carea' id='block_1_95' title="bbox 649 4968 2158 5044">
    <p class='ocr_par' dir='ltr' id='par_1_95' title="bbox 649 4968 2158 5044">
     <span class='ocr_line' id='line_1_96' title="bbox 649 4968 2158 5044; baseline 0.001 -18"><span class='ocrx_word' id='word_1_654' title='bbox 649 4970 780 5044; x_wconf 69' lang='lat'><strong>(22)</strong></span> <span class='ocrx_word' id='word_1_655' title='bbox 825 4973 992 5044; x_wconf 66' lang='grc' dir='ltr'>Ταῦτ’</span> <span class='ocrx_word' id='word_1_656' title='bbox 1043 4968 1176 5027; x_wconf 79' lang='grc' dir='ltr'>οὖν.</span> <span class='ocrx_word' id='word_1_657' title='bbox 1227 4971 1584 5028; x_wconf 88' lang='lat' dir='ltr'><strong>Scribendum</strong></span> <span class='ocrx_word' id='word_1_658' title='bbox 1634 4983 1718 5029; x_wconf 86' lang='lat' dir='ltr'><strong>est</strong></span> <span class='ocrx_word' id='word_1_659' title='bbox 1765 4973 1831 5027; x_wconf 80' lang='grc' dir='ltr'><strong>τὰ</strong></span> <span class='ocrx_word' id='word_1_660' title='bbox 1883 4973 2037 5042; x_wconf 75' lang='grc' dir='ltr'>γοῦν,</span> <span class='ocrx_word' id='word_1_661' title='bbox 2093 4991 2158 5030; x_wconf 84' lang='lat' dir='ltr'><strong>ex</strong></span> 
     </span>
    </p>
   </div>
   <div class='ocr_carea' id='block_1_96' title="bbox 574 5041 2156 5109">
    <p class='ocr_par' dir='ltr' id='par_1_96' title="bbox 574 5041 2156 5109">
     <span class='ocr_line' id='line_1_97' title="bbox 574 5041 2156 5109; baseline 0.002 -14"><span class='ocrx_word' id='word_1_662' title='bbox 574 5041 714 5097; x_wconf 82' lang='lat' dir='ltr'><strong>libro</strong></span> <span class='ocrx_word' id='word_1_663' title='bbox 747 5057 778 5095; x_wconf 86' lang='lat' dir='ltr'><strong>x</strong></span> <span class='ocrx_word' id='word_1_664' title='bbox 832 5041 1088 5097; x_wconf 73' lang='lat' dir='ltr'><strong>Historia:</strong></span> <span class='ocrx_word' id='word_1_665' title='bbox 1135 5044 1526 5109; x_wconf 70' lang='lat' dir='ltr'><strong>ecclesiastictv,</strong></span> <span class='ocrx_word' id='word_1_666' title='bbox 1577 5045 1668 5099; x_wconf 92' lang='lat' dir='ltr'><strong>ubi</strong></span> <span class='ocrx_word' id='word_1_667' title='bbox 1717 5044 1832 5099; x_wconf 77' lang='lat' dir='ltr'><strong>btec</strong></span> <span class='ocrx_word' id='word_1_668' title='bbox 1863 5041 2042 5099; x_wconf 86' lang='lat' dir='ltr'><strong>omnia</strong></span> <span class='ocrx_word' id='word_1_669' title='bbox 2090 5045 2156 5098; x_wconf 94' lang='lat' dir='ltr'><strong>ad</strong></span> 
     </span>
    </p>
   </div>
   <div class='ocr_carea' id='block_1_97' title="bbox 574 5113 2158 5182">
    <p class='ocr_par' dir='ltr' id='par_1_97' title="bbox 574 5113 2158 5182">
     <span class='ocr_line' id='line_1_98' title="bbox 574 5113 2158 5182; baseline 0.001 -17"><span class='ocrx_word' id='word_1_670' title='bbox 574 5114 800 5169; x_wconf 87' lang='lat' dir='ltr'><strong>verbum</strong></span> <span class='ocrx_word' id='word_1_671' title='bbox 831 5114 1101 5181; x_wconf 81' lang='lat' dir='ltr'><strong>leguntur.</strong></span> <span class='ocrx_word' id='word_1_672' title='bbox 1137 5113 1330 5169; x_wconf 86' lang='lat' dir='ltr'><strong>Mirum</strong></span> <span class='ocrx_word' id='word_1_673' title='bbox 1366 5129 1529 5182; x_wconf 88' lang='lat' dir='ltr'><strong>porro</strong></span> <span class='ocrx_word' id='word_1_674' title='bbox 1566 5126 1677 5176; x_wconf 90' lang='lat' dir='ltr'><strong>est,</strong></span> <span class='ocrx_word' id='word_1_675' title='bbox 1721 5114 2012 5170; x_wconf 88' lang='lat' dir='ltr'><strong>Eusebium</strong></span> <span class='ocrx_word' id='word_1_676' title='bbox 2062 5130 2158 5169; x_wconf 91' lang='lat' dir='ltr'><strong>ne-</strong></span> 
     </span>
    </p>
   </div>
   <div class='ocr_carea' id='block_1_98' title="bbox 574 5182 2159 5253">
    <p class='ocr_par' dir='ltr' id='par_1_98' title="bbox 574 5182 2159 5253">
     <span class='ocr_line' id='line_1_99' title="bbox 574 5182 2159 5253; baseline 0.003 -19"><span class='ocrx_word' id='word_1_677' title='bbox 574 5200 684 5252; x_wconf 89' lang='lat' dir='ltr'><strong>que</strong></span> <span class='ocrx_word' id='word_1_678' title='bbox 733 5185 784 5237; x_wconf 90' lang='lat' dir='ltr'><strong>in</strong></span> <span class='ocrx_word' id='word_1_679' title='bbox 825 5182 1065 5237; x_wconf 78' lang='lat' dir='ltr'><strong>Historia</strong></span> <span class='ocrx_word' id='word_1_680' title='bbox 1096 5185 1499 5253; x_wconf 75' lang='lat' dir='ltr'><strong>Ecclesiastica,</strong></span> <span class='ocrx_word' id='word_1_681' title='bbox 1552 5199 1729 5253; x_wconf 85' lang='lat' dir='ltr'><strong>neque</strong></span> <span class='ocrx_word' id='word_1_682' title='bbox 1778 5185 1830 5238; x_wconf 89' lang='lat' dir='ltr'><strong>in</strong></span> <span class='ocrx_word' id='word_1_683' title='bbox 1880 5185 1964 5240; x_wconf 89' lang='lat' dir='ltr'><strong>bis</strong></span> <span class='ocrx_word' id='word_1_684' title='bbox 2007 5186 2159 5239; x_wconf 89' lang='lat' dir='ltr'><strong>libris</strong></span> 
     </span>
    </p>
   </div>
   <div class='ocr_carea' id='block_1_99' title="bbox 574 5255 2158 5324">
    <p class='ocr_par' dir='ltr' id='par_1_99' title="bbox 574 5255 2158 5324">
     <span class='ocr_line' id='line_1_100' title="bbox 574 5255 2158 5324; baseline 0 -16"><span class='ocrx_word' id='word_1_685' title='bbox 574 5255 741 5308; x_wconf 87' lang='lat' dir='ltr'><strong>ullam</strong></span> <span class='ocrx_word' id='word_1_686' title='bbox 791 5255 973 5307; x_wconf 86' lang='lat' dir='ltr'><strong>facere</strong></span> <span class='ocrx_word' id='word_1_687' title='bbox 1011 5255 1342 5310; x_wconf 89' lang='lat' dir='ltr'><strong>mentionem</strong></span> <span class='ocrx_word' id='word_1_688' title='bbox 1377 5255 1573 5310; x_wconf 87' lang='lat' dir='ltr'><strong>Basilei</strong></span> <span class='ocrx_word' id='word_1_689' title='bbox 1601 5256 1996 5320; x_wconf 87' lang='lat' dir='ltr'><strong>Atnasenorum</strong></span> <span class='ocrx_word' id='word_1_690' title='bbox 2043 5255 2158 5324; x_wconf 91' lang='lat' dir='ltr'><strong>cpi-</strong></span> 
     </span>
    </p>
   </div>
   <div class='ocr_carea' id='block_1_100' title="bbox 575 5325 2157 5394">
    <p class='ocr_par' dir='ltr' id='par_1_100' title="bbox 575 5325 2157 5394">
     <span class='ocr_line' id='line_1_101' title="bbox 575 5325 2157 5394; baseline 0.001 -15"><span class='ocrx_word' id='word_1_691' title='bbox 575 5325 722 5392; x_wconf 71' lang='lat' dir='ltr'><strong>scopi</strong></span> <span class='ocrx_word' id='word_1_692' title='bbox 750 5343 762 5378; x_wconf 87' lang='lat'><strong>:</strong></span> <span class='ocrx_word' id='word_1_693' title='bbox 792 5340 954 5392; x_wconf 88' lang='lat' dir='ltr'><strong>quem</strong></span> <span class='ocrx_word' id='word_1_694' title='bbox 989 5333 1167 5380; x_wconf 85' lang='lat' dir='ltr'><strong>tamen</strong></span> <span class='ocrx_word' id='word_1_695' title='bbox 1192 5326 1343 5394; x_wconf 90' lang='lat' dir='ltr'><strong>jussu</strong></span> <span class='ocrx_word' id='word_1_696' title='bbox 1373 5325 1564 5380; x_wconf 88' lang='lat' dir='ltr'><strong>Licinii</strong></span> <span class='ocrx_word' id='word_1_697' title='bbox 1596 5341 1792 5379; x_wconf 69' lang='lat' dir='ltr'><strong>caesum</strong></span> <span class='ocrx_word' id='word_1_698' title='bbox 1821 5341 1942 5380; x_wconf 89' lang='lat' dir='ltr'><strong>esse</strong></span> <span class='ocrx_word' id='word_1_699' title='bbox 1967 5341 2157 5380; x_wconf 91' lang='lat' dir='ltr'><strong>omnes</strong></span> 
     </span>
    </p>
   </div>
   <div class='ocr_carea' id='block_1_101' title="bbox 572 5394 2157 5464">
    <p class='ocr_par' dir='ltr' id='par_1_101' title="bbox 572 5394 2157 5464">
     <span class='ocr_line' id='line_1_102' title="bbox 572 5394 2157 5464; baseline 0 -14"><span class='ocrx_word' id='word_1_700' title='bbox 572 5396 749 5450; x_wconf 66' lang='lat' dir='ltr'><strong>Graeci</strong></span> <span class='ocrx_word' id='word_1_701' title='bbox 799 5397 1099 5464; x_wconf 84' lang='lat' dir='ltr'><strong>scriptores</strong></span> <span class='ocrx_word' id='word_1_702' title='bbox 1126 5397 1497 5450; x_wconf 88' lang='lat' dir='ltr'><strong>consentiunt.</strong></span> <span class='ocrx_word' id='word_1_703' title='bbox 1529 5395 1728 5450; x_wconf 82' lang='lat' dir='ltr'><strong>Verum</strong></span> <span class='ocrx_word' id='word_1_704' title='bbox 1762 5394 2157 5462; x_wconf 84' lang='lat' dir='ltr'><strong>Pbilostorgius</strong></span> 
     </span>
    </p>
   </div>
   <div class='ocr_carea' id='block_1_102' title="bbox 573 5465 2155 5530">
    <p class='ocr_par' dir='ltr' id='par_1_102' title="bbox 573 5465 2155 5530">
     <span class='ocr_line' id='line_1_103' title="bbox 573 5465 2155 5530; baseline 0 -11"><span class='ocrx_word' id='word_1_705' title='bbox 573 5469 626 5519; x_wconf 88' lang='lat' dir='ltr'><strong>in</strong></span> <span class='ocrx_word' id='word_1_706' title='bbox 678 5467 875 5519; x_wconf 78' lang='lat' dir='ltr'><strong>librat</strong></span> <span class='ocrx_word' id='word_1_707' title='bbox 932 5465 1188 5520; x_wconf 76' lang='lat' dir='ltr'><strong>Historia:</strong></span> <span class='ocrx_word' id='word_1_708' title='bbox 1219 5465 1605 5521; x_wconf 75' lang='lat' dir='ltr'><strong>Ecclesiasticw</strong></span> <span class='ocrx_word' id='word_1_709' title='bbox 1662 5468 1864 5520; x_wconf 85' lang='lat' dir='ltr'><strong>diserte</strong></span> <span class='ocrx_word' id='word_1_710' title='bbox 1930 5468 2155 5530; x_wconf 85' lang='lat' dir='ltr'><strong>scribit,</strong></span> 
     </span>
    </p>
   </div>
   <div class='ocr_carea' id='block_1_103' title="bbox 569 5535 2158 5607">
    <p class='ocr_par' dir='ltr' id='par_1_103' title="bbox 569 5535 2158 5607">
     <span class='ocr_line' id='line_1_104' title="bbox 569 5535 2158 5607; baseline -0.002 -15"><span class='ocrx_word' id='word_1_711' title='bbox 569 5536 845 5592; x_wconf 79' lang='lat' dir='ltr'><strong>Baslleum</strong></span> <span class='ocrx_word' id='word_1_712' title='bbox 885 5538 1129 5591; x_wconf 80' lang='lat' dir='ltr'><strong>Amaseze</strong></span> <span class='ocrx_word' id='word_1_713' title='bbox 1156 5539 1206 5607; x_wconf 82' lang='lat' dir='ltr'><strong>in</strong></span> <span class='ocrx_word' id='word_1_714' title='bbox 1239 5536 1410 5590; x_wconf 88' lang='lat' dir='ltr'><strong>Ponto</strong></span> <span class='ocrx_word' id='word_1_715' title='bbox 1436 5538 1760 5607; x_wconf 82' lang='lat' dir='ltr'><strong>cpiscOpum</strong></span> <span class='ocrx_word' id='word_1_716' title='bbox 1780 5535 1999 5590; x_wconf 69' lang='lat' dir='ltr'><strong>Nicmno</strong></span> <span class='ocrx_word' id='word_1_717' title='bbox 2027 5551 2158 5590; x_wconf 82' lang='lat' dir='ltr'><strong>con-</strong></span> 
     </span>
    </p>
   </div>
   <div class='ocr_carea' id='block_1_104' title="bbox 572 5606 2158 5670">
    <p class='ocr_par' dir='ltr' id='par_1_104' title="bbox 572 5606 2158 5670">
     <span class='ocr_line' id='line_1_105' title="bbox 572 5606 2158 5670; baseline 0.001 -12"><span class='ocrx_word' id='word_1_718' title='bbox 572 5607 701 5660; x_wconf 88' lang='lat' dir='ltr'><strong>cilio</strong></span> <span class='ocrx_word' id='word_1_719' title='bbox 775 5607 1112 5661; x_wconf 77' lang='lat' dir='ltr'><strong>interfuisse.</strong></span> <span class='ocrx_word' id='word_1_720' title='bbox 1174 5606 1345 5662; x_wconf 85' lang='lat' dir='ltr'><strong>Porro</strong></span> <span class='ocrx_word' id='word_1_721' title='bbox 1391 5606 1682 5660; x_wconf 84' lang='lat' dir='ltr'><strong>concilium</strong></span> <span class='ocrx_word' id='word_1_722' title='bbox 1747 5606 2158 5670; x_wconf 72' lang='lat' dir='ltr'><strong>Nicanntni,.ut</strong></span> 
     </span>
    </p>
   </div>
   <div class='ocr_carea' id='block_1_105' title="bbox 575 5679 2158 5747">
    <p class='ocr_par' dir='ltr' id='par_1_105' title="bbox 575 5679 2158 5747">
     <span class='ocr_line' id='line_1_106' title="bbox 575 5679 2158 5747; baseline 0.001 -19"><span class='ocrx_word' id='word_1_723' title='bbox 575 5679 724 5729; x_wconf 83' lang='lat' dir='ltr'><strong>inter</strong></span> <span class='ocrx_word' id='word_1_724' title='bbox 769 5691 960 5730; x_wconf 88' lang='lat' dir='ltr'><strong>omnes</strong></span> <span class='ocrx_word' id='word_1_725' title='bbox 998 5687 1660 5747; x_wconf 77' lang='lat' dir='ltr'><strong>constat,congregatum</strong></span> <span class='ocrx_word' id='word_1_726' title='bbox 1710 5687 1796 5732; x_wconf 82' lang='lat' dir='ltr'><strong>est</strong></span> <span class='ocrx_word' id='word_1_727' title='bbox 1845 5693 1988 5731; x_wconf 85' lang='lat' dir='ltr'><strong>anno</strong></span> <span class='ocrx_word' id='word_1_728' title='bbox 2038 5689 2158 5746; x_wconf 88' lang='lat' dir='ltr'><strong>post</strong></span> 
     </span>
    </p>
   </div>
   <div class='ocr_carea' id='block_1_106' title="bbox 574 5747 2156 5818">
    <p class='ocr_par' dir='ltr' id='par_1_106' title="bbox 574 5747 2156 5818">
     <span class='ocr_line' id='line_1_107' title="bbox 574 5747 2156 5818; baseline 0.003 -20"><span class='ocrx_word' id='word_1_729' title='bbox 574 5747 1082 5818; x_wconf 69' lang='lat' dir='ltr'><strong>exauctorationcm</strong></span> <span class='ocrx_word' id='word_1_730' title='bbox 1110 5747 1325 5810; x_wconf 80' lang='lat' dir='ltr'><strong>Licinii.</strong></span> <span class='ocrx_word' id='word_1_731' title='bbox 1372 5751 1511 5815; x_wconf 77' lang='lat' dir='ltr'><strong>Quid</strong></span> <span class='ocrx_word' id='word_1_732' title='bbox 1547 5749 1687 5818; x_wconf 90' lang='lat' dir='ltr'><strong>quod</strong></span> <span class='ocrx_word' id='word_1_733' title='bbox 1731 5748 2061 5802; x_wconf 83' lang='lat' dir='ltr'><strong>Athanasius</strong></span> <span class='ocrx_word' id='word_1_734' title='bbox 2104 5750 2156 5802; x_wconf 89' lang='lat' dir='ltr'><strong>itt</strong></span> 
     </span>
    </p>
   </div>
   <div class='ocr_carea' id='block_1_107' title="bbox 575 5817 2157 5884">
    <p class='ocr_par' dir='ltr' id='par_1_107' title="bbox 575 5817 2157 5884">
     <span class='ocr_line' id='line_1_108' title="bbox 575 5817 2157 5884; baseline 0.002 -14"><span class='ocrx_word' id='word_1_735' title='bbox 575 5817 878 5871; x_wconf 69' lang='lat' dir='ltr'><strong>oratione!</strong></span> <span class='ocrx_word' id='word_1_736' title='bbox 926 5818 1122 5872; x_wconf 83' lang='lat' dir='ltr'><strong>Contra</strong></span> <span class='ocrx_word' id='word_1_737' title='bbox 1166 5821 1386 5875; x_wconf 77' lang='lat' dir='ltr'><strong>Arianot</strong></span> <span class='ocrx_word' id='word_1_738' title='bbox 1416 5862 1429 5884; x_wconf 94' lang='lat'><strong>,</strong></span> <span class='ocrx_word' id='word_1_739' title='bbox 1480 5817 1574 5875; x_wconf 86' lang='lat' dir='ltr'><strong>ubi</strong></span> <span class='ocrx_word' id='word_1_740' title='bbox 1631 5818 1960 5876; x_wconf 84' lang='lat' dir='ltr'><strong>mentionem</strong></span> <span class='ocrx_word' id='word_1_741' title='bbox 2027 5818 2157 5873; x_wconf 68' lang='lat' dir='ltr'><strong>laet!</strong></span> 
     </span>
    </p>
   </div>
   <div class='ocr_carea' id='block_1_108' title="bbox 2268 4625 3820 4697">
    <p class='ocr_par' dir='ltr' id='par_1_108' title="bbox 2268 4625 3820 4697">
     <span class='ocr_line' id='line_1_109' title="bbox 2268 4625 3820 4697; baseline 0.003 -19"><span class='ocrx_word' id='word_1_742' title='bbox 2268 4629 2315 4679; x_wconf 85' lang='grc' dir='ltr'>εἰ</span> <span class='ocrx_word' id='word_1_743' title='bbox 2350 4626 2423 4697; x_wconf 82' lang='grc' dir='ltr'>μὴ</span> <span class='ocrx_word' id='word_1_744' title='bbox 2454 4625 2664 4696; x_wconf 78' lang='grc' dir='ltr'>φθάσας</span> <span class='ocrx_word' id='word_1_745' title='bbox 2697 4627 2758 4680; x_wconf 85' lang='grc' dir='ltr'>τὸ</span> <span class='ocrx_word' id='word_1_746' title='bbox 2796 4627 2987 4697; x_wconf 86' lang='grc' dir='ltr'>μέλλον</span> <span class='ocrx_word' id='word_1_747' title='bbox 3031 4629 3058 4679; x_wconf 85' lang='grc' dir='ltr'>ὁ</span> <span class='ocrx_word' id='word_1_748' title='bbox 3093 4627 3203 4679; x_wconf 80' lang='grc' dir='ltr'>τῶν</span> <span class='ocrx_word' id='word_1_749' title='bbox 3235 4628 3447 4680; x_wconf 79' lang='grc' dir='ltr'>οἰκείων</span> <span class='ocrx_word' id='word_1_750' title='bbox 3482 4628 3785 4697; x_wconf 65' lang='grc' dir='ltr'>ὑπέρμαχνς</span> <span class='ocrx_word' id='word_1_751' title='bbox 3805 4661 3820 4683; x_wconf 77' lang='lat'><em>.</em></span> 
     </span>
    </p>
   </div>
   <div class='ocr_carea' id='block_1_109' title="bbox 2263 4717 3821 4794">
    <p class='ocr_par' dir='ltr' id='par_1_109' title="bbox 2263 4717 3821 4794">
     <span class='ocr_line' id='line_1_110' title="bbox 2263 4717 3821 4794; baseline -0.001 -24"><span class='ocrx_word' id='word_1_752' title='bbox 2263 4719 2338 4782; x_wconf 79' lang='grc' dir='ltr'>ὡς</span> <span class='ocrx_word' id='word_1_753' title='bbox 2370 4719 2426 4771; x_wconf 83' lang='grc' dir='ltr'>ὲν</span> <span class='ocrx_word' id='word_1_754' title='bbox 2457 4720 2630 4790; x_wconf 83' lang='grc' dir='ltr'>σκότῳ</span> <span class='ocrx_word' id='word_1_755' title='bbox 2665 4720 2759 4772; x_wconf 75' lang='grc' dir='ltr'>καὶ</span> <span class='ocrx_word' id='word_1_756' title='bbox 2787 4719 2940 4771; x_wconf 75' lang='grc' dir='ltr'>νυκτὶ</span> <span class='ocrx_word' id='word_1_757' title='bbox 2967 4717 3346 4794; x_wconf 79' lang='grc' dir='ltr'>ζοφωδεστάτῃ</span> <span class='ocrx_word' id='word_1_758' title='bbox 3368 4720 3632 4791; x_wconf 77' lang='grc' dir='ltr'>φωστῆρα</span> <span class='ocrx_word' id='word_1_759' title='bbox 3667 4717 3821 4790; x_wconf 73' lang='grc' dir='ltr'>μέγαν</span> 
     </span>
    </p>
   </div>
   <div class='ocr_carea' id='block_1_110' title="bbox 2267 4972 3818 5045">
    <p class='ocr_par' dir='ltr' id='par_1_110' title="bbox 2267 4972 3818 5045">
     <span class='ocr_line' id='line_1_111' title="bbox 2267 4972 3818 5045; baseline -0.001 -16"><span class='ocrx_word' id='word_1_760' title='bbox 2267 4976 2558 5030; x_wconf 89' lang='lat' dir='ltr'><strong>illustrium</strong></span> <span class='ocrx_word' id='word_1_761' title='bbox 2592 4975 2965 5045; x_wconf 88' lang='lat' dir='ltr'><strong>episcoporum</strong></span> <span class='ocrx_word' id='word_1_762' title='bbox 2995 4974 3086 5043; x_wconf 91' lang='lat' dir='ltr'><strong>qui</strong></span> <span class='ocrx_word' id='word_1_763' title='bbox 3120 4973 3352 5026; x_wconf 66' lang='lat' dir='ltr'><strong>Nicmnaa</strong></span> <span class='ocrx_word' id='word_1_764' title='bbox 3379 4974 3588 5044; x_wconf 83' lang='lat' dir='ltr'><strong>synodo</strong></span> <span class='ocrx_word' id='word_1_765' title='bbox 3615 4983 3704 5028; x_wconf 91' lang='lat' dir='ltr'><strong>aut</strong></span> <span class='ocrx_word' id='word_1_766' title='bbox 3731 4972 3818 5042; x_wconf 85' lang='lat' dir='ltr'><strong>ipsi</strong></span> 
     </span>
    </p>
   </div>
   <div class='ocr_carea' id='block_1_111' title="bbox 2263 5045 3815 5114">
    <p class='ocr_par' dir='ltr' id='par_1_111' title="bbox 2263 5045 3815 5114">
     <span class='ocr_line' id='line_1_112' title="bbox 2263 5045 3815 5114; baseline -0.002 -16"><span class='ocrx_word' id='word_1_767' title='bbox 2263 5046 2662 5107; x_wconf 86' lang='lat' dir='ltr'><strong>interfuerunt,</strong></span> <span class='ocrx_word' id='word_1_768' title='bbox 2708 5056 2803 5099; x_wconf 84' lang='lat' dir='ltr'><strong>aut</strong></span> <span class='ocrx_word' id='word_1_769' title='bbox 2842 5045 2959 5111; x_wconf 86' lang='lat' dir='ltr'><strong>ejus</strong></span> <span class='ocrx_word' id='word_1_770' title='bbox 3006 5045 3332 5100; x_wconf 87' lang='lat' dir='ltr'><strong>sententiam</strong></span> <span class='ocrx_word' id='word_1_771' title='bbox 3379 5047 3815 5114; x_wconf 85' lang='lat' dir='ltr'><strong>comprobarunt,</strong></span> 
     </span>
    </p>
   </div>
   <div class='ocr_carea' id='block_1_112' title="bbox 2265 5112 3820 5185">
    <p class='ocr_par' dir='ltr' id='par_1_112' title="bbox 2265 5112 3820 5185">
     <span class='ocr_line' id='line_1_113' title="bbox 2265 5112 3820 5185; baseline -0.003 -17"><span class='ocrx_word' id='word_1_772' title='bbox 2265 5115 2531 5170; x_wconf 79' lang='lat' dir='ltr'><strong>Basileum</strong></span> <span class='ocrx_word' id='word_1_773' title='bbox 2576 5115 2733 5170; x_wconf 89' lang='lat' dir='ltr'><strong>Ponti</strong></span> <span class='ocrx_word' id='word_1_774' title='bbox 2767 5117 3080 5185; x_wconf 87' lang='lat' dir='ltr'><strong>episcopum</strong></span> <span class='ocrx_word' id='word_1_775' title='bbox 3110 5131 3215 5168; x_wconf 88' lang='lat' dir='ltr'><strong>una</strong></span> <span class='ocrx_word' id='word_1_776' title='bbox 3251 5130 3371 5169; x_wconf 86' lang='lat' dir='ltr'><strong>cum</strong></span> <span class='ocrx_word' id='word_1_777' title='bbox 3407 5112 3530 5185; x_wconf 81' lang='lat' dir='ltr'><strong>aliis</strong></span> <span class='ocrx_word' id='word_1_778' title='bbox 3549 5113 3782 5166; x_wconf 86' lang='lat' dir='ltr'><strong>nominat</strong></span> <span class='ocrx_word' id='word_1_779' title='bbox 3807 5150 3820 5171; x_wconf 90' lang='lat'><strong>,</strong></span> 
     </span>
    </p>
   </div>
   <div class='ocr_carea' id='block_1_113' title="bbox 2262 5184 3817 5258">
    <p class='ocr_par' dir='ltr' id='par_1_113' title="bbox 2262 5184 3817 5258">
     <span class='ocr_line' id='line_1_114' title="bbox 2262 5184 3817 5258; baseline -0.003 -20"><span class='ocrx_word' id='word_1_780' title='bbox 2262 5199 2363 5258; x_wconf 77' lang='lat' dir='ltr'><strong>nec</strong></span> <span class='ocrx_word' id='word_1_781' title='bbox 2405 5197 2697 5258; x_wconf 83' lang='lat' dir='ltr'><strong>martyrem</strong></span> <span class='ocrx_word' id='word_1_782' title='bbox 2737 5202 2860 5240; x_wconf 86' lang='lat' dir='ltr'><strong>eum</strong></span> <span class='ocrx_word' id='word_1_783' title='bbox 2907 5184 3160 5254; x_wconf 88' lang='lat' dir='ltr'><strong>appellat,</strong></span> <span class='ocrx_word' id='word_1_784' title='bbox 3196 5185 3444 5258; x_wconf 75' lang='lat' dir='ltr'><strong>quamvis</strong></span> <span class='ocrx_word' id='word_1_785' title='bbox 3471 5184 3673 5258; x_wconf 82' lang='lat' dir='ltr'><strong>Osium_</strong></span> <span class='ocrx_word' id='word_1_786' title='bbox 3703 5199 3817 5258; x_wconf 44' lang='lat' dir='ltr'><strong>conf</strong></span> 
     </span>
    </p>
   </div>
   <div class='ocr_carea' id='block_1_114' title="bbox 2265 5252 3813 5325">
    <p class='ocr_par' dir='ltr' id='par_1_114' title="bbox 2265 5252 3813 5325">
     <span class='ocr_line' id='line_1_115' title="bbox 2265 5252 3813 5325; baseline -0.003 -18"><span class='ocrx_word' id='word_1_787' title='bbox 2265 5252 2775 5310; x_wconf 59' lang='lat' dir='ltr'><strong>fessorcm&#39;ibidem</strong></span> <span class='ocrx_word' id='word_1_788' title='bbox 2829 5252 3326 5325; x_wconf 70' lang='lat' dir='ltr'><strong>cogindmineLScd</strong></span> <span class='ocrx_word' id='word_1_789' title='bbox 3369 5265 3426 5307; x_wconf 91' lang='lat' dir='ltr'><strong>ct</strong></span> <span class='ocrx_word' id='word_1_790' title='bbox 3455 5257 3585 5306; x_wconf 81' lang='lat' dir='ltr'><strong>Acta</strong></span> <span class='ocrx_word' id='word_1_791' title='bbox 3640 5252 3813 5308; x_wconf 79' lang='lat' dir='ltr'><strong>Basilei</strong></span> 
     </span>
    </p>
   </div>
   <div class='ocr_carea' id='block_1_115' title="bbox 2262 5326 3814 5396">
    <p class='ocr_par' dir='ltr' id='par_1_115' title="bbox 2262 5326 3814 5396">
     <span class='ocr_line' id='line_1_116' title="bbox 2262 5326 3814 5396; baseline -0.002 -18"><span class='ocrx_word' id='word_1_792' title='bbox 2262 5343 2384 5396; x_wconf 69' lang='lat' dir='ltr'><strong>quae</strong></span> <span class='ocrx_word' id='word_1_793' title='bbox 2423 5327 2562 5396; x_wconf 82' lang='lat' dir='ltr'><strong>apud</strong></span> <span class='ocrx_word' id='word_1_794' title='bbox 2611 5327 3030 5395; x_wconf 80' lang='lat' dir='ltr'><strong>l&#39;lletapbrastem</strong></span> <span class='ocrx_word' id='word_1_795' title='bbox 3070 5335 3318 5390; x_wconf 79' lang='lat' dir='ltr'><strong>exstant,</strong></span> <span class='ocrx_word' id='word_1_796' title='bbox 3366 5326 3546 5393; x_wconf 86' lang='lat' dir='ltr'><strong>inepta</strong></span> <span class='ocrx_word' id='word_1_797' title='bbox 3591 5326 3715 5378; x_wconf 89' lang='lat' dir='ltr'><strong>mibi</strong></span> <span class='ocrx_word' id='word_1_798' title='bbox 3746 5327 3814 5396; x_wconf 67' lang='lat' dir='ltr'><strong>vi»</strong></span> 
     </span>
    </p>
   </div>
   <div class='ocr_carea' id='block_1_116' title="bbox 2264 5395 3813 5466">
    <p class='ocr_par' dir='ltr' id='par_1_116' title="bbox 2264 5395 3813 5466">
     <span class='ocr_line' id='line_1_117' title="bbox 2264 5395 3813 5466; baseline -0.002 -18"><span class='ocrx_word' id='word_1_799' title='bbox 2264 5395 2470 5451; x_wconf 76' lang='lat' dir='ltr'><strong>dentur</strong></span> <span class='ocrx_word' id='word_1_800' title='bbox 2490 5413 2550 5451; x_wconf 85' lang='lat' dir='ltr'><strong>ac</strong></span> <span class='ocrx_word' id='word_1_801' title='bbox 2583 5398 2850 5453; x_wconf 84' lang='lat' dir='ltr'><strong>fabulosa.</strong></span> <span class='ocrx_word' id='word_1_802' title='bbox 2877 5396 2955 5452; x_wconf 87' lang='lat' dir='ltr'><strong>Ac</strong></span> <span class='ocrx_word' id='word_1_803' title='bbox 2995 5397 3253 5466; x_wconf 87' lang='lat' dir='ltr'><strong>pleraque</strong></span> <span class='ocrx_word' id='word_1_804' title='bbox 3283 5397 3502 5465; x_wconf 78' lang='lat' dir='ltr'><strong>quidem</strong></span> <span class='ocrx_word' id='word_1_805' title='bbox 3533 5411 3652 5463; x_wconf 75' lang='lat' dir='ltr'><strong>qua:</strong></span> <span class='ocrx_word' id='word_1_806' title='bbox 3680 5395 3813 5448; x_wconf 89' lang='lat' dir='ltr'><strong>initio</strong></span> 
     </span>
    </p>
   </div>
   <div class='ocr_carea' id='block_1_117' title="bbox 2266 5467 3814 5536">
    <p class='ocr_par' dir='ltr' id='par_1_117' title="bbox 2266 5467 3814 5536">
     <span class='ocr_line' id='line_1_118' title="bbox 2266 5467 3814 5536; baseline -0.003 -17"><span class='ocrx_word' id='word_1_807' title='bbox 2266 5483 2454 5521; x_wconf 82' lang='lat' dir='ltr'><strong>eorum</strong></span> <span class='ocrx_word' id='word_1_808' title='bbox 2509 5468 2760 5536; x_wconf 79' lang='lat' dir='ltr'><strong>leguntur</strong></span> <span class='ocrx_word' id='word_1_809' title='bbox 2786 5485 2851 5521; x_wconf 87' lang='lat' dir='ltr'><strong>ex</strong></span> <span class='ocrx_word' id='word_1_810' title='bbox 2906 5469 3134 5521; x_wconf 81' lang='lat' dir='ltr'><strong>Eusebio</strong></span> <span class='ocrx_word' id='word_1_811' title='bbox 3176 5469 3242 5519; x_wconf 89' lang='lat' dir='ltr'><strong>ad</strong></span> <span class='ocrx_word' id='word_1_812' title='bbox 3291 5467 3515 5518; x_wconf 71' lang='lat' dir='ltr'><strong>verbum</strong></span> <span class='ocrx_word' id='word_1_813' title='bbox 3563 5467 3814 5533; x_wconf 82' lang='lat' dir='ltr'><strong>descripta</strong></span> 
     </span>
    </p>
   </div>
   <div class='ocr_carea' id='block_1_118' title="bbox 2265 5537 3816 5606">
    <p class='ocr_par' dir='ltr' id='par_1_118' title="bbox 2265 5537 3816 5606">
     <span class='ocr_line' id='line_1_119' title="bbox 2265 5537 3816 5606; baseline 0 -18"><span class='ocrx_word' id='word_1_814' title='bbox 2265 5547 2411 5590; x_wconf 68' lang='lat' dir='ltr'><strong>sunt.</strong></span> <span class='ocrx_word' id='word_1_815' title='bbox 2445 5537 2662 5591; x_wconf 75' lang='lat' dir='ltr'><strong>Fabella</strong></span> <span class='ocrx_word' id='word_1_816' title='bbox 2707 5550 2885 5592; x_wconf 88' lang='lat' dir='ltr'><strong>autem</strong></span> <span class='ocrx_word' id='word_1_817' title='bbox 2928 5538 3012 5591; x_wconf 88' lang='lat' dir='ltr'><strong>illa</strong></span> <span class='ocrx_word' id='word_1_818' title='bbox 3047 5538 3111 5591; x_wconf 82' lang='lat' dir='ltr'><strong>de</strong></span> <span class='ocrx_word' id='word_1_819' title='bbox 3137 5537 3409 5606; x_wconf 80' lang='lat' dir='ltr'><strong>Glapbyra</strong></span> <span class='ocrx_word' id='word_1_820' title='bbox 3441 5537 3673 5605; x_wconf 75' lang='lat' dir='ltr'><strong>virgine,</strong></span> <span class='ocrx_word' id='word_1_821' title='bbox 3701 5552 3816 5592; x_wconf 88' lang='lat' dir='ltr'><strong>cou-</strong></span> 
     </span>
    </p>
   </div>
   <div class='ocr_carea' id='block_1_119' title="bbox 2265 5609 3450 5662">
    <p class='ocr_par' dir='ltr' id='par_1_119' title="bbox 2265 5609 3450 5662">
     <span class='ocr_line' id='line_1_120' title="bbox 2265 5609 3450 5662; baseline 0.001 -3"><span class='ocrx_word' id='word_1_822' title='bbox 2265 5610 2388 5660; x_wconf 88' lang='lat' dir='ltr'><strong>licta</strong></span> <span class='ocrx_word' id='word_1_823' title='bbox 2420 5609 2548 5661; x_wconf 86' lang='lat' dir='ltr'><strong>mihi</strong></span> <span class='ocrx_word' id='word_1_824' title='bbox 2580 5609 2791 5661; x_wconf 81' lang='lat' dir='ltr'><strong>videtur</strong></span> <span class='ocrx_word' id='word_1_825' title='bbox 2823 5610 2889 5661; x_wconf 89' lang='lat' dir='ltr'><strong>ab</strong></span> <span class='ocrx_word' id='word_1_826' title='bbox 2915 5609 3219 5662; x_wconf 85' lang='lat' dir='ltr'><strong>hominibus</strong></span> <span class='ocrx_word' id='word_1_827' title='bbox 3243 5609 3450 5661; x_wconf 83' lang='lat' dir='ltr'><strong>otiosis.</strong></span> 
     </span>
    </p>
   </div>
   <div class='ocr_carea' id='block_1_120' title="bbox 2336 5676 3813 5746">
    <p class='ocr_par' dir='ltr' id='par_1_120' title="bbox 2336 5676 3813 5746">
     <span class='ocr_line' id='line_1_121' title="bbox 2336 5676 3813 5746; baseline -0.001 -16"><span class='ocrx_word' id='word_1_828' title='bbox 2336 5678 2448 5746; x_wconf 69' lang='lat'><strong>(2&#39;5)</strong></span> <span class='ocrx_word' id='word_1_829' title='bbox 2503 5676 2755 5746; x_wconf 77' lang='grc' dir='ltr'>Ἀποδῴη</span> <span class='ocrx_word' id='word_1_830' title='bbox 2788 5679 3084 5746; x_wconf 67' lang='grc' dir='ltr'>λατρείας.</span> <span class='ocrx_word' id='word_1_831' title='bbox 3125 5679 3182 5732; x_wconf 86' lang='lat' dir='ltr'><strong>In</strong></span> <span class='ocrx_word' id='word_1_832' title='bbox 3231 5680 3389 5734; x_wconf 86' lang='lat' dir='ltr'><strong>codd.</strong></span> <span class='ocrx_word' id='word_1_833' title='bbox 3437 5676 3728 5732; x_wconf 74' lang='lat' dir='ltr'><strong>Fuketiano</strong></span> <span class='ocrx_word' id='word_1_834' title='bbox 3759 5680 3813 5746; x_wconf 75' lang='lat' dir='ltr'><strong>et</strong></span> 
     </span>
    </p>
   </div>
   <div class='ocr_carea' id='block_1_121' title="bbox 2264 5745 3813 5816">
    <p class='ocr_par' dir='ltr' id='par_1_121' title="bbox 2264 5745 3813 5816">
     <span class='ocr_line' id='line_1_122' title="bbox 2264 5745 3813 5816; baseline -0.002 -11"><span class='ocrx_word' id='word_1_835' title='bbox 2264 5745 2390 5805; x_wconf 86' lang='lat' dir='ltr'><strong>Sav.</strong></span> <span class='ocrx_word' id='word_1_836' title='bbox 2429 5750 2687 5816; x_wconf 89' lang='lat' dir='ltr'><strong>scripunn</strong></span> <span class='ocrx_word' id='word_1_837' title='bbox 2725 5745 2809 5801; x_wconf 87' lang='lat' dir='ltr'><strong>est</strong></span> <span class='ocrx_word' id='word_1_838' title='bbox 2835 5745 3113 5816; x_wconf 76' lang='grc' dir='ltr'>ἀποδιδοίη</span> <span class='ocrx_word' id='word_1_839' title='bbox 3152 5769 3164 5801; x_wconf 90' lang='lat'><strong>:</strong></span> <span class='ocrx_word' id='word_1_840' title='bbox 3203 5751 3255 5803; x_wconf 88' lang='lat' dir='ltr'><strong>in</strong></span> <span class='ocrx_word' id='word_1_841' title='bbox 3298 5750 3434 5803; x_wconf 87' lang='lat' dir='ltr'><strong>libro</strong></span> <span class='ocrx_word' id='word_1_842' title='bbox 3463 5762 3642 5804; x_wconf 87' lang='lat' dir='ltr'><strong>autem</strong></span> <span class='ocrx_word' id='word_1_843' title='bbox 3667 5766 3696 5803; x_wconf 80' lang='lat' dir='ltr'><strong>x</strong></span> <span class='ocrx_word' id='word_1_844' title='bbox 3726 5745 3813 5802; x_wconf 80' lang='lat' dir='ltr'><strong>Hi-</strong></span> 
     </span>
    </p>
   </div>
   <div class='ocr_carea' id='block_1_122' title="bbox 2261 5819 3152 5890">
    <p class='ocr_par' dir='ltr' id='par_1_122' title="bbox 2261 5819 3152 5890">
     <span class='ocr_line' id='line_1_123' title="bbox 2261 5819 3152 5890; baseline -0.007 -16"><span class='ocrx_word' id='word_1_845' title='bbox 2261 5821 2438 5874; x_wconf 66' lang='lat' dir='ltr'><strong>storiis</strong></span> <span class='ocrx_word' id='word_1_846' title='bbox 2481 5819 2866 5880; x_wconf 70' lang='lat' dir='ltr'><strong>Ecclesiastirm</strong></span> <span class='ocrx_word' id='word_1_847' title='bbox 2899 5819 3152 5890; x_wconf 78' lang='grc' dir='ltr'>ἀποδιδῷ.</span> 
     </span>
    </p>
   </div>
  </div>
