4132 6406
351 311 488 370 981

1477 310 1567 366 DE
1605 309 1768 367 VITA
1807 308 2265 367 CONSTANTINI
2299 309 2432 367 LIB.
2465 310 2533 364 ll.

3518 311 3623 362 882

351 425 653 499 ἐξέλαμψε
677 425 767 479 τὸν
796 422 965 478 αὑτοῦ
997 423 1298 497 Θεράποντα
1319 427 1748 488 Κωνσταντῖνον,
1770 428 1863 482 ἐπὶ
1889 427 1934 480 τε

2060 427 2111 480 id
2146 427 2286 497 quod
2317 426 2555 482 futurum
2593 430 2712 480 erat
2764 421 3053 479 celerrime
3089 422 3444 494 praeveniens,
3478 423 3620 478 Con—

348 518 508 590 τῇδε
532 516 968 589 χειραγωγήσας.

2055 518 2354 572 stantinum
2393 514 2649 572 famulum
2682 503 2838 569 suum
2881 522 3134 584 tanquam
3173 512 3512 584 splendidum
3543 514 3622 568 lu-

367 562 508 590 Ἶ--
570 562 616 570 -.
655 562 688 570 _
729 562 769 569 ..
817 562 968 580 .-νγ
1491 562 1503 580 ,
2055 562 2354 572 ---..........-
2682 562 2838 569 -_----
2883 562 3134 584 ,ην-,η
3173 562 3512 584 -r----_-__---
3543 562 3592 568 -_

352 562 460 666 cis
486 562 748 679 ju’batrﬁit
784 562 1048 676 ptiofunda
1093 606 1323 678 caligine
1362 616 1417 662 et
1462 608 1515 662 in
1548 608 1941 664 obscurissima
1992 616 2153 662 nocte
2205 607 2386 662 subito
2441 604 2801 669 ostendisset,
2833 616 3066 675 eumque
3111 605 3265 673 quasi
3319 617 3482 658 manu
3524 619 3619 674 app

354 703 708 770 prehensum
739 700 840 756 has
865 699 922 754 in
946 708 1132 769 partes
1157 701 1523 768 perduxisset.

903 792 1298 846 ΚΕΦΑΛΑΙΟΝ
1333 793 1408 848 1".

359 885 572 952 Ὅπως
587 882 1039 949 Κωνσταντῖνος
1060 886 1214 952 ὑπὲρ
1245 883 1614 953 Χριστιανῶν
1634 885 1948 941 διώκεσθαι

840 956 1191 1022 μελλόντων
1216 955 1482 1023 ἐκινήθη.

450 1046 549 1108 ὐς
573 1044 748 1098 οὐκέτ’
770 1044 992 1097 ἀνεκτὸν
1017 1040 1156 1097 εἶναι
1209 1044 1434 1098 συνιδὼν
1463 1045 1563 1116 τὴν
1596 1045 1703 1098 τῶν
1733 1043 1949 1116 εἰρημέ-

357 1156 483 1191 νων
513 1139 704 1209 ἀκοὴν,
749 1137 838 1191 τὸν
883 1136 1136 1209 σώφρονα
1181 1137 1404 1208 συνάγει
1433 1137 1710 1210 λογισμὸν,
1741 1137 1837 1191 καὶ
1886 1137 1947 1190 τὺ

357 1231 599 1301 στερρὸν
629 1228 720 1282 τοῦ
745 1229 944 1300 τρόπου
978 1232 1044 1298 τῇ
1080 1229 1345 1301 συμφύτῳ
1372 1229 1751 1301 φιλανθρωπίᾳ
1780 1242 1945 1299 κερα-

359 1321 606 1391 σάμενος
631 1360 648 1386 ,
730 1322 822 1374 ἐπὶ
871 1321 971 1392 τὴν
1029 1321 1239 1392 ἄμυναν
1298 1321 1404 1375 τῶν
1458 1321 1946 1392 καταπονουμένων

317 1459 322 1462 .
359 1412 620 1475 ἔσπευδε,
663 1412 853 1484 κρίνας
882 1412 991 1465 δεῖν
1021 1409 1160 1466 εἴναι
1193 1412 1417 1476 εὐσεϐὲς
1451 1415 1545 1467 καὶ
1572 1413 1739 1476 ὅσιον,
1777 1413 1944 1464 ἐκπο-

355 1503 474 1556 δὼν
521 1503 616 1556 ἕνα
649 1505 1011 1575 ποιησάμενον
1035 1544 1049 1568 ,
1105 1505 1165 1557 τὸ
1215 1505 1462 1558 πλεῖστον
1496 1504 1604 1558 τῶν
1646 1502 1944 1573 ἀνθρώπων

356 1593 735 1647 διασώσασθαι
769 1594 954 1663 γένος·
995 1594 1159 1666 πολλῇ
1189 1595 1296 1666 γὰρ
1335 1594 1486 1666 αὐτῷ
1519 1595 1790 1666 χρωμένῳ
1823 1594 1944 1662 φιλο

361 1684 654 1757 ανθρωπία
692 1686 824 1756 (‘24),
873 1689 964 1741 καὶ
995 1687 1086 1740 τὸν
1125 1686 1466 1759 συμπαθείας
1492 1687 1706 1753 ἀνάξιον
1737 1686 1946 1740 ἐλεοῦν-

361 1794 444 1842 τι,
478 1779 556 1848 τῷ
593 1779 690 1848 μὲν
742 1780 906 1850 μηδὲν
950 1781 1195 1847 γίνεσθαι
1225 1781 1414 1845 πλέον,
1465 1782 1562 1851 τῆς
1608 1780 1716 1832 τῶν
1759 1778 1948 1832 κακῶν
1973 1812 2014 1866 Β

363 1869 762 1939 ἐπιτηδεύσεως
804 1871 1067 1942 μηδαμῶς
1113 1872 1603 1943 ἀπαλλαττομένῳ,
1657 1871 1940 1934 ὲπαύξοντι

359 1960 422 2013 δὲ
457 1960 653 2031 μᾶλλον
685 1962 784 2032 τὴν
824 1963 964 2016 κατὰ
1008 1963 1114 2016 τῶν
1145 1963 1468 2035 ὑποχειρίων
1500 1962 1717 2026 λύτταν,
1753 1962 1861 2024 τοῖς
1894 1961 1938 2014 δ’

363 2051 460 2104 ὑπ’
506 2051 668 2105 αὑτοῦ
731 2055 1136 2124 κεκακωμένοις
1198 2055 1465 2126 μηδεμίαν
1524 2054 1628 2107 ἐτιτ
1671 2052 1942 2124 σωτηρίας

361 2139 556 2194 ἐλπίδα
604 2141 903 2196 λείπεσθαι.
946 2143 1110 2196 Ταῦτ’
1149 2144 1409 2214 ἐννοήσας
1455 2146 1483 2197 ὁ
1536 2143 1805 2214 βασιλεὺς,
1849 2143 1942 2195 ἀν-

361 2228 678 2299 υπερθέτως
713 2230 892 2296 δεξιὰν
939 2233 1150 2304 ὀρέγειν
1181 2235 1444 2305 σωτήριον
1487 2237 1597 2298 τοῖς
1636 2235 1717 2298 εἰς
1737 2233 1941 2304 ἔσχατα

359 2321 551 2375 κακῶν
589 2322 904 2395 ὲληλακόσιν
936 2325 1181 2396 ὡρμᾶτο.
1215 2326 1325 2397 Τῆς
1359 2326 1458 2396 μὲν
1490 2321 1583 2380 οῦν
1621 2343 1939 2397 στρατιωτι-

361 2412 467 2481 κῆς
498 2411 825 2478 ὲξοπλίσεως
866 2414 965 2486 τὴν
1017 2415 1220 2487 συνήθη
1272 2416 1626 2488 παρασκευὴν
1675 2418 1935 2477 ἐποιεῖτο,

358 2500 614 2575 ἥθροιστό
636 2521 695 2558 τε
723 2504 871 2576 αύτῷ
905 2507 1052 2559 πᾶσα
1075 2507 1285 2575 φάλαγξ
1319 2507 1484 2571 πεζοῦ
1509 2525 1567 2560 τε
1592 2509 1685 2560 καὶ
1709 2508 1935 2561 ίππικοῦ

362 2595 678 2664 τάγματος⁹
728 2599 914 2669 ἡγεῖτο
959 2598 1004 2651 δ’
1039 2598 1133 2652 ἐπὶ
1179 2598 1396 2654 πάντων
1436 2599 1506 2652 τὰ
1553 2600 1651 2670 τῆς
1703 2601 1797 2652 ἐπὶ
1844 2601 1934 2653 τὸν

357 2685 494 2739 Θεὸν
521 2688 729 2761 ἀγαθῆς
751 2690 982 2755 ἐλπίδος,
1021 2690 1110 2745 διὰ
1134 2691 1226 2745 τοῦ
1266 2691 1647 2764 προλεχθέντος
1688 2694 1932 2766 σημείου,

364 2775 428 2827 σύ
437 2776 630 2846 μϐολα.

887 3054 1286 3107 ΚΕΦΑΛΑΙΟΝ
1325 3057 1398 3109 Δ’.

2643 780 2870 840 CAPUT
2899 779 2984 835 lll.

2094 878 2369 949 Quomodo
2400 875 2777 949 Constantinus
2819 872 3242 949 Christianorum
3268 887 3428 949 causa
3453 887 3583 940 quas

2231 948 2466 1002 Licinius
2497 944 2731 1016 persequi
2762 941 3004 1012 parabat.
3046 952 3330 995 commotus
3358 942 3446 995 sit.

2121 1061 2219 1127 Qui
2249 1075 2367 1114 cum
2398 1054 2702 1124 huiusmodi
2727 1067 2906 1107 rerum
2932 1051 3179 1106 nuntium
3211 1051 3276 1104 ad
3308 1065 3466 1106 aures
3489 1065 3614 1104 suas

2051 1150 2335 1220 perlatum,
2371 1162 2479 1202 non
2513 1144 2744 1213 amplius
2778 1140 3232 1197 dissimulandum
3275 1154 3401 1197 esse
3449 1140 3614 1196 intel-

2048 1242 2253 1313 ligeret,
2283 1239 2482 1295 sobrias
2533 1237 2732 1292 mentis
2756 1236 3002 1303 vigorem
3028 1233 3246 1306 collegit
3276 1253 3290 1290 :
3323 1244 3380 1290 et
3407 1235 3614 1290 severi-

2051 1340 2213 1384 tatem
2247 1342 2451 1383 morum
2492 1341 2616 1382 cum
2649 1325 2856 1394 innata
2909 1323 3150 1380 miscens
3207 1325 3513 1390 clementia,
3545 1325 3615 1379 iis

2047 1421 2136 1490 qui
2168 1418 2610 1490 opprimebantur
2627 1417 2891 1472 auxilium
2922 1416 3067 1470 ferre
3093 1416 3431 1484 properavit;
3466 1417 3609 1484 pium

2047 1518 2402 1576 sanctumque
2433 1506 2645 1561 facinus
2670 1505 2970 1560 habendum
3007 1520 3128 1560 esse
3155 1503 3427 1572 judicans,
3487 1521 3610 1561 cum

2046 1615 2154 1653 uno
2180 1613 2211 1654 e
2242 1599 2419 1653 medio
2448 1598 2660 1652 sublan
2689 1607 2857 1652 totum
2889 1595 3004 1651 fere
3033 1596 3310 1650 hominum
3342 1612 3513 1666 genus
3537 1598 3612 1652 itt-

2045 1691 2256 1744 colume
2285 1698 2552 1745 servatur.
2590 1687 2679 1742 Sic
2718 1689 2861 1742 enim
2907 1688 3049 1756 apud
3081 1703 3141 1742 se
3186 1687 3470 1756 reputabat
3512 1705 3524 1740 :
3562 1689 3605 1742 si

2047 1777 2158 1846 ipse
2185 1791 2393 1830 summa
2439 1776 2724 1830 clementia
2777 1783 3043 1840 uteretur,
3102 1786 3155 1830 et
3195 1776 3432 1831 hominis
3466 1776 3608 1831 nulla

2044 1865 2390 1920 miseratione
2419 1865 2565 1935 digni
2598 1867 2974 1932 misereretur,
3007 1866 3085 1920 illi
3119 1866 3337 1936 quidem
3391 1867 3525 1923 nihil
3553 1869 3607 1922 id

2041 1960 2410 2029 profuturum,
2447 1963 2648 2032 quippe
2673 1963 2763 2032 qui
2814 1979 2842 2015 a
2879 1963 3062 2032 pravis
3097 1966 3342 2020 moribus
3371 1974 3426 2020 et
3451 1966 3609 2021 iusti»

2043 2051 2174 2106 tutis
2201 2052 2509 2108 nullatenus
2538 2053 2866 2116 discederet,
2893 2053 3024 2120 quin
3074 2054 3254 2121 pctius
3284 2055 3489 2110 rabiem
3513 2056 3609 2110 ad-

2039 2156 2226 2196 versus
2274 2143 2516 2197 subditos
2577 2143 2877 2197 intenderet
2923 2147 3248 2212 :oppressis
3311 2162 3442 2201 vero
3489 2147 3608 2202 nul-

2041 2231 2144 2284 lam
2175 2231 2407 2299 amplius
2435 2245 2587 2300 spem
2617 2231 2810 2286 salutis
2849 2218 3112 2302 relinqui.
3156 2233 3280 2290 Haec
3309 2235 3608 2306 imperator

2038 2336 2160 2374 cum
2199 2321 2340 2391 apud
2368 2337 2428 2377 se
2461 2331 2791 2392 reputasset,
2833 2323 2900 2378 iis
2923 2325 3014 2394 qui
3059 2325 3113 2378 in
3143 2333 3416 2382 extremas
3453 2327 3603 2383 cala-

2040 2413 2254 2469 mitates
2286 2414 2626 2481 incidissent,
2647 2413 2810 2486 M5
2849 2414 3055 2485 absque
3081 2415 3190 2471 ulla
3228 2417 3491 2474 dilatione
3518 2435 3606 2474 sa-

2039 2503 2262 2559 lutarem
2290 2504 2534 2559 dextram
2562 2506 2842 2575 porrigere
2880 2507 3142 2562 decrevit.
3178 2507 3246 2562 Et
3286 2509 3607 2565 militarium

2036 2593 2252 2662 quidem
2277 2594 2558 2663 copiarum
2589 2603 2750 2663 atque
2783 2607 3060 2650 armorum
3113 2597 3385 2669 ingentem
3435 2615 3606 2670 appar

2036 2691 2215 2736 ratum
2248 2682 2445 2752 coegit.
2483 2681 2708 2752 Jamque
2733 2683 2962 2738 aderant
3004 2683 3258 2739 universa
3293 2695 3400 2740 tant
3443 2687 3602 2755 equi-

2038 2785 2147 2826 tum
2175 2789 2338 2844 quam
2369 2773 2608 2842 peditum
2667 2773 2888 2844 agmina
2940 2775 2994 2829 in
3036 2790 3203 2830 unum
3250 2787 3600 2849 congregata.

2032 2862 2261 2918 Cunctis
2291 2876 2421 2917 vero
2475 2862 2744 2930 praeibam
2794 2862 3032 2934 insignia
3063 2862 3274 2919 ﬁducia:
3303 2865 3357 2919 itt
3391 2857 3601 2932 Deuml,

2035 2954 2248 3024 signum
2286 2952 2541 3007 videlicet
2572 2952 2702 3007 illud
2730 2955 2874 3022 quod
2904 2969 3066 3021 supra
3092 2956 3530 3010 memoravimus.

2640 3043 2868 3099 CAPUT
2895 3045 2984 3100 IV.

361 3147 490 3199 Ὅτι
541 3145 995 3212 Κωνσταντῖνος
1029 3145 1146 3215 μὲν
1191 3145 1663 3213 παρεσκευάζετο
1685 3145 1811 3213 μετ’
1837 3146 1934 3199 εὑ-

2115 3137 2270 3205 Quod
2299 3137 2675 3215 Constantinus
2713 3140 3128 3215 cum‘precibus,
3149 3138 3534 3215 Liciniusuero

432 3215 574 3286 χῶν,
608 3218 868 3281 Λικίνιος
896 3215 963 3268 δὲ
987 3216 1136 3284 μετὰ
1149 3216 1445 3284 μαντειῶν
1473 3219 1559 3281 εὶς
1581 3218 1866 3284 πόλεμον.

431 3307 617 3378 Εύχῶν
639 3307 681 3360 δ’
696 3307 878 3360 εἴποτε
895 3308 988 3362 καὶ
1004 3306 1098 3360 νῦν
1114 3305 1263 3376 αύτῷ
1279 3307 1504 3373 δεῖσθαι,
1519 3306 1696 3370 καλῶς
1715 3307 1937 3360 ἐπιστά-

359 3415 540 3468 μενος,
564 3399 689 3462 τοὺς
701 3397 796 3451 τοῦ
838 3398 972 3452 Θεοῦ
1012 3397 1189 3468 ἱερέας
1206 3399 1455 3468 ἐπήγετο·
1473 3401 1706 3451 συνεῖναι
1721 3399 1766 3451 τ’
1789 3398 1937 3469 αὐτῷ

359 3489 455 3542 καὶ
478 3492 730 3561 παρεῖναι
753 3489 839 3543 διὰ
873 3491 1090 3557 παντὸς,
1110 3489 1297 3561 ὥσπερ
1319 3497 1470 3554 τινας
1492 3490 1670 3562 ψυχῆς
1699 3490 1936 3559 ἀγαθοὺς

358 3581 604 3650 φύλακας
623 3581 735 3651 (25)
747 3621 761 3645 ,
779 3582 998 3644 τούτους
1013 3582 1122 3634 δεῖν
1139 3580 1454 3652 ἡγούμενος.
1467 3581 1890 3646 Ἔνθενείκότως
1908 3584 1935 3636 ό

354 3673 454 3743 τὴν
469 3673 760 3744 τυραννίδα
777 3673 1046 3745 προ6ε6λη
1055 3673 1535 3746 μένος,πυθόμξνος
1548 3675 1935 3745 Κωνσταντίνῳ

353 3763 456 3826 τὰς
474 3763 593 3816 κατ’
610 3764 819 3835 ἐχθρῶν
837 3765 990 3828 νίκας
1025 3765 1144 3836 μηδ’
1163 3765 1379 3835 ἄλλωςῆ
1397 3763 1489 3818 τοῦ
1499 3764 1632 3818 Θεοῦ
1659 3783 1721 3819 συ
1730 3766 1935 3837 μπράτ-

355 3870 541 3916 τοντος
591 3854 934 3926 πορίζεσθαι,
988 3855 1224 3910 συνεῖναί
1276 3857 1323 3909 τ’
1365 3854 1512 3926 αὐτῷ
1555 3857 1648 3910 καὶ
1681 3860 1930 3928 παρεῖναι

354 3942 643 4008 διαπαντὸς
669 3947 794 4010 τοὺς
822 3946 1162 4018 εἰρημένους,
1197 3947 1292 4000 καὶ
1318 3949 1381 4000 τό
1413 3965 1476 4017 γε
1515 3947 1608 4000 τοῦ
1665 3950 1931 4019 σωτηρίου

355 4035 563 4100 πάθους
590 4035 854 4108 σύμϐολον
884 4039 1046 4093 αὐτοῦ
1069 4057 1128 4092 τε
1155 4041 1247 4093 καὶ
1277 4040 1367 4092 τοῦ
1401 4039 1598 4104 παντὸς
1621 4040 1933 4112 καθηγήσα-

357 4126 482 4180 σθαι
513 4128 779 4199 στρατοῦ’
812 4130 984 4184 ταῦτα
1027 4131 1124 4200 μὲν
1168 4131 1401 4200 γέλωτος
1443 4131 1568 4198 ἄξια
1610 4131 1930 4202 ὑπελάμϐα-

354 4235 464 4281 νεν,
505 4219 621 4289 ἅμα
649 4219 924 4290 χλευάζων
969 4221 1130 4274 αὑτὸν
1170 4221 1263 4274 καὶ
1295 4221 1632 4294 βλασφήμοις
1659 4223 1930 4295 διασύρων

354 4309 552 4378 λόγοις,
577 4312 738 4375 αὑτός
770 4331 835 4366 τε
867 4313 1201 4385 θεοπρόπους
1241 4314 1350 4386 (26)
1391 4316 1484 4368 καὶ
1508 4316 1726 4386 μάντεις
1758 4305 1925 4385 Αἰγυ-

354 4401 546 4466 πτίων,
581 4408 892 4475 φαρμακεῖς
919 4407 1012 4459 καὶ
1041 4406 1265 4477 γόητας,
1301 4405 1467 4469 θύτας
1500 4424 1557 4459 τε
1593 4409 1686 4460 καὶ
1719 4410 1928 4477 προφή-

2289 3223 2406 3260 cum
2426 3209 2686 3260 vaticiniis
2710 3224 2762 3261 se
2785 3210 2852 3260 ad
2885 3209 3075 3263 bellum
3108 3214 3358 3278 parabat.

2110 3295 2356 3366 Cumque
2403 3294 2832 3364 precationibus,
2882 3298 2929 3350 si
2969 3313 3202 3368 unquam
3251 3309 3434 3365 antea,
3483 3317 3605 3358 sese

2043 3398 2171 3442 tunc
2203 3388 2442 3442 maxime
2470 3387 2710 3459 indigere
2742 3388 3103 3458 intelligeret,
3158 3395 3468 3450 sacerdotes
3508 3395 3601 3449 Dei

2038 3494 2223 3534 secum
2256 3479 2442 3540 durit.
2479 3495 2576 3537 eos
2633 3479 2780 3536 velut
2833 3480 3064 3552 optimos
3100 3484 3298 3540 animae
3348 3489 3603 3544 custodes

2038 3574 2230 3628 adesse
2259 3588 2443 3628 coram
2470 3583 2526 3628 et
2563 3589 2747 3629 secum
2783 3575 2988 3629 versari
3025 3575 3224 3631 debere
3260 3580 3599 3636 existimans.

2039 3665 2193 3721 Unde
2221 3681 2341 3720 cum
2384 3676 2644 3740 tyrannus
2697 3669 2982 3735 audiisset,
3017 3670 3434 3728 Constantinum
3490 3689 3602 3730 non

2037 3757 2194 3812 aliter
2230 3775 2394 3828 quam
2432 3759 2614 3813 divino
2643 3759 2936 3816 auxiliante
2977 3762 3196 3817 numine
3225 3764 3505 3820 victoriam
3538 3765 3603 3822 de

2039 3853 2286 3907 hostibus
2312 3867 2507 3920 parare
2526 3893 2542 3918 ,
2571 3861 2627 3907 et
2647 3867 2741 3907 eos
2762 3868 2902 3922 quos
2925 3853 3034 3908 dixi
3053 3854 3098 3909 ei
3121 3863 3384 3925 perpetuo
3412 3843 3604 3912 adesse

2037 3957 2252 4013 unaque
2273 3944 2477 3997 versari
2503 3959 2519 4007 ;
2553 3942 2810 3996 salutaris
2829 3958 3044 4014 quoque
3074 3946 3344 4014 passionis
3365 3946 3600 4016 signum,

2035 4047 2084 4090 et
2115 4036 2286 4105 ipsum
2312 4045 2367 4089 ct
2392 4036 2704 4088 universum
2738 4032 2856 4102 ejus
2893 4037 3190 4091 exercitum
3225 4039 3549 4094 antecedere
3582 4055 3598 4102 ;

2035 4127 2147 4181 haec
2180 4136 2362 4196 utpote
2389 4125 2585 4193 impius
2633 4126 2742 4178 risu
2800 4124 2961 4195 digna
2995 4142 3118 4182 esse
3155 4129 3428 4190 censebat,
3458 4129 3599 4185 Con-

2032 4217 2327 4272 stantinum
2364 4217 2704 4271 subsannans
2757 4222 2816 4269 et
2864 4217 3279 4274 contumeliosis
3341 4232 3602 4292 appetens

2032 4310 2231 4365 verbis.
2263 4309 2381 4379 Ipse
2405 4323 2536 4364 vero
2562 4305 2775 4363 divinos
2807 4317 2860 4362 et
2892 4319 3042 4365 vates
3073 4308 3481 4381 Egyptiorum,
3508 4329 3602 4367 ve-

2033 4403 2234 4457 neﬁcos
2263 4410 2319 4457 et
2343 4402 2704 4472 impostores,
2748 4402 3084 4459 sacriliculos
3112 4404 3348 4471 denique
3382 4418 3446 4458 ac
3476 4419 3604 4473 pro-

352 4511 451 4557 τας
495 4487 568 4548 ὧν
602 4496 784 4565 ἡγεῖτο
836 4495 997 4562 θεῶν,
1047 4499 1175 4568 περὶ
1227 4497 1413 4550 ἑαυτὸν
1445 4496 1652 4550 ἐποίειο
1688 4496 1925 4550 κᾶπειτα

2038 4495 2223 4560 phetas
2250 4493 2509 4549 falsorum
2535 4509 2671 4564 quos
2697 4494 2916 4550 colebat
2945 4494 3172 4550 deorum
3199 4494 3301 4548 sibi
3329 4495 3598 4562 adjunxit.

354 4585 565 4650 θυσίαις
619 4586 712 4650 οὒς
746 4588 855 4642 δεῖν
903 4587 1056 4658 ᾤετο,
1110 4589 1264 4652 θεοὺς
1316 4589 1429 4660 (9.7)
1492 4588 1926 4660 μειλισσόμενος,

351 4677 594 4749 διηρώτα
630 4679 737 4750 ὅπη
789 4678 936 4749 αύτῷ
983 4679 1051 4733 τὰ
1101 4681 1200 4750 τῆς
1241 4681 1516 4745 ἐκϐάσεως
1553 4680 1646 4734 τοῦ
1690 4680 1926 4751 πολέμου

425 4880 556 4952 (24)
593 4880 807 4949 Πολλῇ
861 4881 968 4950 γὰρ
1032 4881 1191 4948 αὑτῷ
1265 4880 1543 4951 χρωμένῳ
1599 4887 1929 4952 φιλανθρω-

353 4955 478 5021 πίᾳ,
519 4950 593 5004 “ιιι
638 4952 732 5005 lib.
771 4966 806 5004 χ
859 4953 1161 5023 undelttec
1213 4950 1545 5023 ad'_vet'l)uttt
1602 4950 1926 5023 transcripta

352 5032 502 5083 sunt,
540 5035 638 5092 pro
669 5035 801 5092 voce
825 5021 993 5092 πολλῇ
1024 5022 1219 5092 legitur
1248 5021 1405 5092 μόνῃ,
1445 5023 1586 5092 quod
1616 5024 1816 5077 rectius
1837 5021 1923 5077 vi-

352 5095 536 5164 detur.
592 5091 803 5164 Mallem
852 5091 1016 5145 etiam
1068 5091 1309 5164 scribere
1357 5091 1541 5144 αὑτοῦ
1598 5094 1920 5164 χρωμένου,

354 5163 458 5282 ιιῦδί
489 5161 652 5282 lforte
685 5159 895 5216 dativus
949 5175 1112 5217 casus
1162 5163 1298 5214 sumi
1336 5173 1508 5229 potest
1547 5159 1650 5231 pro
1685 5159 1922 5218 ablativo

354 5251 377 5282 tt
424 5249 483 5282 sn
509 5240 624 5282 ttto.

350 5237 624 5285 absoluto.

421 5302 536 5369 (9.5)
583 5300 808 5368 ’Ὠσπερ
851 5299 1018 5366 τινὰς
1060 5297 1267 5370 ψυχῆς
1306 5299 1566 5369 ἀγαθοὺς
1623 5303 1919 5370 φύλακας.

349 5371 555 5424 Alludit
595 5372 662 5424 ad
709 5385 898 5425 vocem
932 5369 1421 5441 σωματοφύλακας.
1459 5369 1920 5436 Quemadmoduttt

351 5443 517 5509 igitur
557 5441 937 5510 imperatores,
979 5440 1238 5509 quosdam
1281 5441 1483 5495 milites
1525 5441 1590 5494 ad
1619 5442 1918 5495 custodiam

350 5511 599 5578 corporis
638 5512 720 5564 sui
751 5524 964 5579 semper
985 5525 1166 5564 secum
1191 5511 1484 5574 habebant,
1542 5511 1619 5566 sic
1650 5513 1918 5566 Constan-

351 5580 527 5634 stiuus
570 5582 853 5649 episcopos
896 5579 1054 5648 quasi
1094 5579 1354 5649 quosdam
1393 5581 1591 5634 animze
1640 5581 1914 5644 custodes,

351 5649 550 5717 ubique
577 5651 679 5704 sibi
725 5650 917 5703 adesse
958 5651 1146 5721 voluit.
1191 5649 1357 5703 Porro
1391 5661 1524 5721 post
1545 5666 1730 5704 vocem
1765 5651 1916 5704 ἐπεί-

352 5735 478 5787 γετο
506 5729 760 5790 punctum
795 5720 1172 5789 apponendum
1203 5731 1283 5774 est
1318 5719 1403 5776 ex'
1429 5719 1590 5776 codd.
1649 5722 1812 5790 Regio
1865 5731 1919 5776 et

2036 4586 2239 4640 Deinde
2265 4586 2553 4641 sacriﬁciis
2580 4587 2802 4657 placans
2853 4586 2975 4642 illos
3040 4601 3176 4654 quos
3249 4586 3600 4641 exiStimabat

2037 4680 2188 4743 deos,
2238 4679 2617 4732 sciscitabatur
2664 4695 2729 4732 ex
2775 4678 2880 4732 illis
2918 4691 3208 4746 quemnam
3243 4677 3366 4730 belli
3398 4678 3601 4732 exitum

2034 4883 2172 4939 Fuk.
2199 4884 2340 4952 quod
2371 4882 2897 4951 Christophorsonus
2918 4898 3025 4936 non
3056 4881 3458 4938 animadvertit.
3487 4883 3601 4938 Ca:-

2035 4962 2212 5008 terum
2260 4955 2311 5008 itt
2363 4954 2518 5008 codd.
2571 4953 2701 5010 Fuk.
2760 4952 2993 5008 Turnebi
3048 4967 3113 5007 ac
3157 4952 3342 5006 Savilii
3398 4956 3600 5007 reCtius

2034 5025 2291 5078 scribitur
2323 5024 2576 5094 ἐπήγετο.
2615 5023 2778 5077 Paulo
2803 5033 2921 5090 post
2956 5023 3005 5094 in
3039 5023 3223 5094 codice
3253 5021 3387 5094 Fuit.
3411 5024 3600 5094 scribi-

2035 5104 2139 5165 tur,
2166 5091 2467 5165 πυθόμενος
2497 5096 2900 5165 Ιςωνσταντῖνον
2921 5092 3020 5165 τὰς
3052 5092 3170 5146 κατ’
3201 5091 3416 5165 ἐχθρῶν
3443 5092 3598 5165 νίκας

2034 5164 2108 5234 μὴ
2151 5161 2343 5230 ἄλλως,
2389 5164 2544 5234 ἢτοῦ
2589 5163 2724 5216 Θεοῦ
2765 5161 3592 5234 συμπράττοντος’πορίζεσθαμ

2033 5233 2257 5286 [tectius
2290 5233 2655 5302 tneo’quidem
2683 5233 2902 5299 judicio.

2099 5302 2210 5372 (26)
2244 5300 2540 5369 Αὐτός“τε
2576 5302 2964 5371 θεοπρόπους.
3003 5300 3356 5356 Scribendum
3388 5309 3470 5356 est
3494 5305 3594 5356 αὒ-

2023 5372 2116 5435 τὸς
2148 5372 2225 5426 δέ.
2255 5373 2573 5439 Quanquam
2601 5375 2817 5426 codices
2857 5373 3027 5427 nostri
3060 5373 3192 5424 nihil
3227 5382 3458 5437 mutant,
3490 5375 3610 5428 nisi.

2022 5445 2164 5509 quod
2194 5457 2297 5512 pro
2314 5441 2650 5512 θεοπρόπους
2676 5441 2812 5496 Fuk.
2850 5444 3014 5497 habet
3045 5441 3401 5512 θεοπρόπεις,
3434 5445 3596 5499 scheb

2022 5508 2102 5565 dte
2125 5508 2254 5564 vero
2275 5508 2613 5578 θεοπρεπεῖς.

2097 5579 2210 5650 (27)
2245 5581 2362 5646 οὓς
2383 5581 2511 5634 δεῖν
2540 5581 2706 5648 ᾤετο,
2748 5583 2938 5646 θεούς.
2974 5580 3331 5636 Scribendum
3378 5581 3593 5640 videtur

2026 5651 2118 5714 οὓς
2139 5651 2236 5717 δεῖ,
2270 5655 2350 5708 vel
2371 5661 2516 5707 certe
2546 5669 2651 5708 uno
2683 5656 2842 5707 vet-bu
2873 5651 2964 5713 οὓς
2986 5651 3255 5704 διενοεῖτο.
