  <div class='ocr_page' id='page_1' title='image "/cluster/home/n/w/nwhite01/storage/ocr_20150623/20/hvd.32044073501181/506.png"; bbox 0 0 4168 6408; ppageno 0'>
   <div class='ocr_carea' id='block_1_1' title="bbox 369 279 474 335">
    <p class='ocr_par' dir='ltr' id='par_1_1' title="bbox 369 279 474 335">
     <span class='ocr_line' id='line_1_1' title="bbox 369 279 474 335; baseline -0.01 0"><span class='ocrx_word' id='word_1_1' title='bbox 369 279 474 335; x_wconf 77' lang='lat'><strong>985</strong></span> 
     </span>
    </p>
   </div>
   <div class='ocr_carea' id='block_1_2' title="bbox 1463 285 2565 365">
    <p class='ocr_par' dir='ltr' id='par_1_2' title="bbox 1463 285 2565 365">
     <span class='ocr_line' id='line_1_2' title="bbox 1463 285 2565 365; baseline 0.014 -26"><span class='ocrx_word' id='word_1_2' title='bbox 1595 286 1762 343; x_wconf 76' lang='lat' dir='ltr'><strong>VITA</strong></span> <span class='ocrx_word' id='word_1_3' title='bbox 1800 287 2266 349; x_wconf 71' lang='lat' dir='ltr'><strong>CONSTANTINI</strong></span> <span class='ocrx_word' id='word_1_4' title='bbox 2305 293 2434 353; x_wconf 86' lang='lat' dir='ltr'><strong>LIB.</strong></span> <span class='ocrx_word' id='word_1_5' title='bbox 2476 294 2565 354; x_wconf 83' lang='lat' dir='ltr'><strong>IL.</strong></span> 
     </span>
    </p>
   </div>
   <div class='ocr_carea' id='block_1_3' title="bbox 3527 299 3632 354">
    <p class='ocr_par' dir='ltr' id='par_1_3' title="bbox 3527 299 3632 354">
     <span class='ocr_line' id='line_1_3' title="bbox 3527 299 3632 354; baseline 0.019 -2"><span class='ocrx_word' id='word_1_6' title='bbox 3527 299 3632 354; x_wconf 83' lang='lat'><strong>986</strong></span> 
     </span>
    </p>
   </div>
   <div class='ocr_carea' id='block_1_4' title="bbox 371 397 1936 486">
    <p class='ocr_par' dir='ltr' id='par_1_4' title="bbox 371 397 1936 482">
     <span class='ocr_line' id='line_1_4' title="bbox 371 397 1936 482; baseline 0.007 -33"><span class='ocrx_word' id='word_1_7' title='bbox 371 397 590 468; x_wconf 73' lang='grc' dir='ltr'>φανείη,</span> <span class='ocrx_word' id='word_1_8' title='bbox 617 397 700 451; x_wconf 81' lang='grc' dir='ltr'>δεῖ</span> <span class='ocrx_word' id='word_1_9' title='bbox 729 400 820 454; x_wconf 79' lang='grc' dir='ltr'><strong>καὶ</strong></span> <span class='ocrx_word' id='word_1_10' title='bbox 854 401 1000 472; x_wconf 80' lang='grc' dir='ltr'>ἡμᾶς</span> <span class='ocrx_word' id='word_1_11' title='bbox 1033 402 1192 456; x_wconf 60' lang='grc' dir='ltr'>αὑτὸν</span> <span class='ocrx_word' id='word_1_12' title='bbox 1225 405 1514 474; x_wconf 77' lang='grc' dir='ltr'><strong>γνωρίζειν</strong></span> <span class='ocrx_word' id='word_1_13' title='bbox 1540 424 1596 460; x_wconf 87' lang='grc' dir='ltr'><strong>τε</strong></span> <span class='ocrx_word' id='word_1_14' title='bbox 1643 409 1736 462; x_wconf 69' lang='grc' dir='ltr'><strong>καὶ</strong></span> <span class='ocrx_word' id='word_1_15' title='bbox 1763 413 1936 482; x_wconf 85' lang='grc' dir='ltr'>τιμᾷν</span> 
     </span>
    </p>
   </div>
   <div class='ocr_carea' id='block_1_5' title="bbox 2045 397 3631 486">
    <p class='ocr_par' dir='ltr' id='par_1_5' title="bbox 2058 413 3631 486">
     <span class='ocr_line' id='line_1_5' title="bbox 2058 413 3631 486; baseline 0.003 -18"><span class='ocrx_word' id='word_1_16' title='bbox 2058 415 2309 482; x_wconf 85' lang='lat' dir='ltr'><strong>quisnam</strong></span> <span class='ocrx_word' id='word_1_17' title='bbox 2345 415 2602 469; x_wconf 88' lang='lat' dir='ltr'><strong>colendus</strong></span> <span class='ocrx_word' id='word_1_18' title='bbox 2638 415 2710 470; x_wconf 91' lang='lat' dir='ltr'><strong>sit</strong></span> <span class='ocrx_word' id='word_1_19' title='bbox 2741 415 2882 471; x_wconf 85' lang='lat' dir='ltr'><strong>Deus</strong></span> <span class='ocrx_word' id='word_1_20' title='bbox 2906 457 2922 480; x_wconf 90' lang='lat'><strong>,</strong></span> <span class='ocrx_word' id='word_1_21' title='bbox 2948 416 3041 470; x_wconf 89' lang='lat' dir='ltr'><strong>sed</strong></span> <span class='ocrx_word' id='word_1_22' title='bbox 3083 417 3149 472; x_wconf 88' lang='lat' dir='ltr'><strong>ad</strong></span> <span class='ocrx_word' id='word_1_23' title='bbox 3180 415 3442 486; x_wconf 78' lang='lat' dir='ltr'><strong>potiorem</strong></span> <span class='ocrx_word' id='word_1_24' title='bbox 3471 413 3631 472; x_wconf 84' lang='lat' dir='ltr'><strong>acce—</strong></span> 
     </span>
    </p>
   </div>
   <div class='ocr_carea' id='block_1_6' title="bbox 372 490 1947 572">
    <p class='ocr_par' dir='ltr' id='par_1_6' title="bbox 372 490 1947 572">
     <span class='ocr_line' id='line_1_6' title="bbox 372 490 1947 572; baseline 0.009 -31"><span class='ocrx_word' id='word_1_25' title='bbox 372 490 560 562; x_wconf 76' lang='grc' dir='ltr'>μακρὰ</span> <span class='ocrx_word' id='word_1_26' title='bbox 597 492 809 562; x_wconf 78' lang='grc' dir='ltr'>χαίρειν</span> <span class='ocrx_word' id='word_1_27' title='bbox 841 493 1054 556; x_wconf 78' lang='grc' dir='ltr'>τούτοις</span> <span class='ocrx_word' id='word_1_28' title='bbox 1093 493 1348 558; x_wconf 71' lang='grc' dir='ltr'>εἰπόντας</span> <span class='ocrx_word' id='word_1_29' title='bbox 1375 490 1456 560; x_wconf 72' lang='grc' dir='ltr'>οἷς</span> <span class='ocrx_word' id='word_1_30' title='bbox 1488 498 1663 569; x_wconf 83' lang='grc' dir='ltr'>μάτην</span> <span class='ocrx_word' id='word_1_31' title='bbox 1689 501 1814 565; x_wconf 74' lang='grc' dir='ltr'>τοὺς</span> <span class='ocrx_word' id='word_1_32' title='bbox 1845 519 1947 572; x_wconf 85' lang='grc' dir='ltr'>κη-</span> 
     </span>
    </p>
   </div>
   <div class='ocr_carea' id='block_1_7' title="bbox 370 581 1944 665">
    <p class='ocr_par' dir='ltr' id='par_1_7' title="bbox 370 581 1944 665">
     <span class='ocr_line' id='line_1_7' title="bbox 370 581 1944 665; baseline 0.008 -30"><span class='ocrx_word' id='word_1_33' title='bbox 370 584 500 654; x_wconf 73' lang='lat' dir='ltr'><strong>pob;</strong></span> <span class='ocrx_word' id='word_1_34' title='bbox 532 581 870 652; x_wconf 75' lang='grc' dir='ltr'>ὲξάπτομενο</span> <span class='ocrx_word' id='word_1_35' title='bbox 909 585 957 637; x_wconf 88' lang='grc' dir='ltr'><strong>εί</strong></span> <span class='ocrx_word' id='word_1_36' title='bbox 995 585 1038 637; x_wconf 84' lang='grc' dir='ltr'>δ’</span> <span class='ocrx_word' id='word_1_37' title='bbox 1069 587 1119 638; x_wconf 77' lang='lat' dir='ltr'><strong>oi</strong></span> <span class='ocrx_word' id='word_1_38' title='bbox 1145 587 1401 658; x_wconf 80' lang='grc' dir='ltr'><strong>ἡμέτεροι</strong></span> <span class='ocrx_word' id='word_1_39' title='bbox 1434 591 1786 661; x_wconf 80' lang='grc' dir='ltr'>κρατήσειαν,</span> <span class='ocrx_word' id='word_1_40' title='bbox 1824 593 1851 646; x_wconf 80' lang='grc' dir='ltr'><strong>ὃ</strong></span> <span class='ocrx_word' id='word_1_41' title='bbox 1881 593 1944 665; x_wconf 80' lang='grc' dir='ltr'>δὴ</span> 
     </span>
    </p>
   </div>
   <div class='ocr_carea' id='block_1_8' title="bbox 367 674 1946 755">
    <p class='ocr_par' dir='ltr' id='par_1_8' title="bbox 367 674 1946 755">
     <span class='ocr_line' id='line_1_8' title="bbox 367 674 1946 755; baseline 0.007 -29"><span class='ocrx_word' id='word_1_42' title='bbox 367 674 468 726; x_wconf 78' lang='grc' dir='ltr'><strong>οὐκ</strong></span> <span class='ocrx_word' id='word_1_43' title='bbox 505 674 925 744; x_wconf 76' lang='grc' dir='ltr'>ἀμφιϐάλλεται,</span> <span class='ocrx_word' id='word_1_44' title='bbox 963 677 1106 748; x_wconf 83' lang='grc' dir='ltr'>μετὰ</span> <span class='ocrx_word' id='word_1_45' title='bbox 1137 679 1237 750; x_wconf 79' lang='grc' dir='ltr'>τὴν</span> <span class='ocrx_word' id='word_1_46' title='bbox 1263 681 1511 734; x_wconf 74' lang='grc' dir='ltr'>ἐνταυθοῖ</span> <span class='ocrx_word' id='word_1_47' title='bbox 1546 683 1702 755; x_wconf 81' lang='grc' dir='ltr'>νίκην</span> <span class='ocrx_word' id='word_1_48' title='bbox 1725 685 1816 737; x_wconf 80' lang='grc' dir='ltr'>ἐπὶ</span> <span class='ocrx_word' id='word_1_49' title='bbox 1854 684 1946 737; x_wconf 80' lang='grc' dir='ltr'><strong>τὸν</strong></span> 
     </span>
    </p>
   </div>
   <div class='ocr_carea' id='block_1_9' title="bbox 367 763 1946 845">
    <p class='ocr_par' dir='ltr' id='par_1_9' title="bbox 367 763 1946 845">
     <span class='ocr_line' id='line_1_9' title="bbox 367 763 1946 845; baseline 0.008 -27"><span class='ocrx_word' id='word_1_50' title='bbox 367 763 510 818; x_wconf 76' lang='grc' dir='ltr'>κατὰ</span> <span class='ocrx_word' id='word_1_51' title='bbox 534 764 642 818; x_wconf 85' lang='grc' dir='ltr'>τῶν</span> <span class='ocrx_word' id='word_1_52' title='bbox 667 765 840 819; x_wconf 77' lang='grc' dir='ltr'>ἀθέων</span> <span class='ocrx_word' id='word_1_53' title='bbox 863 767 1098 837; x_wconf 79' lang='grc' dir='ltr'>πόλεμον</span> <span class='ocrx_word' id='word_1_54' title='bbox 1129 770 1410 841; x_wconf 78' lang='grc' dir='ltr'>ὁρμῶμεν.</span> <span class='ocrx_word' id='word_1_55' title='bbox 1447 791 1464 824; x_wconf 77' lang='grc' dir='ltr'><strong>ι</strong></span> <span class='ocrx_word' id='word_1_56' title='bbox 1519 774 1576 827; x_wconf 82' lang='grc' dir='ltr'>ὐ</span> <span class='ocrx_word' id='word_1_57' title='bbox 1603 775 1700 844; x_wconf 82' lang='grc' dir='ltr'><strong>μὲν</strong></span> <span class='ocrx_word' id='word_1_58' title='bbox 1740 776 1802 845; x_wconf 81' lang='grc' dir='ltr'><strong>δὴ</strong></span> <span class='ocrx_word' id='word_1_59' title='bbox 1834 779 1946 841; x_wconf 79' lang='grc' dir='ltr'>τοῖς</span> 
     </span>
    </p>
   </div>
   <div class='ocr_carea' id='block_1_10' title="bbox 368 855 1944 940">
    <p class='ocr_par' dir='ltr' id='par_1_10' title="bbox 368 855 1944 940">
     <span class='ocr_line' id='line_1_10' title="bbox 368 855 1944 940; baseline 0.009 -33"><span class='ocrx_word' id='word_1_60' title='bbox 368 855 604 928; x_wconf 78' lang='grc' dir='ltr'>παροῦσι</span> <span class='ocrx_word' id='word_1_61' title='bbox 627 856 800 911; x_wconf 79' lang='grc' dir='ltr'>ταῦτα</span> <span class='ocrx_word' id='word_1_62' title='bbox 831 860 1200 930; x_wconf 85' lang='grc' dir='ltr'>προδιείλεκτο</span> <span class='ocrx_word' id='word_1_63' title='bbox 1219 879 1230 892; x_wconf 87' lang='grc'><strong>·</strong></span> <span class='ocrx_word' id='word_1_64' title='bbox 1263 865 1392 934; x_wconf 78' lang='grc' dir='ltr'>ἡμῖν</span> <span class='ocrx_word' id='word_1_65' title='bbox 1416 864 1471 916; x_wconf 81' lang='grc' dir='ltr'><strong>δὲ</strong></span> <span class='ocrx_word' id='word_1_66' title='bbox 1500 869 1612 929; x_wconf 86' lang='grc' dir='ltr'>τοῖς</span> <span class='ocrx_word' id='word_1_67' title='bbox 1634 869 1712 930; x_wconf 77' lang='grc' dir='ltr'>εἰς</span> <span class='ocrx_word' id='word_1_68' title='bbox 1743 868 1944 940; x_wconf 73' lang='grc' dir='ltr'>ταύτην</span> 
     </span>
    </p>
   </div>
   <div class='ocr_carea' id='block_1_11' title="bbox 367 949 1944 1031">
    <p class='ocr_par' dir='ltr' id='par_1_11' title="bbox 367 949 1944 1031">
     <span class='ocr_line' id='line_1_11' title="bbox 367 949 1944 1031; baseline 0.008 -29"><span class='ocrx_word' id='word_1_69' title='bbox 367 949 721 1020; x_wconf 82' lang='grc' dir='ltr'>κεκλημένοις</span> <span class='ocrx_word' id='word_1_70' title='bbox 746 951 844 1020; x_wconf 79' lang='grc' dir='ltr'><strong>τὴν</strong></span> <span class='ocrx_word' id='word_1_71' title='bbox 869 953 1084 1024; x_wconf 72' lang='grc' dir='ltr'>γραφὴν</span> <span class='ocrx_word' id='word_1_72' title='bbox 1117 954 1248 1023; x_wconf 77' lang='lat'><strong>(3-7),</strong></span> <span class='ocrx_word' id='word_1_73' title='bbox 1279 957 1327 1008; x_wconf 86' lang='grc' dir='ltr'><strong>οί</strong></span> <span class='ocrx_word' id='word_1_74' title='bbox 1353 956 1458 1010; x_wconf 82' lang='grc' dir='ltr'><strong>τῶν</strong></span> <span class='ocrx_word' id='word_1_75' title='bbox 1478 957 1648 1026; x_wconf 86' lang='grc' dir='ltr'>λόγων</span> <span class='ocrx_word' id='word_1_76' title='bbox 1671 960 1944 1031; x_wconf 79' lang='grc' dir='ltr'>αὐτήκοοι,</span> 
     </span>
    </p>
   </div>
   <div class='ocr_carea' id='block_1_12' title="bbox 366 1042 1942 1121">
    <p class='ocr_par' dir='ltr' id='par_1_12' title="bbox 366 1042 1942 1121">
     <span class='ocr_line' id='line_1_12' title="bbox 366 1042 1942 1121; baseline 0.01 -28"><span class='ocrx_word' id='word_1_77' title='bbox 366 1042 468 1113; x_wconf 84' lang='grc' dir='ltr'>τῆς</span> <span class='ocrx_word' id='word_1_78' title='bbox 509 1043 712 1096; x_wconf 79' lang='grc' dir='ltr'>τούτων</span> <span class='ocrx_word' id='word_1_79' title='bbox 769 1046 962 1117; x_wconf 79' lang='grc' dir='ltr'>μικρὸν</span> <span class='ocrx_word' id='word_1_80' title='bbox 1013 1047 1239 1120; x_wconf 78' lang='grc' dir='ltr'>ὕστερον</span> <span class='ocrx_word' id='word_1_81' title='bbox 1286 1051 1626 1120; x_wconf 77' lang='grc' dir='ltr'>μετεδίδοσαν</span> <span class='ocrx_word' id='word_1_82' title='bbox 1670 1052 1942 1121; x_wconf 81' lang='grc' dir='ltr'>γνώσεως.</span> 
     </span>
    </p>
   </div>
   <div class='ocr_carea' id='block_1_13' title="bbox 366 1135 1950 1216">
    <p class='ocr_par' dir='ltr' id='par_1_13' title="bbox 366 1135 1950 1216">
     <span class='ocr_line' id='line_1_13' title="bbox 366 1135 1950 1216; baseline 0.008 -29"><span class='ocrx_word' id='word_1_83' title='bbox 366 1136 477 1194; x_wconf 73' lang='grc' dir='ltr'><strong>Καὶ</strong></span> <span class='ocrx_word' id='word_1_84' title='bbox 521 1135 583 1206; x_wconf 86' lang='grc' dir='ltr'>δὴ</span> <span class='ocrx_word' id='word_1_85' title='bbox 636 1137 909 1201; x_wconf 75' lang='grc' dir='ltr'>τοιούτους</span> <span class='ocrx_word' id='word_1_86' title='bbox 958 1138 1240 1205; x_wconf 81' lang='grc' dir='ltr'>διεξελθὼν</span> <span class='ocrx_word' id='word_1_87' title='bbox 1289 1141 1500 1211; x_wconf 84' lang='grc' dir='ltr'>λόγους,</span> <span class='ocrx_word' id='word_1_88' title='bbox 1553 1146 1804 1216; x_wconf 81' lang='grc' dir='ltr'>ἡγεῖσθαι</span> <span class='ocrx_word' id='word_1_89' title='bbox 1849 1147 1950 1216; x_wconf 73' lang='grc' dir='ltr'>τῆς</span> 
     </span>
    </p>
   </div>
   <div class='ocr_carea' id='block_1_14' title="bbox 369 1227 1539 1305">
    <p class='ocr_par' dir='ltr' id='par_1_14' title="bbox 369 1227 1539 1305">
     <span class='ocr_line' id='line_1_14' title="bbox 369 1227 1539 1305; baseline 0.01 -27"><span class='ocrx_word' id='word_1_90' title='bbox 369 1227 640 1299; x_wconf 83' lang='grc' dir='ltr'>συμϐολῆς</span> <span class='ocrx_word' id='word_1_91' title='bbox 673 1230 1017 1301; x_wconf 78' lang='grc' dir='ltr'>παρήγγελλε</span> <span class='ocrx_word' id='word_1_92' title='bbox 1049 1231 1118 1286; x_wconf 78' lang='grc' dir='ltr'>τὰ</span> <span class='ocrx_word' id='word_1_93' title='bbox 1152 1236 1539 1305; x_wconf 85' lang='grc' dir='ltr'>στρατιωτικά.</span> 
     </span>
    </p>
   </div>
   <div class='ocr_carea' id='block_1_15' title="bbox 2056 505 3631 576">
    <p class='ocr_par' dir='ltr' id='par_1_15' title="bbox 2056 505 3631 576">
     <span class='ocr_line' id='line_1_15' title="bbox 2056 505 3631 576; baseline 0 -16"><span class='ocrx_word' id='word_1_94' title='bbox 2056 506 2167 570; x_wconf 86' lang='lat' dir='ltr'><strong>dat,</strong></span> <span class='ocrx_word' id='word_1_95' title='bbox 2204 507 2364 574; x_wconf 80' lang='lat' dir='ltr'><strong>eique</strong></span> <span class='ocrx_word' id='word_1_96' title='bbox 2386 505 2624 559; x_wconf 79' lang='lat' dir='ltr'><strong>victoriae</strong></span> <span class='ocrx_word' id='word_1_97' title='bbox 2647 506 2930 576; x_wconf 67' lang='lat' dir='ltr'><strong>prmmium</strong></span> <span class='ocrx_word' id='word_1_98' title='bbox 2966 507 3196 562; x_wconf 76' lang='lat' dir='ltr'><strong>deferat.</strong></span> <span class='ocrx_word' id='word_1_99' title='bbox 3222 508 3299 562; x_wconf 81' lang='lat' dir='ltr'><strong>Ac</strong></span> <span class='ocrx_word' id='word_1_100' title='bbox 3330 508 3371 561; x_wconf 92' lang='lat' dir='ltr'><strong>si</strong></span> <span class='ocrx_word' id='word_1_101' title='bbox 3413 508 3631 576; x_wconf 84' lang='lat' dir='ltr'><strong>quidem</strong></span> 
     </span>
    </p>
   </div>
   <div class='ocr_carea' id='block_1_16' title="bbox 2055 595 3634 666">
    <p class='ocr_par' dir='ltr' id='par_1_16' title="bbox 2055 595 3634 666">
     <span class='ocr_line' id='line_1_16' title="bbox 2055 595 3634 666; baseline 0.002 -19"><span class='ocrx_word' id='word_1_102' title='bbox 2055 595 2379 665; x_wconf 85' lang='lat' dir='ltr'><strong>peregrinus</strong></span> <span class='ocrx_word' id='word_1_103' title='bbox 2433 595 2525 649; x_wconf 82' lang='lat' dir='ltr'><strong>ille</strong></span> <span class='ocrx_word' id='word_1_104' title='bbox 2561 611 2720 666; x_wconf 84' lang='lat' dir='ltr'><strong>quem</strong></span> <span class='ocrx_word' id='word_1_105' title='bbox 2773 612 2917 650; x_wconf 92' lang='lat' dir='ltr'><strong>nunc</strong></span> <span class='ocrx_word' id='word_1_106' title='bbox 2955 595 3188 650; x_wconf 88' lang='lat' dir='ltr'><strong>ludibrio</strong></span> <span class='ocrx_word' id='word_1_107' title='bbox 3217 596 3502 660; x_wconf 82' lang='lat' dir='ltr'><strong>habemus,</strong></span> <span class='ocrx_word' id='word_1_108' title='bbox 3553 597 3634 650; x_wconf 88' lang='lat' dir='ltr'><strong>vi-</strong></span> 
     </span>
    </p>
   </div>
   <div class='ocr_carea' id='block_1_17' title="bbox 2055 685 3634 755">
    <p class='ocr_par' dir='ltr' id='par_1_17' title="bbox 2055 685 3634 755">
     <span class='ocr_line' id='line_1_17' title="bbox 2055 685 3634 755; baseline -0.001 -15"><span class='ocrx_word' id='word_1_109' title='bbox 2055 696 2172 740; x_wconf 93' lang='lat' dir='ltr'><strong>ctor</strong></span> <span class='ocrx_word' id='word_1_110' title='bbox 2201 701 2323 740; x_wconf 88' lang='lat' dir='ltr'><strong>esse</strong></span> <span class='ocrx_word' id='word_1_111' title='bbox 2358 686 2652 752; x_wconf 79' lang='lat' dir='ltr'><strong>videbitur,</strong></span> <span class='ocrx_word' id='word_1_112' title='bbox 2686 702 2786 740; x_wconf 89' lang='lat' dir='ltr'><strong>nos</strong></span> <span class='ocrx_word' id='word_1_113' title='bbox 2815 702 3034 755; x_wconf 89' lang='lat' dir='ltr'><strong>quoque</strong></span> <span class='ocrx_word' id='word_1_114' title='bbox 3066 685 3211 740; x_wconf 93' lang='lat' dir='ltr'><strong>illum</strong></span> <span class='ocrx_word' id='word_1_115' title='bbox 3250 702 3548 755; x_wconf 79' lang='lat' dir='ltr'><strong>agnoscere</strong></span> <span class='ocrx_word' id='word_1_116' title='bbox 3579 696 3634 740; x_wconf 89' lang='lat' dir='ltr'><strong>et</strong></span> 
     </span>
    </p>
   </div>
   <div class='ocr_carea' id='block_1_18' title="bbox 2053 779 3630 850">
    <p class='ocr_par' dir='ltr' id='par_1_18' title="bbox 2053 779 3630 850">
     <span class='ocr_line' id='line_1_18' title="bbox 2053 779 3630 850; baseline -0.002 -17"><span class='ocrx_word' id='word_1_117' title='bbox 2053 779 2238 834; x_wconf 87' lang='lat' dir='ltr'><strong>colere</strong></span> <span class='ocrx_word' id='word_1_118' title='bbox 2267 781 2535 850; x_wconf 88' lang='lat' dir='ltr'><strong>oportebit</strong></span> <span class='ocrx_word' id='word_1_119' title='bbox 2581 798 2595 834; x_wconf 90' lang='lat'><strong>:</strong></span> <span class='ocrx_word' id='word_1_120' title='bbox 2635 781 2821 850; x_wconf 88' lang='lat' dir='ltr'><strong>procul</strong></span> <span class='ocrx_word' id='word_1_121' title='bbox 2871 782 3022 835; x_wconf 89' lang='lat' dir='ltr'><strong>abire</strong></span> <span class='ocrx_word' id='word_1_122' title='bbox 3054 796 3117 832; x_wconf 85' lang='lat' dir='ltr'><strong>ac</strong></span> <span class='ocrx_word' id='word_1_123' title='bbox 3167 779 3352 834; x_wconf 87' lang='lat' dir='ltr'><strong>valere</strong></span> <span class='ocrx_word' id='word_1_124' title='bbox 3407 782 3630 849; x_wconf 85' lang='lat' dir='ltr'><strong>posthac</strong></span> 
     </span>
    </p>
   </div>
   <div class='ocr_carea' id='block_1_19' title="bbox 2051 870 3631 940">
    <p class='ocr_par' dir='ltr' id='par_1_19' title="bbox 2051 870 3631 940">
     <span class='ocr_line' id='line_1_19' title="bbox 2051 870 3631 940; baseline 0 -16"><span class='ocrx_word' id='word_1_125' title='bbox 2051 870 2220 940; x_wconf 82' lang='lat' dir='ltr'><strong>jussis</strong></span> <span class='ocrx_word' id='word_1_126' title='bbox 2245 871 2310 925; x_wconf 87' lang='lat' dir='ltr'><strong>iis</strong></span> <span class='ocrx_word' id='word_1_127' title='bbox 2333 872 2531 940; x_wconf 84' lang='lat' dir='ltr'><strong>quibus</strong></span> <span class='ocrx_word' id='word_1_128' title='bbox 2557 887 2744 926; x_wconf 88' lang='lat' dir='ltr'><strong>cereos</strong></span> <span class='ocrx_word' id='word_1_129' title='bbox 2767 872 2964 926; x_wconf 81' lang='lat' dir='ltr'><strong>frustra</strong></span> <span class='ocrx_word' id='word_1_130' title='bbox 2989 873 3358 926; x_wconf 78' lang='lat' dir='ltr'><strong>accendimus.</strong></span> <span class='ocrx_word' id='word_1_131' title='bbox 3385 871 3478 926; x_wconf 90' lang='lat' dir='ltr'><strong>Sin</strong></span> <span class='ocrx_word' id='word_1_132' title='bbox 3504 886 3631 925; x_wconf 87' lang='lat' dir='ltr'><strong>vero</strong></span> 
     </span>
    </p>
   </div>
   <div class='ocr_carea' id='block_1_20' title="bbox 2056 964 3626 1034">
    <p class='ocr_par' dir='ltr' id='par_1_20' title="bbox 2056 964 3626 1034">
     <span class='ocr_line' id='line_1_20' title="bbox 2056 964 3626 1034; baseline 0.001 -18"><span class='ocrx_word' id='word_1_133' title='bbox 2056 964 2227 1017; x_wconf 78' lang='lat' dir='ltr'><strong>nostri</strong></span> <span class='ocrx_word' id='word_1_134' title='bbox 2263 966 2574 1032; x_wconf 85' lang='lat' dir='ltr'><strong>superiores</strong></span> <span class='ocrx_word' id='word_1_135' title='bbox 2624 966 2966 1029; x_wconf 74' lang='lat' dir='ltr'><strong>exstiterint,</strong></span> <span class='ocrx_word' id='word_1_136' title='bbox 3005 965 3145 1034; x_wconf 89' lang='lat' dir='ltr'><strong>quod</strong></span> <span class='ocrx_word' id='word_1_137' title='bbox 3179 965 3394 1032; x_wconf 81' lang='lat' dir='ltr'><strong>quidem</strong></span> <span class='ocrx_word' id='word_1_138' title='bbox 3425 965 3626 1018; x_wconf 83' lang='lat' dir='ltr'><strong>nemini</strong></span> 
     </span>
    </p>
   </div>
   <div class='ocr_carea' id='block_1_21' title="bbox 2054 1056 3630 1127">
    <p class='ocr_par' dir='ltr' id='par_1_21' title="bbox 2054 1056 3630 1127">
     <span class='ocr_line' id='line_1_21' title="bbox 2054 1056 3630 1127; baseline 0 -17"><span class='ocrx_word' id='word_1_139' title='bbox 2054 1056 2274 1110; x_wconf 90' lang='lat' dir='ltr'><strong>dubium</strong></span> <span class='ocrx_word' id='word_1_140' title='bbox 2298 1071 2418 1114; x_wconf 88' lang='lat' dir='ltr'><strong>esse</strong></span> <span class='ocrx_word' id='word_1_141' title='bbox 2443 1067 2620 1127; x_wconf 81' lang='lat' dir='ltr'><strong>potest</strong></span> <span class='ocrx_word' id='word_1_142' title='bbox 2645 1099 2660 1124; x_wconf 96' lang='lat'><strong>,</strong></span> <span class='ocrx_word' id='word_1_143' title='bbox 2689 1069 2809 1127; x_wconf 89' lang='lat' dir='ltr'><strong>post</strong></span> <span class='ocrx_word' id='word_1_144' title='bbox 2845 1070 3054 1127; x_wconf 86' lang='lat' dir='ltr'><strong>partam</strong></span> <span class='ocrx_word' id='word_1_145' title='bbox 3088 1059 3191 1112; x_wconf 88' lang='lat' dir='ltr'><strong>hoc</strong></span> <span class='ocrx_word' id='word_1_146' title='bbox 3213 1059 3329 1111; x_wconf 91' lang='lat' dir='ltr'><strong>loco</strong></span> <span class='ocrx_word' id='word_1_147' title='bbox 3349 1058 3630 1111; x_wconf 82' lang='lat' dir='ltr'><strong>victoriam</strong></span> 
     </span>
    </p>
   </div>
   <div class='ocr_carea' id='block_1_22' title="bbox 2058 1147 3633 1220">
    <p class='ocr_par' dir='ltr' id='par_1_22' title="bbox 2058 1147 3633 1220">
     <span class='ocr_line' id='line_1_22' title="bbox 2058 1147 3633 1220; baseline 0.001 -19"><span class='ocrx_word' id='word_1_148' title='bbox 2058 1147 2239 1218; x_wconf 89' lang='lat' dir='ltr'><strong>impiis</strong></span> <span class='ocrx_word' id='word_1_149' title='bbox 2267 1151 2494 1205; x_wconf 90' lang='lat' dir='ltr'><strong>deorum</strong></span> <span class='ocrx_word' id='word_1_150' title='bbox 2552 1152 3021 1219; x_wconf 77' lang='lat' dir='ltr'><strong>centemptoribus</strong></span> <span class='ocrx_word' id='word_1_151' title='bbox 3057 1151 3253 1204; x_wconf 87' lang='lat' dir='ltr'><strong>bellum</strong></span> <span class='ocrx_word' id='word_1_152' title='bbox 3311 1150 3512 1205; x_wconf 86' lang='lat' dir='ltr'><strong>inferre</strong></span> <span class='ocrx_word' id='word_1_153' title='bbox 3538 1163 3633 1220; x_wconf 81' lang='lat' dir='ltr'><strong>ag-</strong></span> 
     </span>
    </p>
   </div>
   <div class='ocr_carea' id='block_1_23' title="bbox 2055 1240 3632 1310">
    <p class='ocr_par' dir='ltr' id='par_1_23' title="bbox 2055 1240 3632 1310">
     <span class='ocr_line' id='line_1_23' title="bbox 2055 1240 3632 1310; baseline -0.001 -17"><span class='ocrx_word' id='word_1_154' title='bbox 2055 1242 2387 1309; x_wconf 86' lang='lat' dir='ltr'><strong>grediemur.</strong></span> <span class='ocrx_word' id='word_1_155' title='bbox 2414 1260 2431 1290; x_wconf 74' lang='grc' dir='ltr'><strong>ι</strong></span> <span class='ocrx_word' id='word_1_156' title='bbox 2454 1240 2778 1298; x_wconf 83' lang='lat' dir='ltr'><strong>EtLicinius</strong></span> <span class='ocrx_word' id='word_1_157' title='bbox 2794 1244 3010 1310; x_wconf 87' lang='lat' dir='ltr'><strong>quidem</strong></span> <span class='ocrx_word' id='word_1_158' title='bbox 3045 1252 3168 1295; x_wconf 87' lang='lat' dir='ltr'><strong>ante</strong></span> <span class='ocrx_word' id='word_1_159' title='bbox 3199 1242 3480 1295; x_wconf 77' lang='lat' dir='ltr'><strong>exordium</strong></span> <span class='ocrx_word' id='word_1_160' title='bbox 3534 1257 3632 1310; x_wconf 81' lang='lat' dir='ltr'><strong>pu-</strong></span> 
     </span>
    </p>
   </div>
   <div class='ocr_carea' id='block_1_24' title="bbox 365 1322 3631 1402">
    <p class='ocr_par' dir='ltr' id='par_1_24' title="bbox 365 1322 3631 1402">
     <span class='ocr_line' id='line_1_24' title="bbox 365 1322 3631 1402; baseline 0.005 -33"><span class='ocrx_word' id='word_1_161' title='bbox 365 1335 504 1386; x_wconf 72' lang='lat' dir='ltr'><strong>gnte,</strong></span> <span class='ocrx_word' id='word_1_162' title='bbox 535 1322 600 1374; x_wconf 89' lang='lat' dir='ltr'><strong>ad</strong></span> <span class='ocrx_word' id='word_1_163' title='bbox 661 1322 1084 1377; x_wconf 87' lang='lat' dir='ltr'><strong>circumstantes</strong></span> <span class='ocrx_word' id='word_1_164' title='bbox 1144 1323 1451 1390; x_wconf 88' lang='lat' dir='ltr'><strong>hujusmodi</strong></span> <span class='ocrx_word' id='word_1_165' title='bbox 1513 1328 1677 1380; x_wconf 88' lang='lat' dir='ltr'><strong>verba</strong></span> <span class='ocrx_word' id='word_1_166' title='bbox 1735 1327 1880 1383; x_wconf 88' lang='lat' dir='ltr'><strong>fecit.</strong></span> <span class='ocrx_word' id='word_1_167' title='bbox 1935 1328 2102 1385; x_wconf 82' lang='lat' dir='ltr'><strong>Nobis</strong></span> <span class='ocrx_word' id='word_1_168' title='bbox 2162 1347 2292 1386; x_wconf 90' lang='lat' dir='ltr'><strong>vero</strong></span> <span class='ocrx_word' id='word_1_169' title='bbox 2331 1333 2421 1402; x_wconf 88' lang='lat' dir='ltr'><strong>qui</strong></span> <span class='ocrx_word' id='word_1_170' title='bbox 2471 1332 2587 1388; x_wconf 66' lang='lat' dir='ltr'><strong>haec</strong></span> <span class='ocrx_word' id='word_1_171' title='bbox 2647 1332 2963 1395; x_wconf 87' lang='lat' dir='ltr'><strong>scribimus,</strong></span> <span class='ocrx_word' id='word_1_172' title='bbox 3003 1332 3101 1400; x_wconf 82' lang='lat' dir='ltr'><strong>ipsi</strong></span> <span class='ocrx_word' id='word_1_173' title='bbox 3155 1331 3229 1384; x_wconf 91' lang='lat' dir='ltr'><strong>illi</strong></span> <span class='ocrx_word' id='word_1_174' title='bbox 3262 1331 3350 1400; x_wconf 91' lang='lat' dir='ltr'><strong>qui</strong></span> <span class='ocrx_word' id='word_1_175' title='bbox 3399 1332 3631 1390; x_wconf 80' lang='lat' dir='ltr'><strong>orationi</strong></span> 
     </span>
    </p>
   </div>
   <div class='ocr_carea' id='block_1_25' title="bbox 363 1411 3632 1494">
    <p class='ocr_par' dir='ltr' id='par_1_25' title="bbox 363 1411 3632 1494">
     <span class='ocr_line' id='line_1_25' title="bbox 363 1411 3632 1494; baseline 0.004 -29"><span class='ocrx_word' id='word_1_176' title='bbox 363 1412 479 1480; x_wconf 86' lang='lat' dir='ltr'><strong>ejus</strong></span> <span class='ocrx_word' id='word_1_177' title='bbox 513 1411 890 1478; x_wconf 80' lang='lat' dir='ltr'><strong>interfuerant,</strong></span> <span class='ocrx_word' id='word_1_178' title='bbox 925 1429 1033 1469; x_wconf 91' lang='lat' dir='ltr'><strong>non</strong></span> <span class='ocrx_word' id='word_1_179' title='bbox 1082 1415 1249 1471; x_wconf 88' lang='lat' dir='ltr'><strong>multo</strong></span> <span class='ocrx_word' id='word_1_180' title='bbox 1295 1429 1419 1486; x_wconf 88' lang='lat' dir='ltr'><strong>post</strong></span> <span class='ocrx_word' id='word_1_181' title='bbox 1485 1433 1604 1473; x_wconf 86' lang='lat' dir='ltr'><strong>eam</strong></span> <span class='ocrx_word' id='word_1_182' title='bbox 1659 1421 1980 1476; x_wconf 88' lang='lat' dir='ltr'><strong>retulerunt.</strong></span> <span class='ocrx_word' id='word_1_183' title='bbox 2015 1421 2330 1492; x_wconf 88' lang='lat' dir='ltr'><strong>llujusmodi</strong></span> <span class='ocrx_word' id='word_1_184' title='bbox 2387 1425 2550 1494; x_wconf 81' lang='lat' dir='ltr'><strong>igitur</strong></span> <span class='ocrx_word' id='word_1_185' title='bbox 2577 1425 2821 1479; x_wconf 91' lang='lat' dir='ltr'><strong>oratione</strong></span> <span class='ocrx_word' id='word_1_186' title='bbox 2853 1425 3021 1490; x_wconf 82' lang='lat' dir='ltr'><strong>facta,</strong></span> <span class='ocrx_word' id='word_1_187' title='bbox 3050 1423 3213 1493; x_wconf 83' lang='lat' dir='ltr'><strong>jussit</strong></span> <span class='ocrx_word' id='word_1_188' title='bbox 3261 1423 3522 1480; x_wconf 87' lang='lat' dir='ltr'><strong>militibus</strong></span> <span class='ocrx_word' id='word_1_189' title='bbox 3572 1435 3632 1480; x_wconf 90' lang='lat' dir='ltr'><strong>ut</strong></span> 
     </span>
    </p>
   </div>
   <div class='ocr_carea' id='block_1_26' title="bbox 366 1507 879 1574">
    <p class='ocr_par' dir='ltr' id='par_1_26' title="bbox 366 1507 879 1574">
     <span class='ocr_line' id='line_1_26' title="bbox 366 1507 879 1574; baseline 0.008 -15"><span class='ocrx_word' id='word_1_190' title='bbox 366 1523 462 1574; x_wconf 71' lang='lat' dir='ltr'><strong>pri</strong></span> <span class='ocrx_word' id='word_1_191' title='bbox 483 1507 618 1560; x_wconf 88' lang='lat' dir='ltr'><strong>lium</strong></span> <span class='ocrx_word' id='word_1_192' title='bbox 657 1508 879 1563; x_wconf 92' lang='lat' dir='ltr'><strong>inirent.</strong></span> 
     </span>
    </p>
   </div>
   <div class='ocr_carea' id='block_1_27' title="bbox 894 1602 1417 1672">
    <p class='ocr_par' dir='ltr' id='par_1_27' title="bbox 894 1602 1417 1672">
     <span class='ocr_line' id='line_1_27' title="bbox 894 1602 1417 1672; baseline 0.006 -17"><span class='ocrx_word' id='word_1_193' title='bbox 894 1602 1287 1655; x_wconf 70' lang='lat' dir='ltr'><strong>KE&#39;MAAlON</strong></span> <span class='ocrx_word' id='word_1_194' title='bbox 1329 1608 1417 1672; x_wconf 68' lang='grc' dir='ltr'><strong>π’.</strong></span> 
     </span>
    </p>
   </div>
   <div class='ocr_carea' id='block_1_28' title="bbox 365 1692 1949 1765">
    <p class='ocr_par' dir='ltr' id='par_1_28' title="bbox 365 1692 1949 1765">
     <span class='ocr_line' id='line_1_28' title="bbox 365 1692 1949 1765; baseline 0.005 -21"><span class='ocrx_word' id='word_1_195' title='bbox 365 1692 694 1744; x_wconf 74' lang='grc' dir='ltr'>Φαντασιάι</span> <span class='ocrx_word' id='word_1_196' title='bbox 742 1693 891 1765; x_wconf 74' lang='grc' dir='ltr'>κατὰ</span> <span class='ocrx_word' id='word_1_197' title='bbox 920 1692 1024 1758; x_wconf 80' lang='grc' dir='ltr'>τὰς</span> <span class='ocrx_word' id='word_1_198' title='bbox 1049 1695 1165 1747; x_wconf 76' lang='grc' dir='ltr'><strong>ὑπὸ</strong></span> <span class='ocrx_word' id='word_1_199' title='bbox 1186 1695 1453 1749; x_wconf 71' lang='grc' dir='ltr'>Λικίνιον</span> <span class='ocrx_word' id='word_1_200' title='bbox 1483 1700 1708 1764; x_wconf 71' lang='grc' dir='ltr'>πόλεις,</span> <span class='ocrx_word' id='word_1_201' title='bbox 1737 1701 1816 1765; x_wconf 79' lang='grc' dir='ltr'>ὡς</span> <span class='ocrx_word' id='word_1_202' title='bbox 1832 1700 1949 1752; x_wconf 75' lang='grc' dir='ltr'><strong>τῶν</strong></span> 
     </span>
    </p>
   </div>
   <div class='ocr_carea' id='block_1_29' title="bbox 469 1764 1836 1834">
    <p class='ocr_par' dir='ltr' id='par_1_29' title="bbox 469 1764 1836 1834">
     <span class='ocr_line' id='line_1_29' title="bbox 469 1764 1836 1834; baseline 0.005 -18"><span class='ocrx_word' id='word_1_203' title='bbox 469 1764 936 1816; x_wconf 76' lang='grc' dir='ltr'>Κωνσταντίνου</span> <span class='ocrx_word' id='word_1_204' title='bbox 977 1766 1440 1834; x_wconf 71' lang='grc' dir='ltr'>στρατευμάτων</span> <span class='ocrx_word' id='word_1_205' title='bbox 1474 1764 1836 1831; x_wconf 57' lang='grc' dir='ltr'>διεξιόντων.</span> 
     </span>
    </p>
   </div>
   <div class='ocr_carea' id='block_1_30' title="bbox 435 1851 1946 1932">
    <p class='ocr_par' dir='ltr' id='par_1_30' title="bbox 435 1851 1946 1932">
     <span class='ocr_line' id='line_1_30' title="bbox 435 1851 1946 1932; baseline 0.006 -29"><span class='ocrx_word' id='word_1_206' title='bbox 435 1851 650 1905; x_wconf 78' lang='grc' dir='ltr'>Τούτων</span> <span class='ocrx_word' id='word_1_207' title='bbox 677 1852 733 1905; x_wconf 80' lang='grc' dir='ltr'>δὲ</span> <span class='ocrx_word' id='word_1_208' title='bbox 766 1854 1175 1924; x_wconf 78' lang='grc' dir='ltr'>πραττομένων,</span> <span class='ocrx_word' id='word_1_209' title='bbox 1213 1855 1406 1926; x_wconf 74' lang='grc' dir='ltr'>φάσμα</span> <span class='ocrx_word' id='word_1_210' title='bbox 1433 1876 1487 1911; x_wconf 85' lang='grc' dir='ltr'><strong>τι</strong></span> <span class='ocrx_word' id='word_1_211' title='bbox 1520 1858 1677 1928; x_wconf 80' lang='grc' dir='ltr'>λόγου</span> <span class='ocrx_word' id='word_1_212' title='bbox 1702 1863 1946 1932; x_wconf 85' lang='grc' dir='ltr'>κρεῖττον</span> 
     </span>
    </p>
   </div>
   <div class='ocr_carea' id='block_1_31' title="bbox 365 1943 1943 2022">
    <p class='ocr_par' dir='ltr' id='par_1_31' title="bbox 365 1943 1943 2022">
     <span class='ocr_line' id='line_1_31' title="bbox 365 1943 1943 2022; baseline 0.006 -24"><span class='ocrx_word' id='word_1_213' title='bbox 365 1944 510 2014; x_wconf 71' lang='grc' dir='ltr'>ἀμφὶ</span> <span class='ocrx_word' id='word_1_214' title='bbox 527 1943 627 2007; x_wconf 77' lang='grc' dir='ltr'><strong>τὰς</strong></span> <span class='ocrx_word' id='word_1_215' title='bbox 657 1945 933 2014; x_wconf 79' lang='grc' dir='ltr'>ὑπηκόους</span> <span class='ocrx_word' id='word_1_216' title='bbox 962 1946 1039 2016; x_wconf 80' lang='grc' dir='ltr'>τῷ</span> <span class='ocrx_word' id='word_1_217' title='bbox 1068 1949 1315 2019; x_wconf 66' lang='grc' dir='ltr'>τυράννῳ</span> <span class='ocrx_word' id='word_1_218' title='bbox 1349 1950 1532 2014; x_wconf 77' lang='grc' dir='ltr'>πόλεις</span> <span class='ocrx_word' id='word_1_219' title='bbox 1559 1945 1738 2022; x_wconf 73' lang='grc' dir='ltr'>ὦφοαί</span> <span class='ocrx_word' id='word_1_220' title='bbox 1760 1971 1943 2022; x_wconf 79' lang='grc' dir='ltr'>φασιν·</span> 
     </span>
    </p>
   </div>
   <div class='ocr_carea' id='block_1_32' title="bbox 363 2035 1946 2116">
    <p class='ocr_par' dir='ltr' id='par_1_32' title="bbox 363 2035 1946 2116">
     <span class='ocr_line' id='line_1_32' title="bbox 363 2035 1946 2116; baseline 0.007 -28"><span class='ocrx_word' id='word_1_221' title='bbox 363 2035 596 2088; x_wconf 78' lang='grc' dir='ltr'>ὁπλιτῶν</span> <span class='ocrx_word' id='word_1_222' title='bbox 638 2037 747 2107; x_wconf 73' lang='grc' dir='ltr'>γὰρ</span> <span class='ocrx_word' id='word_1_223' title='bbox 791 2036 898 2090; x_wconf 75' lang='grc' dir='ltr'>τῶν</span> <span class='ocrx_word' id='word_1_224' title='bbox 942 2039 1047 2102; x_wconf 73' lang='grc' dir='ltr'><strong>ὑπὸ</strong></span> <span class='ocrx_word' id='word_1_225' title='bbox 1095 2043 1504 2096; x_wconf 78' lang='grc' dir='ltr'>Κωνσταντίνον</span> <span class='ocrx_word' id='word_1_226' title='bbox 1552 2046 1686 2116; x_wconf 79' lang='grc' dir='ltr'>ὀρᾷν</span> <span class='ocrx_word' id='word_1_227' title='bbox 1731 2045 1946 2098; x_wconf 78' lang='grc' dir='ltr'>ἐδόκουν</span> 
     </span>
    </p>
   </div>
   <div class='ocr_carea' id='block_1_33' title="bbox 362 2128 1945 2212">
    <p class='ocr_par' dir='ltr' id='par_1_33' title="bbox 362 2128 1945 2212">
     <span class='ocr_line' id='line_1_33' title="bbox 362 2128 1945 2212; baseline 0.037 -32"><span class='ocrx_word' id='word_1_228' title='bbox 362 2128 594 2202; x_wconf 57' lang='grc' dir='ltr'>διάφορα</span> <span class='ocrx_word' id='word_1_229' title='bbox 623 2131 896 2200; x_wconf 77' lang='grc' dir='ltr'>τάγματα,</span> <span class='ocrx_word' id='word_1_230' title='bbox 928 2135 985 2185; x_wconf 70' lang='grc' dir='ltr'>ἐν</span> <span class='ocrx_word' id='word_1_231' title='bbox 1013 2136 1202 2200; x_wconf 69' lang='grc' dir='ltr'><strong>αὑταῖς</strong></span> <span class='ocrx_word' id='word_1_232' title='bbox 1234 2137 1427 2207; x_wconf 78' lang='grc' dir='ltr'>μέσαις</span> <span class='ocrx_word' id='word_1_233' title='bbox 1456 2140 1691 2209; x_wconf 58' lang='grc' dir='ltr'><strong>ἡμέραις</strong></span> <span class='ocrx_word' id='word_1_234' title='bbox 1735 2141 1945 2212; x_wconf 42' lang='lat' dir='ltr'><strong>mir/‘6-</strong></span> 
     </span>
    </p>
   </div>
   <div class='ocr_carea' id='block_1_34' title="bbox 367 2222 1940 2300">
    <p class='ocr_par' dir='ltr' id='par_1_34' title="bbox 367 2222 1940 2300">
     <span class='ocr_line' id='line_1_34' title="bbox 367 2222 1940 2300; baseline 0.008 -29"><span class='ocrx_word' id='word_1_235' title='bbox 367 2238 502 2290; x_wconf 89' lang='grc' dir='ltr'>μενα</span> <span class='ocrx_word' id='word_1_236' title='bbox 541 2222 641 2286; x_wconf 74' lang='grc' dir='ltr'><strong>τὰς</strong></span> <span class='ocrx_word' id='word_1_237' title='bbox 694 2223 897 2289; x_wconf 75' lang='grc' dir='ltr'>πόλεις,</span> <span class='ocrx_word' id='word_1_238' title='bbox 947 2225 1144 2278; x_wconf 70' lang='grc' dir='ltr'>ὡσανεὶ</span> <span class='ocrx_word' id='word_1_239' title='bbox 1174 2229 1553 2298; x_wconf 80' lang='grc' dir='ltr'>κεκρατηκότα</span> <span class='ocrx_word' id='word_1_240' title='bbox 1587 2229 1692 2298; x_wconf 81' lang='grc' dir='ltr'>τῆς</span> <span class='ocrx_word' id='word_1_241' title='bbox 1735 2231 1940 2300; x_wconf 78' lang='grc' dir='ltr'>μάχης’</span> 
     </span>
    </p>
   </div>
   <div class='ocr_carea' id='block_1_35' title="bbox 361 2315 1944 2395">
    <p class='ocr_par' dir='ltr' id='par_1_35' title="bbox 361 2315 1944 2395">
     <span class='ocr_line' id='line_1_35' title="bbox 361 2315 1944 2395; baseline 0.007 -28"><span class='ocrx_word' id='word_1_242' title='bbox 361 2316 457 2368; x_wconf 69' lang='grc' dir='ltr'><strong>καὶ</strong></span> <span class='ocrx_word' id='word_1_243' title='bbox 486 2315 636 2369; x_wconf 81' lang='grc' dir='ltr'>ταῦτ’</span> <span class='ocrx_word' id='word_1_244' title='bbox 664 2318 938 2380; x_wconf 80' lang='grc' dir='ltr'>ὲϐλέπετο,</span> <span class='ocrx_word' id='word_1_245' title='bbox 974 2319 1200 2390; x_wconf 79' lang='grc' dir='ltr'>μηδενός</span> <span class='ocrx_word' id='word_1_246' title='bbox 1239 2338 1340 2373; x_wconf 84' lang='grc' dir='ltr'><strong>που</strong></span> <span class='ocrx_word' id='word_1_247' title='bbox 1372 2325 1438 2393; x_wconf 79' lang='grc' dir='ltr'>τῇ</span> <span class='ocrx_word' id='word_1_248' title='bbox 1468 2322 1693 2392; x_wconf 68' lang='grc' dir='ltr'>ἀληθεία</span> <span class='ocrx_word' id='word_1_249' title='bbox 1721 2324 1944 2395; x_wconf 80' lang='grc' dir='ltr'>μηδαμῆ</span> 
     </span>
    </p>
   </div>
   <div class='ocr_carea' id='block_1_36' title="bbox 362 2407 1944 2486">
    <p class='ocr_par' dir='ltr' id='par_1_36' title="bbox 362 2407 1944 2486">
     <span class='ocr_line' id='line_1_36' title="bbox 362 2407 1944 2486; baseline 0.006 -28"><span class='ocrx_word' id='word_1_250' title='bbox 362 2407 711 2477; x_wconf 80' lang='grc' dir='ltr'>φαινομένου,</span> <span class='ocrx_word' id='word_1_251' title='bbox 753 2408 1001 2481; x_wconf 76' lang='grc' dir='ltr'>θειοτέρα</span> <span class='ocrx_word' id='word_1_252' title='bbox 1038 2411 1093 2464; x_wconf 82' lang='grc' dir='ltr'>δὲ</span> <span class='ocrx_word' id='word_1_253' title='bbox 1123 2411 1216 2465; x_wconf 75' lang='grc' dir='ltr'><strong>καὶ</strong></span> <span class='ocrx_word' id='word_1_254' title='bbox 1252 2413 1518 2482; x_wconf 83' lang='grc' dir='ltr'>κρείττονι</span> <span class='ocrx_word' id='word_1_255' title='bbox 1553 2414 1803 2484; x_wconf 82' lang='grc' dir='ltr'>δυνάμει,</span> <span class='ocrx_word' id='word_1_256' title='bbox 1846 2418 1944 2486; x_wconf 84' lang='grc' dir='ltr'><strong>τῆς</strong></span> 
     </span>
    </p>
   </div>
   <div class='ocr_carea' id='block_1_37' title="bbox 363 2500 1940 2578">
    <p class='ocr_par' dir='ltr' id='par_1_37' title="bbox 363 2500 1940 2578">
     <span class='ocr_line' id='line_1_37' title="bbox 363 2500 1940 2578; baseline 0.006 -27"><span class='ocrx_word' id='word_1_257' title='bbox 363 2500 623 2568; x_wconf 71' lang='grc' dir='ltr'>φανείσης</span> <span class='ocrx_word' id='word_1_258' title='bbox 669 2500 843 2570; x_wconf 64' lang='grc' dir='ltr'>ὅψεως</span> <span class='ocrx_word' id='word_1_259' title='bbox 888 2502 949 2555; x_wconf 83' lang='grc' dir='ltr'>τὸ</span> <span class='ocrx_word' id='word_1_260' title='bbox 995 2503 1189 2572; x_wconf 76' lang='grc' dir='ltr'>μέλλον</span> <span class='ocrx_word' id='word_1_261' title='bbox 1239 2504 1457 2558; x_wconf 77' lang='grc' dir='ltr'>ἔσεσθαι</span> <span class='ocrx_word' id='word_1_262' title='bbox 1514 2507 1940 2578; x_wconf 71' lang='grc' dir='ltr'>προφαινούσης.</span> 
     </span>
    </p>
   </div>
   <div class='ocr_carea' id='block_1_38' title="bbox 374 2591 1945 2671">
    <p class='ocr_par' dir='ltr' id='par_1_38' title="bbox 374 2591 1945 2671">
     <span class='ocr_line' id='line_1_38' title="bbox 374 2591 1945 2671; baseline 0.006 -28"><span class='ocrx_word' id='word_1_263' title='bbox 374 2591 527 2644; x_wconf 76' lang='grc' dir='ltr'>Ἐπεὶ</span> <span class='ocrx_word' id='word_1_264' title='bbox 563 2592 620 2645; x_wconf 78' lang='grc' dir='ltr'>δὲ</span> <span class='ocrx_word' id='word_1_265' title='bbox 661 2593 730 2646; x_wconf 82' lang='grc' dir='ltr'>τὰ</span> <span class='ocrx_word' id='word_1_266' title='bbox 771 2595 1135 2665; x_wconf 76' lang='grc' dir='ltr'>στρατιωτικὰ</span> <span class='ocrx_word' id='word_1_267' title='bbox 1183 2598 1458 2667; x_wconf 78' lang='grc' dir='ltr'>συμϐολῆς</span> <span class='ocrx_word' id='word_1_268' title='bbox 1489 2601 1709 2669; x_wconf 71' lang='grc' dir='ltr'>ἥπτετο,</span> <span class='ocrx_word' id='word_1_269' title='bbox 1737 2617 1945 2671; x_wconf 86' lang='grc' dir='ltr'>προκα-</span> 
     </span>
    </p>
   </div>
   <div class='ocr_carea' id='block_1_39' title="bbox 362 2681 1943 2762">
    <p class='ocr_par' dir='ltr' id='par_1_39' title="bbox 362 2681 1943 2762">
     <span class='ocr_line' id='line_1_39' title="bbox 362 2681 1943 2762; baseline 0.005 -28"><span class='ocrx_word' id='word_1_270' title='bbox 362 2681 534 2754; x_wconf 74' lang='grc' dir='ltr'>τῆρχε</span> <span class='ocrx_word' id='word_1_271' title='bbox 570 2685 663 2736; x_wconf 75' lang='grc' dir='ltr'>τοῦ</span> <span class='ocrx_word' id='word_1_272' title='bbox 707 2684 946 2756; x_wconf 82' lang='grc' dir='ltr'>πολέμου</span> <span class='ocrx_word' id='word_1_273' title='bbox 975 2688 1003 2739; x_wconf 85' lang='grc' dir='ltr'>ὁ</span> <span class='ocrx_word' id='word_1_274' title='bbox 1031 2686 1129 2750; x_wconf 77' lang='grc' dir='ltr'>τὰς</span> <span class='ocrx_word' id='word_1_275' title='bbox 1168 2688 1387 2756; x_wconf 82' lang='grc' dir='ltr'>φιλικὰς</span> <span class='ocrx_word' id='word_1_276' title='bbox 1417 2690 1713 2762; x_wconf 73' lang='grc' dir='ltr'>διαρρήξας</span> <span class='ocrx_word' id='word_1_277' title='bbox 1746 2690 1943 2761; x_wconf 81' lang='grc' dir='ltr'>συνθή-</span> 
     </span>
    </p>
   </div>
   <div class='ocr_carea' id='block_1_40' title="bbox 361 2776 1941 2854">
    <p class='ocr_par' dir='ltr' id='par_1_40' title="bbox 361 2776 1941 2854">
     <span class='ocr_line' id='line_1_40' title="bbox 361 2776 1941 2854; baseline 0.005 -26"><span class='ocrx_word' id='word_1_278' title='bbox 361 2792 464 2839; x_wconf 86' lang='grc' dir='ltr'><strong>κας</strong></span> <span class='ocrx_word' id='word_1_279' title='bbox 481 2793 494 2806; x_wconf 85' lang='grc'><strong>·</strong></span> <span class='ocrx_word' id='word_1_280' title='bbox 528 2776 759 2830; x_wconf 79' lang='grc' dir='ltr'>ἐνταῦοα</span> <span class='ocrx_word' id='word_1_281' title='bbox 785 2777 848 2850; x_wconf 83' lang='grc' dir='ltr'>δὴ</span> <span class='ocrx_word' id='word_1_282' title='bbox 883 2779 1291 2844; x_wconf 88' lang='grc' dir='ltr'>Κωνσταντίνος</span> <span class='ocrx_word' id='word_1_283' title='bbox 1312 2781 1443 2835; x_wconf 81' lang='grc' dir='ltr'>Θεὸν</span> <span class='ocrx_word' id='word_1_284' title='bbox 1474 2783 1705 2854; x_wconf 78' lang='grc' dir='ltr'>Σωτῆρα</span> <span class='ocrx_word' id='word_1_285' title='bbox 1733 2783 1824 2836; x_wconf 74' lang='grc' dir='ltr'>τὸν</span> <span class='ocrx_word' id='word_1_286' title='bbox 1848 2785 1941 2836; x_wconf 56' lang='grc' dir='ltr'><strong>ἐπὶ⁹</strong></span> 
     </span>
    </p>
   </div>
   <div class='ocr_carea' id='block_1_41' title="bbox 361 2869 1942 2944">
    <p class='ocr_par' dir='ltr' id='par_1_41' title="bbox 361 2869 1942 2944">
     <span class='ocr_line' id='line_1_41' title="bbox 361 2869 1942 2944; baseline 0.003 -23"><span class='ocrx_word' id='word_1_287' title='bbox 361 2869 579 2922; x_wconf 75' lang='grc' dir='ltr'>πάντων</span> <span class='ocrx_word' id='word_1_288' title='bbox 613 2870 1098 2942; x_wconf 77' lang='grc' dir='ltr'>ἐπικαλεσάμενος,</span> <span class='ocrx_word' id='word_1_289' title='bbox 1130 2873 1382 2944; x_wconf 79' lang='grc' dir='ltr'>σύνθημά</span> <span class='ocrx_word' id='word_1_290' title='bbox 1407 2891 1466 2928; x_wconf 89' lang='grc' dir='ltr'><strong>τε</strong></span> <span class='ocrx_word' id='word_1_291' title='bbox 1489 2874 1646 2928; x_wconf 83' lang='grc' dir='ltr'>τοῦτο</span> <span class='ocrx_word' id='word_1_292' title='bbox 1678 2874 1804 2937; x_wconf 76' lang='grc' dir='ltr'>δοὺς</span> <span class='ocrx_word' id='word_1_293' title='bbox 1827 2877 1942 2938; x_wconf 82' lang='grc' dir='ltr'>τοῖς</span> 
     </span>
    </p>
   </div>
   <div class='ocr_carea' id='block_1_42' title="bbox 361 2958 1937 3036">
    <p class='ocr_par' dir='ltr' id='par_1_42' title="bbox 361 2958 1937 3036">
     <span class='ocr_line' id='line_1_42' title="bbox 361 2958 1937 3036; baseline 0.004 -24"><span class='ocrx_word' id='word_1_294' title='bbox 361 2958 497 3027; x_wconf 60' lang='grc' dir='ltr'><strong>ἀμφ’</strong></span> <span class='ocrx_word' id='word_1_295' title='bbox 510 2959 669 3012; x_wconf 79' lang='grc' dir='ltr'>αὑτὸν</span> <span class='ocrx_word' id='word_1_296' title='bbox 680 2960 943 3027; x_wconf 82' lang='grc' dir='ltr'>ὁπλίταις,</span> <span class='ocrx_word' id='word_1_297' title='bbox 959 2961 1184 3033; x_wconf 85' lang='grc' dir='ltr'>πρώτης</span> <span class='ocrx_word' id='word_1_298' title='bbox 1198 2964 1417 3035; x_wconf 73' lang='grc' dir='ltr'>ἐκράτει</span> <span class='ocrx_word' id='word_1_299' title='bbox 1432 2964 1791 3036; x_wconf 83' lang='grc' dir='ltr'>παρατάξεως</span> <span class='ocrx_word' id='word_1_300' title='bbox 1805 2964 1937 3034; x_wconf 72' lang='grc'><strong>(58)*</strong></span> 
     </span>
    </p>
   </div>
   <div class='ocr_carea' id='block_1_43' title="bbox 361 3048 1940 3128">
    <p class='ocr_par' dir='ltr' id='par_1_43' title="bbox 361 3048 1940 3128">
     <span class='ocr_line' id='line_1_43' title="bbox 361 3048 1940 3128; baseline 0.003 -24"><span class='ocrx_word' id='word_1_301' title='bbox 361 3048 459 3105; x_wconf 81' lang='grc' dir='ltr'>εἶτ’</span> <span class='ocrx_word' id='word_1_302' title='bbox 492 3052 592 3105; x_wconf 74' lang='grc' dir='ltr'><strong>οὐκ</strong></span> <span class='ocrx_word' id='word_1_303' title='bbox 615 3053 693 3116; x_wconf 78' lang='grc' dir='ltr'><strong>εἰς</strong></span> <span class='ocrx_word' id='word_1_304' title='bbox 725 3053 930 3125; x_wconf 77' lang='grc' dir='ltr'>μακρὸν</span> <span class='ocrx_word' id='word_1_305' title='bbox 950 3053 1204 3125; x_wconf 79' lang='grc' dir='ltr'>δευτέρας</span> <span class='ocrx_word' id='word_1_306' title='bbox 1235 3055 1508 3125; x_wconf 79' lang='grc' dir='ltr'>συμϐολῆς</span> <span class='ocrx_word' id='word_1_307' title='bbox 1533 3056 1642 3126; x_wconf 85' lang='grc'><strong>(59)</strong></span> <span class='ocrx_word' id='word_1_308' title='bbox 1677 3057 1940 3128; x_wconf 81' lang='grc' dir='ltr'>κρείττων</span> 
     </span>
    </p>
   </div>
   <div class='ocr_carea' id='block_1_44' title="bbox 2661 1609 3008 1666">
    <p class='ocr_par' dir='ltr' id='par_1_44' title="bbox 2661 1609 3008 1666">
     <span class='ocr_line' id='line_1_44' title="bbox 2661 1609 3008 1666; baseline 0.003 -2"><span class='ocrx_word' id='word_1_309' title='bbox 2661 1609 2889 1666; x_wconf 85' lang='lat' dir='ltr'><strong>CAPUT</strong></span> <span class='ocrx_word' id='word_1_310' title='bbox 2923 1609 3008 1665; x_wconf 85' lang='lat' dir='ltr'><strong>Vl.</strong></span> 
     </span>
    </p>
   </div>
   <div class='ocr_carea' id='block_1_45' title="bbox 2059 1699 3633 1769">
    <p class='ocr_par' dir='ltr' id='par_1_45' title="bbox 2059 1699 3633 1769">
     <span class='ocr_line' id='line_1_45' title="bbox 2059 1699 3633 1769; baseline 0.001 -14"><span class='ocrx_word' id='word_1_311' title='bbox 2059 1701 2278 1769; x_wconf 80' lang='lat' dir='ltr'><strong>Spectm</strong></span> <span class='ocrx_word' id='word_1_312' title='bbox 2306 1716 2358 1752; x_wconf 85' lang='grc' dir='ltr'>ιη</span> <span class='ocrx_word' id='word_1_313' title='bbox 2391 1699 2604 1753; x_wconf 82' lang='lat' dir='ltr'><strong>urbibus</strong></span> <span class='ocrx_word' id='word_1_314' title='bbox 2629 1717 2747 1769; x_wconf 62' lang='lat' dir='ltr'><strong>qua}</strong></span> <span class='ocrx_word' id='word_1_315' title='bbox 2786 1699 2992 1754; x_wconf 87' lang='lat' dir='ltr'><strong>Licinio</strong></span> <span class='ocrx_word' id='word_1_316' title='bbox 3033 1700 3280 1765; x_wconf 80' lang='lat' dir='ltr'><strong>parebant</strong></span> <span class='ocrx_word' id='word_1_317' title='bbox 3312 1701 3446 1765; x_wconf 80' lang='lat' dir='ltr'><strong>visa,</strong></span> <span class='ocrx_word' id='word_1_318' title='bbox 3490 1699 3633 1756; x_wconf 85' lang='lat' dir='ltr'><strong>Con-</strong></span> 
     </span>
    </p>
   </div>
   <div class='ocr_carea' id='block_1_46' title="bbox 2184 1768 3499 1839">
    <p class='ocr_par' dir='ltr' id='par_1_46' title="bbox 2184 1768 3499 1839">
     <span class='ocr_line' id='line_1_46' title="bbox 2184 1768 3499 1839; baseline 0.001 -15"><span class='ocrx_word' id='word_1_319' title='bbox 2184 1771 2407 1824; x_wconf 78' lang='lat' dir='ltr'><strong>stantini</strong></span> <span class='ocrx_word' id='word_1_320' title='bbox 2446 1770 2674 1823; x_wconf 81' lang='lat' dir='ltr'><strong>militum</strong></span> <span class='ocrx_word' id='word_1_321' title='bbox 2712 1768 3020 1825; x_wconf 78' lang='lat' dir='ltr'><strong>Licinianos</strong></span> <span class='ocrx_word' id='word_1_322' title='bbox 3057 1775 3499 1839; x_wconf 76' lang='lat' dir='ltr'><strong>persequentium.</strong></span> 
     </span>
    </p>
   </div>
   <div class='ocr_carea' id='block_1_47' title="bbox 2123 1863 3631 1932">
    <p class='ocr_par' dir='ltr' id='par_1_47' title="bbox 2123 1863 3631 1932">
     <span class='ocr_line' id='line_1_47' title="bbox 2123 1863 3631 1932; baseline 0.004 -19"><span class='ocrx_word' id='word_1_323' title='bbox 2123 1863 2250 1929; x_wconf 76' lang='lat' dir='ltr'><strong>Quae</strong></span> <span class='ocrx_word' id='word_1_324' title='bbox 2283 1863 2408 1915; x_wconf 91' lang='lat' dir='ltr'><strong>dum</strong></span> <span class='ocrx_word' id='word_1_325' title='bbox 2463 1872 2748 1931; x_wconf 84' lang='lat' dir='ltr'><strong>geruntur,</strong></span> <span class='ocrx_word' id='word_1_326' title='bbox 2783 1871 3058 1932; x_wconf 79' lang='lat' dir='ltr'><strong>Spectrum</strong></span> <span class='ocrx_word' id='word_1_327' title='bbox 3093 1863 3358 1931; x_wconf 88' lang='lat' dir='ltr'><strong>quoddam</strong></span> <span class='ocrx_word' id='word_1_328' title='bbox 3406 1877 3631 1932; x_wconf 81' lang='lat' dir='ltr'><strong>prorsus</strong></span> 
     </span>
    </p>
   </div>
   <div class='ocr_carea' id='block_1_48' title="bbox 2048 1953 3617 2025">
    <p class='ocr_par' dir='ltr' id='par_1_48' title="bbox 2048 1953 3617 2025">
     <span class='ocr_line' id='line_1_48' title="bbox 2048 1953 3617 2025; baseline 0.002 -17"><span class='ocrx_word' id='word_1_329' title='bbox 2048 1953 2299 2009; x_wconf 75' lang='lat' dir='ltr'><strong>mirabile</strong></span> <span class='ocrx_word' id='word_1_330' title='bbox 2323 1955 2375 2008; x_wconf 87' lang='lat' dir='ltr'><strong>in</strong></span> <span class='ocrx_word' id='word_1_331' title='bbox 2407 1955 2634 2008; x_wconf 89' lang='lat' dir='ltr'><strong>urbibus</strong></span> <span class='ocrx_word' id='word_1_332' title='bbox 2667 1955 2874 2025; x_wconf 89' lang='lat' dir='ltr'><strong>tyranni</strong></span> <span class='ocrx_word' id='word_1_333' title='bbox 2910 1954 3051 2009; x_wconf 89' lang='lat' dir='ltr'><strong>illius</strong></span> <span class='ocrx_word' id='word_1_334' title='bbox 3080 1955 3434 2010; x_wconf 87' lang='lat' dir='ltr'><strong>dominationi</strong></span> <span class='ocrx_word' id='word_1_335' title='bbox 3491 1957 3617 2011; x_wconf 87' lang='lat' dir='ltr'><strong>sub-</strong></span> 
     </span>
    </p>
   </div>
   <div class='ocr_carea' id='block_1_49' title="bbox 2040 2043 3626 2114">
    <p class='ocr_par' dir='ltr' id='par_1_49' title="bbox 2040 2043 3626 2114">
     <span class='ocr_line' id='line_1_49' title="bbox 2040 2043 3626 2114; baseline 0.001 -16"><span class='ocrx_word' id='word_1_336' title='bbox 2040 2043 2205 2112; x_wconf 87' lang='lat' dir='ltr'><strong>jectis</strong></span> <span class='ocrx_word' id='word_1_337' title='bbox 2261 2046 2578 2114; x_wconf 88' lang='lat' dir='ltr'><strong>apparuisse</strong></span> <span class='ocrx_word' id='word_1_338' title='bbox 2631 2044 2836 2100; x_wconf 88' lang='lat' dir='ltr'><strong>ferunt.</strong></span> <span class='ocrx_word' id='word_1_339' title='bbox 2874 2045 3034 2100; x_wconf 68' lang='lat' dir='ltr'><strong>Varia</strong></span> <span class='ocrx_word' id='word_1_340' title='bbox 3085 2047 3229 2098; x_wconf 89' lang='lat' dir='ltr'><strong>enim</strong></span> <span class='ocrx_word' id='word_1_341' title='bbox 3289 2045 3626 2100; x_wconf 89' lang='lat' dir='ltr'><strong>Constantini</strong></span> 
     </span>
    </p>
   </div>
   <div class='ocr_carea' id='block_1_50' title="bbox 2046 2133 3625 2206">
    <p class='ocr_par' dir='ltr' id='par_1_50' title="bbox 2046 2133 3625 2206">
     <span class='ocr_line' id='line_1_50' title="bbox 2046 2133 3625 2206; baseline -0.001 -17"><span class='ocrx_word' id='word_1_342' title='bbox 2046 2135 2274 2189; x_wconf 90' lang='lat' dir='ltr'><strong>militum</strong></span> <span class='ocrx_word' id='word_1_343' title='bbox 2312 2135 2532 2202; x_wconf 81' lang='lat' dir='ltr'><strong>agmina</strong></span> <span class='ocrx_word' id='word_1_344' title='bbox 2570 2149 2666 2202; x_wconf 91' lang='lat' dir='ltr'><strong>per</strong></span> <span class='ocrx_word' id='word_1_345' title='bbox 2696 2133 2974 2188; x_wconf 88' lang='lat' dir='ltr'><strong>meridiem</strong></span> <span class='ocrx_word' id='word_1_346' title='bbox 3001 2133 3141 2198; x_wconf 84' lang='lat' dir='ltr'><strong>visa,</strong></span> <span class='ocrx_word' id='word_1_347' title='bbox 3177 2150 3296 2204; x_wconf 73' lang='lat' dir='ltr'><strong>qute</strong></span> <span class='ocrx_word' id='word_1_348' title='bbox 3316 2133 3480 2206; x_wconf 64' lang='grc'><strong>44⁷</strong></span> <span class='ocrx_word' id='word_1_349' title='bbox 3505 2145 3625 2194; x_wconf 86' lang='lat' dir='ltr'><strong>tan-</strong></span> 
     </span>
    </p>
   </div>
   <div class='ocr_carea' id='block_1_51' title="bbox 2046 2224 3626 2294">
    <p class='ocr_par' dir='ltr' id='par_1_51' title="bbox 2046 2224 3626 2294">
     <span class='ocr_line' id='line_1_51' title="bbox 2046 2224 3626 2294; baseline 0.002 -18"><span class='ocrx_word' id='word_1_350' title='bbox 2046 2239 2207 2293; x_wconf 89' lang='lat' dir='ltr'><strong>quam</strong></span> <span class='ocrx_word' id='word_1_351' title='bbox 2259 2233 2411 2292; x_wconf 86' lang='lat' dir='ltr'><strong>parta</strong></span> <span class='ocrx_word' id='word_1_352' title='bbox 2445 2224 2672 2278; x_wconf 87' lang='lat' dir='ltr'><strong>victoria</strong></span> <span class='ocrx_word' id='word_1_353' title='bbox 2732 2239 2828 2292; x_wconf 91' lang='lat' dir='ltr'><strong>per</strong></span> <span class='ocrx_word' id='word_1_354' title='bbox 2865 2224 3029 2278; x_wconf 85' lang='lat' dir='ltr'><strong>urbes</strong></span> <span class='ocrx_word' id='word_1_355' title='bbox 3081 2225 3402 2278; x_wconf 83' lang='lat' dir='ltr'><strong>transirent.</strong></span> <span class='ocrx_word' id='word_1_356' title='bbox 3446 2229 3626 2294; x_wconf 80' lang='lat' dir='ltr'><strong>Atque</strong></span> 
     </span>
    </p>
   </div>
   <div class='ocr_carea' id='block_1_52' title="bbox 2045 2317 3623 2388">
    <p class='ocr_par' dir='ltr' id='par_1_52' title="bbox 2045 2317 3623 2388">
     <span class='ocr_line' id='line_1_52' title="bbox 2045 2317 3623 2388; baseline 0 -15"><span class='ocrx_word' id='word_1_357' title='bbox 2045 2318 2160 2373; x_wconf 79' lang='lat' dir='ltr'><strong>inec</strong></span> <span class='ocrx_word' id='word_1_358' title='bbox 2194 2319 2582 2382; x_wconf 89' lang='lat' dir='ltr'><strong>cernebantur,</strong></span> <span class='ocrx_word' id='word_1_359' title='bbox 2625 2317 2808 2387; x_wconf 90' lang='lat' dir='ltr'><strong>reipsa</strong></span> <span class='ocrx_word' id='word_1_360' title='bbox 2855 2319 3077 2388; x_wconf 86' lang='lat' dir='ltr'><strong>quidem</strong></span> <span class='ocrx_word' id='word_1_361' title='bbox 3114 2319 3333 2374; x_wconf 87' lang='lat' dir='ltr'><strong>nemine</strong></span> <span class='ocrx_word' id='word_1_362' title='bbox 3397 2335 3623 2388; x_wconf 89' lang='lat' dir='ltr'><strong>usquam</strong></span> 
     </span>
    </p>
   </div>
   <div class='ocr_carea' id='block_1_53' title="bbox 2046 2410 3622 2478">
    <p class='ocr_par' dir='ltr' id='par_1_53' title="bbox 2046 2410 3622 2478">
     <span class='ocr_line' id='line_1_53' title="bbox 2046 2410 3622 2478; baseline 0.001 -15"><span class='ocrx_word' id='word_1_363' title='bbox 2046 2419 2390 2478; x_wconf 88' lang='lat' dir='ltr'><strong>comparente</strong></span> <span class='ocrx_word' id='word_1_364' title='bbox 2417 2429 2432 2465; x_wconf 92' lang='lat'><strong>:</strong></span> <span class='ocrx_word' id='word_1_365' title='bbox 2468 2411 2561 2466; x_wconf 88' lang='lat' dir='ltr'><strong>sed</strong></span> <span class='ocrx_word' id='word_1_366' title='bbox 2588 2410 2771 2464; x_wconf 89' lang='lat' dir='ltr'><strong>divina</strong></span> <span class='ocrx_word' id='word_1_367' title='bbox 2797 2410 3037 2478; x_wconf 84' lang='lat' dir='ltr'><strong>potentia</strong></span> <span class='ocrx_word' id='word_1_368' title='bbox 3066 2427 3158 2478; x_wconf 89' lang='lat' dir='ltr'><strong>per</strong></span> <span class='ocrx_word' id='word_1_369' title='bbox 3186 2411 3447 2466; x_wconf 84' lang='lat' dir='ltr'><strong>visionem</strong></span> <span class='ocrx_word' id='word_1_370' title='bbox 3476 2410 3622 2474; x_wconf 78' lang='lat' dir='ltr'><strong>illam</strong></span> 
     </span>
    </p>
   </div>
   <div class='ocr_carea' id='block_1_54' title="bbox 2045 2504 3626 2576">
    <p class='ocr_par' dir='ltr' id='par_1_54' title="bbox 2045 2504 3626 2576">
     <span class='ocr_line' id='line_1_54' title="bbox 2045 2504 3626 2576; baseline 0.001 -18"><span class='ocrx_word' id='word_1_371' title='bbox 2045 2519 2164 2574; x_wconf 67' lang='lat' dir='ltr'><strong>qum</strong></span> <span class='ocrx_word' id='word_1_372' title='bbox 2190 2504 2362 2559; x_wconf 90' lang='lat' dir='ltr'><strong>oculis</strong></span> <span class='ocrx_word' id='word_1_373' title='bbox 2384 2504 2799 2571; x_wconf 90' lang='lat' dir='ltr'><strong>subjiciebatur,</strong></span> <span class='ocrx_word' id='word_1_374' title='bbox 2825 2505 2876 2558; x_wconf 92' lang='lat' dir='ltr'><strong>id</strong></span> <span class='ocrx_word' id='word_1_375' title='bbox 2907 2506 3049 2572; x_wconf 88' lang='lat' dir='ltr'><strong>quod</strong></span> <span class='ocrx_word' id='word_1_376' title='bbox 3081 2506 3320 2558; x_wconf 89' lang='lat' dir='ltr'><strong>futurum</strong></span> <span class='ocrx_word' id='word_1_377' title='bbox 3343 2515 3459 2558; x_wconf 87' lang='lat' dir='ltr'><strong>erat</strong></span> <span class='ocrx_word' id='word_1_378' title='bbox 3487 2521 3626 2576; x_wconf 76' lang='lat' dir='ltr'><strong>prte-</strong></span> 
     </span>
    </p>
   </div>
   <div class='ocr_carea' id='block_1_55' title="bbox 2045 2595 3624 2666">
    <p class='ocr_par' dir='ltr' id='par_1_55' title="bbox 2045 2595 3624 2666">
     <span class='ocr_line' id='line_1_55' title="bbox 2045 2595 3624 2666; baseline 0 -18"><span class='ocrx_word' id='word_1_379' title='bbox 2045 2604 2407 2650; x_wconf 88' lang='lat' dir='ltr'><strong>monstrantc.</strong></span> <span class='ocrx_word' id='word_1_380' title='bbox 2443 2595 2613 2650; x_wconf 88' lang='lat' dir='ltr'><strong>Porro</strong></span> <span class='ocrx_word' id='word_1_381' title='bbox 2643 2611 2765 2648; x_wconf 93' lang='lat' dir='ltr'><strong>cum</strong></span> <span class='ocrx_word' id='word_1_382' title='bbox 2796 2596 3072 2649; x_wconf 83' lang='lat' dir='ltr'><strong>exercitus</strong></span> <span class='ocrx_word' id='word_1_383' title='bbox 3102 2595 3360 2662; x_wconf 82' lang='lat' dir='ltr'><strong>congredi</strong></span> <span class='ocrx_word' id='word_1_384' title='bbox 3387 2597 3496 2665; x_wconf 87' lang='lat' dir='ltr'><strong>jam</strong></span> <span class='ocrx_word' id='word_1_385' title='bbox 3531 2611 3624 2666; x_wconf 83' lang='lat' dir='ltr'><strong>pa-</strong></span> 
     </span>
    </p>
   </div>
   <div class='ocr_carea' id='block_1_56' title="bbox 2047 2687 3621 2757">
    <p class='ocr_par' dir='ltr' id='par_1_56' title="bbox 2047 2687 3621 2757">
     <span class='ocr_line' id='line_1_56' title="bbox 2047 2687 3621 2757; baseline 0.002 -18"><span class='ocrx_word' id='word_1_386' title='bbox 2047 2695 2248 2752; x_wconf 88' lang='lat' dir='ltr'><strong>rarent,</strong></span> <span class='ocrx_word' id='word_1_387' title='bbox 2287 2689 2334 2740; x_wconf 89' lang='lat' dir='ltr'><strong>is</strong></span> <span class='ocrx_word' id='word_1_388' title='bbox 2359 2688 2448 2757; x_wconf 92' lang='lat' dir='ltr'><strong>qui</strong></span> <span class='ocrx_word' id='word_1_389' title='bbox 2499 2687 2804 2741; x_wconf 80' lang='lat' dir='ltr'><strong>concordia:</strong></span> <span class='ocrx_word' id='word_1_390' title='bbox 2857 2687 3062 2741; x_wconf 78' lang='lat' dir='ltr'><strong>ftedcra</strong></span> <span class='ocrx_word' id='word_1_391' title='bbox 3099 2700 3360 2755; x_wconf 88' lang='lat' dir='ltr'><strong>ruperat,</strong></span> <span class='ocrx_word' id='word_1_392' title='bbox 3411 2688 3621 2756; x_wconf 91' lang='lat' dir='ltr'><strong>primus</strong></span> 
     </span>
    </p>
   </div>
   <div class='ocr_carea' id='block_1_57' title="bbox 2045 2777 3623 2850">
    <p class='ocr_par' dir='ltr' id='par_1_57' title="bbox 2045 2777 3623 2850">
     <span class='ocr_line' id='line_1_57' title="bbox 2045 2777 3623 2850; baseline -0.001 -18"><span class='ocrx_word' id='word_1_393' title='bbox 2045 2795 2278 2850; x_wconf 80' lang='lat' dir='ltr'><strong>pugnam</strong></span> <span class='ocrx_word' id='word_1_394' title='bbox 2303 2793 2532 2834; x_wconf 79' lang='lat' dir='ltr'><strong>exorsus</strong></span> <span class='ocrx_word' id='word_1_395' title='bbox 2553 2788 2654 2833; x_wconf 89' lang='lat' dir='ltr'><strong>est.</strong></span> <span class='ocrx_word' id='word_1_396' title='bbox 2680 2777 2833 2832; x_wconf 90' lang='lat' dir='ltr'><strong>Tunc</strong></span> <span class='ocrx_word' id='word_1_397' title='bbox 2860 2793 2990 2831; x_wconf 89' lang='lat' dir='ltr'><strong>vero</strong></span> <span class='ocrx_word' id='word_1_398' title='bbox 3017 2777 3404 2832; x_wconf 88' lang='lat' dir='ltr'><strong>Constantinus</strong></span> <span class='ocrx_word' id='word_1_399' title='bbox 3437 2792 3623 2830; x_wconf 86' lang='lat' dir='ltr'><strong>serva-</strong></span> 
     </span>
    </p>
   </div>
   <div class='ocr_carea' id='block_1_58' title="bbox 2047 2868 3619 2938">
    <p class='ocr_par' dir='ltr' id='par_1_58' title="bbox 2047 2868 3619 2938">
     <span class='ocr_line' id='line_1_58' title="bbox 2047 2868 3619 2938; baseline 0 -14"><span class='ocrx_word' id='word_1_400' title='bbox 2047 2881 2164 2924; x_wconf 89' lang='lat' dir='ltr'><strong>tore</strong></span> <span class='ocrx_word' id='word_1_401' title='bbox 2189 2884 2252 2924; x_wconf 82' lang='lat' dir='ltr'><strong>ac</strong></span> <span class='ocrx_word' id='word_1_402' title='bbox 2283 2884 2542 2938; x_wconf 86' lang='lat' dir='ltr'><strong>supremo</strong></span> <span class='ocrx_word' id='word_1_403' title='bbox 2564 2868 2805 2923; x_wconf 88' lang='lat' dir='ltr'><strong>omnium</strong></span> <span class='ocrx_word' id='word_1_404' title='bbox 2842 2869 2950 2924; x_wconf 88' lang='lat' dir='ltr'><strong>Deo</strong></span> <span class='ocrx_word' id='word_1_405' title='bbox 3005 2869 3057 2922; x_wconf 91' lang='lat' dir='ltr'><strong>iu</strong></span> <span class='ocrx_word' id='word_1_406' title='bbox 3086 2869 3348 2921; x_wconf 84' lang='lat' dir='ltr'><strong>auxilium</strong></span> <span class='ocrx_word' id='word_1_407' title='bbox 3380 2877 3572 2924; x_wconf 87' lang='lat' dir='ltr'><strong>vocato</strong></span> <span class='ocrx_word' id='word_1_408' title='bbox 3601 2907 3619 2934; x_wconf 89' lang='lat'><strong>,</strong></span> 
     </span>
    </p>
   </div>
   <div class='ocr_carea' id='block_1_59' title="bbox 2043 2960 3621 3032">
    <p class='ocr_par' dir='ltr' id='par_1_59' title="bbox 2043 2960 3621 3032">
     <span class='ocr_line' id='line_1_59' title="bbox 2043 2960 3621 3032; baseline 0.001 -18"><span class='ocrx_word' id='word_1_409' title='bbox 2043 2973 2205 3032; x_wconf 90' lang='lat' dir='ltr'><strong>atque</strong></span> <span class='ocrx_word' id='word_1_410' title='bbox 2237 2962 2339 3016; x_wconf 90' lang='lat' dir='ltr'><strong>hoc</strong></span> <span class='ocrx_word' id='word_1_411' title='bbox 2367 2961 2521 3031; x_wconf 87' lang='lat' dir='ltr'><strong>signo</strong></span> <span class='ocrx_word' id='word_1_412' title='bbox 2551 2960 2816 3016; x_wconf 88' lang='lat' dir='ltr'><strong>militibus</strong></span> <span class='ocrx_word' id='word_1_413' title='bbox 2869 2962 2985 3015; x_wconf 90' lang='lat' dir='ltr'><strong>suis</strong></span> <span class='ocrx_word' id='word_1_414' title='bbox 3017 2961 3142 3014; x_wconf 90' lang='lat' dir='ltr'><strong>dato</strong></span> <span class='ocrx_word' id='word_1_415' title='bbox 3164 3001 3178 3024; x_wconf 94' lang='lat'><strong>,</strong></span> <span class='ocrx_word' id='word_1_416' title='bbox 3219 2961 3400 3015; x_wconf 90' lang='lat' dir='ltr'><strong>hostes</strong></span> <span class='ocrx_word' id='word_1_417' title='bbox 3445 2961 3621 3030; x_wconf 92' lang='lat' dir='ltr'><strong>primo</strong></span> 
     </span>
    </p>
   </div>
   <div class='ocr_carea' id='block_1_60' title="bbox 2046 3050 3620 3122">
    <p class='ocr_par' dir='ltr' id='par_1_60' title="bbox 2046 3050 3620 3122">
     <span class='ocr_line' id='line_1_60' title="bbox 2046 3050 3620 3122; baseline 0.001 -19"><span class='ocrx_word' id='word_1_418' title='bbox 2046 3052 2232 3121; x_wconf 70' lang='lat' dir='ltr'><strong>preclio</strong></span> <span class='ocrx_word' id='word_1_419' title='bbox 2262 3050 2420 3104; x_wconf 89' lang='lat' dir='ltr'><strong>fudit.</strong></span> <span class='ocrx_word' id='word_1_420' title='bbox 2455 3050 2567 3106; x_wconf 85' lang='lat' dir='ltr'><strong>Nec</strong></span> <span class='ocrx_word' id='word_1_421' title='bbox 2623 3051 2793 3105; x_wconf 87' lang='lat' dir='ltr'><strong>multo</strong></span> <span class='ocrx_word' id='word_1_422' title='bbox 2843 3063 2964 3120; x_wconf 90' lang='lat' dir='ltr'><strong>post</strong></span> <span class='ocrx_word' id='word_1_423' title='bbox 2995 3053 3165 3106; x_wconf 87' lang='lat' dir='ltr'><strong>altera</strong></span> <span class='ocrx_word' id='word_1_424' title='bbox 3195 3053 3484 3106; x_wconf 88' lang='lat' dir='ltr'><strong>counnissa</strong></span> <span class='ocrx_word' id='word_1_425' title='bbox 3521 3069 3620 3122; x_wconf 84' lang='lat' dir='ltr'><strong>pu-</strong></span> 
     </span>
    </p>
   </div>
   <div class='ocr_carea' id='block_1_61' title="bbox 362 3165 3621 3243">
    <p class='ocr_par' dir='ltr' id='par_1_61' title="bbox 362 3165 3621 3243">
     <span class='ocr_line' id='line_1_61' title="bbox 362 3165 3621 3243; baseline 0.002 -26"><span class='ocrx_word' id='word_1_426' title='bbox 362 3169 489 3243; x_wconf 71' lang='lat' dir='ltr'><strong>novi</strong></span> <span class='ocrx_word' id='word_1_427' title='bbox 520 3177 696 3230; x_wconf 91' lang='lat' dir='ltr'><strong>erant,</strong></span> <span class='ocrx_word' id='word_1_428' title='bbox 721 3179 930 3243; x_wconf 82' lang='lat' dir='ltr'><strong>_utpote</strong></span> <span class='ocrx_word' id='word_1_429' title='bbox 996 3185 1164 3243; x_wconf 79' lang='lat' dir='ltr'><strong>nuper</strong></span> <span class='ocrx_word' id='word_1_430' title='bbox 1231 3171 1408 3225; x_wconf 91' lang='lat' dir='ltr'><strong>asciti.</strong></span> <span class='ocrx_word' id='word_1_431' title='bbox 1441 3170 1634 3243; x_wconf 68' lang='lat' dir='ltr'><strong>Cicero</strong></span> <span class='ocrx_word' id='word_1_432' title='bbox 1686 3173 1737 3226; x_wconf 90' lang='lat' dir='ltr'><strong>in</strong></span> <span class='ocrx_word' id='word_1_433' title='bbox 1769 3189 1806 3226; x_wconf 88' lang='grc' dir='ltr'><strong>ιι</strong></span> <span class='ocrx_word' id='word_1_434' title='bbox 1867 3171 1944 3226; x_wconf 88' lang='lat' dir='ltr'><strong>De</strong></span> <span class='ocrx_word' id='word_1_435' title='bbox 1977 3187 2016 3243; x_wconf 74' lang='grc' dir='ltr'>ο</span> <span class='ocrx_word' id='word_1_436' title='bbox 2053 3184 2201 3243; x_wconf 69' lang='lat' dir='ltr'><strong>coss1</strong></span> <span class='ocrx_word' id='word_1_437' title='bbox 2237 3184 2330 3243; x_wconf 62' lang='lat' dir='ltr'><strong>vni</strong></span> <span class='ocrx_word' id='word_1_438' title='bbox 2360 3167 2483 3220; x_wconf 90' lang='lat' dir='ltr'><strong>ldus</strong></span> <span class='ocrx_word' id='word_1_439' title='bbox 2513 3167 2787 3243; x_wconf 70' lang='lat' dir='ltr'><strong>Octobris,</strong></span> <span class='ocrx_word' id='word_1_440' title='bbox 2813 3179 2895 3243; x_wconf 71' lang='lat' dir='ltr'><strong>ut</strong></span> <span class='ocrx_word' id='word_1_441' title='bbox 2918 3169 3178 3243; x_wconf 85' lang='lat' dir='ltr'><strong>scribitur</strong></span> <span class='ocrx_word' id='word_1_442' title='bbox 3210 3171 3262 3224; x_wconf 93' lang='lat' dir='ltr'><strong>in</strong></span> <span class='ocrx_word' id='word_1_443' title='bbox 3295 3165 3621 3243; x_wconf 68' lang='lat' dir='ltr'><strong>i&quot;qslis_lda-</strong></span> 
     </span>
    </p>
   </div>
   <div class='ocr_carea' id='block_1_62' title="bbox 364 3237 1935 3310">
    <p class='ocr_par' dir='ltr' id='par_1_62' title="bbox 364 3237 1935 3310">
     <span class='ocr_line' id='line_1_62' title="bbox 364 3237 1935 3310; baseline 0.001 -20"><span class='ocrx_word' id='word_1_444' title='bbox 364 3237 568 3310; x_wconf 71' lang='lat' dir='ltr'><strong>legibus</strong></span> <span class='ocrx_word' id='word_1_445' title='bbox 617 3258 630 3293; x_wconf 88' lang='lat'>:</span> <span class='ocrx_word' id='word_1_446' title='bbox 669 3257 689 3290; x_wconf 85' lang='grc'><strong>‹</strong></span> <span class='ocrx_word' id='word_1_447' title='bbox 721 3238 901 3294; x_wconf 81' lang='lat' dir='ltr'><strong>Novos</strong></span> <span class='ocrx_word' id='word_1_448' title='bbox 928 3255 1056 3295; x_wconf 90' lang='lat' dir='ltr'><strong>vero</strong></span> <span class='ocrx_word' id='word_1_449' title='bbox 1076 3237 1238 3305; x_wconf 84' lang='lat' dir='ltr'><strong>deos,</strong></span> <span class='ocrx_word' id='word_1_450' title='bbox 1275 3252 1328 3296; x_wconf 92' lang='lat' dir='ltr'><strong>et</strong></span> <span class='ocrx_word' id='word_1_451' title='bbox 1357 3243 1409 3295; x_wconf 93' lang='lat' dir='ltr'><strong>in</strong></span> <span class='ocrx_word' id='word_1_452' title='bbox 1441 3241 1528 3296; x_wconf 88' lang='lat' dir='ltr'><strong>his</strong></span> <span class='ocrx_word' id='word_1_453' title='bbox 1553 3242 1798 3296; x_wconf 84' lang='lat' dir='ltr'><strong>colendis</strong></span> <span class='ocrx_word' id='word_1_454' title='bbox 1836 3260 1935 3295; x_wconf 84' lang='lat' dir='ltr'><strong>no-</strong></span> 
     </span>
    </p>
   </div>
   <div class='ocr_carea' id='block_1_63' title="bbox 364 3311 1937 3380">
    <p class='ocr_par' dir='ltr' id='par_1_63' title="bbox 364 3311 1937 3380">
     <span class='ocr_line' id='line_1_63' title="bbox 364 3311 1937 3380; baseline 0.003 -18"><span class='ocrx_word' id='word_1_455' title='bbox 364 3322 586 3364; x_wconf 82' lang='lat' dir='ltr'><strong>cturnas</strong></span> <span class='ocrx_word' id='word_1_456' title='bbox 617 3311 1059 3378; x_wconf 84' lang='lat' dir='ltr'><strong>pervigilationes</strong></span> <span class='ocrx_word' id='word_1_457' title='bbox 1103 3312 1182 3364; x_wconf 90' lang='lat' dir='ltr'><strong>sic</strong></span> <span class='ocrx_word' id='word_1_458' title='bbox 1224 3313 1615 3380; x_wconf 81' lang='lat' dir='ltr'><strong>Aristophanes</strong></span> <span class='ocrx_word' id='word_1_459' title='bbox 1664 3312 1937 3366; x_wconf 83' lang='lat' dir='ltr'><strong>facetissi-</strong></span> 
     </span>
    </p>
   </div>
   <div class='ocr_carea' id='block_1_64' title="bbox 364 3383 1932 3449">
    <p class='ocr_par' dir='ltr' id='par_1_64' title="bbox 364 3383 1932 3449">
     <span class='ocr_line' id='line_1_64' title="bbox 364 3383 1932 3449; baseline 0.001 -15"><span class='ocrx_word' id='word_1_460' title='bbox 364 3397 485 3434; x_wconf 81' lang='lat' dir='ltr'><strong>tuus</strong></span> <span class='ocrx_word' id='word_1_461' title='bbox 525 3390 678 3449; x_wconf 82' lang='lat' dir='ltr'><strong>poeta</strong></span> <span class='ocrx_word' id='word_1_462' title='bbox 733 3383 934 3434; x_wconf 85' lang='lat' dir='ltr'><strong>veteris</strong></span> <span class='ocrx_word' id='word_1_463' title='bbox 979 3383 1258 3436; x_wconf 63' lang='lat' dir='ltr'><strong>comoedia:</strong></span> <span class='ocrx_word' id='word_1_464' title='bbox 1294 3393 1478 3444; x_wconf 88' lang='lat' dir='ltr'><strong>vexat,</strong></span> <span class='ocrx_word' id='word_1_465' title='bbox 1529 3393 1586 3435; x_wconf 93' lang='lat' dir='ltr'><strong>ut</strong></span> <span class='ocrx_word' id='word_1_466' title='bbox 1636 3384 1776 3448; x_wconf 85' lang='lat' dir='ltr'><strong>apud</strong></span> <span class='ocrx_word' id='word_1_467' title='bbox 1810 3399 1932 3436; x_wconf 90' lang='lat' dir='ltr'><strong>eum</strong></span> 
     </span>
    </p>
   </div>
   <div class='ocr_carea' id='block_1_65' title="bbox 366 3451 1935 3520">
    <p class='ocr_par' dir='ltr' id='par_1_65' title="bbox 366 3451 1935 3520">
     <span class='ocr_line' id='line_1_65' title="bbox 366 3451 1935 3520; baseline 0.001 -17"><span class='ocrx_word' id='word_1_468' title='bbox 366 3451 633 3504; x_wconf 80' lang='lat' dir='ltr'><strong>Sabazius</strong></span> <span class='ocrx_word' id='word_1_469' title='bbox 660 3460 712 3505; x_wconf 91' lang='lat' dir='ltr'><strong>et</strong></span> <span class='ocrx_word' id='word_1_470' title='bbox 740 3451 828 3504; x_wconf 89' lang='lat' dir='ltr'><strong>alii</strong></span> <span class='ocrx_word' id='word_1_471' title='bbox 861 3452 1086 3519; x_wconf 88' lang='lat' dir='ltr'><strong>quidam</strong></span> <span class='ocrx_word' id='word_1_472' title='bbox 1114 3452 1184 3504; x_wconf 88' lang='lat' dir='ltr'><strong>dii</strong></span> <span class='ocrx_word' id='word_1_473' title='bbox 1222 3453 1489 3520; x_wconf 73' lang='lat' dir='ltr'><strong>peregrini</strong></span> <span class='ocrx_word' id='word_1_474' title='bbox 1523 3451 1746 3518; x_wconf 87' lang='lat' dir='ltr'><strong>judicati</strong></span> <span class='ocrx_word' id='word_1_475' title='bbox 1793 3469 1822 3506; x_wconf 91' lang='lat' dir='ltr'><strong>e</strong></span> <span class='ocrx_word' id='word_1_476' title='bbox 1859 3454 1935 3505; x_wconf 91' lang='lat' dir='ltr'><strong>ci-</strong></span> 
     </span>
    </p>
   </div>
   <div class='ocr_carea' id='block_1_66' title="bbox 361 3521 1930 3591">
    <p class='ocr_par' dir='ltr' id='par_1_66' title="bbox 361 3521 1930 3591">
     <span class='ocr_line' id='line_1_66' title="bbox 361 3521 1930 3591; baseline 0.001 -20"><span class='ocrx_word' id='word_1_477' title='bbox 361 3522 532 3574; x_wconf 81' lang='lat' dir='ltr'><strong>vitate</strong></span> <span class='ocrx_word' id='word_1_478' title='bbox 555 3522 860 3588; x_wconf 82' lang='lat' dir='ltr'><strong>ejiciantur.</strong></span> <span class='ocrx_word' id='word_1_479' title='bbox 896 3542 914 3573; x_wconf 76' lang='grc' dir='ltr'><strong>ι</strong></span> <span class='ocrx_word' id='word_1_480' title='bbox 955 3521 1126 3573; x_wconf 81' lang='lat' dir='ltr'><strong>Locus</strong></span> <span class='ocrx_word' id='word_1_481' title='bbox 1149 3522 1526 3591; x_wconf 76' lang='lat' dir='ltr'><strong>Aristophanis</strong></span> <span class='ocrx_word' id='word_1_482' title='bbox 1541 3538 1701 3590; x_wconf 87' lang='lat' dir='ltr'><strong>quem</strong></span> <span class='ocrx_word' id='word_1_483' title='bbox 1731 3523 1930 3575; x_wconf 77' lang='lat' dir='ltr'><strong>intelli-</strong></span> 
     </span>
    </p>
   </div>
   <div class='ocr_carea' id='block_1_67' title="bbox 363 3590 1935 3659">
    <p class='ocr_par' dir='ltr' id='par_1_67' title="bbox 363 3590 1935 3659">
     <span class='ocr_line' id='line_1_67' title="bbox 363 3590 1935 3659; baseline 0.001 -17"><span class='ocrx_word' id='word_1_484' title='bbox 363 3591 442 3659; x_wconf 70' lang='lat' dir='ltr'><strong>git</strong></span> <span class='ocrx_word' id='word_1_485' title='bbox 469 3591 832 3659; x_wconf 81' lang='lat' dir='ltr'><strong>Cicero,_erat</strong></span> <span class='ocrx_word' id='word_1_486' title='bbox 858 3595 908 3644; x_wconf 89' lang='lat' dir='ltr'><strong>in</strong></span> <span class='ocrx_word' id='word_1_487' title='bbox 942 3592 1208 3645; x_wconf 68' lang='lat' dir='ltr'><strong>comoedia</strong></span> <span class='ocrx_word' id='word_1_488' title='bbox 1249 3590 1503 3656; x_wconf 79' lang='lat' dir='ltr'><strong>Lemniis,</strong></span> <span class='ocrx_word' id='word_1_489' title='bbox 1535 3593 1769 3648; x_wconf 84' lang='lat' dir='ltr'><strong>utdocet</strong></span> <span class='ocrx_word' id='word_1_490' title='bbox 1809 3594 1935 3647; x_wconf 69' lang='lat' dir='ltr'><strong>Sui~</strong></span> 
     </span>
    </p>
   </div>
   <div class='ocr_carea' id='block_1_68' title="bbox 365 3655 1931 3732">
    <p class='ocr_par' dir='ltr' id='par_1_68' title="bbox 365 3655 1931 3732">
     <span class='ocr_line' id='line_1_68' title="bbox 365 3655 1931 3732; baseline 0.003 -19"><span class='ocrx_word' id='word_1_491' title='bbox 365 3655 461 3713; x_wconf 79' lang='lat' dir='ltr'><strong>das</strong></span> <span class='ocrx_word' id='word_1_492' title='bbox 487 3660 541 3716; x_wconf 89' lang='lat' dir='ltr'><strong>in</strong></span> <span class='ocrx_word' id='word_1_493' title='bbox 564 3677 651 3718; x_wconf 88' lang='lat' dir='ltr'><strong>vv.</strong></span> <span class='ocrx_word' id='word_1_494' title='bbox 678 3655 722 3728; x_wconf 84' lang='grc' dir='ltr'><strong>ᾧ</strong></span> <span class='ocrx_word' id='word_1_495' title='bbox 750 3661 843 3715; x_wconf 79' lang='grc' dir='ltr'>νῦν</span> <span class='ocrx_word' id='word_1_496' title='bbox 873 3661 1066 3731; x_wconf 69' lang='grc' dir='ltr'>Θερμοὶ</span> <span class='ocrx_word' id='word_1_497' title='bbox 1099 3659 1292 3732; x_wconf 83' lang='grc' dir='ltr'>βωμοί.</span> <span class='ocrx_word' id='word_1_498' title='bbox 1331 3661 1460 3713; x_wconf 78' lang='lat' dir='ltr'><strong>Erat</strong></span> <span class='ocrx_word' id='word_1_499' title='bbox 1493 3655 1655 3715; x_wconf 87' lang='lat' dir='ltr'><strong>certe</strong></span> <span class='ocrx_word' id='word_1_500' title='bbox 1705 3665 1931 3717; x_wconf 81' lang='lat' dir='ltr'><strong>Athenis</strong></span> 
     </span>
    </p>
   </div>
   <div class='ocr_carea' id='block_1_69' title="bbox 367 3732 1927 3800">
    <p class='ocr_par' dir='ltr' id='par_1_69' title="bbox 367 3732 1927 3800">
     <span class='ocr_line' id='line_1_69' title="bbox 367 3732 1927 3800; baseline 0.001 -16"><span class='ocrx_word' id='word_1_501' title='bbox 367 3733 562 3799; x_wconf 82' lang='lat' dir='ltr'><strong>ingens</strong></span> <span class='ocrx_word' id='word_1_502' title='bbox 611 3735 761 3785; x_wconf 86' lang='lat' dir='ltr'><strong>turba</strong></span> <span class='ocrx_word' id='word_1_503' title='bbox 797 3748 1055 3784; x_wconf 74' lang='lat' dir='ltr'><strong>novorum</strong></span> <span class='ocrx_word' id='word_1_504' title='bbox 1104 3748 1167 3783; x_wconf 86' lang='lat' dir='ltr'><strong>ac</strong></span> <span class='ocrx_word' id='word_1_505' title='bbox 1219 3732 1624 3800; x_wconf 85' lang='lat' dir='ltr'><strong>peregrinorum</strong></span> <span class='ocrx_word' id='word_1_506' title='bbox 1680 3733 1927 3799; x_wconf 83' lang='lat' dir='ltr'><strong>deorum,</strong></span> 
     </span>
    </p>
   </div>
   <div class='ocr_carea' id='block_1_70' title="bbox 363 3800 1922 3868">
    <p class='ocr_par' dir='ltr' id='par_1_70' title="bbox 363 3800 1922 3868">
     <span class='ocr_line' id='line_1_70' title="bbox 363 3800 1922 3868; baseline 0.003 -18"><span class='ocrx_word' id='word_1_507' title='bbox 363 3817 500 3868; x_wconf 85' lang='lat' dir='ltr'><strong>quos</strong></span> <span class='ocrx_word' id='word_1_508' title='bbox 541 3801 720 3868; x_wconf 80' lang='grc' dir='ltr'>ξένους</span> <span class='ocrx_word' id='word_1_509' title='bbox 753 3817 843 3855; x_wconf 91' lang='lat' dir='ltr'><strong>seu</strong></span> <span class='ocrx_word' id='word_1_510' title='bbox 890 3801 1131 3866; x_wconf 72' lang='grc' dir='ltr'>ξενικοὺς</span> <span class='ocrx_word' id='word_1_511' title='bbox 1181 3800 1336 3865; x_wconf 77' lang='grc' dir='ltr'>Οεούς</span> <span class='ocrx_word' id='word_1_512' title='bbox 1381 3803 1700 3856; x_wconf 44' lang='lat' dir='ltr'><strong>vocabant.’</strong></span> <span class='ocrx_word' id='word_1_513' title='bbox 1729 3803 1922 3855; x_wconf 83' lang='lat' dir='ltr'><strong>Eorum</strong></span> 
     </span>
    </p>
   </div>
   <div class='ocr_carea' id='block_1_71' title="bbox 365 3873 1925 3941">
    <p class='ocr_par' dir='ltr' id='par_1_71' title="bbox 365 3873 1925 3941">
     <span class='ocr_line' id='line_1_71' title="bbox 365 3873 1925 3941; baseline 0.003 -20"><span class='ocrx_word' id='word_1_514' title='bbox 365 3873 583 3941; x_wconf 70' lang='lat' dir='ltr'><strong>nomina</strong></span> <span class='ocrx_word' id='word_1_515' title='bbox 617 3889 682 3924; x_wconf 88' lang='lat' dir='ltr'><strong>ac</strong></span> <span class='ocrx_word' id='word_1_516' title='bbox 723 3873 895 3925; x_wconf 78' lang='lat' dir='ltr'><strong>series</strong></span> <span class='ocrx_word' id='word_1_517' title='bbox 933 3879 1293 3924; x_wconf 78' lang='lat' dir='ltr'><strong>contexuerat</strong></span> <span class='ocrx_word' id='word_1_518' title='bbox 1338 3873 1736 3941; x_wconf 83' lang='lat' dir='ltr'><strong>Apollophanes</strong></span> <span class='ocrx_word' id='word_1_519' title='bbox 1770 3885 1925 3940; x_wconf 88' lang='lat' dir='ltr'><strong>poeta</strong></span> 
     </span>
    </p>
   </div>
   <div class='ocr_carea' id='block_1_72' title="bbox 368 3938 1930 4010">
    <p class='ocr_par' dir='ltr' id='par_1_72' title="bbox 368 3938 1930 4010">
     <span class='ocr_line' id='line_1_72' title="bbox 368 3938 1930 4010; baseline 0.003 -18"><span class='ocrx_word' id='word_1_520' title='bbox 368 3942 449 4010; x_wconf 92' lang='lat' dir='ltr'><strong>in_</strong></span> <span class='ocrx_word' id='word_1_521' title='bbox 477 3938 829 4010; x_wconf 76' lang='lat' dir='ltr'><strong>Cretensibus,</strong></span> <span class='ocrx_word' id='word_1_522' title='bbox 868 3951 1004 3994; x_wconf 83' lang='lat' dir='ltr'><strong>teste</strong></span> <span class='ocrx_word' id='word_1_523' title='bbox 1036 3942 1304 4010; x_wconf 86' lang='lat' dir='ltr'><strong>llesycbio</strong></span> <span class='ocrx_word' id='word_1_524' title='bbox 1356 3938 1409 3995; x_wconf 82' lang='lat' dir='ltr'><strong>in</strong></span> <span class='ocrx_word' id='word_1_525' title='bbox 1456 3938 1588 3995; x_wconf 79' lang='lat' dir='ltr'><strong>voce</strong></span> <span class='ocrx_word' id='word_1_526' title='bbox 1637 3938 1930 4009; x_wconf 61' lang='grc' dir='ltr'>θεοιξενι-</span> 
     </span>
    </p>
   </div>
   <div class='ocr_carea' id='block_1_73' title="bbox 362 4008 1931 4080">
    <p class='ocr_par' dir='ltr' id='par_1_73' title="bbox 362 4008 1931 4080">
     <span class='ocr_line' id='line_1_73' title="bbox 362 4008 1931 4080; baseline 0.004 -19"><span class='ocrx_word' id='word_1_527' title='bbox 521 4009 815 4066; x_wconf 77' lang='lat' dir='ltr'><strong>Menander</strong></span> <span class='ocrx_word' id='word_1_528' title='bbox 864 4013 1071 4074; x_wconf 78' lang='lat' dir='ltr'><strong>rhetor,</strong></span> <span class='ocrx_word' id='word_1_529' title='bbox 1124 4008 1216 4063; x_wconf 68' lang='lat' dir='ltr'><strong>seu</strong></span> <span class='ocrx_word' id='word_1_530' title='bbox 1269 4015 1443 4080; x_wconf 82' lang='lat' dir='ltr'><strong>potius</strong></span> <span class='ocrx_word' id='word_1_531' title='bbox 1498 4008 1825 4076; x_wconf 76' lang='lat' dir='ltr'><strong>Alexander,</strong></span> <span class='ocrx_word' id='word_1_532' title='bbox 1877 4014 1931 4067; x_wconf 89' lang='lat' dir='ltr'><strong>in</strong></span> 
     </span>
    </p>
   </div>
   <div class='ocr_carea' id='block_1_74' title="bbox 364 4077 1936 4154">
    <p class='ocr_par' dir='ltr' id='par_1_74' title="bbox 364 4077 1936 4154">
     <span class='ocr_line' id='line_1_74' title="bbox 364 4077 1936 4154; baseline 0.004 -24"><span class='ocrx_word' id='word_1_533' title='bbox 364 4077 609 4154; x_wconf 62' lang='lat' dir='ltr'><strong>diei/torio</strong></span> <span class='ocrx_word' id='word_1_534' title='bbox 635 4084 835 4149; x_wconf 76' lang='lat' dir='ltr'><strong>generis</strong></span> <span class='ocrx_word' id='word_1_535' title='bbox 859 4077 1282 4145; x_wconf 47' lang='lat' dir='ltr'><strong>demonstrativi,—</strong></span> <span class='ocrx_word' id='word_1_536' title='bbox 1304 4100 1422 4154; x_wconf 70' lang='lat' dir='ltr'><strong>pag.</strong></span> <span class='ocrx_word' id='word_1_537' title='bbox 1444 4083 1570 4144; x_wconf 68' lang='grc'><strong>612,</strong></span> <span class='ocrx_word' id='word_1_538' title='bbox 1595 4093 1744 4136; x_wconf 88' lang='lat' dir='ltr'><strong>notat</strong></span> <span class='ocrx_word' id='word_1_539' title='bbox 1770 4099 1936 4154; x_wconf 84' lang='lat' dir='ltr'><strong>quos-</strong></span> 
     </span>
    </p>
   </div>
   <div class='ocr_carea' id='block_1_75' title="bbox 361 4149 1928 4219">
    <p class='ocr_par' dir='ltr' id='par_1_75' title="bbox 361 4149 1928 4219">
     <span class='ocr_line' id='line_1_75' title="bbox 361 4149 1928 4219; baseline 0.003 -17"><span class='ocrx_word' id='word_1_540' title='bbox 361 4149 484 4202; x_wconf 78' lang='lat' dir='ltr'><strong>dam</strong></span> <span class='ocrx_word' id='word_1_541' title='bbox 530 4151 661 4204; x_wconf 72' lang='lat' dir='ltr'><strong>deos</strong></span> <span class='ocrx_word' id='word_1_542' title='bbox 707 4154 1066 4219; x_wconf 72' lang='lat' dir='ltr'><strong>antiquiores,</strong></span> <span class='ocrx_word' id='word_1_543' title='bbox 1104 4149 1738 4218; x_wconf 65' lang='lat' dir='ltr'><strong>quosdamrecentiores</strong></span> <span class='ocrx_word' id='word_1_544' title='bbox 1787 4149 1928 4218; x_wconf 52' lang='lat' dir='ltr'><strong>&#39;dici,</strong></span> 
     </span>
    </p>
   </div>
   <div class='ocr_carea' id='block_1_76' title="bbox 361 4221 1932 4294">
    <p class='ocr_par' dir='ltr' id='par_1_76' title="bbox 361 4221 1932 4294">
     <span class='ocr_line' id='line_1_76' title="bbox 361 4221 1932 4294; baseline 0.004 -23"><span class='ocrx_word' id='word_1_545' title='bbox 361 4221 411 4294; x_wconf 80' lang='grc' dir='ltr'>οἱ</span> <span class='ocrx_word' id='word_1_546' title='bbox 438 4221 543 4294; x_wconf 67' lang='grc' dir='ltr'><strong>μὲν</strong></span> <span class='ocrx_word' id='word_1_547' title='bbox 569 4222 676 4294; x_wconf 76' lang='grc' dir='ltr'><strong>γὰρ</strong></span> <span class='ocrx_word' id='word_1_548' title='bbox 714 4221 1080 4294; x_wconf 77' lang='grc' dir='ltr'>παλαιότεροι,</span> <span class='ocrx_word' id='word_1_549' title='bbox 1107 4224 1156 4274; x_wconf 82' lang='grc' dir='ltr'>οἱ</span> <span class='ocrx_word' id='word_1_550' title='bbox 1184 4223 1239 4275; x_wconf 83' lang='grc' dir='ltr'><strong>δὲ</strong></span> <span class='ocrx_word' id='word_1_551' title='bbox 1270 4222 1521 4294; x_wconf 78' lang='grc' dir='ltr'>νεώτεροι</span> <span class='ocrx_word' id='word_1_552' title='bbox 1550 4223 1797 4291; x_wconf 79' lang='grc' dir='ltr'>λέγονται</span> <span class='ocrx_word' id='word_1_553' title='bbox 1826 4224 1932 4278; x_wconf 82' lang='grc' dir='ltr'><strong>τῶν</strong></span> 
     </span>
    </p>
   </div>
   <div class='ocr_carea' id='block_1_77' title="bbox 363 4289 1933 4364">
    <p class='ocr_par' dir='ltr' id='par_1_77' title="bbox 363 4289 1933 4364">
     <span class='ocr_line' id='line_1_77' title="bbox 363 4289 1933 4364; baseline 0.004 -22"><span class='ocrx_word' id='word_1_554' title='bbox 363 4289 520 4342; x_wconf 80' lang='grc' dir='ltr'>Θεῶν.</span> <span class='ocrx_word' id='word_1_555' title='bbox 550 4289 937 4364; x_wconf 78' lang='lat' dir='ltr'><strong>AtPortesius,</strong></span> <span class='ocrx_word' id='word_1_556' title='bbox 963 4289 1194 4362; x_wconf 79' lang='lat' dir='ltr'><strong>etnnque</strong></span> <span class='ocrx_word' id='word_1_557' title='bbox 1237 4289 1455 4347; x_wconf 78' lang='lat' dir='ltr'><strong>secutus</strong></span> <span class='ocrx_word' id='word_1_558' title='bbox 1483 4289 1933 4364; x_wconf 69' lang='lat' dir='ltr'><strong>Clu-istopliorso-</strong></span> 
     </span>
    </p>
   </div>
   <div class='ocr_carea' id='block_1_78' title="bbox 364 4363 1928 4433">
    <p class='ocr_par' dir='ltr' id='par_1_78' title="bbox 364 4363 1928 4433">
     <span class='ocr_line' id='line_1_78' title="bbox 364 4363 1928 4433; baseline 0.003 -21"><span class='ocrx_word' id='word_1_559' title='bbox 364 4377 486 4425; x_wconf 87' lang='lat' dir='ltr'><strong>nus,</strong></span> <span class='ocrx_word' id='word_1_560' title='bbox 528 4363 665 4414; x_wconf 84' lang='lat' dir='ltr'><strong>male</strong></span> <span class='ocrx_word' id='word_1_561' title='bbox 718 4363 861 4417; x_wconf 87' lang='lat' dir='ltr'><strong>hunc</strong></span> <span class='ocrx_word' id='word_1_562' title='bbox 908 4364 1080 4416; x_wconf 86' lang='lat' dir='ltr'><strong>locum</strong></span> <span class='ocrx_word' id='word_1_563' title='bbox 1120 4366 1459 4431; x_wconf 82' lang='lat' dir='ltr'><strong>interpretati</strong></span> <span class='ocrx_word' id='word_1_564' title='bbox 1507 4377 1653 4428; x_wconf 90' lang='lat' dir='ltr'><strong>sunt,</strong></span> <span class='ocrx_word' id='word_1_565' title='bbox 1699 4363 1928 4433; x_wconf 82' lang='lat' dir='ltr'><strong>quorum</strong></span> 
     </span>
    </p>
   </div>
   <div class='ocr_carea' id='block_1_79' title="bbox 361 4433 1928 4498">
    <p class='ocr_par' dir='ltr' id='par_1_79' title="bbox 361 4433 1928 4498">
     <span class='ocr_line' id='line_1_79' title="bbox 361 4433 1928 4498; baseline 0.005 -18"><span class='ocrx_word' id='word_1_566' title='bbox 361 4448 516 4482; x_wconf 70' lang='lat' dir='ltr'><strong>error</strong></span> <span class='ocrx_word' id='word_1_567' title='bbox 544 4433 667 4486; x_wconf 85' lang='lat' dir='ltr'><strong>hinc</strong></span> <span class='ocrx_word' id='word_1_568' title='bbox 701 4441 858 4485; x_wconf 88' lang='lat' dir='ltr'><strong>natus</strong></span> <span class='ocrx_word' id='word_1_569' title='bbox 889 4442 992 4494; x_wconf 74' lang='lat' dir='ltr'><strong>est,</strong></span> <span class='ocrx_word' id='word_1_570' title='bbox 1025 4435 1164 4498; x_wconf 89' lang='lat' dir='ltr'><strong>quod</strong></span> <span class='ocrx_word' id='word_1_571' title='bbox 1205 4450 1308 4486; x_wconf 88' lang='lat' dir='ltr'><strong>non</strong></span> <span class='ocrx_word' id='word_1_572' title='bbox 1340 4437 1590 4488; x_wconf 79' lang='lat' dir='ltr'><strong>viderunt</strong></span> <span class='ocrx_word' id='word_1_573' title='bbox 1615 4435 1928 4489; x_wconf 81' lang='lat' dir='ltr'><strong>adverbium</strong></span> 
     </span>
    </p>
   </div>
   <div class='ocr_carea' id='block_1_80' title="bbox 2054 3237 3610 3303">
    <p class='ocr_par' dir='ltr' id='par_1_80' title="bbox 2054 3237 3610 3303">
     <span class='ocr_line' id='line_1_80' title="bbox 2054 3237 3610 3303; baseline 0.003 -11"><span class='ocrx_word' id='word_1_574' title='bbox 2054 3241 2132 3292; x_wconf 92' lang='lat' dir='ltr'><strong>tii.</strong></span> <span class='ocrx_word' id='word_1_575' title='bbox 2167 3239 2375 3303; x_wconf 85' lang='lat' dir='ltr'><strong>Quibus</strong></span> <span class='ocrx_word' id='word_1_576' title='bbox 2408 3239 2680 3292; x_wconf 82' lang='lat' dir='ltr'><strong>consentit</strong></span> <span class='ocrx_word' id='word_1_577' title='bbox 2712 3237 2966 3303; x_wconf 75' lang='lat' dir='ltr'><strong>Sigonius</strong></span> <span class='ocrx_word' id='word_1_578' title='bbox 2990 3243 3040 3292; x_wconf 92' lang='lat' dir='ltr'><strong>in</strong></span> <span class='ocrx_word' id='word_1_579' title='bbox 3081 3239 3216 3292; x_wconf 82' lang='lat' dir='ltr'><strong>libro</strong></span> <span class='ocrx_word' id='word_1_580' title='bbox 3253 3257 3311 3295; x_wconf 90' lang='grc' dir='ltr'><strong>ιιι</strong></span> <span class='ocrx_word' id='word_1_581' title='bbox 3345 3241 3416 3292; x_wconf 85' lang='lat' dir='ltr'><strong>De</strong></span> <span class='ocrx_word' id='word_1_582' title='bbox 3459 3241 3610 3297; x_wconf 85' lang='lat' dir='ltr'><strong>Occi-</strong></span> 
     </span>
    </p>
   </div>
   <div class='ocr_carea' id='block_1_81' title="bbox 2044 3308 3615 3371">
    <p class='ocr_par' dir='ltr' id='par_1_81' title="bbox 2044 3308 3615 3371">
     <span class='ocr_line' id='line_1_81' title="bbox 2044 3308 3615 3371; baseline 0.003 -10"><span class='ocrx_word' id='word_1_583' title='bbox 2044 3310 2245 3362; x_wconf 82' lang='lat' dir='ltr'><strong>dentali</strong></span> <span class='ocrx_word' id='word_1_584' title='bbox 2299 3309 2536 3371; x_wconf 81' lang='lat' dir='ltr'><strong>imperio.</strong></span> <span class='ocrx_word' id='word_1_585' title='bbox 2577 3309 2712 3361; x_wconf 84' lang='lat' dir='ltr'><strong>Male</strong></span> <span class='ocrx_word' id='word_1_586' title='bbox 2759 3309 2810 3361; x_wconf 88' lang='lat' dir='ltr'><strong>in</strong></span> <span class='ocrx_word' id='word_1_587' title='bbox 2859 3308 3118 3363; x_wconf 79' lang='lat' dir='ltr'><strong>Chronico</strong></span> <span class='ocrx_word' id='word_1_588' title='bbox 3151 3310 3365 3364; x_wconf 85' lang='lat' dir='ltr'><strong>Eusebii</strong></span> <span class='ocrx_word' id='word_1_589' title='bbox 3416 3312 3615 3366; x_wconf 89' lang='lat' dir='ltr'><strong>bellum</strong></span> 
     </span>
    </p>
   </div>
   <div class='ocr_carea' id='block_1_82' title="bbox 2045 3379 3618 3446">
    <p class='ocr_par' dir='ltr' id='par_1_82' title="bbox 2045 3379 3618 3446">
     <span class='ocr_line' id='line_1_82' title="bbox 2045 3379 3618 3446; baseline 0.003 -14"><span class='ocrx_word' id='word_1_590' title='bbox 2045 3380 2330 3432; x_wconf 59' lang='lat' dir='ltr'><strong>Cibalense</strong></span> <span class='ocrx_word' id='word_1_591' title='bbox 2361 3379 2642 3432; x_wconf 82' lang='lat' dir='ltr'><strong>confertur</strong></span> <span class='ocrx_word' id='word_1_592' title='bbox 2693 3379 2744 3432; x_wconf 91' lang='lat' dir='ltr'><strong>in</strong></span> <span class='ocrx_word' id='word_1_593' title='bbox 2799 3396 3000 3432; x_wconf 88' lang='lat' dir='ltr'><strong>annum</strong></span> <span class='ocrx_word' id='word_1_594' title='bbox 3033 3381 3318 3446; x_wconf 86' lang='lat' dir='ltr'><strong>septimum</strong></span> <span class='ocrx_word' id='word_1_595' title='bbox 3350 3381 3618 3436; x_wconf 76' lang='lat' dir='ltr'><strong>Constan-</strong></span> 
     </span>
    </p>
   </div>
   <div class='ocr_carea' id='block_1_83' title="bbox 2043 3449 3612 3518">
    <p class='ocr_par' dir='ltr' id='par_1_83' title="bbox 2043 3449 3612 3518">
     <span class='ocr_line' id='line_1_83' title="bbox 2043 3449 3612 3518; baseline 0.002 -17"><span class='ocrx_word' id='word_1_596' title='bbox 2043 3450 2163 3512; x_wconf 89' lang='lat' dir='ltr'><strong>tini,</strong></span> <span class='ocrx_word' id='word_1_597' title='bbox 2204 3464 2325 3501; x_wconf 88' lang='lat' dir='ltr'><strong>cum</strong></span> <span class='ocrx_word' id='word_1_598' title='bbox 2363 3449 2413 3501; x_wconf 88' lang='lat' dir='ltr'><strong>id</strong></span> <span class='ocrx_word' id='word_1_599' title='bbox 2443 3461 2654 3515; x_wconf 85' lang='lat' dir='ltr'><strong>gestum</strong></span> <span class='ocrx_word' id='word_1_600' title='bbox 2688 3450 2762 3502; x_wconf 89' lang='lat' dir='ltr'><strong>sit</strong></span> <span class='ocrx_word' id='word_1_601' title='bbox 2791 3465 2931 3502; x_wconf 89' lang='lat' dir='ltr'><strong>anno</strong></span> <span class='ocrx_word' id='word_1_602' title='bbox 2963 3465 3057 3503; x_wconf 86' lang='lat' dir='ltr'><strong>vnt</strong></span> <span class='ocrx_word' id='word_1_603' title='bbox 3084 3451 3202 3515; x_wconf 81' lang='lat' dir='ltr'><strong>ejus</strong></span> <span class='ocrx_word' id='word_1_604' title='bbox 3231 3453 3467 3518; x_wconf 85' lang='lat' dir='ltr'><strong>imperii.</strong></span> <span class='ocrx_word' id='word_1_605' title='bbox 3498 3453 3612 3506; x_wconf 85' lang='lat' dir='ltr'><strong>luto</strong></span> 
     </span>
    </p>
   </div>
   <div class='ocr_carea' id='block_1_84' title="bbox 2045 3518 3615 3590">
    <p class='ocr_par' dir='ltr' id='par_1_84' title="bbox 2045 3518 3615 3590">
     <span class='ocr_line' id='line_1_84' title="bbox 2045 3518 3615 3590; baseline 0.004 -19"><span class='ocrx_word' id='word_1_606' title='bbox 2045 3536 2217 3573; x_wconf 87' lang='lat' dir='ltr'><strong>nonus</strong></span> <span class='ocrx_word' id='word_1_607' title='bbox 2253 3518 2365 3586; x_wconf 87' lang='lat' dir='ltr'><strong>jam</strong></span> <span class='ocrx_word' id='word_1_608' title='bbox 2417 3535 2590 3573; x_wconf 90' lang='lat' dir='ltr'><strong>annus</strong></span> <span class='ocrx_word' id='word_1_609' title='bbox 2642 3520 2853 3590; x_wconf 86' lang='lat' dir='ltr'><strong>imperii</strong></span> <span class='ocrx_word' id='word_1_610' title='bbox 2887 3522 3224 3590; x_wconf 80' lang='lat' dir='ltr'><strong>Constantini</strong></span> <span class='ocrx_word' id='word_1_611' title='bbox 3258 3525 3540 3590; x_wconf 75' lang='lat' dir='ltr'><strong>agebatur,</strong></span> <span class='ocrx_word' id='word_1_612' title='bbox 3567 3523 3615 3578; x_wconf 81' lang='lat' dir='ltr'><strong>si</strong></span> 
     </span>
    </p>
   </div>
   <div class='ocr_carea' id='block_1_85' title="bbox 2041 3589 3610 3660">
    <p class='ocr_par' dir='ltr' id='par_1_85' title="bbox 2041 3589 3610 3660">
     <span class='ocr_line' id='line_1_85' title="bbox 2041 3589 3610 3660; baseline 0.001 -18"><span class='ocrx_word' id='word_1_613' title='bbox 2041 3606 2153 3642; x_wconf 85' lang='lat' dir='ltr'><strong>rem</strong></span> <span class='ocrx_word' id='word_1_614' title='bbox 2188 3591 2255 3642; x_wconf 89' lang='lat' dir='ltr'><strong>ad</strong></span> <span class='ocrx_word' id='word_1_615' title='bbox 2277 3601 2500 3660; x_wconf 79' lang='lat' dir='ltr'><strong>exactos</strong></span> <span class='ocrx_word' id='word_1_616' title='bbox 2525 3589 2761 3642; x_wconf 78' lang='lat' dir='ltr'><strong>calculus</strong></span> <span class='ocrx_word' id='word_1_617' title='bbox 2789 3605 3031 3644; x_wconf 80' lang='lat' dir='ltr'><strong>revoces.</strong></span> <span class='ocrx_word' id='word_1_618' title='bbox 3053 3589 3242 3645; x_wconf 83' lang='lat' dir='ltr'><strong>Nonus</strong></span> <span class='ocrx_word' id='word_1_619' title='bbox 3281 3592 3478 3660; x_wconf 86' lang='lat' dir='ltr'><strong>quippe</strong></span> <span class='ocrx_word' id='word_1_620' title='bbox 3508 3610 3610 3647; x_wconf 85' lang='lat' dir='ltr'><strong>an-</strong></span> 
     </span>
    </p>
   </div>
   <div class='ocr_carea' id='block_1_86' title="bbox 2041 3659 3601 3725">
    <p class='ocr_par' dir='ltr' id='par_1_86' title="bbox 2041 3659 3601 3725">
     <span class='ocr_line' id='line_1_86' title="bbox 2041 3659 3601 3725; baseline 0.001 -13"><span class='ocrx_word' id='word_1_621' title='bbox 2041 3675 2140 3712; x_wconf 90' lang='lat' dir='ltr'><strong>nus</strong></span> <span class='ocrx_word' id='word_1_622' title='bbox 2173 3660 2380 3725; x_wconf 86' lang='lat' dir='ltr'><strong>imperii</strong></span> <span class='ocrx_word' id='word_1_623' title='bbox 2415 3659 2758 3712; x_wconf 86' lang='lat' dir='ltr'><strong>Constantini</strong></span> <span class='ocrx_word' id='word_1_624' title='bbox 2800 3664 2964 3725; x_wconf 75' lang='lat' dir='ltr'><strong>C(epit</strong></span> <span class='ocrx_word' id='word_1_625' title='bbox 3004 3670 3196 3712; x_wconf 81' lang='lat' dir='ltr'><strong>octavo</strong></span> <span class='ocrx_word' id='word_1_626' title='bbox 3231 3659 3455 3714; x_wconf 80' lang='lat' dir='ltr'><strong>Kalend.</strong></span> <span class='ocrx_word' id='word_1_627' title='bbox 3489 3665 3601 3714; x_wconf 82' lang='lat' dir='ltr'><strong>Au-</strong></span> 
     </span>
    </p>
   </div>
   <div class='ocr_carea' id='block_1_87' title="bbox 2037 3728 3610 3796">
    <p class='ocr_par' dir='ltr' id='par_1_87' title="bbox 2037 3728 3610 3796">
     <span class='ocr_line' id='line_1_87' title="bbox 2037 3728 3610 3796; baseline 0.005 -18"><span class='ocrx_word' id='word_1_628' title='bbox 2037 3731 2201 3796; x_wconf 79' lang='lat' dir='ltr'><strong>gusti,</strong></span> <span class='ocrx_word' id='word_1_629' title='bbox 2233 3728 2528 3782; x_wconf 79' lang='lat' dir='ltr'><strong>Volusiano</strong></span> <span class='ocrx_word' id='word_1_630' title='bbox 2573 3745 2608 3782; x_wconf 91' lang='grc' dir='ltr'><strong>ιι</strong></span> <span class='ocrx_word' id='word_1_631' title='bbox 2667 3741 2718 3783; x_wconf 89' lang='lat' dir='ltr'><strong>et</strong></span> <span class='ocrx_word' id='word_1_632' title='bbox 2760 3731 3007 3783; x_wconf 84' lang='lat' dir='ltr'><strong>Auuiauo</strong></span> <span class='ocrx_word' id='word_1_633' title='bbox 3039 3746 3183 3786; x_wconf 88' lang='lat' dir='ltr'><strong>coss.</strong></span> <span class='ocrx_word' id='word_1_634' title='bbox 3239 3731 3488 3786; x_wconf 86' lang='lat' dir='ltr'><strong>Aurelius</strong></span> <span class='ocrx_word' id='word_1_635' title='bbox 3517 3733 3610 3786; x_wconf 83' lang='lat' dir='ltr'><strong>Vi-</strong></span> 
     </span>
    </p>
   </div>
   <div class='ocr_carea' id='block_1_88' title="bbox 2038 3797 3609 3858">
    <p class='ocr_par' dir='ltr' id='par_1_88' title="bbox 2038 3797 3609 3858">
     <span class='ocr_line' id='line_1_88' title="bbox 2038 3797 3609 3858; baseline 0.003 -6"><span class='ocrx_word' id='word_1_636' title='bbox 2038 3811 2157 3852; x_wconf 89' lang='lat' dir='ltr'><strong>ctor</strong></span> <span class='ocrx_word' id='word_1_637' title='bbox 2191 3800 2256 3851; x_wconf 89' lang='lat' dir='ltr'><strong>de</strong></span> <span class='ocrx_word' id='word_1_638' title='bbox 2288 3797 2441 3851; x_wconf 85' lang='lat' dir='ltr'><strong>bellis</strong></span> <span class='ocrx_word' id='word_1_639' title='bbox 2485 3799 2625 3851; x_wconf 87' lang='lat' dir='ltr'><strong>inter</strong></span> <span class='ocrx_word' id='word_1_640' title='bbox 2657 3799 2922 3851; x_wconf 87' lang='lat' dir='ltr'><strong>Licinium</strong></span> <span class='ocrx_word' id='word_1_641' title='bbox 2971 3812 3023 3854; x_wconf 92' lang='lat' dir='ltr'><strong>et</strong></span> <span class='ocrx_word' id='word_1_642' title='bbox 3067 3800 3480 3854; x_wconf 85' lang='lat' dir='ltr'><strong>Constantinum</strong></span> <span class='ocrx_word' id='word_1_643' title='bbox 3529 3804 3609 3858; x_wconf 89' lang='lat' dir='ltr'><strong>sic</strong></span> 
     </span>
    </p>
   </div>
   <div class='ocr_carea' id='block_1_89' title="bbox 2034 3867 3606 3938">
    <p class='ocr_par' dir='ltr' id='par_1_89' title="bbox 2034 3867 3606 3938">
     <span class='ocr_line' id='line_1_89' title="bbox 2034 3867 3606 3938; baseline 0 -14"><span class='ocrx_word' id='word_1_644' title='bbox 2034 3869 2223 3924; x_wconf 87' lang='lat' dir='ltr'><strong>scribit</strong></span> <span class='ocrx_word' id='word_1_645' title='bbox 2249 3887 2293 3922; x_wconf 76' lang='lat' dir='ltr'><strong>:t</strong></span> <span class='ocrx_word' id='word_1_646' title='bbox 2326 3867 2400 3920; x_wconf 90' lang='lat' dir='ltr'><strong>Ita</strong></span> <span class='ocrx_word' id='word_1_647' title='bbox 2436 3879 2674 3936; x_wconf 87' lang='lat' dir='ltr'><strong>potestas</strong></span> <span class='ocrx_word' id='word_1_648' title='bbox 2703 3871 2850 3922; x_wconf 83' lang='lat' dir='ltr'><strong>orbis</strong></span> <span class='ocrx_word' id='word_1_649' title='bbox 2877 3869 3100 3923; x_wconf 75' lang='lat' dir='ltr'><strong>ltoiuani</strong></span> <span class='ocrx_word' id='word_1_650' title='bbox 3128 3873 3335 3923; x_wconf 80' lang='lat' dir='ltr'><strong>duobus</strong></span> <span class='ocrx_word' id='word_1_651' title='bbox 3360 3873 3606 3938; x_wconf 71' lang='lat' dir='ltr'><strong>qua‘sita,</strong></span> 
     </span>
    </p>
   </div>
   <div class='ocr_carea' id='block_1_90' title="bbox 2037 3938 3606 4010">
    <p class='ocr_par' dir='ltr' id='par_1_90' title="bbox 2037 3938 3606 4010">
     <span class='ocr_line' id='line_1_90' title="bbox 2037 3938 3606 4010; baseline 0.002 -19"><span class='ocrx_word' id='word_1_652' title='bbox 2037 3941 2126 4008; x_wconf 88' lang='lat' dir='ltr'><strong>qui</strong></span> <span class='ocrx_word' id='word_1_653' title='bbox 2172 3941 2420 4006; x_wconf 81' lang='lat' dir='ltr'><strong>quamvis</strong></span> <span class='ocrx_word' id='word_1_654' title='bbox 2465 3956 2560 4008; x_wconf 82' lang='lat' dir='ltr'><strong>per</strong></span> <span class='ocrx_word' id='word_1_655' title='bbox 2604 3938 2771 3991; x_wconf 78' lang='lat' dir='ltr'><strong>Flavii</strong></span> <span class='ocrx_word' id='word_1_656' title='bbox 2821 3956 3061 4010; x_wconf 82' lang='lat' dir='ltr'><strong>sororem</strong></span> <span class='ocrx_word' id='word_1_657' title='bbox 3123 3951 3343 4010; x_wconf 84' lang='lat' dir='ltr'><strong>nuptam</strong></span> <span class='ocrx_word' id='word_1_658' title='bbox 3394 3941 3606 3995; x_wconf 87' lang='lat' dir='ltr'><strong>Licinio</strong></span> 
     </span>
    </p>
   </div>
   <div class='ocr_carea' id='block_1_91' title="bbox 2039 4009 3606 4070">
    <p class='ocr_par' dir='ltr' id='par_1_91' title="bbox 2039 4009 3606 4070">
     <span class='ocr_line' id='line_1_91' title="bbox 2039 4009 3606 4070; baseline 0.003 -9"><span class='ocrx_word' id='word_1_659' title='bbox 2039 4010 2267 4062; x_wconf 79' lang='lat' dir='ltr'><strong>connexi</strong></span> <span class='ocrx_word' id='word_1_660' title='bbox 2313 4009 2452 4061; x_wconf 81' lang='lat' dir='ltr'><strong>inter</strong></span> <span class='ocrx_word' id='word_1_661' title='bbox 2496 4023 2553 4063; x_wconf 87' lang='lat' dir='ltr'><strong>se</strong></span> <span class='ocrx_word' id='word_1_662' title='bbox 2595 4019 2770 4070; x_wconf 83' lang='lat' dir='ltr'><strong>erant,</strong></span> <span class='ocrx_word' id='word_1_663' title='bbox 2809 4012 2877 4063; x_wconf 90' lang='lat' dir='ltr'><strong>ob</strong></span> <span class='ocrx_word' id='word_1_664' title='bbox 2921 4009 3169 4064; x_wconf 86' lang='lat' dir='ltr'><strong>diversos</strong></span> <span class='ocrx_word' id='word_1_665' title='bbox 3200 4009 3387 4063; x_wconf 12' lang='lat' dir='ltr'><strong>furores</strong></span> <span class='ocrx_word' id='word_1_666' title='bbox 3427 4021 3606 4066; x_wconf 88' lang='lat' dir='ltr'><strong>tamen</strong></span> 
     </span>
    </p>
   </div>
   <div class='ocr_carea' id='block_1_92' title="bbox 2041 4080 3604 4149">
    <p class='ocr_par' dir='ltr' id='par_1_92' title="bbox 2041 4080 3604 4149">
     <span class='ocr_line' id='line_1_92' title="bbox 2041 4080 3604 4149; baseline 0.003 -17"><span class='ocrx_word' id='word_1_667' title='bbox 2041 4081 2201 4132; x_wconf 74' lang='lat' dir='ltr'><strong>anxie</strong></span> <span class='ocrx_word' id='word_1_668' title='bbox 2230 4080 2518 4132; x_wconf 88' lang='lat' dir='ltr'><strong>triennium</strong></span> <span class='ocrx_word' id='word_1_669' title='bbox 2545 4093 2845 4148; x_wconf 83' lang='lat' dir='ltr'><strong>congruere</strong></span> <span class='ocrx_word' id='word_1_670' title='bbox 2884 4081 3124 4149; x_wconf 85' lang='lat' dir='ltr'><strong>quivere,</strong></span> <span class='ocrx_word' id='word_1_671' title='bbox 3191 4099 3210 4132; x_wconf 71' lang='grc' dir='ltr'><strong>ι</strong></span> <span class='ocrx_word' id='word_1_672' title='bbox 3256 4092 3359 4134; x_wconf 86' lang='lat' dir='ltr'><strong>etc.</strong></span> <span class='ocrx_word' id='word_1_673' title='bbox 3387 4082 3486 4147; x_wconf 87' lang='lat' dir='ltr'><strong>Qui</strong></span> <span class='ocrx_word' id='word_1_674' title='bbox 3523 4083 3604 4137; x_wconf 89' lang='lat' dir='ltr'><strong>lo—</strong></span> 
     </span>
    </p>
   </div>
   <div class='ocr_carea' id='block_1_93' title="bbox 2044 4150 3603 4218">
    <p class='ocr_par' dir='ltr' id='par_1_93' title="bbox 2044 4150 3603 4218">
     <span class='ocr_line' id='line_1_93' title="bbox 2044 4150 3603 4218; baseline 0.003 -15"><span class='ocrx_word' id='word_1_675' title='bbox 2044 4166 2140 4204; x_wconf 89' lang='lat' dir='ltr'><strong>cus</strong></span> <span class='ocrx_word' id='word_1_676' title='bbox 2177 4150 2450 4201; x_wconf 75' lang='lat' dir='ltr'><strong>lilatianos</strong></span> <span class='ocrx_word' id='word_1_677' title='bbox 2483 4150 2679 4204; x_wconf 82' lang='lat' dir='ltr'><strong>Fastos</strong></span> <span class='ocrx_word' id='word_1_678' title='bbox 2722 4161 2907 4216; x_wconf 88' lang='lat' dir='ltr'><strong>aperte</strong></span> <span class='ocrx_word' id='word_1_679' title='bbox 2948 4151 3248 4205; x_wconf 85' lang='lat' dir='ltr'><strong>confirmat.</strong></span> <span class='ocrx_word' id='word_1_680' title='bbox 3284 4152 3496 4218; x_wconf 81' lang='lat' dir='ltr'><strong>Alioqui</strong></span> <span class='ocrx_word' id='word_1_681' title='bbox 3533 4169 3603 4207; x_wconf 81' lang='lat' dir='ltr'><strong>ex</strong></span> 
     </span>
    </p>
   </div>
   <div class='ocr_carea' id='block_1_94' title="bbox 2040 4219 3606 4275">
    <p class='ocr_par' dir='ltr' id='par_1_94' title="bbox 2040 4219 3606 4275">
     <span class='ocr_line' id='line_1_94' title="bbox 2040 4219 3606 4275; baseline 0.001 -1"><span class='ocrx_word' id='word_1_682' title='bbox 2040 4221 2327 4274; x_wconf 83' lang='lat' dir='ltr'><strong>Eusebiaui</strong></span> <span class='ocrx_word' id='word_1_683' title='bbox 2376 4219 2622 4272; x_wconf 76' lang='lat' dir='ltr'><strong>Cltrunici</strong></span> <span class='ocrx_word' id='word_1_684' title='bbox 2660 4223 2924 4273; x_wconf 83' lang='lat' dir='ltr'><strong>sententia</strong></span> <span class='ocrx_word' id='word_1_685' title='bbox 2958 4224 3244 4273; x_wconf 84' lang='lat' dir='ltr'><strong>dicendum</strong></span> <span class='ocrx_word' id='word_1_686' title='bbox 3292 4236 3429 4274; x_wconf 80' lang='lat' dir='ltr'><strong>esset</strong></span> <span class='ocrx_word' id='word_1_687' title='bbox 3461 4224 3606 4275; x_wconf 72' lang='lat' dir='ltr'><strong>bim--</strong></span> 
     </span>
    </p>
   </div>
   <div class='ocr_carea' id='block_1_95' title="bbox 2041 4291 3605 4360">
    <p class='ocr_par' dir='ltr' id='par_1_95' title="bbox 2041 4291 3605 4360">
     <span class='ocr_line' id='line_1_95' title="bbox 2041 4291 3605 4360; baseline 0.003 -18"><span class='ocrx_word' id='word_1_688' title='bbox 2041 4292 2206 4344; x_wconf 86' lang='lat' dir='ltr'><strong>nium.</strong></span> <span class='ocrx_word' id='word_1_689' title='bbox 2241 4291 2604 4359; x_wconf 77' lang='lat' dir='ltr'><strong>Corrigendus</strong></span> <span class='ocrx_word' id='word_1_690' title='bbox 2630 4293 2893 4344; x_wconf 86' lang='lat' dir='ltr'><strong>estetiam</strong></span> <span class='ocrx_word' id='word_1_691' title='bbox 2923 4291 3163 4360; x_wconf 78' lang='lat' dir='ltr'><strong>Eutropii</strong></span> <span class='ocrx_word' id='word_1_692' title='bbox 3199 4294 3348 4346; x_wconf 84' lang='lat' dir='ltr'><strong>locus</strong></span> <span class='ocrx_word' id='word_1_693' title='bbox 3380 4294 3430 4345; x_wconf 91' lang='lat' dir='ltr'><strong>in</strong></span> <span class='ocrx_word' id='word_1_694' title='bbox 3465 4293 3605 4347; x_wconf 88' lang='lat' dir='ltr'><strong>libro</strong></span> 
     </span>
    </p>
   </div>
   <div class='ocr_carea' id='block_1_96' title="bbox 2038 4361 3602 4430">
    <p class='ocr_par' dir='ltr' id='par_1_96' title="bbox 2038 4361 3602 4430">
     <span class='ocr_line' id='line_1_96' title="bbox 2038 4361 3602 4430; baseline 0.003 -17"><span class='ocrx_word' id='word_1_695' title='bbox 2038 4375 2094 4430; x_wconf 58' lang='grc' dir='ltr'>ξι,</span> <span class='ocrx_word' id='word_1_696' title='bbox 2128 4361 2217 4429; x_wconf 82' lang='lat' dir='ltr'><strong>qui</strong></span> <span class='ocrx_word' id='word_1_697' title='bbox 2273 4363 2352 4413; x_wconf 90' lang='lat' dir='ltr'><strong>sic</strong></span> <span class='ocrx_word' id='word_1_698' title='bbox 2396 4362 2556 4430; x_wconf 74' lang='lat' dir='ltr'><strong>vulgo</strong></span> <span class='ocrx_word' id='word_1_699' title='bbox 2595 4361 2771 4415; x_wconf 80' lang='lat' dir='ltr'><strong>editus</strong></span> <span class='ocrx_word' id='word_1_700' title='bbox 2819 4370 2940 4413; x_wconf 74' lang='lat' dir='ltr'><strong>est:</strong></span> <span class='ocrx_word' id='word_1_701' title='bbox 2975 4380 2992 4410; x_wconf 85' lang='grc' dir='ltr'><strong>ι</strong></span> <span class='ocrx_word' id='word_1_702' title='bbox 3039 4363 3114 4413; x_wconf 81' lang='lat' dir='ltr'><strong>At:</strong></span> <span class='ocrx_word' id='word_1_703' title='bbox 3157 4363 3332 4429; x_wconf 83' lang='lat' dir='ltr'><strong>primo</strong></span> <span class='ocrx_word' id='word_1_704' title='bbox 3376 4377 3498 4416; x_wconf 88' lang='lat' dir='ltr'><strong>eum</strong></span> <span class='ocrx_word' id='word_1_705' title='bbox 3552 4365 3602 4418; x_wconf 89' lang='lat' dir='ltr'><strong>in</strong></span> 
     </span>
    </p>
   </div>
   <div class='ocr_carea' id='block_1_97' title="bbox 2039 4429 3599 4500">
    <p class='ocr_par' dir='ltr' id='par_1_97' title="bbox 2039 4429 3599 4500">
     <span class='ocr_line' id='line_1_97' title="bbox 2039 4429 3599 4500; baseline 0.001 -16"><span class='ocrx_word' id='word_1_706' title='bbox 2039 4429 2340 4493; x_wconf 79' lang='lat' dir='ltr'><strong>Pannonia,</strong></span> <span class='ocrx_word' id='word_1_707' title='bbox 2375 4429 2615 4486; x_wconf 83' lang='lat' dir='ltr'><strong>secundo</strong></span> <span class='ocrx_word' id='word_1_708' title='bbox 2648 4432 2850 4500; x_wconf 81' lang='lat' dir='ltr'><strong>ingenti</strong></span> <span class='ocrx_word' id='word_1_709' title='bbox 2911 4443 3166 4500; x_wconf 86' lang='lat' dir='ltr'><strong>apparatu</strong></span> <span class='ocrx_word' id='word_1_710' title='bbox 3219 4434 3415 4486; x_wconf 89' lang='lat' dir='ltr'><strong>bellum</strong></span> <span class='ocrx_word' id='word_1_711' title='bbox 3462 4437 3599 4500; x_wconf 86' lang='lat' dir='ltr'><strong>apud</strong></span> 
     </span>
    </p>
   </div>
   <div class='ocr_carea' id='block_1_98' title="bbox 362 4480 3602 4573">
    <p class='ocr_par' dir='ltr' id='par_1_98' title="bbox 362 4480 3602 4573">
     <span class='ocr_line' id='line_1_98' title="bbox 362 4480 3602 4573; baseline 0.001 -19"><span class='ocrx_word' id='word_1_712' title='bbox 362 4502 476 4564; x_wconf 76' lang='grc' dir='ltr'>νῦν,</span> <span class='ocrx_word' id='word_1_713' title='bbox 507 4504 644 4555; x_wconf 88' lang='lat' dir='ltr'><strong>idem</strong></span> <span class='ocrx_word' id='word_1_714' title='bbox 696 4480 1311 4570; x_wconf 55' lang='lat' dir='ltr'><strong>ittteulttlu‘significare</strong></span> <span class='ocrx_word' id='word_1_715' title='bbox 1347 4507 1489 4571; x_wconf 87' lang='lat' dir='ltr'><strong>quod</strong></span> <span class='ocrx_word' id='word_1_716' title='bbox 1527 4522 1710 4573; x_wconf 78' lang='lat' dir='ltr'><strong>nuper,</strong></span> <span class='ocrx_word' id='word_1_717' title='bbox 1750 4517 1806 4557; x_wconf 82' lang='grc' dir='ltr'><strong>ιιι</strong></span> <span class='ocrx_word' id='word_1_718' title='bbox 1837 4522 1935 4559; x_wconf 76' lang='lat' dir='ltr'><strong>no-</strong></span> <span class='ocrx_word' id='word_1_719' title='bbox 1966 4480 2010 4533; x_wconf 80' lang='lat' dir='ltr'><strong>D</strong></span> <span class='ocrx_word' id='word_1_720' title='bbox 2041 4501 2256 4573; x_wconf 80' lang='lat' dir='ltr'><strong>Cibalas</strong></span> <span class='ocrx_word' id='word_1_721' title='bbox 2310 4480 3048 4568; x_wconf 56' lang='lat' dir='ltr'><strong>instruentem,crepentiiiits</strong></span> <span class='ocrx_word' id='word_1_722' title='bbox 3096 4505 3386 4570; x_wconf 77' lang='lat' dir='ltr'><strong>Oppressit,</strong></span> <span class='ocrx_word' id='word_1_723' title='bbox 3436 4521 3453 4552; x_wconf 77' lang='grc' dir='ltr'><strong>ι</strong></span> <span class='ocrx_word' id='word_1_724' title='bbox 3496 4480 3602 4556; x_wconf 56' lang='grc' dir='ltr'>διο.</span> 
     </span>
    </p>
   </div>
   <div class='ocr_carea' id='block_1_99' title="bbox 363 4573 1934 4643">
    <p class='ocr_par' dir='ltr' id='par_1_99' title="bbox 363 4573 1934 4643">
     <span class='ocr_line' id='line_1_99' title="bbox 363 4573 1934 4643; baseline 0.004 -19"><span class='ocrx_word' id='word_1_725' title='bbox 363 4575 467 4625; x_wconf 87' lang='lat' dir='ltr'><strong>tavi</strong></span> <span class='ocrx_word' id='word_1_726' title='bbox 504 4573 569 4625; x_wconf 90' lang='lat' dir='ltr'><strong>ad</strong></span> <span class='ocrx_word' id='word_1_727' title='bbox 603 4573 690 4625; x_wconf 90' lang='lat' dir='ltr'><strong>lib.</strong></span> <span class='ocrx_word' id='word_1_728' title='bbox 725 4589 774 4625; x_wconf 90' lang='grc' dir='ltr'><strong>ιν</strong></span> <span class='ocrx_word' id='word_1_729' title='bbox 802 4573 1048 4626; x_wconf 79' lang='lat' dir='ltr'><strong>llistoriw</strong></span> <span class='ocrx_word' id='word_1_730' title='bbox 1072 4573 1475 4628; x_wconf 74' lang='lat' dir='ltr'><strong>Ecclesiastirw.</strong></span> <span class='ocrx_word' id='word_1_731' title='bbox 1497 4575 1563 4629; x_wconf 87' lang='lat' dir='ltr'><strong>Et</strong></span> <span class='ocrx_word' id='word_1_732' title='bbox 1584 4579 1696 4630; x_wconf 64' lang='lat' dir='ltr'><strong>haec</strong></span> <span class='ocrx_word' id='word_1_733' title='bbox 1719 4577 1934 4643; x_wconf 88' lang='lat' dir='ltr'><strong>quidem</strong></span> 
     </span>
    </p>
   </div>
   <div class='ocr_carea' id='block_1_100' title="bbox 360 4645 1931 4710">
    <p class='ocr_par' dir='ltr' id='par_1_100' title="bbox 360 4645 1931 4710">
     <span class='ocr_line' id='line_1_100' title="bbox 360 4645 1931 4710; baseline 0.003 -16"><span class='ocrx_word' id='word_1_734' title='bbox 360 4645 510 4710; x_wconf 83' lang='lat' dir='ltr'><strong>prius</strong></span> <span class='ocrx_word' id='word_1_735' title='bbox 550 4657 882 4705; x_wconf 86' lang='lat' dir='ltr'><strong>notaveram,</strong></span> <span class='ocrx_word' id='word_1_736' title='bbox 933 4654 1152 4697; x_wconf 84' lang='lat' dir='ltr'><strong>secutus</strong></span> <span class='ocrx_word' id='word_1_737' title='bbox 1199 4645 1490 4698; x_wconf 85' lang='lat' dir='ltr'><strong>editionem</strong></span> <span class='ocrx_word' id='word_1_738' title='bbox 1537 4646 1931 4701; x_wconf 85' lang='lat' dir='ltr'><strong>chevensetn.</strong></span> 
     </span>
    </p>
   </div>
   <div class='ocr_carea' id='block_1_101' title="bbox 363 4714 1936 4785">
    <p class='ocr_par' dir='ltr' id='par_1_101' title="bbox 363 4714 1936 4785">
     <span class='ocr_line' id='line_1_101' title="bbox 363 4714 1936 4785; baseline 0.003 -18"><span class='ocrx_word' id='word_1_739' title='bbox 363 4715 550 4785; x_wconf 79' lang='lat' dir='ltr'><strong>l’ostea</strong></span> <span class='ocrx_word' id='word_1_740' title='bbox 583 4729 711 4767; x_wconf 85' lang='lat' dir='ltr'><strong>vero</strong></span> <span class='ocrx_word' id='word_1_741' title='bbox 748 4714 932 4778; x_wconf 78' lang='lat' dir='ltr'><strong>didici,</strong></span> <span class='ocrx_word' id='word_1_742' title='bbox 969 4715 1020 4766; x_wconf 92' lang='lat' dir='ltr'><strong>in</strong></span> <span class='ocrx_word' id='word_1_743' title='bbox 1053 4715 1294 4768; x_wconf 79' lang='lat' dir='ltr'><strong>editione</strong></span> <span class='ocrx_word' id='word_1_744' title='bbox 1331 4715 1555 4785; x_wconf 65' lang='lat' dir='ltr'><strong>ltoberti</strong></span> <span class='ocrx_word' id='word_1_745' title='bbox 1591 4715 1852 4785; x_wconf 85' lang='lat' dir='ltr'><strong>Stephani</strong></span> <span class='ocrx_word' id='word_1_746' title='bbox 1881 4727 1936 4772; x_wconf 88' lang='lat' dir='ltr'><strong>et</strong></span> 
     </span>
    </p>
   </div>
   <div class='ocr_carea' id='block_1_102' title="bbox 359 4783 1936 4856">
    <p class='ocr_par' dir='ltr' id='par_1_102' title="bbox 359 4783 1936 4856">
     <span class='ocr_line' id='line_1_102' title="bbox 359 4783 1936 4856; baseline 0.003 -20"><span class='ocrx_word' id='word_1_747' title='bbox 359 4783 413 4836; x_wconf 89' lang='lat' dir='ltr'><strong>in</strong></span> <span class='ocrx_word' id='word_1_748' title='bbox 439 4800 540 4838; x_wconf 90' lang='lat' dir='ltr'><strong>ms.</strong></span> <span class='ocrx_word' id='word_1_749' title='bbox 564 4785 840 4838; x_wconf 89' lang='lat' dir='ltr'><strong>codicibus</strong></span> <span class='ocrx_word' id='word_1_750' title='bbox 874 4785 977 4854; x_wconf 86' lang='lat' dir='ltr'><strong>legi</strong></span> <span class='ocrx_word' id='word_1_751' title='bbox 1006 4785 1096 4836; x_wconf 73' lang='grc' dir='ltr'><strong>καὶ</strong></span> <span class='ocrx_word' id='word_1_752' title='bbox 1128 4785 1222 4844; x_wconf 76' lang='grc' dir='ltr'>νῦν</span> <span class='ocrx_word' id='word_1_753' title='bbox 1238 4784 1562 4856; x_wconf 83' lang='grc' dir='ltr'>γελώμενος,</span> <span class='ocrx_word' id='word_1_754' title='bbox 1600 4783 1772 4852; x_wconf 79' lang='lat' dir='ltr'><strong>Quam</strong></span> <span class='ocrx_word' id='word_1_755' title='bbox 1802 4789 1936 4840; x_wconf 86' lang='lat' dir='ltr'><strong>scri-</strong></span> 
     </span>
    </p>
   </div>
   <div class='ocr_carea' id='block_1_103' title="bbox 359 4857 1935 4924">
    <p class='ocr_par' dir='ltr' id='par_1_103' title="bbox 359 4857 1935 4924">
     <span class='ocr_line' id='line_1_103' title="bbox 359 4857 1935 4924; baseline 0.004 -18"><span class='ocrx_word' id='word_1_756' title='bbox 359 4867 576 4923; x_wconf 89' lang='lat' dir='ltr'><strong>pturam</strong></span> <span class='ocrx_word' id='word_1_757' title='bbox 621 4869 739 4907; x_wconf 89' lang='lat' dir='ltr'><strong>cum</strong></span> <span class='ocrx_word' id='word_1_758' title='bbox 767 4860 934 4909; x_wconf 83' lang='lat' dir='ltr'><strong>secuti</strong></span> <span class='ocrx_word' id='word_1_759' title='bbox 989 4857 1101 4910; x_wconf 89' lang='lat' dir='ltr'><strong>sint</strong></span> <span class='ocrx_word' id='word_1_760' title='bbox 1141 4858 1492 4924; x_wconf 85' lang='lat' dir='ltr'><strong>interpretes,</strong></span> <span class='ocrx_word' id='word_1_761' title='bbox 1547 4859 1770 4912; x_wconf 87' lang='lat' dir='ltr'><strong>minime</strong></span> <span class='ocrx_word' id='word_1_762' title='bbox 1819 4857 1935 4912; x_wconf 88' lang='lat' dir='ltr'><strong>cul-</strong></span> 
     </span>
    </p>
   </div>
   <div class='ocr_carea' id='block_1_104' title="bbox 400 4929 704 4980">
    <p class='ocr_par' dir='ltr' id='par_1_104' title="bbox 400 4929 704 4980">
     <span class='ocr_line' id='line_1_104' title="bbox 400 4929 704 4980; baseline 0.01 -5"><span class='ocrx_word' id='word_1_763' title='bbox 400 4929 518 4980; x_wconf 84' lang='lat' dir='ltr'><strong>antli</strong></span> <span class='ocrx_word' id='word_1_764' title='bbox 556 4935 704 4978; x_wconf 93' lang='lat' dir='ltr'><strong>sunt.</strong></span> 
     </span>
    </p>
   </div>
   <div class='ocr_carea' id='block_1_105' title="bbox 357 4939 1931 5066">
    <p class='ocr_par' dir='ltr' id='par_1_105' title="bbox 357 4939 1931 5066">
     <span class='ocr_line' id='line_1_105' title="bbox 357 4939 1931 5066; baseline -0.005 -15"><span class='ocrx_word' id='word_1_765' title='bbox 357 4939 812 5066; x_wconf 44' lang='lat' dir='ltr'><strong>p&#39;|?5&quot;&#39;7&#39;)s‘11&#39;2i}.rnr</strong></span> <span class='ocrx_word' id='word_1_766' title='bbox 848 4995 1239 5065; x_wconf 72' lang='grc' dir='ltr'>κεκλημένοις</span> <span class='ocrx_word' id='word_1_767' title='bbox 1264 4997 1380 5065; x_wconf 75' lang='grc' dir='ltr'><strong>τὴν</strong></span> <span class='ocrx_word' id='word_1_768' title='bbox 1405 4995 1662 5066; x_wconf 62' lang='grc' dir='ltr'><strong>πιοαφήν.</strong></span> <span class='ocrx_word' id='word_1_769' title='bbox 1704 4995 1760 5052; x_wconf 86' lang='lat' dir='ltr'><strong>In</strong></span> <span class='ocrx_word' id='word_1_770' title='bbox 1794 4997 1931 5054; x_wconf 82' lang='lat' dir='ltr'><strong>libro</strong></span> 
     </span>
    </p>
   </div>
   <div class='ocr_carea' id='block_1_106' title="bbox 359 5065 1930 5139">
    <p class='ocr_par' dir='ltr' id='par_1_106' title="bbox 359 5065 1930 5139">
     <span class='ocr_line' id='line_1_106' title="bbox 359 5065 1930 5139; baseline 0.002 -19"><span class='ocrx_word' id='word_1_771' title='bbox 359 5065 547 5139; x_wconf 60' lang='lat' dir='ltr'><strong>Morini</strong></span> <span class='ocrx_word' id='word_1_772' title='bbox 593 5067 657 5119; x_wconf 88' lang='lat' dir='ltr'><strong>ad</strong></span> <span class='ocrx_word' id='word_1_773' title='bbox 689 5068 1006 5139; x_wconf 67' lang='lat' dir='ltr'><strong>marginem</strong></span> <span class='ocrx_word' id='word_1_774' title='bbox 1031 5072 1350 5139; x_wconf 81' lang='lat' dir='ltr'><strong>emendatur</strong></span> <span class='ocrx_word' id='word_1_775' title='bbox 1390 5065 1754 5139; x_wconf 81' lang='grc' dir='ltr'>ποιουμένοις,</span> <span class='ocrx_word' id='word_1_776' title='bbox 1792 5084 1930 5136; x_wconf 85' lang='lat' dir='ltr'><strong>quo-</strong></span> 
     </span>
    </p>
   </div>
   <div class='ocr_carea' id='block_1_107' title="bbox 355 5136 1928 5206">
    <p class='ocr_par' dir='ltr' id='par_1_107' title="bbox 355 5136 1928 5206">
     <span class='ocr_line' id='line_1_107' title="bbox 355 5136 1928 5206; baseline 0.001 -16"><span class='ocrx_word' id='word_1_777' title='bbox 355 5138 517 5192; x_wconf 86' lang='lat' dir='ltr'><strong>modo</strong></span> <span class='ocrx_word' id='word_1_778' title='bbox 546 5139 785 5202; x_wconf 86' lang='lat' dir='ltr'><strong>loquitur</strong></span> <span class='ocrx_word' id='word_1_779' title='bbox 808 5136 1097 5203; x_wconf 85' lang='lat' dir='ltr'><strong>Eusebius,</strong></span> <span class='ocrx_word' id='word_1_780' title='bbox 1127 5137 1264 5191; x_wconf 89' lang='lat' dir='ltr'><strong>infra</strong></span> <span class='ocrx_word' id='word_1_781' title='bbox 1288 5153 1408 5206; x_wconf 88' lang='lat' dir='ltr'><strong>cap.</strong></span> <span class='ocrx_word' id='word_1_782' title='bbox 1437 5140 1490 5192; x_wconf 83' lang='lat'><strong>8.</strong></span> <span class='ocrx_word' id='word_1_783' title='bbox 1517 5136 1685 5192; x_wconf 80' lang='lat' dir='ltr'><strong>Paulo</strong></span> <span class='ocrx_word' id='word_1_784' title='bbox 1719 5150 1847 5193; x_wconf 90' lang='lat' dir='ltr'><strong>ante</strong></span> <span class='ocrx_word' id='word_1_785' title='bbox 1877 5141 1928 5192; x_wconf 93' lang='lat' dir='ltr'><strong>in</strong></span> 
     </span>
    </p>
   </div>
   <div class='ocr_carea' id='block_1_108' title="bbox 355 5207 1928 5280">
    <p class='ocr_par' dir='ltr' id='par_1_108' title="bbox 355 5207 1928 5280">
     <span class='ocr_line' id='line_1_108' title="bbox 355 5207 1928 5280; baseline 0.001 -20"><span class='ocrx_word' id='word_1_786' title='bbox 355 5209 550 5280; x_wconf 83' lang='lat' dir='ltr'><strong>eodem</strong></span> <span class='ocrx_word' id='word_1_787' title='bbox 583 5207 764 5280; x_wconf 67' lang='grc' dir='ltr'>Μοιιεί</span> <span class='ocrx_word' id='word_1_788' title='bbox 820 5207 956 5280; x_wconf 84' lang='lat' dir='ltr'><strong>libro</strong></span> <span class='ocrx_word' id='word_1_789' title='bbox 998 5211 1525 5280; x_wconf 63' lang='lat' dir='ltr'><strong>recte_emendatutn</strong></span> <span class='ocrx_word' id='word_1_790' title='bbox 1581 5220 1689 5275; x_wconf 85' lang='lat' dir='ltr'><strong>est,</strong></span> <span class='ocrx_word' id='word_1_791' title='bbox 1743 5208 1928 5280; x_wconf 85' lang='grc' dir='ltr'>μακρὰ</span> 
     </span>
    </p>
   </div>
   <div class='ocr_carea' id='block_1_109' title="bbox 355 5277 1926 5349">
    <p class='ocr_par' dir='ltr' id='par_1_109' title="bbox 355 5277 1926 5349">
     <span class='ocr_line' id='line_1_109' title="bbox 355 5277 1926 5349; baseline -0.001 -17"><span class='ocrx_word' id='word_1_792' title='bbox 355 5278 566 5348; x_wconf 85' lang='grc' dir='ltr'>χαίρειν</span> <span class='ocrx_word' id='word_1_793' title='bbox 591 5277 1105 5349; x_wconf 14' lang='grc' dir='ltr'>τούτοιςᾼεὶπὸντας.</span> <span class='ocrx_word' id='word_1_794' title='bbox 1139 5277 1194 5331; x_wconf 83' lang='lat' dir='ltr'><strong>In</strong></span> <span class='ocrx_word' id='word_1_795' title='bbox 1249 5281 1435 5332; x_wconf 84' lang='lat' dir='ltr'><strong>codice</strong></span> <span class='ocrx_word' id='word_1_796' title='bbox 1480 5278 1614 5332; x_wconf 81' lang='lat' dir='ltr'><strong>Fuk.</strong></span> <span class='ocrx_word' id='word_1_797' title='bbox 1667 5277 1926 5349; x_wconf 78' lang='lat' dir='ltr'><strong>scriptum</strong></span> 
     </span>
    </p>
   </div>
   <div class='ocr_carea' id='block_1_110' title="bbox 354 5347 1926 5421">
    <p class='ocr_par' dir='ltr' id='par_1_110' title="bbox 354 5347 1926 5421">
     <span class='ocr_line' id='line_1_110' title="bbox 354 5347 1926 5421; baseline 0.001 -20"><span class='ocrx_word' id='word_1_798' title='bbox 354 5347 533 5402; x_wconf 79' lang='lat' dir='ltr'><strong>inveni</strong></span> <span class='ocrx_word' id='word_1_799' title='bbox 577 5364 591 5403; x_wconf 89' lang='lat'><strong>:</strong></span> <span class='ocrx_word' id='word_1_800' title='bbox 625 5351 758 5419; x_wconf 85' lang='grc' dir='ltr'>ἡμῖν</span> <span class='ocrx_word' id='word_1_801' title='bbox 805 5347 862 5401; x_wconf 82' lang='grc' dir='ltr'><strong>δὲ</strong></span> <span class='ocrx_word' id='word_1_802' title='bbox 899 5349 1010 5410; x_wconf 82' lang='grc' dir='ltr'>τοῖς</span> <span class='ocrx_word' id='word_1_803' title='bbox 1054 5351 1134 5412; x_wconf 78' lang='grc' dir='ltr'>εἰς</span> <span class='ocrx_word' id='word_1_804' title='bbox 1174 5348 1376 5402; x_wconf 62' lang='grc' dir='ltr'>ταύτην</span> <span class='ocrx_word' id='word_1_805' title='bbox 1419 5347 1793 5421; x_wconf 76' lang='grc' dir='ltr'>κεκλημένοις</span> <span class='ocrx_word' id='word_1_806' title='bbox 1829 5350 1926 5420; x_wconf 81' lang='grc' dir='ltr'><strong>τὴν</strong></span> 
     </span>
    </p>
   </div>
   <div class='ocr_carea' id='block_1_111' title="bbox 353 5421 776 5491">
    <p class='ocr_par' dir='ltr' id='par_1_111' title="bbox 353 5421 776 5491">
     <span class='ocr_line' id='line_1_111' title="bbox 353 5421 776 5491; baseline -0.002 -18"><span class='ocrx_word' id='word_1_807' title='bbox 353 5421 589 5491; x_wconf 81' lang='grc' dir='ltr'>γραφήν,</span> <span class='ocrx_word' id='word_1_808' title='bbox 614 5431 776 5491; x_wconf 79' lang='lat' dir='ltr'><strong>recte.</strong></span> 
     </span>
    </p>
   </div>
   <div class='ocr_carea' id='block_1_112' title="bbox 426 5489 1925 5560">
    <p class='ocr_par' dir='ltr' id='par_1_112' title="bbox 426 5489 1925 5560">
     <span class='ocr_line' id='line_1_112' title="bbox 426 5489 1925 5560; baseline 0 -16"><span class='ocrx_word' id='word_1_809' title='bbox 426 5489 538 5560; x_wconf 79' lang='lat'><strong>(58)</strong></span> <span class='ocrx_word' id='word_1_810' title='bbox 573 5489 811 5559; x_wconf 84' lang='grc' dir='ltr'>Πρώτης</span> <span class='ocrx_word' id='word_1_811' title='bbox 847 5490 1075 5558; x_wconf 74' lang='grc' dir='ltr'>ἐκράτει</span> <span class='ocrx_word' id='word_1_812' title='bbox 1101 5490 1499 5559; x_wconf 79' lang='grc' dir='ltr'>παρατάξεως.</span> <span class='ocrx_word' id='word_1_813' title='bbox 1522 5490 1760 5543; x_wconf 85' lang='lat' dir='ltr'><strong>Primum</strong></span> <span class='ocrx_word' id='word_1_814' title='bbox 1789 5505 1925 5558; x_wconf 70' lang='lat' dir='ltr'><strong>pra:-</strong></span> 
     </span>
    </p>
   </div>
   <div class='ocr_carea' id='block_1_113' title="bbox 355 5559 1925 5616">
    <p class='ocr_par' dir='ltr' id='par_1_113' title="bbox 355 5559 1925 5616">
     <span class='ocr_line' id='line_1_113' title="bbox 355 5559 1925 5616; baseline -0.001 -1"><span class='ocrx_word' id='word_1_815' title='bbox 355 5559 486 5615; x_wconf 79' lang='lat' dir='ltr'><strong>liuin</strong></span> <span class='ocrx_word' id='word_1_816' title='bbox 519 5567 658 5614; x_wconf 84' lang='lat' dir='ltr'><strong>inter</strong></span> <span class='ocrx_word' id='word_1_817' title='bbox 681 5561 1097 5615; x_wconf 90' lang='lat' dir='ltr'><strong>Constantinum</strong></span> <span class='ocrx_word' id='word_1_818' title='bbox 1135 5578 1198 5616; x_wconf 89' lang='lat' dir='ltr'><strong>ac</strong></span> <span class='ocrx_word' id='word_1_819' title='bbox 1242 5562 1506 5614; x_wconf 85' lang='lat' dir='ltr'><strong>Licinium</strong></span> <span class='ocrx_word' id='word_1_820' title='bbox 1544 5560 1646 5614; x_wconf 89' lang='lat' dir='ltr'><strong>fuit</strong></span> <span class='ocrx_word' id='word_1_821' title='bbox 1682 5561 1734 5613; x_wconf 92' lang='lat' dir='ltr'><strong>in</strong></span> <span class='ocrx_word' id='word_1_822' title='bbox 1783 5561 1925 5614; x_wconf 82' lang='lat' dir='ltr'><strong>Pan-</strong></span> 
     </span>
    </p>
   </div>
   <div class='ocr_carea' id='block_1_114' title="bbox 356 5630 1924 5701">
    <p class='ocr_par' dir='ltr' id='par_1_114' title="bbox 356 5630 1924 5701">
     <span class='ocr_line' id='line_1_114' title="bbox 356 5630 1924 5701; baseline 0 -17"><span class='ocrx_word' id='word_1_823' title='bbox 356 5631 520 5685; x_wconf 88' lang='lat' dir='ltr'><strong>nonia</strong></span> <span class='ocrx_word' id='word_1_824' title='bbox 552 5633 693 5700; x_wconf 87' lang='lat' dir='ltr'><strong>apud</strong></span> <span class='ocrx_word' id='word_1_825' title='bbox 726 5631 960 5698; x_wconf 83' lang='lat' dir='ltr'><strong>Cibalas,</strong></span> <span class='ocrx_word' id='word_1_826' title='bbox 986 5635 1126 5701; x_wconf 89' lang='lat' dir='ltr'><strong>quod</strong></span> <span class='ocrx_word' id='word_1_827' title='bbox 1167 5633 1363 5696; x_wconf 87' lang='lat' dir='ltr'><strong>optime</strong></span> <span class='ocrx_word' id='word_1_828' title='bbox 1392 5631 1649 5701; x_wconf 67' lang='lat' dir='ltr'><strong>describit</strong></span> <span class='ocrx_word' id='word_1_829' title='bbox 1677 5630 1924 5686; x_wconf 87' lang='lat' dir='ltr'><strong>Zosimus</strong></span> 
     </span>
    </p>
   </div>
   <div class='ocr_carea' id='block_1_115' title="bbox 359 5699 1924 5771">
    <p class='ocr_par' dir='ltr' id='par_1_115' title="bbox 359 5699 1924 5771">
     <span class='ocr_line' id='line_1_115' title="bbox 359 5699 1924 5771; baseline -0.001 -18"><span class='ocrx_word' id='word_1_830' title='bbox 359 5704 413 5755; x_wconf 89' lang='lat' dir='ltr'><strong>in</strong></span> <span class='ocrx_word' id='word_1_831' title='bbox 448 5701 539 5755; x_wconf 88' lang='lat' dir='ltr'><strong>lib.</strong></span> <span class='ocrx_word' id='word_1_832' title='bbox 572 5717 634 5766; x_wconf 89' lang='grc' dir='ltr'><strong>ιι,</strong></span> <span class='ocrx_word' id='word_1_833' title='bbox 675 5713 728 5755; x_wconf 85' lang='lat' dir='ltr'><strong>et</strong></span> <span class='ocrx_word' id='word_1_834' title='bbox 752 5711 942 5755; x_wconf 88' lang='lat' dir='ltr'><strong>auctor</strong></span> <span class='ocrx_word' id='word_1_835' title='bbox 975 5699 1352 5771; x_wconf 77' lang='lat' dir='ltr'><strong>excerptorum</strong></span> <span class='ocrx_word' id='word_1_836' title='bbox 1381 5703 1446 5754; x_wconf 88' lang='lat' dir='ltr'><strong>dc</strong></span> <span class='ocrx_word' id='word_1_837' title='bbox 1469 5699 1637 5754; x_wconf 78' lang='lat' dir='ltr'><strong>Gestis</strong></span> <span class='ocrx_word' id='word_1_838' title='bbox 1667 5701 1924 5755; x_wconf 79' lang='lat' dir='ltr'><strong>Constan-</strong></span> 
     </span>
    </p>
   </div>
   <div class='ocr_carea' id='block_1_116' title="bbox 360 5771 1919 5844">
    <p class='ocr_par' dir='ltr' id='par_1_116' title="bbox 360 5771 1919 5844">
     <span class='ocr_line' id='line_1_116' title="bbox 360 5771 1919 5844; baseline 0.001 -21"><span class='ocrx_word' id='word_1_839' title='bbox 360 5773 478 5826; x_wconf 86' lang='lat' dir='ltr'><strong>tini.</strong></span> <span class='ocrx_word' id='word_1_840' title='bbox 508 5773 747 5842; x_wconf 73' lang='lat' dir='ltr'><strong>Contigit</strong></span> <span class='ocrx_word' id='word_1_841' title='bbox 786 5772 901 5828; x_wconf 64' lang='lat' dir='ltr'><strong>haec</strong></span> <span class='ocrx_word' id='word_1_842' title='bbox 951 5787 1126 5844; x_wconf 83' lang='lat' dir='ltr'><strong>pugna</strong></span> <span class='ocrx_word' id='word_1_843' title='bbox 1167 5771 1457 5828; x_wconf 79' lang='lat' dir='ltr'><strong>Volusiano</strong></span> <span class='ocrx_word' id='word_1_844' title='bbox 1497 5787 1530 5825; x_wconf 90' lang='lat' dir='ltr'><strong>ll</strong></span> <span class='ocrx_word' id='word_1_845' title='bbox 1585 5783 1639 5825; x_wconf 90' lang='lat' dir='ltr'><strong>et</strong></span> <span class='ocrx_word' id='word_1_846' title='bbox 1668 5773 1919 5825; x_wconf 74' lang='lat' dir='ltr'><strong>Anniane</strong></span> 
     </span>
    </p>
   </div>
   <div class='ocr_carea' id='block_1_117' title="bbox 2042 4571 3603 4642">
    <p class='ocr_par' dir='ltr' id='par_1_117' title="bbox 2042 4571 3603 4642">
     <span class='ocr_line' id='line_1_117' title="bbox 2042 4571 3603 4642; baseline -0.001 -19"><span class='ocrx_word' id='word_1_847' title='bbox 2042 4571 2276 4625; x_wconf 88' lang='lat' dir='ltr'><strong>Delcnda</strong></span> <span class='ocrx_word' id='word_1_848' title='bbox 2319 4582 2401 4625; x_wconf 88' lang='lat' dir='ltr'><strong>est</strong></span> <span class='ocrx_word' id='word_1_849' title='bbox 2425 4574 2625 4639; x_wconf 86' lang='lat' dir='ltr'><strong>absque</strong></span> <span class='ocrx_word' id='word_1_850' title='bbox 2655 4573 2819 4626; x_wconf 88' lang='lat' dir='ltr'><strong>dubio</strong></span> <span class='ocrx_word' id='word_1_851' title='bbox 2857 4587 2955 4642; x_wconf 55' lang='lat' dir='ltr'><strong>vox</strong></span> <span class='ocrx_word' id='word_1_852' title='bbox 2985 4578 3234 4633; x_wconf 79' lang='lat' dir='ltr'><strong>secundo,</strong></span> <span class='ocrx_word' id='word_1_853' title='bbox 3268 4589 3386 4642; x_wconf 72' lang='lat' dir='ltr'><strong>qum</strong></span> <span class='ocrx_word' id='word_1_854' title='bbox 3411 4574 3478 4624; x_wconf 91' lang='lat' dir='ltr'><strong>ab</strong></span> <span class='ocrx_word' id='word_1_855' title='bbox 3510 4575 3603 4624; x_wconf 83' lang='lat' dir='ltr'><strong>llll-</strong></span> 
     </span>
    </p>
   </div>
   <div class='ocr_carea' id='block_1_118' title="bbox 2039 4640 3604 4709">
    <p class='ocr_par' dir='ltr' id='par_1_118' title="bbox 2039 4640 3604 4709">
     <span class='ocr_line' id='line_1_118' title="bbox 2039 4640 3604 4709; baseline 0.002 -17"><span class='ocrx_word' id='word_1_856' title='bbox 2039 4645 2213 4709; x_wconf 86' lang='lat' dir='ltr'><strong>perito</strong></span> <span class='ocrx_word' id='word_1_857' title='bbox 2243 4642 2466 4696; x_wconf 85' lang='lat' dir='ltr'><strong>librario</strong></span> <span class='ocrx_word' id='word_1_858' title='bbox 2493 4643 2701 4708; x_wconf 86' lang='lat' dir='ltr'><strong>adjecta</strong></span> <span class='ocrx_word' id='word_1_859' title='bbox 2735 4653 2838 4695; x_wconf 89' lang='lat' dir='ltr'><strong>est.</strong></span> <span class='ocrx_word' id='word_1_860' title='bbox 2873 4640 3113 4695; x_wconf 87' lang='lat' dir='ltr'><strong>Primum</strong></span> <span class='ocrx_word' id='word_1_861' title='bbox 3151 4640 3299 4695; x_wconf 72' lang='lat' dir='ltr'><strong>enini</strong></span> <span class='ocrx_word' id='word_1_862' title='bbox 3333 4643 3604 4697; x_wconf 74' lang='lat' dir='ltr'><strong>Constant--</strong></span> 
     </span>
    </p>
   </div>
   <div class='ocr_carea' id='block_1_119' title="bbox 2041 4713 3596 4782">
    <p class='ocr_par' dir='ltr' id='par_1_119' title="bbox 2041 4713 3596 4782">
     <span class='ocr_line' id='line_1_119' title="bbox 2041 4713 3596 4782; baseline 0.001 -19"><span class='ocrx_word' id='word_1_863' title='bbox 2041 4715 2133 4764; x_wconf 87' lang='lat' dir='ltr'><strong>tini</strong></span> <span class='ocrx_word' id='word_1_864' title='bbox 2165 4714 2423 4766; x_wconf 85' lang='lat' dir='ltr'><strong>adversus</strong></span> <span class='ocrx_word' id='word_1_865' title='bbox 2447 4713 2714 4782; x_wconf 78' lang='lat' dir='ltr'><strong>Licinium</strong></span> <span class='ocrx_word' id='word_1_866' title='bbox 2749 4713 2992 4780; x_wconf 74' lang='lat' dir='ltr'><strong>pneliutn</strong></span> <span class='ocrx_word' id='word_1_867' title='bbox 3026 4713 3130 4765; x_wconf 86' lang='lat' dir='ltr'><strong>fuit</strong></span> <span class='ocrx_word' id='word_1_868' title='bbox 3171 4718 3309 4782; x_wconf 88' lang='lat' dir='ltr'><strong>apud</strong></span> <span class='ocrx_word' id='word_1_869' title='bbox 3356 4714 3596 4776; x_wconf 82' lang='lat' dir='ltr'><strong>Cibalas,</strong></span> 
     </span>
    </p>
   </div>
   <div class='ocr_carea' id='block_1_120' title="bbox 2038 4781 3596 4852">
    <p class='ocr_par' dir='ltr' id='par_1_120' title="bbox 2038 4781 3596 4852">
     <span class='ocr_line' id='line_1_120' title="bbox 2038 4781 3596 4852; baseline 0.001 -18"><span class='ocrx_word' id='word_1_870' title='bbox 2038 4794 2095 4834; x_wconf 92' lang='lat' dir='ltr'><strong>ut</strong></span> <span class='ocrx_word' id='word_1_871' title='bbox 2125 4799 2284 4852; x_wconf 88' lang='lat' dir='ltr'><strong>supra</strong></span> <span class='ocrx_word' id='word_1_872' title='bbox 2335 4785 2584 4852; x_wconf 66' lang='grc' dir='ltr'><strong>οειειιιιὶ.Δ</strong></span> <span class='ocrx_word' id='word_1_873' title='bbox 2624 4781 2827 4836; x_wconf 88' lang='lat' dir='ltr'><strong>Deinde</strong></span> <span class='ocrx_word' id='word_1_874' title='bbox 2880 4783 3162 4836; x_wconf 89' lang='lat' dir='ltr'><strong>ridiculum</strong></span> <span class='ocrx_word' id='word_1_875' title='bbox 3211 4781 3355 4837; x_wconf 82' lang='lat' dir='ltr'><strong>esset</strong></span> <span class='ocrx_word' id='word_1_876' title='bbox 3394 4785 3596 4844; x_wconf 84' lang='lat' dir='ltr'><strong>dicere,</strong></span> 
     </span>
    </p>
   </div>
   <div class='ocr_carea' id='block_1_121' title="bbox 2038 4850 3597 4921">
    <p class='ocr_par' dir='ltr' id='par_1_121' title="bbox 2038 4850 3597 4921">
     <span class='ocr_line' id='line_1_121' title="bbox 2038 4850 3597 4921; baseline 0.002 -18"><span class='ocrx_word' id='word_1_877' title='bbox 2038 4850 2268 4920; x_wconf 85' lang='lat' dir='ltr'><strong>primum</strong></span> <span class='ocrx_word' id='word_1_878' title='bbox 2293 4853 2534 4920; x_wconf 70' lang='lat' dir='ltr'><strong>prmliuui</strong></span> <span class='ocrx_word' id='word_1_879' title='bbox 2565 4850 2727 4905; x_wconf 80' lang='lat' dir='ltr'><strong>fuisse</strong></span> <span class='ocrx_word' id='word_1_880' title='bbox 2753 4853 2803 4905; x_wconf 92' lang='lat' dir='ltr'><strong>in</strong></span> <span class='ocrx_word' id='word_1_881' title='bbox 2832 4852 3127 4912; x_wconf 87' lang='lat' dir='ltr'><strong>Pannonia,</strong></span> <span class='ocrx_word' id='word_1_882' title='bbox 3146 4855 3438 4906; x_wconf 79' lang='lat' dir='ltr'><strong>secundum</strong></span> <span class='ocrx_word' id='word_1_883' title='bbox 3457 4857 3597 4921; x_wconf 85' lang='lat' dir='ltr'><strong>apud</strong></span> 
     </span>
    </p>
   </div>
   <div class='ocr_carea' id='block_1_122' title="bbox 2034 4921 3599 4977">
    <p class='ocr_par' dir='ltr' id='par_1_122' title="bbox 2034 4921 3599 4977">
     <span class='ocr_line' id='line_1_122' title="bbox 2034 4921 3599 4977; baseline 0.001 -2"><span class='ocrx_word' id='word_1_884' title='bbox 2034 4922 2249 4976; x_wconf 85' lang='lat' dir='ltr'><strong>Cibalas</strong></span> <span class='ocrx_word' id='word_1_885' title='bbox 2285 4940 2300 4976; x_wconf 92' lang='lat'><strong>:</strong></span> <span class='ocrx_word' id='word_1_886' title='bbox 2330 4939 2450 4976; x_wconf 89' lang='lat' dir='ltr'><strong>cum</strong></span> <span class='ocrx_word' id='word_1_887' title='bbox 2497 4921 2695 4976; x_wconf 69' lang='lat' dir='ltr'><strong>Cibalte</strong></span> <span class='ocrx_word' id='word_1_888' title='bbox 2739 4924 2868 4976; x_wconf 80' lang='lat' dir='ltr'><strong>urbs</strong></span> <span class='ocrx_word' id='word_1_889' title='bbox 2915 4925 2986 4976; x_wconf 91' lang='lat' dir='ltr'><strong>sit</strong></span> <span class='ocrx_word' id='word_1_890' title='bbox 3033 4922 3345 4977; x_wconf 63' lang='lat' dir='ltr'><strong>Pannoniae.</strong></span> <span class='ocrx_word' id='word_1_891' title='bbox 3391 4923 3496 4976; x_wconf 84' lang='lat' dir='ltr'><strong>Sed</strong></span> <span class='ocrx_word' id='word_1_892' title='bbox 3542 4935 3599 4977; x_wconf 87' lang='lat' dir='ltr'><strong>et</strong></span> 
     </span>
    </p>
   </div>
   <div class='ocr_carea' id='block_1_123' title="bbox 2034 4991 3593 5062">
    <p class='ocr_par' dir='ltr' id='par_1_123' title="bbox 2034 4991 3593 5062">
     <span class='ocr_line' id='line_1_123' title="bbox 2034 4991 3593 5062; baseline -0.001 -16"><span class='ocrx_word' id='word_1_893' title='bbox 2034 4991 2289 5055; x_wconf 88' lang='lat' dir='ltr'><strong>Peanius,</strong></span> <span class='ocrx_word' id='word_1_894' title='bbox 2323 4993 2414 5062; x_wconf 91' lang='lat' dir='ltr'><strong>qui</strong></span> <span class='ocrx_word' id='word_1_895' title='bbox 2451 4993 2769 5061; x_wconf 85' lang='lat' dir='ltr'><strong>Eutropium</strong></span> <span class='ocrx_word' id='word_1_896' title='bbox 2795 4993 2982 5047; x_wconf 61' lang='lat' dir='ltr'><strong>Graice</strong></span> <span class='ocrx_word' id='word_1_897' title='bbox 3016 4995 3196 5056; x_wconf 87' lang='lat' dir='ltr'><strong>vertit,</strong></span> <span class='ocrx_word' id='word_1_898' title='bbox 3228 5007 3417 5049; x_wconf 85' lang='lat' dir='ltr'><strong>vocem</strong></span> <span class='ocrx_word' id='word_1_899' title='bbox 3449 4994 3593 5046; x_wconf 87' lang='lat' dir='ltr'><strong>illam</strong></span> 
     </span>
    </p>
   </div>
   <div class='ocr_carea' id='block_1_124' title="bbox 2033 5064 3598 5132">
    <p class='ocr_par' dir='ltr' id='par_1_124' title="bbox 2033 5064 3598 5132">
     <span class='ocr_line' id='line_1_124' title="bbox 2033 5064 3598 5132; baseline 0 -16"><span class='ocrx_word' id='word_1_900' title='bbox 2033 5065 2258 5116; x_wconf 75' lang='lat' dir='ltr'><strong>secundo</strong></span> <span class='ocrx_word' id='word_1_901' title='bbox 2287 5079 2396 5117; x_wconf 92' lang='lat' dir='ltr'><strong>non</strong></span> <span class='ocrx_word' id='word_1_902' title='bbox 2426 5072 2686 5132; x_wconf 83' lang='lat' dir='ltr'><strong>agnoscn,</strong></span> <span class='ocrx_word' id='word_1_903' title='bbox 2710 5074 2768 5116; x_wconf 92' lang='lat' dir='ltr'><strong>ut</strong></span> <span class='ocrx_word' id='word_1_904' title='bbox 2792 5079 2857 5118; x_wconf 80' lang='lat' dir='ltr'><strong>ex</strong></span> <span class='ocrx_word' id='word_1_905' title='bbox 2888 5064 3333 5130; x_wconf 87' lang='lat' dir='ltr'><strong>interpretatione</strong></span> <span class='ocrx_word' id='word_1_906' title='bbox 3357 5064 3474 5132; x_wconf 89' lang='lat' dir='ltr'><strong>ejus</strong></span> <span class='ocrx_word' id='word_1_907' title='bbox 3503 5079 3598 5132; x_wconf 85' lang='lat' dir='ltr'><strong>ap-</strong></span> 
     </span>
    </p>
   </div>
   <div class='ocr_carea' id='block_1_125' title="bbox 2032 5133 3594 5200">
    <p class='ocr_par' dir='ltr' id='par_1_125' title="bbox 2032 5133 3594 5200">
     <span class='ocr_line' id='line_1_125' title="bbox 2032 5133 3594 5200; baseline -0.001 -13"><span class='ocrx_word' id='word_1_908' title='bbox 2032 5145 2208 5200; x_wconf 90' lang='lat' dir='ltr'><strong>paret.</strong></span> <span class='ocrx_word' id='word_1_909' title='bbox 2235 5134 2459 5187; x_wconf 72' lang='lat' dir='ltr'><strong>0r0sius</strong></span> <span class='ocrx_word' id='word_1_910' title='bbox 2493 5144 2670 5186; x_wconf 89' lang='lat' dir='ltr'><strong>tamen</strong></span> <span class='ocrx_word' id='word_1_911' title='bbox 2718 5144 2773 5186; x_wconf 89' lang='lat' dir='ltr'><strong>et</strong></span> <span class='ocrx_word' id='word_1_912' title='bbox 2807 5146 2997 5188; x_wconf 89' lang='lat' dir='ltr'><strong>auctor</strong></span> <span class='ocrx_word' id='word_1_913' title='bbox 3027 5133 3282 5188; x_wconf 73' lang='lat' dir='ltr'><strong>Historia:</strong></span> <span class='ocrx_word' id='word_1_914' title='bbox 3321 5133 3594 5198; x_wconf 71' lang='lat' dir='ltr'><strong>Miscetur,</strong></span> 
     </span>
    </p>
   </div>
   <div class='ocr_carea' id='block_1_126' title="bbox 2031 5203 3592 5273">
    <p class='ocr_par' dir='ltr' id='par_1_126' title="bbox 2031 5203 3592 5273">
     <span class='ocr_line' id='line_1_126' title="bbox 2031 5203 3592 5273; baseline 0.002 -20"><span class='ocrx_word' id='word_1_915' title='bbox 2031 5205 2303 5272; x_wconf 77' lang='lat' dir='ltr'><strong>vulgatam</strong></span> <span class='ocrx_word' id='word_1_916' title='bbox 2333 5204 2573 5273; x_wconf 79' lang='lat' dir='ltr'><strong>EutrOpii</strong></span> <span class='ocrx_word' id='word_1_917' title='bbox 2601 5205 2921 5273; x_wconf 81' lang='lat' dir='ltr'><strong>scripturam</strong></span> <span class='ocrx_word' id='word_1_918' title='bbox 2963 5217 3182 5259; x_wconf 88' lang='lat' dir='ltr'><strong>secutus</strong></span> <span class='ocrx_word' id='word_1_919' title='bbox 3205 5217 3305 5258; x_wconf 87' lang='lat' dir='ltr'><strong>est.</strong></span> <span class='ocrx_word' id='word_1_920' title='bbox 3331 5205 3421 5259; x_wconf 69' lang='lat' dir='ltr'><strong>Sic</strong></span> <span class='ocrx_word' id='word_1_921' title='bbox 3447 5203 3592 5256; x_wconf 87' lang='lat' dir='ltr'><strong>enim</strong></span> 
     </span>
    </p>
   </div>
   <div class='ocr_carea' id='block_1_127' title="bbox 2029 5273 3591 5330">
    <p class='ocr_par' dir='ltr' id='par_1_127' title="bbox 2029 5273 3591 5330">
     <span class='ocr_line' id='line_1_127' title="bbox 2029 5273 3591 5330; baseline 0.001 -5"><span class='ocrx_word' id='word_1_922' title='bbox 2029 5274 2196 5326; x_wconf 87' lang='lat' dir='ltr'><strong>habet</strong></span> <span class='ocrx_word' id='word_1_923' title='bbox 2233 5294 2245 5328; x_wconf 86' lang='lat'><strong>:</strong></span> <span class='ocrx_word' id='word_1_924' title='bbox 2285 5294 2303 5325; x_wconf 82' lang='grc' dir='ltr'><strong>ι</strong></span> <span class='ocrx_word' id='word_1_925' title='bbox 2336 5274 2734 5328; x_wconf 78' lang='lat' dir='ltr'><strong>Constantinus</strong></span> <span class='ocrx_word' id='word_1_926' title='bbox 2767 5273 3033 5328; x_wconf 88' lang='lat' dir='ltr'><strong>Licinium</strong></span> <span class='ocrx_word' id='word_1_927' title='bbox 3059 5277 3264 5330; x_wconf 85' lang='lat' dir='ltr'><strong>sororis</strong></span> <span class='ocrx_word' id='word_1_928' title='bbox 3287 5290 3396 5328; x_wconf 68' lang='lat' dir='ltr'><strong>sum</strong></span> <span class='ocrx_word' id='word_1_929' title='bbox 3419 5276 3591 5326; x_wconf 90' lang='lat' dir='ltr'><strong>virtuu</strong></span> 
     </span>
    </p>
   </div>
   <div class='ocr_carea' id='block_1_128' title="bbox 2029 5343 3591 5414">
    <p class='ocr_par' dir='ltr' id='par_1_128' title="bbox 2029 5343 3591 5414">
     <span class='ocr_line' id='line_1_128' title="bbox 2029 5343 3591 5414; baseline 0 -17"><span class='ocrx_word' id='word_1_930' title='bbox 2029 5345 2083 5397; x_wconf 88' lang='lat' dir='ltr'><strong>iu</strong></span> <span class='ocrx_word' id='word_1_931' title='bbox 2117 5345 2393 5399; x_wconf 77' lang='lat' dir='ltr'><strong>Pannonia</strong></span> <span class='ocrx_word' id='word_1_932' title='bbox 2446 5345 2680 5414; x_wconf 74' lang='lat' dir='ltr'><strong>primum</strong></span> <span class='ocrx_word' id='word_1_933' title='bbox 2731 5346 2879 5411; x_wconf 90' lang='lat' dir='ltr'><strong>vicit,</strong></span> <span class='ocrx_word' id='word_1_934' title='bbox 2925 5346 3121 5400; x_wconf 88' lang='lat' dir='ltr'><strong>deinde</strong></span> <span class='ocrx_word' id='word_1_935' title='bbox 3177 5346 3318 5414; x_wconf 86' lang='lat' dir='ltr'><strong>apud</strong></span> <span class='ocrx_word' id='word_1_936' title='bbox 3374 5343 3591 5399; x_wconf 84' lang='lat' dir='ltr'><strong>Cibalas</strong></span> 
     </span>
    </p>
   </div>
   <div class='ocr_carea' id='block_1_129' title="bbox 2027 5416 2368 5484">
    <p class='ocr_par' dir='ltr' id='par_1_129' title="bbox 2027 5416 2368 5484">
     <span class='ocr_line' id='line_1_129' title="bbox 2027 5416 2368 5484; baseline -0.009 -15"><span class='ocrx_word' id='word_1_937' title='bbox 2027 5416 2310 5484; x_wconf 86' lang='lat' dir='ltr'><strong>oppressit.</strong></span> <span class='ocrx_word' id='word_1_938' title='bbox 2350 5434 2368 5466; x_wconf 74' lang='grc' dir='ltr'><strong>ι</strong></span> 
     </span>
    </p>
   </div>
   <div class='ocr_carea' id='block_1_130' title="bbox 2098 5484 3592 5554">
    <p class='ocr_par' dir='ltr' id='par_1_130' title="bbox 2098 5484 3592 5554">
     <span class='ocr_line' id='line_1_130' title="bbox 2098 5484 3592 5554; baseline 0 -16"><span class='ocrx_word' id='word_1_939' title='bbox 2098 5485 2209 5551; x_wconf 76' lang='lat'><strong>(59)</strong></span> <span class='ocrx_word' id='word_1_940' title='bbox 2242 5485 2530 5553; x_wconf 67' lang='grc' dir='ltr'>Δευτέρας</span> <span class='ocrx_word' id='word_1_941' title='bbox 2568 5484 2900 5554; x_wconf 78' lang='grc' dir='ltr'>συμϐολῆς.</span> <span class='ocrx_word' id='word_1_942' title='bbox 2951 5485 3194 5540; x_wconf 84' lang='lat' dir='ltr'><strong>Secunda</strong></span> <span class='ocrx_word' id='word_1_943' title='bbox 3247 5485 3363 5538; x_wconf 66' lang='lat' dir='ltr'><strong>hate</strong></span> <span class='ocrx_word' id='word_1_944' title='bbox 3411 5498 3592 5554; x_wconf 75' lang='lat' dir='ltr'><strong>pagna</strong></span> 
     </span>
    </p>
   </div>
   <div class='ocr_carea' id='block_1_131' title="bbox 2027 5556 3588 5621">
    <p class='ocr_par' dir='ltr' id='par_1_131' title="bbox 2027 5556 3588 5621">
     <span class='ocr_line' id='line_1_131' title="bbox 2027 5556 3588 5621; baseline -0.002 -10"><span class='ocrx_word' id='word_1_945' title='bbox 2027 5557 2365 5611; x_wconf 81' lang='lat' dir='ltr'><strong>Constantini</strong></span> <span class='ocrx_word' id='word_1_946' title='bbox 2397 5563 2653 5610; x_wconf 76' lang='lat' dir='ltr'><strong>adversus</strong></span> <span class='ocrx_word' id='word_1_947' title='bbox 2684 5558 2970 5621; x_wconf 85' lang='lat' dir='ltr'><strong>Licinium,</strong></span> <span class='ocrx_word' id='word_1_948' title='bbox 2997 5561 3047 5609; x_wconf 89' lang='lat' dir='ltr'><strong>in</strong></span> <span class='ocrx_word' id='word_1_949' title='bbox 3074 5556 3301 5608; x_wconf 76' lang='lat' dir='ltr'><strong>Thracia</strong></span> <span class='ocrx_word' id='word_1_950' title='bbox 3322 5557 3464 5609; x_wconf 85' lang='lat' dir='ltr'><strong>facta</strong></span> <span class='ocrx_word' id='word_1_951' title='bbox 3484 5564 3588 5621; x_wconf 85' lang='lat' dir='ltr'><strong>est,</strong></span> 
     </span>
    </p>
   </div>
   <div class='ocr_carea' id='block_1_132' title="bbox 2026 5625 3588 5694">
    <p class='ocr_par' dir='ltr' id='par_1_132' title="bbox 2026 5625 3588 5694">
     <span class='ocr_line' id='line_1_132' title="bbox 2026 5625 3588 5694; baseline -0.001 -15"><span class='ocrx_word' id='word_1_952' title='bbox 2026 5639 2082 5679; x_wconf 89' lang='lat' dir='ltr'><strong>ut</strong></span> <span class='ocrx_word' id='word_1_953' title='bbox 2114 5628 2270 5680; x_wconf 86' lang='lat' dir='ltr'><strong>docet</strong></span> <span class='ocrx_word' id='word_1_954' title='bbox 2299 5627 2566 5681; x_wconf 88' lang='lat' dir='ltr'><strong>Zositnus.</strong></span> <span class='ocrx_word' id='word_1_955' title='bbox 2618 5629 2722 5680; x_wconf 86' lang='lat' dir='ltr'><strong>Sed</strong></span> <span class='ocrx_word' id='word_1_956' title='bbox 2753 5625 3003 5680; x_wconf 86' lang='lat' dir='ltr'><strong>Zosimus</strong></span> <span class='ocrx_word' id='word_1_957' title='bbox 3049 5628 3222 5694; x_wconf 88' lang='lat' dir='ltr'><strong>locum</strong></span> <span class='ocrx_word' id='word_1_958' title='bbox 3267 5626 3438 5694; x_wconf 90' lang='lat' dir='ltr'><strong>ipsum</strong></span> <span class='ocrx_word' id='word_1_959' title='bbox 3481 5640 3588 5680; x_wconf 92' lang='lat' dir='ltr'><strong>n0u</strong></span> 
     </span>
    </p>
   </div>
   <div class='ocr_carea' id='block_1_133' title="bbox 2024 5693 3586 5766">
    <p class='ocr_par' dir='ltr' id='par_1_133' title="bbox 2024 5693 3586 5766">
     <span class='ocr_line' id='line_1_133' title="bbox 2024 5693 3586 5766; baseline 0.001 -15"><span class='ocrx_word' id='word_1_960' title='bbox 2024 5696 2154 5751; x_wconf 87' lang='lat' dir='ltr'><strong>dicit</strong></span> <span class='ocrx_word' id='word_1_961' title='bbox 2184 5714 2196 5748; x_wconf 95' lang='lat'>:</span> <span class='ocrx_word' id='word_1_962' title='bbox 2240 5707 2430 5752; x_wconf 82' lang='lat' dir='ltr'><strong>auctor</strong></span> <span class='ocrx_word' id='word_1_963' title='bbox 2461 5713 2588 5754; x_wconf 85' lang='lat' dir='ltr'><strong>vero</strong></span> <span class='ocrx_word' id='word_1_964' title='bbox 2617 5707 2998 5766; x_wconf 78' lang='lat' dir='ltr'><strong>excerptoruin</strong></span> <span class='ocrx_word' id='word_1_965' title='bbox 3022 5696 3089 5749; x_wconf 88' lang='lat' dir='ltr'><strong>de</strong></span> <span class='ocrx_word' id='word_1_966' title='bbox 3117 5693 3297 5749; x_wconf 69' lang='lat' dir='ltr'><strong>Certis</strong></span> <span class='ocrx_word' id='word_1_967' title='bbox 3319 5696 3586 5752; x_wconf 69' lang='lat' dir='ltr'><strong>Constant.-</strong></span> 
     </span>
    </p>
   </div>
   <div class='ocr_carea' id='block_1_134' title="bbox 2023 5768 3582 5836">
    <p class='ocr_par' dir='ltr' id='par_1_134' title="bbox 2023 5768 3582 5836">
     <span class='ocr_line' id='line_1_134' title="bbox 2023 5768 3582 5836; baseline -0.001 -14"><span class='ocrx_word' id='word_1_968' title='bbox 2023 5769 2142 5835; x_wconf 86' lang='lat' dir='ltr'><strong>tini,</strong></span> <span class='ocrx_word' id='word_1_969' title='bbox 2183 5769 2234 5822; x_wconf 90' lang='lat' dir='ltr'><strong>in</strong></span> <span class='ocrx_word' id='word_1_970' title='bbox 2266 5784 2458 5831; x_wconf 78' lang='lat' dir='ltr'><strong>campo</strong></span> <span class='ocrx_word' id='word_1_971' title='bbox 2507 5769 2798 5824; x_wconf 81' lang='lat' dir='ltr'><strong>Mardieusi</strong></span> <span class='ocrx_word' id='word_1_972' title='bbox 2855 5779 3149 5836; x_wconf 79' lang='lat' dir='ltr'><strong>pugnatum</strong></span> <span class='ocrx_word' id='word_1_973' title='bbox 3211 5781 3334 5823; x_wconf 82' lang='lat' dir='ltr'><strong>esse</strong></span> <span class='ocrx_word' id='word_1_974' title='bbox 3374 5768 3582 5823; x_wconf 84' lang='lat' dir='ltr'><strong>scribit.</strong></span> 
     </span>
    </p>
   </div>
  </div>
