4132 6406
638 342 755 410 987,
1347 337 1622 397 EUSEBII
1660 341 2146 400 CESARIENSIS
2183 345 2334 402 OPP.
2374 343 2560 401 PARS
2597 343 2641 400 l.
2679 373 2752 386 --
2786 341 3184 400 BlSTORlCA.
3828 338 3937 397 982

632 473 770 532 grta,
798 459 993 514 iterum
1029 457 1282 527 superior
1314 456 1568 512 discessit
1592 497 1608 523 ,
1659 465 1715 512 et
1763 457 1922 528 longe
1957 460 2194 530 majoreu

2321 457 2420 542 ἦν,
2465 460 2561 514 καὶ
2597 458 2923 531 κρειττόνων
2961 456 3060 529 ἥδη
3095 457 3427 528 νικητηρίων
3473 455 3793 525 ὲτύγχανε,
3837 450 3938 507 τοῦ

638 548 927 602 victoriam
985 545 1204 612 retulit,
1243 559 1370 600 cum
1425 544 1665 600 salutare
1709 545 1890 598 crucis
1953 553 2194 616 tropaauu

2319 551 2591 632 σωτηρίου
2620 550 2882 623 τροπαίου
2919 548 3398 622 προπομπεύοντος
3446 549 3546 619 τῆς
3575 547 3736 619 ἀμφ’
3766 544 3942 600 am

637 638 942 694 exet‘situm
968 638 1138 708 ipsius
1158 636 1529 692 antecederet.

2317 645 2616 716 φάλαγγος.

1231 725 1463 782 CAPUT
1500 725 1614 781 V'll.

639 819 951 892 Ubicunque
994 823 1050 876 in
1096 820 1300 890 prteliis
1331 820 1750 902 acutissimum
1782 819 1978 890 adfuit,
2005 827 2214 885 partam

1197 906 1310 944 €888
1341 905 1638 943 uictoriam.

706 985 870 1041 Certe
911 985 1224 1053 ubicunque
1254 983 1355 1037 hoc
1387 982 1602 1053 signum
1631 993 1984 1050 conspectum
2014 982 2212 1048 fuerat,

635 1080 899 1135 continuo
949 1078 1073 1148 fuga
1116 1075 1388 1141 hostium,
1436 1075 1743 1130 victoribus
1793 1084 1944 1146 terga
1996 1075 2214 1130 illorum

631 1171 1026 1242 prementibus,
1057 1170 1414 1238 sequebatur.
1449 1166 1567 1233 Quo
1593 1164 1886 1235 imperator
1914 1178 2213 1237 comperto,

632 1264 807 1318 sicubi
846 1277 1038 1333 agmen
1073 1261 1292 1330 aliquod
1321 1259 1600 1314 exercitus
1631 1260 1714 1312 sui
1754 1259 1926 1328 premi
1959 1260 2212 1314 animad-

630 1365 893 1422 verteret,
937 1356 1086 1408 illico
1139 1352 1380 1407 salutare
1433 1358 1694 1418 tropaeum
1729 1361 1984 1420 tauquam
2034 1350 2218 1405 edica-

631 1449 912 1502 cissimum
941 1445 1212 1516 quoddam
1245 1443 1313 1498 ad
1365 1443 1664 1512 parandam
1697 1443 1978 1498 victoriam
2012 1444 2216 1499 amuleo

631 1549 744 1592 tum
803 1539 990 1594 inferri
1040 1538 1294 1609 jubebat;
1359 1551 1467 1608 quo
1527 1535 1694 1600 facto,
1753 1536 1937 1590 statim
1985 1536 2212 1590 victoria

2841 735 3243 790 ΚΕΦΛΛΑῙΟΝ
3280 737 3354 789 Ζ’.

2319 833 2437 884 Ὅτι
2465 833 2537 885 ἐν
2558 829 2861 899 πολέμοις,
2890 825 3442 899 ὅποιζσταυροειδὲς
3469 822 3751 894 σημεῖον
3789 833 3938 887 παρ-

2607 896 2718 969 ῆν,
2738 899 2865 954 ἐκεῖ
2890 901 2962 952 τὰ
2982 896 3090 966 τῆς
3119 899 3292 964 νίκης
3315 897 3567 968 ἐγένετο.

2391 993 2561 1048 Ἔνθα
2591 993 2636 1046 δ’
2657 988 2750 1047 οὖν
2778 991 3017 1062 ἀνεφάνη
3049 990 3231 1056 τοῦτο,
3267 992 3413 1063 φυγὴ
3457 991 3557 1061 μὲν
3587 989 3718 1042 τῶν
3767 989 3933 1040 ἐναν-

2316 1085 2446 1138 τίων
2489 1085 2732 1154 ἐγίνετο,
2777 1084 2958 1149 δίωξις
3009 1084 3065 1137 δὲ
3098 1082 3206 1138 τῶν
3242 1083 3593 1156 κρατούτων⁶
3626 1082 3663 1134 ὃ
3701 1080 3778 1152 δὴ
3811 1096 3910 1133 συν

2317 1177 2438 1232 ιδὼν
2465 1181 2493 1232 ὁ
2523 1178 2792 1248 βασιλεὺς,
2821 1176 2914 1231 τοῦ
2933 1177 3133 1231 οἰκείου
3174 1177 3405 1249 στρατοῦ
3431 1176 3585 1230 εἵπου
3613 1193 3678 1229 τι
3730 1176 3931 1244 τάγμα

2316 1271 2596 1341 κεκμηκὸς
2635 1269 2802 1341 ἐώρα,
2837 1271 2998 1324 οἱονεί
3021 1288 3074 1322 τι
3100 1269 3380 1340 νικητικὸν
3416 1268 3928 1339 ἀλεξιφάρμακον,

2314 1360 2561 1416 ἐνταυθοῖ
2586 1362 2646 1415 τὸ
2676 1365 2939 1436 σωτήριον
2953 1363 3212 1435 τρόπαιον
3241 1365 3493 1433 παρεῖναι
3517 1359 3889 1415 διεκελεύετο
3912 1377 3926 1390 ·

2313 1447 2357 1523 ᾧ
2395 1456 2710 1526 παραυτίκα
2759 1457 3111 1526 συνανέφαινε
3150 1456 3298 1526 νίκη,
3344 1455 3518 1526 ἀλκῆς
3564 1456 3669 1509 καὶ
3725 1453 3930 1524 ῥώμης

2317 1548 2413 1601 σὺν
2466 1547 2588 1620 θείᾳ
2627 1549 2734 1603 τινί
2787 1550 2956 1620 μοίρᾳ
2993 1548 3340 1620 δυναμούσης
3381 1550 3508 1612 τοὺς
3555 1547 3924 1618 ἀγωνιζομέ-

631 1633 988 1701 sequebatur,
1034 1631 1218 1684 divina
1264 1629 1451 1696 utique
1480 1629 1684 1682 virtute
1718 1628 1930 1681 animos
1965 1629 2214 1698 viresque

629 1722 993 1793 pugnantium
1030 1722 1421 1774 contirmantc.

1218 1810 1450 1864 CAPUT
1494 1809 1622 1862 \‘Ill.

630 1905 788 1972 Quod
819 1906 1197 1976 quinquaginta
1227 1905 1322 1957 viri
1347 1905 1496 1957 electi
1526 1904 1760 1974 suntqui
1789 1918 1994 1956 crucem
2028 1914 2211 1972 parta-

1358 1983 1491 2026 rent.

699 2066 889 2136 itaque
937 2065 1092 2122 lectis
1142 2081 1208 2120 ex
1251 2074 1626 2134 protectorum
1667 2077 1895 2118 numero
1943 2071 2208 2133 quotquot

628 2161 880 2228 corporis
913 2158 1124 2214 viribus
1170 2169 1226 2212 et
1273 2158 1440 2212 animi
1483 2157 1806 2213 fortitudine
1833 2172 1897 2212 ac
1922 2173 2062 2212 verae
2087 2156 2210 2210 reli-

627 2253 807 2324 gionis
857 2253 1128 2307 institutis
1185 2260 1446 2321 praestare
1502 2251 1850 2316 videbantur,
1892 2264 2056 2304 unum
2107 2249 2209 2303 hoc

626 2360 824 2400 munus
852 2345 1135 2414 imposuit,
1167 2352 1227 2397 ut
1259 2344 1400 2414 signi
1432 2344 1595 2414 hujus
1626 2342 1852 2398 assidue
1903 2356 2087 2397 curam
2115 2358 2208 2414 ge-

625 2447 828 2491 rerent.
871 2437 1040 2493 Erant
1092 2454 1284 2496 omnes
1333 2443 1731 2514 quinquaginta
1776 2441 1918 2509 viri;
1977 2456 2204 2512 quorum

623 2535 833 2590 nullum
882 2536 1029 2590 aliud
1083 2547 1204 2592 erat
1253 2537 1486 2594 oliicium
1542 2555 1707 2608 quam
1761 2538 2119 2593 circumstare
2153 2546 2208 2590 et

622 2628 884 2690 satellitio
933 2643 1032 2683 suo
1076 2629 1349 2684 custodire
1384 2630 1643 2701 signum;
1679 2631 1824 2701 quod
1855 2627 2051 2699 singuli
2102 2629 2204 2682 ltu—

621 2720 792 2775 meris
849 2720 963 2775 suis
998 2721 1313 2776 alternatim
1364 2723 1673 2791 gestabant.
1729 2721 1858 2776 Hzcc
1907 2720 2206 2790 imperator

623 2813 737 2881 ipse
791 2811 946 2867 nobis
997 2814 1089 2883 qui
1150 2814 1292 2868 banc
1324 2811 1610 2868 historiam
1640 2812 1957 2877 scribimus,
1992 2811 2120 2866 dum
2150 2812 2202 2866 in

619 2905 735 2957 otio
783 2913 992 2973 ageret,
1047 2905 1312 2970 narravit,
1371 2903 1535 2975 longo
1572 2915 1692 2974 post
1743 2914 1989 2974 tempore
2041 2919 2202 2974 quam

619 2996 738 3050 bare
782 2997 1155 3064 contigerant,
1193 2997 1465 3065 simulque
1520 3014 1632 3051 rem
1667 2996 1959 3066 quamdam
2005 2995 2204 3065 adjecit

619 3096 929 3141 memoratu
963 3088 1360 3156 dignissimam.

1119 3177 1287 3250 448
1331 3176 1556 3233 CAPUT
1594 3178 1685 3234 ιχ.

618 3271 772 3335 Quod
801 3288 864 3325 ea:
882 3271 1160 3339 cruciferis
1191 3272 1237 3325 is
1265 3272 1472 3340 quidem
1491 3272 1578 3339 qui
1608 3270 1740 3340 fugit
1771 3271 2073 3337 interfectus
2089 3282 2161 3325 est
2180 3289 2199 3327 :

605 3403 609 3436 Ι
687 3344 778 3410 qui
805 3359 923 3395 vero
959 3342 1186 3410 ﬁdeliter
1214 3352 1600 3410 permanserat,
1633 3341 1913 3394 incolumis
1938 3343 2125 3396 evasit.

604 3432 609 3476 ἒ
689 3433 822 3486 Nam
856 3448 978 3487 cum
1014 3432 1175 3497 forte,
1211 3432 1412 3501 inquit,
1453 3433 1592 3486 inter
1622 3432 1971 3502 pugnandum
2001 3434 2194 3503 ingens

613 3529 873 3598 strepitus
901 3527 1199 3582 exercitum
1233 3525 1699 3593 conturbasset,is
1734 3527 1822 3596 qui
1857 3526 1960 3582 ltoc
1984 3527 2196 3596 signum

613 3621 859 3675 humeris
889 3618 1122 3682 ferebat,
1154 3629 1298 3671 metu
1329 3618 1634 3688 perculsus,
1680 3617 1836 3670 alteri
1869 3617 2194 3686 gestandum

617 3713 864 3776 tradidit,
897 3720 956 3766 ut
985 3712 1103 3781 ipse
1133 3711 1430 3766 discrimen
1469 3711 1750 3765 evaderet.
1789 3709 1892 3765 Vix
1931 3710 2067 3765 alter
2105 3710 2197 3765 ille

611 3805 826 3874 signum
867 3805 1188 3872 gestandum
1250 3813 1588 3872 susceperat,
1616 3818 1737 3858 cum
1767 3817 1897 3858 ecce
1933 3804 1980 3858 is
2013 3803 2102 3872 qui
2137 3819 2196 3858 se

613 3895 922 3964 subripiens
945 3895 1244 3950 custodiam
1276 3895 1414 3963 signi
1451 3896 1784 3959 deseruerat,
1811 3895 1987 3950 teloin
2009 3906 2194 3950 ventre

613 4005 908 4056 percussus
940 3988 1218 4044 occubuit.
1266 3989 1335 4043 Et
1371 3990 1458 4044 hic
1507 3989 1726 4060 quidem
1763 3989 1988 4060 ignavia:
2031 3999 2194 4058 atque

610 4081 945 4136 infidelitatis
991 4097 1102 4135 sum
1138 4095 1331 4150 ptrnas
1381 4081 1720 4151 persolvens,
1777 4082 1976 4136 ibidem
2025 4081 2193 4150 jacuit

608 4176 898 4230 exanimis.
921 4174 989 4229 At
1013 4174 1251 4228 salutare
1277 4175 1455 4228 crucis
1488 4187 1771 4242 tropaeum,
1803 4175 1855 4228 ei
1893 4175 1981 4244 qui
2017 4176 2189 4245 ipsum

609 4267 842 4321 sublime
872 4270 1125 4336 gestabat
1155 4265 1582 4321 incolumitatem
1629 4267 1903 4335 prmstitit.
1938 4267 1996 4321 lu
2029 4284 2187 4338 quem

608 4373 731 4412 cum
759 4358 861 4412 tela
895 4357 1134 4427 undique
1184 4358 1518 4425 iacerentur,
1553 4361 1781 4429 signifer
1819 4361 2038 4427 quidem
2076 4363 2190 4430 ipse

605 4449 792 4504 salvus
821 4451 997 4504 evasit
1030 4469 1042 4503 :
1071 4451 1223 4504 basta
1252 4465 1382 4504 vero
1415 4450 1674 4505 salutaris
1715 4452 1924 4520 tropaei,
1958 4453 2185 4506 missilia

2313 1659 2454 1704 νους.

2845 1803 3240 1857 ΚΕΦΑΛΑΙΟΝ
3279 1804 3360 1856 11⁸.

2314 1895 2435 1949 Ὅτι
2475 1895 2854 1963 πεντήκοντα
2887 1897 2994 1951 τὸν
3027 1897 3296 1966 σταυρὸν
3331 1897 3537 1967 φέρειν
3574 1896 3914 1966 ἐξελέχθη-

3029 1983 3172 2022 σαν.

2381 2059 2473 2111 Διὸ
2507 2057 2572 2128 δὴ
2605 2057 2714 2112 τῶν
2745 2059 2881 2130 ἀμφ’
2913 2059 3075 2113 αὑτὸν
3105 2060 3465 2114 ὑπασπιστῶν
3496 2062 3610 2124 τοῖς
3666 2062 3774 2113 καὶ
3808 2060 3912 2113 σώ-

2314 2168 2481 2221 ματος
2507 2149 2650 2221 ἰσχύϊ
2679 2152 2774 2205 καὶ
2805 2151 2981 2223 ψυχῆς
3007 2153 3174 2224 ἀρετῇ
3210 2151 3306 2207 κάὶ
3339 2152 3653 2216 θεοσεϐείας

2311 2241 2602 2312 ἐγκρίτοις,
2631 2241 2766 2312 μόνῃ
2797 2245 2862 2313 τῇ
2893 2240 2986 2294 τοῦ
3018 2243 3244 2313 σημείου
3271 2243 3519 2315 διακονίᾳ
3543 2260 3908 2315 προσκαρτε-

2315 2335 2425 2406 ρεῖν
2445 2333 2694 2386 ἐκέλευεν
2711 2350 2724 2363 ⁸
2754 2329 2895 2403 ἦσαν
2921 2333 2967 2386 δ’
2996 2334 3188 2404 ἄνδρες
3205 2335 3296 2388 τὸν
3311 2335 3541 2407 ἀριθμὸν
3570 2336 3676 2406 οὐχ
3702 2336 3907 2406 ἥττους

2309 2426 2648 2496 πεντήκοντα
2679 2420 2910 2494 (40),οἷς
2922 2425 3073 2479 οὐδὲν
3098 2426 3284 2498 ἕτερον
3299 2422 3367 2498 ἦν
3394 2426 3575 2498 μόνον,
3602 2425 3636 2497 ἦ
3658 2425 3906 2480 κυκλοῦν

2308 2519 2400 2571 καὶ
2417 2518 2698 2589 περιέπειν
2713 2518 3011 2591 δορυφορίᾳ
3022 2518 3082 2572 τὸ
3099 2522 3322 2590 σημεῖον
3338 2519 3645 2592 άμοιὸαίως
3658 2521 3900 2574 ἑκάστου

2307 2613 2438 2667 αὐτὸ
2456 2613 2550 2666 ἐπὶ
2581 2612 2689 2666 τῶν
2707 2611 2874 2685 ὤμων
2895 2611 3170 2684 φέροντος.
3207 2613 3391 2666 Ταῦτα.
3419 2612 3677 2684 βασιλεὺς
3712 2613 3901 2677 αὐτὸς,

2305 2708 2418 2770 τοῖς
2473 2703 2573 2777 τὴν
2619 2703 2838 2776 γραφὴν
2893 2705 3256 2775 ποιουμένοις,
3309 2704 3402 2757 ἐπὶ
3457 2702 3653 2775 καιροῦ
3701 2703 3901 2775 σχολῆς

2309 2797 2506 2870 μακρῷ
2550 2797 2658 2851 τῶν
2699 2797 3041 2870 πραγμάτων
3076 2796 3303 2867 ὕστερον
3342 2797 3624 2868 ὑφηγεῖτο,
3663 2813 3899 2868 προστι-

2307 2891 2420 2955 θεὶς
2444 2890 2537 2945 καί
2559 2909 2610 2944 τι
2641 2889 3078 2962 μνημονευθῆναι
3104 2888 3252 2956 ἄξιον
3285 2889 3364 2960 τῷ
3391 2889 3713 2960 διηγήματι.

2831 3185 3226 3239 ΚΕΦΑΛΛΙΟΝ
3263 3187 3340 3240 8’.

2306 3278 2429 3331 Ὅτι
2467 3277 2585 3332 τῶν
2619 3278 3048 3346 σταυροερόρων
3087 3279 3352 3345 ἀνῃρέθη
3387 3276 3504 3348 μὲν
3526 3281 3558 3332 ό
3596 3277 3829 3348 φυγὼν,
3853 3280 3889 3333 ό

2619 3349 2688 3401 δὲ
2713 3349 2912 3402 πίστει
2937 3351 3306 3418 παραμείνας
3346 3347 3560 3416 ἐσώθη.

2376 3442 2519 3511 Ἔφη
2553 3440 2662 3512 γάρ
2695 3442 2816 3492 ποτ’
2850 3441 2908 3492 ἐν
2944 3440 3084 3514 μέσῃ
3111 3443 3176 3511 τῇ
3214 3439 3308 3493 τοῦ
3341 3439 3578 3511 πολέμου
3617 3440 3882 3512 συμϐολῇ,

2301 3533 2506 3587 κτύπου
2545 3533 2632 3586 καὶ
2667 3532 2912 3603 ταραχῆς
2952 3531 3153 3604 ἀθρόας
3200 3530 3559 3603 διαλαεούσης
3613 3533 3673 3585 τὸ
3722 3550 3882 3604 στρα-

2299 3625 2573 3687 τιωτικὸν,
2603 3623 2689 3676 τὸν
2713 3624 2805 3676 ἐπὶ
2829 3623 2940 3676 τῶν
2959 3623 3125 3693 ὤμων
3157 3623 3389 3694 φέροντα
3427 3623 3489 3677 τὸ
3519 3626 3747 3695 σημεῖον
3780 3623 3882 3678 ὑπὸ

2298 3719 2502 3782 δειλίας
2532 3719 2589 3770 ὲν
2623 3715 2828 3788 ἀγωνίᾳ
2880 3715 3150 3784 γενέσθαι,
3195 3717 3427 3770 κᾶπειτα
3469 3715 3878 3788 μεταπαραδοῦο

2296 3829 2384 3864 ναι
2406 3809 2538 3864 αὐτὸ
2559 3810 2750 3880 ἑτέρῳ,
2783 3809 2858 3872 ὡς
2889 3808 2953 3861 ἂν
2977 3807 3227 3876 διαφύγοι
3259 3809 3350 3861 τὸν
3380 3807 3632 3878 πόλεμον.
3669 3809 3761 3870 Ὠς
3790 3807 3832 3859 δ’
3853 3808 3878 3860 ὁ

2299 3902 2397 3970 μὲν
2443 3899 2798 3963 ὑποδέδεκτο,
2839 3899 2866 3950 ὁ
2904 3897 2946 3949 δ’
2977 3897 3222 3958 ὑπεκὸὰς
3261 3896 3394 3965 (41),
3451 3897 3612 3959 ἐκτὸς
3657 3897 3877 3964 ἐγένετο

2293 3993 2394 4062 τῆς
2440 3989 2533 4043 τοῦ
2580 3989 2809 4061 σημείου
2867 3986 3135 4056 φυλακῆς,
3185 3986 3336 4056 βέλος
3370 3987 3684 4040 άκοντισθὲν
3710 3983 3871 4040 αὑτοῦ

2293 4083 2432 4138 κατὰ
2448 4084 2547 4154 τῆς
2579 4081 2770 4154 νηδύος
2805 4081 3097 4152 πήγνυται,
3132 4079 3226 4132 καὶ
3253 4078 3351 4148 τὴν
3384 4078 3528 4149 ζωὴν
3561 4079 3872 4149 ἀφαιρεῖται

2291 4176 2478 4230 αὑτοῦ.
2520 4175 2658 4228 Ἀλλ’
2694 4175 2850 4238 αὐτὸς
2902 4173 2999 4244 μὲν
3040 4171 3241 4235 δειλίας
3273 4172 3366 4224 καὶ
3417 4172 3674 4234 ἀπιστίας
3719 4171 3872 4242 δίκην

2291 4270 2532 4334 ἐκτίσας,
2567 4268 2816 4321 ἐνταυθοῖ
2860 4265 3053 4336 νεκρὸς
3102 4265 3277 4318 ἔκειτο
3301 4283 3313 4293 ·
3360 4263 3448 4316 τοῦ
3514 4263 3572 4316 δὲ
3607 4263 3669 4316 τὸ
3705 4264 3870 4332 σωτή-

2293 4381 2407 4436 ριον
2452 4363 2714 4434 τρὸπαιον
2755 4361 3102 4434 αἰωροῦντος,
3158 4359 3298 4428 ζωῆς
3333 4358 3542 4425 ἐγίνετο
3590 4357 3867 4428 φυλακτή-

2297 4475 2429 4528 ριον,
2473 4457 2550 4519 ὼς
2595 4455 2854 4518 πολλάκις
2897 4453 3064 4525 βελῶν
3120 4453 3233 4507 κατ’
3267 4451 3430 4505 αὐτοῦ
3477 4450 3862 4521 πεμπομένων,

605 4540 843 4612 excepit.
879 4541 1012 4596 Erat
1044 4542 1093 4595 id
1119 4542 1484 4611 spectaculum
1511 4543 1662 4598 utuui
1695 4544 1958 4598 miraculo
1989 4545 2182 4612 majus,

2299 4548 2381 4600 τὸν
2417 4549 2516 4619 μὲν
2561 4548 2795 4618 φέροντα
2841 4544 3221 4610 διασώζεσθαι,
3257 4543 3317 4595 τὸ
3358 4543 3414 4594 δὲ
3467 4541 3559 4595 τοῦ
3605 4542 3863 4612 τροπαίου

604 4643 728 4683 cum
774 4638 969 4684 cuncta
1001 4631 1237 4684 hostium
1270 4631 1374 4686 tela
1407 4634 1458 4686 in
1491 4632 1872 4688 brevissimum
1903 4635 2054 4688 illum
2087 4636 2184 4689 has

604 4731 703 4776 staa
731 4723 991 4776 ambitum
1028 4723 1304 4778 caderent.
1336 4725 1468 4792 Qua:
1495 4743 1616 4781 cum
1653 4727 1706 4780 iu
1735 4727 1946 4782 hastam
2005 4729 2181 4796 impa-

601 4824 690 4870 cta
746 4815 1137 4886 deligarentur,
1194 4817 1424 4887 signifer
1476 4820 1801 4874 servabatur
1850 4820 2178 4875 incolumis:

604 4993 799 5067 Verum
839 4992 930 5050 hic
969 4994 1122 5067 locus
1148 4997 1375 5067 perinde
1416 4997 1576 5051 nobis
1607 4997 1826 5067 ignotus
1857 5006 1963 5051 est.
2010 4996 2179 5051 Porro

581 5066 714 5119 iure
747 5081 927 5135 pugna
961 5066 1322 5121 eodemanno
1353 5068 1582 5135 contigit
1609 5083 1717 5136 quo
1753 5066 2081 5128 Cibalensis.
2121 5076 2178 5121 ut

594 5153 660 5195 ex
699 5137 1011 5208 narratione
1046 5136 1272 5204 Zosimi,
1302 5148 1355 5191 et
1381 5137 1621 5190 auctoris
1657 5138 1802 5191 illius
1829 5138 1992 5208 ignoti
2022 5138 2179 5191 colli-

595 5209 767 5277 gitur.
794 5207 950 5271 Quod
981 5208 1198 5277 quidem
1235 5210 1400 5262 etiam
1436 5209 1538 5262 ltoc
1575 5207 1901 5277 argumento
1949 5210 2176 5261 demou—

593 5276 756 5330 strari
790 5286 994 5347 potest:
1023 5275 1147 5331 Post
1168 5280 1269 5332 hoc
1301 5278 1543 5346 pra-lium
1574 5275 1708 5347 pace
1732 5278 1867 5330 inter
1903 5280 2174 5332 Constan-

593 5349 767 5417 tinum
813 5355 868 5400 et
912 5346 1178 5400 Licinium
1225 5348 1391 5407 facta,
1439 5346 1691 5403 consules
1737 5349 1978 5417 seq..euti
2032 5364 2172 5400 anno

596 5416 721 5468 facti
762 5427 892 5471 sunt
918 5418 1314 5473 Constantinus
1341 5429 1394 5471 et.
1422 5419 1682 5482 Licinius,
1713 5430 1765 5472 et
1797 5416 1848 5472 iu
1874 5419 2172 5473 Occidente

595 5486 815 5556 quidem
853 5503 1028 5541 anuus
1073 5489 1162 5542 ille
1196 5489 1594 5556 inscriptttsest
1620 5491 2002 5544 :Coustantiuo
2034 5506 2082 5542 tv
2118 5498 2172 5541 ct

598 5553 811 5610 Licinio
843 5573 893 5610 tv
926 5573 1090 5618 coss.;
1118 5561 1170 5612 in
1203 5553 1445 5613 Orientis
1479 5569 1662 5613 autem
1700 5561 1946 5628 partibus
1976 5559 2168 5613 Licinii

597 5630 1170 5700 ttotttenprmpositttttt
1199 5639 1283 5683 est
1311 5629 1413 5683 hoc
1445 5630 1603 5683 modo
1638 5645 1652 5682 :
1689 5630 1898 5685 Licinio
1935 5632 2166 5700 August.

597 5709 673 5769 tv,
693 5697 1128 5769 ctConstautinn
1152 5701 1287 5769 Aug.
1322 5716 1374 5754 tv
1402 5716 1569 5768 coss.,
1600 5712 1654 5754 ut
1690 5702 1883 5769 legitur
1913 5697 2168 5757 inci-cer-

596 5767 702 5833 ptis
727 5768 796 5824 de
824 5765 993 5824 Gesti:
1022 5765 1376 5826 Constantini,

2286 4638 2408 4709 δόρυ
2443 4637 2691 4708 δέχεσθαι
2711 4637 2780 4690 τά
2809 4635 3132 4706 βαλλόμενα.
3165 4635 3273 4686 Καὶ
3294 4628 3361 4703 ἦν
3390 4650 3453 4699 γε
3482 4631 3638 4686 τοῦτο
3667 4629 3866 4692 παντὸς

2286 4731 2542 4783 ἐπέκεινα
2576 4729 2878 4800 θαύματος,
2929 4727 3046 4790 πῶς
3087 4728 3142 4780 ἐν
3193 4725 3504 4798 βραχυτάτῃ
3541 4724 3862 4795 περιφερείᾳ

2285 4821 2375 4874 τοῦ
2415 4821 2640 4890 δόρατος
2685 4820 2974 4890 ίκνούμενα
3017 4816 3088 4870 τὰ
3131 4817 3239 4872 τῶν
3280 4817 3551 4888 πολεμίων
3609 4817 3758 4889 βέλη,
3807 4819 3862 4871 ἐν

2358 4996 2469 5067 (40)
2497 4991 2690 5052 Ἦσαν
2721 4996 2774 5048 δ’
2811 4995 3096 5063 ἄνδρες...
3128 4995 3524 5064 πεντήκοντα.
3556 4995 3668 5050 llos
3693 4996 3857 5067 satel-

2283 5065 2408 5123 lites
2446 5065 2643 5136 quibus
2696 5067 3305 5138 Caustautinusreuram
3349 5067 3519 5120 labari
3569 5067 3620 5120 in
3659 5066 3857 5138 prailiis

2281 5137 2574 5200 commisit,
2613 5138 2907 5192 Gretscrus
2969 5137 3020 5190 in
3052 5137 3144 5192 lib.
3188 5153 3225 5191 ll
3269 5136 3344 5189 De
3392 5154 3562 5199 cruce,
3609 5151 3729 5203 cap.
3765 5136 3851 5196 lit).

2279 5209 2500 5262 eosdem
2533 5223 2653 5262 esse
2682 5208 2759 5261 ait
2802 5207 2897 5277 qui
2951 5203 3479 5277 prwpositilaboirum
3515 5207 3776 5277 dit-untur
3805 5207 3854 5258 in

2281 5278 2468 5332 rodice
2497 5273 2900 5347 Theodosiano;
2928 5273 2982 5331 id
3009 5273 3097 5331 est
3125 5277 3234 5329 τῶν
3267 5273 3549 5347 λαδώρων.
3579 5276 3710 5328 Nam
3737 5346 3742 5347 γ
3765 5275 3858 5330 λά·
3897 5277 3906 5295 ⁴

2278 5349 2455 5420 ϐωρον
2484 5346 2656 5403 Grteci
2683 5349 2956 5420 dicebant,
2979 5348 3120 5414 quod
3145 5346 3518 5402 laborantibus
3544 5346 3855 5417 agminibus

2278 5418 2482 5472 auxilio
2515 5427 2684 5481 esset,
2723 5427 2863 5471 teste
2889 5418 3213 5471 Sozomeno.

2348 5489 2463 5557 (41)
2496 5489 2678 5553 Vulg.,
2721 5488 2773 5540 '0
2807 5488 2859 5541 δ’
2895 5485 3145 5554 ὑποϐάς.
3179 5487 3371 5542 Veram
3407 5485 3567 5557 hujus
3591 5487 3694 5542 loci
3719 5487 3853 5557 scri-

2277 5555 2490 5626 pturam
2525 5559 2682 5628 nobis
2704 5560 2916 5627 aperuit
2937 5559 3104 5613 codex
3133 5558 3354 5622 Fuk.,iu
3374 5555 3490 5628 quo
3515 5559 3710 5626 legitur
3739 5558 3770 5611 ὁ
3795 5555 3854 5610 δὲ

2276 5629 2542 5755 υπερὲᾁς.
2576 5627 2686 5684 Non
2725 5630 2868 5684 enim
2898 5630 3082 5684 dubito
3110 5630 3242 5700 quin
3277 5627 3545 5685 Eusebius
3569 5628 3854 5698 scripserit
3875 5691 3888 5709 .

2278 5718 2419 5755 υπεκ
2459 5717 2542 5755 ας.

2278 5701 2542 5764 ὑπεκϐάς.
