  <div class='ocr_page' id='page_1' title='image "/cluster/home/n/w/nwhite01/storage/ocr_20150623/20/hvd.32044073501181/508.png"; bbox 0 0 4132 6406; ppageno 0'>
   <div class='ocr_carea' id='block_1_1' title="bbox 297 350 441 410">
    <p class='ocr_par' dir='ltr' id='par_1_1' title="bbox 297 350 441 410">
     <span class='ocr_line' id='line_1_1' title="bbox 297 350 441 410; baseline 0.042 -6"><span class='ocrx_word' id='word_1_1' title='bbox 297 350 441 410; x_wconf 71' lang='lat'><strong>98&#39;)</strong></span> 
     </span>
    </p>
   </div>
   <div class='ocr_carea' id='block_1_2' title="bbox 1466 359 2524 416">
    <p class='ocr_par' dir='ltr' id='par_1_2' title="bbox 1466 359 2524 416">
     <span class='ocr_line' id='line_1_2' title="bbox 1466 359 2524 416; baseline 0.003 -3"><span class='ocrx_word' id='word_1_2' title='bbox 1466 359 1552 414; x_wconf 78' lang='lat' dir='ltr'><strong>DE</strong></span> <span class='ocrx_word' id='word_1_3' title='bbox 1597 360 1756 415; x_wconf 79' lang='lat' dir='ltr'><strong>VITA</strong></span> <span class='ocrx_word' id='word_1_4' title='bbox 1797 361 2256 416; x_wconf 70' lang='lat' dir='ltr'><strong>CONSTANTIM</strong></span> <span class='ocrx_word' id='word_1_5' title='bbox 2295 360 2423 416; x_wconf 84' lang='lat' dir='ltr'><strong>LIB.</strong></span> <span class='ocrx_word' id='word_1_6' title='bbox 2461 361 2524 416; x_wconf 90' lang='lat' dir='ltr'><strong>II.</strong></span> 
     </span>
    </p>
   </div>
   <div class='ocr_carea' id='block_1_3' title="bbox 3507 369 3612 418">
    <p class='ocr_par' dir='ltr' id='par_1_3' title="bbox 3507 369 3612 418">
     <span class='ocr_line' id='line_1_3' title="bbox 3507 369 3612 418; baseline 0 0"><span class='ocrx_word' id='word_1_7' title='bbox 3507 369 3612 418; x_wconf 69' lang='lat'><strong>090</strong></span> 
     </span>
    </p>
   </div>
   <div class='ocr_carea' id='block_1_4' title="bbox 296 469 1881 553">
    <p class='ocr_par' dir='ltr' id='par_1_4' title="bbox 296 469 1881 550">
     <span class='ocr_line' id='line_1_4' title="bbox 296 469 1881 550; baseline 0.008 -31"><span class='ocrx_word' id='word_1_8' title='bbox 296 469 505 542; x_wconf 75' lang='grc' dir='ltr'>αὐτῷ</span> <span class='ocrx_word' id='word_1_9' title='bbox 563 474 660 544; x_wconf 81' lang='grc' dir='ltr'>μὲν</span> <span class='ocrx_word' id='word_1_10' title='bbox 716 473 1036 546; x_wconf 73' lang='grc' dir='ltr'>πηγνύμενα</span> <span class='ocrx_word' id='word_1_11' title='bbox 1093 477 1483 549; x_wconf 83' lang='grc' dir='ltr'>κατεπείρετο,</span> <span class='ocrx_word' id='word_1_12' title='bbox 1533 478 1826 550; x_wconf 72' lang='grc' dir='ltr'><strong>ἠλευθέρου</strong></span> <span class='ocrx_word' id='word_1_13' title='bbox 1879 507 1881 521; x_wconf 68' lang='grc' dir='ltr'><strong>ι</strong></span> 
     </span>
    </p>
   </div>
   <div class='ocr_carea' id='block_1_5' title="bbox 1986 469 3684 553">
    <p class='ocr_par' dir='ltr' id='par_1_5' title="bbox 1986 477 3684 553">
     <span class='ocr_line' id='line_1_5' title="bbox 1986 477 3684 553; baseline 0.005 -22"><span class='ocrx_word' id='word_1_14' title='bbox 1986 489 2011 539; x_wconf 67' lang='grc' dir='ltr'><strong>ι</strong></span> <span class='ocrx_word' id='word_1_15' title='bbox 2046 479 2179 534; x_wconf 85' lang='lat' dir='ltr'><strong>adeo</strong></span> <span class='ocrx_word' id='word_1_16' title='bbox 2210 494 2265 533; x_wconf 88' lang='lat' dir='ltr'><strong>ut</strong></span> <span class='ocrx_word' id='word_1_17' title='bbox 2310 479 2458 533; x_wconf 90' lang='lat' dir='ltr'><strong>nullo</strong></span> <span class='ocrx_word' id='word_1_18' title='bbox 2488 492 2724 548; x_wconf 82' lang='lat' dir='ltr'><strong>unquam</strong></span> <span class='ocrx_word' id='word_1_19' title='bbox 2743 477 2926 546; x_wconf 87' lang='lat' dir='ltr'><strong>jaculo</strong></span> <span class='ocrx_word' id='word_1_20' title='bbox 2957 477 3272 546; x_wconf 85' lang='lat' dir='ltr'><strong>ferirentur,</strong></span> <span class='ocrx_word' id='word_1_21' title='bbox 3305 481 3610 553; x_wconf 84' lang='lat' dir='ltr'><strong>quicunque</strong></span> <span class='ocrx_word' id='word_1_22' title='bbox 3673 500 3684 518; x_wconf 89' lang='grc'><strong>·-</strong></span> 
     </span>
    </p>
   </div>
   <div class='ocr_carea' id='block_1_6' title="bbox 297 556 1932 643">
    <p class='ocr_par' dir='ltr' id='par_1_6' title="bbox 297 556 1932 643">
     <span class='ocr_line' id='line_1_6' title="bbox 297 556 1932 643; baseline 0.006 -30"><span class='ocrx_word' id='word_1_23' title='bbox 297 556 588 618; x_wconf 78' lang='grc' dir='ltr'>θανάτου</span> <span class='ocrx_word' id='word_1_24' title='bbox 613 565 703 634; x_wconf 75' lang='grc' dir='ltr'>τὸν</span> <span class='ocrx_word' id='word_1_25' title='bbox 728 566 982 641; x_wconf 74' lang='grc' dir='ltr'>φέροντα,</span> <span class='ocrx_word' id='word_1_26' title='bbox 1011 567 1086 630; x_wconf 86' lang='grc' dir='ltr'>ὡς</span> <span class='ocrx_word' id='word_1_27' title='bbox 1102 559 1276 638; x_wconf 68' lang='grc' dir='ltr'>μηδὲν</span> <span class='ocrx_word' id='word_1_28' title='bbox 1304 569 1570 624; x_wconf 77' lang='grc' dir='ltr'>ἅπτεσθαι</span> <span class='ocrx_word' id='word_1_29' title='bbox 1595 569 1703 623; x_wconf 83' lang='grc' dir='ltr'>τῶν</span> <span class='ocrx_word' id='word_1_30' title='bbox 1728 571 1932 643; x_wconf 66' lang='grc' dir='ltr'>ταύτὴν</span> 
     </span>
    </p>
   </div>
   <div class='ocr_carea' id='block_1_7' title="bbox 300 661 1930 737">
    <p class='ocr_par' dir='ltr' id='par_1_7' title="bbox 300 661 1930 737">
     <span class='ocr_line' id='line_1_7' title="bbox 300 661 1930 737; baseline 0.007 -29"><span class='ocrx_word' id='word_1_31' title='bbox 300 661 692 732; x_wconf 78' lang='grc' dir='ltr'><strong>ποιουμένων</strong></span> <span class='ocrx_word' id='word_1_32' title='bbox 730 663 827 734; x_wconf 77' lang='grc' dir='ltr'>τὴν</span> <span class='ocrx_word' id='word_1_33' title='bbox 856 662 1130 716; x_wconf 76' lang='grc' dir='ltr'><strong>διακονίαν</strong></span> <span class='ocrx_word' id='word_1_34' title='bbox 1168 663 1410 717; x_wconf 87' lang='grc' dir='ltr'>πώποτε.</span> <span class='ocrx_word' id='word_1_35' title='bbox 1451 666 1562 736; x_wconf 83' lang='grc' dir='ltr'><strong>υύχ</strong></span> <span class='ocrx_word' id='word_1_36' title='bbox 1596 666 1862 737; x_wconf 79' lang='grc' dir='ltr'>ἡμέτερος</span> <span class='ocrx_word' id='word_1_37' title='bbox 1887 666 1930 718; x_wconf 89' lang='grc' dir='ltr'>δ’</span> 
     </span>
    </p>
   </div>
   <div class='ocr_carea' id='block_1_8' title="bbox 297 747 1931 830">
    <p class='ocr_par' dir='ltr' id='par_1_8' title="bbox 297 747 1931 830">
     <span class='ocr_line' id='line_1_8' title="bbox 297 747 1931 830; baseline 0.007 -31"><span class='ocrx_word' id='word_1_38' title='bbox 297 747 335 799; x_wconf 81' lang='grc' dir='ltr'><strong>ὁ</strong></span> <span class='ocrx_word' id='word_1_39' title='bbox 388 748 592 820; x_wconf 81' lang='grc' dir='ltr'>λόγος,</span> <span class='ocrx_word' id='word_1_40' title='bbox 639 753 752 807; x_wconf 85' lang='grc' dir='ltr'>ἀλλ’</span> <span class='ocrx_word' id='word_1_41' title='bbox 783 755 946 807; x_wconf 80' lang='grc' dir='ltr'>αὐτοῦ</span> <span class='ocrx_word' id='word_1_42' title='bbox 993 754 1155 808; x_wconf 74' lang='grc' dir='ltr'>πάλιν</span> <span class='ocrx_word' id='word_1_43' title='bbox 1193 755 1490 824; x_wconf 85' lang='grc' dir='ltr'>βασιλέως,</span> <span class='ocrx_word' id='word_1_44' title='bbox 1536 759 1616 820; x_wconf 82' lang='grc' dir='ltr'>εἰς</span> <span class='ocrx_word' id='word_1_45' title='bbox 1656 759 1931 830; x_wconf 85' lang='grc' dir='ltr'>ἡμετέρας</span> 
     </span>
    </p>
   </div>
   <div class='ocr_carea' id='block_1_9' title="bbox 303 837 1926 919">
    <p class='ocr_par' dir='ltr' id='par_1_9' title="bbox 303 837 1926 919">
     <span class='ocr_line' id='line_1_9' title="bbox 303 837 1926 919; baseline 0.007 -28"><span class='ocrx_word' id='word_1_46' title='bbox 303 837 519 906; x_wconf 78' lang='grc' dir='ltr'>ἀκοὰς</span> <span class='ocrx_word' id='word_1_47' title='bbox 550 843 686 914; x_wconf 74' lang='grc' dir='ltr'>πρὸς</span> <span class='ocrx_word' id='word_1_48' title='bbox 719 844 924 916; x_wconf 78' lang='grc' dir='ltr'>ἑτέροις</span> <span class='ocrx_word' id='word_1_49' title='bbox 958 847 1049 898; x_wconf 76' lang='grc' dir='ltr'><strong>καὶ</strong></span> <span class='ocrx_word' id='word_1_50' title='bbox 1081 845 1268 900; x_wconf 81' lang='grc' dir='ltr'>τοῦτον</span> <span class='ocrx_word' id='word_1_51' title='bbox 1302 848 1887 919; x_wconf 79' lang='grc' dir='ltr'>ἀπομνημονεύσαντος</span> <span class='ocrx_word' id='word_1_52' title='bbox 1911 866 1926 880; x_wconf 76' lang='grc' dir='ltr'><strong><em>ο</em></strong></span> 
     </span>
    </p>
   </div>
   <div class='ocr_carea' id='block_1_10' title="bbox 305 933 1923 1012">
    <p class='ocr_par' dir='ltr' id='par_1_10' title="bbox 305 933 1923 1012">
     <span class='ocr_line' id='line_1_10' title="bbox 305 933 1923 1012; baseline 0.006 -25"><span class='ocrx_word' id='word_1_53' title='bbox 305 933 383 997; x_wconf 84' lang='grc' dir='ltr'>ὃς</span> <span class='ocrx_word' id='word_1_54' title='bbox 439 936 632 1004; x_wconf 77' lang='grc' dir='ltr'>ἐπειδὴ</span> <span class='ocrx_word' id='word_1_55' title='bbox 670 937 806 991; x_wconf 87' lang='grc' dir='ltr'>Θεοῦ</span> <span class='ocrx_word' id='word_1_56' title='bbox 849 939 1074 1008; x_wconf 80' lang='grc' dir='ltr'><strong>δυνάμει</strong></span> <span class='ocrx_word' id='word_1_57' title='bbox 1121 940 1222 1002; x_wconf 76' lang='grc' dir='ltr'><strong>τὰς</strong></span> <span class='ocrx_word' id='word_1_58' title='bbox 1270 939 1494 1012; x_wconf 88' lang='grc' dir='ltr'>πρώτας</span> <span class='ocrx_word' id='word_1_59' title='bbox 1534 941 1704 1012; x_wconf 75' lang='grc' dir='ltr'>ἤρατο</span> <span class='ocrx_word' id='word_1_60' title='bbox 1748 942 1923 1006; x_wconf 84' lang='grc' dir='ltr'>νίκας,</span> 
     </span>
    </p>
   </div>
   <div class='ocr_carea' id='block_1_11' title="bbox 305 1025 1925 1106">
    <p class='ocr_par' dir='ltr' id='par_1_11' title="bbox 305 1025 1925 1106">
     <span class='ocr_line' id='line_1_11' title="bbox 305 1025 1925 1106; baseline 0.006 -27"><span class='ocrx_word' id='word_1_61' title='bbox 305 1025 431 1079; x_wconf 71' lang='grc' dir='ltr'>ἐπὶ</span> <span class='ocrx_word' id='word_1_62' title='bbox 482 1027 552 1082; x_wconf 83' lang='grc' dir='ltr'>τὰ</span> <span class='ocrx_word' id='word_1_63' title='bbox 595 1029 783 1100; x_wconf 86' lang='grc' dir='ltr'>πρόσω</span> <span class='ocrx_word' id='word_1_64' title='bbox 832 1029 1017 1084; x_wconf 76' lang='grc' dir='ltr'>λοιπὸν</span> <span class='ocrx_word' id='word_1_65' title='bbox 1057 1031 1278 1104; x_wconf 72' lang='grc' dir='ltr'>ἤλαυνε,</span> <span class='ocrx_word' id='word_1_66' title='bbox 1320 1033 1380 1087; x_wconf 87' lang='grc' dir='ltr'><strong>τὸ</strong></span> <span class='ocrx_word' id='word_1_67' title='bbox 1427 1034 1814 1106; x_wconf 77' lang='grc' dir='ltr'>στρατιωτικὸν</span> <span class='ocrx_word' id='word_1_68' title='bbox 1865 1036 1925 1088; x_wconf 85' lang='grc' dir='ltr'><strong>ὲν</strong></span> 
     </span>
    </p>
   </div>
   <div class='ocr_carea' id='block_1_12' title="bbox 305 1118 780 1192">
    <p class='ocr_par' dir='ltr' id='par_1_12' title="bbox 305 1118 780 1192">
     <span class='ocr_line' id='line_1_12' title="bbox 305 1118 780 1192; baseline 0.008 -21"><span class='ocrx_word' id='word_1_69' title='bbox 305 1118 495 1187; x_wconf 72' lang='grc' dir='ltr'>τάξει</span> <span class='ocrx_word' id='word_1_70' title='bbox 533 1123 652 1192; x_wconf 80' lang='grc' dir='ltr'>κινή</span> <span class='ocrx_word' id='word_1_71' title='bbox 662 1139 780 1186; x_wconf 89' lang='grc' dir='ltr'>σας.</span> 
     </span>
    </p>
   </div>
   <div class='ocr_carea' id='block_1_13' title="bbox 865 1215 1354 1270">
    <p class='ocr_par' dir='ltr' id='par_1_13' title="bbox 865 1215 1354 1270">
     <span class='ocr_line' id='line_1_13' title="bbox 865 1215 1354 1270; baseline 0.002 -2"><span class='ocrx_word' id='word_1_72' title='bbox 865 1215 1261 1268; x_wconf 82' lang='grc' dir='ltr'><strong>ΚΕΦΑΛΑΙΟΝ</strong></span> <span class='ocrx_word' id='word_1_73' title='bbox 1300 1217 1354 1270; x_wconf 89' lang='lat' dir='ltr'><strong>I’.</strong></span> 
     </span>
    </p>
   </div>
   <div class='ocr_carea' id='block_1_14' title="bbox 397 1307 1845 1377">
    <p class='ocr_par' dir='ltr' id='par_1_14' title="bbox 397 1307 1845 1377">
     <span class='ocr_line' id='line_1_14' title="bbox 397 1307 1845 1377; baseline 0.006 -19"><span class='ocrx_word' id='word_1_74' title='bbox 397 1307 453 1358; x_wconf 87' lang='grc' dir='ltr'><strong><em>Σ</em></strong></span> <span class='ocrx_word' id='word_1_75' title='bbox 457 1307 704 1374; x_wconf 73' lang='grc' dir='ltr'>υμϐολαὶ</span> <span class='ocrx_word' id='word_1_76' title='bbox 735 1307 1024 1377; x_wconf 53' lang='grc' dir='ltr'>διάφοροι,</span> <span class='ocrx_word' id='word_1_77' title='bbox 1047 1309 1145 1362; x_wconf 82' lang='grc' dir='ltr'>καὶ</span> <span class='ocrx_word' id='word_1_78' title='bbox 1173 1312 1641 1365; x_wconf 74' lang='grc' dir='ltr'>Κωνσταντίνου</span> <span class='ocrx_word' id='word_1_79' title='bbox 1662 1311 1845 1366; x_wconf 75' lang='grc' dir='ltr'>νίκαι.</span> 
     </span>
    </p>
   </div>
   <div class='ocr_carea' id='block_1_15' title="bbox 398 1397 1920 1475">
    <p class='ocr_par' dir='ltr' id='par_1_15' title="bbox 398 1397 1920 1475">
     <span class='ocr_line' id='line_1_15' title="bbox 398 1397 1920 1475; baseline 0.006 -27"><span class='ocrx_word' id='word_1_80' title='bbox 398 1397 608 1450; x_wconf 80' lang='grc' dir='ltr'>Τούτου</span> <span class='ocrx_word' id='word_1_81' title='bbox 643 1399 698 1452; x_wconf 79' lang='grc' dir='ltr'>δὲ</span> <span class='ocrx_word' id='word_1_82' title='bbox 727 1400 824 1470; x_wconf 74' lang='grc' dir='ltr'>τὴν</span> <span class='ocrx_word' id='word_1_83' title='bbox 850 1400 1072 1471; x_wconf 75' lang='grc' dir='ltr'>πρώτην</span> <span class='ocrx_word' id='word_1_84' title='bbox 1095 1401 1271 1472; x_wconf 78' lang='grc' dir='ltr'>ὁρμὴν</span> <span class='ocrx_word' id='word_1_85' title='bbox 1307 1403 1356 1454; x_wconf 86' lang='grc' dir='ltr'><strong>οί</strong></span> <span class='ocrx_word' id='word_1_86' title='bbox 1387 1402 1484 1473; x_wconf 82' lang='grc' dir='ltr'>τῆς</span> <span class='ocrx_word' id='word_1_87' title='bbox 1507 1402 1754 1466; x_wconf 79' lang='grc' dir='ltr'><strong>ἐναντίας</strong></span> <span class='ocrx_word' id='word_1_88' title='bbox 1787 1420 1920 1475; x_wconf 79' lang='grc' dir='ltr'>προ-</span> 
     </span>
    </p>
   </div>
   <div class='ocr_carea' id='block_1_16' title="bbox 306 1489 1918 1565">
    <p class='ocr_par' dir='ltr' id='par_1_16' title="bbox 306 1489 1918 1565">
     <span class='ocr_line' id='line_1_16' title="bbox 306 1489 1918 1565; baseline 0.005 -25"><span class='ocrx_word' id='word_1_89' title='bbox 306 1489 698 1560; x_wconf 76' lang='grc' dir='ltr'>κατάρχοντες</span> <span class='ocrx_word' id='word_1_90' title='bbox 746 1491 950 1561; x_wconf 75' lang='grc' dir='ltr'>λήξεως</span> <span class='ocrx_word' id='word_1_91' title='bbox 987 1493 1086 1562; x_wconf 74' lang='grc' dir='ltr'><strong>οὐχ</strong></span> <span class='ocrx_word' id='word_1_92' title='bbox 1147 1493 1512 1557; x_wconf 78' lang='grc' dir='ltr'>ὑποστάντες,</span> <span class='ocrx_word' id='word_1_93' title='bbox 1568 1498 1686 1548; x_wconf 77' lang='grc' dir='ltr'>ταῖν</span> <span class='ocrx_word' id='word_1_94' title='bbox 1737 1497 1918 1565; x_wconf 78' lang='grc' dir='ltr'>χεροῖν</span> 
     </span>
    </p>
   </div>
   <div class='ocr_carea' id='block_1_17' title="bbox 307 1575 1910 1657">
    <p class='ocr_par' dir='ltr' id='par_1_17' title="bbox 307 1575 1910 1657">
     <span class='ocr_line' id='line_1_17' title="bbox 307 1575 1910 1657; baseline 0.017 -42"><span class='ocrx_word' id='word_1_95' title='bbox 307 1583 589 1650; x_wconf 55' lang='grc' dir='ltr'>ῥίψαντες</span> <span class='ocrx_word' id='word_1_96' title='bbox 609 1585 674 1636; x_wconf 61' lang='grc' dir='ltr'><strong>τὰ</strong></span> <span class='ocrx_word' id='word_1_97' title='bbox 697 1575 855 1646; x_wconf 47' lang='lat' dir='ltr'><strong>eam,</strong></span> <span class='ocrx_word' id='word_1_98' title='bbox 887 1584 1268 1657; x_wconf 80' lang='grc' dir='ltr'><strong>προσεχώρουν</strong></span> <span class='ocrx_word' id='word_1_99' title='bbox 1298 1589 1410 1651; x_wconf 84' lang='grc' dir='ltr'>τοῖς</span> <span class='ocrx_word' id='word_1_100' title='bbox 1442 1586 1705 1657; x_wconf 83' lang='grc' dir='ltr'>βασιλέως</span> <span class='ocrx_word' id='word_1_101' title='bbox 1737 1591 1910 1642; x_wconf 88' lang='grc' dir='ltr'>ποσίν·</span> 
     </span>
    </p>
   </div>
   <div class='ocr_carea' id='block_1_18' title="bbox 305 1675 1914 1749">
    <p class='ocr_par' dir='ltr' id='par_1_18' title="bbox 305 1675 1914 1749">
     <span class='ocr_line' id='line_1_18' title="bbox 305 1675 1914 1749; baseline 0.004 -24"><span class='ocrx_word' id='word_1_102' title='bbox 305 1675 339 1725; x_wconf 85' lang='grc' dir='ltr'>ὁ</span> <span class='ocrx_word' id='word_1_103' title='bbox 371 1675 434 1727; x_wconf 72' lang='grc' dir='ltr'>δὲ</span> <span class='ocrx_word' id='word_1_104' title='bbox 467 1676 595 1736; x_wconf 77' lang='grc' dir='ltr'>τοὺς</span> <span class='ocrx_word' id='word_1_105' title='bbox 640 1676 850 1739; x_wconf 79' lang='grc' dir='ltr'><strong>πάντας</strong></span> <span class='ocrx_word' id='word_1_106' title='bbox 883 1675 1054 1739; x_wconf 84' lang='grc' dir='ltr'>σώους</span> <span class='ocrx_word' id='word_1_107' title='bbox 1099 1677 1409 1747; x_wconf 80' lang='grc' dir='ltr'>ὑπεδέχετο,</span> <span class='ocrx_word' id='word_1_108' title='bbox 1453 1680 1520 1748; x_wconf 81' lang='grc' dir='ltr'>τῇ</span> <span class='ocrx_word' id='word_1_109' title='bbox 1557 1677 1664 1730; x_wconf 81' lang='grc' dir='ltr'>τῶν</span> <span class='ocrx_word' id='word_1_110' title='bbox 1705 1678 1914 1749; x_wconf 81' lang='grc' dir='ltr'>ἀνδρῶν</span> 
     </span>
    </p>
   </div>
   <div class='ocr_carea' id='block_1_19' title="bbox 304 1764 1912 1838">
    <p class='ocr_par' dir='ltr' id='par_1_19' title="bbox 304 1764 1912 1838">
     <span class='ocr_line' id='line_1_19' title="bbox 304 1764 1912 1838; baseline 0.004 -23"><span class='ocrx_word' id='word_1_111' title='bbox 304 1764 634 1832; x_wconf 81' lang='grc' dir='ltr'>ἁσμενίζων</span> <span class='ocrx_word' id='word_1_112' title='bbox 663 1764 926 1835; x_wconf 72' lang='grc' dir='ltr'>σωτηρία.</span> <span class='ocrx_word' id='word_1_113' title='bbox 955 1765 1134 1819; x_wconf 75' lang='grc' dir='ltr'>’Ἄλλοι</span> <span class='ocrx_word' id='word_1_114' title='bbox 1160 1766 1202 1819; x_wconf 85' lang='grc' dir='ltr'>δ’</span> <span class='ocrx_word' id='word_1_115' title='bbox 1229 1768 1320 1819; x_wconf 81' lang='grc' dir='ltr'><strong>ἐπὶ</strong></span> <span class='ocrx_word' id='word_1_116' title='bbox 1358 1769 1468 1830; x_wconf 86' lang='grc' dir='ltr'>τοῖς</span> <span class='ocrx_word' id='word_1_117' title='bbox 1488 1768 1671 1832; x_wconf 77' lang='grc' dir='ltr'>ὅπλοις</span> <span class='ocrx_word' id='word_1_118' title='bbox 1699 1769 1912 1838; x_wconf 69' lang='grc' dir='ltr'>μείναν-</span> 
     </span>
    </p>
   </div>
   <div class='ocr_carea' id='block_1_20' title="bbox 2036 569 3606 641">
    <p class='ocr_par' dir='ltr' id='par_1_20' title="bbox 2036 569 3606 641">
     <span class='ocr_line' id='line_1_20' title="bbox 2036 569 3606 641; baseline 0.004 -16"><span class='ocrx_word' id='word_1_119' title='bbox 2036 570 2141 626; x_wconf 89' lang='lat' dir='ltr'><strong>hoc</strong></span> <span class='ocrx_word' id='word_1_120' title='bbox 2186 570 2558 625; x_wconf 75' lang='lat' dir='ltr'><strong>ministerium</strong></span> <span class='ocrx_word' id='word_1_121' title='bbox 2585 570 2830 625; x_wconf 89' lang='lat' dir='ltr'><strong>obibant.</strong></span> <span class='ocrx_word' id='word_1_122' title='bbox 2867 569 3050 641; x_wconf 85' lang='lat' dir='ltr'><strong>Neque</strong></span> <span class='ocrx_word' id='word_1_123' title='bbox 3085 587 3246 640; x_wconf 86' lang='lat' dir='ltr'><strong>porro</strong></span> <span class='ocrx_word' id='word_1_124' title='bbox 3275 572 3388 628; x_wconf 67' lang='lat' dir='ltr'><strong>haec</strong></span> <span class='ocrx_word' id='word_1_125' title='bbox 3424 586 3606 632; x_wconf 79' lang='lat' dir='ltr'><strong>nostra</strong></span> 
     </span>
    </p>
   </div>
   <div class='ocr_carea' id='block_1_21' title="bbox 2034 660 3606 736">
    <p class='ocr_par' dir='ltr' id='par_1_21' title="bbox 2034 660 3606 736">
     <span class='ocr_line' id='line_1_21' title="bbox 2034 660 3606 736; baseline 0.003 -22"><span class='ocrx_word' id='word_1_126' title='bbox 2034 671 2116 715; x_wconf 92' lang='lat' dir='ltr'><strong>est</strong></span> <span class='ocrx_word' id='word_1_127' title='bbox 2147 662 2346 725; x_wconf 88' lang='lat' dir='ltr'><strong>oratio,</strong></span> <span class='ocrx_word' id='word_1_128' title='bbox 2375 665 2482 715; x_wconf 90' lang='lat' dir='ltr'><strong>sed</strong></span> <span class='ocrx_word' id='word_1_129' title='bbox 2509 660 2678 731; x_wconf 88' lang='lat' dir='ltr'><strong>ipsius</strong></span> <span class='ocrx_word' id='word_1_130' title='bbox 2711 660 3072 730; x_wconf 70' lang='lat' dir='ltr'><strong>imperatoris,</strong></span> <span class='ocrx_word' id='word_1_131' title='bbox 3109 665 3200 731; x_wconf 89' lang='lat' dir='ltr'><strong>qui</strong></span> <span class='ocrx_word' id='word_1_132' title='bbox 3234 664 3376 719; x_wconf 87' lang='lat' dir='ltr'><strong>inter</strong></span> <span class='ocrx_word' id='word_1_133' title='bbox 3401 666 3606 736; x_wconf 84' lang='lat' dir='ltr'><strong>reliqua</strong></span> 
     </span>
    </p>
   </div>
   <div class='ocr_carea' id='block_1_22' title="bbox 2031 752 3604 827">
    <p class='ocr_par' dir='ltr' id='par_1_22' title="bbox 2031 752 3604 827">
     <span class='ocr_line' id='line_1_22' title="bbox 2031 752 3604 827; baseline 0.004 -20"><span class='ocrx_word' id='word_1_134' title='bbox 2031 752 2084 807; x_wconf 89' lang='lat' dir='ltr'><strong>id</strong></span> <span class='ocrx_word' id='word_1_135' title='bbox 2118 753 2289 807; x_wconf 89' lang='lat' dir='ltr'><strong>etiam</strong></span> <span class='ocrx_word' id='word_1_136' title='bbox 2341 754 2498 806; x_wconf 86' lang='lat' dir='ltr'><strong>nobis</strong></span> <span class='ocrx_word' id='word_1_137' title='bbox 2549 755 3024 808; x_wconf 88' lang='lat' dir='ltr'><strong>commemoravit.</strong></span> <span class='ocrx_word' id='word_1_138' title='bbox 3071 755 3172 822; x_wconf 90' lang='lat' dir='ltr'><strong>Qui</strong></span> <span class='ocrx_word' id='word_1_139' title='bbox 3235 771 3351 809; x_wconf 85' lang='lat' dir='ltr'><strong>cum</strong></span> <span class='ocrx_word' id='word_1_140' title='bbox 3399 757 3604 827; x_wconf 79' lang='lat' dir='ltr'><strong>priores</strong></span> 
     </span>
    </p>
   </div>
   <div class='ocr_carea' id='block_1_23' title="bbox 2031 844 3601 919">
    <p class='ocr_par' dir='ltr' id='par_1_23' title="bbox 2031 844 3601 919">
     <span class='ocr_line' id='line_1_23' title="bbox 2031 844 3601 919; baseline 0.004 -21"><span class='ocrx_word' id='word_1_141' title='bbox 2031 844 2299 899; x_wconf 89' lang='lat' dir='ltr'><strong>victorias</strong></span> <span class='ocrx_word' id='word_1_142' title='bbox 2327 845 2420 899; x_wconf 89' lang='lat' dir='ltr'><strong>Dei</strong></span> <span class='ocrx_word' id='word_1_143' title='bbox 2463 845 2852 915; x_wconf 83' lang='lat' dir='ltr'><strong>omnipotentis</strong></span> <span class='ocrx_word' id='word_1_144' title='bbox 2878 847 3086 902; x_wconf 78' lang='lat' dir='ltr'><strong>auxilio</strong></span> <span class='ocrx_word' id='word_1_145' title='bbox 3134 850 3425 913; x_wconf 87' lang='lat' dir='ltr'><strong>retulisset,</strong></span> <span class='ocrx_word' id='word_1_146' title='bbox 3457 857 3601 919; x_wconf 82' lang='lat' dir='ltr'><strong>post-</strong></span> 
     </span>
    </p>
   </div>
   <div class='ocr_carea' id='block_1_24' title="bbox 2030 936 3601 1012">
    <p class='ocr_par' dir='ltr' id='par_1_24' title="bbox 2030 936 3601 1012">
     <span class='ocr_line' id='line_1_24' title="bbox 2030 936 3601 1012; baseline 0.004 -20"><span class='ocrx_word' id='word_1_147' title='bbox 2030 937 2147 992; x_wconf 77' lang='lat' dir='ltr'><strong>haec</strong></span> <span class='ocrx_word' id='word_1_148' title='bbox 2171 936 2292 992; x_wconf 84' lang='lat' dir='ltr'><strong>acie</strong></span> <span class='ocrx_word' id='word_1_149' title='bbox 2317 938 2586 994; x_wconf 88' lang='lat' dir='ltr'><strong>instructa</strong></span> <span class='ocrx_word' id='word_1_150' title='bbox 2622 938 2923 994; x_wconf 81' lang='lat' dir='ltr'><strong>exercitum</strong></span> <span class='ocrx_word' id='word_1_151' title='bbox 2948 954 3196 1004; x_wconf 86' lang='lat' dir='ltr'><strong>movens,</strong></span> <span class='ocrx_word' id='word_1_152' title='bbox 3228 940 3452 997; x_wconf 89' lang='lat' dir='ltr'><strong>ulterius</strong></span> <span class='ocrx_word' id='word_1_153' title='bbox 3479 958 3601 1012; x_wconf 83' lang='lat' dir='ltr'><strong>pro-</strong></span> 
     </span>
    </p>
   </div>
   <div class='ocr_carea' id='block_1_25' title="bbox 2025 1028 2211 1084">
    <p class='ocr_par' dir='ltr' id='par_1_25' title="bbox 2025 1028 2211 1084">
     <span class='ocr_line' id='line_1_25' title="bbox 2025 1028 2211 1084; baseline 0.005 -1"><span class='ocrx_word' id='word_1_154' title='bbox 2025 1028 2211 1084; x_wconf 86' lang='lat' dir='ltr'><strong>cessit.</strong></span> 
     </span>
    </p>
   </div>
   <div class='ocr_carea' id='block_1_26' title="bbox 2641 1216 2973 1274">
    <p class='ocr_par' dir='ltr' id='par_1_26' title="bbox 2641 1216 2973 1274">
     <span class='ocr_line' id='line_1_26' title="bbox 2641 1216 2973 1274; baseline -0.006 -1"><span class='ocrx_word' id='word_1_155' title='bbox 2641 1216 2867 1274; x_wconf 72' lang='lat' dir='ltr'><strong>CAPUT</strong></span> <span class='ocrx_word' id='word_1_156' title='bbox 2904 1218 2973 1274; x_wconf 77' lang='grc' dir='ltr'>Χ.</span> 
     </span>
    </p>
   </div>
   <div class='ocr_carea' id='block_1_27' title="bbox 2267 1305 3374 1379">
    <p class='ocr_par' dir='ltr' id='par_1_27' title="bbox 2267 1305 3374 1379">
     <span class='ocr_line' id='line_1_27' title="bbox 2267 1305 3374 1379; baseline 0.005 -19"><span class='ocrx_word' id='word_1_157' title='bbox 2267 1305 2445 1360; x_wconf 76' lang='lat' dir='ltr'><strong>Varia:</strong></span> <span class='ocrx_word' id='word_1_158' title='bbox 2475 1325 2663 1379; x_wconf 78' lang='lat' dir='ltr'><strong>pugnw</strong></span> <span class='ocrx_word' id='word_1_159' title='bbox 2683 1319 2728 1362; x_wconf 84' lang='lat' dir='ltr'><strong>et</strong></span> <span class='ocrx_word' id='word_1_160' title='bbox 2765 1309 3100 1364; x_wconf 76' lang='lat' dir='ltr'><strong>Constantini</strong></span> <span class='ocrx_word' id='word_1_161' title='bbox 3122 1311 3374 1366; x_wconf 75' lang='lat' dir='ltr'><strong>victoriw.</strong></span> 
     </span>
    </p>
   </div>
   <div class='ocr_carea' id='block_1_28' title="bbox 2094 1398 3590 1472">
    <p class='ocr_par' dir='ltr' id='par_1_28' title="bbox 2094 1398 3590 1472">
     <span class='ocr_line' id='line_1_28' title="bbox 2094 1398 3590 1472; baseline 0.005 -20"><span class='ocrx_word' id='word_1_162' title='bbox 2094 1398 2266 1454; x_wconf 80' lang='lat' dir='ltr'><strong>Porro</strong></span> <span class='ocrx_word' id='word_1_163' title='bbox 2299 1403 2648 1454; x_wconf 87' lang='lat' dir='ltr'><strong>adversarum</strong></span> <span class='ocrx_word' id='word_1_164' title='bbox 2689 1403 2922 1470; x_wconf 91' lang='lat' dir='ltr'><strong>partium</strong></span> <span class='ocrx_word' id='word_1_165' title='bbox 2957 1403 3297 1471; x_wconf 89' lang='lat' dir='ltr'><strong>antesignani</strong></span> <span class='ocrx_word' id='word_1_166' title='bbox 3326 1417 3450 1459; x_wconf 89' lang='lat' dir='ltr'><strong>cum</strong></span> <span class='ocrx_word' id='word_1_167' title='bbox 3479 1405 3590 1472; x_wconf 88' lang='lat' dir='ltr'><strong>pri-</strong></span> 
     </span>
    </p>
   </div>
   <div class='ocr_carea' id='block_1_29' title="bbox 2015 1491 3589 1566">
    <p class='ocr_par' dir='ltr' id='par_1_29' title="bbox 2015 1491 3589 1566">
     <span class='ocr_line' id='line_1_29' title="bbox 2015 1491 3589 1566; baseline 0.004 -23"><span class='ocrx_word' id='word_1_168' title='bbox 2015 1503 2168 1544; x_wconf 84' lang='lat' dir='ltr'><strong>mum</strong></span> <span class='ocrx_word' id='word_1_169' title='bbox 2199 1491 2318 1562; x_wconf 89' lang='lat' dir='ltr'><strong>ejus</strong></span> <span class='ocrx_word' id='word_1_170' title='bbox 2346 1493 2604 1562; x_wconf 81' lang='lat' dir='ltr'><strong>impetum</strong></span> <span class='ocrx_word' id='word_1_171' title='bbox 2639 1494 2914 1548; x_wconf 88' lang='lat' dir='ltr'><strong>sustinere</strong></span> <span class='ocrx_word' id='word_1_172' title='bbox 2943 1509 3049 1549; x_wconf 89' lang='lat' dir='ltr'><strong>non</strong></span> <span class='ocrx_word' id='word_1_173' title='bbox 3085 1497 3406 1564; x_wconf 90' lang='lat' dir='ltr'><strong>potuissent,</strong></span> <span class='ocrx_word' id='word_1_174' title='bbox 3440 1495 3589 1566; x_wconf 73' lang='lat' dir='ltr'><strong>abie-</strong></span> 
     </span>
    </p>
   </div>
   <div class='ocr_carea' id='block_1_30' title="bbox 2016 1583 3585 1656">
    <p class='ocr_par' dir='ltr' id='par_1_30' title="bbox 2016 1583 3585 1656">
     <span class='ocr_line' id='line_1_30' title="bbox 2016 1583 3585 1656; baseline 0.004 -20"><span class='ocrx_word' id='word_1_175' title='bbox 2016 1584 2121 1637; x_wconf 88' lang='lat' dir='ltr'><strong>ctis</strong></span> <span class='ocrx_word' id='word_1_176' title='bbox 2150 1583 2317 1639; x_wconf 90' lang='lat' dir='ltr'><strong>armis</strong></span> <span class='ocrx_word' id='word_1_177' title='bbox 2353 1598 2476 1639; x_wconf 89' lang='lat' dir='ltr'><strong>sese</strong></span> <span class='ocrx_word' id='word_1_178' title='bbox 2499 1585 2566 1639; x_wconf 91' lang='lat' dir='ltr'><strong>ad</strong></span> <span class='ocrx_word' id='word_1_179' title='bbox 2602 1585 2943 1656; x_wconf 86' lang='lat' dir='ltr'><strong>imperatoris</strong></span> <span class='ocrx_word' id='word_1_180' title='bbox 2973 1588 3136 1656; x_wconf 83' lang='lat' dir='ltr'><strong>pedes</strong></span> <span class='ocrx_word' id='word_1_181' title='bbox 3156 1597 3585 1656; x_wconf 77' lang='lat' dir='ltr'><strong>prostraverunt.</strong></span> 
     </span>
    </p>
   </div>
   <div class='ocr_carea' id='block_1_31' title="bbox 2013 1675 3587 1750">
    <p class='ocr_par' dir='ltr' id='par_1_31' title="bbox 2013 1675 3587 1750">
     <span class='ocr_line' id='line_1_31' title="bbox 2013 1675 3587 1750; baseline 0.004 -22"><span class='ocrx_word' id='word_1_182' title='bbox 2013 1675 2082 1730; x_wconf 83' lang='lat' dir='ltr'><strong>At</strong></span> <span class='ocrx_word' id='word_1_183' title='bbox 2110 1677 2200 1730; x_wconf 91' lang='lat' dir='ltr'><strong>ille</strong></span> <span class='ocrx_word' id='word_1_184' title='bbox 2231 1688 2456 1733; x_wconf 88' lang='lat' dir='ltr'><strong>cunetos</strong></span> <span class='ocrx_word' id='word_1_185' title='bbox 2483 1679 2782 1733; x_wconf 87' lang='lat' dir='ltr'><strong>incolumes</strong></span> <span class='ocrx_word' id='word_1_186' title='bbox 2817 1683 3072 1744; x_wconf 85' lang='lat' dir='ltr'><strong>servavit,</strong></span> <span class='ocrx_word' id='word_1_187' title='bbox 3105 1696 3352 1750; x_wconf 85' lang='lat' dir='ltr'><strong>magnam</strong></span> <span class='ocrx_word' id='word_1_188' title='bbox 3394 1696 3458 1736; x_wconf 84' lang='lat' dir='ltr'><strong>ex</strong></span> <span class='ocrx_word' id='word_1_189' title='bbox 3494 1695 3587 1734; x_wconf 85' lang='lat' dir='ltr'><strong>sa-</strong></span> 
     </span>
    </p>
   </div>
   <div class='ocr_carea' id='block_1_32' title="bbox 2015 1766 3580 1841">
    <p class='ocr_par' dir='ltr' id='par_1_32' title="bbox 2015 1766 3580 1841">
     <span class='ocr_line' id='line_1_32' title="bbox 2015 1766 3580 1841; baseline 0.004 -21"><span class='ocrx_word' id='word_1_190' title='bbox 2015 1766 2125 1823; x_wconf 90' lang='lat' dir='ltr'><strong>lute</strong></span> <span class='ocrx_word' id='word_1_191' title='bbox 2156 1769 2432 1822; x_wconf 84' lang='lat' dir='ltr'><strong>hominum</strong></span> <span class='ocrx_word' id='word_1_192' title='bbox 2468 1772 2780 1841; x_wconf 88' lang='lat' dir='ltr'><strong>percipiens</strong></span> <span class='ocrx_word' id='word_1_193' title='bbox 2817 1771 3172 1840; x_wconf 78' lang='lat' dir='ltr'><strong>voluptatem.</strong></span> <span class='ocrx_word' id='word_1_194' title='bbox 3202 1771 3305 1826; x_wconf 84' lang='lat' dir='ltr'><strong>Alii</strong></span> <span class='ocrx_word' id='word_1_195' title='bbox 3332 1787 3460 1826; x_wconf 90' lang='lat' dir='ltr'><strong>vero</strong></span> <span class='ocrx_word' id='word_1_196' title='bbox 3491 1773 3580 1841; x_wconf 91' lang='lat' dir='ltr'><strong>qui</strong></span> 
     </span>
    </p>
   </div>
   <div class='ocr_carea' id='block_1_33' title="bbox 307 1846 1881 1932">
    <p class='ocr_par' dir='ltr' id='par_1_33' title="bbox 307 1851 1881 1928">
     <span class='ocr_line' id='line_1_33' title="bbox 307 1851 1881 1928; baseline 0.011 -27"><span class='ocrx_word' id='word_1_197' title='bbox 307 1867 437 1917; x_wconf 80' lang='grc' dir='ltr'>τες,</span> <span class='ocrx_word' id='word_1_198' title='bbox 464 1853 771 1925; x_wconf 78' lang='grc' dir='ltr'>ἐνεχείρουν</span> <span class='ocrx_word' id='word_1_199' title='bbox 803 1857 868 1925; x_wconf 80' lang='grc' dir='ltr'><strong>τῇ</strong></span> <span class='ocrx_word' id='word_1_200' title='bbox 906 1854 996 1907; x_wconf 77' lang='grc' dir='ltr'>τοῦ</span> <span class='ocrx_word' id='word_1_201' title='bbox 1027 1854 1262 1926; x_wconf 87' lang='grc' dir='ltr'>πολέμου</span> <span class='ocrx_word' id='word_1_202' title='bbox 1295 1857 1536 1928; x_wconf 74' lang='grc' dir='ltr'>συμϐολῇ</span> <span class='ocrx_word' id='word_1_203' title='bbox 1561 1875 1572 1887; x_wconf 89' lang='grc'><strong>·</strong></span> <span class='ocrx_word' id='word_1_204' title='bbox 1600 1851 1680 1922; x_wconf 69' lang='grc' dir='ltr'>οἷς</span> <span class='ocrx_word' id='word_1_205' title='bbox 1717 1859 1881 1912; x_wconf 61' lang='grc' dir='ltr'>ἐπειδέ</span> 
     </span>
    </p>
   </div>
   <div class='ocr_carea' id='block_1_34' title="bbox 1986 1846 3577 1932">
    <p class='ocr_par' dir='ltr' id='par_1_34' title="bbox 2009 1856 3577 1932">
     <span class='ocr_line' id='line_1_34' title="bbox 2009 1856 3577 1932; baseline 0.006 -23"><span class='ocrx_word' id='word_1_206' title='bbox 2009 1856 2110 1910; x_wconf 91' lang='lat' dir='ltr'><strong>sub</strong></span> <span class='ocrx_word' id='word_1_207' title='bbox 2148 1857 2316 1913; x_wconf 89' lang='lat' dir='ltr'><strong>armis</strong></span> <span class='ocrx_word' id='word_1_208' title='bbox 2341 1870 2738 1925; x_wconf 89' lang='lat' dir='ltr'><strong>remanserant,</strong></span> <span class='ocrx_word' id='word_1_209' title='bbox 2772 1877 2896 1917; x_wconf 85' lang='lat' dir='ltr'><strong>sese</strong></span> <span class='ocrx_word' id='word_1_210' title='bbox 2924 1863 2990 1915; x_wconf 89' lang='lat' dir='ltr'><strong>ad</strong></span> <span class='ocrx_word' id='word_1_211' title='bbox 3016 1879 3244 1932; x_wconf 81' lang='lat' dir='ltr'><strong>pugnam</strong></span> <span class='ocrx_word' id='word_1_212' title='bbox 3293 1863 3577 1931; x_wconf 88' lang='lat' dir='ltr'><strong>parabant.</strong></span> 
     </span>
    </p>
   </div>
   <div class='ocr_carea' id='block_1_35' title="bbox 308 1946 1901 2024">
    <p class='ocr_par' dir='ltr' id='par_1_35' title="bbox 308 1946 1901 2024">
     <span class='ocr_line' id='line_1_35' title="bbox 308 1946 1901 2024; baseline 0.005 -26"><span class='ocrx_word' id='word_1_213' title='bbox 308 1946 462 2018; x_wconf 72' lang='grc' dir='ltr'>πρὸς</span> <span class='ocrx_word' id='word_1_214' title='bbox 488 1947 706 2016; x_wconf 72' lang='grc' dir='ltr'>φιλικὰς</span> <span class='ocrx_word' id='word_1_215' title='bbox 737 1948 957 2019; x_wconf 77' lang='grc' dir='ltr'>κλήσεις</span> <span class='ocrx_word' id='word_1_216' title='bbox 979 1949 1090 2020; x_wconf 73' lang='grc'><strong>(42)</strong></span> <span class='ocrx_word' id='word_1_217' title='bbox 1121 1953 1508 2024; x_wconf 80' lang='grc' dir='ltr'>προϊσχόμενος</span> <span class='ocrx_word' id='word_1_218' title='bbox 1535 1953 1806 2023; x_wconf 80' lang='grc' dir='ltr'>βασιλεὺς,</span> <span class='ocrx_word' id='word_1_219' title='bbox 1841 1955 1901 2006; x_wconf 84' lang='grc' dir='ltr'><strong>ού</strong></span> 
     </span>
    </p>
   </div>
   <div class='ocr_carea' id='block_1_36' title="bbox 308 2042 1902 2117">
    <p class='ocr_par' dir='ltr' id='par_1_36' title="bbox 308 2042 1902 2117">
     <span class='ocr_line' id='line_1_36' title="bbox 308 2042 1902 2117; baseline 0.003 -22"><span class='ocrx_word' id='word_1_220' title='bbox 308 2042 676 2113; x_wconf 77' lang='grc' dir='ltr'>πειθομένους</span> <span class='ocrx_word' id='word_1_221' title='bbox 705 2042 846 2112; x_wconf 83' lang='grc' dir='ltr'><strong>ἔγνω</strong></span> <span class='ocrx_word' id='word_1_222' title='bbox 869 2085 884 2108; x_wconf 92' lang='grc'><strong>,</strong></span> <span class='ocrx_word' id='word_1_223' title='bbox 934 2044 1025 2098; x_wconf 77' lang='grc' dir='ltr'>τὸν</span> <span class='ocrx_word' id='word_1_224' title='bbox 1067 2046 1295 2117; x_wconf 77' lang='grc' dir='ltr'>στρατὸν</span> <span class='ocrx_word' id='word_1_225' title='bbox 1340 2046 1510 2116; x_wconf 75' lang='grc' dir='ltr'>ἠφίει.</span> <span class='ocrx_word' id='word_1_226' title='bbox 1545 2049 1606 2100; x_wconf 85' lang='grc' dir='ltr'><strong>Οἱ</strong></span> <span class='ocrx_word' id='word_1_227' title='bbox 1636 2046 1681 2099; x_wconf 77' lang='grc' dir='ltr'>δ’</span> <span class='ocrx_word' id='word_1_228' title='bbox 1707 2048 1902 2100; x_wconf 76' lang='grc' dir='ltr'>αὐτίκα</span> 
     </span>
    </p>
   </div>
   <div class='ocr_carea' id='block_1_37' title="bbox 306 2135 1901 2211">
    <p class='ocr_par' dir='ltr' id='par_1_37' title="bbox 306 2135 1901 2211">
     <span class='ocr_line' id='line_1_37' title="bbox 306 2135 1901 2211; baseline 0.003 -23"><span class='ocrx_word' id='word_1_229' title='bbox 306 2135 468 2190; x_wconf 76' lang='grc' dir='ltr'>νῶτα</span> <span class='ocrx_word' id='word_1_230' title='bbox 492 2137 694 2200; x_wconf 84' lang='grc' dir='ltr'>δόντες,</span> <span class='ocrx_word' id='word_1_231' title='bbox 726 2138 803 2199; x_wconf 83' lang='grc' dir='ltr'>εἰς</span> <span class='ocrx_word' id='word_1_232' title='bbox 837 2138 1013 2208; x_wconf 78' lang='grc' dir='ltr'>φυγὴν</span> <span class='ocrx_word' id='word_1_233' title='bbox 1047 2140 1355 2208; x_wconf 77' lang='grc' dir='ltr'>ἐτρέποντο.</span> <span class='ocrx_word' id='word_1_234' title='bbox 1386 2136 1500 2193; x_wconf 80' lang='grc' dir='ltr'><strong>Εἶθ’</strong></span> <span class='ocrx_word' id='word_1_235' title='bbox 1529 2157 1576 2192; x_wconf 94' lang='grc' dir='ltr'><strong>οι</strong></span> <span class='ocrx_word' id='word_1_236' title='bbox 1603 2145 1700 2211; x_wconf 79' lang='grc' dir='ltr'><strong>μὲν</strong></span> <span class='ocrx_word' id='word_1_237' title='bbox 1721 2140 1901 2193; x_wconf 79' lang='grc' dir='ltr'>αὐτῶν</span> 
     </span>
    </p>
   </div>
   <div class='ocr_carea' id='block_1_38' title="bbox 304 2229 1899 2303">
    <p class='ocr_par' dir='ltr' id='par_1_38' title="bbox 304 2229 1899 2303">
     <span class='ocr_line' id='line_1_38' title="bbox 304 2229 1899 2303; baseline 0.004 -24"><span class='ocrx_word' id='word_1_238' title='bbox 304 2229 470 2300; x_wconf 78' lang='grc' dir='ltr'>νόμῳ</span> <span class='ocrx_word' id='word_1_239' title='bbox 514 2229 751 2298; x_wconf 86' lang='grc' dir='ltr'>πολέμου</span> <span class='ocrx_word' id='word_1_240' title='bbox 801 2230 1106 2284; x_wconf 77' lang='grc' dir='ltr'>ἐκτείνοντο</span> <span class='ocrx_word' id='word_1_241' title='bbox 1147 2232 1692 2303; x_wconf 76' lang='grc' dir='ltr'>καταλαμϐανόμενοι</span> <span class='ocrx_word' id='word_1_242' title='bbox 1717 2273 1731 2294; x_wconf 93' lang='grc'><strong>,</strong></span> <span class='ocrx_word' id='word_1_243' title='bbox 1773 2235 1821 2286; x_wconf 86' lang='grc' dir='ltr'>οἱ</span> <span class='ocrx_word' id='word_1_244' title='bbox 1853 2233 1899 2286; x_wconf 84' lang='grc' dir='ltr'>δ’</span> 
     </span>
    </p>
   </div>
   <div class='ocr_carea' id='block_1_39' title="bbox 304 2319 1899 2392">
    <p class='ocr_par' dir='ltr' id='par_1_39' title="bbox 304 2319 1899 2392">
     <span class='ocr_line' id='line_1_39' title="bbox 304 2319 1899 2392; baseline 0.001 -20"><span class='ocrx_word' id='word_1_245' title='bbox 304 2319 403 2373; x_wconf 69' lang='grc' dir='ltr'><strong>ἐπ’</strong></span> <span class='ocrx_word' id='word_1_246' title='bbox 428 2320 689 2392; x_wconf 78' lang='grc' dir='ltr'>ἀλλήλους</span> <span class='ocrx_word' id='word_1_247' title='bbox 735 2320 1045 2384; x_wconf 80' lang='grc' dir='ltr'>πίπτοντες,</span> <span class='ocrx_word' id='word_1_248' title='bbox 1089 2323 1201 2386; x_wconf 84' lang='grc' dir='ltr'>τοῖς</span> <span class='ocrx_word' id='word_1_249' title='bbox 1257 2321 1476 2386; x_wconf 73' lang='grc' dir='ltr'>οἰκείοις</span> <span class='ocrx_word' id='word_1_250' title='bbox 1510 2320 1899 2375; x_wconf 78' lang='grc' dir='ltr'>κατεϐἀλλοντο</span> 
     </span>
    </p>
   </div>
   <div class='ocr_carea' id='block_1_40' title="bbox 305 2409 547 2482">
    <p class='ocr_par' dir='ltr' id='par_1_40' title="bbox 305 2409 547 2482">
     <span class='ocr_line' id='line_1_40' title="bbox 305 2409 547 2482; baseline 0.008 -18"><span class='ocrx_word' id='word_1_251' title='bbox 305 2409 547 2482; x_wconf 77' lang='grc' dir='ltr'>ξίφεσιν.</span> 
     </span>
    </p>
   </div>
   <div class='ocr_carea' id='block_1_41' title="bbox 835 2506 1366 2559">
    <p class='ocr_par' dir='ltr' id='par_1_41' title="bbox 835 2506 1366 2559">
     <span class='ocr_line' id='line_1_41' title="bbox 835 2506 1366 2559; baseline 0.004 -2"><span class='ocrx_word' id='word_1_252' title='bbox 835 2506 1232 2558; x_wconf 79' lang='grc' dir='ltr'><strong>ΚΕΦΑΛΑΙΟΝ</strong></span> <span class='ocrx_word' id='word_1_253' title='bbox 1262 2506 1366 2559; x_wconf 83' lang='grc' dir='ltr'><strong>1Α’.</strong></span> 
     </span>
    </p>
   </div>
   <div class='ocr_carea' id='block_1_42' title="bbox 646 2597 1540 2668">
    <p class='ocr_par' dir='ltr' id='par_1_42' title="bbox 646 2597 1540 2668">
     <span class='ocr_line' id='line_1_42' title="bbox 646 2597 1540 2668; baseline -0.001 -16"><span class='ocrx_word' id='word_1_254' title='bbox 646 2597 810 2668; x_wconf 76' lang='grc' dir='ltr'><strong>Φυτὴ</strong></span> <span class='ocrx_word' id='word_1_255' title='bbox 835 2598 1104 2653; x_wconf 82' lang='grc' dir='ltr'>Λικινίου</span> <span class='ocrx_word' id='word_1_256' title='bbox 1138 2598 1236 2652; x_wconf 78' lang='grc' dir='ltr'><strong>καί</strong></span> <span class='ocrx_word' id='word_1_257' title='bbox 1259 2597 1540 2667; x_wconf 80' lang='grc' dir='ltr'>γοητεῖαι.</span> 
     </span>
    </p>
   </div>
   <div class='ocr_carea' id='block_1_43' title="bbox 392 2688 1890 2761">
    <p class='ocr_par' dir='ltr' id='par_1_43' title="bbox 392 2688 1890 2761">
     <span class='ocr_line' id='line_1_43' title="bbox 392 2688 1890 2761; baseline -0.001 -19"><span class='ocrx_word' id='word_1_258' title='bbox 392 2692 514 2742; x_wconf 75' lang='grc' dir='ltr'>Ἐπὶ</span> <span class='ocrx_word' id='word_1_259' title='bbox 544 2689 751 2754; x_wconf 77' lang='grc' dir='ltr'>τούτοις</span> <span class='ocrx_word' id='word_1_260' title='bbox 797 2691 825 2742; x_wconf 86' lang='grc' dir='ltr'><strong>ό</strong></span> <span class='ocrx_word' id='word_1_261' title='bbox 855 2690 1058 2743; x_wconf 82' lang='grc' dir='ltr'>τούτων</span> <span class='ocrx_word' id='word_1_262' title='bbox 1081 2689 1346 2761; x_wconf 81' lang='grc' dir='ltr'>ἐξάρχων,</span> <span class='ocrx_word' id='word_1_263' title='bbox 1377 2689 1563 2747; x_wconf 77' lang='grc' dir='ltr'>ἐπειδῆ</span> <span class='ocrx_word' id='word_1_264' title='bbox 1607 2689 1706 2753; x_wconf 69' lang='grc' dir='ltr'>τῆς</span> <span class='ocrx_word' id='word_1_265' title='bbox 1739 2688 1890 2759; x_wconf 77' lang='grc' dir='ltr'>παρὰ</span> 
     </span>
    </p>
   </div>
   <div class='ocr_carea' id='block_1_44' title="bbox 300 2780 1887 2852">
    <p class='ocr_par' dir='ltr' id='par_1_44' title="bbox 300 2780 1887 2852">
     <span class='ocr_line' id='line_1_44' title="bbox 300 2780 1887 2852; baseline 0.001 -20"><span class='ocrx_word' id='word_1_266' title='bbox 300 2782 414 2832; x_wconf 73' lang='grc' dir='ltr'><strong>τῶν</strong></span> <span class='ocrx_word' id='word_1_267' title='bbox 437 2781 661 2835; x_wconf 81' lang='grc' dir='ltr'>οἰκετῶν</span> <span class='ocrx_word' id='word_1_268' title='bbox 703 2781 814 2851; x_wconf 66' lang='grc'><strong>(45)</strong></span> <span class='ocrx_word' id='word_1_269' title='bbox 848 2780 1096 2852; x_wconf 74' lang='grc' dir='ltr'>βοηθείας</span> <span class='ocrx_word' id='word_1_270' title='bbox 1138 2781 1467 2852; x_wconf 83' lang='grc' dir='ltr'>στερηθέντα</span> <span class='ocrx_word' id='word_1_271' title='bbox 1497 2780 1734 2834; x_wconf 84' lang='grc' dir='ltr'>συνεῖδεν</span> <span class='ocrx_word' id='word_1_272' title='bbox 1759 2783 1887 2834; x_wconf 86' lang='grc' dir='ltr'>έαυ-</span> 
     </span>
    </p>
   </div>
   <div class='ocr_carea' id='block_1_45' title="bbox 299 2868 1888 2944">
    <p class='ocr_par' dir='ltr' id='par_1_45' title="bbox 299 2868 1888 2944">
     <span class='ocr_line' id='line_1_45' title="bbox 299 2868 1888 2944; baseline 0 -20"><span class='ocrx_word' id='word_1_273' title='bbox 299 2875 413 2929; x_wconf 81' lang='grc' dir='ltr'>τὸν,</span> <span class='ocrx_word' id='word_1_274' title='bbox 456 2872 683 2942; x_wconf 77' lang='grc' dir='ltr'>φρούδόν</span> <span class='ocrx_word' id='word_1_275' title='bbox 709 2872 758 2924; x_wconf 86' lang='grc' dir='ltr'>τ’</span> <span class='ocrx_word' id='word_1_276' title='bbox 787 2868 854 2944; x_wconf 80' lang='grc' dir='ltr'><strong>ἦν</strong></span> <span class='ocrx_word' id='word_1_277' title='bbox 884 2872 1031 2944; x_wconf 83' lang='grc' dir='ltr'>αύτῷ</span> <span class='ocrx_word' id='word_1_278' title='bbox 1063 2872 1122 2925; x_wconf 84' lang='grc' dir='ltr'><strong>τὸ</strong></span> <span class='ocrx_word' id='word_1_279' title='bbox 1152 2871 1355 2942; x_wconf 83' lang='grc' dir='ltr'>πλῆθος</span> <span class='ocrx_word' id='word_1_280' title='bbox 1410 2873 1508 2942; x_wconf 80' lang='grc' dir='ltr'>τῆς</span> <span class='ocrx_word' id='word_1_281' title='bbox 1544 2871 1888 2942; x_wconf 87' lang='grc' dir='ltr'>συνειλεγμέ-</span> 
     </span>
    </p>
   </div>
   <div class='ocr_carea' id='block_1_46' title="bbox 299 2957 1886 3036">
    <p class='ocr_par' dir='ltr' id='par_1_46' title="bbox 299 2957 1886 3036">
     <span class='ocr_line' id='line_1_46' title="bbox 299 2957 1886 3036; baseline 0 -21"><span class='ocrx_word' id='word_1_282' title='bbox 299 2982 402 3032; x_wconf 67' lang='grc' dir='ltr'>νης</span> <span class='ocrx_word' id='word_1_283' title='bbox 431 2964 579 3034; x_wconf 77' lang='grc' dir='ltr'>αὐτῷ</span> <span class='ocrx_word' id='word_1_284' title='bbox 611 2964 895 3036; x_wconf 83' lang='grc' dir='ltr'>στρατείας</span> <span class='ocrx_word' id='word_1_285' title='bbox 925 2982 984 3017; x_wconf 91' lang='grc' dir='ltr'><strong>τε</strong></span> <span class='ocrx_word' id='word_1_286' title='bbox 1017 2964 1110 3018; x_wconf 64' lang='grc' dir='ltr'>καὶ</span> <span class='ocrx_word' id='word_1_287' title='bbox 1136 2963 1519 3034; x_wconf 78' lang='grc' dir='ltr'>συμμαχίας,ῆ</span> <span class='ocrx_word' id='word_1_288' title='bbox 1551 2981 1610 3016; x_wconf 85' lang='grc' dir='ltr'><strong>τε</strong></span> <span class='ocrx_word' id='word_1_289' title='bbox 1641 2957 1716 3017; x_wconf 80' lang='grc' dir='ltr'><strong>ὧν</strong></span> <span class='ocrx_word' id='word_1_290' title='bbox 1751 2962 1886 3034; x_wconf 77' lang='grc' dir='ltr'>ᾤετο</span> 
     </span>
    </p>
   </div>
   <div class='ocr_carea' id='block_1_47' title="bbox 301 3055 1882 3127">
    <p class='ocr_par' dir='ltr' id='par_1_47' title="bbox 301 3055 1882 3127">
     <span class='ocr_line' id='line_1_47' title="bbox 301 3055 1882 3127; baseline 0.001 -21"><span class='ocrx_word' id='word_1_291' title='bbox 301 3055 461 3116; x_wconf 81' lang='grc' dir='ltr'>θεῶν,</span> <span class='ocrx_word' id='word_1_292' title='bbox 499 3057 651 3119; x_wconf 74' lang='grc' dir='ltr'>ἐλπὶς</span> <span class='ocrx_word' id='word_1_293' title='bbox 684 3056 746 3109; x_wconf 81' lang='grc' dir='ltr'>τὸ</span> <span class='ocrx_word' id='word_1_294' title='bbox 780 3056 944 3126; x_wconf 76' lang='grc' dir='ltr'>μηδὲν</span> <span class='ocrx_word' id='word_1_295' title='bbox 983 3055 1148 3127; x_wconf 78' lang='grc' dir='ltr'>πείρᾳ</span> <span class='ocrx_word' id='word_1_296' title='bbox 1193 3055 1534 3126; x_wconf 81' lang='grc' dir='ltr'>διηλέγχετο,</span> <span class='ocrx_word' id='word_1_297' title='bbox 1583 3055 1882 3126; x_wconf 76' lang='grc' dir='ltr'>τηνικαῦτα</span> 
     </span>
    </p>
   </div>
   <div class='ocr_carea' id='block_1_48' title="bbox 2009 1947 3581 2020">
    <p class='ocr_par' dir='ltr' id='par_1_48' title="bbox 2009 1947 3581 2020">
     <span class='ocr_line' id='line_1_48' title="bbox 2009 1947 3581 2020; baseline 0.004 -19"><span class='ocrx_word' id='word_1_298' title='bbox 2009 1947 2155 2014; x_wconf 91' lang='lat' dir='ltr'><strong>Quos</strong></span> <span class='ocrx_word' id='word_1_299' title='bbox 2186 1950 2481 2020; x_wconf 87' lang='lat' dir='ltr'><strong>imperator</strong></span> <span class='ocrx_word' id='word_1_300' title='bbox 2516 1953 2583 2007; x_wconf 83' lang='lat' dir='ltr'><strong>ad</strong></span> <span class='ocrx_word' id='word_1_301' title='bbox 2621 1954 2948 2008; x_wconf 78' lang='lat' dir='ltr'><strong>deditionem</strong></span> <span class='ocrx_word' id='word_1_302' title='bbox 3005 1955 3260 2020; x_wconf 88' lang='lat' dir='ltr'><strong>invitans,</strong></span> <span class='ocrx_word' id='word_1_303' title='bbox 3295 1971 3417 2012; x_wconf 92' lang='lat' dir='ltr'><strong>cum</strong></span> <span class='ocrx_word' id='word_1_304' title='bbox 3446 1956 3581 2008; x_wconf 90' lang='lat' dir='ltr'><strong>ami-</strong></span> 
     </span>
    </p>
   </div>
   <div class='ocr_carea' id='block_1_49' title="bbox 2006 2039 3577 2112">
    <p class='ocr_par' dir='ltr' id='par_1_49' title="bbox 2006 2039 3577 2112">
     <span class='ocr_line' id='line_1_49' title="bbox 2006 2039 3577 2112; baseline 0.004 -18"><span class='ocrx_word' id='word_1_305' title='bbox 2006 2039 2087 2094; x_wconf 88' lang='lat' dir='ltr'><strong>cis</strong></span> <span class='ocrx_word' id='word_1_306' title='bbox 2148 2041 2662 2110; x_wconf 82' lang='lat' dir='ltr'><strong>compellationibus</strong></span> <span class='ocrx_word' id='word_1_307' title='bbox 2733 2045 3041 2101; x_wconf 85' lang='lat' dir='ltr'><strong>nullatenus</strong></span> <span class='ocrx_word' id='word_1_308' title='bbox 3090 2045 3285 2101; x_wconf 83' lang='lat' dir='ltr'><strong>inﬂecti</strong></span> <span class='ocrx_word' id='word_1_309' title='bbox 3347 2047 3577 2112; x_wconf 83' lang='lat' dir='ltr'><strong>videret,</strong></span> 
     </span>
    </p>
   </div>
   <div class='ocr_carea' id='block_1_50' title="bbox 2003 2133 3576 2207">
    <p class='ocr_par' dir='ltr' id='par_1_50' title="bbox 2003 2133 3576 2207">
     <span class='ocr_line' id='line_1_50' title="bbox 2003 2133 3576 2207; baseline 0.003 -20"><span class='ocrx_word' id='word_1_310' title='bbox 2003 2133 2298 2188; x_wconf 79' lang='lat' dir='ltr'><strong>exercitum</strong></span> <span class='ocrx_word' id='word_1_311' title='bbox 2328 2134 2380 2189; x_wconf 91' lang='lat' dir='ltr'><strong>in</strong></span> <span class='ocrx_word' id='word_1_312' title='bbox 2417 2151 2514 2190; x_wconf 91' lang='lat' dir='ltr'><strong>eos</strong></span> <span class='ocrx_word' id='word_1_313' title='bbox 2544 2136 2796 2190; x_wconf 87' lang='lat' dir='ltr'><strong>immisit.</strong></span> <span class='ocrx_word' id='word_1_314' title='bbox 2837 2137 2912 2190; x_wconf 87' lang='lat' dir='ltr'><strong>Illi</strong></span> <span class='ocrx_word' id='word_1_315' title='bbox 2945 2139 3200 2193; x_wconf 90' lang='lat' dir='ltr'><strong>continuo</strong></span> <span class='ocrx_word' id='word_1_316' title='bbox 3252 2148 3398 2207; x_wconf 86' lang='lat' dir='ltr'><strong>terga</strong></span> <span class='ocrx_word' id='word_1_317' title='bbox 3443 2139 3576 2191; x_wconf 87' lang='lat' dir='ltr'><strong>dan-</strong></span> 
     </span>
    </p>
   </div>
   <div class='ocr_carea' id='block_1_51' title="bbox 2005 2224 3576 2298">
    <p class='ocr_par' dir='ltr' id='par_1_51' title="bbox 2005 2224 3576 2298">
     <span class='ocr_line' id='line_1_51' title="bbox 2005 2224 3576 2298; baseline 0.004 -21"><span class='ocrx_word' id='word_1_318' title='bbox 2005 2232 2110 2289; x_wconf 85' lang='lat' dir='ltr'><strong>tes,</strong></span> <span class='ocrx_word' id='word_1_319' title='bbox 2158 2224 2210 2278; x_wconf 93' lang='lat' dir='ltr'><strong>in</strong></span> <span class='ocrx_word' id='word_1_320' title='bbox 2257 2225 2440 2295; x_wconf 83' lang='lat' dir='ltr'><strong>fugam</strong></span> <span class='ocrx_word' id='word_1_321' title='bbox 2473 2237 2775 2283; x_wconf 86' lang='lat' dir='ltr'><strong>vertuntur.</strong></span> <span class='ocrx_word' id='word_1_322' title='bbox 2803 2229 3039 2293; x_wconf 81' lang='lat' dir='ltr'><strong>Quurtttn</strong></span> <span class='ocrx_word' id='word_1_323' title='bbox 3072 2230 3160 2282; x_wconf 90' lang='lat' dir='ltr'><strong>alii</strong></span> <span class='ocrx_word' id='word_1_324' title='bbox 3195 2232 3576 2298; x_wconf 83' lang='lat' dir='ltr'><strong>comprehensi</strong></span> 
     </span>
    </p>
   </div>
   <div class='ocr_carea' id='block_1_52' title="bbox 2002 2315 3574 2385">
    <p class='ocr_par' dir='ltr' id='par_1_52' title="bbox 2002 2315 3574 2385">
     <span class='ocr_line' id='line_1_52' title="bbox 2002 2315 3574 2385; baseline 0.005 -18"><span class='ocrx_word' id='word_1_325' title='bbox 2002 2315 2144 2369; x_wconf 90' lang='lat' dir='ltr'><strong>inter</strong></span> <span class='ocrx_word' id='word_1_326' title='bbox 2177 2315 2512 2385; x_wconf 84' lang='lat' dir='ltr'><strong>fugiendum,</strong></span> <span class='ocrx_word' id='word_1_327' title='bbox 2543 2315 2669 2384; x_wconf 86' lang='lat' dir='ltr'><strong>jure</strong></span> <span class='ocrx_word' id='word_1_328' title='bbox 2701 2318 2821 2372; x_wconf 88' lang='lat' dir='ltr'><strong>belli</strong></span> <span class='ocrx_word' id='word_1_329' title='bbox 2855 2321 3005 2378; x_wconf 62' lang='lat' dir='ltr'><strong>caesi;</strong></span> <span class='ocrx_word' id='word_1_330' title='bbox 3046 2320 3136 2372; x_wconf 90' lang='lat' dir='ltr'><strong>alii</strong></span> <span class='ocrx_word' id='word_1_331' title='bbox 3177 2321 3228 2374; x_wconf 92' lang='lat' dir='ltr'><strong>in</strong></span> <span class='ocrx_word' id='word_1_332' title='bbox 3276 2335 3333 2374; x_wconf 90' lang='lat' dir='ltr'><strong>se</strong></span> <span class='ocrx_word' id='word_1_333' title='bbox 3387 2331 3574 2375; x_wconf 89' lang='lat' dir='ltr'><strong>mutuo</strong></span> 
     </span>
    </p>
   </div>
   <div class='ocr_carea' id='block_1_53' title="bbox 2000 2405 3392 2477">
    <p class='ocr_par' dir='ltr' id='par_1_53' title="bbox 2000 2405 3392 2477">
     <span class='ocr_line' id='line_1_53' title="bbox 2000 2405 3392 2477; baseline 0.003 -15"><span class='ocrx_word' id='word_1_334' title='bbox 2000 2405 2383 2476; x_wconf 80' lang='lat' dir='ltr'><strong>impingentes,</strong></span> <span class='ocrx_word' id='word_1_335' title='bbox 2418 2410 2642 2462; x_wconf 84' lang='lat' dir='ltr'><strong>suismet</strong></span> <span class='ocrx_word' id='word_1_336' title='bbox 2677 2408 2876 2477; x_wconf 77' lang='lat' dir='ltr'><strong>gladiis</strong></span> <span class='ocrx_word' id='word_1_337' title='bbox 2900 2411 3214 2464; x_wconf 82' lang='lat' dir='ltr'><strong>obtruncati</strong></span> <span class='ocrx_word' id='word_1_338' title='bbox 3245 2421 3392 2468; x_wconf 89' lang='lat' dir='ltr'><strong>sunt.</strong></span> 
     </span>
    </p>
   </div>
   <div class='ocr_carea' id='block_1_54' title="bbox 2505 2499 3062 2571">
    <p class='ocr_par' dir='ltr' id='par_1_54' title="bbox 2505 2499 3062 2571">
     <span class='ocr_line' id='line_1_54' title="bbox 2505 2499 3062 2571; baseline 0 -14"><span class='ocrx_word' id='word_1_339' title='bbox 2505 2499 2671 2571; x_wconf 69' lang='grc'><strong>449</strong></span> <span class='ocrx_word' id='word_1_340' title='bbox 2707 2500 2934 2556; x_wconf 85' lang='lat' dir='ltr'><strong>CAPUT</strong></span> <span class='ocrx_word' id='word_1_341' title='bbox 2972 2500 3062 2557; x_wconf 79' lang='lat' dir='ltr'><strong>XI.</strong></span> 
     </span>
    </p>
   </div>
   <div class='ocr_carea' id='block_1_55' title="bbox 2333 2589 3229 2662">
    <p class='ocr_par' dir='ltr' id='par_1_55' title="bbox 2333 2589 3229 2662">
     <span class='ocr_line' id='line_1_55' title="bbox 2333 2589 3229 2662; baseline 0.001 -18"><span class='ocrx_word' id='word_1_342' title='bbox 2333 2589 2489 2661; x_wconf 80' lang='lat' dir='ltr'><strong>Fuga</strong></span> <span class='ocrx_word' id='word_1_343' title='bbox 2515 2606 2562 2646; x_wconf 83' lang='lat' dir='ltr'><strong>et</strong></span> <span class='ocrx_word' id='word_1_344' title='bbox 2593 2593 2810 2662; x_wconf 80' lang='lat' dir='ltr'><strong>magica:</strong></span> <span class='ocrx_word' id='word_1_345' title='bbox 2844 2601 2985 2647; x_wconf 82' lang='lat' dir='ltr'><strong>artes</strong></span> <span class='ocrx_word' id='word_1_346' title='bbox 3016 2592 3229 2646; x_wconf 74' lang='lat' dir='ltr'><strong>Licinii.</strong></span> 
     </span>
    </p>
   </div>
   <div class='ocr_carea' id='block_1_56' title="bbox 2061 2679 3564 2752">
    <p class='ocr_par' dir='ltr' id='par_1_56' title="bbox 2061 2679 3564 2752">
     <span class='ocr_line' id='line_1_56' title="bbox 2061 2679 3564 2752; baseline 0.001 -18"><span class='ocrx_word' id='word_1_347' title='bbox 2061 2679 2282 2736; x_wconf 91' lang='lat' dir='ltr'><strong>Illorum</strong></span> <span class='ocrx_word' id='word_1_348' title='bbox 2310 2697 2440 2736; x_wconf 76' lang='lat' dir='ltr'><strong>vero</strong></span> <span class='ocrx_word' id='word_1_349' title='bbox 2471 2682 2745 2752; x_wconf 87' lang='lat' dir='ltr'><strong>princeps,</strong></span> <span class='ocrx_word' id='word_1_350' title='bbox 2776 2698 2899 2737; x_wconf 93' lang='lat' dir='ltr'><strong>cum</strong></span> <span class='ocrx_word' id='word_1_351' title='bbox 2942 2698 3002 2738; x_wconf 89' lang='lat' dir='ltr'><strong>se</strong></span> <span class='ocrx_word' id='word_1_352' title='bbox 3035 2683 3408 2737; x_wconf 90' lang='lat' dir='ltr'><strong>ministrorum</strong></span> <span class='ocrx_word' id='word_1_353' title='bbox 3437 2697 3564 2736; x_wconf 83' lang='lat' dir='ltr'><strong>suo-</strong></span> 
     </span>
    </p>
   </div>
   <div class='ocr_carea' id='block_1_57' title="bbox 1990 2775 3568 2848">
    <p class='ocr_par' dir='ltr' id='par_1_57' title="bbox 1990 2775 3568 2848">
     <span class='ocr_line' id='line_1_57' title="bbox 1990 2775 3568 2848; baseline 0 -18"><span class='ocrx_word' id='word_1_354' title='bbox 1990 2791 2110 2830; x_wconf 90' lang='lat' dir='ltr'><strong>rum</strong></span> <span class='ocrx_word' id='word_1_355' title='bbox 2160 2775 2366 2830; x_wconf 85' lang='lat' dir='ltr'><strong>auxilio</strong></span> <span class='ocrx_word' id='word_1_356' title='bbox 2419 2775 2736 2829; x_wconf 82' lang='lat' dir='ltr'><strong>destitutum</strong></span> <span class='ocrx_word' id='word_1_357' title='bbox 2784 2791 2928 2840; x_wconf 88' lang='lat' dir='ltr'><strong>esse,</strong></span> <span class='ocrx_word' id='word_1_358' title='bbox 2986 2786 3042 2830; x_wconf 90' lang='lat' dir='ltr'><strong>et</strong></span> <span class='ocrx_word' id='word_1_359' title='bbox 3081 2791 3218 2846; x_wconf 87' lang='lat' dir='ltr'><strong>quas</strong></span> <span class='ocrx_word' id='word_1_360' title='bbox 3275 2777 3568 2848; x_wconf 81' lang='lat' dir='ltr'><strong>collegerat</strong></span> 
     </span>
    </p>
   </div>
   <div class='ocr_carea' id='block_1_58' title="bbox 1990 2864 3565 2934">
    <p class='ocr_par' dir='ltr' id='par_1_58' title="bbox 1990 2864 3565 2934">
     <span class='ocr_line' id='line_1_58' title="bbox 1990 2864 3565 2934; baseline 0.001 -14"><span class='ocrx_word' id='word_1_361' title='bbox 1990 2867 2173 2934; x_wconf 89' lang='lat' dir='ltr'><strong>copias</strong></span> <span class='ocrx_word' id='word_1_362' title='bbox 2218 2875 2324 2919; x_wconf 88' lang='lat' dir='ltr'><strong>tam</strong></span> <span class='ocrx_word' id='word_1_363' title='bbox 2363 2864 2594 2918; x_wconf 91' lang='lat' dir='ltr'><strong>militum</strong></span> <span class='ocrx_word' id='word_1_364' title='bbox 2625 2881 2786 2934; x_wconf 90' lang='lat' dir='ltr'><strong>quam</strong></span> <span class='ocrx_word' id='word_1_365' title='bbox 2819 2866 3192 2932; x_wconf 75' lang='lat' dir='ltr'><strong>auxiliarium,</strong></span> <span class='ocrx_word' id='word_1_366' title='bbox 3217 2883 3406 2921; x_wconf 89' lang='lat' dir='ltr'><strong>omnes</strong></span> <span class='ocrx_word' id='word_1_367' title='bbox 3436 2883 3565 2922; x_wconf 87' lang='lat' dir='ltr'><strong>eva-</strong></span> 
     </span>
    </p>
   </div>
   <div class='ocr_carea' id='block_1_59' title="bbox 1988 2957 3564 3027">
    <p class='ocr_par' dir='ltr' id='par_1_59' title="bbox 1988 2957 3564 3027">
     <span class='ocr_line' id='line_1_59' title="bbox 1988 2957 3564 3027; baseline 0 -15"><span class='ocrx_word' id='word_1_368' title='bbox 1988 2958 2172 3013; x_wconf 85' lang='lat' dir='ltr'><strong>nuisse</strong></span> <span class='ocrx_word' id='word_1_369' title='bbox 2204 2967 2469 3023; x_wconf 88' lang='lat' dir='ltr'><strong>cerneret,</strong></span> <span class='ocrx_word' id='word_1_370' title='bbox 2494 2972 2757 3026; x_wconf 89' lang='lat' dir='ltr'><strong>spemque</strong></span> <span class='ocrx_word' id='word_1_371' title='bbox 2787 2958 2838 3011; x_wconf 91' lang='lat' dir='ltr'><strong>iu</strong></span> <span class='ocrx_word' id='word_1_372' title='bbox 2874 2959 2979 3012; x_wconf 84' lang='lat' dir='ltr'><strong>diis</strong></span> <span class='ocrx_word' id='word_1_373' title='bbox 3007 2973 3140 3027; x_wconf 91' lang='lat' dir='ltr'><strong>quos</strong></span> <span class='ocrx_word' id='word_1_374' title='bbox 3165 2957 3376 3012; x_wconf 88' lang='lat' dir='ltr'><strong>colebat</strong></span> <span class='ocrx_word' id='word_1_375' title='bbox 3407 2972 3564 3027; x_wconf 89' lang='lat' dir='ltr'><strong>pror-</strong></span> 
     </span>
    </p>
   </div>
   <div class='ocr_carea' id='block_1_60' title="bbox 1989 3050 3561 3120">
    <p class='ocr_par' dir='ltr' id='par_1_60' title="bbox 1989 3050 3561 3120">
     <span class='ocr_line' id='line_1_60' title="bbox 1989 3050 3561 3120; baseline 0 -16"><span class='ocrx_word' id='word_1_376' title='bbox 1989 3065 2084 3104; x_wconf 74' lang='lat' dir='ltr'><strong>Sus</strong></span> <span class='ocrx_word' id='word_1_377' title='bbox 2127 3052 2342 3104; x_wconf 84' lang='lat' dir='ltr'><strong>inanem</strong></span> <span class='ocrx_word' id='word_1_378' title='bbox 2390 3066 2510 3105; x_wconf 82' lang='lat' dir='ltr'><strong>esse</strong></span> <span class='ocrx_word' id='word_1_379' title='bbox 2563 3066 2646 3104; x_wconf 84' lang='lat' dir='ltr'><strong>res</strong></span> <span class='ocrx_word' id='word_1_380' title='bbox 2679 3051 2794 3118; x_wconf 84' lang='lat' dir='ltr'><strong>ipsa</strong></span> <span class='ocrx_word' id='word_1_381' title='bbox 2824 3052 3194 3114; x_wconf 88' lang='lat' dir='ltr'><strong>convinceret,</strong></span> <span class='ocrx_word' id='word_1_382' title='bbox 3233 3050 3412 3120; x_wconf 83' lang='lat' dir='ltr'><strong>fugam</strong></span> <span class='ocrx_word' id='word_1_383' title='bbox 3448 3059 3561 3104; x_wconf 83' lang='lat' dir='ltr'><strong>tur-</strong></span> 
     </span>
    </p>
   </div>
   <div class='ocr_carea' id='block_1_61' title="bbox 297 3141 1881 3238">
    <p class='ocr_par' dir='ltr' id='par_1_61' title="bbox 297 3142 1879 3215">
     <span class='ocr_line' id='line_1_61' title="bbox 297 3142 1879 3215; baseline 0.003 -21"><span class='ocrx_word' id='word_1_384' title='bbox 297 3142 541 3213; x_wconf 64' lang='grc' dir='ltr'>δρασμὸν</span> <span class='ocrx_word' id='word_1_385' title='bbox 570 3144 843 3213; x_wconf 80' lang='grc' dir='ltr'>αἴσχιστον</span> <span class='ocrx_word' id='word_1_386' title='bbox 876 3144 1157 3214; x_wconf 80' lang='grc' dir='ltr'>ὑπομένει·</span> <span class='ocrx_word' id='word_1_387' title='bbox 1184 3144 1397 3214; x_wconf 80' lang='grc' dir='ltr'>φεύγων</span> <span class='ocrx_word' id='word_1_388' title='bbox 1421 3144 1555 3215; x_wconf 79' lang='grc' dir='ltr'>δῆτα</span> <span class='ocrx_word' id='word_1_389' title='bbox 1593 3145 1879 3208; x_wconf 81' lang='grc' dir='ltr'>διέϐαινεν,</span> 
     </span>
    </p>
   </div>
   <div class='ocr_carea' id='block_1_62' title="bbox 1986 3141 3560 3238">
    <p class='ocr_par' dir='ltr' id='par_1_62' title="bbox 1987 3141 3560 3213">
     <span class='ocr_line' id='line_1_62' title="bbox 1987 3141 3560 3213; baseline 0.001 -18"><span class='ocrx_word' id='word_1_390' title='bbox 1987 3142 2265 3208; x_wconf 84' lang='lat' dir='ltr'><strong>pissimatu</strong></span> <span class='ocrx_word' id='word_1_391' title='bbox 2316 3143 2459 3198; x_wconf 91' lang='lat' dir='ltr'><strong>iniit.</strong></span> <span class='ocrx_word' id='word_1_392' title='bbox 2517 3143 2694 3213; x_wconf 82' lang='lat' dir='ltr'><strong>Atque</strong></span> <span class='ocrx_word' id='word_1_393' title='bbox 2752 3144 2852 3197; x_wconf 89' lang='lat' dir='ltr'><strong>hoc</strong></span> <span class='ocrx_word' id='word_1_394' title='bbox 2908 3144 3068 3197; x_wconf 92' lang='lat' dir='ltr'><strong>modo</strong></span> <span class='ocrx_word' id='word_1_395' title='bbox 3111 3141 3347 3212; x_wconf 80' lang='lat' dir='ltr'><strong>elapsus,</strong></span> <span class='ocrx_word' id='word_1_396' title='bbox 3387 3151 3560 3196; x_wconf 89' lang='lat' dir='ltr'><strong>semet</strong></span> 
     </span>
    </p>
   </div>
   <div class='ocr_carea' id='block_1_63' title="bbox 297 3234 1880 3306">
    <p class='ocr_par' dir='ltr' id='par_1_63' title="bbox 297 3234 1880 3306">
     <span class='ocr_line' id='line_1_63' title="bbox 297 3234 1880 3306; baseline 0.003 -21"><span class='ocrx_word' id='word_1_397' title='bbox 297 3234 358 3286; x_wconf 84' lang='grc' dir='ltr'>ὲν</span> <span class='ocrx_word' id='word_1_398' title='bbox 406 3234 634 3302; x_wconf 71' lang='grc' dir='ltr'>ἀσφαλεί</span> <span class='ocrx_word' id='word_1_399' title='bbox 662 3235 709 3286; x_wconf 90' lang='grc' dir='ltr'>τ’</span> <span class='ocrx_word' id='word_1_400' title='bbox 743 3235 969 3300; x_wconf 82' lang='grc' dir='ltr'>ἐγίνετο,</span> <span class='ocrx_word' id='word_1_401' title='bbox 1005 3234 1096 3288; x_wconf 76' lang='grc' dir='ltr'>τοῦ</span> <span class='ocrx_word' id='word_1_402' title='bbox 1126 3234 1402 3304; x_wconf 78' lang='grc' dir='ltr'>θεοφιλοῦς</span> <span class='ocrx_word' id='word_1_403' title='bbox 1445 3235 1518 3306; x_wconf 80' lang='grc' dir='ltr'>μὴ</span> <span class='ocrx_word' id='word_1_404' title='bbox 1547 3235 1688 3288; x_wconf 81' lang='grc' dir='ltr'>κατὰ</span> <span class='ocrx_word' id='word_1_405' title='bbox 1717 3235 1880 3300; x_wconf 85' lang='grc' dir='ltr'>πόδας</span> 
     </span>
    </p>
   </div>
   <div class='ocr_carea' id='block_1_64' title="bbox 296 3323 1876 3396">
    <p class='ocr_par' dir='ltr' id='par_1_64' title="bbox 296 3323 1876 3396">
     <span class='ocr_line' id='line_1_64' title="bbox 296 3323 1876 3396; baseline 0.001 -19"><span class='ocrx_word' id='word_1_406' title='bbox 296 3323 511 3378; x_wconf 81' lang='grc' dir='ltr'>διώκειν</span> <span class='ocrx_word' id='word_1_407' title='bbox 539 3329 650 3389; x_wconf 81' lang='grc' dir='ltr'>τοῖς</span> <span class='ocrx_word' id='word_1_408' title='bbox 675 3326 894 3388; x_wconf 76' lang='grc' dir='ltr'>οἰκείοις</span> <span class='ocrx_word' id='word_1_409' title='bbox 915 3324 1354 3395; x_wconf 78' lang='grc' dir='ltr'>ἐγκελευομένου,</span> <span class='ocrx_word' id='word_1_410' title='bbox 1384 3324 1459 3388; x_wconf 81' lang='grc' dir='ltr'>ὡς</span> <span class='ocrx_word' id='word_1_411' title='bbox 1493 3325 1557 3378; x_wconf 85' lang='grc' dir='ltr'>ἂν</span> <span class='ocrx_word' id='word_1_412' title='bbox 1588 3325 1737 3396; x_wconf 80' lang='grc' dir='ltr'>τύχοι</span> <span class='ocrx_word' id='word_1_413' title='bbox 1771 3343 1876 3379; x_wconf 88' lang='grc' dir='ltr'>σω-</span> 
     </span>
    </p>
   </div>
   <div class='ocr_carea' id='block_1_65' title="bbox 294 3413 1874 3486">
    <p class='ocr_par' dir='ltr' id='par_1_65' title="bbox 294 3413 1874 3486">
     <span class='ocr_line' id='line_1_65' title="bbox 294 3413 1874 3486; baseline 0.002 -22"><span class='ocrx_word' id='word_1_414' title='bbox 294 3413 491 3484; x_wconf 78' lang='grc' dir='ltr'>τηρίας</span> <span class='ocrx_word' id='word_1_415' title='bbox 518 3415 546 3466; x_wconf 75' lang='grc' dir='ltr'><strong>ό</strong></span> <span class='ocrx_word' id='word_1_416' title='bbox 580 3414 812 3482; x_wconf 70' lang='grc' dir='ltr'>φεύγων.</span> <span class='ocrx_word' id='word_1_417' title='bbox 843 3414 1071 3477; x_wconf 77' lang='grc' dir='ltr'>Ἤλπιζε</span> <span class='ocrx_word' id='word_1_418' title='bbox 1112 3415 1220 3486; x_wconf 85' lang='grc' dir='ltr'><strong>γάρ</strong></span> <span class='ocrx_word' id='word_1_419' title='bbox 1251 3431 1379 3467; x_wconf 82' lang='grc' dir='ltr'>ποτε</span> <span class='ocrx_word' id='word_1_420' title='bbox 1412 3415 1573 3466; x_wconf 76' lang='grc' dir='ltr'>αὑτὸν</span> <span class='ocrx_word' id='word_1_421' title='bbox 1595 3415 1874 3468; x_wconf 84' lang='grc' dir='ltr'>συναισθό-</span> 
     </span>
    </p>
   </div>
   <div class='ocr_carea' id='block_1_66' title="bbox 298 3500 1875 3577">
    <p class='ocr_par' dir='ltr' id='par_1_66' title="bbox 298 3500 1875 3577">
     <span class='ocr_line' id='line_1_66' title="bbox 298 3500 1875 3577; baseline 0.001 -20"><span class='ocrx_word' id='word_1_422' title='bbox 298 3522 457 3574; x_wconf 88' lang='grc' dir='ltr'>μενον</span> <span class='ocrx_word' id='word_1_423' title='bbox 477 3500 529 3558; x_wconf 79' lang='grc' dir='ltr'>οἷ</span> <span class='ocrx_word' id='word_1_424' title='bbox 545 3505 729 3558; x_wconf 82' lang='grc' dir='ltr'>κακῶν</span> <span class='ocrx_word' id='word_1_425' title='bbox 758 3505 824 3560; x_wconf 85' lang='grc' dir='ltr'><strong>ἂν</strong></span> <span class='ocrx_word' id='word_1_426' title='bbox 848 3505 954 3574; x_wconf 82' lang='grc' dir='ltr'>εἴη,</span> <span class='ocrx_word' id='word_1_427' title='bbox 984 3505 1144 3577; x_wconf 81' lang='grc' dir='ltr'>λῆξαι</span> <span class='ocrx_word' id='word_1_428' title='bbox 1179 3506 1278 3576; x_wconf 83' lang='grc' dir='ltr'>μὲν</span> <span class='ocrx_word' id='word_1_429' title='bbox 1306 3505 1406 3576; x_wconf 78' lang='grc' dir='ltr'>τῆς</span> <span class='ocrx_word' id='word_1_430' title='bbox 1435 3505 1731 3576; x_wconf 84' lang='grc' dir='ltr'>μανιώδους</span> <span class='ocrx_word' id='word_1_431' title='bbox 1749 3506 1875 3577; x_wconf 89' lang='grc' dir='ltr'>θρα-</span> 
     </span>
    </p>
   </div>
   <div class='ocr_carea' id='block_1_67' title="bbox 295 3597 1869 3670">
    <p class='ocr_par' dir='ltr' id='par_1_67' title="bbox 295 3597 1869 3670">
     <span class='ocr_line' id='line_1_67' title="bbox 295 3597 1869 3670; baseline 0.003 -22"><span class='ocrx_word' id='word_1_432' title='bbox 295 3597 542 3668; x_wconf 78' lang='grc' dir='ltr'>σύτητος,</span> <span class='ocrx_word' id='word_1_433' title='bbox 575 3600 666 3652; x_wconf 74' lang='grc' dir='ltr'>ἐπὶ</span> <span class='ocrx_word' id='word_1_434' title='bbox 689 3599 778 3650; x_wconf 82' lang='grc' dir='ltr'><strong>τὸν</strong></span> <span class='ocrx_word' id='word_1_435' title='bbox 802 3599 1084 3670; x_wconf 89' lang='grc' dir='ltr'>κρείττονα</span> <span class='ocrx_word' id='word_1_436' title='bbox 1107 3599 1162 3652; x_wconf 80' lang='grc' dir='ltr'>δὲ</span> <span class='ocrx_word' id='word_1_437' title='bbox 1185 3599 1442 3669; x_wconf 84' lang='grc' dir='ltr'>λογισμὸν</span> <span class='ocrx_word' id='word_1_438' title='bbox 1473 3599 1869 3670; x_wconf 78' lang='grc' dir='ltr'>μεταϐαλέσθαι</span> 
     </span>
    </p>
   </div>
   <div class='ocr_carea' id='block_1_68' title="bbox 289 3687 1871 3761">
    <p class='ocr_par' dir='ltr' id='par_1_68' title="bbox 289 3687 1871 3761">
     <span class='ocr_line' id='line_1_68' title="bbox 289 3687 1871 3761; baseline 0.003 -23"><span class='ocrx_word' id='word_1_439' title='bbox 289 3687 388 3758; x_wconf 76' lang='grc' dir='ltr'><strong>τὴν</strong></span> <span class='ocrx_word' id='word_1_440' title='bbox 421 3687 664 3758; x_wconf 80' lang='grc' dir='ltr'>γνώμην.</span> <span class='ocrx_word' id='word_1_441' title='bbox 694 3688 829 3740; x_wconf 76' lang='grc' dir='ltr'>Ἀλλ’</span> <span class='ocrx_word' id='word_1_442' title='bbox 852 3691 879 3742; x_wconf 81' lang='grc' dir='ltr'>ὁ</span> <span class='ocrx_word' id='word_1_443' title='bbox 911 3690 1005 3758; x_wconf 81' lang='grc' dir='ltr'>μὲν</span> <span class='ocrx_word' id='word_1_444' title='bbox 1034 3689 1438 3761; x_wconf 71' lang='grc' dir='ltr'>φιλανθρωπίας</span> <span class='ocrx_word' id='word_1_445' title='bbox 1461 3690 1726 3761; x_wconf 78' lang='grc' dir='ltr'>ὑπερϐολῇ</span> <span class='ocrx_word' id='word_1_446' title='bbox 1749 3690 1871 3743; x_wconf 78' lang='grc' dir='ltr'><strong>ταῦ-</strong></span> 
     </span>
    </p>
   </div>
   <div class='ocr_carea' id='block_1_69' title="bbox 290 3780 1866 3854">
    <p class='ocr_par' dir='ltr' id='par_1_69' title="bbox 290 3780 1866 3854">
     <span class='ocr_line' id='line_1_69' title="bbox 290 3780 1866 3854; baseline 0.003 -22"><span class='ocrx_word' id='word_1_447' title='bbox 290 3797 357 3832; x_wconf 72' lang='grc' dir='ltr'>τι</span> <span class='ocrx_word' id='word_1_448' title='bbox 382 3780 652 3843; x_wconf 86' lang='grc' dir='ltr'>διενοεῖτο,</span> <span class='ocrx_word' id='word_1_449' title='bbox 688 3781 1029 3846; x_wconf 81' lang='grc' dir='ltr'>ἀνεξικακεῖν</span> <span class='ocrx_word' id='word_1_450' title='bbox 1052 3799 1110 3835; x_wconf 85' lang='grc' dir='ltr'><strong>τε</strong></span> <span class='ocrx_word' id='word_1_451' title='bbox 1140 3781 1318 3852; x_wconf 78' lang='grc' dir='ltr'>ἤθελε,</span> <span class='ocrx_word' id='word_1_452' title='bbox 1344 3783 1437 3835; x_wconf 73' lang='grc' dir='ltr'>καὶ</span> <span class='ocrx_word' id='word_1_453' title='bbox 1477 3782 1660 3852; x_wconf 87' lang='grc' dir='ltr'>νέμειν</span> <span class='ocrx_word' id='word_1_454' title='bbox 1687 3784 1764 3854; x_wconf 82' lang='grc' dir='ltr'><strong>τῷ</strong></span> <span class='ocrx_word' id='word_1_455' title='bbox 1793 3783 1866 3854; x_wconf 87' lang='grc' dir='ltr'>μὴ</span> 
     </span>
    </p>
   </div>
   <div class='ocr_carea' id='block_1_70' title="bbox 289 3872 1865 3945">
    <p class='ocr_par' dir='ltr' id='par_1_70' title="bbox 289 3872 1865 3945">
     <span class='ocr_line' id='line_1_70' title="bbox 289 3872 1865 3945; baseline 0.002 -19"><span class='ocrx_word' id='word_1_456' title='bbox 289 3873 428 3943; x_wconf 64' lang='grc' dir='ltr'><strong>ἀξίῳ</strong></span> <span class='ocrx_word' id='word_1_457' title='bbox 463 3872 810 3944; x_wconf 74' lang='grc' dir='ltr'>συγγνώμην·</span> <span class='ocrx_word' id='word_1_458' title='bbox 835 3877 862 3927; x_wconf 80' lang='grc' dir='ltr'>ὁ</span> <span class='ocrx_word' id='word_1_459' title='bbox 889 3875 932 3926; x_wconf 77' lang='grc' dir='ltr'>δ’</span> <span class='ocrx_word' id='word_1_460' title='bbox 956 3875 1056 3926; x_wconf 72' lang='grc' dir='ltr'>οὑκ</span> <span class='ocrx_word' id='word_1_461' title='bbox 1087 3875 1342 3944; x_wconf 87' lang='grc' dir='ltr'>ἀπείχετο</span> <span class='ocrx_word' id='word_1_462' title='bbox 1375 3874 1690 3945; x_wconf 77' lang='grc' dir='ltr'>μοχθηρίας,</span> <span class='ocrx_word' id='word_1_463' title='bbox 1722 3877 1865 3930; x_wconf 79' lang='grc' dir='ltr'><strong>κακᾷ</strong></span> 
     </span>
    </p>
   </div>
   <div class='ocr_carea' id='block_1_71' title="bbox 287 3967 1866 4042">
    <p class='ocr_par' dir='ltr' id='par_1_71' title="bbox 287 3967 1866 4042">
     <span class='ocr_line' id='line_1_71' title="bbox 287 3967 1866 4042; baseline 0.004 -24"><span class='ocrx_word' id='word_1_464' title='bbox 287 3967 332 4018; x_wconf 83' lang='grc' dir='ltr'>δ’</span> <span class='ocrx_word' id='word_1_465' title='bbox 367 3967 460 4021; x_wconf 72' lang='grc' dir='ltr'>ἐπὶ</span> <span class='ocrx_word' id='word_1_466' title='bbox 511 3971 700 4031; x_wconf 85' lang='grc' dir='ltr'>κακοῖς</span> <span class='ocrx_word' id='word_1_467' title='bbox 737 3967 1011 4040; x_wconf 87' lang='grc' dir='ltr'>σωρεύων,</span> <span class='ocrx_word' id='word_1_468' title='bbox 1057 3969 1317 4040; x_wconf 84' lang='grc' dir='ltr'>χειρόνων</span> <span class='ocrx_word' id='word_1_469' title='bbox 1345 3969 1550 4039; x_wconf 77' lang='grc' dir='ltr'>ἥπτετο</span> <span class='ocrx_word' id='word_1_470' title='bbox 1580 3971 1866 4042; x_wconf 74' lang='grc' dir='ltr'>τολμημά-</span> 
     </span>
    </p>
   </div>
   <div class='ocr_carea' id='block_1_72' title="bbox 285 4059 1867 4133">
    <p class='ocr_par' dir='ltr' id='par_1_72' title="bbox 285 4059 1867 4133">
     <span class='ocr_line' id='line_1_72' title="bbox 285 4059 1867 4133; baseline 0.004 -23"><span class='ocrx_word' id='word_1_471' title='bbox 285 4076 415 4110; x_wconf 89' lang='grc' dir='ltr'>των·</span> <span class='ocrx_word' id='word_1_472' title='bbox 442 4059 534 4112; x_wconf 72' lang='grc' dir='ltr'><strong>καὶ</strong></span> <span class='ocrx_word' id='word_1_473' title='bbox 563 4059 626 4130; x_wconf 79' lang='grc' dir='ltr'>δὴ</span> <span class='ocrx_word' id='word_1_474' title='bbox 648 4059 807 4113; x_wconf 82' lang='grc' dir='ltr'>πάλιν</span> <span class='ocrx_word' id='word_1_475' title='bbox 842 4061 1052 4131; x_wconf 82' lang='grc' dir='ltr'>γοήτων</span> <span class='ocrx_word' id='word_1_476' title='bbox 1080 4061 1426 4130; x_wconf 82' lang='grc' dir='ltr'>κακοτέχνοις</span> <span class='ocrx_word' id='word_1_477' title='bbox 1447 4062 1867 4133; x_wconf 75' lang='grc' dir='ltr'>ἐπιτηδεύμασιν</span> 
     </span>
    </p>
   </div>
   <div class='ocr_carea' id='block_1_73' title="bbox 286 4148 1863 4226">
    <p class='ocr_par' dir='ltr' id='par_1_73' title="bbox 286 4148 1863 4226">
     <span class='ocr_line' id='line_1_73' title="bbox 286 4148 1863 4226; baseline -0.006 -22"><span class='ocrx_word' id='word_1_478' title='bbox 286 4153 551 4223; x_wconf 81' lang='grc' dir='ltr'>ἐγχειρῶν</span> <span class='ocrx_word' id='word_1_479' title='bbox 579 4153 921 4225; x_wconf 80' lang='grc' dir='ltr'>ἐθρασύνετο·</span> <span class='ocrx_word' id='word_1_480' title='bbox 951 4148 1019 4223; x_wconf 79' lang='grc' dir='ltr'><strong>ἦν</strong></span> <span class='ocrx_word' id='word_1_481' title='bbox 1045 4152 1101 4205; x_wconf 81' lang='grc' dir='ltr'>δὲ</span> <span class='ocrx_word' id='word_1_482' title='bbox 1130 4154 1224 4205; x_wconf 73' lang='grc' dir='ltr'>καὶ</span> <span class='ocrx_word' id='word_1_483' title='bbox 1267 4154 1356 4206; x_wconf 81' lang='grc' dir='ltr'>ἐπ’</span> <span class='ocrx_word' id='word_1_484' title='bbox 1393 4153 1562 4225; x_wconf 78' lang='grc' dir='ltr'>αύτῷ,</span> <span class='ocrx_word' id='word_1_485' title='bbox 1590 4155 1665 4218; x_wconf 81' lang='grc' dir='ltr'>ὡς</span> <span class='ocrx_word' id='word_1_486' title='bbox 1703 4153 1808 4226; x_wconf 69' lang='grc' dir='ltr'><strong>ἄρα</strong></span> <span class='ocrx_word' id='word_1_487' title='bbox 1834 4156 1863 4208; x_wconf 74' lang='grc' dir='ltr'>ὁ</span> 
     </span>
    </p>
   </div>
   <div class='ocr_carea' id='block_1_74' title="bbox 284 4241 1862 4318">
    <p class='ocr_par' dir='ltr' id='par_1_74' title="bbox 284 4241 1862 4318">
     <span class='ocr_line' id='line_1_74' title="bbox 284 4241 1862 4318; baseline 0.003 -25"><span class='ocrx_word' id='word_1_488' title='bbox 284 4243 416 4306; x_wconf 70' lang='grc' dir='ltr'>Θεὸς</span> <span class='ocrx_word' id='word_1_489' title='bbox 438 4243 601 4313; x_wconf 77' lang='grc' dir='ltr'>ὲσκλή</span> <span class='ocrx_word' id='word_1_490' title='bbox 613 4260 735 4314; x_wconf 87' lang='grc' dir='ltr'>ρυνε</span> <span class='ocrx_word' id='word_1_491' title='bbox 766 4243 863 4314; x_wconf 77' lang='grc' dir='ltr'>τὴν</span> <span class='ocrx_word' id='word_1_492' title='bbox 900 4243 1124 4314; x_wconf 84' lang='grc' dir='ltr'>καρδίαν</span> <span class='ocrx_word' id='word_1_493' title='bbox 1152 4241 1339 4307; x_wconf 81' lang='grc' dir='ltr'>αὑτοῦ,</span> <span class='ocrx_word' id='word_1_494' title='bbox 1367 4243 1581 4314; x_wconf 82' lang='grc' dir='ltr'>παλαιῷ</span> <span class='ocrx_word' id='word_1_495' title='bbox 1617 4245 1862 4318; x_wconf 83' lang='grc' dir='ltr'>τυράννῳ</span> 
     </span>
    </p>
   </div>
   <div class='ocr_carea' id='block_1_75' title="bbox 284 4335 893 4406">
    <p class='ocr_par' dir='ltr' id='par_1_75' title="bbox 284 4335 893 4406">
     <span class='ocr_line' id='line_1_75' title="bbox 284 4335 893 4406; baseline 0.005 -21"><span class='ocrx_word' id='word_1_496' title='bbox 284 4335 678 4406; x_wconf 74' lang='grc' dir='ltr'>παραπλησίως</span> <span class='ocrx_word' id='word_1_497' title='bbox 712 4336 893 4404; x_wconf 78' lang='grc' dir='ltr'>φάναι.</span> 
     </span>
    </p>
   </div>
   <div class='ocr_carea' id='block_1_76' title="bbox 1986 3230 3558 3300">
    <p class='ocr_par' dir='ltr' id='par_1_76' title="bbox 1986 3230 3558 3300">
     <span class='ocr_line' id='line_1_76' title="bbox 1986 3230 3558 3300; baseline 0 -14"><span class='ocrx_word' id='word_1_498' title='bbox 1986 3231 2300 3286; x_wconf 89' lang='lat' dir='ltr'><strong>discrimine</strong></span> <span class='ocrx_word' id='word_1_499' title='bbox 2329 3233 2551 3296; x_wconf 83' lang='lat' dir='ltr'><strong>exemit,</strong></span> <span class='ocrx_word' id='word_1_500' title='bbox 2606 3247 2726 3286; x_wconf 87' lang='lat' dir='ltr'><strong>cum</strong></span> <span class='ocrx_word' id='word_1_501' title='bbox 2759 3232 3055 3300; x_wconf 89' lang='lat' dir='ltr'><strong>imperator</strong></span> <span class='ocrx_word' id='word_1_502' title='bbox 3103 3230 3195 3286; x_wconf 88' lang='lat' dir='ltr'><strong>Dei</strong></span> <span class='ocrx_word' id='word_1_503' title='bbox 3245 3231 3558 3286; x_wconf 80' lang='lat' dir='ltr'><strong>amantissi-</strong></span> 
     </span>
    </p>
   </div>
   <div class='ocr_carea' id='block_1_77' title="bbox 1985 3323 3556 3395">
    <p class='ocr_par' dir='ltr' id='par_1_77' title="bbox 1985 3323 3556 3395">
     <span class='ocr_line' id='line_1_77' title="bbox 1985 3323 3556 3395; baseline 0.001 -17"><span class='ocrx_word' id='word_1_504' title='bbox 1985 3341 2127 3388; x_wconf 90' lang='lat' dir='ltr'><strong>mus,</strong></span> <span class='ocrx_word' id='word_1_505' title='bbox 2149 3340 2274 3378; x_wconf 87' lang='lat' dir='ltr'><strong>suos</strong></span> <span class='ocrx_word' id='word_1_506' title='bbox 2301 3323 2582 3378; x_wconf 78' lang='lat' dir='ltr'><strong>confestim</strong></span> <span class='ocrx_word' id='word_1_507' title='bbox 2609 3327 2758 3394; x_wconf 87' lang='lat' dir='ltr'><strong>sequi</strong></span> <span class='ocrx_word' id='word_1_508' title='bbox 2791 3334 2845 3378; x_wconf 88' lang='lat' dir='ltr'><strong>et</strong></span> <span class='ocrx_word' id='word_1_509' title='bbox 2869 3324 3121 3394; x_wconf 82' lang='lat' dir='ltr'><strong>fugientis</strong></span> <span class='ocrx_word' id='word_1_510' title='bbox 3141 3333 3285 3394; x_wconf 81' lang='lat' dir='ltr'><strong>terga</strong></span> <span class='ocrx_word' id='word_1_511' title='bbox 3305 3339 3556 3395; x_wconf 82' lang='lat' dir='ltr'><strong>premere</strong></span> 
     </span>
    </p>
   </div>
   <div class='ocr_carea' id='block_1_78' title="bbox 1982 3413 3556 3486">
    <p class='ocr_par' dir='ltr' id='par_1_78' title="bbox 1982 3413 3556 3486">
     <span class='ocr_line' id='line_1_78' title="bbox 1982 3413 3556 3486; baseline -0.001 -14"><span class='ocrx_word' id='word_1_512' title='bbox 1982 3417 2263 3483; x_wconf 91' lang='lat' dir='ltr'><strong>noluisset,</strong></span> <span class='ocrx_word' id='word_1_513' title='bbox 2285 3432 2395 3486; x_wconf 90' lang='lat' dir='ltr'><strong>quo</strong></span> <span class='ocrx_word' id='word_1_514' title='bbox 2413 3416 2619 3472; x_wconf 82' lang='lat' dir='ltr'><strong>scilicet</strong></span> <span class='ocrx_word' id='word_1_515' title='bbox 2637 3417 2849 3486; x_wconf 82' lang='lat' dir='ltr'><strong>fugiens</strong></span> <span class='ocrx_word' id='word_1_516' title='bbox 2875 3427 3054 3485; x_wconf 84' lang='lat' dir='ltr'><strong>posset</strong></span> <span class='ocrx_word' id='word_1_517' title='bbox 3077 3413 3326 3471; x_wconf 82' lang='lat' dir='ltr'><strong>evadere.</strong></span> <span class='ocrx_word' id='word_1_518' title='bbox 3353 3415 3556 3486; x_wconf 71' lang='lat' dir='ltr'><strong>Spera-</strong></span> 
     </span>
    </p>
   </div>
   <div class='ocr_carea' id='block_1_79' title="bbox 1978 3507 3549 3578">
    <p class='ocr_par' dir='ltr' id='par_1_79' title="bbox 1978 3507 3549 3578">
     <span class='ocr_line' id='line_1_79' title="bbox 1978 3507 3549 3578; baseline -0.001 -16"><span class='ocrx_word' id='word_1_519' title='bbox 1978 3508 2068 3563; x_wconf 86' lang='lat' dir='ltr'><strong>bat</strong></span> <span class='ocrx_word' id='word_1_520' title='bbox 2094 3510 2236 3562; x_wconf 91' lang='lat' dir='ltr'><strong>enim</strong></span> <span class='ocrx_word' id='word_1_521' title='bbox 2257 3508 2372 3564; x_wconf 83' lang='lat' dir='ltr'><strong>fore</strong></span> <span class='ocrx_word' id='word_1_522' title='bbox 2391 3507 2722 3571; x_wconf 87' lang='lat' dir='ltr'><strong>utLicinius,</strong></span> <span class='ocrx_word' id='word_1_523' title='bbox 2744 3507 2958 3578; x_wconf 88' lang='lat' dir='ltr'><strong>cognito</strong></span> <span class='ocrx_word' id='word_1_524' title='bbox 2977 3507 3190 3560; x_wconf 87' lang='lat' dir='ltr'><strong>tandem</strong></span> <span class='ocrx_word' id='word_1_525' title='bbox 3220 3521 3398 3560; x_wconf 86' lang='lat' dir='ltr'><strong>rerum</strong></span> <span class='ocrx_word' id='word_1_526' title='bbox 3423 3521 3549 3560; x_wconf 81' lang='lat' dir='ltr'><strong>sua-</strong></span> 
     </span>
    </p>
   </div>
   <div class='ocr_carea' id='block_1_80' title="bbox 1978 3598 3553 3668">
    <p class='ocr_par' dir='ltr' id='par_1_80' title="bbox 1978 3598 3553 3668">
     <span class='ocr_line' id='line_1_80' title="bbox 1978 3598 3553 3668; baseline -0.001 -12"><span class='ocrx_word' id='word_1_527' title='bbox 1978 3617 2096 3656; x_wconf 88' lang='lat' dir='ltr'><strong>rum</strong></span> <span class='ocrx_word' id='word_1_528' title='bbox 2141 3601 2517 3656; x_wconf 86' lang='lat' dir='ltr'><strong>infelicissimo</strong></span> <span class='ocrx_word' id='word_1_529' title='bbox 2545 3609 2720 3663; x_wconf 90' lang='lat' dir='ltr'><strong>statu,</strong></span> <span class='ocrx_word' id='word_1_530' title='bbox 2760 3615 2788 3652; x_wconf 90' lang='lat' dir='ltr'><strong>a</strong></span> <span class='ocrx_word' id='word_1_531' title='bbox 2827 3599 3054 3668; x_wconf 80' lang='lat' dir='ltr'><strong>pristina</strong></span> <span class='ocrx_word' id='word_1_532' title='bbox 3107 3598 3330 3652; x_wconf 85' lang='lat' dir='ltr'><strong>audacia</strong></span> <span class='ocrx_word' id='word_1_533' title='bbox 3385 3609 3553 3667; x_wconf 87' lang='lat' dir='ltr'><strong>atque</strong></span> 
     </span>
    </p>
   </div>
   <div class='ocr_carea' id='block_1_81' title="bbox 1977 3691 3545 3758">
    <p class='ocr_par' dir='ltr' id='par_1_81' title="bbox 1977 3691 3545 3758">
     <span class='ocr_line' id='line_1_81' title="bbox 1977 3691 3545 3758; baseline -0.001 -12"><span class='ocrx_word' id='word_1_534' title='bbox 1977 3693 2186 3746; x_wconf 88' lang='lat' dir='ltr'><strong>insania</strong></span> <span class='ocrx_word' id='word_1_535' title='bbox 2219 3694 2546 3758; x_wconf 76' lang='lat' dir='ltr'><strong>discederet,</strong></span> <span class='ocrx_word' id='word_1_536' title='bbox 2572 3700 2625 3745; x_wconf 91' lang='lat' dir='ltr'><strong>et</strong></span> <span class='ocrx_word' id='word_1_537' title='bbox 2651 3694 2730 3749; x_wconf 76' lang='lat' dir='ltr'><strong>ad</strong></span> <span class='ocrx_word' id='word_1_538' title='bbox 2751 3692 3019 3745; x_wconf 84' lang='lat' dir='ltr'><strong>saniorem</strong></span> <span class='ocrx_word' id='word_1_539' title='bbox 3050 3698 3283 3744; x_wconf 91' lang='lat' dir='ltr'><strong>mentem</strong></span> <span class='ocrx_word' id='word_1_540' title='bbox 3320 3691 3545 3744; x_wconf 84' lang='lat' dir='ltr'><strong>rediret.</strong></span> 
     </span>
    </p>
   </div>
   <div class='ocr_carea' id='block_1_82' title="bbox 1978 3780 3551 3850">
    <p class='ocr_par' dir='ltr' id='par_1_82' title="bbox 1978 3780 3551 3850">
     <span class='ocr_line' id='line_1_82' title="bbox 1978 3780 3551 3850; baseline -0.003 -14"><span class='ocrx_word' id='word_1_541' title='bbox 1978 3781 2174 3836; x_wconf 77' lang='lat' dir='ltr'><strong>Verum</strong></span> <span class='ocrx_word' id='word_1_542' title='bbox 2205 3782 2592 3837; x_wconf 87' lang='lat' dir='ltr'><strong>Constantinus</strong></span> <span class='ocrx_word' id='word_1_543' title='bbox 2615 3781 2831 3850; x_wconf 87' lang='lat' dir='ltr'><strong>quidem</strong></span> <span class='ocrx_word' id='word_1_544' title='bbox 2869 3795 2969 3850; x_wconf 89' lang='lat' dir='ltr'><strong>pro</strong></span> <span class='ocrx_word' id='word_1_545' title='bbox 2992 3780 3190 3834; x_wconf 78' lang='lat' dir='ltr'><strong>eximia</strong></span> <span class='ocrx_word' id='word_1_546' title='bbox 3221 3794 3322 3848; x_wconf 90' lang='lat' dir='ltr'><strong>qua</strong></span> <span class='ocrx_word' id='word_1_547' title='bbox 3351 3780 3551 3849; x_wconf 72' lang='lat' dir='ltr'><strong>przedi-</strong></span> 
     </span>
    </p>
   </div>
   <div class='ocr_carea' id='block_1_83' title="bbox 1972 3871 3544 3942">
    <p class='ocr_par' dir='ltr' id='par_1_83' title="bbox 1972 3871 3544 3942">
     <span class='ocr_line' id='line_1_83' title="bbox 1972 3871 3544 3942; baseline -0.001 -14"><span class='ocrx_word' id='word_1_548' title='bbox 1972 3885 2058 3928; x_wconf 91' lang='lat' dir='ltr'><strong>tus</strong></span> <span class='ocrx_word' id='word_1_549' title='bbox 2091 3884 2210 3928; x_wconf 89' lang='lat' dir='ltr'><strong>erat</strong></span> <span class='ocrx_word' id='word_1_550' title='bbox 2239 3873 2600 3935; x_wconf 84' lang='lat' dir='ltr'><strong>humanitate,</strong></span> <span class='ocrx_word' id='word_1_551' title='bbox 2637 3872 2751 3925; x_wconf 75' lang='lat' dir='ltr'><strong>lucc</strong></span> <span class='ocrx_word' id='word_1_552' title='bbox 2779 3871 2854 3924; x_wconf 90' lang='lat' dir='ltr'><strong>ita</strong></span> <span class='ocrx_word' id='word_1_553' title='bbox 2885 3871 3238 3926; x_wconf 84' lang='lat' dir='ltr'><strong>existimabat</strong></span> <span class='ocrx_word' id='word_1_554' title='bbox 3269 3886 3284 3924; x_wconf 92' lang='lat'><strong>:</strong></span> <span class='ocrx_word' id='word_1_555' title='bbox 3310 3883 3364 3926; x_wconf 91' lang='lat' dir='ltr'><strong>et</strong></span> <span class='ocrx_word' id='word_1_556' title='bbox 3401 3873 3544 3942; x_wconf 80' lang='lat' dir='ltr'><strong>inju—</strong></span> 
     </span>
    </p>
   </div>
   <div class='ocr_carea' id='block_1_84' title="bbox 1978 3963 3542 4036">
    <p class='ocr_par' dir='ltr' id='par_1_84' title="bbox 1978 3963 3542 4036">
     <span class='ocr_line' id='line_1_84' title="bbox 1978 3963 3542 4036; baseline -0.001 -16"><span class='ocrx_word' id='word_1_557' title='bbox 1978 3967 2088 4020; x_wconf 90' lang='lat' dir='ltr'><strong>rias</strong></span> <span class='ocrx_word' id='word_1_558' title='bbox 2123 3967 2391 4036; x_wconf 83' lang='lat' dir='ltr'><strong>patienter</strong></span> <span class='ocrx_word' id='word_1_559' title='bbox 2425 3963 2590 4028; x_wconf 88' lang='lat' dir='ltr'><strong>ferre,</strong></span> <span class='ocrx_word' id='word_1_560' title='bbox 2619 3978 2682 4017; x_wconf 87' lang='lat' dir='ltr'><strong>ac</strong></span> <span class='ocrx_word' id='word_1_561' title='bbox 2720 3964 2846 4018; x_wconf 89' lang='lat' dir='ltr'><strong>licet</strong></span> <span class='ocrx_word' id='word_1_562' title='bbox 2887 3981 2990 4019; x_wconf 89' lang='lat' dir='ltr'><strong>nou</strong></span> <span class='ocrx_word' id='word_1_563' title='bbox 3049 3965 3274 4018; x_wconf 86' lang='lat' dir='ltr'><strong>merenti</strong></span> <span class='ocrx_word' id='word_1_564' title='bbox 3325 3965 3542 4019; x_wconf 77' lang='lat' dir='ltr'><strong>veniam</strong></span> 
     </span>
    </p>
   </div>
   <div class='ocr_carea' id='block_1_85' title="bbox 1975 4053 3540 4122">
    <p class='ocr_par' dir='ltr' id='par_1_85' title="bbox 1975 4053 3540 4122">
     <span class='ocr_line' id='line_1_85' title="bbox 1975 4053 3540 4122; baseline -0.001 -12"><span class='ocrx_word' id='word_1_565' title='bbox 1975 4057 2126 4122; x_wconf 88' lang='lat' dir='ltr'><strong>dare,</strong></span> <span class='ocrx_word' id='word_1_566' title='bbox 2175 4056 2228 4109; x_wconf 91' lang='lat' dir='ltr'><strong>in</strong></span> <span class='ocrx_word' id='word_1_567' title='bbox 2285 4056 2526 4109; x_wconf 89' lang='lat' dir='ltr'><strong>animum</strong></span> <span class='ocrx_word' id='word_1_568' title='bbox 2576 4053 2884 4112; x_wconf 78' lang='lat' dir='ltr'><strong>induxerat.</strong></span> <span class='ocrx_word' id='word_1_569' title='bbox 2921 4057 2992 4109; x_wconf 80' lang='lat' dir='ltr'><strong>At</strong></span> <span class='ocrx_word' id='word_1_570' title='bbox 3052 4057 3298 4110; x_wconf 88' lang='lat' dir='ltr'><strong>Licinius</strong></span> <span class='ocrx_word' id='word_1_571' title='bbox 3331 4064 3540 4108; x_wconf 75' lang='lat' dir='ltr'><strong>tantum</strong></span> 
     </span>
    </p>
   </div>
   <div class='ocr_carea' id='block_1_86' title="bbox 1975 4151 3536 4222">
    <p class='ocr_par' dir='ltr' id='par_1_86' title="bbox 1975 4151 3536 4222">
     <span class='ocr_line' id='line_1_86' title="bbox 1975 4151 3536 4222; baseline -0.001 -16"><span class='ocrx_word' id='word_1_572' title='bbox 1975 4152 2128 4207; x_wconf 90' lang='lat' dir='ltr'><strong>abest</strong></span> <span class='ocrx_word' id='word_1_573' title='bbox 2174 4163 2233 4206; x_wconf 90' lang='lat' dir='ltr'><strong>ut</strong></span> <span class='ocrx_word' id='word_1_574' title='bbox 2283 4168 2312 4204; x_wconf 90' lang='lat' dir='ltr'><strong>a</strong></span> <span class='ocrx_word' id='word_1_575' title='bbox 2368 4151 2614 4222; x_wconf 70' lang='lat' dir='ltr'><strong>pristiuta</strong></span> <span class='ocrx_word' id='word_1_576' title='bbox 2665 4151 3019 4220; x_wconf 84' lang='lat' dir='ltr'><strong>improbitate</strong></span> <span class='ocrx_word' id='word_1_577' title='bbox 3066 4154 3352 4213; x_wconf 86' lang='lat' dir='ltr'><strong>destiterit,</strong></span> <span class='ocrx_word' id='word_1_578' title='bbox 3405 4151 3536 4220; x_wconf 87' lang='lat' dir='ltr'><strong>quin</strong></span> 
     </span>
    </p>
   </div>
   <div class='ocr_carea' id='block_1_87' title="bbox 1973 4243 3538 4315">
    <p class='ocr_par' dir='ltr' id='par_1_87' title="bbox 1973 4243 3538 4315">
     <span class='ocr_line' id='line_1_87' title="bbox 1973 4243 3538 4315; baseline -0.001 -17"><span class='ocrx_word' id='word_1_579' title='bbox 1973 4248 2151 4315; x_wconf 88' lang='lat' dir='ltr'><strong>potius</strong></span> <span class='ocrx_word' id='word_1_580' title='bbox 2180 4243 2317 4300; x_wconf 87' lang='lat' dir='ltr'><strong>mala</strong></span> <span class='ocrx_word' id='word_1_581' title='bbox 2345 4244 2505 4297; x_wconf 89' lang='lat' dir='ltr'><strong>malis</strong></span> <span class='ocrx_word' id='word_1_582' title='bbox 2529 4258 2884 4313; x_wconf 79' lang='lat' dir='ltr'><strong>exaggerans,</strong></span> <span class='ocrx_word' id='word_1_583' title='bbox 2912 4243 3091 4312; x_wconf 83' lang='lat' dir='ltr'><strong>pejora</strong></span> <span class='ocrx_word' id='word_1_584' title='bbox 3123 4247 3175 4297; x_wconf 92' lang='lat' dir='ltr'><strong>in</strong></span> <span class='ocrx_word' id='word_1_585' title='bbox 3210 4244 3324 4297; x_wconf 83' lang='lat' dir='ltr'><strong>dtes</strong></span> <span class='ocrx_word' id='word_1_586' title='bbox 3350 4256 3538 4311; x_wconf 78' lang='lat' dir='ltr'><strong>aggre-</strong></span> 
     </span>
    </p>
   </div>
   <div class='ocr_carea' id='block_1_88' title="bbox 1969 4336 3537 4406">
    <p class='ocr_par' dir='ltr' id='par_1_88' title="bbox 1969 4336 3537 4406">
     <span class='ocr_line' id='line_1_88' title="bbox 1969 4336 3537 4406; baseline -0.004 -14"><span class='ocrx_word' id='word_1_587' title='bbox 1969 4339 2236 4392; x_wconf 90' lang='lat' dir='ltr'><strong>diehatur.</strong></span> <span class='ocrx_word' id='word_1_588' title='bbox 2267 4337 2405 4403; x_wconf 91' lang='lat' dir='ltr'><strong>Quin</strong></span> <span class='ocrx_word' id='word_1_589' title='bbox 2428 4337 2589 4389; x_wconf 86' lang='lat' dir='ltr'><strong>etiam</strong></span> <span class='ocrx_word' id='word_1_590' title='bbox 2623 4336 2690 4389; x_wconf 92' lang='lat' dir='ltr'><strong>ad</strong></span> <span class='ocrx_word' id='word_1_591' title='bbox 2719 4352 2993 4406; x_wconf 84' lang='lat' dir='ltr'><strong>magorum</strong></span> <span class='ocrx_word' id='word_1_592' title='bbox 3013 4337 3358 4391; x_wconf 87' lang='lat' dir='ltr'><strong>detestandas</strong></span> <span class='ocrx_word' id='word_1_593' title='bbox 3392 4343 3537 4387; x_wconf 86' lang='lat' dir='ltr'><strong>artes</strong></span> 
     </span>
    </p>
   </div>
   <div class='ocr_carea' id='block_1_89' title="bbox 280 4427 3536 4502">
    <p class='ocr_par' dir='ltr' id='par_1_89' title="bbox 280 4427 3536 4502">
     <span class='ocr_line' id='line_1_89' title="bbox 280 4427 3536 4502; baseline -0 -18"><span class='ocrx_word' id='word_1_594' title='bbox 280 4433 464 4484; x_wconf 84' lang='lat' dir='ltr'><strong>denuo</strong></span> <span class='ocrx_word' id='word_1_595' title='bbox 503 4432 840 4500; x_wconf 87' lang='lat' dir='ltr'><strong>confugiens,</strong></span> <span class='ocrx_word' id='word_1_596' title='bbox 878 4430 1063 4485; x_wconf 76' lang='lat' dir='ltr'><strong>efferri</strong></span> <span class='ocrx_word' id='word_1_597' title='bbox 1106 4431 1426 4485; x_wconf 90' lang='lat' dir='ltr'><strong>insolentius</strong></span> <span class='ocrx_word' id='word_1_598' title='bbox 1459 4432 1644 4500; x_wconf 62' lang='lat' dir='ltr'><strong>carpit.</strong></span> <span class='ocrx_word' id='word_1_599' title='bbox 1684 4435 1758 4486; x_wconf 82' lang='lat' dir='ltr'><strong>Ac</strong></span> <span class='ocrx_word' id='word_1_600' title='bbox 1803 4434 1868 4488; x_wconf 93' lang='lat' dir='ltr'><strong>de</strong></span> <span class='ocrx_word' id='word_1_601' title='bbox 1904 4433 1988 4488; x_wconf 90' lang='lat' dir='ltr'><strong>illo</strong></span> <span class='ocrx_word' id='word_1_602' title='bbox 2053 4434 2193 4488; x_wconf 86' lang='lat' dir='ltr'><strong>idem</strong></span> <span class='ocrx_word' id='word_1_603' title='bbox 2247 4432 2443 4486; x_wconf 91' lang='lat' dir='ltr'><strong>tuerito</strong></span> <span class='ocrx_word' id='word_1_604' title='bbox 2504 4431 2609 4486; x_wconf 85' lang='lat' dir='ltr'><strong>dici</strong></span> <span class='ocrx_word' id='word_1_605' title='bbox 2663 4440 2874 4500; x_wconf 83' lang='lat' dir='ltr'><strong>poterat</strong></span> <span class='ocrx_word' id='word_1_606' title='bbox 2926 4432 3066 4502; x_wconf 90' lang='lat' dir='ltr'><strong>quod</strong></span> <span class='ocrx_word' id='word_1_607' title='bbox 3115 4431 3182 4486; x_wconf 92' lang='lat' dir='ltr'><strong>de</strong></span> <span class='ocrx_word' id='word_1_608' title='bbox 3212 4441 3395 4485; x_wconf 77' lang='lat' dir='ltr'><strong>Vetere</strong></span> <span class='ocrx_word' id='word_1_609' title='bbox 3444 4427 3536 4484; x_wconf 91' lang='lat' dir='ltr'><strong>illo</strong></span> 
     </span>
    </p>
   </div>
   <div class='ocr_carea' id='block_1_90' title="bbox 284 4523 1858 4593">
    <p class='ocr_par' dir='ltr' id='par_1_90' title="bbox 284 4523 1858 4593">
     <span class='ocr_line' id='line_1_90' title="bbox 284 4523 1858 4593; baseline 0 -18"><span class='ocrx_word' id='word_1_610' title='bbox 284 4537 662 4592; x_wconf 84' lang='lat' dir='ltr'><strong>tyranno,cor</strong></span> <span class='ocrx_word' id='word_1_611' title='bbox 679 4523 892 4579; x_wconf 84' lang='lat' dir='ltr'><strong>scilicet</strong></span> <span class='ocrx_word' id='word_1_612' title='bbox 926 4526 1093 4593; x_wconf 87' lang='lat' dir='ltr'><strong>ipsius</strong></span> <span class='ocrx_word' id='word_1_613' title='bbox 1124 4541 1151 4575; x_wconf 92' lang='lat' dir='ltr'><strong>a</strong></span> <span class='ocrx_word' id='word_1_614' title='bbox 1191 4525 1298 4577; x_wconf 87' lang='lat' dir='ltr'><strong>Deo</strong></span> <span class='ocrx_word' id='word_1_615' title='bbox 1326 4526 1636 4578; x_wconf 83' lang='lat' dir='ltr'><strong>induratum</strong></span> <span class='ocrx_word' id='word_1_616' title='bbox 1671 4527 1858 4578; x_wconf 81' lang='lat' dir='ltr'><strong>fuisse.</strong></span> 
     </span>
    </p>
   </div>
   <div class='ocr_carea' id='block_1_91' title="bbox 808 4619 1330 4673">
    <p class='ocr_par' dir='ltr' id='par_1_91' title="bbox 808 4619 1330 4673">
     <span class='ocr_line' id='line_1_91' title="bbox 808 4619 1330 4673; baseline 0 -1"><span class='ocrx_word' id='word_1_617' title='bbox 808 4619 1208 4673; x_wconf 65' lang='lat' dir='ltr'><strong>RE‘I&#39;AAAION</strong></span> <span class='ocrx_word' id='word_1_618' title='bbox 1234 4619 1330 4672; x_wconf 92' lang='lat' dir='ltr'><strong>IB&#39;.</strong></span> 
     </span>
    </p>
   </div>
   <div class='ocr_carea' id='block_1_92' title="bbox 280 4711 1852 4798">
    <p class='ocr_par' dir='ltr' id='par_1_92' title="bbox 280 4711 1852 4798">
     <span class='ocr_line' id='line_1_92' title="bbox 280 4711 1852 4798; baseline 0.002 -33"><span class='ocrx_word' id='word_1_619' title='bbox 280 4712 469 4780; x_wconf 78' lang='grc' dir='ltr'>Ὅπως</span> <span class='ocrx_word' id='word_1_620' title='bbox 519 4712 1077 4798; x_wconf 32' lang='grc' dir='ltr'>Κω-νστιιντῑνοςυέγ</span> <span class='ocrx_word' id='word_1_621' title='bbox 1111 4711 1314 4780; x_wconf 81' lang='grc' dir='ltr'><strong>σκηνῇ</strong></span> <span class='ocrx_word' id='word_1_622' title='bbox 1371 4713 1852 4783; x_wconf 76' lang='grc' dir='ltr'>προσευχόμενος</span> 
     </span>
    </p>
   </div>
   <div class='ocr_carea' id='block_1_93' title="bbox 967 4799 1159 4835">
    <p class='ocr_par' dir='ltr' id='par_1_93' title="bbox 967 4799 1159 4835">
     <span class='ocr_line' id='line_1_93' title="bbox 967 4799 1159 4835; baseline 0 0"><span class='ocrx_word' id='word_1_623' title='bbox 967 4799 1052 4835; x_wconf 72' lang='grc' dir='ltr'>ενι</span> <span class='ocrx_word' id='word_1_624' title='bbox 1065 4799 1159 4835; x_wconf 82' lang='grc' dir='ltr'><strong>κα.</strong></span> 
     </span>
    </p>
   </div>
   <div class='ocr_carea' id='block_1_94' title="bbox 366 4873 1853 4946">
    <p class='ocr_par' dir='ltr' id='par_1_94' title="bbox 366 4873 1853 4946">
     <span class='ocr_line' id='line_1_94' title="bbox 366 4873 1853 4946; baseline -0.001 -19"><span class='ocrx_word' id='word_1_625' title='bbox 366 4874 504 4927; x_wconf 75' lang='grc' dir='ltr'>Ἀλλ’</span> <span class='ocrx_word' id='word_1_626' title='bbox 538 4876 566 4927; x_wconf 88' lang='grc' dir='ltr'>ὁ</span> <span class='ocrx_word' id='word_1_627' title='bbox 599 4877 695 4946; x_wconf 86' lang='grc' dir='ltr'><strong>μὲν</strong></span> <span class='ocrx_word' id='word_1_628' title='bbox 723 4873 986 4936; x_wconf 87' lang='grc' dir='ltr'>τοιούτοις</span> <span class='ocrx_word' id='word_1_629' title='bbox 1011 4873 1301 4944; x_wconf 76' lang='grc' dir='ltr'>ἐμπλέκων</span> <span class='ocrx_word' id='word_1_630' title='bbox 1339 4873 1551 4935; x_wconf 76' lang='grc' dir='ltr'>ἑαυτὸν,</span> <span class='ocrx_word' id='word_1_631' title='bbox 1587 4873 1726 4926; x_wconf 79' lang='grc' dir='ltr'>κατὰ</span> <span class='ocrx_word' id='word_1_632' title='bbox 1757 4873 1853 4944; x_wconf 80' lang='grc' dir='ltr'><strong>βα-</strong></span> 
     </span>
    </p>
   </div>
   <div class='ocr_carea' id='block_1_95' title="bbox 283 4965 1852 5040">
    <p class='ocr_par' dir='ltr' id='par_1_95' title="bbox 283 4965 1852 5040">
     <span class='ocr_line' id='line_1_95' title="bbox 283 4965 1852 5040; baseline -0.001 -19"><span class='ocrx_word' id='word_1_633' title='bbox 283 4967 378 5040; x_wconf 72' lang='grc' dir='ltr'><strong>ράθ</strong></span> <span class='ocrx_word' id='word_1_634' title='bbox 390 4985 495 5038; x_wconf 88' lang='grc' dir='ltr'><strong>ρων</strong></span> <span class='ocrx_word' id='word_1_635' title='bbox 515 4967 788 5030; x_wconf 76' lang='grc' dir='ltr'>ἀπωλείας</span> <span class='ocrx_word' id='word_1_636' title='bbox 813 4966 960 5019; x_wconf 76' lang='grc' dir='ltr'>ὤθει·</span> <span class='ocrx_word' id='word_1_637' title='bbox 996 4966 1245 5036; x_wconf 76' lang='grc' dir='ltr'>βασιλεὺς</span> <span class='ocrx_word' id='word_1_638' title='bbox 1277 4967 1320 5019; x_wconf 76' lang='grc' dir='ltr'>δ’</span> <span class='ocrx_word' id='word_1_639' title='bbox 1351 4968 1472 5019; x_wconf 72' lang='grc' dir='ltr'>ἐπεὶ</span> <span class='ocrx_word' id='word_1_640' title='bbox 1500 4965 1645 5039; x_wconf 79' lang='grc' dir='ltr'>ἐώρα</span> <span class='ocrx_word' id='word_1_641' title='bbox 1671 4967 1852 5020; x_wconf 86' lang='grc' dir='ltr'>δευτέ-</span> 
     </span>
    </p>
   </div>
   <div class='ocr_carea' id='block_1_96' title="bbox 277 5057 1848 5130">
    <p class='ocr_par' dir='ltr' id='par_1_96' title="bbox 277 5057 1848 5130">
     <span class='ocr_line' id='line_1_96' title="bbox 277 5057 1848 5130; baseline -0.001 -17"><span class='ocrx_word' id='word_1_642' title='bbox 277 5077 374 5130; x_wconf 85' lang='grc' dir='ltr'><strong>ρας</strong></span> <span class='ocrx_word' id='word_1_643' title='bbox 395 5058 542 5129; x_wconf 81' lang='grc' dir='ltr'>αύτῴ</span> <span class='ocrx_word' id='word_1_644' title='bbox 566 5058 771 5112; x_wconf 87' lang='grc' dir='ltr'>δεῖσθαι</span> <span class='ocrx_word' id='word_1_645' title='bbox 793 5059 1027 5130; x_wconf 88' lang='grc' dir='ltr'>πολέμου</span> <span class='ocrx_word' id='word_1_646' title='bbox 1046 5057 1400 5130; x_wconf 83' lang='grc' dir='ltr'>παρατάξεως</span> <span class='ocrx_word' id='word_1_647' title='bbox 1430 5059 1562 5130; x_wconf 68' lang='grc'><strong>(44),</strong></span> <span class='ocrx_word' id='word_1_648' title='bbox 1583 5059 1662 5130; x_wconf 87' lang='grc' dir='ltr'>τῷ</span> <span class='ocrx_word' id='word_1_649' title='bbox 1684 5057 1848 5113; x_wconf 73' lang='grc' dir='ltr'>αὑτοῦ</span> 
     </span>
    </p>
   </div>
   <div class='ocr_carea' id='block_1_97' title="bbox 343 5261 1842 5331">
    <p class='ocr_par' dir='ltr' id='par_1_97' title="bbox 343 5261 1842 5331">
     <span class='ocr_line' id='line_1_97' title="bbox 343 5261 1842 5331; baseline 0 -17"><span class='ocrx_word' id='word_1_650' title='bbox 343 5261 456 5324; x_wconf 64' lang='grc'><strong>(42)</strong></span> <span class='ocrx_word' id='word_1_651' title='bbox 506 5261 662 5328; x_wconf 79' lang='grc' dir='ltr'>Πρὸς</span> <span class='ocrx_word' id='word_1_652' title='bbox 696 5263 938 5331; x_wconf 63' lang='grc' dir='ltr'>φιλικὰς</span> <span class='ocrx_word' id='word_1_653' title='bbox 987 5262 1261 5328; x_wconf 72' lang='grc' dir='ltr'>κλήσεις.</span> <span class='ocrx_word' id='word_1_654' title='bbox 1319 5261 1678 5317; x_wconf 74' lang='lat' dir='ltr'><strong>Scriliendum</strong></span> <span class='ocrx_word' id='word_1_655' title='bbox 1715 5271 1842 5330; x_wconf 91' lang='lat' dir='ltr'><strong>puto</strong></span> 
     </span>
    </p>
   </div>
   <div class='ocr_carea' id='block_1_98' title="bbox 274 5332 1845 5405">
    <p class='ocr_par' dir='ltr' id='par_1_98' title="bbox 274 5332 1845 5405">
     <span class='ocr_line' id='line_1_98' title="bbox 274 5332 1845 5405; baseline 0.001 -21"><span class='ocrx_word' id='word_1_656' title='bbox 274 5332 492 5400; x_wconf 73' lang='grc' dir='ltr'>φιλικὰς</span> <span class='ocrx_word' id='word_1_657' title='bbox 531 5333 898 5405; x_wconf 78' lang='grc' dir='ltr'>προσκλήσεις</span> <span class='ocrx_word' id='word_1_658' title='bbox 939 5333 1354 5405; x_wconf 76' lang='grc' dir='ltr'>προϊσχόμενος,</span> <span class='ocrx_word' id='word_1_659' title='bbox 1395 5333 1444 5385; x_wconf 86' lang='lat' dir='ltr'><strong>id</strong></span> <span class='ocrx_word' id='word_1_660' title='bbox 1497 5341 1598 5392; x_wconf 83' lang='lat' dir='ltr'><strong>est,</strong></span> <span class='ocrx_word' id='word_1_661' title='bbox 1636 5332 1845 5405; x_wconf 64' lang='lat' dir='ltr'><strong>blandis</strong></span> 
     </span>
    </p>
   </div>
   <div class='ocr_carea' id='block_1_99' title="bbox 273 5403 1844 5471">
    <p class='ocr_par' dir='ltr' id='par_1_99' title="bbox 273 5403 1844 5471">
     <span class='ocr_line' id='line_1_99' title="bbox 273 5403 1844 5471; baseline 0.001 -17"><span class='ocrx_word' id='word_1_662' title='bbox 273 5412 321 5455; x_wconf 75' lang='grc' dir='ltr'><strong>ιιι</strong></span> <span class='ocrx_word' id='word_1_663' title='bbox 348 5405 530 5456; x_wconf 77' lang='lat' dir='ltr'><strong>amicis</strong></span> <span class='ocrx_word' id='word_1_664' title='bbox 577 5403 742 5458; x_wconf 67' lang='lat' dir='ltr'><strong>uerbis</strong></span> <span class='ocrx_word' id='word_1_665' title='bbox 778 5421 862 5456; x_wconf 79' lang='lat' dir='ltr'><strong>eos</strong></span> <span class='ocrx_word' id='word_1_666' title='bbox 890 5403 1232 5470; x_wconf 74' lang='lat' dir='ltr'><strong>compellans.</strong></span> <span class='ocrx_word' id='word_1_667' title='bbox 1288 5403 1458 5456; x_wconf 81' lang='lat' dir='ltr'><strong>Porro</strong></span> <span class='ocrx_word' id='word_1_668' title='bbox 1484 5419 1604 5471; x_wconf 74' lang='lat' dir='ltr'><strong>qua:</strong></span> <span class='ocrx_word' id='word_1_669' title='bbox 1640 5403 1690 5454; x_wconf 90' lang='lat' dir='ltr'><strong>in</strong></span> <span class='ocrx_word' id='word_1_670' title='bbox 1743 5403 1844 5456; x_wconf 87' lang='lat' dir='ltr'><strong>hoc</strong></span> 
     </span>
    </p>
   </div>
   <div class='ocr_carea' id='block_1_100' title="bbox 271 5473 1843 5541">
    <p class='ocr_par' dir='ltr' id='par_1_100' title="bbox 271 5473 1843 5541">
     <span class='ocr_line' id='line_1_100' title="bbox 271 5473 1843 5541; baseline -0.002 -15"><span class='ocrx_word' id='word_1_671' title='bbox 271 5474 451 5541; x_wconf 86' lang='lat' dir='ltr'><strong>capite</strong></span> <span class='ocrx_word' id='word_1_672' title='bbox 477 5487 663 5527; x_wconf 88' lang='lat' dir='ltr'><strong>narrat</strong></span> <span class='ocrx_word' id='word_1_673' title='bbox 697 5473 986 5535; x_wconf 78' lang='lat' dir='ltr'><strong>Eusebius,</strong></span> <span class='ocrx_word' id='word_1_674' title='bbox 1024 5473 1296 5539; x_wconf 71' lang='lat' dir='ltr'><strong>pertinere</strong></span> <span class='ocrx_word' id='word_1_675' title='bbox 1331 5475 1582 5526; x_wconf 88' lang='lat' dir='ltr'><strong>videntur</strong></span> <span class='ocrx_word' id='word_1_676' title='bbox 1620 5475 1686 5524; x_wconf 90' lang='lat' dir='ltr'><strong>ad</strong></span> <span class='ocrx_word' id='word_1_677' title='bbox 1736 5474 1843 5540; x_wconf 85' lang='lat' dir='ltr'><strong>pri-</strong></span> 
     </span>
    </p>
   </div>
   <div class='ocr_carea' id='block_1_101' title="bbox 270 5543 1839 5611">
    <p class='ocr_par' dir='ltr' id='par_1_101' title="bbox 270 5543 1839 5611">
     <span class='ocr_line' id='line_1_101' title="bbox 270 5543 1839 5611; baseline -0.002 -14"><span class='ocrx_word' id='word_1_678' title='bbox 270 5559 416 5597; x_wconf 88' lang='lat' dir='ltr'><strong>nmm</strong></span> <span class='ocrx_word' id='word_1_679' title='bbox 467 5543 706 5609; x_wconf 71' lang='lat' dir='ltr'><strong>prmlium</strong></span> <span class='ocrx_word' id='word_1_680' title='bbox 745 5547 795 5595; x_wconf 92' lang='lat' dir='ltr'><strong>in</strong></span> <span class='ocrx_word' id='word_1_681' title='bbox 836 5557 1027 5608; x_wconf 84' lang='lat' dir='ltr'><strong>campo</strong></span> <span class='ocrx_word' id='word_1_682' title='bbox 1070 5543 1364 5608; x_wconf 88' lang='lat' dir='ltr'><strong>Cibaleusi,</strong></span> <span class='ocrx_word' id='word_1_683' title='bbox 1416 5545 1482 5597; x_wconf 92' lang='lat' dir='ltr'><strong>de</strong></span> <span class='ocrx_word' id='word_1_684' title='bbox 1529 5558 1636 5611; x_wconf 85' lang='lat' dir='ltr'><strong>quo</strong></span> <span class='ocrx_word' id='word_1_685' title='bbox 1681 5557 1839 5611; x_wconf 88' lang='lat' dir='ltr'><strong>supra</strong></span> 
     </span>
    </p>
   </div>
   <div class='ocr_carea' id='block_1_102' title="bbox 269 5612 1483 5680">
    <p class='ocr_par' dir='ltr' id='par_1_102' title="bbox 269 5612 1483 5680">
     <span class='ocr_line' id='line_1_102' title="bbox 269 5612 1483 5680; baseline 0.004 -15"><span class='ocrx_word' id='word_1_686' title='bbox 269 5615 404 5668; x_wconf 82' lang='lat' dir='ltr'><strong>dixi.</strong></span> <span class='ocrx_word' id='word_1_687' title='bbox 436 5612 601 5679; x_wconf 89' lang='lat' dir='ltr'><strong>quue</strong></span> <span class='ocrx_word' id='word_1_688' title='bbox 625 5613 981 5666; x_wconf 79' lang='lat' dir='ltr'><strong>confirmatur</strong></span> <span class='ocrx_word' id='word_1_689' title='bbox 1003 5629 1068 5680; x_wconf 76' lang='lat' dir='ltr'><strong>ex</strong></span> <span class='ocrx_word' id='word_1_690' title='bbox 1106 5615 1483 5680; x_wconf 80' lang='lat' dir='ltr'><strong>sequentibus.</strong></span> 
     </span>
    </p>
   </div>
   <div class='ocr_carea' id='block_1_103' title="bbox 342 5679 1840 5752">
    <p class='ocr_par' dir='ltr' id='par_1_103' title="bbox 342 5679 1840 5752">
     <span class='ocr_line' id='line_1_103' title="bbox 342 5679 1840 5752; baseline -0.001 -18"><span class='ocrx_word' id='word_1_691' title='bbox 342 5685 452 5746; x_wconf 67' lang='lat' dir='ltr'><strong>M3)</strong></span> <span class='ocrx_word' id='word_1_692' title='bbox 483 5683 650 5752; x_wconf 82' lang='grc' dir='ltr'>Παρὰ</span> <span class='ocrx_word' id='word_1_693' title='bbox 683 5681 802 5736; x_wconf 78' lang='grc' dir='ltr'><strong>τῶν</strong></span> <span class='ocrx_word' id='word_1_694' title='bbox 829 5679 1090 5736; x_wconf 73' lang='grc' dir='ltr'>οἰκετῶν.</span> <span class='ocrx_word' id='word_1_695' title='bbox 1140 5679 1287 5735; x_wconf 75' lang='lat' dir='ltr'><strong>Nero</strong></span> <span class='ocrx_word' id='word_1_696' title='bbox 1315 5699 1463 5738; x_wconf 87' lang='lat' dir='ltr'><strong>more</strong></span> <span class='ocrx_word' id='word_1_697' title='bbox 1492 5685 1708 5747; x_wconf 75' lang='grc' dir='ltr'>οἰκέτας</span> <span class='ocrx_word' id='word_1_698' title='bbox 1744 5698 1840 5748; x_wconf 84' lang='lat' dir='ltr'><strong>pro</strong></span> 
     </span>
    </p>
   </div>
   <div class='ocr_carea' id='block_1_104' title="bbox 271 5752 1834 5824">
    <p class='ocr_par' dir='ltr' id='par_1_104' title="bbox 271 5752 1834 5824">
     <span class='ocr_line' id='line_1_104' title="bbox 271 5752 1834 5824; baseline -0.001 -18"><span class='ocrx_word' id='word_1_699' title='bbox 271 5754 773 5824; x_wconf 65' lang='lat' dir='ltr'><strong>tnilitibusumtrpat</strong></span> <span class='ocrx_word' id='word_1_700' title='bbox 798 5753 1079 5824; x_wconf 82' lang='lat' dir='ltr'><strong>Eusebius.</strong></span> <span class='ocrx_word' id='word_1_701' title='bbox 1104 5752 1465 5822; x_wconf 87' lang='lat' dir='ltr'><strong>Eratquidem</strong></span> <span class='ocrx_word' id='word_1_702' title='bbox 1497 5757 1683 5808; x_wconf 87' lang='lat' dir='ltr'><strong>militia</strong></span> <span class='ocrx_word' id='word_1_703' title='bbox 1715 5769 1834 5821; x_wconf 31' lang='lat' dir='ltr'><strong>spes</strong></span> 
     </span>
    </p>
   </div>
   <div class='ocr_carea' id='block_1_105' title="bbox 265 5822 1832 5892">
    <p class='ocr_par' dir='ltr' id='par_1_105' title="bbox 265 5822 1832 5892">
     <span class='ocr_line' id='line_1_105' title="bbox 265 5822 1832 5892; baseline 0.001 -14"><span class='ocrx_word' id='word_1_704' title='bbox 265 5825 384 5880; x_wconf 79' lang='lat' dir='ltr'><strong>cies</strong></span> <span class='ocrx_word' id='word_1_705' title='bbox 430 5822 693 5890; x_wconf 62' lang='lat' dir='ltr'><strong>quietiam</strong></span> <span class='ocrx_word' id='word_1_706' title='bbox 723 5822 1000 5880; x_wconf 77' lang='lat' dir='ltr'><strong>servitutis</strong></span> <span class='ocrx_word' id='word_1_707' title='bbox 1045 5825 1405 5892; x_wconf 52' lang='lat' dir='ltr'><strong>temperari-.53.</strong></span> <span class='ocrx_word' id='word_1_708' title='bbox 1470 5825 1622 5891; x_wconf 84' lang='lat' dir='ltr'><strong>Quod</strong></span> <span class='ocrx_word' id='word_1_709' title='bbox 1669 5827 1832 5880; x_wconf 80' lang='lat' dir='ltr'><strong>etiam</strong></span> 
     </span>
    </p>
   </div>
   <div class='ocr_carea' id='block_1_106' title="bbox 1892 4626 1936 4682">
    <p class='ocr_par' dir='ltr' id='par_1_106' title="bbox 1892 4626 1936 4682">
     <span class='ocr_line' id='line_1_106' title="bbox 1892 4626 1936 4682; baseline 0 0"><span class='ocrx_word' id='word_1_710' title='bbox 1892 4626 1936 4682; x_wconf 87' lang='lat' dir='ltr'><strong>D</strong></span> 
     </span>
    </p>
   </div>
   <div class='ocr_carea' id='block_1_107' title="bbox 2554 4617 2933 4673">
    <p class='ocr_par' dir='ltr' id='par_1_107' title="bbox 2554 4617 2933 4673">
     <span class='ocr_line' id='line_1_107' title="bbox 2554 4617 2933 4673; baseline 0.003 -1"><span class='ocrx_word' id='word_1_711' title='bbox 2554 4617 2781 4673; x_wconf 73' lang='lat' dir='ltr'><strong>CAPUT</strong></span> <span class='ocrx_word' id='word_1_712' title='bbox 2822 4617 2933 4673; x_wconf 69' lang='lat' dir='ltr'><strong>XII.</strong></span> 
     </span>
    </p>
   </div>
   <div class='ocr_carea' id='block_1_108' title="bbox 1964 4711 3531 4778">
    <p class='ocr_par' dir='ltr' id='par_1_108' title="bbox 1964 4711 3531 4778">
     <span class='ocr_line' id='line_1_108' title="bbox 1964 4711 3531 4778; baseline 0 -12"><span class='ocrx_word' id='word_1_713' title='bbox 1964 4713 2240 4778; x_wconf 82' lang='lat' dir='ltr'><strong>Quomodo</strong></span> <span class='ocrx_word' id='word_1_714' title='bbox 2266 4712 2640 4765; x_wconf 75' lang='lat' dir='ltr'><strong>Constantinus</strong></span> <span class='ocrx_word' id='word_1_715' title='bbox 2686 4728 2843 4762; x_wconf 82' lang='lat' dir='ltr'><strong>orans</strong></span> <span class='ocrx_word' id='word_1_716' title='bbox 2888 4714 2939 4762; x_wconf 84' lang='lat' dir='ltr'><strong>in</strong></span> <span class='ocrx_word' id='word_1_717' title='bbox 2989 4711 3340 4778; x_wconf 75' lang='lat' dir='ltr'><strong>tabernaculo,</strong></span> <span class='ocrx_word' id='word_1_718' title='bbox 3369 4712 3531 4766; x_wconf 81' lang='lat' dir='ltr'><strong>victo-</strong></span> 
     </span>
    </p>
   </div>
   <div class='ocr_carea' id='block_1_109' title="bbox 2491 4782 2986 4848">
    <p class='ocr_par' dir='ltr' id='par_1_109' title="bbox 2491 4782 2986 4848">
     <span class='ocr_line' id='line_1_109' title="bbox 2491 4782 2986 4848; baseline 0 -14"><span class='ocrx_word' id='word_1_719' title='bbox 2491 4784 2622 4834; x_wconf 81' lang='lat' dir='ltr'><strong>riam</strong></span> <span class='ocrx_word' id='word_1_720' title='bbox 2644 4782 2861 4848; x_wconf 83' lang='lat' dir='ltr'><strong>adeptus</strong></span> <span class='ocrx_word' id='word_1_721' title='bbox 2892 4792 2986 4834; x_wconf 77' lang='lat' dir='ltr'><strong>est.</strong></span> 
     </span>
    </p>
   </div>
   <div class='ocr_carea' id='block_1_110' title="bbox 2034 4872 3530 4944">
    <p class='ocr_par' dir='ltr' id='par_1_110' title="bbox 2034 4872 3530 4944">
     <span class='ocr_line' id='line_1_110' title="bbox 2034 4872 3530 4944; baseline 0.001 -16"><span class='ocrx_word' id='word_1_722' title='bbox 2034 4875 2273 4930; x_wconf 80' lang='lat' dir='ltr'><strong>Licinius</strong></span> <span class='ocrx_word' id='word_1_723' title='bbox 2297 4874 2465 4944; x_wconf 85' lang='lat' dir='ltr'><strong>Igitur</strong></span> <span class='ocrx_word' id='word_1_724' title='bbox 2494 4873 2798 4941; x_wconf 74' lang='lat' dir='ltr'><strong>huiusmodi</strong></span> <span class='ocrx_word' id='word_1_725' title='bbox 2827 4872 3096 4926; x_wconf 91' lang='lat' dir='ltr'><strong>scelerum</strong></span> <span class='ocrx_word' id='word_1_726' title='bbox 3142 4873 3369 4928; x_wconf 91' lang='lat' dir='ltr'><strong>vinculis</strong></span> <span class='ocrx_word' id='word_1_727' title='bbox 3408 4889 3530 4929; x_wconf 85' lang='lat' dir='ltr'><strong>sese</strong></span> 
     </span>
    </p>
   </div>
   <div class='ocr_carea' id='block_1_111' title="bbox 1961 4964 3525 5036">
    <p class='ocr_par' dir='ltr' id='par_1_111' title="bbox 1961 4964 3525 5036">
     <span class='ocr_line' id='line_1_111' title="bbox 1961 4964 3525 5036; baseline -0.001 -16"><span class='ocrx_word' id='word_1_728' title='bbox 1961 4967 2072 5036; x_wconf 89' lang='lat' dir='ltr'><strong>ipse</strong></span> <span class='ocrx_word' id='word_1_729' title='bbox 2095 5010 2098 5012; x_wconf 88' lang='lat'><strong>.</strong></span> <span class='ocrx_word' id='word_1_730' title='bbox 2124 4967 2527 5035; x_wconf 87' lang='lat' dir='ltr'><strong>constringens,</strong></span> <span class='ocrx_word' id='word_1_731' title='bbox 2566 4966 2620 5032; x_wconf 90' lang='lat' dir='ltr'><strong>in</strong></span> <span class='ocrx_word' id='word_1_732' title='bbox 2653 4964 2805 5018; x_wconf 79' lang='lat' dir='ltr'><strong>exitii</strong></span> <span class='ocrx_word' id='word_1_733' title='bbox 2840 4964 3154 5018; x_wconf 89' lang='lat' dir='ltr'><strong>barathrum</strong></span> <span class='ocrx_word' id='word_1_734' title='bbox 3195 4965 3525 5036; x_wconf 64' lang='lat' dir='ltr'><strong>praecipitem</strong></span> 
     </span>
    </p>
   </div>
   <div class='ocr_carea' id='block_1_112' title="bbox 1960 5054 3526 5126">
    <p class='ocr_par' dir='ltr' id='par_1_112' title="bbox 1960 5054 3526 5126">
     <span class='ocr_line' id='line_1_112' title="bbox 1960 5054 3526 5126; baseline -0.002 -12"><span class='ocrx_word' id='word_1_735' title='bbox 1960 5059 2125 5114; x_wconf 90' lang='lat' dir='ltr'><strong>dedit.</strong></span> <span class='ocrx_word' id='word_1_736' title='bbox 2151 5057 2546 5114; x_wconf 88' lang='lat' dir='ltr'><strong>Constantinus</strong></span> <span class='ocrx_word' id='word_1_737' title='bbox 2569 5071 2696 5112; x_wconf 89' lang='lat' dir='ltr'><strong>vero</strong></span> <span class='ocrx_word' id='word_1_738' title='bbox 2721 5070 2845 5110; x_wconf 90' lang='lat' dir='ltr'><strong>cum</strong></span> <span class='ocrx_word' id='word_1_739' title='bbox 2867 5055 3037 5109; x_wconf 89' lang='lat' dir='ltr'><strong>altero</strong></span> <span class='ocrx_word' id='word_1_740' title='bbox 3059 5055 3244 5124; x_wconf 68' lang='lat' dir='ltr'><strong>praelio</strong></span> <span class='ocrx_word' id='word_1_741' title='bbox 3262 5054 3368 5109; x_wconf 92' lang='lat' dir='ltr'><strong>sibi</strong></span> <span class='ocrx_word' id='word_1_742' title='bbox 3385 5071 3526 5126; x_wconf 89' lang='lat' dir='ltr'><strong>opus</strong></span> 
     </span>
    </p>
   </div>
   <div class='ocr_carea' id='block_1_113' title="bbox 1950 5261 3526 5334">
    <p class='ocr_par' dir='ltr' id='par_1_113' title="bbox 1950 5261 3526 5334">
     <span class='ocr_line' id='line_1_113' title="bbox 1950 5261 3526 5334; baseline -0.003 -16"><span class='ocrx_word' id='word_1_743' title='bbox 1950 5266 2110 5320; x_wconf 88' lang='lat' dir='ltr'><strong>docet</strong></span> <span class='ocrx_word' id='word_1_744' title='bbox 2138 5261 2344 5334; x_wconf 71' lang='lat' dir='ltr'><strong>Suidas</strong></span> <span class='ocrx_word' id='word_1_745' title='bbox 2369 5262 2422 5315; x_wconf 93' lang='lat' dir='ltr'><strong>in</strong></span> <span class='ocrx_word' id='word_1_746' title='bbox 2454 5275 2582 5315; x_wconf 83' lang='lat' dir='ltr'><strong>voce</strong></span> <span class='ocrx_word' id='word_1_747' title='bbox 2616 5261 2964 5334; x_wconf 71' lang='grc' dir='ltr'>Βετεράνοςθ</span> <span class='ocrx_word' id='word_1_748' title='bbox 2997 5262 3146 5334; x_wconf 83' lang='grc' dir='ltr'>παρὰ</span> <span class='ocrx_word' id='word_1_749' title='bbox 3171 5261 3464 5334; x_wconf 64' lang='grc' dir='ltr'>Ῥωμαίοις</span> <span class='ocrx_word' id='word_1_750' title='bbox 3495 5263 3526 5314; x_wconf 85' lang='grc' dir='ltr'><strong>ό</strong></span> 
     </span>
    </p>
   </div>
   <div class='ocr_carea' id='block_1_114' title="bbox 1953 5328 3521 5403">
    <p class='ocr_par' dir='ltr' id='par_1_114' title="bbox 1953 5328 3521 5403">
     <span class='ocr_line' id='line_1_114' title="bbox 1953 5328 3521 5403; baseline -0.004 -12"><span class='ocrx_word' id='word_1_751' title='bbox 1953 5333 2244 5396; x_wconf 73' lang='grc' dir='ltr'>ἀπολυθεὶς</span> <span class='ocrx_word' id='word_1_752' title='bbox 2285 5332 2386 5403; x_wconf 82' lang='grc' dir='ltr'>τῆς</span> <span class='ocrx_word' id='word_1_753' title='bbox 2422 5333 2731 5403; x_wconf 87' lang='grc' dir='ltr'>στρατείας·</span> <span class='ocrx_word' id='word_1_754' title='bbox 2753 5328 2874 5388; x_wconf 63' lang='grc' dir='ltr'><strong>’ἐπὶ</strong></span> <span class='ocrx_word' id='word_1_755' title='bbox 2912 5328 3246 5388; x_wconf 75' lang='grc' dir='ltr'>εἰκοσαετίαν</span> <span class='ocrx_word' id='word_1_756' title='bbox 3273 5328 3344 5403; x_wconf 65' lang='grc' dir='ltr'><strong>Δδῖε</strong></span> <span class='ocrx_word' id='word_1_757' title='bbox 3377 5328 3521 5386; x_wconf 71' lang='grc' dir='ltr'>οὗτοι</span> 
     </span>
    </p>
   </div>
   <div class='ocr_carea' id='block_1_115' title="bbox 1951 5399 3517 5469">
    <p class='ocr_par' dir='ltr' id='par_1_115' title="bbox 1951 5399 3517 5469">
     <span class='ocr_line' id='line_1_115' title="bbox 1951 5399 3517 5469; baseline -0.004 -9"><span class='ocrx_word' id='word_1_758' title='bbox 1951 5406 2252 5460; x_wconf 79' lang='grc' dir='ltr'>ἐδούλευον.</span> <span class='ocrx_word' id='word_1_759' title='bbox 2287 5399 2423 5456; x_wconf 82' lang='lat' dir='ltr'><strong>Iliuc</strong></span> <span class='ocrx_word' id='word_1_760' title='bbox 2464 5399 2546 5455; x_wconf 82' lang='lat' dir='ltr'><strong>est</strong></span> <span class='ocrx_word' id='word_1_761' title='bbox 2585 5405 2726 5469; x_wconf 87' lang='lat' dir='ltr'><strong>quod</strong></span> <span class='ocrx_word' id='word_1_762' title='bbox 2772 5405 2978 5458; x_wconf 89' lang='lat' dir='ltr'><strong>tirones</strong></span> <span class='ocrx_word' id='word_1_763' title='bbox 3017 5405 3161 5454; x_wconf 89' lang='lat' dir='ltr'><strong>notis</strong></span> <span class='ocrx_word' id='word_1_764' title='bbox 3197 5399 3517 5466; x_wconf 90' lang='lat' dir='ltr'><strong>quihusdam</strong></span> 
     </span>
    </p>
   </div>
   <div class='ocr_carea' id='block_1_116' title="bbox 1952 5472 3517 5554">
    <p class='ocr_par' dir='ltr' id='par_1_116' title="bbox 1952 5472 3517 5554">
     <span class='ocr_line' id='line_1_116' title="bbox 1952 5472 3517 5554; baseline -0.004 -24"><span class='ocrx_word' id='word_1_765' title='bbox 1952 5478 2002 5530; x_wconf 93' lang='lat' dir='ltr'><strong>in</strong></span> <span class='ocrx_word' id='word_1_766' title='bbox 2041 5472 2548 5554; x_wconf 37' lang='lat' dir='ltr'><strong>cute.signabantur</strong></span> <span class='ocrx_word' id='word_1_767' title='bbox 2590 5474 3039 5554; x_wconf 49' lang='lat' dir='ltr'><strong>tauquamnservi:</strong></span> <span class='ocrx_word' id='word_1_768' title='bbox 3083 5472 3266 5526; x_wconf 82' lang='lat' dir='ltr'><strong>Missio</strong></span> <span class='ocrx_word' id='word_1_769' title='bbox 3299 5486 3517 5552; x_wconf 80' lang='lat' dir='ltr'><strong>quoque</strong></span> 
     </span>
    </p>
   </div>
   <div class='ocr_carea' id='block_1_117' title="bbox 1950 5540 3518 5608">
    <p class='ocr_par' dir='ltr' id='par_1_117' title="bbox 1950 5540 3518 5608">
     <span class='ocr_line' id='line_1_117' title="bbox 1950 5540 3518 5608; baseline -0.003 -10"><span class='ocrx_word' id='word_1_770' title='bbox 1950 5540 2365 5598; x_wconf 81' lang='lat' dir='ltr'><strong>manumissioni</strong></span> <span class='ocrx_word' id='word_1_771' title='bbox 2406 5540 2783 5608; x_wconf 82' lang='lat' dir='ltr'><strong>respondebat.</strong></span> <span class='ocrx_word' id='word_1_772' title='bbox 2831 5541 2942 5596; x_wconf 72' lang='lat' dir='ltr'><strong>Non</strong></span> <span class='ocrx_word' id='word_1_773' title='bbox 2986 5543 3106 5596; x_wconf 87' lang='lat' dir='ltr'><strong>sine</strong></span> <span class='ocrx_word' id='word_1_774' title='bbox 3152 5555 3313 5593; x_wconf 87' lang='lat' dir='ltr'><strong>causa</strong></span> <span class='ocrx_word' id='word_1_775' title='bbox 3353 5540 3518 5608; x_wconf 74' lang='lat' dir='ltr'><strong>Igitur</strong></span> 
     </span>
    </p>
   </div>
   <div class='ocr_carea' id='block_1_118' title="bbox 1951 5611 3514 5681">
    <p class='ocr_par' dir='ltr' id='par_1_118' title="bbox 1951 5611 3514 5681">
     <span class='ocr_line' id='line_1_118' title="bbox 1951 5611 3514 5681; baseline -0.003 -13"><span class='ocrx_word' id='word_1_776' title='bbox 1951 5616 2220 5669; x_wconf 82' lang='lat' dir='ltr'><strong>Eusebius</strong></span> <span class='ocrx_word' id='word_1_777' title='bbox 2261 5613 2460 5668; x_wconf 80' lang='lat' dir='ltr'><strong>milites</strong></span> <span class='ocrx_word' id='word_1_778' title='bbox 2491 5612 2764 5668; x_wconf 65' lang='lat' dir='ltr'><strong>Rullianus</strong></span> <span class='ocrx_word' id='word_1_779' title='bbox 2807 5611 3042 5681; x_wconf 87' lang='lat' dir='ltr'><strong>appellat</strong></span> <span class='ocrx_word' id='word_1_780' title='bbox 3072 5611 3309 5674; x_wconf 82' lang='grc' dir='ltr'>οἰκέτας.</span> <span class='ocrx_word' id='word_1_781' title='bbox 3359 5611 3514 5681; x_wconf 59' lang='grc' dir='ltr'>Οιιρλ</span> 
     </span>
    </p>
   </div>
   <div class='ocr_carea' id='block_1_119' title="bbox 1940 5677 3514 5753">
    <p class='ocr_par' dir='ltr' id='par_1_119' title="bbox 1940 5677 3514 5753">
     <span class='ocr_line' id='line_1_119' title="bbox 1940 5677 3514 5753; baseline -0.003 -15"><span class='ocrx_word' id='word_1_782' title='bbox 1940 5686 1983 5738; x_wconf 83' lang='lat' dir='ltr'><strong>si</strong></span> <span class='ocrx_word' id='word_1_783' title='bbox 2016 5687 2153 5739; x_wconf 88' lang='lat' dir='ltr'><strong>forte</strong></span> <span class='ocrx_word' id='word_1_784' title='bbox 2177 5683 2336 5738; x_wconf 77' lang='lat' dir='ltr'><strong>alicui</strong></span> <span class='ocrx_word' id='word_1_785' title='bbox 2363 5683 2635 5753; x_wconf 78' lang='lat' dir='ltr'><strong>displicet,</strong></span> <span class='ocrx_word' id='word_1_786' title='bbox 2658 5685 2708 5736; x_wconf 90' lang='lat' dir='ltr'><strong>in</strong></span> <span class='ocrx_word' id='word_1_787' title='bbox 2735 5677 2985 5752; x_wconf 77' lang='lat' dir='ltr'><strong>promptu</strong></span> <span class='ocrx_word' id='word_1_788' title='bbox 3003 5682 3390 5736; x_wconf 89' lang='lat' dir='ltr'><strong>estemeudare</strong></span> <span class='ocrx_word' id='word_1_789' title='bbox 3403 5677 3514 5734; x_wconf 83' lang='grc' dir='ltr'>τῶν</span> 
     </span>
    </p>
   </div>
   <div class='ocr_carea' id='block_1_120' title="bbox 1933 5774 2171 5811">
    <p class='ocr_par' dir='ltr' id='par_1_120' title="bbox 1933 5774 2171 5811">
     <span class='ocr_line' id='line_1_120' title="bbox 1933 5774 2171 5811; baseline -0.004 -2"><span class='ocrx_word' id='word_1_790' title='bbox 1933 5774 2171 5811; x_wconf 85' lang='grc' dir='ltr'>οικειων.</span> 
     </span>
    </p>
   </div>
   <div class='ocr_carea' id='block_1_121' title="bbox 2007 5822 3507 5898">
    <p class='ocr_par' dir='ltr' id='par_1_121' title="bbox 2007 5822 3507 5898">
     <span class='ocr_line' id='line_1_121' title="bbox 2007 5822 3507 5898; baseline -0.003 -16"><span class='ocrx_word' id='word_1_791' title='bbox 2007 5829 2118 5898; x_wconf 80' lang='lat' dir='ltr'><strong>(ii)</strong></span> <span class='ocrx_word' id='word_1_792' title='bbox 2153 5824 2505 5894; x_wconf 68' lang='grc' dir='ltr'>Δευτέρας...</span> <span class='ocrx_word' id='word_1_793' title='bbox 2553 5826 2817 5896; x_wconf 74' lang='grc' dir='ltr'>πολέμου</span> <span class='ocrx_word' id='word_1_794' title='bbox 2849 5822 3254 5892; x_wconf 62' lang='grc' dir='ltr'>παρατάξεως.</span> <span class='ocrx_word' id='word_1_795' title='bbox 3299 5823 3372 5880; x_wconf 74' lang='lat' dir='ltr'><strong>Ex</strong></span> <span class='ocrx_word' id='word_1_796' title='bbox 3423 5822 3507 5878; x_wconf 79' lang='lat' dir='ltr'><strong>bis</strong></span> 
     </span>
    </p>
   </div>
  </div>
