4212 6440
595 361 696 417 991

1283 352 1570 409 ΕΗΞΕΒΙΙ
1608 354 2089 410 CASSARIE'NSIS
2120 352 2269 409 OPP.
2313 356 2492 411 PARS
2529 357 2573 411 Ι.
2617 387 2688 398 —-
2729 354 3116 412 HISTORICA.

3726 356 3834 413 99?.

597 482 999 532 essecerueret.
1016 471 1322 527 Servatoris
1338 473 1420 525 sui
1447 473 1912 544 cultui-diligenter
1934 475 2164 528 vacavit.
2196 482 2240 533 Α

2196 482 2240 533 Α
2270 477 2479 546 Σωτῆρι
2528 476 2626 545 τὴν
2662 476 2856 546 σχολὴν
2887 475 3140 539 ἀνετίθει,
3175 472 3268 528 τοῦ
3315 474 3412 546 μὲν
3458 473 3688 547 σταυροῦ
3733 476 3830 546 τὴν

601 568 668 621 Et
723 566 901 621 crucis
927 567 1142 634 quidem
1193 564 1595 618 tabernaculum
1632 566 1752 618 fixit
1781 578 1928 619 extra
1959 577 2158 633 castra,

598 658 686 710 ubi
718 672 849 726 pure
880 668 932 710 et
959 667 1108 710 caste
1139 656 1360 725 degens,
1385 671 1574 726 preces
1591 658 1657 711 ad
1688 658 1852 712 Deum
1878 659 2158 724 fundebat;

597 748 842 816 exemplo
873 750 1076 802 veteris
1106 749 1250 802 illius
1278 750 1574 817 pr0phetm,
1609 764 1766 816 quem
1807 760 1957 804 extra
1982 760 2161 804 castra

601 838 1010 892 tabernaculum
1052 839 1402 894 constituisse
1429 839 1602 892 divina
1623 849 1888 894 testantur
1917 844 2156 898 oracula.

596 931 840 982 Aderant
871 940 1050 983 autem
1086 931 1284 984 assidui
1313 946 1416 984 una
1446 947 1564 984 cum
1599 931 1717 999 ipso
1748 931 2156 1000 pauciquidam,

600 1018 748 1081 ﬁdei,
792 1021 1008 1088 pietatis
1059 1035 1121 1074 ac
1181 1021 1567 1074 benevolentia:
1621 1022 1786 1090 probe
1849 1033 2155 1088 compertae.

596 1113 772 1179 Atque
798 1113 847 1166 id
876 1128 1087 1181 semper
1111 1113 1290 1166 facere
1317 1123 1698 1176 consueverat,
1737 1115 2160 1183 quotiescunque

598 1215 869 1257 certamen
895 1213 1036 1257 esset
1069 1204 1323 1257 initurus.
1350 1204 1535 1266 Neque
1564 1205 1708 1257 enim
1751 1221 1990 1273 praeceps
2017 1215 2156 1270 erat,

595 1294 794 1361 quippe
822 1295 912 1363 qui
942 1295 1134 1348 tutiora
1163 1309 1377 1361 semper
1400 1295 1642 1363 eligeret.
1674 1296 1873 1352 Adhaec
1901 1297 1991 1351 Dei
2026 1313 2157 1351 con-

596 1384 718 1437 silio
745 1396 936 1439 cuncta
973 1400 1161 1453 gerere
1209 1385 1399 1439 solitus
1439 1394 1575 1439 erat.
1606 1385 1779 1440 Porro
1805 1402 1926 1442 cum
1972 1388 2157 1442 sedulo

595 1485 760 1544 atque
795 1475 1035 1543 impense
1088 1475 1194 1530 Deo
1230 1491 1328 1530 suo
1365 1476 1718 1545 supplicaret,
1746 1491 1984 1547 ,semper
2016 1479 2157 1535 Deus

595 1566 645 1621 ei
691 1566 1032 1636 praesentiam
1081 1583 1233 1621 suam
1269 1567 1534 1621 exhibere
1585 1569 1837 1636 dignatus
1862 1579 1962 1623 est.
1995 1569 2158 1640 450

599 1655 825 1719 Exinde,
859 1657 1003 1710 velut
1036 1660 1298 1714 tliviniore
1337 1669 1489 1713 actus
1521 1660 1771 1726 impulsu,
1807 1663 2060 1730 prosilire
2089 1679 2155 1717 ex

599 1747 946 1802 tabernaculo
994 1750 1219 1815 solebat,
1274 1760 1328 1804 et
1384 1752 1538 1820 signo
1590 1753 1656 1806 ad
1706 1752 2152 1822 proficiscendum

2267 567 2470 635 σκηνὴν
2502 565 2609 636 (45)
2653 567 2806 630 ἐκτὸς
2832 566 2923 618 καὶ
2955 566 3293 638 πορρωτάτω
3325 565 3658 636 πηξάμενος,
3692 567 3830 637 ἁγνῇ

2263 657 2307 708 δ’
2342 657 2586 710 ἐνταυθοῖ
2611 657 2888 730 χρώμενος
2922 659 3016 710 καὶ
3047 656 3262 728 καθαρᾷ
3287 657 3483 729 διαίτη,
3516 657 3594 728 τῷ
3626 675 3683 710 τε
3715 657 3834 728 Θεῷ

2263 743 2360 805 τὰς
2394 744 2557 813 εὐχὰς
2584 746 2887 808 ἀποδιδοὺς,
2923 745 3042 799 κατ’
3065 746 3224 799 αὑτὸν
3257 747 3462 800 ἐκεῖνον
3486 747 3576 800 τὸν
3606 747 3834 800 παλαιὸν

2264 833 2356 884 τοῦ
2390 833 2525 885 Θεοῦ
2546 835 2846 906 προφήτην,
2878 835 2935 887 ὃν
2966 835 3065 905 τῆς
3087 835 3437 906 παρεμϐολῆς
3471 837 3626 902 ἐκτὸς
3653 838 3832 908 πήξα-

2272 924 2394 977 σθαι
2441 924 2538 996 τὴν
2586 925 2809 998 σκηνὴν,
2851 927 2920 980 τὰ
2969 926 3085 980 θεῖα
3130 926 3443 981 πιστοῦνται
3469 927 3640 997 λόγια.
3657 928 3834 1002 Προσ-

2263 1014 2596 1089 εκαρτέρουν
2661 1018 2704 1070 δ’
2744 1017 2890 1088 αὐτῷ
2927 1018 3162 1089 βραχεῖς,
3198 1020 3247 1072 oi
3290 1019 3465 1072 πίστει
3504 1021 3596 1074 καὶ
3644 1021 3832 1073 θεοσε-

2265 1105 2413 1167 ϐείας
2445 1106 2623 1178 εὐνοίᾳ
2644 1107 2754 1178 (46)
2778 1110 2907 1179 παρ’
2927 1107 3072 1179 αὐτῷ
3086 1109 3551 1181 δεδοκιμασμένοι.
3588 1111 3758 1165 Τοῦτο
3785 1113 3832 1166 δ’

2266 1197 2414 1267 αὐτῷ
2437 1196 2662 1267 σύνηθες
2689 1194 2754 1268 ἦν
2783 1201 3060 1268 πράττειν,
3103 1201 3196 1253 καὶ
3226 1200 3406 1254 εἴποτε
3440 1202 3623 1256 ἄλλοτε
3657 1221 3833 1275 παρα-

2261 1288 2409 1352 τάξει
2443 1290 2691 1360 πολέμων
2729 1291 2952 1362 ὡρμᾶτο
3003 1293 3314 1362 συμϐαλεῖν.
3346 1295 3551 1363 Βραδὺς
3588 1296 3684 1366 μὲν
3720 1296 3830 1368 γὰρ

2261 1375 2328 1450 ἦν
2378 1379 2444 1432 δι’
2488 1382 2806 1450 ἀσφάλειαν,
2850 1382 2983 1435 Θεοῦ
3032 1383 3089 1436 δὲ
3133 1383 3291 1456 βουλῇ
3345 1386 3522 1439 πάντα
3570 1387 3830 1458 πράττειν

2261 1471 2430 1540 ἠξίου.
2479 1471 2600 1524 Ἐπὶ
2645 1472 2840 1543 σχολῆς
2869 1473 2924 1526 δὲ
2956 1474 3033 1542 τῷ
3066 1475 3226 1529 αὐτοῦ
3259 1476 3375 1547 Θεῷ
3407 1477 3505 1540 τὰς
3552 1479 3828 1550 ἱκετηρίας

2263 1561 2600 1632 ποιούμενος,
2643 1565 2858 1629 πάντως
2888 1581 2989 1618 που
3029 1567 3118 1618 καὶ
3158 1566 3473 1636 θεοφανείας
3513 1568 3824 1638 ἐτύγχανεν·

2262 1649 2359 1707 εἷθ’
2396 1655 2583 1726 ὥσπερ
2610 1656 2852 1727 θειοτέρα
2884 1657 3124 1728 κινηθεὶς
3155 1659 3466 1730 ἐμπνεύσει,
3491 1661 3588 1733 τῆς
3622 1662 3831 1731 σκηνῆς

2262 1747 2630 1818 ἀναπηδήσας,
2653 1747 2907 1818 ἐξαίφνης
2940 1753 3107 1802 κινεῖν
3141 1752 3337 1805 αὐτίκα
3373 1753 3440 1805 τὰ
3466 1754 3830 1824 στρατιωτικὰ

597 1836 742 1901 dato,
779 1839 958 1891 statim
995 1840 1256 1893 militibus
1300 1840 1600 1909 imperabat.
1651 1851 1705 1895 ut
1750 1845 1954 1910 absque
2007 1858 2154 1896 mora
2188 1831 2230 1884 Β

2188 1831 2230 1884 Β
2261 1839 2352 1890 καὶ
2373 1837 2446 1909 μὴ
2475 1837 2706 1909 μέλλειν,
2729 1839 2864 1892 ἀλλὰ
2887 1841 2979 1894 καὶ
3006 1842 3172 1912 αὐτῆς
3199 1843 3346 1914 ὥρας
3380 1844 3544 1914 ξιφῶν
3562 1845 3827 1900 ἅπτεσθαι

595 1925 801 1992 gladios
832 1929 1178 1994 stringerent.
1206 1929 1305 1995 Qui
1330 1931 1618 1984 confestim
1641 1931 1842 1998 impetu
1867 1932 1917 1984 in
1948 1933 2154 1986 hostem

594 2014 760 2082 facto,
817 2018 1004 2072 obvios
1060 2034 1246 2073 omnes
1295 2021 1412 2075 sine
1465 2021 1572 2074 ullo
1624 2023 1802 2076 aetatis
1845 2023 2158 2077 discriminc

509 2106 515 2114 ’
594 2107 1028 2174 obtruncabant;
1088 2110 1258 2166 donec
1324 2113 1516 2181 exiguo
1576 2114 1834 2181 temporis
1887 2125 2161 2168 momento

595 2209 746 2267 parta
784 2200 1034 2268 victoria,
1076 2209 1275 2274 tropaaa
1322 2203 1390 2258 de
1441 2203 1600 2258 victis
1656 2205 1903 2260 hostibus
1949 2207 2152 2260 erexis-

593 2302 737 2347 sent.

1169 2382 1395 2440 CAPUT
1434 2383 1567 2438 Xlll.

767 2473 1104 2530 Constantini
1132 2477 1433 2530 humanitas
1459 2476 1512 2530 in
1535 2475 1726 2531 milites
1757 2485 1958 2546 captos.

669 2643 778 2700 Iloc
815 2646 974 2700 modo
1027 2645 1320 2715 imperator
1352 2655 1476 2699 ante
1511 2662 1700 2718 pttgnm
1744 2645 2076 2712 conﬂictum,
2104 2658 2159 2702 ct

595 2737 829 2806 seipsum
892 2752 1107 2806 gerere,
1161 2745 1215 2791 et.
1273 2739 1573 2791 exercitum
1627 2754 1782 2792 suum
1849 2739 2153 2805 instituere,

595 2829 761 2880 etiam
825 2839 982 2882 antea
1029 2829 1218 2882 solitus
1258 2841 1414 2886 erat:
1443 2831 1640 2898 quippe
1689 2831 1781 2899 qui
1835 2829 1999 2884 Deum
2032 2831 2155 2885 vita:

596 2933 706 2972 ειιω
749 2931 964 2986 semper
1009 2927 1379 2988 anteponeret,
1410 2929 1715 2986 cunctaque
1769 2920 1889 2988 ejus
1936 2929 2066 2974 ηυῑιι
2103 2930 2155 2974 Θῐ

597 3011 832 3064 consilio
883 3025 1044 3079 agere
1091 3015 1352 3076 studeret,
1410 3019 1466 3064 et
1527 3011 1815 3064 multorum
1873 3011 2151 3067 hominum

595 3103 794 3155 cmdem
832 3101 1011 3156 facere
1058 3103 1299 3171 religioni
1335 3103 1578 3155 duceret.
1619 3101 1882 3167 Quocirca
1911 3118 2015 3156 non
2047 3104 2152 3156 mi-

2267 1931 2675 2001 παρεκελεύετο.
2707 1933 2767 1984 Οἱ
2806 1932 2849 1984 δ’
2884 1933 3092 2004 ἁθρόως
3118 1935 3446 2007 ἐπιθέμενοι,
3474 1936 3668 2008 ἡϐηδὸν
3702 1937 3828 1991 ἐκο-

2261 2038 2408 2086 πτον,
2443 2022 2519 2085 είς
2542 2023 2616 2075 ὅτ’
2645 2022 2710 2076 ἂν
2749 2023 2848 2094 τὴν
2879 2025 3034 2096 νίκην
3063 2029 3118 2079 ἐν
3143 2027 3289 2098 ῶρας
3328 2029 3522 2099 ἀκαρεῖ
3540 2031 3676 2102 ῥοπῇ
3712 2029 3825 2099 (47)

2259 2113 2636 2179 ἀπολαϐόντες,
2690 2117 2924 2190 τρόπαια
2983 2121 3102 2173 κατ’
3151 2119 3360 2194 ἐχθρῶν
3424 2121 3651 2175 ἀνίστων
3701 2124 3826 2176 ἐπι-

2262 2203 2421 2258 νίκια.

2775 2387 3168 2440 ΚΕΦΑΛΑῙΟΝ
3197 2389 3295 2441 ῙΓ’.

2257 2460 2665 2544 Φιίια-νθρωπία
2686 2479 2814 2545 περὶ
2844 2478 2983 2543 τοὺς
2999 2481 3620 2565 ’συλλαμϐανομένους
3645 2495 3824 2552 στρας

2922 2567 3150 2615 τιωτας.

2327 2634 2481 2687 Οὕτω
2504 2635 2600 2706 μὲν
2625 2636 2687 2708 δὴ
2712 2637 2960 2706 βασιλεὺς
2989 2640 3140 2708 ἄγειν
3173 2642 3362 2695 ἑαυτόν
3397 2659 3456 2694 τε
3482 2643 3576 2696 καὶ
3608 2644 3699 2697 τὸν
3723 2644 3823 2698 αὑ-

2254 2724 2349 2777 τοῦ
2397 2727 2621 2797 στρατὸν
2650 2729 2705 2779 ἐν
2739 2731 2856 2792 ταῖς
2900 2729 3007 2782 τῶν
3048 2731 3296 2801 πολέμων
3326 2733 3682 2804 παρατάξεσι,
3730 2737 3826 2788 καὶ

2256 2817 2422 2871 πάλαι
2447 2819 2708 2890 πρότερον
2737 2820 2936 2883 εἰώθει,
2965 2822 3054 2875 τὸν
3093 2824 3281 2876 ἑαυτοῦ
3309 2825 3440 2878 Θεὸν
3465 2825 3570 2894 πρὸ
3597 2827 3696 2897 τῆς
3722 2826 3826 2895 ψυ-

2255 2911 2355 2981 χῆς
2404 2913 2488 2964 ἀεὶ
2519 2913 2815 2982 τιθέμενος,
2864 2915 2955 2966 καὶ
3005 2919 3126 2978 ταῖς
3179 2917 3340 2970 αὑτοῦ
3396 2918 3610 2988 βουλαῖς
3648 2919 3827 2976 πάντα

2255 3002 2510 3072 πράττειν
2547 3003 2763 3067 ἐθέλων,
2794 3005 2859 3056 δι’
2893 3006 3174 3070 εὐλαϐείας
3192 3025 3251 3060 τε
3281 3009 3556 3079 τιθέμενος
3584 3009 3672 3063 τὸν
3717 3010 3826 3064 τῶν

2255 3093 2460 3145 πολλῶν
2495 3093 2740 3148 θάνατον.
2768 3097 2956 3150 Ἔνθεν
2977 3100 3036 3150 οὑ
3077 3099 3275 3170 μᾶλλον
3308 3101 3409 3169 τῆς
3434 3101 3542 3154 τῶν
3586 3103 3820 3166 οἰκείων,

597 3206 696 3244 nus
753 3192 984 3246 hostium
1037 3207 1196 3261 quam
1252 3193 1480 3246 militum
1549 3208 1772 3247 suorum
1826 3193 2150 3249 consulebat
2182 3163 2260 3220 C'

2182 3163 2222 3220 C
2257 3183 2289 3254 ἢ
2317 3185 2425 3237 τῶν
2456 3185 2662 3255 ἐχθρῶν
2692 3189 2942 3259 προύνόει
2990 3163 3278 3262 σωτηρίας.
3313 3163 3400 3244 Διὸ
3424 3192 3515 3244 καὶ
3544 3163 3823 3263 κρατήσαέ

571 3282 778 3358 ‘saluti.
809 3281 998 3352 Itaque
1051 3283 1164 3338 suis
1196 3283 1477 3337 victoriam
1525 3285 1736 3354 adeptis
1784 3285 2151 3354 praecipiebat,

598 3385 655 3428 ut
681 3375 837 3430 victis
866 3385 1174 3446 parcerent,
1213 3386 1378 3445 utque
1404 3376 1651 3429 homines
1683 3377 1813 3441 nati,
1851 3378 2157 3431 communis

599 3467 878 3521 hominum
909 3477 1116 3522 natura
1165 3469 1556 3523 meminissent.
1587 3467 1741 3534 Quod
1771 3469 1813 3522 si
1849 3467 1991 3522 forte
2016 3469 2157 3522 mili-

602 3567 712 3610 tum
741 3559 952 3612 animos
980 3559 1280 3614 obstinatos
1307 3561 1372 3613 ad
1411 3559 1610 3613 cazdcm
1641 3561 1869 3625 videret,
1898 3561 2016 3613 auri
2053 3560 2157 3612 lar-

599 3649 804 3719 gitione
855 3664 950 3704 eos
997 3649 1580 3720 reprimebat;jubens
1611 3649 1787 3718 utqui
1835 3649 2044 3703 hostem
2076 3649 2159 3702 vi-

599 3755 722 3792 vum
753 3739 1005 3808 cepisset,
1033 3749 1180 3796 certo
1212 3740 1329 3793 auri
1360 3740 1594 3808 pondere
1619 3739 1932 3794 donaretur.
1970 3738 2146 3808 Atque

600 3829 738 3883 hanc
799 3829 1104 3885 illecebram
1136 3830 1202 3884 ad
1237 3829 1464 3884 salutem
1511 3829 1788 3882 hominum
1833 3842 2158 3882 conservan-

597 3915 718 3966 (lam
750 3916 1097 3985 imperatoris
1128 3917 1453 3987 excogitavit
1484 3918 1704 3973 solertia
1737 3936 1750 3972 :
1785 3916 1920 3972 adeo
1949 3924 2008 3970 ut
2040 3917 2161 3987 plu-

598 4010 720 4063 rimi
760 4026 825 4065 ex
861 4009 994 4079 ipsis
1029 4012 1191 4065 etiam
1231 4011 1478 4066 barbaris
1511 4011 1708 4066 servati
1750 4010 1880 4073 sint,
1909 4025 2031 4064 cum
2060 4009 2163 4064 im-

597 4102 862 4173 peratoris
890 4118 1083 4158 aurum
1119 4104 1281 4157 vitam
1319 4105 1560 4169 ipsorum
1593 4102 1930 4158 redemisset.

917 4261 922 4266 ,
1181 4195 1409 4250 CAPUT
1449 4194 1586 4251 XIV.

867 4281 1068 4336 Iterum
1099 4283 1164 4337 de
1190 4285 1426 4336 oratione
1449 4285 1500 4335 in
1526 4281 1885 4337 tabernaculo.

671 4373 797 4429 Haec
829 4383 885 4428 et
926 4375 1028 4428 alia
1078 4374 1312 4444 plurima
1368 4374 1560 4427 horum
1612 4373 1807 4427 similia
1866 4375 2156 4441 imperator

2258 3292 2341 3327 σιν
2368 3275 2424 3327 ἐν
2458 3277 2601 3348 μάχῃ
2628 3281 2738 3342 τοῖς
2783 3280 3018 3343 οἰκείοις,
3047 3282 3154 3335 τῶν
3192 3283 3426 3336 ἁλόντων
3464 3282 3626 3352 φειδὼ
3655 3288 3827 3336 ποιεῖ-

2257 3365 2377 3418 σθαι
2412 3368 2659 3438 παρῄνει,
2695 3370 2815 3440 μηδ’
2845 3371 3164 3442 ἀνθρώπους
3190 3373 3367 3437 ὄντας,
3405 3375 3503 3444 τῆς
3530 3374 3827 3444 ὁμογενοῦς

2257 3457 2467 3527 φύσεως
2494 3461 2548 3510 ἐν
2562 3459 2697 3532 λήθῃ
2731 3459 3028 3528 γίγνεσθαι.
3062 3463 3124 3514 EE
3157 3462 3213 3516 δὲ
3241 3465 3332 3516 καί
3367 3481 3495 3516 ποτε
3525 3464 3633 3516 τῶν
3675 3464 3826 3518 ὁπλι-

2255 3549 2362 3601 τῶν
2389 3552 2512 3613 τοὺς
2535 3551 2736 3620 θυμοὺς
2753 3553 3007 3623 ἀκρατεῖς
3034 3551 3198 3624 ἐώρα,
3222 3554 3420 3625 χρυσοῦ
3435 3555 3578 3608 δόσει
3602 3555 3826 3619 τούτους

2255 3641 2520 3711 ἐχαλίνου,
2571 3641 2664 3694 τὸν
2697 3643 3010 3714 ζωγροῦντά
3039 3663 3157 3698 τινα
3205 3645 3313 3698 τῶν
3360 3645 3649 3717 πολεμίων,
3699 3647 3826 3717 ὡρι-

2257 3731 2428 3806 σμένῃ
2451 3733 2650 3804 χρυσοῦ
2683 3735 2942 3806 τιμᾶσθαι
2976 3737 3320 3809 προστάττων
3345 3738 3495 3810 ὁλκῇ.
3529 3740 3637 3792 Καὶ
3665 3739 3826 3794 τοῦτο

2254 3821 2442 3895 δέλεαρ
2473 3823 2771 3895 ἀνθρώπων
2802 3829 3072 3898 σωτηρίας
3100 3829 3132 3898 ἡ
3167 3828 3426 3898 βασιλέως
3475 3829 3671 3900 εῦρατο
3701 3829 3827 3882 σύν-

2255 3931 2388 3978 εσις,
2410 3915 2536 3968 ὥστ’
2557 3917 2655 3986 ἥδη
2683 3915 2862 3987 μυρίοι
2895 3919 2988 3970 καλ¹
3015 3918 3191 3972 αὐτῶν
3224 3916 3488 3982 ἐσώζοντο
3512 3919 3824 3991 βαρϐάρων,

2256 4005 2438 4075 χρυσῷ
2471 4003 2731 4074 βασιλέως
2762 4005 2858 4076 τὴν
2890 4007 3034 4077 ζωὴν
3053 4009 3233 4071 αὐτοῖς
3260 4009 3640 4079 ἐξωνουμένου.

2783 4191 3174 4244 ΚΕΦΛΛΑΙΟΝ
3199 4192 3292 4245 ΙΔ’.

2467 4281 2595 4333 Ἔτι
2617 4296 2749 4348 περι
2781 4280 2900 4334 τῶν
2927 4281 2997 4334 ἐν
3024 4281 3223 4351 σκηνῇ
3247 4282 3619 4354 προσευχῶν.

2328 4371 2510 4424 Ταῦτα
2537 4373 2633 4442 μὲν
2662 4369 2753 4426 οῦν
2791 4373 2883 4426 καὶ
2910 4373 3117 4438 τούτοις
3133 4374 3333 4444 ἀδελφὰ
3366 4376 3533 4446 μυρία
3584 4375 3711 4445 φίλα
3752 4375 3823 4448 ἦν

595 4465 766 4520 etiam
816 4465 952 4520 alias
1001 4465 1254 4520 factitare
1287 4473 1664 4519 consueverat.
1695 4463 1849 4518 Tunc
1895 4465 2153 4532 temporis
2188 4505 2229 4560 Β

2188 4505 2229 4560 D
2259 4463 2516 4533 πράττειν
2575 4462 2782 4531 βασιλεί
2830 4463 3072 4518 κᾶλλοτε.
3120 4465 3272 4518 Κάπὶ
3318 4464 3411 4517 τοῦ
3460 4466 3720 4536 παρόντος
3764 4467 3822 4520 δὲ

601 4573 728 4612 vero
785 4567 1074 4627 antequam
1134 4557 1377 4627 praelium
1419 4565 1754 4620 consereret,
1794 4569 2041 4610 seorsum
2101 4557 2152 4608 in

594 4647 946 4702 tabernaculo
981 4648 1208 4718 positus,
1233 4647 1618 4715 ,oratiouibus,
1643 4657 1700 4700 ut
1727 4645 1957 4709 solebat,
1993 4661 2151 4702 vaca-

598 4740 676 4792 vit
722 4740 790 4794 ab
839 4741 984 4794 omni
1015 4742 1229 4808 quidem
1260 4740 1386 4809 joco
1423 4749 1478 4793 et
1504 4738 1806 4794 delicatiori
1845 4739 1973 4792 vitae
2003 4739 2152 4792 cultu

594 4830 899 4894 abstinens,
927 4831 1150 4899 jejuniis
1182 4845 1311 4884 vero
1357 4830 1584 4898 aliisque
1617 4828 1922 4898 huiusmodi
1954 4829 2156 4883 exerci-

599 4916 888 4970 tationibus
919 4932 1116 4985 corpus
1156 4917 1404 4986 fatigans,
1457 4926 1512 4970 et
1563 4917 2040 4986 supplicationibus
2089 4934 2153 4973 ac

597 5005 846 5074 precibus
888 5005 961 5059 ita
1007 5005 1173 5058 Deum
1207 5008 1450 5075 placans,
1479 5018 1538 5060 ut
1570 5007 1859 5067 benignum
1912 5007 2059 5061 illum
2089 5022 2152 5061 ac

598 5096 883 5165 propitium
959 5111 1178 5150 suarum
1255 5100 1488 5167 partium
1549 5098 1843 5166 adjutorem
1908 5099 2149 5164 haberet,

596 5201 765 5255 eaque
795 5194 978 5256 ageret
1007 5200 1127 5256 quae
1156 5185 1246 5242 ille
1301 5187 1468 5244 menti
1520 5201 1632 5243 sum
1677 5189 2056 5260 suggessisset.
2089 5188 2153 5242 Et

597 5361 858 5426 apparet,
879 5368 1064 5426 verum
1111 5369 1236 5409 esse
1263 5355 1406 5426 quod
1444 5372 1605 5426 supra
1636 5358 1820 5412 notavi
1853 5358 1916 5412 ad
1967 5373 2017 5413 c.
2057 5359 2146 5419 10.

597 5423 955 5497 illicjcilicet
987 5423 1453 5497 Eusebium’loqui
1484 5423 1550 5483 de
1582 5428 1764 5497 priore
1794 5428 1981 5497 prxlio
2005 5431 2148 5497 quod

596 5495 662 5547 ad
698 5492 911 5547 Cibalas
929 5495 1280 5548 commissum
1311 5492 1412 5549 est.

669 5563 779 5633 (45)
816 5564 924 5621 Τοῦ
957 5563 1220 5632 σταυροῦ
1250 5563 1364 5632 τὴν
1402 5564 1660 5633 σκηνήν.
1685 5565 1761 5620 De
1783 5567 1886 5622 hoc
1905 5567 2154 5621 taberna-

595 5633 716 5708 culo
743 5637 884 5708 qum]
907 5636 1291 5708 Constantinus
1326 5650 1506 5708 secum
1531 5651 1750 5708 semper
1781 5637 1832 5689 in
1861 5639 2154 5708 expeditiu-

595 5704 1229 5827 nibusscircumfercbat,
1291 5707 1481 5761 scribit
1526 5705 1856 5762 Sczomenus
1891 5704 1943 5762 iu
1982 5707 2070 5761 lib.
2112 5722 2149 5770 ι,

595 5783 716 5827 cat).
788 5817 800 5827 .
960 5799 963 5803 -

593 5783 716 5838 cap.
745 5783 800 5828 δ.
960 5799 963 5803 -

2259 4553 2499 4624 συνήθως
2533 4554 2615 4622 ἐφ’
2646 4552 2820 4624 ἐαυτῷ
2850 4554 2954 4624 πρὸ
2975 4554 3074 4623 τῆς
3105 4555 3283 4626 μάχης
3317 4555 3821 4626 σκηνοποιούμενος,

2257 4645 2376 4706 ταῖς
2396 4645 2529 4714 πρὸς
2551 4645 2640 4697 τὸν
2663 4645 2794 4700 Θεὸν
2814 4646 2998 4715 εὐχαῖς
3015 4645 3111 4715 τὴν
3128 4645 3321 4716 σχολὴν
3343 4647 3594 4700 ἀνετίθειο
3615 4649 3824 4719 ῥᾳστώ-

2258 4749 2354 4804 νης
2386 4734 2483 4804 μὲν
2511 4736 2727 4805 ἁπάσης
2758 4737 2851 4789 καὶ
2877 4737 3156 4808 τρυφηλῆς
3203 4737 3408 4809 διαίτης
3445 4737 3827 4812 ἀλλοτριούμε-

2257 4843 2366 4889 νος,
2397 4827 2628 4890 ἀσιτίαις
2678 4827 2734 4880 δέ
2775 4829 2868 4880 καὶ
2918 4829 3152 4882 κακώσει
3196 4830 3289 4882 τοῦ
3335 4829 3582 4901 σώματος
3623 4831 3824 4896 πιέζων

2259 4917 2470 4979 ἑαυτὸν,
2524 4917 2694 4988 ταύτῃ
2725 4933 2784 4968 τε
2816 4916 2906 4970 τὸν
2963 4917 3094 4970 Θεὸν
3160 4919 3460 4989 ἱκετηρίαις
3510 4919 3603 4970 καὶ
3653 4918 3823 4983 λιταῖς

2259 5007 2583 5078 ίλεούμενος,
2612 5009 2687 5070 ώς
2714 5007 2780 5060 ἂν
2797 5007 2966 5074 δεξιὸν
2983 5009 3145 5060 αὐτὸν
3173 5010 3263 5061 καὶ
3282 5008 3470 5079 βοηθὸν
3504 5008 3823 5080 ἕχοι,πράτ-

2255 5115 2338 5152 τοι
2372 5115 2429 5150 τε
2457 5099 2628 5151 ταῦτα
2671 5099 2812 5170 ἅπερ
2842 5100 2988 5170 αὑτῷ
3022 5100 3151 5163 Θεὸς
3197 5099 3454 5170 ἐμϐάλλοι
3486 5102 3552 5170 τῇ
3592 5100 3819 5172 διανοίᾳ.

2270 5190 2404 5242 Ἀλλ’
2439 5191 2466 5242 ὁ
2499 5191 2596 5260 μὲν
2631 5191 2831 5246 ἄῦπνον
2883 5194 3115 5245 ἐποιεῖτο
3147 5191 3247 5262 τὴν
3292 5192 3432 5262 ὑπὲρ
3483 5191 3592 5245 τῶν
3629 5193 3822 5246 κοινῶν

2289 5359 2436 5440 "(46)
2473 5362 2820 5440 Θεσσεϐεἰας
2860 5361 3086 5427 εὐνοίᾳ.
3144 5360 3304 5416 Forte
3351 5359 3694 5414 scribendum
3735 5373 3819 5417 est

2657 5502 2742 5579 είς
2763 5498 2918 5579 ᾤρας
2928 5496 3320 5579 (ξκτιρεξροπῇ.
3339 5497 3514 5579 Codex
3541 5499 3751 5579 [legitis
3761 5501 3817 5560 ἐς

2257 5567 2424 5638 ὥρας.
2465 5569 2655 5622 Sel-ibo
2682 5572 2738 5621 ἐν
2767 5569 2913 5636 ὧρας
2940 5573 3134 5640 ἀκαρεῖ
3157 5572 3317 5640 ῥοπῇ,
3347 5583 3402 5622 ut
3449 5571 3502 5622 in
3540 5567 3678 5624 libro
3707 5569 3820 5622 Mu-

2268 5641 2358 5694 rari
2382 5639 2447 5690 ad
2481 5639 2774 5694 marginem
2805 5642 3147 5693 emendatum
3200 5640 3399 5694 inveni.
3431 5649 3483 5690 et
3528 5640 3604 5693 sic
3649 5641 3816 5694 codex

2268 5654 2358 5701 [illi
2382 5654 2447 5690 ad
2481 5654 2774 5704 marginem
2805 5654 3147 5693 ClllClItlillllln
3200 5655 3399 5698 ιιινεῐιι,
3431 5654 3483 5690 et
3528 5656 3604 5693 SIC
3649 5654 3816 5694 (‘Otlt'x

2262 5707 2395 5779 Fttk.
2435 5706 2597 5779 Paulo
2623 5719 2746 5761 ante
2778 5725 2874 5776 pro
2894 5709 3004 5762 ἔστ’
3032 5709 3097 5763 ἂν
3131 5709 3256 5779 lego
3280 5712 3358 5773 εἰς
3385 5711 3460 5762 ὅτ’
3495 5709 3581 5774 ἂν,
3637 5718 3691 5764 ut
3749 5712 3817 5764 lo-

2262 5777 2352 5838 uui
2390 5777 2524 5832 solet
2549 5778 2834 5834 Eusebius.
