4132 6406
213 373 347 430 995
1342 375 1428 429 DE
1466 375 1628 430 VlTA
1665 375 1824 432 CONS

1928 375 2131 431 .NTINI
2171 377 2301 432 LIB.
2345 377 2410 431 11.
3399 373 3506 434 θυι

205 498 514 570 φροντίδα,
531 498 590 552 οὐ
616 496 814 569 μᾶλλον
836 497 944 551 τῶν
965 497 1201 559 οἰκείων.
1224 497 1258 566 ἢ
1291 499 1388 568 τῆς
1407 497 1516 550 τῶν
1553 498 1823 569 πολεμίων

1929 498 2328 552 Constantinus
2356 496 2573 566 quidem
2613 497 2928 567 reipublicze
2967 497 3283 567 pervigilem
3315 515 3500 552 curam

206 587 673 660 ὑπερευχόμενος
698 590 991 661 σωτηρίας.

772 772 1168 825 ΚΕΦΑΛΛΙΟΝ
1221 772 1321 824 lE'.

211 864 508 917 Λικινίου
551 863 683 931 περὶ
737 865 942 932 φιλίας
988 862 1189 929 δόλος,
1237 864 1333 916 καὶ
1371 863 1814 931 εἰδωλολατρία.

318 953 474 1006 Ἐπεὶ¹
508 952 553 1005 δ’
585 956 614 1006 ὁ
650 953 841 1025 μικρῷ
875 955 1112 1025 πρόσθεν
1142 955 1319 1024 φυγὰς
1340 995 1354 1018 ,
1388 957 1639 1027 εἰρωνεία
1681 962 1817 1009 καθ-

215 1046 583 1116 υπεκρίνετο,
610 1046 827 1113 φιλικὰς
861 1045 1015 1111 αὖθις
1042 1048 1337 1101 ἀντιϐολῶν
1378 1049 1700 1102 σπείσασθαι
1740 1049 1825 1102 δε-

217 1133 380 1200 ξιὰς,
403 1136 494 1189 καὶ
522 1135 719 1200 ταύτας
749 1137 896 1207 αὑτῷ
934 1137 1193 1208 παρέχειν
1226 1137 1378 1206 ἠξίου
1410 1139 1503 1190 ἐπὶ
1535 1137 1820 1208 συνθηκῶν

214 1229 386 1300 ὅροις
413 1229 692 1299 βιωφελῶς
731 1231 823 1282 καὶ
855 1230 931 1301 τῷ
962 1233 1123 1284 παντὶ
1149 1230 1440 1293 λυσιτελῶς
1467 1233 1822 1303 προτεινομέ-

216 1339 357 1386 νας.
381 1323 511 1385 Ταῖς
531 1322 629 1393 μὲν
647 1318 739 1375 οὖν
763 1323 1053 1394 συνθήκαις
1079 1323 1188 1392 (48)
1207 1322 1501 1393 προθύμως
1527 1323 1824 1378 ὑπακούειν

215 1415 254 1467 ὁ
289 1413 552 1484 δηλωθεὶς
587 1415 959 1487 ὑπεκορίζετο,
992 1416 1174 1487 ὅρκοις
1211 1415 1442 1486 βεϐαιῶν
1475 1415 1574 1486 τὴν
1618 1415 1820 1467 πίστινο

217 1503 502 1576 λαθραίαν
549 1506 593 1559 δ’
622 1503 775 1570 αὖθις
803 1507 1038 1560 ὁπλιτῶν
1069 1508 1268 1578 συνῆγε
1304 1507 1686 1578 παρασκευήνθ
1730 1506 1824 1560 καὶ

223 1597 403 1650 πάλιν
429 1597 665 1668 πολέμου
694 1598 788 1651 καὶ
817 1599 995 1671 μάχης
1035 1599 1300 1668 κατῖπρχε,
1335 1597 1640 1669 βαρϐάρους
1654 1598 1701 1649 τ’
1730 1597 1823 1651 ἄν-

221 1687 371 1761 δρας
397 1691 711 1744 ἀνεκαλεῖτο
757 1691 1095 1762 συμμάχους,
1127 1691 1282 1755 θεούς
1307 1709 1364 1745 τε
1393 1689 1572 1760 ζητῶν
1609 1689 1822 1762 περιῄει

226 1780 482 1852 ἑτέρους,
513 1780 586 1844 ὡς
613 1782 676 1834 ἂν
706 1781 798 1834 ἐπὶ
823 1783 936 1845 τοῖς
968 1781 1254 1853 προτέροις
1289 1782 1658 1852 ἡπατημὲνος.
1713 1781 1824 1833 Καὶ

1924 593 2176 662 gerebat,
2215 606 2320 644 non
2352 592 2522 660 magis
2547 606 2647 661 pro
2681 605 2906 646 suorum
2939 605 3099 660 quam
3133 607 3229 660 pro
3261 592 3499 646 hostium

1923 683 2097 737 salute
2131 692 2252 737 vota
2283 682 2510 737 faciens.

2417 772 2576 844 [.51
2623 771 2854 827 CAPUT
2886 772 3002 825 xv.

2030 863 2224 917 Licinii
2246 865 2495 917 simulata
2524 865 2761 918 amicitia
2785 905 2801 929 ,
2841 878 2886 917 et
2913 864 3175 917 idolorum
3200 864 3395 922 cultus.

1997 956 2266 1021 Quoniam
2315 971 2446 1009 vero
2510 955 2750 1012 Licinius
2797 955 2888 1024 qui
2932 954 3092 1024 paulo
3139 966 3265 1008 ante
3320 955 3499 1024 fugam

1927 1045 2165 1108 inierat,
2213 1045 2563 1099 simulatione
2600 1054 2760 1099 utens
2787 1085 2801 1109 ,
2841 1046 3036 1098 iterum
3087 1045 3382 1098 amicitiam
3436 1061 3503 1100 ac

1928 1137 2134 1191 {mdera
2187 1140 2437 1193 renovari
2483 1137 2780 1206 poscebat;
2840 1138 3133 1207 imperator
3170 1139 3222 1190 id
3267 1153 3297 1192 e
3345 1155 3506 1208 repu-

1927 1229 2064 1284 blica
2095 1245 2238 1295 esse,
2269 1239 2323 1285 et
2353 1231 2535 1300 generi
2571 1234 2810 1284 humano
2846 1233 3158 1286 conducere
3204 1244 3375 1297 ratus,
3405 1249 3505 1303 pa-

1926 1335 2041 1374 cem
2088 1321 2162 1375 illi
2191 1322 2292 1376 sub
2321 1323 2487 1375 certis
2513 1321 2911 1376 conditionibus
2961 1322 3240 1391 indulgere
3273 1340 3377 1376 non
3421 1340 3506 1378 re-

1925 1413 2156 1467 cusavit.
2183 1413 2254 1466 At
2286 1412 2530 1467 Licinius
2559 1453 2574 1476 ,
2612 1415 2793 1482 specie
2828 1414 3048 1482 quidem
3099 1415 3210 1482 ipsa
3245 1414 3501 1483 tingebat,
3567 1456 3573 1462 .

1927 1501 2075 1570 leges
2107 1516 2166 1556 se
2220 1501 2452 1558 libenter
2503 1503 2797 1572 amplecti,
2839 1513 2894 1557 et
2943 1503 3101 1558 ﬁdem
3155 1506 3507 1573 jurejurando

1929 1593 2212 1662 firmabat;
2252 1610 2444 1650 verum
2479 1594 2692 1650 occulte
2740 1595 3030 1650 militarem
3074 1608 3388 1666 apparatum
3425 1598 3509 1650 in-

1927 1686 2207 1752 slruebat,
2236 1697 2402 1756 atque
2442 1688 2638 1743 iterum
2672 1688 2868 1744 bellum
2910 1688 3143 1754 inferre,
3173 1690 3369 1744 iterum
3403 1706 3506 1760 pu-

1930 1792 2089 1846 gnam
2121 1777 2433 1833 instaurare
2481 1779 2872 1834 meditabatur.
2908 1779 3012 1834 Sed
3061 1789 3114 1835 et
3145 1781 3506 1834 barbarorum

227 1870 349 1923 τῶν
382 1871 533 1943 αὐτῷ
558 1871 663 1943 πρὸ
695 1871 890 1942 μικροῦ
945 1873 1073 1944 περὶ
1099 1871 1234 1926 θεῶν
1262 1872 1648 1943 ὁμιληθέντων,
1675 1872 1824 1925 οὐδε-

1930 1869 2130 1924 auxilia
2163 1871 2400 1939 undique
2433 1872 2826 1940 conquirebat,
2869 1881 2923 1926 et
2959 1887 3130 1926 novos
3157 1873 3510 1943 circumqua-

233 1963 372 2034 μίαν
409 1966 465 2016 ἐν
493 1962 944 2034 νῷκατεϐάλλετο
975 1966 1216 2036 μνήμην,
1246 1964 1367 2017 οὐδὲ
1392 1964 1483 2016 τὸν
1512 1963 1829 2034 ὺπέρμαχον

231 2054 653 2108 Κωνσταντίνου
678 2057 810 2110 Θεὸν
852 2057 1140 2128 γνωρίζειν
1163 2056 1342 2129 ἤθελε,
1365 2056 1582 2120 πλείους
1612 2056 1655 2108 δ’
1678 2054 1829 2125 αὑτῷ

234 2146 337 2199 καὶ
370 2149 673 2220 καινότεροι
704 2148 929 2217 γελοίως
958 2149 1335 2222 ἀειεζητοῦντο.

1929 1978 2034 2031 que
2062 1962 2422 2032 investigabat
2463 1965 2593 2017 deos
2626 1981 2638 2017 :
2671 1971 2858 2032 utpote
2887 1979 2915 2016 a
2944 1964 3221 2033 prioribus
3263 1965 3316 2018 in
3361 1963 3511 2018 frau-

1928 2055 2050 2108 dem
2086 2057 2355 2111 inductus.
2386 2055 2495 2111 Nec
2543 2058 2804 2111 memoria
2834 2058 3153 2125 repetebat,
3184 2073 3306 2127 quae
3337 2059 3499 2128 paulo

1930 2157 2059 2202 ante
2090 2148 2154 2201 de
2185 2150 2286 2203 diis
2311 2151 2360 2203 in
2397 2145 2658 2204 concione
2686 2149 2940 2210 dixisset,
2980 2164 3078 2204 nec
3096 2151 3264 2205 Deum
3294 2153 3385 2221 qui
3411 2166 3516 2220 pro

235 2240 604 2298 Constantino
660 2256 1048 2314 propngnasset
1071 2285 1088 2312 ,
1153 2262 1452 2318 agnoscere
1515 2246 1729 2303 volebat
1763 2263 1777 2300 :
1811 2244 1905 2300 sed
1939 2243 2108 2298 multo
2137 2245 2320 2314 plures
2350 2260 2414 2300 ac
2462 2246 2798 2300 recentiores
2830 2245 2957 2300 deos
2997 2260 3101 2300 non
3139 2245 3259 2300 sine
3306 2245 3418 2299 risu
3447 2260 3512 2299 ac

243 2335 492 2392 ludibrio
527 2339 693 2410 cmpit
720 2341 1064 2410 conquirere.

772 2435 1166 2488 κεψΑΑΑιοΝ
1189 2436 1305 2503 ις’.

238 2525 436 2590 Ὅπως
462 2523 549 2594 μὴ
583 2525 1007 2595 ἀντιπολεμεῖν
1038 2525 1117 2591 τῷ
1143 2523 1381 2593 σταιιρῷ
1399 2525 1661 2592 Λικίνιος
1685 2541 1829 2593 παρ-

669 2597 801 2665 ῄνει
840 2597 962 2663 τοῖς
996 2595 1399 2664 στρατιώταις.

309 2685 425 2740 Εἶτ’
455 2687 600 2759 ἔργῳ
620 2689 827 2759 μαθὼν,
856 2690 1027 2760 ὁπόση
1064 2707 1148 2753 τις
1183 2685 1250 2760 ἦν
1278 2689 1431 2760 θεῖκὴ
1463 2689 1555 2742 καὶ
1583 2689 1830 2760 autem-

236 2796 329 2843 τος
349 2781 404 2832 ὲν
428 2779 504 2850 τῷ
528 2781 777 2854 σωτηρίῳ
798 2783 1042 2854 τροπαίῳ
1059 2782 1303 2852 δύναμις,
1323 2781 1388 2834 δι’
1404 2775 1471 2852 ἦς
1492 2783 1519 2834 ὁ
1538 2783 1828 2834 Κωνσταν-

237 2870 386 2923 τίνου
420 2869 591 2941 ἔμαθε
627 2873 855 2942 στρατὸς
904 2875 1148 2944 κρατεῖν,
1181 2875 1292 2936 τοῖς
1314 2873 1450 2943 ἀμφ’
1477 2872 1640 2925 αὐτὸν
1671 2873 1827 2925 ὁπλί-

237 2979 364 3025 ταις
392 2961 644 3035 παρῄνει,
683 2963 947 3034 μηδαμῶς
970 2961 1274 3028 ἐξεναντίας
1304 2964 1439 3016 ἰέναι
1474 2963 1666 3034 τούτῳ,
1705 2965 1827 3035 μηδ’

240 3053 317 3115 ὡς
352 3053 562 3124 ἔτυχεν,
603 3053 1022 3125 ἀπερισκέπτως
1053 3053 1160 3123 (49)
1187 3055 1316 3124 ὁρᾷν
1342 3054 1427 3106 ἐπ’
1457 3053 1622 3124 αὐτῷ·
1658 3054 1827 3108 δεινὸν

240 3143 352 3214 γὰρ
394 3140 534 3196 εἶναι
559 3143 736 3214 ίίσχύῖ.
788 3143 934 3214 αὐτῷ
962 3161 1019 3196 τε
1052 3143 1242 3215 ἐχθρὸν
1274 3144 1367 3196 καὶ
1417 3143 1692 3214 πολέμιον’
1749 3144 1828 3197 διὸ

2510 2423 2738 2480 CAPUT
2781 2423 2921 2478 XVI.

1928 2519 2203 2588 Quomodo
2238 2518 2473 2572 Licinius
2505 2518 2760 2570 militibus
2782 2527 3108 2584 prmeeperit,
3156 2532 3220 2570 ue
3257 2515 3510 2568 adversus

2236 2591 2408 2643 cruci:
2432 2591 2642 2658 signum
2665 2589 2915 2654 impetum
2945 2589 3195 2655 facerent.

1995 2681 2240 2738 Postlwec
2264 2697 2388 2736 cum
2419 2681 2592 2750 reipsa
2625 2679 2906 2734 didicisset
2935 2693 3192 2733 arcanam
3212 2677 3504 2747 quamdam

1927 2789 1991 2828 ac
2019 2775 2258 2828 divinam
2311 2773 2610 2842 potentiam
2669 2772 2723 2825 in
2777 2771 3000 2824 salutari
3052 2779 3254 2837 tropmo
3305 2769 3510 2833 inesse,

1930 2866 2088 2935 cujus
2118 2882 2222 2937 ope
2269 2864 2614 2920 Constantini
2663 2865 2940 2918 exercitus
2968 2863 3254 2917 victoriam
3305 2863 3512 2916 referre

1933 2962 2340 3023 consuevissct;
2372 2959 2572 3014 milites
2604 2973 2731 3012 suos
2762 2958 3060 3020 admonuit,
3097 2972 3164 3010 ne
3187 2971 3252 3010 ex
3279 2956 3517 3010 adverso

1933 3055 2004 3107 ili
2044 3054 2524 3115 congrederentur,
2547 3066 2679 3105 neve
2711 3051 2761 3104 in
2800 3051 2927 3104 illud
2957 3061 3162 3104 temere
3193 3066 3256 3103 ac
3286 3047 3518 3102 fortuito

1931 3145 2118 3200 oculos
2151 3144 2507 3214 conjicerent.
2542 3143 2750 3212 Quippe
2790 3142 2919 3196 illud
2958 3142 3171 3208 signum
3207 3139 3516 3194 incredibili

239 3233 442 3304 χρῆναι
495 3233 858 3303 φυλάττεσθαι
893 3233 991 3304 τὴν
1023 3234 1158 3304 πρὸς
1189 3233 1320 3286 αὐτὸ
1373 3233 1669 3306 συμϐολήν.
1716 3235 1824 3288 Καὶ

1932 3237 1982 3292 vi
2017 3237 2217 3306 pollere
2243 3280 2257 3304 ,
2286 3252 2351 3291 ac
2379 3235 2483 3290 sibi
2537 3235 2792 3304 privatim
2827 3233 3084 3288 infestum
3118 3233 3516 3300 adversumque

239 3325 304 3396 δὴ
325 3325 497 3378 ταῦτα
519 3325 936 3397 συνταξάμενος,
963 3324 1040 3395 τῷ
1069 3325 1156 3378 διὰ
1175 3324 1581 3398 φιλανθρωπίαν
1613 3326 1834 3380 ὀκνοῦν-

239 3433 292 3470 τι
323 3418 420 3471 καὶ
446 3418 537 3472 τὸν
570 3419 690 3470 κατ’
721 3417 884 3471 αὑτοῦ
920 3417 1148 3470 θάνατον
1193 3417 1632 3488 ἀναϐαλλομένη),
1682 3419 1830 3490 μάχῃ

242 3509 540 3580 συμϐαλεῖν
585 3510 828 3584 ὡρμᾶτο.
873 3509 990 3562 Οἵδε
1036 3510 1130 3578 μὲν
1169 3506 1262 3563 οὖν
1286 3509 1655 3580 πολυπληθείᾳ
1693 3511 1829 3562 θεῶν

244 3599 592 3671 Θαρροῦντες,
631 3603 726 3654 σὺν
752 3599 917 3672 πολλῇ
950 3601 1176 3669 δυνάμει
1203 3601 1383 3672 χειρὸς
1432 3600 1829 3672 στρατιωτικῆς

243 3693 505 3763 ἐπῄεσαν,
541 3693 749 3765 νεκρῶν
783 3694 977 3747 εἴδωλα
997 3693 1264 3746 θανόντων
1307 3695 1362 3744 ὲν
1396 3693 1621 3763 ἀψύχοις
1654 3693 1826 3760 ἁγάλ-

249 3802 380 3855 μασι
409 3783 862 3856 προϐεϐλημένοι.
901 3787 957 3840 Ὀ
988 3785 1033 3838 δ’
1062 3785 1341 3848 εὐσεϐείας
1364 3784 1570 3855 θώρακι
1601 3801 1829 3855 περιπε-

245 3875 578 3945 φραγμένος,
603 3875 664 3928 τὸ
692 3876 955 3946 σωτήριον
983 3876 1075 3928 καὶ
1091 3874 1349 3938 ζωοποιὸν
1385 3873 1830 3945 σημεῖον,ὥσπερ

243 3982 296 4018 τι
331 3966 602 4039 φόϐητρω
636 3967 730 4020 καὶ
767 3967 951 4020 κακῶν
984 3967 1337 4037 άμυντήρων,
1371 3964 1448 4036 τῷ
1479 3965 1669 4036 πλήθει
1723 3965 1830 4018 τῶν

245 4057 503 4113 ἐναντίων
559 4044 881 4129 παρέταττε.
927 4060 1038 4112 Καὶ
1080 4059 1214 4122 τέως
1255 4058 1354 4129 μὲν
1401 4060 1606 4128 ἐπεῖχε,
1663 4057 1833 4127 φειδοῖ

244 4149 526 4221 χρώμενος
570 4149 639 4203 τὰ
690 4149 897 4220 πρῶτα,
927 4150 1003 4214 ὡς
1029 4150 1095 4203 ἂν
1125 4151 1198 4222 μὴ
1234 4149 1496 4221 πρότερος
1535 4151 1820 4222 κατάρχοι,

242 4241 351 4296 τῶν
386 4241 516 4314 περὶ
542 4235 617 4296 ὧν
643 4243 906 4315 πεποίητο
940 4242 1222 4313 συνθηκῶν
1257 4243 1440 4296 ἕνεκα.

1937 3345 2059 3384 esse
2104 3330 2323 3393 aiebat,
2363 3338 2528 3397 atque
2555 3327 2759 3380 idcirco
2792 3325 3092 3380 cavendum
3123 3339 3242 3379 esse
3266 3363 3282 3387 ,
3317 3338 3386 3378 ne
3416 3323 3515 3376 ad-

1937 3437 2126 3477 versus
2161 3423 2336 3492 ipsum
2384 3435 2562 3490 pugna
2608 3419 2860 3474 iniretur.
2891 3416 2988 3471 llis
3033 3418 3106 3470 ita
3155 3417 3469 3486 compositis
3496 3453 3514 3480 ,

1935 3517 2198 3570 adversus
2233 3515 2380 3568 illum
2410 3514 2500 3583 qui
2533 3527 2631 3582 pro
2657 3513 2844 3566 innata
2893 3510 3180 3564 clementia
3209 3509 3516 3562 cunctaba-

1937 3617 2042 3674 tur,
2073 3615 2127 3660 et
2157 3607 2247 3674 qui
2281 3606 2572 3660 imminens
2598 3604 2700 3671 ipsi
2735 3602 2962 3656 exitium
3001 3601 3290 3655 dill'erebat
3313 3641 3328 3664 ,
3364 3616 3514 3670 prae-

1931 3698 2050 3751 liari
2083 3697 2383 3752 constituit.
2420 3695 2486 3750 Et
2510 3693 2772 3748 Liciniani
2807 3692 3050 3760 quidem,
3076 3691 3299 3745 deorum
3322 3690 3510 3743 multi-

1933 3791 2119 3843 tudine
2145 3788 2358 3853 conlisi,
2398 3802 2518 3842 cum
2552 3788 2862 3859 ingentibus
2893 3787 3061 3855 copiis
3087 3781 3514 3854 progredieban-

1933 3892 2054 3945 tur,
2095 3881 2281 3936 nescio
2308 3894 2428 3950 qua:
2464 3889 2807 3934 mortuorum
2863 3877 3154 3932 simulacra
3203 3883 3259 3928 et
3300 3882 3515 3926 statuas

1934 3973 2204 4028 inanimes
2241 3973 2479 4044 prmsidii
2505 3988 2668 4028 causa
2709 3971 3080 4042 praeferentes.
3121 3966 3518 4022 Constantinus

1934 4080 2064 4120 vero
2095 4065 2315 4135 pietatis
2345 4065 2510 4120 lorica
2542 4074 2849 4130 contectus,
2874 4062 3118 4117 snlutare
3145 4068 3200 4114 et
3233 4057 3518 4112 viviﬁcum.

1933 4156 2111 4212 crucis
2144 4158 2384 4227 signum,
2429 4155 2576 4212 velut
2613 4156 3119 4211 terriculamentum
3149 4151 3420 4220 quoddam
3455 4156 3512 4201 et

1932 4247 2370 4316 potentissimum
2422 4247 2489 4302 ad
2538 4245 2859 4316 depellenda
2895 4241 3034 4298 mala
3071 4241 3464 4294 munimentum
3490 4273 3510 4300 ,

245 4336 484 4394 hostium
520 4337 846 4392 multitudini
885 4337 1106 4406 obiecit.
1153 4337 1231 4391 Ac
1277 4337 1542 4407 principio
1593 4338 1811 4407 quidem
1848 4343 2171 4408 sustinebat,
2224 4358 2456 4414 parcens
2505 4344 2721 4398 interim
2775 4341 2942 4408 ferro,
2968 4354 3034 4394 ne
3061 4338 3340 4393 videretur
3362 4332 3512 4388 orior

244 4447 478 4504 pugnam
530 4433 718 4489 iniisse
746 4474 761 4500 ,
798 4435 959 4503 idque
989 4437 1058 4488 ob
1087 4433 1351 4488 hederam
1379 4448 1499 4503 qua:
1543 4436 1821 4505 pepigerat
1853 4438 2174 4509 religionem

772 4531 1170 4584 ΚΕΦΑΛΑΙΟΝ
1203 4529 1300 4585 1Ζ’.

703 4623 854 4690 Νίκη
881 4625 1360 4678 Κωνσταντίνου.

329 4713 419 4777 Ὠς
437 4712 480 4766 δ’
514 4714 787 4784 ὲ·ιιιμὸνως
815 4713 1034 4783 ἔχοντας
1068 4714 1193 4776 τοὺς
1226 4715 1602 4777 ὑπεναντιους,
1629 4715 1728 4786 ἤδη
1764 4715 1821 4768 δὲ

251 4804 418 4875 ξιφῶν
450 4808 784 4878 ἁπτομένους
828 4805 992 4878 ἑώρα.
1033 4807 1333 4878 τηνικαῦτα
1363 4809 1824 4876 διαγανακτήσας,

253 4897 347 4970 βοῇ
378 4915 437 4952 τε
491 4900 590 4970 μιᾷ
615 4899 708 4952 καὶ
759 4901 899 4970 ῥοπῇ
931 4899 1039 4972 (5οὶ
1072 4900 1251 4952 πᾶσαν
1305 4899 1402 4970 τὴν
1441 4899 1548 4952 τῶν
1573 4897 1829 4952 ἐναντίων

322 5053 434 5124 (48)
471 5056 603 5123 Ταῖς
629 5055 746 5124 μὲν
765 5051 880 5110 οὖν
905 5057 1259 5122 συνθήκαις.
1297 5055 1455 5109 Pacis
1484 5055 1821 5112 conditiones

249 5125 332 5180 hae
366 5125 600 5188 fuerunt.
635 5136 692 5179 ut
725 5127 968 5180 Licinius
1000 5129 1219 5196 quidem
1271 5127 1576 5190 Orientem,
1609 5125 1816 5187 Asiam,

251 5195 563 5260 Thraciam,
586 5196 828 5252 Mmsiam
857 5212 920 5250 ac
957 5195 1217 5267 minorem
1248 5197 1534 5267 Scythiam
1579 5198 1822 5263 posside-

251 5275 365 5329 ret;
399 5267 666 5322 Dardania
702 5281 834 5320 vero
865 5275 922 5319 et
968 5266 1280 5321 Macedonia
1325 5266 1380 5322 et
1419 5266 1646 5329 Achaia,
1684 5267 1823 5319 Pan-

252 5335 414 5406 nonia
451 5351 665 5406 quoque
713 5353 834 5391 cum
862 5336 1048 5391 Maesia
1083 5347 1139 5391 et
1173 5337 1332 5390 Dacia
1367 5336 1708 5391 Constantini
1739 5338 1822 5390 di-

253 5405 384 5459 tioni
411 5405 750 5472 accederent,
771 5417 830 5462 ut
848 5414 1070 5460 narrant
1098 5406 1344 5460 Zosimus
1380 5417 1436 5460 et
1485 5409 1822 5462 Sozomenus

253 5485 306 5527 et
336 5485 527 5545 auctor
553 5485 936 5545 excerptoruin
961 5479 1026 5530 de
1057 5475 1229 5531 Gestis
1258 5478 1617 5532 Constantini.

321 5544 951 5620 (49)_’A.rzepwaté:ttwg.
989 5546 1290 5620 inscbedis
1327 5547 1508 5616 Regiis
1528 5548 1818 5620 ἀπεριϐλὲ-

255 5632 403 5679 πτως
447 5616 662 5685 legitur,
704 5620 973 5686 quomodo
1005 5617 1168 5671 etiam
1215 5616 1500 5672 Turnebus
1549 5621 1615 5672 ad
1643 5616 1814 5675 'oram

255 5689 337 5741 sui
367 5687 572 5740 codicis
600 5688 940 5742 emendarat.
979 5686 1054 5739 Ita
1080 5689 1245 5741 etiam
1272 5689 1444 5743 codex
1475 5687 1638 5742 Fuk.‘

325 5756 436 5828 (50)
471 5755 649 5826 Vulg.,
676 5755 802 5825 Βοῇ
835 5773 898 5810 τε
924 5755 1032 5825 μιᾷ
1059 5756 1242 5826 ῥοπῇ.
1283 5757 1644 5828 Scribeudnrn
1670 5760 1820 5813 vide-

242 5826 343 5910 tur
365 5826 461 5901 βοῇ
494 5845 554 5882 τε
585 5829 684 5900 μιᾷ
712 5829 806 5882 καὶ
839 5830 1001 5901 ῥοπῇ.
1040 5831 1218 5900 Atque
1246 5830 1320 5885 ita
1361 5830 1530 5885 codex
1581 5827 1716 5885 Fuk.
1765 5841 1820 5886 et

2403 4535 2566 4609 452
2608 4533 2834 4590 CAPUT
2867 4531 3033 4587 xvu.

2418 4628 2756 4684 Constantini
2779 4627 3020 4680 victoria.

2003 4718 2110 4774 Sed
2140 4731 2490 4790 posteaquam
2521 4721 2705 4774 hostes
2723 4717 3006 4771 obsﬁnato
3036 4712 3218 4768 animo
3243 4720 3514 4782 perstare,

1930 4805 2148 4876 jamque
2175 4810 2382 4880 gladios
2423 4811 2754 4878 distringere
2798 4797 3186 4860 animadvertit
3217 4844 3232 4866 ,
3263 4802 3507 4870 indigna-

1938 4896 2083 4951 tione
2111 4909 2414 4953 commotus
2443 4943 2456 4963 ,
2488 4899 2604 4953 solo
2631 4899 2869 4953 clamore
2892 4913 2956 4952 ac
2993 4897 3218 4951 minimo
3253 4895 3509 4964 temporis

1927 5056 2051 5113 Sav.
2081 5056 2251 5110 Porro
2275 5059 2389 5112 haec
2413 5057 2644 5122 insignis
2684 5057 3026 5112 Constantini
3060 5058 3288 5112 victoria
3343 5059 3512 5109 conti-

1926 5129 2007 5193 git
2057 5128 2247 5195 Crispo
2296 5138 2378 5181 ter
2407 5138 2462 5181 et
2495 5129 2859 5182 Constantino
2912 5138 2993 5181 ter
3031 5143 3200 5185 coss"
3247 5143 3278 5178 ν
3327 5127 3509 5180 Nonas

1924 5196 2119 5260 Julias,
2144 5199 2298 5262 juxta
2323 5198 2754 5266 Adrianopolim,
2776 5210 2833 5252 ut
2872 5199 3069 5269 legitur
3099 5200 3149 5251 in
3176 5195 3360 5250 Fastis
3390 5197 3508 5249 lda-

1925 5269 2106 5322 tii.At
2143 5269 2414 5321 Baronius
2473 5269 2574 5321 hac.
2637 5269 2880 5336 przelium
2952 5269 3504 5335 Adrianopulitanum

1926 5339 2140 5392 confert
2172 5339 2223 5390 in
2275 5354 2475 5389 annum
2519 5338 2722 5392 Christi
2771 5338 2896 5401 3|8,
2948 5355 3054 5405 quo
3087 5339 3331 5392 Licinius
3375 5352 3404 5388 ν
3450 5349 3508 5390 et

1925 5409 2150 5476 Crispus
2178 5423 2318 5461 coss.
2347 5407 2515 5462 iniere.
2549 5409 2718 5473 Cujus
2748 5411 3072 5463 sententiam
3104 5410 3187 5462 his
3211 5421 3508 5477 argumen-

1923 5480 1990 5531 tis
2017 5495 2080 5532 ac
2113 5479 2436 5532 testimoniis
2478 5480 2806 5546 optimorum
2853 5481 3175 5546 scriptorum
3225 5477 3504 5532 subverti-

1921 5565 2062 5602 mus.
2097 5548 2311 5602 Primus
2337 5560 2418 5602 est
2448 5548 2667 5612 ldatius,
2701 5551 2790 5618 (μή
2820 5551 2869 5602 in
2900 5547 3081 5601 Fastis
3127 5550 3200 5601 ita
3249 5547 3438 5618 scribit
3484 5563 3499 5599 :

1924 5637 1944 5671 ι
1981 5620 2172 5685 Crispo
2196 5634 2253 5672 ut
2280 5629 2334 5672 et
2354 5617 2799 5673 Constantinum
2851 5635 2994 5672 coss.
3023 5619 3116 5672 His
3140 5617 3502 5672 C().~'S.b¢llllln

1919 5689 2465 5757 Adrianopolitanum
2486 5689 2573 5743 die
2593 5705 2621 5741 ν
2645 5688 3022 5748 Nonaslulias,
3040 5701 3094 5738 et
3121 5688 3317 5741 bellum
3337 5687 3500 5739 Chal-

1920 5761 2224 5812 cedonense
2254 5761 2464 5813 decimo
2493 5771 2688 5828 quarto
2721 5759 2988 5813 Kalendas
3023 5761 3304 5811 Octobres.
3335 5776 3352 5806 ι
3389 5757 3498 5828 Εει-τ

1921 5830 2044 5884 dem
2085 5833 2244 5885 verba
2278 5827 2530 5900 leguntur
2580 5833 2630 5884 in
2675 5829 2930 5884 Chronico
2971 5830 3358 5895 Alexandrino,
3402 5827 3499 5883 scd
