4132 6406
662 349 768 404 995

1365 344 1628 401 EUSEBII
1669 344 1775 400 CA‘.
1786 339 2150 398 SARIENSIS
2191 338 2215 394 (

2318 350 2340 392 ’.
2382 335 2562 391 PARS
2599 334 2642 388 ῐ.
2680 365 2750 375 -
2789 331 3180 390 Ηῐδτοιιιω.
3837 338 3924 389 936

663 471 936 519 momento
975 469 1197 516 cunctas
1236 461 1470 514 hostium
1507 463 1692 530 copias
1725 461 1777 514 in
1811 460 1989 528 fugam
2020 458 2179 513 vertit
2203 498 2215 520 ,

2322 449 2616 522 ὲτροποῦτο
2643 449 2893 520 δύναμιν,
2919 447 3056 518 ὁμοῦ
3077 465 3136 499 τε
3155 448 3264 509 τὰς
3284 446 3426 497 κατ’
3444 443 3668 508 ὲγθρῶν
3694 444 3784 496 καὶ
3812 453 3926 499 11:1

659 565 713 610 et
743 555 808 606 de
837 552 1168 605 da‘monibus
1217 553 1420 620 pariter
1453 565 1614 620 atque
1652 548 1902 604 hostibus
1939 547 2223 602 victoriam

663 643 977 711 repOrtavit.

1220 733 1447 790 CAPUT
1473 731 1662 786 XVIII.

875 827 1064 881 Licinii
1096 827 1262 881 credes
1298 833 1348 878 et
1385 823 1637 892 triumphi
1669 824 1732 875 de
1763 822 1854 875 illo
1886 823 2010 874 acti.

737 922 982 975 Ροειιιιρο
1029 920 1204 988 ipsum
1256 917 1350 972 Dei
1399 917 1608 970 hostem
1655 914 1882 984 ejusque
1930 913 2226 967 familiares

664 1014 788 1069 belli
837 1014 958 1082 jure
1007 1012 1327 1080 dijudicatos
1419 1022 1659 1077 congruo
1717 1006 1979 1075 supplicio
2025 1003 2223 1057 alIecit.

663 1107 1080 1160 Abducebantur
1113 1105 1292 1171 itaque
1329 1116 1431 1154 una
1461 1115 1582 1153 cum
1634 1109 1862 1170 tyranno
1887 1137 1900 1159 ,
1935 1106 1988 1151 et
2018 1096 2226 1150 debitas

664 1199 856 1267 capitis
901 1213 1086 1266 poenas
1115 1197 1314 1250 dabant
1337 1235 1353 1258 ,
1404 1195 1711 1262 quicunque
1744 1191 1938 1244 bellum
1963 1190 2222 1244 adversus

661 1293 826 1345 Drum
857 1305 1050 1359 gerere
1073 1291 1122 1345 ei
1166 1291 1486 1344 suasissent.
1521 1286 1586 1339 Et
1611 1285 1701 1351 qui
1735 1282 1894 1350 paulo
1926 1291 2053 1334 ante
2082 1296 2223 1335 vana

588 1449 597 1460 .
661 1397 756 1452 Spe
782 1381 907 1436 elati
938 1390 1116 1444 erant,
1140 1381 1314 1449 reipsa
1345 1376 1681 1431 Constantini
1724 1375 1887 1428 Deum
1927 1373 2225 1442 amplecte-

660 1473 881 1535 bantur,
929 1487 1158 1541 eumque
1191 1486 1358 1524 ttnttm
1391 1485 1453 1524 ac
1496 1483 1680 1523 verum
1715 1465 1879 1520 Deum
1923 1478 2222 1533 agnoscere

659 1580 720 1620 se
751 1575 875 1619 tunc
903 1563 1118 1618 demum
1151 1564 1569 1633 proﬁtebantur.

971 1735 978 1739 '
1234 1654 1460 1709 CAPUT
1493 1651 1638 1706 XIX.

1031 1746 1244 1801 Publica
1272 1746 1456 1800 Itetitia
1489 1760 1549 1796 ac
1578 1741 1852 1811 festivitas.

2325 543 2592 612 δαιμόνων
2618 540 2924 612 ἀπεφέρετο
2958 539 3132 600 νίκας.

2847 726 3241 778 ΚΕΦΑΛΑῘΟΝ
3273 723 3374 776 IH'

2402 817 2660 871 Λικινίου
2706 815 2979 881 θάνατος,
3015 815 3114 868 καὶ
3145 814 3438 868 ἐπινίκια
3468 810 3612 878 περὶ
3650 811 3871 864 τούτου.

2396 907 2506 963 Εἶτ’
2538 911 2698 962 αὑτὸν
2724 910 2813 961 τὸν
2845 909 3072 980 θεομισῆ
3103 911 3197 962 καὶ
3232 908 3385 971 τοὺς
3427 904 3582 976 ἀμφ’
3609 903 3771 956 αὐτὸν
3803 905 3924 974 νόμῳ

2325 1001 2558 1070 πολέμου
2587 1000 2884 1071 διακρίνας,
2913 1004 2977 1070 τῇ
3011 1000 3304 1073 πρεπούσῃ
3339 996 3660 1068 παρεδίδου
3695 1001 3923 1072 τιμωρίᾳ,

2336 1093 2631 1163 Ἀπήγοντό
2658 1094 2704 1146 τ’
2736 1091 2885 1161 αὑτῴ
2915 1091 2991 1160 τῷ
3019 1093 3273 1162 τυράννῳ
3312 1091 3422 1142 καὶ
3459 1087 3806 1151 ἀπώλλυντο,
3846 1097 3924 1163 τίς)

2323 1186 2700 1254 προσήκουσαν
2723 1184 3012 1253 ὑπέχοντες
3035 1184 3208 1254 δίκην,
3244 1186 3299 1237 οἱ
3333 1184 3449 1253 τῆς
3472 1181 3786 1251 θεομαχίας
3811 1185 3926 1255 σύμ-

2323 1275 2517 1327 ϐουλοι·
2555 1275 2606 1326 οἵ
2631 1291 2686 1326 τε
2740 1275 2932 1346 μικρὸν
2963 1273 3185 1345 ὕστερον
3236 1274 3361 1344 (51)
3413 1276 3488 1344 τῇ
3541 1272 3657 1325 τῶν
3708 1276 3922 1342 ματαίων

2322 1366 2496 1419 ἑλπίδι
2539 1367 3010 1437 μετεωρισθέντες,
3045 1367 3191 1438 ἔργῳ
3218 1367 3314 1419 τὸν
3347 1366 3791 1419 Κωνσταντίνον
3813 1369 3922 1419 θεὸν

2323 1458 2756 1530 παρελάμϐανον,
2789 1459 2883 1511 καὶ
2920 1458 3108 1511 τοῦτον
3156 1459 3280 1531 ἄρτι
3317 1457 3471 1510 Θεὸν
3511 1457 3698 1528 ἀληθῆ
3723 1459 3809 1510 καὶ
3838 1459 3916 1528 μό-

2321 1567 2409 1603 νον
2441 1550 2723 1622 γνωρίζειν
2758 1551 3158 1621 ἁνωμολόγουν.

2839 1644 3233 1696 ΚΕΨΑΛΛΙΟΝ
3268 1641 3383 1695 ῙΘ’.

2633 1735 3024 1801 Φαιδρότητες
3062 1735 3158 1787 καὶ
3187 1736 3523 1803 πανηγύρει
3535 1753 3614 1799 ις.

731 1839 916 1907 lmpiis
950 1839 1110 1908 ig7tur
1136 1853 1166 1892 e
1200 1837 1372 1891 medio
1406 1834 1653 1894 sublatis,
1709 1830 1832 1901 puri
1871 1828 2127 1898 deinceps
2154 1843 2215 1882 ac

2388 1826 2496 1879 Καὶ
2527 1826 2590 1897 δὴ
2621 1827 2728 1880 τῶν
2773 1827 3044 1880 δυσσεϐὧν
3075 1829 3282 1900 ἀνδρῶν
3327 1827 3610 1880 ἐκποδὼν
3658 1829 3906 1897 ἠρμένων,

663 1929 848 1996 liquidi
884 1928 1012 1982 solis
1060 1927 1192 1980 radii
1226 1926 1610 1985 cernebantur,
1637 1921 1787 1990 quasi
1818 1918 2002 1972 nubilo
2037 1928 2220 1988 tyran-

662 2021 798 2073 nica:
835 2015 1213 2071 dominationis
1248 2014 1488 2083 depulso.
1524 2011 1846 2078 Cunctzeque
1872 2009 2079 2075 imperii
2113 2009 2219 2062 Ro-

663 2110 808 2163 mani
839 2119 1018 2178 partes
1061 2109 1112 2160 in
1147 2122 1309 2160 unum
1339 2119 1534 2173 corpus
1581 2103 1903 2158 coaluerunt
1932 2122 1943 2156 :
1976 2100 2217 2155 orienta-

661 2199 803 2254 libus
847 2199 1141 2268 provinciis
1191 2213 1310 2252 cum
1361 2196 1655 2253 Occidente
1694 2192 1996 2263 conjunctis
2030 2212 2044 2247 :
2077 2208 2213 2246 uno-

662 2304 766 2358 que
823 2291 1068 2346 omnium
1125 2288 1369 2360 principe
1429 2298 1689 2358 tanquam
1733 2285 1914 2354 capite
1958 2283 2212 2352 quodam,

665 2389 835 2433 totum
870 2379 1078 2448 imperii
1103 2393 1298 2445 corpus
1330 2375 1652 2447 refulgebat,
1705 2377 1865 2430 unius
1893 2375 2219 2429 dominatio-

662 2487 729 2525 ne
758 2480 981 2524 cunclos
1024 2470 1266 2525 homines
1308 2470 1718 2537 cotnplectente.
1752 2469 1816 2522 Et
1855 2468 1946 2537 qui
1979 2467 2127 2535 prius
2161 2466 2212 2519 in

664 2561 900 2616 tenebris
946 2570 1001 2614 et
1043 2563 1096 2614 in
1147 2561 1336 2613 umbra
1384 2560 1571 2614 mortis
1617 2560 1913 2621 sedebant,
1970 2559 2036 2612 iis
2089 2567 2214 2611 tunc

661 2651 1080 2718 Splendidissimi
1116 2651 1333 2720 pietatis
1364 2651 1495 2703 radii
1528 2650 1677 2705 laetos
1704 2650 1820 2704 dies
1863 2653 2212 2718 prtestabant.

659 2743 769 2800 Nec.
795 2744 1193 2809 prmteritorum
1240 2743 1505 2796 malorum
1551 2742 1656 2796 ulla
1676 2742 1784 2807 jam
1816 2751 2098 2813 supererat
2129 2756 2217 2795 re-

660 2835 946 2900 cordatio,
994 2849 1115 2888 cum
1165 2849 1351 2888 omnes
1402 2833 1599 2901 ubique
1648 2834 1904 2887 victorem
1962 2832 2217 2887 laudibus

661 2928 997 2982 celebrarent
1023 2964 1038 2990 ,
1074 2925 1296 2995 ejusque
1341 2934 1672 2980 servatorem
1715 2925 1883 2978 Deum
1932 2923 2104 2978 solum
2157 2939 2216 2977 se

659 3033 954 3090 agnoscere
997 3018 1399 3088 proﬁterentur.
1431 3014 1625 3070 Noster
1667 3029 1794 3069 vero
1839 3016 1984 3068 omni
2018 3028 2214 3083 genere

2318 1917 2554 1989 καθαραὶ
2584 1917 2767 1971 λοιπὸν
2815 1914 2954 1989 ἦσαν
3001 1919 3148 1988 ἡλίου
3185 1919 3354 1988 αὐγαὶ
3400 1921 3755 1990 τυραννικῆς
3777 1920 3911 1973 δυνα-

2319 2009 2518 2072 στείας,
2551 2009 2849 2078 συνήπτετό
2871 2027 2932 2062 τε
2983 2011 3132 2062 πᾶσα
3163 2011 3260 2081 ὅση
3312 2028 3409 2074 τις
3457 2010 3577 2062 ὑπὸ
3622 2011 3906 2081 Ῥωμαίους

2317 2099 2575 2170 ἐτύγχανε
2602 2104 2784 2170 μοῖρα,
2807 2101 2913 2154 τῶν
2939 2103 3077 2155 κατὰ
3100 2102 3197 2174 τὴν
3222 2102 3367 2173 ἑῴαν
3392 2103 3581 2156 ἐθνῶν
3619 2104 3900 2172 ἑνουμένων

2316 2192 2524 2263 θατέρῳ
2555 2192 2728 2263 μέρει·
2769 2194 2866 2263 μιᾷ
2894 2210 2953 2244 τε
2983 2195 3048 2262 τῇ
3081 2193 3175 2245 τοῦ
3209 2194 3418 2256 παντὸς
3436 2195 3470 2245 ἁ
3481 2196 3591 2263 ρχῇ
3617 2193 3804 2262 ὥσπερ
3819 2194 3905 2246 τινὶ

2315 2285 2543 2355 κεφαλῇ,
2601 2285 2660 2337 τὸ
2709 2287 2815 2337 πᾶν
2874 2287 3265 2353 κατεκοσμεῖτο
3323 2286 3526 2355 σῶμα,
3588 2285 3900 2354 μοναρχικῆς

2317 2375 2562 2440 ἐξουσίας
2585 2374 2672 2428 διὰ
2702 2375 2916 2427 πάντων
2945 2378 3203 2446 ἡκουσης·
3231 2375 3497 2446 λαμπραί
3537 2392 3602 2426 τε
3637 2374 3810 2441 φωτὸς
3831 2375 3903 2424 εὑ-

2317 2465 2529 2527 σεϐείας
2553 2467 2926 2537 μαρμαρυγαὶ,
2964 2470 3074 2530 τοῖς
3103 2468 3230 2539 πρὶν
3281 2467 3639 2538 καθημένοις
3663 2469 3721 2519 ἐν
3747 2467 3897 2535 σκότῳ

2315 2559 2406 2612 καὶ
2431 2559 2556 2627 σκιᾷ
2583 2557 2831 2622 θανάτου,
2868 2558 3095 2630 φαιδρᾶς
3117 2563 3375 2631 παρεῖχον
3411 2558 3665 2629 ἡμέρας,
3693 2557 3810 2609 οὐδ’
3840 2552 3896 2626 ἦν

2313 2668 2397 2714 τις
2431 2651 2509 2703 ἔτι
2550 2651 2825 2721 προτέρων
2855 2652 3038 2721 μνήμη
3087 2651 3291 2712 κακῶν,
3327 2648 3662 2718 ἁπανταχοῦ
3703 2648 3892 2700 πάντων

2313 2743 2406 2796 τὸν
2421 2742 2642 2812 νικητὴν
2662 2743 2758 2795 ἁνυ
2768 2742 3058 2813 μνούντων,
3087 2743 3245 2813 μόνον
3267 2761 3323 2796 τε
3347 2744 3446 2796 τὸν
3465 2741 3665 2794 τούτου
3687 2738 3896 2808 Σωτῆρα

2315 2833 2444 2886 Θεὸν
2479 2833 2880 2903 ὁμολογούντων
2903 2830 3205 2906 γνωρίζειν.
3243 2836 3300 2887 '0
3328 2835 3372 2887 δ’
3405 2820 3586 2906 ἀρετῇ
3622 2832 3767 2902 πάσῃ
3791 2829 3890 2882 θεο-

2317 2923 2529 2987 σεϐείας
2553 2924 2842 2996 ὲκπρέπων
2875 2925 3100 2996 νικητὴς
3137 2925 3387 2994 βασιλεὺς
3419 2924 3659 2995 (ταύτην
3683 2921 3786 2991 γὰρ
3806 2919 3890 2972 αὖ·

2313 3013 2404 3078 τὸς
2424 3017 2521 3086 τὴν
2549 3017 2724 3071 ὲπῲνυ
2734 3033 2831 3086 μον
2841 3015 2987 3084 αὐτῷ
3007 3015 3317 3086 κυριώτατα
3336 3018 3439 3088 τὴν
3474 3010 3886 3085 ἐπηγορίανβὶ)

659 3240 904 3311 sequenti
954 3254 1117 3311 anno,
1163 3238 1388 3311 Paulino
1412 3246 1467 3292 et
1502 3235 1904 3311 Juliano_coss.,
1928 3250 2208 3311 perperam
2241 3219 2282 3278 ο
2318 3238 2570 3311 universo
2599 3238 2714 3293 orbi
2748 3238 2961 3311 illuxit,
3006 3248 3059 3294 et
3085 3242 3174 3310 qui
3223 3253 3407 3310 postea
3457 3241 3608 3311 apud
3649 3239 3880 3294 Nicome-

658 3307 1027 3365 ascribuntur.
1058 3309 1189 3363 Cmn
1233 3309 1400 3362 Idalio
1425 3308 1693 3362 consentit
1723 3307 1970 3360 Aurelius
2006 3307 2211 3369 Victor,

657 3383 750 3448 qui
774 3382 840 3434 de
870 3380 1020 3432 bellis
1046 3380 1182 3432 inter
1207 3378 1580 3432 Constantium
1601 3388 1656 3430 et
1687 3375 1954 3431 Licinium
1985 3376 2056 3428 ita
2082 3378 2212 3431 scri-

659 3447 771 3504 bit:
799 3468 815 3500 ι
841 3450 958 3515 Quo
997 3464 1127 3502 sane
1160 3449 1326 3500 variis
1353 3447 1550 3516 prteliis
1574 3447 1742 3515 pulso,
1783 3461 1900 3500 cum
1926 3461 2042 3516 eum
2071 3460 2216 3514 pror-

659 3537 752 3575 sus
779 3514 1085 3589 opprimere
1127 3514 1652 3570 arduumvideretur
1677 3555 1692 3578 ,
1733 3516 1888 3589 simul
1936 3514 2212 3589 afﬁnitatis

659 3585 866 3657 gratia,
892 3589 1096 3656 recepti
1131 3588 1425 3657 consortio,
1469 3589 1731 3657 ascitiqne
1781 3585 2009 3657 imperio
2040 3586 2216 3657 (Stesa-

662 3654 776 3712 i‘um
800 3654 1106 3711 communes
1124 3657 1305 3722 liberi,
1322 3656 1560 3724 Crispus.
1579 3655 2069 3723 Constantinusth
2104 3654 2216 3724 Fla-

660 3731 749 3781 vio
767 3727 930 3796 geniti
962 3725 1301 3780 :Liciuianus
1329 3723 1553 3780 Licinio.
1573 3727 1722 3792 Quod
1746 3725 1957 3796 quidem
1983 3726 2068 3777 vix
2091 3723 2214 3796 diu-

662 3792 1090 3864 tttrtiutn,_neqtte
1117 3798 1201 3848 his
1218 3797 1307 3864 qui
1331 3797 1742 3864 assumebantur
1763 3792 2048 3864 t’elix_fure,
2075 3793 2215 3864 defe-

659 3877 748 3919 ctu
771 3860 1108 3920 solisfmtl'ato
1130 3860 1320 3919 iisdem
1339 3864 1619 3919 mensibus
1633 3861 1744 3925 die,
1759 3860 2102 3928 patefactum.
2118 3861 2217 3917 Ita-

661 3951 766 4003 que
781 3933 1038 3988 sexeuuio
1054 3943 1192 3999 post,
1218 3940 1370 3999 rttpta
1393 3947 1543 4000 pace,
1562 3932 1699 4000 apud
1715 3932 1954 4003 Thracas
1975 3931 2215 4003 Licinius

661 4001 882 4071 pulsus,
940 4003 1278 4071 Chalcedona
1333 4003 1615 4071 concessit.
1691 4018 1708 4050 ι
1757 4001 1932 4055 Creati
2002 4001 2217 4071 fuerant

661 4069 902 4126 Caesares
941 4072 1191 4140 Crispus,
1226 4070 1463 4124 Licinius
1499 4080 1553 4123 et
1587 4070 2008 4140 constantinus.
2050 4069 2216 4124 Galli-

663 4157 800 4195 cano
844 4152 896 4196 et
928 4141 1097 4194 Basso
1141 4141 1580 4203 coss.,Kalendis
1631 4139 1868 4202 Martiis,
1917 4149 1975 4191 ut
2026 4142 2217 4193 scribit

660 4211 862 4266 ldalius
895 4211 946 4263 iu
989 4209 1166 4262 Fastis
1221 4221 1275 4264 et
1324 4221 1516 4264 auctor
1564 4209 1807 4263 Chronici
1844 4209 2213 4274 Alexandrini,

664 4284 716 4335 id
777 4289 858 4333 est
904 4295 1045 4333 anno
1098 4279 1295 4332 Christi
1339 4281 1464 4333 517.
1527 4277 1797 4344 Sequente
1848 4289 2028 4332 autem
2078 4295 2217 4333 anno

665 4350 896 4404 tcnebra:
929 4351 1144 4402 fuerunt
1176 4351 1314 4402 inter
1345 4349 1485 4401 diem
1507 4389 1522 4413 ,
1556 4350 1688 4402 liora
1719 4364 1768 4400 Ix
1793 4387 1806 4409 ,
1840 4358 1897 4402 ιιι
1932 4348 2130 4416 legitur
2164 4350 2214 4402 iu

663 4419 844 4473 Fastis
890 4418 1067 4472 ldatii.
1103 4417 1280 4483 Quare
1327 4419 1527 4472 fallitur
1575 4418 1824 4471 Aurelius
1873 4418 2082 4478 Victor,
2123 4421 2214 4487 qui

661 4489 933 4543 Cmsarum
967 4490 1356 4557 prontotionem
1390 4490 1438 4541 in
1467 4489 1716 4557 eumdem
1740 4503 1937 4557 annum
1984 4487 2212 4550 coofert,

2319 3310 2462 3361 diam
2511 3317 2752 3362 nostram
2807 3310 3121 3364 missionem
3181 3310 3536 3370 meruerunt.
3600 3318 3742 3365 certa
3799 3321 3881 3374 per

2317 3379 2550 3453 edictum
2581 3378 2938 3453 indulsimus,
2976 3399 2994 3430 ι
3035 3389 3138 3434 etc.
3177 3381 3388 3436 Etenim
3423 3381 3675 3453 praelium
3700 3377 3878 3453 Adria-

2319 3448 2688 3521 nopolitanum
2716 3451 3076 3521 commissum
3108 3459 3202 3521 est
3237 3453 3323 3506 die
3358 3443 3559 3521 qu'into
3597 3449 3770 3521 Nonas
3792 3443 3876 3521 «Ιξιτ

2318 3514 2438 3577 lias,
2471 3527 2528 3570 ut
2565 3517 2753 3571 scribit
2775 3517 2976 3572 ldatius
3012 3521 3064 3572 in
3098 3518 3303 3582 Fastis.
3331 3514 3389 3576 et
3410 3533 3613 3576 auctor
3643 3514 3874 3572 Clironici

2317 3586 2681 3660 Alexandrini.
2718 3586 2916 3660 Verum
2945 3590 3200 3644 mendosa
3243 3601 3328 3645 est
3361 3589 3697 3660 subscriptio
3729 3584 3869 3660 hujus

2320 3654 2471 3724 legis.
2529 3656 2808 3725 Proposita
2866 3660 3010 3712 enim
3067 3673 3188 3712 esse
3241 3660 3443 3715 dicitur
3501 3654 3786 3725 Licinio}!
3821 3659 3870 3706 et

2316 3723 2508 3796 Crispo
2539 3723 2682 3782 coss.
2703 3769 2717 3792 ,
2770 3728 2818 3780 id
2843 3737 2944 3792 est,
2978 3743 3120 3781 anno
3149 3728 3348 3784 Christi
3377 3730 3506 3784 518.
3540 3729 3692 3794 Quod
3719 3723 3867 3796 Baro-

2318 3797 2408 3868 pio
2434 3791 2615 3868 ansam
2646 3791 2850 3868 erroris
2874 3791 3135 3868 praebuit._
3163 3799 3266 3852 Sed
3299 3801 3426 3868 quis
3444 3791 3718 3868 non—videt
3743 3791 3864 3868 scri-

2317 3863 2552 3918 bendum
2581 3879 2700 3920 esse
2730 3862 2989 3922 :Paulino
3021 3875 3074 3918 et
3109 3862 3331 3923 Juliano
3386 3885 3540 3925 coss.
3568 3869 3592 3922 ?
3629 3865 3717 3920 His
3737 3862 3860 3915 enim

2316 3949 2460 4008 coss.
2489 3933 3035 4008 ‘Nicomediamvenit
3063 3936 3488 4008 Cotistantinus,
3523 3945 3642 4008 post
3682 3934 3860 4008 victum

2317 4019 2382 4058 ac
2417 4004 2743 4058 debellatum
2776 4003 3061 4060 Licinium.
3109 4006 3317 4061 Licinio
3364 4003 3498 4064 vero
3525 4003 3575 4059 ’ν
3611 4014 3662 4059 et
3691 4003 3856 4068 Crispo

2318 4089 2462 4148 coss.
2507 4073 3092 4148 Nicornediaparebat
3136 4076 3365 4142 Licinio,
3391 4078 3620 4148 ejusque
3666 4068 3856 4140 imperii

2318 4144 2473 4214 sedes
2517 4155 2655 4197 erat.
2699 4141 2816 4214 His;
2839 4143 3003 4214 igitur
3039 4159 3178 4200 coss.
3217 4141 3609 4202 Constantinus
3645 4158 3742 4196 non
3771 4153 3856 4214 po-

2323 4208 3194 4285 tuitveteranis_suis'missionem
3233 4231 3296 4270 ac
3333 4219 3615 4285 privilegia
3646 4208 3852 4285 inorbo

2320 4281 2624 4356 Nicomedia
2655 4282 3098 4356 indttlgere,_ctttn
3140 4300 3202 4337 ea
3236 4277 3426 4356 civitas
3478 4277 3645 4356 ipsius
3678 4277 3848 4356 ditioni

2320 4351 2910 4421 minime_subjaceret.
2953 4353 3086 4405 Cum
3138 4368 3268 4421 ergo
3298 4351 3680 4410 Constantinus
3712 4352 3756 4401 itt
3791 4360 3848 4400 eat

2321 4421 2437 4494 lege
2494 4438 2513 4470 ς
2558 4419 2919 4494 Nicomediam
2968 4419 3266 4476 nostram)
3322 4427 3593 4494 appellet,
3649 4430 3847 4494 necesse

2320 4483 2404 4542 es't
2426 4489 2596 4558 legem
2639 4490 2783 4544 illam
2811 4493 2987 4544 datam
3019 4507 3139 4547 esse
3167 4483 3413 4551 dicamus
3445 4483 3667 4548 Paulino
3693 4499 3738 4540 et
3759 4483 3842 4539 Ju-

661 4575 767 4628 quo
787 4556 1028 4612 defeetus
1048 4559 1138 4612 ille
1157 4559 1284 4612 solis
1306 4559 1545 4628 contigit.
1573 4556 1703 4614 Nam
1734 4556 1975 4610 defectus
1999 4558 2211 4622 quidem
2245 4557 2291 4613 D
2318 4561 2458 4628 liano
2483 4556 2623 4612 coss.

661 4627 792 4684 Solis
819 4630 1043 4698 contigit
1078 4644 1220 4681 anno
1258 4627 1471 4682 Christi
1504 4628 1606 4683 518
1629 4665 1645 4690 ,
1678 4628 1900 4698 Crispus
1927 4641 2052 4680 vero
2113 4643 2213 4680 una

661 4715 782 4754 cum
828 4693 1034 4751 Licinio
1080 4710 1134 4752 et
1161 4699 1513 4753 Constantino
1561 4699 1762 4751 Ctesar.
1794 4693 1999 4750 levatus
2041 4698 2214 4750 fuerat

663 4784 804 4822 anno
839 4769 940 4822 517
963 4768 1164 4822 baiulis
1205 4768 1487 4823 Dominici.
1520 4768 1685 4822 Recte
1715 4776 1892 4820 tamen
1932 4767 2214 4819 intervalla

663 4849 967 4907 temporum
1018 4848 1268 4891 numerat
1314 4837 1564 4891 Aurelius
1613 4837 1814 4891 Victor.
1856 4834 1986 4887 Nam
2037 4851 2067 4890 a
2123 4837 2219 4907 def

660 4905 804 4962 lectu
834 4909 964 4962 solis
1018 4911 1107 4976 qui
1145 4908 1370 4976 contigit
1401 4922 1540 4961 anno
1571 4907 1768 4961 Christi
1795 4907 1917 4968 518,
1951 4920 2117 4973 usque
2147 4905 2214 4958 ad

661 4979 906 5045 prtelium
946 4979 1500 5047 Adrianopolitannm.
1521 4994 1615 5032 sex
1642 4977 1863 5047 omnino
1901 4987 2037 5047 sunt
2063 4977 2210 5027 anui.

661 5048 754 5102 llis
780 5048 989 5101 accedit
1017 5045 1310 5107 Cedrenus,
1340 5047 1428 5114 qui
1455 5061 1596 5099 anno
1619 5061 1708 5099 xix
1726 5045 1933 5115 imperii
1953 5045 2216 5098 Constan-

664 5119 794 5178 tini,
856 5119 934 5171 ait
988 5116 1399 5170 Constantinum
1452 5117 1845 5185 expeditionem
1915 5115 2214 5182 suscepisse

659 5190 916 5241 adversus
963 5185 1253 5241 Licinium.
1311 5188 1496 5238 Aunus
1557 5187 1700 5240 enim
1750 5200 1925 5239 nonus
1971 5186 2212 5237 decimus

657 5257 1000 5312 Constantini
1027 5259 1171 5311 cadit
1218 5258 1269 5310 in
1307 5255 1645 5310 consulatum
1696 5257 1914 5308 tertium
1945 5255 2116 5321 Crispi
2157 5263 2210 5306 et

657 5328 1029 5390 Constantini,
1079 5329 1168 5394 qui
1199 5335 1316 5380 erat
1365 5339 1538 5379 annus
1572 5324 1771 5378 Christi
1804 5325 1928 5378 524.
1981 5325 2061 5376 Ab
2108 5324 2208 5376 hoc

658 5399 861 5452 calculo
883 5413 1068 5466 parum
1093 5401 1242 5450 abest
1259 5396 1528 5466 Sigonius,
1558 5397 1645 5460 qui
1685 5394 2208 5466 pugnattrgAdriano-

657 5463 948 5534 politanam
1006 5473 1245 5535 assignat
1293 5463 1672 5535 annoChristi
1727 5465 1852 5525 525,
1913 5463 2115 5535 severo
2151 5470 2208 5515 et

661 5537 853 5590 ttuliuo
873 5553 1012 5591 coss.
1038 5534 1285 5602 Ejusdem
1317 5534 1482 5599 praelii
1513 5534 1975 5602 Adriattcpolitani
2007 5535 2206 5585 mentio

658 5608 720 5659 lit
757 5608 809 5659 in
835 5608 948 5676 lege
1008 5623 1024 5660 ι
1060 5608 1231 5659 υυώιτ.
1270 5603 1498 5676 'l‘heod_.,
1531 5606 1596 5676 de
1632 5605 1918 5676 veteranis,
1956 5603 2210 5676 ubi_C0u-

658 5669 925 5730 stantinth
941 5681 1017 5731 sic
1033 5680 1142 5730 ait:
1167 5693 1185 5725 ι
1219 5674 1489 5728 Veteranis
1505 5674 1593 5741 qui
1616 5689 1680 5726 ex
1703 5674 1788 5726 die
1812 5675 2000 5741 quinta
2027 5669 2208 5725 Nona-

660 5761 776 5799 rum
808 5746 1092 5813 Juliarutn,
1125 5762 1243 5802 cum
1275 5744 1448 5816 prima
1501 5758 1598 5812 per
1646 5743 1934 5798 Thraca-am
1977 5743 2205 5796 victoria

2385 4627 2581 4703 (5|){OZ
2607 4644 2668 4682 τε
2693 4627 2910 4698 μικρὸν
2939 4630 3218 4699 ὕστερον.
3261 4632 3453 4686 Scribo
3481 4629 3654 4703 μικρῷ
3678 4623 3841 4703 πρότε-

2315 4715 2427 4769 ρον,
2469 4700 2566 4751 nisi
2599 4705 2758 4753 verba
2792 4705 3114 4769 transposita
3145 4716 3266 4756 esse
3290 4699 3551 4769 dicamus,
3581 4699 3716 4768 quod
3736 4707 3835 4769 _tton

2313 4763 2438 4820 raro
2483 4770 2724 4840 occurrit
2758 4772 2824 4840 in
2859 4763 2955 4824 his
2973 4771 3144 4826 libris.
3185 4763 3359 4840 Atque
3390 4773 3465 4826 ita
3493 4763 3841 4840 Christopbor-

2313 4851 2482 4910 sonus
2519 4839 2726 4910 videtur
2747 4839 2897 4910 hunc
2925 4841 3097 4910 locum
3131 4832 3680 4910 emendassetptxpov
3702 4832 3835 4910 θῆτε·

2315 4922 2424 4988 ρον,
2456 4905 2600 4978 ἔργῳ
2630 4908 2719 4961 τὸν
2745 4907 3304 4988 Κωνσταντίνουλθεὺν
3332 4902 3544 4988 οἷοί-ἧν
3588 4902 3833 4988 παρελᾲμ-

2313 4975 2496 5042 ϐανον,
2530 4975 2674 5030 recte
2700 4981 2936 5033 otnnino.
2967 4978 3132 5033 Porro
3156 4983 3210 5033 iu
3245 4981 3431 5034 codice
3451 4975 3585 5036 Fiik.
3610 4975 3739 5042 etin
3759 4985 3833 5020 νε·

2313 5047 2518 5100 teribus
2578 5048 2828 5112 schedis,
2881 5053 2948 5102 ab
3004 5048 3109 5102 illis
3157 5051 3338 5102 verbis
3387 5050 3463 5114 ὡς
3505 5050 3548 5103 δ’
3596 5041 3830 5113 ὲπιμόνως

2312 5130 2484 5188 usque
2513 5116 2580 5170 ad
2621 5119 2840 5172 verbum
2869 5118 3245 5188 ἀνωμολὸγουν
3268 5156 3282 5180 ,
3312 5122 3531 5174 unicum
3565 5128 3644 5174 est
3673 5117 3828 5180 eapul.

2308 5201 2413 5238 non
2445 5187 2569 5250 duo,
2601 5197 2659 5239 ut
2687 5188 2737 5239 in
2769 5187 3004 5241 editione
3035 5187 3364 5241 Genevensi.

2380 5255 2489 5336 {52)
2505 5246 2662 5336 γωδ,
2690 5258 3003 5336 κγριᾷλτητα
3022 5257 3138 5336 τὴις
3149 5258 3491 5336 ἐςτητορίαις.
3516 5259 3570 5313 In
3593 5259 3714 5336 libr_o_
3735 5246 3826 5336 319"

2308 5317 2400 5379 mai
2421 5317 2479 5378 et
2504 5326 2554 5377 in
2586 5317 2802 5380 schedis
2833 5317 2962 5394 Reg.
2994 5317 3286 5396 corrigitur
3316 5317 3641 5396 κυριώτατα.
3678 5317 3824 5396 Nolim

2314 5407 2491 5468 tamen
2519 5397 2756 5468 scribere
2791 5391 3491 5468 κυριωτάτην’ἐπηγορίαν.
3515 5399 3672 5454 Porro
3712 5391 3822 5443 ϐου·

2312 5467 2580 5518 slantinus
2611 5464 2844 5520 Victoris
2868 5464 3172 5533 pronomen
3202 5464 3516 5532 usurpavit,
3550 5479 3606 5520 ut
3635 5477 3692 5517 ex
3716 5468 3821 5531 con‘

2311 5534 2683 5607 stitutionibus
2740 5546 2795 5589 ct
2839 5537 3082 5607 epistolis
3131 5536 3266 5607 eius,
3297 5547 3540 5607 apparet.
3599 5536 3738 5607 Certe
3775 5535 3822 5607 ,Ψ

2313 5602 2482 5674 Cesti;
2513 5607 2838 5671 purgationis
2871 5592 3176 5672 'Ca'citiani;
3223 5592 3427 5673 aliqitbt
3464 5609 3581 5674 ejus
3626 5592 3818 5674 epistolas

2311 5673 2449 5743 hanc
2502 5674 2700 5743 habent
2749 5675 3153 5743 inscriptionem
3199 5693 3210 5727 :
3253 5672 3433 5729 Viator
3493 5672 3820 5743 Consumtth

2311 5740 2575 5797 Maximus
2598 5742 2881 5810 Augustus.
2917 5740 3021 5800 'Ait
3052 5745 3214 5810 igitur
3253 5745 3516 5802 Eusebius
3560 5745 3656 5799 hoc
3696 5742 3819 5795 0085'
