4132 6406
177 437 287 494 997

1282 424 1373 479 DE
1410 423 1572 478 VITA
1608 417 2074 476 CONSTANTINI
2116 415 2246 471 LIB.
2287 413 2353 468 11.

3346 404 3462 453 998

177 556 405 627 εὕρατο,
452 554 550 624 τῆς
599 555 661 606 ἐκ
709 550 844 604 Θεοῦ
887 547 1174 619 δεδομένης
1212 543 1360 616 αὑτῷ
1385 543 1527 598 κατὰ
1559 542 1776 596 πάντων

1895 539 2095 595 iietatis
2141 533 2414 591 excellens
2463 525 2858 583 Constantinus
2901 522 3079 577 victor
3126 521 3269 591 (hoc
3315 519 3459 570 enim

180 645 401 720 ἐχθρῶν
429 664 488 699 τε
542 646 637 698 καὶ
667 641 941 714 πολεμίων
963 640 1120 710 νίκης
1149 639 1333 708 ἕνεκα)
1364 636 1460 708 τὴν
1495 634 1636 705 ἑῴαν
1670 635 1774 686 ἀπ-

179 738 480 810 ελάμϐανε·
512 737 605 790 καὶ
640 736 766 807 μίαν
794 731 1142 804 συνημμένην
1174 727 1315 783 κατὰ
1341 727 1402 780 τὸ
1424 725 1651 780 παλαιὸν
1676 725 1775 796 τὴν

179 830 298 883 τῶν
337 829 621 899 Ῥωμαίων
653 827 828 898 ἀρχὴν
858 826 947 896 ὑφ’
975 823 1167 879 ἑαυτὸν
1198 824 1449 884 ἐποιεῖτο,
1478 817 1774 892 μοναρχίας

188 923 294 993 μὲν
329 922 574 993 ἐξάρχων
605 920 740 973 Θεου
774 922 1129 991 κηρύγματος
1171 919 1282 980 τοῖς
1321 917 1475 979 πᾶσι,
1510 911 1777 984 μοναρχίᾳ.

184 1015 248 1067 δὲ
281 1014 378 1068 καὶ
423 1013 583 1077 αὐτὸς
619 1012 711 1066 τοῦ
750 1011 1034 1081 Ῥωμαίων
1069 1009 1324 1081 κράτους,
1360 1006 1449 1058 τὸν
1486 1003 1777 1074 σύμπαντα

188 1104 573 1179 πηδαλιουχῶν
625 1103 756 1174 βίον·
801 1101 1053 1179 ἀφῄρητό
1094 1116 1152 1152 τε
1189 1099 1298 1152 πᾶν
1338 1097 1456 1160 δέος
1503 1094 1611 1149 τῶν
1649 1091 1778 1164 πρὶν

189 1197 493 1264 πιεζόντων
510 1199 636 1261 τοὺς
651 1176 858 1258 πάντας
875 1193 1080 1248 κακῶνο
1103 1189 1344 1263 μειδιῶσί
1364 1206 1422 1241 τε
1445 1184 1777 1259 προσώποις,

188 1291 407 1364 δμμασί
448 1308 508 1345 τε
551 1289 813 1361 φαιδροῖς,
843 1288 893 1341 oi
931 1286 1061 1358 πρὶν
1111 1284 1376 1353 κατηφεῖς
1404 1278 1665 1350 ἀλλήλους
1699 1277 1784 1328 ὲνο

193 1385 427 1441 εϐλεπον
447 1400 462 1414 ·
493 1384 644 1456 χοροὶ
687 1383 732 1436 δ’
777 1383 959 1445 αὐτοῖς
982 1379 1077 1433 καὶ
1118 1377 1280 1448 ὕμνοι
1307 1375 1397 1428 τὸν
1433 1369 1783 1444 παμϐασιλέα

192 1476 330 1530 Θεὸν
352 1475 628 1549 πρώτιστα
653 1475 869 1528 πάντων
890 1472 1019 1526 ὄντα
1047 1471 1110 1542 δὴ
1128 1467 1315 1524 τοῦτον
1338 1467 1613 1520 ἐδίδασκον
1648 1463 1780 1533 (55),

194 1567 434 1623 κᾶπειτα
478 1568 569 1621 τὸν
603 1567 929 1629 καλλίνικον,
965 1563 1159 1627 παῖδάς
1191 1562 1238 1614 τ’
1273 1558 1436 1614 αὖτοῦ
1474 1554 1783 1627 κοσμιωτά-

194 1675 327 1722 τους
353 1660 446 1712 καὶ
472 1658 732 1728 θεοφιλεῖς
757 1656 1058 1727 Καίσαρας,
1082 1653 1283 1723 φωναῖς
1299 1648 1546 1719 άσχέτοις
1572 1645 1786 1714 ἐγέραι-

203 1769 318 1825 patr
353 1751 538 1805 κακῶν
588 1749 830 1803 παλαιῶν
871 1749 963 1803 καὶ
1007 1744 1327 1807 δυσσεϐείας
1359 1741 1576 1810 ἁπάσης
1621 1735 1783 1807 λήθη,

202 1849 488 1922 παρόντων
521 1847 566 1900 δ’
599 1845 817 1916 ἀγαθῶν
838 1845 1156 1908 ἀπόλαυσις,
1181 1841 1276 1896 καὶ
1311 1838 1534 1911 προσέτι
1560 1833 1784 1908 μελλόν-

203 1957 313 1995 των
342 1940 650 2013 προσδοκία.

1876 609 2449 688 convenientissimum
2503 623 2604 677 sibi
2671 632 2972 690 cognomen
3006 611 3347 684 comparavit
3391 609 3461 663 ob

1877 724 2138 779 victorias
2169 722 2236 776 de
2269 719 2518 775 hostibus
2552 723 2607 768 et
2643 711 2881 766 inimicis
2922 709 3022 778 ipsi
3064 723 3093 762 a
3125 707 3234 760 Deo
3260 703 3462 772 ubique

1879 811 2188 879 concessas)
2219 809 2499 866 Orientem
2535 803 2784 873 recepit,
2837 808 2890 854 et
2940 797 3227 868 imperium
3259 792 3462 848 Roma-

1880 921 2006 961 num
2035 904 2266 959 solidum
2303 901 2444 956 sicut
2475 898 2604 952 olim
2633 895 2832 959 fuerat,
2862 900 2917 946 et
2945 889 3334 948 coadunatum,
3359 883 3462 939 sub

1881 1012 2033 1053 suam
2089 995 2248 1049 unius
2310 1001 2637 1061 potestatem
2691 984 2924 1054 redegit.
2969 980 3050 1034 Ac
3097 979 3192 1033 Dei
3237 977 3460 1047 quidem

1882 1090 2040 1143 unius
2070 1084 2499 1141 dominationem
2535 1079 2752 1149 primus
2802 1073 3058 1128 omnibus
3100 1068 3412 1138 praedicavit
3444 1084 3459 1119 :

1882 1181 2001 1250 ipse
2028 1193 2158 1232 vero
2190 1172 2470 1245 singulare
2515 1183 2733 1240 quoque
2779 1163 3076 1234 imperium
3121 1159 3271 1214 orbis
3301 1155 3464 1228 553

1883 1270 2112 1326 Romani
2151 1277 2361 1330 tenens,
2396 1263 2710 1318 universum
2742 1271 2916 1328 genus
2945 1257 3241 1309 immanqu
3266 1251 3469 1319 guber-

1885 1365 2055 1422 navit.
2106 1360 2297 1419 Omnis
2343 1357 2454 1428 jam
2506 1363 2684 1409 metus
2730 1350 2998 1405 malorum
3048 1345 3248 1416 quibus
3279 1339 3474 1398 cuncti-

1886 1457 2135 1512 homines
2185 1450 2433 1523 oppressi
2481 1447 2739 1508 fuerant,
2793 1442 3009 1512 penitus
3055 1437 3354 1493 exciderat.
3402 1432 3470 1487 Et

1886 1549 1981 1618 qui
2016 1546 2167 1614 prius
2201 1543 2380 1599 intesti
2425 1541 2674 1602 fuissent,
2714 1546 2847 1590 tunc
2894 1532 3058 1588 hilari
3093 1529 3244 1582 vultu
3296 1527 3467 1582 lrctis-

1887 1655 1992 1711 que
2020 1637 2193 1692 oculis
2224 1651 2346 1690 sese
2378 1642 2565 1686 mutuo
2594 1629 2969 1684 intuebantur.
3005 1624 3204 1677 Choris
3240 1629 3470 1688 prmter-

1888 1748 1950 1788 ea
1993 1740 2046 1786 et
2094 1729 2331 1801 hymnis,
2365 1727 2600 1795 primum
2657 1721 2871 1791 quidem
2913 1719 3079 1771 Deum
3111 1713 3351 1786 omnium
3383 1726 3478 1764 re-

1891 1840 2010 1896 gem
2037 1866 2052 1890 ,
2090 1831 2249 1893 prout
2277 1817 2511 1872 instituti
2544 1815 2758 1870 fuerant
2785 1831 2800 1880 ;
2842 1811 3039 1866 deinde
3066 1806 3328 1860 victorem
3360 1803 3476 1856 Au-

1819 1912 1860 1965 B
1892 1893 2135 1988 qustum,
2168 1921 2224 1967 et
2252 1909 2679 1965 modestissimus
2712 1905 2931 1972 Deoque
2963 1901 3320 1956 charissimos
3356 1893 3474 1963 ejus

204 1991 406 2090 liberos
452 2034 732 2094 Cmsares,
802 2031 921 2086 sine
969 2030 1071 2084 ulla
1119 2025 1526 2082 intermissione
1584 2017 1936 2074 celebrabant
2008 2009 2165 2066 Nulla
2222 2008 2334 2078 jam
2393 2004 2796 2075 praeteritarum
2843 1997 3264 2058 calamitatum,
3327 1991 3474 2046 uulla

207 2124 506 2196 impietatis
553 2092 814 2177 memoria
865 2117 1186 2189 suppetebat
1227 2113 1370 2170 :sed
1420 2109 1764 2182 praesentium
1811 2104 2080 2158 bonorum
2118 2099 2328 2153 fructus
2368 2110 2489 2150 cum
2537 2103 2842 2147 .uturorum
2905 2103 3001 2155 spe
3056 2092 3220 2156 atque
3280 2098 3480 2153 exspe-

205 2224 448 2271 ctatione
482 2211 904 2284 percipiebatur.

722 2315 1131 2370 ,ΚΕΦΑΛΔῙΟΝ
1176 2317 1259 2370 Κ’.

212 2436 404 2502 Ὅπως
449 2431 597 2502 ὑπὲρ
651 2432 1032 2513 ὁμολογητεῶκ·
1081 2428 1414 2501 ἐνομοθέτει
1473 2429 1790 2480 [fw-ratar-

908 2519 1091 2569 τινος.

295 2614 596 2669 Ἥπλοῦντο
616 2612 673 2666 δὲ
700 2613 794 2666 καὶ
817 2613 941 2680 παρ’
973 2613 1124 2683 ἡμῖν,
1154 2610 1341 2681 ὥσπερ
1367 2604 1460 2663 οὖν
1489 2609 1581 2663 καὶ
1609 2610 1794 2680 πρότε-

215 2725 306 2779 ρον
332 2708 484 2778 παρὰ
501 2709 614 2770 τοῖς
629 2705 853 2776 Θάτερον
885 2705 1048 2776 μέρος
1072 2703 1170 2774 τῆς
1193 2702 1516 2773 οἰκουμένης
1545 2701 1790 2772 λαχοῦσι,

215 2798 480 2869 βασιλέως
501 2797 907 2870 φιλανθρωπίας
939 2795 1163 2867 ἔμπλεοι
1209 2793 1498 2859 διατάξεις
1524 2792 1676 2863 νόμοι
1733 2809 1794 2844 τε

211 2892 309 2961 τῆς
342 2890 480 2962 πρὸς
508 2890 599 2943 τὸν
623 2890 753 2943 Θεὸν
773 2889 925 2952 ὁσίας
947 2887 1218 2949 πνέοντες,
1249 2885 1509 2949 παντοίας
1538 2886 1794 2956 παρεῖχον

213 2981 435 3050 ἀγαθῶν
468 2980 815 3050 ἐπαγγελίας,
862 2982 974 3042 τοῖς
1023 2980 1120 3050 μὲν
1164 2980 1283 3031 κατ’
1321 2978 1473 3041 ἔθνος
1511 2975 1794 3048 ὲπαρχεώ-

215 3091 336 3138 ταις
369 3073 480 3144 (54)
510 3072 578 3127 τὰ
593 3074 876 3144 πρόσφορα
899 3073 994 3126 καὶ
1015 3071 1263 3142 λυσιτελῆ
1292 3069 1641 3141 δωρούμενοι,
1676 3071 1798 3131 ταῖς

215 3165 260 3213 δ’
292 3163 640 3235 Ἐκκλησίαις
665 3163 760 3216 τοῦ
792 3163 927 3216 Θεοῦ
949 3162 1016 3215 τὰ
1031 3162 1340 3232 κατάλληλα
1369 3160 1794 3234 διαγορεύοντες.

229 3256 615 3310 Ἀνεκαλοῦντο
641 3255 772 3325 γοῦν
822 3255 1061 3319 ἐκείνους
1098 3255 1379 3328 πρώτιστα
1409 3255 1646 3320 πάντων,
1683 3255 1797 3308 ὅσοι

215 3349 312 3404 τοῦ
351 3350 426 3422 μὴ
471 3348 925 3420 εἰδωλολατρῆσαι
976 3348 1155 3419 χάριν,
1210 3348 1314 3401 ὑπὸ
1357 3347 1461 3401 τῶν
1493 3349 1614 3401 κατ’
1649 3347 1798 3410 ἔθνος

218 3443 536 3515 ἡγουμένων
568 3440 780 3513 ὲξορίας
802 3443 894 3495 καὶ
922 3441 1199 3512 μετοικίας
1216 3441 1531 3511 ὑπέμειναν·
1566 3442 1800 3497 κᾶπειτα

217 3537 345 3598 τοὺς
380 3534 779 3606 βουλευτηρίοις
824 3532 1177 3604 ἐγκριθέντας
1210 3533 1318 3604 (55)
1353 3533 1452 3605 τῆς
1485 3534 1656 3606 αὐτῆς
1684 3535 1800 3589 ἓνε-

218 3645 311 3681 κεν
330 3627 526 3691 αἰτίας,
555 3626 880 3697 ἠλευθέρουν
899 3626 1008 3678 τῶν
1035 3626 1532 3699 λειτουργημάτων,
1569 3627 1660 3680 καὶ
1685 3631 1799 3691 τοῖς

218 3719 592 3794 ἀφῃρημένοις
606 3719 663 3772 δὲ
694 3718 791 3782 τάς
823 3717 1028 3783 οὐσίας,
1053 3717 1448 3790 ἀναλαμϐάνειν
1473 3718 1676 3782 ταύτας
1707 3720 1798 3784 ἐγ-

219 3811 586 3882 κελευόμενοι.
644 3811 711 3865 Οἵ
737 3813 784 3864 τ’
837 3811 894 3864 ὲν
941 3809 1118 3882 καιρῷ
1149 3809 1244 3863 τοῦ
1277 3809 1487 3880 ἀγῶνος
1533 3810 1796 3882 καρτερία

221 3905 401 3975 ψυχῆς
429 3904 512 3957 διὰ
543 3904 674 3958 Θεὸν
721 3903 1183 3975 λαμπρυνόμενοι,
1227 3901 1507 3974 μετάλλοις
1537 3920 1596 3955 τε
1636 3919 1802 3955 κακο-

223 3997 417 4049 παθεῖν
463 3995 876 4066 παραδοθέντες,
910 3995 943 4066 ἣ
979 3997 1177 4066 νήσους
1224 3998 1391 4050 οἰκεῖν
1433 3995 1730 4066 κριθέντες,
1768 3993 1800 4066 ἢ

223 4086 504 4158 δημοσίοις
527 4087 706 4158 ἔργοις
722 4085 991 4141 δουλεύειν
1016 4086 1126 4159 (56)
1143 4087 1670 4160 κατηναγκασμένοι,
1688 4088 1806 4139 του-

224 4196 333 4231 των
362 4179 426 4232 ἁθ
437 4179 571 4250 ρόως
606 4179 858 4235 ἁπάντων
884 4178 1197 4252 ἐλευθερίας
1226 4179 1525 4249 ἀπήλαυον.
1546 4179 1654 4230 Καὶ
1678 4179 1804 4241 τοὺς

226 4272 625 4344 στρατιωτικῆς
668 4272 890 4336 δ’ἀξίας
934 4272 1002 4326 δι’
1035 4273 1284 4326 ἔνστασιν
1317 4271 1623 4334 θεοσεϐείας
1672 4273 1808 4324 ἀπο-

225 4364 457 4436 ϐλήτους
489 4363 830 4435 γενομένους,
874 4365 1186 4420 ἀνεκαλεῖτο
1214 4367 1311 4437 τῆς
1344 4364 1555 4436 ὕϐρεως
1582 4364 1615 4434 ἡ
1653 4362 1807 4434 βασι-

226 4457 355 4529 λικὴ
386 4457 583 4529 δωρεὰ,
621 4457 942 4524 ὲπεξουσίας
978 4460 1090 4532 (57)
1135 4459 1345 4530 αἵρεσιν
1380 4457 1716 4528 παρέχουσα,
1772 4456 1805 4526 ἢ

2493 2292 2719 2350 CAPUT
2752 2288 2872 2345 XX.

1977 2416 2257 2484 Quomouo
2293 2429 2387 2483 pro
2422 2408 2814 2489 confessuribus
2844 2403 3230 2459 Constantinus
3257 2401 3392 2472 leges

2564 2488 2821 2534 sanxerit.

1875 2583 1884 2588 ’
1968 2603 2123 2658 Tunc
2151 2600 2314 2656 etiam
2341 2598 2481 2668 apud
2523 2610 2621 2650 nos
2645 2635 2660 2660 ,
2692 2593 2833 2648 sicut
2868 2599 3026 2646 antea
3055 2589 3199 2659 apud
3228 2587 3352 2643 illos
3383 2585 3482 2658 qui

1897 2695 2124 2751 alteram
2157 2693 2310 2748 orbis
2344 2696 2553 2760 partem
2585 2686 2830 2741 incolunt
2857 2727 2874 2752 ,
2905 2682 3184 2752 proposita
3220 2690 3347 2735 sunt
3372 2680 3482 2735 im-

1895 2785 2169 2858 peratoris
2202 2783 2380 2839 edicta
2413 2780 2571 2851 plena
2625 2775 2986 2834 humanitatis
3020 2791 3035 2828 :
3072 2783 3127 2828 et
3159 2772 3305 2843 leges
3359 2786 3482 2841 quae

1897 2881 2169 2936 sinceram
2199 2891 2265 2930 ac
2292 2874 2604 2942 religiosam
2625 2870 2719 2925 Dei
2749 2867 3152 2925 observantiam
3185 2867 3479 2937 spirareut,

1896 2973 2049 3028 varia
2086 2970 2353 3037 cujusque
2391 2965 2607 3034 generis
2653 2965 2795 3019 bona
2828 2961 2974 3016 haud
3005 2958 3168 3014 dubia
3201 2973 3297 3028 spe
3327 2957 3484 3028 pulli-

1897 3066 2196 3129 cebantur;
2229 3075 2352 3116 cum
2409 3067 2465 3113 et
2509 3054 2936 3126 provincialibus
2981 3051 3314 3122 largireutur
3363 3064 3485 3118 qua:

1900 3157 1968 3214 ad
2001 3157 2240 3227 ipsorum
2291 3151 2585 3207 utilitatem
2642 3155 2929 3218 spectant;
2972 3155 3028 3200 et
3077 3142 3340 3199 Ecclesiis
3384 3141 3483 3196 Dci

1900 3264 2140 3322 congrua
2187 3257 2244 3304 et
2298 3243 2681 3302 convenientia
2731 3247 3052 3298 statuerent.
3110 3239 3190 3295 Ac
3242 3238 3483 3310 primum

1900 3343 2120 3415 quidem
2161 3354 2256 3396 eos
2303 3338 2396 3408 qui
2447 3346 2735 3406 propterea
2771 3332 2916 3400 quod
2965 3331 3120 3386 idolis
3167 3331 3488 3386 sacriﬁcare

1901 3435 2204 3490 noluissent
2231 3472 2246 3498 ,
2279 3445 2312 3485 a
2346 3428 2653 3485 rectoribus
2696 3425 3104 3494 provinciarum
3135 3423 3359 3494 relegati
3385 3461 3403 3489 ,
3430 3431 3490 3476 et

1827 3565 1871 3620 α
1903 3544 1971 3585 ex
1997 3528 2176 3600 patria
2206 3525 2448 3595 migrare
2477 3519 2750 3590 compulsi
2783 3527 2942 3573 erant
2967 3557 2982 3582 ,
3011 3517 3229 3572 domum
3263 3531 3490 3571 revoca-

1903 3634 2048 3680 runt.
2080 3625 2187 3680 Eos
2216 3623 2409 3680 deinde
2434 3620 2523 3690 qui
2557 3617 2805 3674 eamdem
2845 3615 2915 3671 ob
2937 3628 3159 3670 causam
3184 3614 3354 3669 curiis
3384 3613 3489 3666 ad-

1903 3717 2033 3772 dicti
2067 3716 2327 3783 fuerant,
2379 3711 2608 3784 publicis
2641 3707 3014 3764 {unctionibus
3059 3706 3400 3762 liberarunt:
3433 3715 3490 3759 et

1904 3810 1996 3880 qui
2043 3807 2396 3863 facultatibus
2443 3802 2658 3874 spoliati
2694 3801 2958 3862 fuissent,
2997 3798 3062 3853 iis
3089 3799 3230 3853 bona
3266 3813 3362 3852 sua
3395 3813 3487 3851 re-

1904 3901 2055 3957 stitui
2083 3905 2482 3971 praeceperunt.
2521 3895 2793 3950 Praeterea
2815 3891 2908 3962 qui
2938 3889 3332 3960 persecutionis
3357 3898 3491 3943 tem-

1905 4008 2035 4063 pore
2082 3993 2264 4047 divina
2303 3992 2503 4044 virtute
2551 3986 2794 4043 roborati
2821 4025 2838 4053 ,
2888 3983 3224 4040 fortitudinis
3263 3990 3318 4036 et
3348 3996 3487 4036 cou-

1905 4085 2120 4139 stantiae
2145 4083 2352 4138 illustre
2385 4080 2662 4153 specimen
2689 4077 3012 4142 ediderant;
3040 4085 3135 4130 aut
3161 4075 3227 4130 ad
3256 4075 3479 4130 metalla

1907 4175 2190 4242 damnati,
2218 4185 2278 4229 ut
2304 4175 2564 4230 continuo
2602 4172 2792 4229 labore
2832 4171 2906 4227 ibi
2932 4172 3361 4233 divexarenlur;
3396 4176 3490 4222 aut

1906 4271 1958 4324 in
1995 4269 2226 4325 insulam
2259 4267 2572 4337 deportati;
2610 4275 2704 4322 aut
2749 4263 2985 4336 publicis
3033 4262 3294 4335 Operibus
3333 4275 3487 4314 man-

1907 4362 2070 4431 cipati
2119 4361 2376 4424 fuerant,
2412 4359 2500 4414 his
2533 4358 2787 4413 omnibus
2813 4355 2997 4412 subito
3029 4355 3191 4411 soluti
3223 4352 3488 4408 molestiis

1909 4456 2215 4510 libertatem
2250 4452 2429 4523 adepti
2462 4460 2608 4506 sunt.
2643 4450 2748 4506 Sed
2779 4461 2835 4506 et
2859 4450 3172 4520 quicunque
3219 4446 3291 4501 ob
3330 4460 3490 4516 egre-

231 4677 508 4749 proprium
553 4692 746 4731 nomen
791 4678 934 4731 illius
974 4677 1160 4749 fuisse.
1203 4673 1561 4749 Grteci__eniut
1590 4674 1804 4749 ,κύριον
1838 4659 1880 4717 Ῐ)
1909 4681 2087 4749 eadem
2111 4678 2173 4731 de
2201 4693 2361 4730 causa
2389 4673 2638 4729 translati
2663 4682 2811 4728 erant
2849 4673 2920 4726 ad
2948 4672 3150 4737 curias,
3187 4673 3486 4726 muneribus

231 4743 403 4819 δνομα
436 4757 635 4819 vocant
660 4763 852 4819 nomen
881 4748 1181 4819 proprium.
1222 4748 1278 4800 lu
1301 4745 1489 4819 codice
1509 4743 1644 4819 Fuit.
1680 4743 1812 4819 scri-

233 4815 380 4906 bittir
416 4817 530 4906 τὴν
587 4815 893 4889 ἐπώνυμον
929 4815 1078 4890 αὖτῷ
1151 4815 1462 4889 κυριώτατα
1510 4816 1811 4888 ὲπηγορίαν

233 4905 450 4961 ευρατο.

300 4981 635 5062 _(53)_:t.21fta
667 4981 744 5048 δὴ
773 4982 988 5062 τοῦτον
1013 4980 1358 5062 ἐδίδασκογ.
1389 4980 1710 5062 ’.Βατίδα-δτι
1746 4980 1810 5054 δὴ

236 5051 394 5105 τοῦτο
417 5051 757 5106 ἐδιδάσκοντο
793 5067 858 5106 ex
901 5053 995 5106 lib.
1040 5067 1074 5106 Χ
1124 5051 1270 5106 Hist.
1304 5054 1357 5106 in
1384 5052 1525 5119 ﬁne,
1564 5051 1654 5106 ubi
1697 5051 1813 5108 haec

237 5122 419 5176 omnia
445 5123 634 5176 iisdem
671 5122 785 5177 fere
807 5123 986 5178 verbis
1007 5123 1276 5193 leguntur.

281 5211 578 5296 ,(54)λόἴς
737 5215 875 5296 κατ’
898 5214 1074 5296 ἔθνος
1104 5214 1525 5296 ἐπειρχεῴταις.
1561 5212 1617 5296 in
1639 5213 1810 5296 Chro-

239 5283 357 5363 nico
407 5283 768 5363 alexandrina
800 5286 884 5363 _de
943 5283 1289 5363 Constantini
1331 5287 1386 5338 in
1448 5285 1810 5363 provinciales

238 5351 562 5407 liberalitate
588 5365 641 5408 et
667 5354 996 5422 indulgentia
1023 5356 1135 5409 haec
1175 5351 1467 5422 leguntur,
1500 5370 1644 5409 anno
1692 5355 1809 5423 ejus

238 5423 450 5495 imperii
482 5425 739 5495 vicesimo
764 5437 778 5482 :
799 5425 891 5478 καὶ
923 5423 1029 5478 τῶν
1044 5424 1307 5495 τεχνιτῶν
1333 5427 1426 5479 καὶ
1441 5425 1805 5495 συντελεστῶν

236 5492 305 5567 τὰ
358 5493 703 5567 ἐπιτάγματα
735 5495 1024 5567 περιεῖλεν,
1052 5492 1216 5567 idest
1248 5495 1572 5567 :_artiﬁcum
1628 5508 1683 5567 et
1709 5494 1812 5548 col-

241 5563 469 5637 latorum
505 5563 630 5636 (hoc
658 5574 738 5618 est
765 5563 1179 5637 provincialium
1207 5565 1301 5637 qui
1333 5566 1535 5621 tributa
1557 5565 1811 5622 confere-

243 5633 396 5702 bant)
424 5633 583 5689 ortera
615 5633 848 5690 sustulit.

315 5728 428 5798 (55)
459 5727 606 5796 Τοὺς
631 5728 1088 5798 ,ϐουλευτηρίοις
1109 5727 1505 5798 ἐγκριθέντας.
1550 5727 1706 5784 Hunc
1732 5728 1811 5782 lo-

243 5815 366 5856 cum
401 5815 508 5853 non
539 5799 802 5869 intellexit
842 5799 1400 5869 ChristOphorsonus,
1433 5816 1592 5869 quem
1627 5809 1807 5854 tamen

244 5871 520 5928 Portesius
553 5884 662 5928 non
697 5868 990 5929 infeliciter
1025 5868 1304 5929 transtulit
1337 5870 1439 5927 hoc
1452 5868 1626 5926 ’modo
1657 5885 1670 5922 :
1701 5870 1806 5936 Qui

1913 4748 2074 4803 soluti
2099 4758 2242 4802 sunt.
3163 4766 3174 4776 -

1985 4818 2098 4889 (56)
2122 4817 2442 4887 Δήμοσλοις
2465 4816 2660 4889 ἔργοις
2682 4812 3026 4889 deuiam-utr.
3079 4811 3217 4867 Male
3243 4813 3488 4889 Christo-

1914 4883 2220 4959 phbrsbnus
2254 4883 2444 4959 vertit}
2472 4883 2777 4959 ad'rpubliga
2821 4883 3026 4959 imperii
3057 4900 3216 4959 opera
3244 4885 3488 4959 obeunda

1915 4952 1962 5012 ui
1983 4958 2254 5026 compulsi.
2281 4957 2525 5030 Δημόσια
2549 4952 2688 5027 ἔργα
2706 4954 2966 5008 Eusebius
2987 4953 3222 5030 appellat
3248 4952 3484 5015 metalla,

1915 5025 2138 5098 pistrina
2165 5025 2400 5097 publica,
2428 5025 2662 5098 textrina
2685 5038 2748 5098 ac
2773 5038 3024 5098 gymecea
3041 5043 3067 5098 _:
3093 5025 3160 5098 ad
3183 5039 3303 5094 quae
3321 5040 3486 5098 opera

1914 5094 2222 5168 quicunque
2249 5099 2523 5168 sententia
2539 5095 2736 5168 iudicis
2766 5096 3005 5168 damnati
3034 5096 3294 5168 fuissent,
3308 5094 3488 5168 liber-

1917 5165 2078 5223 tatem
2109 5165 2442 5223 amittebant.
2482 5167 2607 5222 Haec
2635 5165 2777 5220 enim
2815 5165 3050 5220 servitus
3077 5177 3242 5232 parum
3265 5165 3488 5218 diccba-

1917 5248 2021 5294 tur.
2086 5237 2344 5292 Solebant
2389 5249 2569 5294 autem
2608 5235 2907 5289 Christiani
2953 5236 3022 5289 ob
3081 5235 3484 5290 confessionem

1917 5308 2152 5364 nominis
2197 5309 2404 5363 Christi
2441 5308 2507 5362 ad
2555 5306 2859 5376 hujusntodi
2891 5320 3056 5376 opera
3095 5306 3363 5376 damnari.
3407 5302 3486 5356 Ac

1917 5384 1989 5435 de
2019 5379 2246 5433 metallis
2269 5378 2486 5448 quidem
2516 5375 2642 5431 nota
2681 5383 2893 5448 res_est.
2929 5375 3011 5448 De
3032 5375 3486 5448 condemnatique

1917 5459 2094 5504 autem
2135 5451 2202 5502 ad
2208 5444 2527 5571 Rpistrinum
2573 5445 2878 5516 exemplum
2929 5446 3189 5500 habemus
3228 5445 3284 5497 in
3333 5444 3488 5498 Actis

1917 5519 2182 5571 passionis
2262 5518 2446 5571 arcelli
2478 5532 2644 5571 uanae.

1914 5519 2182 5590 passionis
2208 5518 2446 5590 Marcelli
2466 5532 2644 5590 papae.

1985 5589 2097 5661 (57)
2151 5583 2914 5661 ’EneEovalaqiDumvores
2956 5585 3006 5661 in
3035 5601 3193 5638 unam
3216 5583 3484 5661 coaluisse

1913 5653 2182 5723 videntur,
2221 5676 2339 5728 quae
2375 5661 2456 5713 his
2483 5653 2624 5712 netis
2653 5658 3016 5728 disiuugeudte
3049 5666 3194 5728 sunt,
3218 5654 3306 5728 έπξ
3329 5653 3486 5728 ἐξου-

1915 5730 2057 5793 σίας.
2084 5725 2252 5784 Paulo
2281 5729 2524 5798 post,ubi
2544 5725 2857 5797 legilnrcdt;
2871 5726 3044 5798 οίκίας
3057 5725 3482 5798 ἀπολαμϐάνειν,

1911 5802 2250 5855 scribendum
2280 5796 2408 5869 puto
2450 5799 2548 5864 τὰς
2586 5796 2789 5861 οἰκείας
2833 5797 3014 5861 τάξεις
3041 5796 3479 5869 (ἀπολαμϐάνειν.

1912 5871 2097 5940 Neque
2123 5868 2519 5940 ettim’azdibus,
2554 5874 2650 5927 sed
2684 5870 2874 5923 tuihtia
2917 5868 3130 5937 spoliati
3157 5869 3396 5923 fuerant.
