4212 6440
577 356 682 415 999

1282 347 1553 408 EUSEBII
1587 344 2069 409 CESAPJENSIS
2105 344 2258 401 OPP.
2304 344 2484 399 PARS
2521 344 2562 400 Ι.
2602 374 2671 385 -—
2710 344 3100 402 HISTORICA.

3687 349 3827 407 ιιοο

579 474 720 545 giam
772 468 827 525 in
884 467 1169 524 retinenda
1216 464 1480 535 religione
1532 462 1899 520 constantiam
1947 463 2151 516 honore
2180 468 2225 521 Α

2180 468 2225 521 Α
2253 460 2352 523 τάς
2378 462 2554 523 οἰκίας
2586 459 3014 529 ἀπολαμϐάνειν,
3044 461 3140 527 καὶ
3158 459 3477 533 διαπρέπειν
3497 465 3608 527 τοῖς
3632 463 3830 536 προτέ-

578 562 785 617 militiae
812 560 1030 631 spoliati
1061 566 1219 614 erant
1244 597 1259 622 ,
1303 571 1394 612 eos
1452 556 1801 624 imperatoris
1832 552 2152 608 munificen-

579 658 654 710 tia
692 655 762 711 ab
797 654 897 709 hac
926 651 1226 724 ignominia
1260 650 1578 714 revocavit;
1628 649 1871 718 ipsorum
1920 647 2152 701 arbitrio

579 763 643 800 ac
674 746 935 800 voluntati
985 744 1307 815 permittens
1330 784 1347 809 ,
1383 752 1440 796 ut
1477 741 1562 796 vel
1594 740 1814 810 propria
1862 753 2153 809 recupera-

581 845 703 892 rent
730 834 939 899 ol'ﬁcia,
978 847 1033 890 et
1077 833 1308 903 pristino
1340 832 1563 888 honoris
1602 832 1769 901 gradu
1806 829 2148 893 fruerentur;

579 929 666 982 vel
711 929 755 982 si
785 928 1027 997 quietam
1061 926 1229 980 vitam
1261 923 1457 989 degere
1499 922 1761 986 mallent,
1795 921 1863 976 ab
1905 920 2155 975 omnibus

2262 571 2374 624 ροις
2406 551 2585 606 αὑτῶν
2632 551 2955 624 ἀξιώμασιν,
3009 553 3043 623 ἢ
3080 552 3407 621 ἀγαπῶντας
3453 555 3545 607 τὸν
3573 550 3832 630 ἐὑσταλη

2261 643 2396 713 βίον,
2438 644 2654 698 πάντων
2679 643 2963 715 λειτουργη
2974 644 3155 714 μάτων
3187 644 3626 716 ἀνεπηρεάστους
3658 647 3837 703 διατε-

2256 736 2388 788 λε⁹ῖν’
2422 735 2517 789 καὶ
2549 737 2677 798 τοὺς
2715 736 3043 804 γυναικείοις
3070 736 3112 789 δ’
3160 735 3341 807 ἔργοις
3404 737 3513 808 (58)
3558 739 3643 807 ἐφ’
3675 738 3836 811 ὕϐρει

2259 827 2351 879 καὶ
2388 825 2581 898 ἀτιμίᾳ
2605 825 2871 881 δουλεύειν
2901 827 3210 899 κριθέντας,
3242 827 3444 899 ὁμοίως
3472 833 3585 893 τοῖς
3626 830 3837 895 λοιποῖς

2260 918 2575 991 ἠλευθέρου.

582 1018 837 1087 deinceps
900 1017 1265 1070 functionibus
1330 1014 1602 1068 immunes
1666 1018 2068 1081 permanerent.
2135 1008 2378 1079 Denique
2435 1020 2698 1079 quotquot
2748 1011 3055 1082 ignominiae
3104 1028 3263 1068 causa
3322 1014 3578 1084 gynrciis
3628 1016 3838 1073 inanei-

583 1112 693 1182 pati
735 1112 988 1175 fuerant,
1017 1125 1112 1164 eos
1149 1109 1445 1179 imperator
1489 1107 1714 1173 perinde
1760 1120 1826 1160 ac
1876 1115 2124 1170 czeteros,
2155 1102 2403 1157 libertate
2429 1103 2648 1157 donavit

1073 1222 1238 1295 454
1264 1219 1493 1276 CAPUT
1527 1220 1664 1275 XXI.

587 1317 859 1386 Quomodo
899 1317 1057 1371 etiam
1097 1331 1192 1385 pro
1231 1312 1550 1386 martyribus
1576 1323 1639 1386 et
1668 1327 1763 1383 pro
1815 1310 2154 1365 ecclesiarum

1077 1382 1291 1455 prwdiis
1335 1382 1470 1450 leges
1509 1382 1650 1436 tulit.

658 1478 722 1532 Et
756 1478 873 1534 haec
920 1476 1141 1547 quidem
1188 1475 1256 1528 de
1292 1473 1360 1527 iis
1408 1472 1498 1543 qui
1531 1474 1628 1527 ista
1668 1472 1907 1544 perpessi
1949 1479 2153 1538 essent,

587 1570 885 1641 imperator
910 1568 1129 1638 scriptis
1164 1568 1377 1636 legibus
1409 1568 1714 1621 constituit.
1760 1566 1837 1620 De
1864 1566 2022 1622 bonis
2058 1581 2154 1619 au-

2756 1217 3148 1273 ΚΕΦΑΛΑΙυΝ
3204 1217 3335 1272 KA'.

2264 1307 2464 1374 Ὅπως
2512 1310 2610 1362 καὶ
2655 1308 2789 1377 περὶ
2831 1311 3146 1395 μαρτύριον
3183 1311 3282 1363 καὶ
3310 1310 3836 1377 ἐκκλησωστικῶν

2880 1396 3210 1448 κτηματων.

2331 1466 2442 1520 Καὶ
2489 1466 2661 1521 ταῦτα
2719 1469 2816 1540 μὲν
2849 1468 3107 1541 περὶτῶν
3149 1469 3301 1522 ταῦθ’
3339 1470 3741 1540 ὑπομεινάντων
3796 1473 3833 1545 ἡ

2260 1557 2521 1628 βασιλέως
2564 1560 2870 1632 ἐνομοθέτει
2920 1562 3125 1633 γραφή.
3164 1562 3300 1634 Περὶ
3336 1562 3391 1614 δὲ
3419 1563 3517 1632 τῆς
3549 1563 3836 1634 ὑπάρξεως

588 1670 694 1715 lem
729 1677 914 1716 eorum
942 1701 958 1726 ,
1011 1663 1129 1730 lege
1178 1659 1520 1728 imperatoris
1568 1658 1892 1727 plenissime
1939 1665 2155 1712 cautum

2264 1652 2441 1705 αὑτῶν
2475 1654 2702 1717 ἐντελῶς
2729 1654 3007 1727 διηγόρευε
3051 1654 3231 1726 νόμος.
3274 1654 3394 1708 Τῶν
3430 1671 3492 1706 τε
3524 1657 3631 1726 γὰρ
3661 1655 3836 1722 ἁγίων

586 1760 691 1808 est.
717 1749 853 1805 Nam
883 1733 1195 1806 sanctorum
1229 1750 1319 1813 Dei
1341 1760 1635 1819 martyrum
1666 1750 1804 1803 bona
1835 1749 1926 1818 qui
1963 1749 2016 1803 in
2044 1750 2156 1819 ipsa
2189 1800 2230 1819 ἢ

2189 1800 2230 1819 ἢ
2262 1744 2354 1797 τοῦ
2384 1742 2519 1797 Θεοῦ
2571 1745 2861 1818 μαρτύρων
2906 1746 3014 1801 τῶν
3051 1748 3106 1799 ἐν
3152 1745 3409 1818 ὁμολογίᾳ
3450 1745 3546 1816 τὴν
3581 1745 3837 1815 τελευτὴν

589 1842 934 1897 confessione
966 1850 1194 1895 mortem
1223 1841 1490 1896 obiissent
1514 1883 1530 1906 ,
1561 1842 1626 1894 ad
1658 1841 1937 1910 proximos
1970 1856 2156 1896 eorum
2192 1835 2232 1853 ’³

2192 1835 2232 1853 ’⁵
2260 1835 2613 1906 ἀποθεμένων
2639 1836 2731 1890 τοῦ
2757 1837 2896 1907 βίου,
2922 1838 3019 1902 τὰς
3046 1838 3232 1901 οὐσίας
3248 1837 3463 1891 ἐκέλευε
3490 1838 3616 1900 τοὺς
3640 1836 3718 1907 τῷ
3736 1836 3838 1904 γέ-

589 1934 800 1989 devolvi
827 1933 1009 2001 jnssit.
1043 1932 1196 1999 Quod
1227 1933 1271 1986 si
1305 1932 1485 1987 nullus
1514 1948 1713 2004 genere
1755 1932 1891 2002 ipsis
1933 1930 2160 2001 conjun-

2260 1943 2339 1981 νει
2368 1928 2741 1998 προσήκοντας
2771 1929 3201 2000 ἀπολαμϐάνειν,
3236 1931 3284 1982 εί
3309 1927 3365 1981 δὲ
3395 1926 3470 1999 μὴ
3502 1926 3702 1981 τούτων
3752 1946 3837 1992 τις

589 2032 711 2081 ctus
763 2026 1050 2093 reperitur,
1107 2024 1478 2078 [nereditatem
1541 2039 1723 2078 corum
1774 2024 2020 2079 ecclesiis
2064 2023 2162 2080 de—

2260 2018 2368 2090 εἴη,
2385 2018 2483 2083 τάς
2504 2019 2797 2090 ἐκκλησίας
2826 2020 3177 2091 ὑποδέχεσθαι
3198 2020 3323 2084 τοὺς
3349 2019 3600 2089 κλήρους.
3637 2020 3747 2073 Καὶ
3768 2019 3838 2074 τὰ

591 2116 742 2171 ferri.
772 2114 921 2170 Bona
954 2117 1082 2170 item
1114 2130 1231 2184 quae
1270 2130 1336 2169 ex
1373 2115 1503 2168 fisco
1527 2114 1613 2168 vel
1644 2130 1741 2184 per
1767 2115 2158 2182 venditionem,

2261 2111 2325 2165 ἐκ
2351 2112 2575 2183 ταμείου
2599 2112 2654 2166 δὲ
2677 2113 2936 2185 πρότερον
2956 2113 3161 2185 ἑτέροις
3184 2112 3375 2185 ἥκατά
3397 2114 3618 2183 πρᾶσιν,
3643 2111 3839 2182 ἧκατά
3890 2131 3897 2138 '

590 2209 675 2263 vel
709 2222 805 2276 per
835 2209 1181 2262 donationem
1214 2206 1279 2259 ad
1307 2206 1441 2260 alios
1483 2206 1743 2261 translata
1777 2205 2026 2273 fuerant;
2068 2217 2162 2262 aut

2260 2202 2469 2275 δωρεάν
2500 2204 2875 2275 ἐκποιηθέντα,
2916 2204 2985 2259 τά
3033 2207 3080 2258 τ’
3107 2205 3164 2258 ἐν
3208 2203 3356 2275 αὐτῷ
3399 2202 3835 2277 καταληφθέντα,

590 2315 710 2371 qua:
760 2315 923 2370 penes
972 2299 1158 2353 iiscum
1202 2308 1621 2362 remanserant,
1666 2298 1900 2353 dominis
1950 2301 2160 2355 restitui

2262 2295 2343 2359 είς
2364 2295 2606 2349 τούπίσω
2662 2297 2961 2368 προσήκειν
2990 2299 3103 2361 τοῖς
3141 2296 3430 2359 δεσπόταις
3464 2295 3835 2361 ἀποδίδοσθαι,

591 2387 811 2455 debere,
845 2390 1194 2458 indulgentiae
1222 2390 1516 2460 imperialis
1542 2389 1763 2459 cpistola
1789 2390 2160 2459 praecipiebat.

2261 2384 2323 2438 τὸ
2357 2385 2458 2454 τῆς
2479 2385 2687 2458 δωρεᾶς
2713 2386 2946 2457 γράμμα
2973 2385 3326 2458 διεκελεύετο.
3361 2384 3613 2439 Τοσαῦτα
3650 2386 3748 2457 μὲν
3767 2387 3836 2458 τῇ

592 2480 660 2535 Ει
708 2478 1017 2549 huiusmodi
1060 2479 1277 2548 quidem
1326 2479 1587 2534 beneficia
1638 2480 1690 2533 in
1722 2479 2020 2535 Ecclesiam
2066 2481 2163 2536 Dei

2276 2474 2570 2548 Ἐκκλησία
2597 2474 2692 2530 τοῦ
2730 2475 2863 2529 Θεοῦ
2889 2477 2944 2529 αἱ
2971 2474 3448 2546 καταπεμφθεῖσαι
3472 2475 3674 2548 δωρεαὶ
3706 2492 3842 2548 παρ-

594 2569 823 2622 contulit
871 2567 1179 2639 benignitas
1221 2568 1526 2637 principis,
1579 2567 1786 2639 legibus
1826 2584 1927 2640 per
1972 2583 2166 2627 omnes

592 2658 900 2730 provincias
929 2659 1141 2713 missis.

1157 2767 1389 2825 CAPUT
1435 2767 1602 2825 XXII.

846 2860 1118 2926 Quomodo
1142 2861 1297 2914 etiam
1336 2859 1557 2929 populos
1591 2862 1916 2917 remeaverit.

667 2951 888 3022 Populis
916 2965 1047 3005 vero
1092 2966 1125 3005 a
1161 2950 1267 3006 fide
1319 2962 1507 3006 nostra
1558 2951 1754 3007 alienis
1796 2960 1852 3007 et
1894 2952 2167 3008 universis

596 3045 915 3117 provinciis,
943 3044 1112 3098 multo
1140 3043 1293 3113 plura
1318 3058 1383 3098 ac
1414 3042 1618 3112 majora
1649 3044 1867 3100 donavit
1904 3044 2166 3116 principis

2265 2568 2431 2639 εἴχον.

2773 2768 3166 2823 ΚΕΦΑΛΑῙΟΝ
3194 2768 3324 2823 KB’.

2465 2854 2655 2927 Ὅπως
2692 2860 2793 2914 καὶ
2821 2860 2962 2928 τοὺς
2988 2860 3214 2930 δήμους
3250 2860 3644 2926 ἀνεκτήσατο.

2334 2950 2537 3023 Δήμοις
2565 2968 2626 3005 τε
2647 2955 2759 3016 τοῖς
2789 2953 2945 3016 ἐκτὸς
2978 2951 3088 3023 (59)
3113 2953 3207 3005 καὶ
3241 2954 3404 3005 πᾶσιν
3420 2952 3615 3015 ἔθνεσι,
3636 2950 3846 3006 τούτων

2264 3042 2428 3115 ῑτερα
2462 3043 2865 3115 ὑπερϐάλλοντα
2887 3042 2964 3114 τῷ
3002 3042 3212 3114 πλήθει,
3242 3045 3274 3114 ἡ
3304 3043 3564 3114 βασιλέως
3591 3043 3848 3117 ἐδωρεῖτο

599 3135 990 3192 munificentia.
1045 3134 1276 3188 Proinde
1325 3149 1513 3190 omnes
1565 3145 1874 3189 nostrarum
1917 3134 2161 3206 partium
2191 3135 2237 3198 C

2191 3135 2237 3198 C
2271 3134 2664 3208 μεγαλοψυχία.
2709 3136 2823 3206 Ἐφ’
2860 3132 2941 3200 οἷς
2968 3137 3203 3198 ἅπαντες
3228 3137 3277 3187 oi
3309 3135 3430 3188 καθ’
3461 3136 3628 3207 ἡμᾶς,
3663 3137 3765 3191 ὅσα
3782 3136 3846 3192 τὸ

600 3229 812 3292 incolae,
846 3228 937 3297 qui
973 3228 1123 3297 prius
1173 3227 1458 3282 audientes
1486 3242 1549 3281 ea
1579 3243 1699 3296 quae
1732 3228 1786 3283 in
1819 3229 1986 3283 altera
2015 3240 2168 3300 parte

600 3301 1091 3389 i’mperii'Bomani
1143 3326 1508 3386 gererentur,
1559 3318 1751 3373 beatos
1804 3320 2172 3389 praedicabant

601 3407 723 3462 illos
749 3407 841 3475 qui
871 3407 1034 3461 tantis
1062 3404 1401 3461 afﬁcerentur
1426 3407 1740 3475 beneflciis;
1767 3417 1822 3463 et
1849 3411 1941 3478 qui
1970 3411 2173 3465 arden-

604 3499 746 3554 tibus
776 3499 921 3552 votis
964 3498 1221 3567 optabant
1247 3539 1262 3561 ,
1302 3506 1361 3552 ut
1411 3498 1603 3553 iisdem
1634 3500 1791 3555 bonis
1822 3499 1930 3570 ipsi
1961 3516 2173 3572 quoque

601 3589 892 3660 aliquando
921 3589 1231 3644 fmerentur
1261 3607 1275 3643 :
1309 3589 1424 3644 haec
1451 3588 1627 3644 oculis
1675 3572 1791 3645 suis
1839 3600 2170 3662 Spectantes,

603 3681 813 3750 seipsos
834 3680 945 3750 jam
979 3678 1164 3735 felices
1196 3677 1493 3750 praedicare
1525 3694 1630 3733 non
1666 3680 1992 3736 dubitabant
2025 3698 2039 3737 :
2075 3697 2172 3737 no-

603 3785 730 3825 vum
761 3770 1030 3840 quoddam
1078 3770 1400 3824 miraculum
1448 3778 1504 3825 et
1554 3771 1715 3840 quale
1746 3771 1895 3827 nulla
1936 3788 2173 3843 unquam

602 3858 708 3914 sub
744 3859 885 3914 cado
920 3859 1146 3914 vidisset
1172 3869 1305 3913 aetas
1332 3899 1349 3922 ,
1396 3866 1602 3914 tantum
1636 3859 1845 3916 scilicet
1894 3861 2178 3933 imperato-

604 3963 721 4004 rem
754 3953 989 4005 humano
1036 3951 1223 4022 generi
1268 3949 1536 4007 affulsisse
1579 3960 1861 4009 testantes.
1890 3954 2071 4025 Atque
2120 3955 2176 4010 bi

601 4041 821 4111 quidem
848 4042 925 4097 ita
953 4041 1280 4098 sentiebant.

1170 4153 1397 4210 CAPUT
1430 4153 1615 4210 XXIII.

660 4245 817 4314 Quod
852 4245 1016 4300 Deum
1037 4245 1292 4300 bonorum
1330 4255 1591 4299 auctorem
1616 4246 1918 4313 pradicavit
1947 4264 1962 4301 :
1994 4254 2043 4301 et
2069 4247 2135 4301 de

1152 4316 1351 4385 legibus
1373 4315 1631 4383 ejusdem.

678 4404 982 4474 Imperator
1000 4414 1180 4461 autem
1213 4406 1352 4474 ipse,
1386 4405 1481 4460 ubi
1509 4416 1732 4472 cuncta,
1763 4406 1858 4462 Dei
1883 4409 2178 4465 servatoris

2270 3228 2399 3298 πρὶν
2424 3226 2537 3298 (60)
2560 3226 2696 3299 ἀκοῇ
2716 3227 3104 3298 πυνθανόμενοι
3126 3228 3184 3278 ἐν
3201 3226 3410 3298 θατέρῳ
3428 3227 3581 3299 μέρει
3595 3227 3692 3297 τῆς
3714 3227 3849 3286 Ῥω-

2274 3317 2446 3390 μαίων
2469 3318 2642 3390 ἀρχῆς
2659 3318 2976 3389 γιγνόμενα,
3003 3317 3128 3383 τοὺς
3152 3312 3209 3371 εὖ
3235 3318 3542 3387 πάσχοντας
3574 3317 3847 3391 ἐμακάρι-

2271 3409 2382 3475 ζον,
2430 3409 2593 3480 εὐχὴν
2621 3410 2890 3481 τιθέμενοι
2918 3408 3023 3462 τῶν
3055 3409 3183 3462 ἴσων
3221 3408 3523 3463 ἀπολαῦσαι
3551 3409 3645 3463 καὶ
3692 3408 3849 3464 αὑτοί

2270 3517 2422 3554 ποτε.
2449 3500 2615 3554 Ταῦθ’
2639 3501 2730 3553 ὑπ’
2755 3501 2939 3571 ὄψεσιν
2970 3500 3218 3572 ὁρῶντες,
3247 3501 3344 3571 ἤδη
3379 3501 3472 3554 καὶ
3504 3503 3641 3570 σφᾶς
3668 3502 3850 3555 εὐδαι-

2276 3594 2511 3666 μονίζειν
2532 3594 2737 3665 ἠξίουν,
2774 3594 2922 3661 ξένον
2953 3612 3005 3647 τι
3038 3595 3245 3666 χρῆμα,
3271 3596 3363 3650 καὶ
3395 3590 3504 3648 οἷον
3537 3596 3566 3648 ὁ
3590 3594 3850 3660 πᾶςαίὼν

2275 3686 2363 3754 ὑφ’
2387 3683 2537 3755 ἡλίου
2567 3685 2763 3753 αὐγαῖς
2794 3683 2914 3737 οὑδέ
2945 3683 3062 3737 ποθ’
3096 3684 3396 3755 ἱστόρησεν,
3447 3683 3745 3754 ἐπιλάμψαι
3765 3681 3849 3753 τῷ

2238 3783 2251 3789 “
2275 3772 2453 3845 θνητῷ
2481 3774 2625 3844 γένει
2644 3775 2733 3828 τὸν
2758 3774 3008 3829 τοσοῦτον
3024 3774 3409 3847 ὁμολογοῦντες
3436 3767 3675 3848 βασιλέα.
3706 3776 3849 3831 Ἀλλ’

2274 3864 2322 3918 οἱ
2359 3865 2457 3933 μὲν
2489 3858 2591 3919 ὧδε
2625 3864 2886 3938 ἐφρόνουν

2781 4159 3177 4213 ΚΕΦΑΛΑΙΟΝ
3210 4156 3331 4212 Kl".

2281 4250 2398 4304 Ὅτι
2418 4250 2567 4304 Θεὸν
2602 4249 2720 4303 τῶν
2752 4250 2991 4324 ἀγαθῶν
3016 4249 3546 4324 αἴτιονξέκήρυττε,
3573 4250 3672 4305 καὶ
3713 4249 3853 4324 περὶ

2732 4320 3111 4391 ἀντιγράφων
3152 4322 3370 4389 νόμων.

2362 4412 2512 4465 Ἐπεὶ
2551 4412 2608 4465 δὲ
2632 4410 2792 4465 πάνθ’
2822 4413 3157 4466 ὑποτέτακτο
3191 4411 3417 4482 βασιλεῖ,
3439 4412 3574 4467 Θεοῦ
3599 4414 3854 4487 Σωτῆρος

606 4498 809 4552 virtute
837 4498 936 4552 sub
981 4498 1241 4551 ditionem
1275 4512 1429 4551 suam
1477 4498 1717 4568 redegit;
1754 4514 1879 4553 eum
1933 4501 2024 4571 qui
2061 4502 2174 4556 haec
2211 4500 2253 4556 D

2211 4500 2253 4556 D
2279 4504 2524 4575 δυνάμει,
2567 4504 2659 4558 τὸν
2691 4504 2798 4558 τῶν
2833 4504 3052 4573 ἀγαθῶν
3097 4504 3244 4576 αὑτῷ
3275 4505 3513 4578 πάροχον
3548 4509 3660 4570 τοῖς
3715 4510 3852 4562 πᾶσι

610 4589 712 4659 ipsi
748 4590 882 4643 bona
919 4589 1278 4660 praestitisset,
1300 4589 1552 4645 omnibus
1580 4589 1753 4660 palam
1794 4589 1959 4656 fecit;
1993 4591 2174 4646 illum-

608 4694 717 4747 que
755 4682 1107 4736 victoriarum
1156 4690 1434 4735 auctorem
1477 4680 1644 4735 fuisse
1699 4695 1804 4735 non
1855 4692 2034 4736 autem
2086 4699 2174 4739 se-

611 4771 809 4840 ipsum,
843 4771 1121 4841 professus
1142 4782 1245 4827 est.
1275 4771 1443 4842 quue
1471 4770 1670 4827 litteris
1701 4780 1812 4825 tum
1843 4772 2033 4828 Latino
2062 4783 2174 4828 tum

608 4863 802 4920 Grmco
850 4878 1102 4936 sermone
1158 4865 1376 4934 scriptis
1422 4871 1472 4920 et
1523 4865 1591 4919 ad
1634 4879 1823 4919 omnes
1867 4865 2177 4935 provincias

682 5035 798 5108 (58)
828 5038 1205 5112 Γυναικείας
1235 5038 1287 5092 δ’
1317 5040 1533 5108 ἔργοις.
1571 5039 1649 5112 De
1683 5042 1949 5112 gynaeceis
1976 5042 2180 5112 crebra

614 5107 675 5162 iit
698 5107 953 5177 'mentig,
981 5118 1091 5161 tum
1122 5111 1174 5163 in
1211 5107 1440 5177 utroque
1462 5109 1650 5165 codice
1669 5107 1828 5172 [tum
1858 5113 1909 5165 in
1967 5108 2179 5166 Notilia

614 5176 822 5245 imperii
868 5174 1115 5233 Romani.
1159 5178 1296 5234 Vide
1324 5174 1554 5235 Lexicon
1591 5179 1870 5237 Brissouii.
1909 5179 2177 5236 Caeterum

617 5248 707 5317 qui
738 5246 808 5317 ad
837 5258 1086 5317 gynaecea
1121 5250 1360 5303 damnati
1396 5258 1592 5311 erant.
1622 5251 1985 5306 induebamur
2030 5252 2179 5306 colo-

619 5316 1072 5387 l_iio“laneo,qttae
1098 5320 1267 5375 veStis
1303 5329 1423 5373 erat
1451 5321 1684 5375 servilis.
1721 5320 1775 5375 Id
1807 5322 2068 5376 discimus
2107 5337 2175 5376 ex

617 5383 879 5459 Passione
906 5383 1131 5459 Romani
1170 5390 1427 5459 martyris
1472 5405 1594 5458 quae
1628 5393 1773 5445 edita
1822 5401 1905 5446 est
1942 5406 1972 5445 a
2006 5391 2174 5445 Mont-

620 5457 809 5521 lil‘iliO,
837 5466 893 5511 et
918 5458 1148 5511 habetur
1170 5458 1221 5512 in
1250 5457 1434 5512 codice
1474 5460 1826 5515 Museiacensi
1856 5479 1873 5517 :
1917 5479 1937 5512 ι
1970 5462 2168 5516 Eadem

617 5541 749 5600 vero
794 5525 1281 5600 die‘Maximianus
1321 5530 1649 5600 jussittqui
1681 5540 1839 5584 erant
1874 5532 1926 5586 in
1970 5533 2168 5600 palatio

616 5596 926 5668 Christiani,
951 5606 1024 5668 ut»
1040 5596 1493 5668 discingerentur.
1529 5596 1720 5655 Multos
1743 5615 1874 5668 ergo
1899 5596 2024 5656 dum
2058 5602 2170 5656 sol-

617 5675 807 5720 verent
852 5666 1123 5735 cingulum
1179 5666 1335 5723 suum
1390 5671 1595 5724 notavit
1652 5670 1753 5725 sibi
1810 5666 2170 5727 Maximianus

620 5743 959 5792 transeuntes
987 5755 1003 5791 :
1032 5747 1085 5793 et
1138 5739 1269 5794 vidit
1319 5738 1522 5795 lsitium
1572 5741 1743 5796 beaue
1770 5743 2043 5799 memoriae
2065 5780 2083 5810 ,
2115 5752 2171 5798 et

2291 4593 2516 4665 φανερὸν
2549 4593 2738 4659 ἐποίει,
2765 4597 3008 4650 κάκεῖνον
3033 4596 3140 4651 τῶν
3163 4597 3491 4668 νικητηρίων
3508 4597 3695 4662 αἴτιον,
3716 4598 3857 4653 ἀλλὰ

2296 4687 2370 4756 μὴ
2406 4686 2564 4740 αὑτὸν
2591 4686 2832 4757 νομίζειν
2863 4687 3273 4759 διεμαρτύρετο·
3302 4688 3460 4741 τοῦτό
3500 4688 3548 4742 τ’
3604 4689 3735 4742 αὑτὸ
3760 4690 3854 4743 ἀν-

2294 4777 2577 4849 εκήρυττε,
2597 4775 2685 4830 διὰ
2720 4779 3077 4851 χαρακτήρων
3118 4779 3388 4850 Ῥωμαίας
3407 4797 3466 4833 τε
3496 4782 3587 4834 καὶ
3622 4781 3844 4851 Ἐλληνί-

2294 4868 2381 4931 δος
2409 4868 2613 4938 φωνῆς,
2659 4871 2738 4933 είς
2774 4870 3000 4923 ἕκαστον
3029 4870 3176 4935 ἔθνος
3205 4874 3262 4925 ἐν
3293 4875 3477 4944 γραφῇ
3509 4872 3847 4943 διαπεμφθεί

2290 5042 2477 5098 furens
2505 5044 2715 5098 vocavit
2737 5060 2859 5097 eum
2884 5046 2949 5098 ad
2983 5061 3042 5099 se
3066 5063 3081 5110 ;
3113 5055 3166 5100 et
3188 5047 3510 5115 exspoliavit
3528 5063 3650 5102 eum
3679 5053 3854 5103 vestio

2287 5115 2484 5167 mentis
2506 5154 2522 5178 ,
2550 5116 2745 5182 quibus
2777 5126 2895 5167 erat
2922 5117 3141 5169 indutus
3161 5156 3175 5179 ,
3210 5125 3264 5170 et
3290 5119 3465 5170 induit
3492 5133 3615 5170 enni
3644 5120 3862 5170 colobia

2286 5182 2445 5257 laneo
2466 5222 2481 5246 ,
2504 5196 2565 5257 et
2595 5185 2824 5257 tradidit
2849 5200 2971 5257 eum
3005 5186 3058 5257 in
3089 5201 3341 5257 gynteceo
3366 5187 3586 5240 lanariis
3618 5188 3682 5239 ad
3715 5188 3861 5257 inju-

2288 5253 2459 5323 riam.
2486 5271 2505 5304 ι
2534 5252 2705 5323 Porro
2728 5254 2895 5323 codex
2926 5253 3064 5308 Fuk.
3093 5252 3194 5311 hoc
3222 5256 3340 5311 loco
3364 5258 3623 5323 scriptum
3652 5252 3812 5309 lialiét
3846 5277 3861 5311 :

2282 5321 2375 5407 sep:
2400 5321 2550 5444 ὕϐρει
2585 5322 2679 5408 καὶ
2704 5321 3198 5404 ἀτιμίᾳδουλεὺειν
3230 5344 3321 5407 κρ.
3360 5321 3563 5397 ὁμοίως
3587 5327 3699 5391 τοῖς
3744 5325 3861 5381 λοι-

2282 5409 2404 5444 sror:
2439 5394 2470 5444 ἢ
2510 5392 2757 5444 ευθεοου.
2794 5404 2992 5444 rectius
3026 5411 3141 5444 sme
3170 5399 3352 5444 dulno.

2281 5394 2404 5455 ποῑς
2439 5392 2757 5461 ἠλευθέρου,
2794 5392 2992 5446 rectius
3026 5411 3141 5448 sure
3170 5392 3352 5452 dubio.

2540 5461 2757 5531 Δήμοις
2809 5479 2871 5517 τε
2912 5462 3040 5530 τοῖς
3099 5465 3290 5532 ἐκτός.
3351 5465 3713 5522 Scribendum
3773 5466 3840 5538 δή

2317 5548 2396 5595 or;
2418 5548 2496 5586 os.

2276 5548 2651 5680 pozdllolSEOQq
2694 5601 2762 5680 τὸ
2790 5602 2952 5680 πρίν.
2998 5604 3241 5661 Emendo
3270 5607 3391 5680 ideo:
3417 5606 3480 5661 τδ
3505 5608 3635 5680 πρίν
3657 5647 3671 5670 ,
3701 5607 3857 5680 quod

2276 5686 2381 5724 non
2416 5672 3150 5745 Viti".rClll'iSIOpilOl‘SOtlllS;
3177 5678 3355 5734 scribo
3391 5672 3563 5735 etiam
3585 5672 3858 5732 πυνθανόο

2278 5759 2428 5809 μενοι
2456 5743 2525 5797 τά
2557 5744 2616 5797 ἐν
2646 5742 2878 5817 θατέρῳ.
