4132 6406
220 316 261 406 ..1
277 317 400 369 001

1324 320 1411 376 DE
1451 320 1613 377 VITA
1648 323 2111 381 CONSTANTINI
2152 325 2281 381 LIB.
2325 327 2391 381 ll.

3387 326 3532 382 £002

238 443 391 498 σης.
418 427 627 492 Μάθοις
659 428 703 482 δ’
750 428 816 481 ἂν
840 428 933 481 τοῦ
967 429 1127 499 λόγου
1155 432 1255 503 τὴν
1278 433 1477 504 ἀρετὴν
1508 434 1641 505 (61),
1665 436 1829 488 αὐτοῖς

1956 438 2156 503 missis,
2184 438 2520 507 praedicavit.
2555 437 2724 493 Porro
2757 438 3021 494 orationis
3043 437 3148 492 vim
3172 453 3239 491 uc
3272 436 3529 490 virtutem

238 521 593 593 προσϐαλὼν
630 523 742 585 τοῖς
774 523 1083 594 ’γράμμασι⁹
1114 524 1207 578 δύο
1242 526 1288 579 δ’
1322 521 1389 598 ἦν
1414 526 1607 592 ταῦτα,
1657 528 1718 581 τὸ
1747 530 1844 599 μὲν

217 602 389 680 ’ταῖς
418 615 614 686 Ἐκκλη
623 616 763 680 σίαις
777 615 874 669 τοῦ
903 616 1057 680 Θεοῦ,
1084 618 1145 671 τὸ
1159 618 1215 671 δὲ
1236 622 1349 684 τοῖς
1364 620 1521 685 ἐκτὸς
1538 623 1680 677 κατὰ
1693 623 1846 679 πόλιν

239 706 464 779 δήμοις
490 708 847 779 διαπεμφθένσ
884 708 911 760 ὃ
933 708 997 781 δὴ
1027 712 1093 781 τῇ
1138 711 1389 785 παρούσῃ
1420 712 1532 785 (62)
1570 714 1847 786 προσῆκον

240 797 526 852 ὑποθέσει
572 799 757 870 ἔμοιγε
790 800 955 859 ,δοκεί
1001 802 1367 874 παρενθεῖναι,
1415 805 1493 869 ὡς
1524 805 1590 859 ἂν
1626 806 1716 861 διά
1749 808 1849 880 τῆς

246 890 515 961 ἱστορίας
544 891 693 961 μένοι
738 892 833 944 κα)⁷
884 892 1290 962 διαφυλάττοιτο
1332 899 1445 961 τοῖς
1488 898 1779 970 μεθ’ήμᾶς
1811 902 1845 972 ἡ

240 981 420 1035 τοῦδε
448 981 541 1035 τοῦ
570 982 894 1054 γράμματος
927 984 1160 1050 ἕκθεσις,
1194 987 1331 1057 πρός
1370 988 1418 1041 τ’
1450 988 1707 1062 ἀληθείας
1752 993 1845 1047 καὶ

240 1074 373 1127 τῶν
403 1074 688 1146 ἡμετέρων
708 1076 1060 1147 διηγημάτων
1101 1078 1382 1133 πίστωσιν.
1411 1082 1678 1154 Εἴληπται
1717 1084 1762 1136 δ’
1783 1084 1842 1152 ἐξ

242 1167 581 1221 αὐθεντικοῦ
615 1167 708 1221 τοῦ
755 1168 886 1239 παρ’
937 1169 1066 1238 ἡμῖν
1110 1170 1509 1242 φυλαττομένου
1563 1173 1840 1243 βασιλικοῦ

1952 529 2111 585 facile
2162 540 2487 600 cognoscet,
2546 531 2794 600 quisquis
2844 531 3104 601 epistolas
3140 531 3319 600 .ipsas‘
3359 528 3534 598 perle-

1952 623 2110 693 gerit.
2155 620 2318 694 455
2359 621 2497 676 Sunt
2552 632 2731 677 autem
2781 622 2945 676 dum:
2984 623 3150 678 altera
3220 623 3286 676 ad
3347 617 3535 675 Eccle-

1951 714 2062 769 sias
2105 714 2311 770 directa
2338 755 2355 781 ,
2396 716 2567 770 altera
2611 716 2677 770 ad
2714 716 3049 786 singularum
3098 716 3313 769 urbium
3363 727 3535 783 popu-

1953 807 2033 863 los
2062 822 2091 861 a
2124 818 2310 864 nostra
2347 808 2605 879 religione
2633 809 2858 864 alienos.
2890 809 3060 875 Quam
3096 808 3311 876 quidem
3339 818 3531 876 utpote

1950 899 2203 969 prtesenti
2258 909 2577 970 argumento
2609 901 3202 963 convenientissimam,
3256 900 3344 957 hic
3381 903 3529 957 inse-

1948 992 2173 1049 rendam
2201 1006 2323 1047 esse
2349 992 2512 1059 duxi;
2572 1001 2681 1046 tum
2720 1000 2779 1046 ut
2838 993 3187 1047 historiarum
3208 1007 3528 1049 monumen-

1953 1086 2024 1140 tis
2050 1085 2260 1154 prodita
2294 1084 2412 1154 ejus
2461 1083 2789 1153 exemplaria
2822 1124 2836 1144 ,
2869 1083 3008 1152 apud
3044 1094 3294 1152 posteros
3333 1097 3528 1153 perpe-

1951 1186 2044 1230 tuo
2071 1187 2499 1234 conserventur;
2543 1184 2656 1227 tum
2690 1183 2747 1227 ut
2785 1175 3113 1227 narrationis
3166 1185 3363 1228 nostra:
3390 1176 3526 1228 tides

243 1258 451 1330 νόμου,
475 1252 519 1326 ᾧ
547 1260 762 1331 καὶτῆς
794 1259 959 1314 αὐτοῦ
990 1259 1169 1326 δεξιᾶς
1202 1262 1477 1335 ἔγγραφος
1515 1266 1829 1337 ύποσημείω

1957 1282 2023 1322 ac
2049 1267 2247 1322 veritas
2271 1265 2642 1321 conﬁrmetur.
2678 1266 2957 1334 Descripta
3002 1277 3179 1319 autem
3211 1274 3296 1319 est
3323 1280 3387 1319 ex
3428 1281 3524 1318 au-

246 1367 370 1414 σις,
408 1353 506 1421 τῆς
529 1352 623 1406 τοῦ
668 1352 825 1422 λόγου
870 1352 1186 1418 πιστώσεως
1218 1351 1307 1410 οἶά
1341 1376 1446 1412 τινι
1476 1359 1730 1429 σφραγῖδι
1756 1376 1848 1412 κα-

245 1446 588 1515 τασημαίνει
616 1447 716 1517 τὴν
748 1448 1072 1520 μαρτυρίαν.

1954 1356 2195 1411 thentico
2224 1354 2522 1426 exemplari
2546 1355 2680 1425 legis
2711 1356 3034 1425 imperialis,
3059 1358 3202 1425 quod
3248 1354 3390 1419 apud
3422 1370 3523 1409 nos

1954 1457 2225 1503 servatur.
2259 1447 2356 1502 Cui
2394 1447 2656 1517 principis
2685 1463 2846 1501 manu
2877 1448 3118 1517 apposita
3152 1447 3479 1516 subscriptio
3501 1483 3519 1511 ,

247 1539 529 1593 orationis
564 1549 767 1593 nostra:
792 1540 1074 1597 veritatem
1110 1552 1364 1612 tanquam
1395 1543 1573 1613 sigillo
1605 1546 1838 1613 quodam
1900 1540 2106 1595 astruit.

768 1632 1165 1685 ΚΕΦΑΛΑΙΟΝ
1206 1632 1335 1687 ΚΔ⁹.

2504 1630 2733 1688 CAPUT
2759 1631 2950 1686 XXIV.

249 1721 461 1791 Νόμος
505 1724 965 1778 Κωνσταντίνου
1008 1724 1140 1791 περὶ
1184 1724 1296 1793 τῆς
1341 1727 1427 1790 εὶς
1468 1724 1616 1779 Θεὸν
1664 1728 1829 1780 εὐσε-

1942 1719 2051 1775 Lea:
2090 1720 2423 1776 Constantini
2453 1724 2516 1776 de
2543 1724 2732 1791 pietate
2752 1726 2807 1777 in
2830 1724 3017 1788 Deum,
3043 1732 3089 1775 ct
3123 1724 3187 1776 de
3216 1722 3521 1777 Christiana

581 1794 742 1859 ὄειας
768 1795 864 1847 καὶ
900 1795 1007 1849 τοῦ
1034 1795 1519 1864 Χριστιανισμοῦ.

341 1900 361 1932 ι
413 1882 660 1953 Νικητὴς
716 1884 1153 1948 Κωνσταντῖνος,
1206 1884 1474 1951 Μέγιστος
1537 1885 1837 1952 Σεϐαστὸς,

255 1973 644 2044 ὲπαρχεὼταις
668 1974 1032 2046 Παλαιστίνης
1060 1975 1193 2044 (65).

339 2082 359 2115 ι
394 2060 504 2117 Ἦν
544 2066 643 2135 μὲν
675 2066 879 2120 ἄνωθέν
910 2084 968 2121 τε
1001 2069 1097 2123 καὶ
1132 2069 1302 2124 πάλαι
1335 2071 1483 2143 παρά
1517 2074 1628 2135 τοῖς
1664 2072 1840 2143 ὀρθῶς

255 2155 357 2209 καὶ
388 2156 678 2227 σωφρόνως
697 2158 824 2228 περὶ
850 2159 943 2212 τοῦ
973 2160 1287 2233 Κρείττονος
1314 2161 1647 2228 δοξάζουσιν,
1682 2163 1840 2236 ἔκδη-

250 2249 353 2312 λος
387 2251 420 2320 ἠ
453 2249 703 2322 διαφορὰ,
733 2252 826 2304 xa‘t
855 2254 1033 2307 πᾶσαν
1054 2254 1387 2325 ἀνείργουσα
1412 2254 1523 2325 (64)
1554 2254 1840 2326 πόρρωθεν

252 2341 621 2412 ἀμφιϐολίανο
669 2343 780 2415 ὅσῳ
814 2344 893 2415 τῷ
940 2345 1089 2417 μέσῳ
1138 2345 1445 2417 διήλλαττεν
1572 2348 1700 2415 περὶ
1740 2348 1839 2420 τὴν

256 2436 715 2509 σεϐασμιωτάτην
743 2436 837 2489 τοῦ
877 2437 1307 2508 Χριστιανισμοῦ
1343 2437 1637 2509 θεραπείαν
1680 2439 1838 2509 ἀκοι-

253 2526 360 2600 6ὴς
395 2530 807 2600 παρατήρησις,
842 2531 991 2601 παρά
1017 2531 1143 2593 τοὺς
1173 2530 1308 2600 πρὸς
1348 2530 1516 2601 αὐτὴν
1547 2531 1841 2583 ἐκπεπολε-

260 2620 549 2689 μωμένους
576 2638 633 2673 τε
667 2622 758 2674 καὶ
790 2623 1277 2693 καταφρονητικῶς
1302 2622 1520 2693 ἔχοντας
1545 2623 1677 2692 (63).
1705 2624 1840 2677 Νυνὶ

254 2713 313 2766 δὲ
341 2714 438 2766 καὶ
467 2714 667 2785 μᾶλλον
696 2715 1146 2787 ἐπιφανεστέραις
1176 2716 1406 2787 πράξεσι
1440 2718 1533 2769 καὶ
1561 2715 1838 2789 κατορθῶ-

258 2821 392 2865 μασι
412 2806 811 2879 λαμπροτέροις
836 2808 896 2860 τό
940 2825 996 2859 τε
1023 2807 1119 2877 τῆς
1143 2808 1469 2877 ἀμφιϐολίας
1495 2808 1684 2877 ἄλογον
1708 2810 1840 2863 ἀπο-

252 2895 543 2959 δέδεικται,
566 2901 657 2952 καὶ
681 2900 851 2971 ὁπόση
876 2900 958 2963 τίς
978 2902 1123 2952 ἐστιν
1148 2901 1180 2969 ἡ
1204 2899 1297 2952 τοῦ
1333 2901 1567 2971 μεγάλου
1592 2902 1725 2955 Θεοῦ
1752 2901 1840 2954 δύ-

254 3006 441 3059 ναμις,
466 2990 627 3061 ἡνίκα
649 2994 760 3054 τοῖς
795 2992 891 3061 μὲν
918 2990 1123 3054 πιστῶς
1146 2992 1236 3045 τὸν
1267 2992 1593 3062 σεμνότατον
1620 2992 1833 3046 σέϐουσι

253 3081 454 3151 νόμον,
501 3084 595 3135 καὶ
646 3083 810 3154 μηδὲν
853 3083 959 3135 τῶν
1002 3083 1476 3155 παραγγελμάτων
1533 3084 1834 3156 παραλύειν

253 3174 547 3244 τολμῶσιν,
586 3174 790 3244 ἄφθονα
830 3176 897 3229 τά
928 3176 1128 3245 ἀγαθὰ,
1164 3177 1257 3230 καὶ
1287 3177 1423 3248 πρὸς
1453 3176 1552 3241 τὰς
1583 3178 1834 3249 ἐγχειρή-

256 3283 370 3329 σεις
402 3268 553 3337 ἰσχὺς
580 3268 798 3339 ἀρίστη,
836 3268 928 3322 καὶ
972 3272 1087 3340 μετ’
1130 3267 1359 3322 ἐλπίδων
1401 3270 1620 3338 ἀγαθῶν
1662 3272 1835 3325 ἀπαν-

252 3359 426 3421 τῶσα,
457 3365 567 3424 τοῖς
593 3362 649 3414 δὲ
676 3361 774 3429 τὴν
812 3363 980 3433 ἀσεϐῆ
1011 3362 1233 3415 λαϐοῦσι
1262 3362 1488 3434 γνώμην
1508 3403 1523 3426 ,
1563 3364 1699 3435 πρὸς
1735 3364 1835 3428 τὰς

257 3452 601 3524 προαιρέσεις
635 3453 902 3507 ἀκόλουθα
945 3454 1037 3506 καὶ
1074 3455 1142 3507 τά
1178 3453 1539 3507 ἀποϐαίνοντα
1575 3454 1707 3524 (66).
1739 3455 1834 3517 Τίς

253 3545 360 3617 γάρ
386 3544 591 3613 ἀγαθοῦ
622 3545 774 3617 τύχοι
798 3547 959 3613 τινὸς,
1002 3546 1092 3599 τὸν
1116 3547 1222 3599 τῶν
1252 3547 1472 3616 ἀγαθῶν
1503 3548 1674 3600 αἴτιον
1699 3547 1831 3600 Θεὸν

252 3637 375 3691 οὔτε
406 3640 705 3711 γνωρίζων,
741 3638 865 3694 οῦτε
896 3640 963 3693 τὰ
1010 3642 1352 3712 προσήκοντα
1392 3640 1569 3694 σέϐειν
1595 3642 1825 3707 ὲθέλων;

253 3731 441 3784 Πίστιν
469 3731 524 3784 δὲ
549 3730 624 3803 τῷ
652 3732 764 3803 (67)
793 3732 1008 3803 ῥηθέντι
1032 3732 1128 3785 καὶ
1150 3731 1218 3785 τά
1252 3731 1389 3804 ἔργα
1419 3732 1655 3787 δίδωσιν.
1694 3752 1713 3785 ι

760 3823 1151 3878 ΚΕΦΑΛΑΙΟΝ
1190 3826 1319 3878 KE'.

512 3913 869 3983 ’Υπόδειγμα
904 3915 971 3967 ἐκ
1007 3914 1280 3972 παλαιῶν
1314 3918 1572 3985 χρόνων.

325 4022 343 4056 ι
374 4006 438 4058 ΕΞ
465 4005 595 4058 νοῦν
623 4023 705 4069 τις
735 4008 814 4069 είς
851 4006 977 4069 τοὺς
1009 4006 1214 4060 ἄνωθεν
1261 4008 1357 4061 καὶ
1405 4010 1484 4072 είς
1504 4007 1664 4081 δεῦρο
1714 4008 1825 4080 (68)

324 4124 407 4196 ((ξί
420 4122 600 4194 )Vulg.
622 4123 842 4191 Μὰθοις
856 4124 965 4193 γὰρ
990 4125 1095 4179 τοῦ
1111 4126 1297 4195 λόγου
1313 4126 1427 4195 τὴν
1437 4126 1677 4196 ἀρετήν.
1698 4126 1834 4182 Lan-

253 4196 340 4249 dat
361 4194 626 4249 Eusebius
649 4196 990 4261 imperatoris
1006 4194 1345 4251 Constantini
1362 4194 1755 4264 eloquentiam,
1779 4199 1829 4251 id

250 4267 396 4321 enim
430 4266 741 4336 signilieant
770 4267 883 4338 hagc
925 4267 1112 4338 verba.
1174 4268 1245 4338 At
1293 4267 1823 4338 Christopborsonus

251 4338 449 4410 legisse
488 4334 733 4410 :videtur,
757 4334 851 4388 τοῦ
884 4336 1351 4410 ἡμετέρουᾳλόγου
1390 4338 1488 4410 τὴν
1506 4334 1818 4410 ξάλήθειαν.

2594 1793 2866 1861 religione.

2020 1900 2039 1934 ι
2074 1881 2260 1938 Victor
2296 1880 2690 1937 Constantinus
2742 1884 3009 1937 Maximus
3048 1883 3358 1954 Angustus,
3404 1902 3524 1957 pro-

1941 1976 2268 2031 vincialibus
2296 1977 2618 2034 Palaestinas.

2016 2088 2035 2121 ι
2070 2068 2404 2141 Iampridem
2440 2074 2580 2141 apud
2615 2088 2708 2126 eos
2737 2074 2830 2141 qui
2863 2083 3010 2128 recte
3035 2084 3090 2128 et
3149 2076 3425 2140 sapienter
3455 2076 3522 2129 de

1943 2159 2055 2215 Deo
2106 2162 2366 2229 sentiunt,
2423 2164 2658 2218 evidenti
2738 2165 3078 2230 discrimine,
3152 2182 3260 2237 quo
3339 2168 3519 2222 omnis

1942 2250 2217 2306 dubitatio
2241 2263 2573 2319 removetur,
2606 2256 2857 2325 apparuit
2912 2268 3175 2326 quantmu
3234 2259 3521 2314 interesset

1940 2341 2082 2396 inter
2106 2342 2379 2399 studiosos
2409 2346 2789 2401 observatores
2816 2349 3147 2403 veneranda:
3176 2348 3518 2405 Christiano-

1941 2446 2059 2484 rum
2096 2432 2397 2501 religionis,
2427 2441 2482 2487 et
2512 2435 2656 2490 inter
2713 2435 2957 2505 ejusdem
3016 2450 3418 2510 oppugnatores
3464 2450 3521 2496 et

1938 2534 2362 2594 contemptores.
2387 2526 2543 2581 Nunc
2566 2543 2692 2583 vero
2715 2529 3145 2585 evidentioribus
3165 2535 3519 2600 argumentis,

1938 2630 1993 2673 et
2027 2623 2187 2674 rebus
2222 2622 2385 2691 gestis
2416 2622 2583 2676 multo
2619 2622 3025 2689 illustrioribus,
3058 2635 3168 2678 tum
3229 2627 3521 2680 dubitatio-

1941 2711 2025 2764 nis
2055 2713 2222 2781 ipsius
2254 2713 2585 2780 absurditas,
2626 2725 2737 2769 tum
2789 2727 2989 2785 quanta
3047 2718 3119 2771 sit
3169 2720 3363 2771 summi
3424 2720 3514 2774 Dei

1938 2805 2205 2873 potentia,
2237 2806 2574 2862 declaratur.
2607 2810 2815 2878 Quippe
2847 2810 2930 2864 liis
2967 2812 3184 2878 quidem
3215 2813 3304 2880 qui
3350 2828 3513 2866 vene-

1939 2898 2165 2951 randam
2200 2898 2371 2968 legem
2408 2900 2638 2954 fideliter
2658 2900 2864 2964 colunt,
2892 2902 3206 2973 nullumque
3237 2905 3352 2974 ejus
3378 2921 3515 2973 prac-

1938 2998 2155 3057 ceptum
2184 2991 2388 3044 audent
2429 2991 2746 3058 dissolvere,
2789 2994 3032 3047 omnium
3094 2996 3363 3050 bonorum
3419 3016 3515 3051 cu—

1936 3083 2045 3152 pia,
2079 3092 2133 3137 et
2160 3084 2228 3137 ad
2254 3099 2315 3137 ea
2356 3099 2475 3152 qua:
2530 3085 2767 3155 aggressi
2820 3096 2945 3139 sunt
2992 3088 3317 3157 perficienda
3375 3089 3516 3145 vires

1940 3174 2143 3229 idoneae
2176 3192 2297 3229 eum
2324 3178 2465 3231 bona
2501 3192 2596 3245 spe
2624 3192 2686 3232 ac
2708 3178 2907 3232 ﬁducia
2940 3190 3254 3247 suppetunt.
3290 3182 3358 3235 lis
3385 3198 3515 3237 vero

1937 3269 2029 3339 qui
2064 3270 2280 3337 impiam
2306 3270 2638 3324 sententiam
2680 3271 2913 3339 amplexi
2950 3282 3098 3335 sunt,
3132 3275 3517 3330 convenientes

1939 3376 2118 3416 rerum
2148 3374 2377 3418 eventus
2398 3364 2765 3431 contigerunt.
2792 3363 2926 3417 Nam
2961 3365 3086 3434 quis
3113 3377 3219 3429 est,
3252 3369 3368 3435 qui,
3390 3384 3513 3423 cmn

1938 3452 2108 3507 Deum
2144 3454 2409 3509 bonorum
2452 3466 2731 3510 auctorem
2786 3473 2891 3511 non
2941 3470 3221 3524 agnoscat,
3279 3478 3516 3532 eumque

1937 3545 2123 3599 debito
2155 3548 2302 3600 cultu
2338 3548 2587 3601 venerari
2641 3560 2882 3611 recuset,
2924 3551 3216 3621 quidquam
3250 3554 3373 3607 boni
3411 3570 3513 3607 un-

1935 3652 2098 3705 quam
2128 3641 2535 3709 c0usequatur?
2575 3638 2683 3695 Res
2723 3651 2874 3697 certe
2926 3642 3053 3711 ipsae
3101 3645 3263 3699 dictis
3312 3648 3514 3701 nostris

1936 3727 2093 3781 [idem
2132 3728 2354 3783 faciunt.
2389 3749 2408 3782 ι

2515 3822 2741 3878 CAPUT
2770 3822 2933 3877 XXV.

2226 3913 2531 3980 Exemplum
2562 3934 2592 3968 a
2642 3919 2856 3970 vetustis
2886 3920 3225 3986 temporibus.

2012 4028 2029 4058 ι
2056 4005 2207 4074 Quod
2248 4009 2292 4061 si
2335 4008 2457 4077 quis
2487 4010 2765 4077 superiora
2805 4019 3045 4078 tempora
3077 4013 3142 4064 ad
3195 4028 3294 4066 nos
3343 4028 3511 4084 usque

2006 4126 2118 4195 (65)
2156 4126 2590 4192 Ἐπαρχεωταις
2616 4126 3053 4194 Παλαιστίνης.
3084 4126 3139 4180 In
3182 4127 3369 4181 codice
3397 4126 3503 4182 Me-

1933 4197 2103 4269 diemo
2145 4198 2431 4269 scriptum
2458 4196 2633 4269 inveni
2702 4196 3069 4269 ἐπαρχιώταις
3115 4196 3505 4263 παλαιστινοὶς.

1930 4266 2101 4321 Porro
2125 4266 2299 4318 abhis
2327 4266 2503 4335 verbis
2554 4282 2674 4335 cap.
2726 4266 3097 4328 asine-boavi,
3126 4277 3506 4323 ιιιιοιοτςιιιιειιι

1938 4349 2158 4391 secutus
2184 4336 2340 4391 codd.
2367 4334 2518 4403 Regii
2566 4334 2629 4389 et
2683 4336 2874 4392 Fnket.
2924 4339 2983 4392 In
3025 4338 3297 4393 veteribus
3339 4340 3505 4394 etiam

252 4404 610 4491 scribendum
638 4406 804 4491 etiam
838 4404 1138 4491 εὲῐμάθρις
1161 4404 1328 4491 δίἀν,
1365 4404 1704 4491 ut.'ad_lat:us
1738 4408 1820 4488 sui

1936 4408 2389 4491 εεὶιξόίιιυιιῖειιιὲι·
2422 4406 2810 4491 ὲπαρχιιτίταις.

248 4476 455 4531 codicis
500 4476 821 4549 emendavit
862 4476 1183 4549 Turnebus.
1210 4480 1387 4549 Atque
1428 4482 1502 4535 ita
1536 4479 1735 4549 legitur
1760 4480 1813 4530 in

249 4563 380 4601 mss.
422 4548 702 4601 codicibus
730 4546 862 4600 Fuk.
894 4559 948 4601 et
993 4550 1120 4601 δην.
1164 4546 1331 4602 Porro
1380 4550 1447 4604 ab
1494 4546 1816 4611 ltisfverbis

249 4618 539 4671 inchoatur
564 4632 683 4685 cap.
715 4617 811 4680 24,
853 4630 964 4671 ιυιιι
998 4618 1048 4671 iu
1084 4619 1269 4674 codice
1294 4618 1456 4685 Fuk.,
1491 4628 1607 4674 tum
1635 4620 1692 4675 in
1719 4633 1815 4673 ve-

249 4688 453 4742 teribus
480 4688 709 4741 scliedis.

316 4756 435 4828 (62)
489 4760 549 4809 Ὃ
579 4756 657 4823 δὴ
689 4758 764 4827 τῇ
794 4760 1092 4828 παρούσῃ.
1125 4758 1178 4813 in
1215 4759 1402 4814 codice
1445 4758 1583 4815 Fuk.
1621 4758 1817 4815 scribi-

247 4838 334 4883 tur
359 4827 395 4881 ἅ.
422 4830 488 4899 τῇ
525 4828 807 4901 παρούσῃ,
856 4827 1126 4901 quomodo
1156 4833 1317 4884 etiam
1357 4828 1703 4886 Genevenses
1759 4830 1813 4883 in

246 4901 568 4967 quibusdam
600 4900 880 4955 codicibus
917 4900 1017 4969 legi
1052 4902 1402 4956 adnotarunt.
1451 4901 1650 4956 Verum
1698 4902 1816 4953 haec

245 4972 515 5043 scriptura
549 4969 819 5043 ferri_non
850 4980 1043 5043 potest.
1088 4970 1343 5043 Sequitur
1365 4974 1507 5026 enim
1539 4972 1815 5043 προσῆκον

246 5041 299 5094 in
340 5040 621 5109 singulari.
678 5040 880 5095 Deinde
939 5041 1201 5096 Eusebius
1258 5044 1475 5096 unicam
1522 5040 1611 5097 hic
1655 5040 1815 5095 alIert

242 5110 584 5183 Constantini
598 5111 1075 5183 constitutionem,
1096 5127 1213 5165 eam
1232 5112 1439 5167 scilicet
1460 5129 1581 5183 qua:
1598 5115 1663 5165 ad
1690 5127 1815 5183 pro-

244 5180 507 5235 vinciales
536 5182 698 5235 missa
726 5180 903 5235 fuerat
936 5197 966 5236 a
995 5183 1375 5238 Constantino.
1414 5180 1493 5237 Ac
1522 5184 1657 5236 duas
1695 5182 1816 5251 qui-

245 5252 361 5322 dem
390 5251 535 5319 leges
562 5251 727 5305 simul
764 5254 990 5306 emissas
1028 5251 1195 5322 fuisse
1226 5261 1458 5307 testatur
1483 5253 1536 5306 in
1580 5254 1811 5322 gratiam

241 5320 714 5377 Christianorum:
760 5322 981 5376 alterum
1010 5324 1074 5373 ad
1103 5321 1400 5376 Ecclesiam
1443 5320 1768 5378 catholicam
1790 5357 1807 5381 ,

243 5391 470 5446 aiteram
526 5390 590 5445 ad
624 5393 1005 5460 provinciales.
1052 5392 1246 5445 Verum
1293 5393 1518 5447 alterius
1549 5396 1814 5447 duntaxat

242 5463 547 5531 exemplum
593 5463 832 5532 subjicit,
879 5464 995 5531 ejus
1024 5462 1237 5517 scilicet
1268 5478 1389 5532 quae
1414 5465 1535 5518 data
1582 5474 1701 5519 erat
1747 5463 1814 5517 ad

246 5532 1251 5605 provincialesiPalmstinaaLAlteram
1286 5549 1433 5605 vero,
1488 5551 1609 5605 qua:
1650 5534 1812 5587 missa

244 5614 361 5657 erat
415 5603 702 5667 Ecclesiis,
736 5604 919 5657 omisit
958 5603 1222 5659 Eusebius
1260 5622 1274 5659 :
1315 5604 1399 5660 vel
1449 5603 1573 5675 quia
1620 5606 1809 5675 eodem

244 5675 486 5746 exemplo
513 5675 713 5742 scripta
744 5684 884 5739 erat,
915 5689 1023 5744 quo
1060 5675 1149 5727 illa
1174 5676 1243 5730 ad
1277 5673 1682 5746 provinciales;
1726 5673 1811 5728 vel

244 5748 309 5801 ob
334 5744 493 5800 aliam
528 5758 770 5799 causam.

555 5840 830 5903 Pnaoc.
871 5840 988 5902 Gn.
1033 5841 1173 5904 XX.
1236 5844 1245 5861 ’

1919 4477 2104 4547 £1164)
2141 4474 2297 4545 Vulg.
2325 4474 2802 4547 διαφορἅᾶσαν
2832 4478 3215 4546 ἀνείργουσα.
3233 4476 3426 4533 Scribe
3439 4494 3505 4533 ex

1919 4549 2107 4605 codice
2135 4548 2389 4619 Medicaeo
2405 4550 2500 4601 καὶ
2523 4549 2703 4601 πᾶσαν
2725 4548 3069 4619 ἀνείργουσα.
3106 4549 3171 4602 Ει
3198 4549 3356 4619 paulo
3383 4563 3507 4619 post

1919 4636 1986 4674 ex
2015 4621 2204 4673 eodem
2238 4618 2356 4690 cod.
2441 4619 2564 4690 (pro
2592 4617 3038 4690 παραθεραπείαν
3074 4617 3293 4689 Steph.)
3314 4617 3501 4687 legen-

1919 4692 2046 4743 dum
2087 4699 2170 4760 est
2197 4687 2292 4760 τοῦ
2324 4687 2754 4760 Χριστιανισμοῦ
2807 4687 3145 4760 θεραπείαν,
3175 4687 3281 4760 θυι
3309 4690 3503 4760 legitur

1919 4762 2080 4815 etiam
2126 4756 2177 4810 in
2223 4756 2438 4812 schedis
2468 4756 2665 4827 Regiis
2686 4770 2741 4812 et
2779 4756 2964 4813 codice
2995 4757 3315 4813 Fuketiano.

1988 4828 2101 4898 (65)
2123 4826 2658 4898 Katagpornttxéq
2690 4830 2965 4897 ἔχοντας.
3006 4830 3186 4882 Codex
3212 4829 3500 4884 Medicaeus

1919 4901 2081 4967 liabet
2112 4897 2256 4967 ἔχειν
2284 4898 2585 4962 ἐθέλοντας,
2610 4904 2754 4967 quod
2782 4904 2982 4954 rectius
3009 4900 3138 4952 milii
3178 4901 3412 4953 videtur.

1990 4966 2247 5041 (66)“lt’ai
2280 4970 2351 5041 τὰ
2378 4966 2799 5041 ἀποϐαίνοντα.
2846 4970 3028 5039 Longe
3060 4969 3261 5022 rectior
3293 4980 3377 5023 est
3410 4987 3501 5025 eo-

1918 5038 2054 5095 dicis
2086 5038 2337 5091 Medicaei
2387 5039 2679 5095 scriptura.
2740 5043 2836 5095 Sic
2883 5038 3026 5094 enim
3073 5041 3233 5093 liabet
3279 5058 3293 5094 :
3345 5041 3501 5094 Ἀκό-

1916 5109 2081 5182 λουθα
2125 5110 2218 5182 καὶ
2259 5110 2328 5162 τὰ
2371 5107 2733 5182 ἀποϐαίνοντα
2776 5107 2865 5182 ἦν.
2905 5109 3153 5182 Τίςᾼγάρ
3199 5109 3264 5163 ἂν
3291 5111 3499 5179 ἀγαθοῦ

1914 5181 2067 5252 τύχοι
2100 5181 2264 5244 τινός,
2314 5190 2420 5234 etc.
2466 5180 2527 5235 Et
2568 5195 2689 5249 post
2745 5180 2928 5237 vocem
2981 5180 3180 5234 ἐθέλων
3234 5194 3498 5251 punctum

1920 5256 2100 5315 liabet,
2131 5268 2251 5323 quae
2280 5263 2406 5323 nota
2439 5262 2521 5304 est
2544 5252 3006 5323 interrogationis.

1988 5323 2101 5395 (67)
2146 5321 2303 5391 Vulg.
2332 5321 2543 5395 πίστιν
2590 5320 2691 5386 τῷ.
2745 5320 2949 5395 [θυμέ
2976 5322 3277 5395 elegantius
3324 5323 3493 5375 codex

1917 5391 2202 5447 Medicaeus
2234 5393 2509 5463 scriptum
2532 5393 2692 5445 habet
2724 5391 2904 5447 πίστιν
2934 5391 3091 5462 δὲτῴ
3137 5391 3375 5463 ῥηθέντι.

1989 5464 2101 5534 (68)
2136 5465 2388 5534 Ἀνῳθεν
2420 5462 2519 5514 καὶ
2549 5465 2636 5528 εις
2662 5463 2859 5532 δεῦρο.
2907 5462 3180 5518 Particula
3218 5462 3311 5515 καί
3343 5462 3497 5517 deest

1919 5536 1970 5589 in
2003 5533 2194 5588 Codice
2220 5533 2476 5587 Medii-aco
2498 5573 2513 5593 .
2551 5552 2651 5588 nec
2680 5537 2969 5590 admodum
3024 5534 3332 5587 necessaria
3386 5543 3494 5587 est.

1918 5606 2037 5659 Mox
2064 5606 2152 5659 ubi
2181 5604 2384 5674 legitur
2410 5620 2431 5677 7:
2462 5604 2557 5677 καὶ
2582 5604 2680 5677 τὰς
2705 5606 2970 5677 πρότερον
3002 5603 3325 5677 γενομένας,
3352 5602 3492 5677 idem

1917 5677 2085 5729 codex
2132 5673 2292 5727 habet
2334 5676 2430 5727 καὶ
2458 5675 2558 5738 τὰς
2585 5673 2804 5729 πώποτε
2830 5673 2890 5744 γ.
2941 5677 3074 5728 Item
3121 5688 3216 5744 pro
3243 5673 3491 5743 ἐγχειρή-

1920 5763 2055 5809 σεως
2098 5744 2303 5817 πέρας,
2359 5746 2552 5803 scribit
2595 5748 2694 5811 τάς
2728 5743 3066 5818 ἐγχειρήσεις
3113 5743 3307 5815 πέρας,
3358 5760 3491 5812 quu-

3098 5840 3178 5898 32
