4114 6432
291 274 491 331 ‘025
1453 276 1540 330 DF.
1582 277 1740 333 VlTA
1780 276 2243 334 CONSTANTINI
2282 276 2412 334 LIB.
2458 279 2524 337 li.
3478 290 3620 345 1026

285 394 529 458 τοεέας
543 394 654 464 (55)
672 394 877 464 πλάνης
908 395 1016 447 τῶν
1047 394 1154 467 πρὸ
1185 395 1350 449 αὑτοῦ
1380 398 1798 468 κεκρατηκότων
1818 397 1906 466 (Si

2038 396 2295 452 vinciales
2342 398 2641 452 orationem
2684 396 2935 469 misitfde
2978 415 3167 457 errore
3195 402 3374 459 cultus
3408 406 3618 461 simula-

288 488 455 551 τοῖς
478 485 621 540 κατά
649 488 755 541 πᾶν
785 486 935 551 ἔθνος
969 486 1339 559 ὲπαρχεώταις
1369 488 1711 559 κατέπεμπε,
1739 487 1909 559 λογιώι

2029 502 2273 555 crorum,
2307 505 2416 559 quo
2462 491 2820 559 imperatores
2854 490 3086 546 Romani
3119 506 3247 549 ante
3288 496 3455 565 ipsius
3485 509 3611 551 aeta-

290 592 498 649 τερον
537 577 663 640 τοὺς
698 579 1029 651 ἀρχομένους
1074 578 1421 651 προτρέπων,
1464 579 1555 632 τὸν
1586 579 1677 632 ἐπὶ
1710 578 1909 631 πάντωπ

2032 587 2137 633 tem
2176 580 2400 634 involuti
2441 580 2694 639 fuissent.
2735 584 2801 637 Et
2850 585 3098 640 subditos
3123 585 3290 658 466
3327 604 3457 643 suos
3494 606 3615 644 cum

292 668 470 723 Θεὸν
502 670 808 741 γνωρίζειν,
839 670 999 723 αὐτόν
1026 687 1087 722 τε
1117 670 1208 723 τὸν
1244 669 1478 741 Χριστὸν
1508 669 1672 723 αὐτοῦ
1703 670 1909 740 διαρρή-

2028 670 2330 727 admirabili
2384 673 2639 729 facundia
2691 677 3016 731 exhortatus
3067 689 3189 743 est,
3228 693 3286 732 ut
3345 696 3616 735 summum

295 759 433 833 δην
461 761 859 833 ἐπιγράφεσθαι
889 762 1129 833 σωτῆρα.
1150 762 1259 815 Καὶ¹
1282 761 1487 833 ταύτην
1510 761 1566 813 δὲ
1590 760 1685 832 τὴν
1708 762 1909 831 γραφὴι.

2026 764 2268 818 omnium
2298 763 2464 819 Deum
2525 776 2906 836 agnoscerent,
2962 767 3190 838 ejusque
3224 770 3420 825 Filium
3455 773 3617 825 Chri-

299 854 683 923 αὐτόγραφον
720 850 883 907 οὖσαν
930 852 1118 917 αὐτοῦ,
1160 856 1226 907 ὲκ
1258 853 1359 924 τῆς
1403 853 1687 924 Ῥωμαίων
1738 853 1924 923 φωνῆς

299 945 629 999 ἀπολαϐεῖν
660 948 953 1015 ἀναγκαῖον
985 945 1062 1017 τῷ
1093 945 1320 1018 παρόντι
1347 945 1509 1017 λόγῳ,
1542 946 1617 1009 ὡς
1650 945 1717 999 ἂν
1748 946 1923 998 δοκοῖ-

307 1055 437 1108 μεν
463 1038 629 1092 αὑτοῦ
665 1038 926 1109 βασιλέως
960 1037 1273 1103 ἐπακούειν,
1307 1042 1427 1101 ταῖς
1459 1039 1674 1092 πάντων
1709 1036 1921 1108 ἀνθρώ-

300 1148 453 1185 πων
486 1131 678 1194 ἀκοαῖς
711 1129 898 1185 τοῦτον
932 1129 1230 1195 ἐκϐοῶντος
1255 1130 1346 1184 τὸν
1376 1130 1597 1202 τρόπον.

828 1423 1011 1476 ΚΕΦΑ
1020 1424 1226 1476 ΛΑΙΟΝ
1265 1424 1385 1477 MH'
1396 1463 1410 1477 .

310 1516 792 1586 Kwatartlrou
836 1515 985 1586 πρὸς
1022 1516 1127 1586 τὰς
1163 1517 1455 1585 ἐπαρχίας
1487 1517 1620 1584 περὶ
1660 1515 1772 1586 τῆς
1805 1530 1911 1572 πο-

398 1586 624 1657 λυθέου
667 1584 905 1657 πλάνης
930 1584 1248 1657 διάταγμα·
1280 1584 1377 1640 καὶ
1422 1584 1730 1657 προοίμιον
1776 1588 1908 1657 περὶ

401 1654 621 1724 ἀρετῆς
659 1656 755 1709 καὶ
797 1656 1028 1722 κακίας.

408 1770 428 1800 ι
457 1748 699 1820 Νικητὴς
716 1751 1139 1813 Κωνσταντῖνος,
1161 1750 1414 1820 μέγιστος
1438 1748 1716 1812 σεϐαστὸς,
1740 1751 1883 1823 ἐπαρ
1898 1784 1914 1794 -
1946 1749 1989 1803 Β

316 1841 565 1913 χεώταις
598 1840 953 1904 άνατολικοῖς.

408 1951 425 1983 ι
453 1932 635 1985 Πάντα
684 1932 782 2003 μὲν
831 1933 931 1985 ὅσα
979 1933 1091 1996 τοῖς
1140 1932 1501 2005 κυριωτάτοις
1547 1934 1646 2004 τῆς
1697 1934 1913 2003 φύσεως

319 2026 645 2095 περιέχεται
679 2024 885 2095 νόμοις,
912 2025 1010 2094 τῆς
1043 2024 1185 2078 κατὰ
1212 2025 1311 2095 τὴν
1339 2025 1489 2079 θείαν
1514 2025 1750 2090 διάταξιν
1777 2044 1910 2098 προ-

321 2118 477 2182 νοίας
508 2135 566 2171 τε
598 2118 691 2171 καὶ
723 2117 956 2189 Θεωρίας
992 2118 1182 2188 ἱκανὴν
1207 2117 1457 2188 αἴσθησιν
1473 2122 1582 2182 τοῖς
1603 2121 1733 2171 πᾶσι
1772 2137 1909 2192 παρ·

324 2212 466 2283 έχει,
514 2210 634 2263 οὐδέ
681 2211 795 2263 ἐστί
831 2227 913 2272 τις
942 2209 1243 2279 ἀμφιϐολία
1274 2204 1356 2272 οἷς
1382 2211 1502 2262 κατ’
1530 2211 1742 2265 εὐθεῖαν
1772 2210 1915 2279 γνώ-

322 2319 468 2366 σεως
516 2301 632 2355 ὁδὸν
668 2302 699 2371 ἠ
733 2299 938 2353 διάνοια
972 2300 1058 2352 ἐπ’
1100 2302 1308 2352 ἐκεῖνον
1343 2300 1533 2367 ἄγεται
1562 2299 1651 2352 τὸν
1686 2300 1909 2363 σκοπὸν,

321 2392 403 2455 ὡς
447 2394 481 2461 ἡ
525 2391 620 2443 τοῦ
668 2390 855 2459 ὑγιοῦς
896 2388 1154 2461 λογισμοῦ
1185 2389 1279 2441 καὶ
1319 2391 1418 2460 τῆς
1457 2390 1633 2461 ὅψεως
1679 2393 1846 2463 αὐτῆς
1878 2394 1911 2462 ή

322 2481 563 2555 ἀκριϐὴς
609 2480 944 2551 κατάληψις,
1013 2482 1111 2552 μιᾷ
1165 2484 1302 2551 ῥοπῇ
1352 2481 1452 2551 τῆς
1504 2481 1737 2553 ἀληθοῦς
1785 2483 1912 2553 ἀρε-

322 2576 425 2645 τῆς
452 2573 563 2644 (55)
612 2575 705 2626 ἐπὶ
737 2575 834 2644 τὴν
866 2572 1066 2641 γνῶσιν
1100 2572 1361 2644 ἀναφέρει
1395 2573 1487 2626 τοῦ
1513 2573 1667 2627 Θεοῦ.
1712 2574 1912 2647 Διόπερ

324 2670 435 2731 πᾶς
471 2666 687 2730 συνετὸς
717 2666 854 2737 ἀνὴρ
884 2667 983 2721 οὐκ
1010 2666 1075 2719 ἄν
1109 2683 1237 2719 ποτε
1271 2664 1592 2738 ταραχθείη,
1623 2668 1749 2730 τοὺς
1782 2667 1910 2720 πολ-

324 2758 453 2823 λοὺς
485 2758 627 2829 ὁρῶν
671 2758 940 2821 ἐναντίαις
993 2757 1346 2829 προαιρέσεσι
1402 2757 1751 2828 φερομένους.
1803 2759 1913 2810 Ἀνο

323 2848 515 2921 όνητος
542 2849 653 2919 (56)
687 2848 797 2921 γάρ
828 2847 892 2902 ἂν
921 2851 954 2920 ἡ
989 2850 1086 2917 τῆς
1123 2848 1327 2920 ἀρετῆς
1356 2848 1613 2902 ἐλάνθανε
1647 2850 1825 2921 χάρις,
1863 2853 1910 2903 εί

328 2943 405 3014 μὴ
434 2943 765 3013 καταντικρὺ
790 2942 881 2994 τὸν
908 2942 1007 3011 τῆς
1031 2940 1473 3012 διεστραμμένης
1505 2943 1765 3006 ἀπονοίας
1798 2942 1911 3012 βίον

329 3035 363 3103 ή
391 3036 561 3090 κακία
592 3034 983 3107 προῦϐέϐλητο.
1020 3036 1111 3088 Διὸ
1156 3035 1251 3105 τῆς
1285 3034 1383 3104 μὲν
1417 3036 1618 3105 ἀρετῆς
1649 3036 1911 3106 στέφανος

2024 860 2167 907 stum
2199 853 2300 908 sibi
2327 866 2659 911 servatorem
2700 858 3087 913 adsciscerent.
3124 859 3294 914 Porro
3323 863 3419 915 has
3450 865 3613 917 etiam

2024 945 2234 1002 litteras
2267 964 2427 1003 manu
2456 951 2627 1019 ipsius
2666 954 2924 1023 scriptas,
2953 970 3017 1008 ex
3052 953 3246 1009 Latino
3273 972 3523 1010 sermone
3562 957 3612 1009 in

2022 1035 2270 1093 Graecum
2302 1042 2626 1108 transferre,
2657 1052 2711 1097 et
2740 1046 2994 1113 praesenti
3037 1048 3189 1115 operi
3220 1047 3465 1100 intexere
3512 1062 3610 1101 ue-

2020 1130 2317 1184 cessarium
2350 1133 2477 1187 duxi
2507 1152 2519 1187 :
2559 1143 2616 1187 ut
2666 1134 2843 1204 ipsum
2889 1137 3292 1205 quodammodo
3324 1140 3612 1207 imperato-

2019 1234 2135 1275 rem
2168 1223 2327 1278 uobis
2384 1226 2575 1281 audire
2603 1228 2908 1295 videamur,
2938 1240 3263 1285 cunctorum
3298 1230 3611 1285 mortalium

2016 1314 2238 1371 auribus
2272 1318 2324 1371 in
2361 1319 2479 1373 hate
2524 1322 2686 1374 verba
2724 1321 3140 1376 inclamantcm.

2575 1430 2807 1486 CAPUT
2846 1432 3074 1487 XLVIII.

2013 1519 2346 1595 Constantini
2388 1522 2615 1595 edictum
2679 1525 2748 1595 {id
2785 1524 3130 1587 provinciales
3182 1525 3247 1577 de
3294 1525 3431 1595 falsa
3465 1527 3609 1581 cultu

2083 1591 2370 1645 multorum
2396 1591 2645 1646 Deorum.
2671 1592 2973 1647 Exordium
3004 1596 3068 1648 de
3098 1591 3303 1649 virtute
3317 1607 3366 1649 et
3392 1599 3535 1651 vitio.

2100 1762 2120 1795 ι
2152 1743 2340 1798 Victor
2376 1743 2767 1800 Constantinus
2801 1744 3068 1801 Maximus
3088 1746 3363 1818 Augustus
3394 1750 3605 1817 provin-

2029 1836 2260 1892 cialibus
2291 1835 2557 1891 Orientis.

2106 1946 2124 1978 ι
2153 1926 2496 1996 Quaecunque
2529 1927 2856 1984 ﬁrmissimis
2914 1939 3121 1984 naturae
3188 1930 3393 2000 legibus
3442 1931 3610 1986 conti-

2014 2028 2230 2086 nentur,
2288 2017 2482 2073 divinze
2543 2021 2893 2089 providentiae
2941 2030 3103 2090 atque
3143 2022 3510 2092 intelligentia;
3554 2023 3605 2077 in

2015 2109 2223 2164 cunctis
2268 2109 2429 2164 rebus
2460 2110 2780 2165 ordinandis
2821 2110 3176 2166 suiIicientem
3204 2114 3450 2168 notitiam
3485 2130 3606 2168 om-

2015 2201 2173 2257 nibus
2205 2200 2466 2269 prazbeut.
2486 2200 2597 2255 Nec
2618 2201 2724 2255 ulla
2753 2203 2971 2257 exsistit
3000 2204 3261 2259 dubitatio
3280 2204 3344 2259 iis
3374 2220 3603 2274 quorum

2016 2300 2222 2345 mentes
2256 2301 2402 2346 recto
2430 2291 2667 2347 scientiae
2697 2292 2893 2347 itinere
2924 2293 2991 2348 ad
3021 2281 3146 2348 eum
3170 2308 3389 2363 scopum
3423 2292 3607 2348 terun-

2017 2390 2124 2446 tur,
2152 2380 2278 2449 quin
2321 2396 2465 2435 sanae
2499 2382 2693 2438 mentis
2720 2383 2997 2455 ipsiusque
3026 2385 3303 2441 oculorum
3334 2387 3482 2441 visus
3511 2401 3604 2441 ac-

2015 2484 2197 2527 curata
2256 2475 2691 2542 comprehensio,
2724 2491 2867 2531 vera:
2887 2478 3102 2530 virtutis
3122 2478 3308 2532 eodem
3352 2489 3605 2548 vergente

2016 2574 2180 2636 atque
2232 2565 2523 2621 inclinante
2581 2577 2812 2636 natura,
2893 2570 2960 2624 ad
3044 2571 3289 2625 notitiam
3333 2570 3425 2625 Dei
3483 2588 3605 2641 per-

2015 2658 2199 2711 ducat.
2240 2657 2507 2725 Quocirca
2574 2676 2734 2715 rremo
2785 2677 3023 2722 unquam
3074 2664 3156 2717 vir
3215 2663 3450 2733 prudens
3483 2664 3605 2717 aui-

2014 2767 2103 2806 mo
2124 2754 2704 2819 conturbabitur,cum
2750 2754 3039 2825 plerosque
3086 2757 3331 2811 homines
3387 2767 3604 2810 contra-

2023 2845 2105 2898 ria
2129 2844 2273 2900 inter
2294 2862 2352 2901 se
2385 2847 2508 2901 vita;
2532 2847 2780 2902 instituta
2800 2850 2998 2903 sectari
3036 2849 3436 2904 animadvertit.
3468 2848 3602 2903 Nam

2013 2938 2229 2993 virtutis
2252 2938 2423 3009 gratia
2448 2954 2671 3007 prorsus
2714 2940 2919 2995 inutilis
2952 2939 3184 3005 lateret,
3217 2940 3321 2995 nisi
3344 2938 3605 3009 improbi-

2014 3039 2097 3085 tas
2135 3046 2447 3100 perversam
2509 3048 2575 3086 ac
2628 3032 2966 3102 desperatam
3002 3033 3213 3087 vivendi
3246 3033 3508 3088 rationem
3534 3045 3602 3087 ex

324 3096 647 3201 eipdxenat;
680 3129 779 3199 τῆς
812 3128 868 3181 δὲ
890 3096 1147 3200 ’κρίσεως
1176 3096 1470 3180 α’ῦθεντεῖό
1502 3096 1724 3197 ὕψιστος
1756 3096 1906 3192 ὀεόςζ

2016 3124 2244 3177 adverso
2297 3135 2614 3191 apponeret.
2668 3122 2875 3177 Idcirco
2931 3124 3111 3178 virtuti
3150 3124 3368 3193 quidem
3402 3137 3603 3179 corona

336 3218 480 3288 Ἐγὼ
521 3220 566 3272 δ’
608 3219 683 3283 ὡς
720 3218 799 3272 ἔνι
850 3219 1085 3290 μάλιστα
1134 3219 1405 3291 φανερῶς,
1462 3220 1591 3289 περὶ
1633 3219 1743 3273 τῶν
1790 3221 1910 3273 κατ’

324 3314 564 3377 ἐμαυτὸν
606 3314 834 3368 ἐλπίδων
880 3316 1045 3368 πᾶσιν
1097 3315 1225 3386 ὑμῖν
1272 3313 1603 3385 ὁμολογῆσαι
1653 3314 1911 3387 πειράσο-

328 3424 449 3479 μαι.
475 3426 493 3458 ι

833 3656 1225 3712 ΚΕΦΑΛᾹΙΟΝ
1264 3657 1397 3712 ΜΘἎ

327 3753 469 3821 Περὶ
515 3751 622 3805 τοῦ
674 3750 957 3820 φιλοθέου
1010 3750 1232 3821 πατρὸς
1277 3749 1905 3821 Κωνστᾳντὶνουηκαὶ

363 3818 495 3891 περὶ
514 3818 937 3889 Διοκλητιανοῦ
953 3820 1052 3873 καὶ
1067 3819 1439 3889 Μαξιμιανοῦ
1456 3818 1575 3873 τῶν
1589 3819 1872 3874 διωκτῶν.

401 3933 420 3966 ι
454 3914 651 3984 Ἔσχον
683 3912 857 3980 ἔγωγε
887 3913 1013 3975 τοὺς
1042 3911 1149 3983 πρὸ
1174 3911 1363 3966 τούτου
1393 3911 1718 3983 γενομένους
1752 3913 1907 3966 αὐτο-

326 4005 620 4077 κράτορας,
655 4003 743 4057 διὰ
789 4003 851 4057 τὸ
882 4004 991 4056 τῶν
1041 4003 1256 4074 τρόπων
1308 4003 1903 4074 ἅγριον,ἀποκλήρους’

329 4099 486 4169 μόνος
513 4098 556 4151 δ’
588 4100 615 4150 ὁ
636 4096 821 4168 πατὴρ
846 4098 873 4149 ό
899 4096 1031 4166 ἐμὸς
1069 4095 1407 4166 ἡμερότητος
1439 4093 1576 4167 ἔργα
1604 4095 1907 4165 μετεχειρί-

325 4190 469 4255 ζετο,
505 4189 642 4260 μετά
667 4188 985 4259 θαυμαστῆς
1011 4185 1296 4249 εὐλαϐείας
1328 4188 1385 4239 ἐν
1408 4187 1610 4250 πάσαις
1638 4189 1760 4250 ταῖς
1786 4188 1911 4239 ἐαυυ

323 4282 416 4336 τοῦ
454 4282 687 4353 πράξεσι
717 4282 805 4335 τὸν
851 4281 1073 4353 Πατέρα
1102 4280 1233 4333 Θεὸν
1273 4278 1720 4351 ἐπικαλούμενος.
1757 4281 1909 4334 Ὅσοι

324 4371 376 4423 δὲ
420 4371 736 4442 λοιποὶ,οὑχ
787 4371 1118 4440 ὑγιαίνοντες
1160 4369 1259 4433 τὰς
1306 4370 1526 4440 φρένας,
1582 4370 1910 4442 ἀγριότητος

2015 3213 2289 3283 proposita
2340 3220 2465 3267 est:
2506 3213 2840 3281 improbitati
2900 3222 3080 3268 autem
3125 3212 3488 3279 dijudicandae
3538 3227 3604 3266 ac

2010 3302 2301 3371 punienda:
2333 3312 2529 3372 praeest
2562 3302 2706 3357 Deus
2754 3304 3077 3359 altissmms.
3113 3304 3226 3374 Ego
3262 3318 3394 3360 vero
3422 3304 3490 3359 de
3538 3320 3601 3359 ea

2011 3410 2108 3464 spe
2145 3403 2306 3464 atque
2338 3395 2752 3463 exspectatione
2812 3410 2974 3463 quam
3008 3409 3138 3465 gero
3179 3409 3358 3449 rerum
3395 3394 3602 3448 futura-

2011 3500 2153 3549 rum,
2176 3486 2355 3554 quoad
2387 3492 2578 3555 potero
2624 3485 2973 3556 apertissime
3001 3484 3155 3539 vobis
3200 3484 3477 3539 disserere
3511 3499 3602 3538 co-

2011 3574 2205 3628 nabor.
2235 3593 2253 3625 ι

2577 3665 2806 3722 CAPUT
2848 3665 3035 3721 XLIX.

2014 3754 2089 3808 De
2128 3755 2321 3826 piokoc
2378 3756 2473 3809 Dei
2513 3759 2877 3826 amantissimo
2948 3756 3284 3810 Constantini
3338 3767 3517 3826 patre.
3553 3766 3601 3813 τι

2115 3831 2179 3876 (ιε
2213 3823 2543 3879 Diocletiano
2569 3836 2617 3879 et
2670 3825 3002 3880 Maximiano
3044 3823 3490 3895 persecutoribus.

2094 3934 2111 3965 ι
2144 3917 2220 3969 Ac
2263 3916 2575 3985 superiores
2603 3916 2817 3986 quidem
2857 3918 3310 3987 imperatores.ob
3329 3919 3598 3973 feritatem

2011 4015 2171 4075 atque
2214 4008 2607 4062 immanitatem
2657 4024 2887 4073 morum,
2941 4009 3148 4063 alienos
3188 4023 3403 4077 semper
3434 4018 3599 4079 atque

2010 4107 2304 4152 extraneos
2335 4098 2516 4152 habui.
2550 4097 2709 4153 Solus
2745 4109 2903 4169 pater
2936 4115 3087 4154 incus
3120 4099 3331 4153 lenitati
3360 4115 3423 4154 ac
3454 4117 3599 4154 mau-

2011 4189 2281 4243 suetudini
2320 4190 2546 4252 studuit,
2578 4205 2702 4244 cum
2757 4190 3074 4245 admiranda
3127 4189 3389 4259 religione
3428 4190 3596 4245 Deum

2010 4278 2231 4333 Patrem
2274 4280 2325 4334 iu
2368 4280 2623 4335 omnibus
2662 4281 2777 4335 suis
2819 4280 3031 4335 actibus
3068 4282 3349 4335 invocans.
3383 4280 3596 4349 Reliqui

2014 4388 2144 4429 vero
2193 4374 2613 4444 haudquaquam
2646 4388 2777 4428 sana
2818 4385 3000 4428 mente
3047 4373 3282 4442 prmditi,
3340 4373 3596 4427 immani-

398 4526 512 4598 (55)
570 4525 724 4595 Vulg.
765 4525 1165 4598 διδασκαλίαν
1210 4521 1368 4598 τῆς»-
1399 4522 1909 4598 εἰδωλολςῑτρείᾳς.

2029 4541 2091 4578 ex
2127 4528 2241 4597 ipsa
2274 4543 2450 4582 rerum
2487 4526 2825 4598 sensibilium
2868 4527 3099 4581 veritate
3150 4528 3511 4596 progreditur,
3543 4534 3599 4580 et

328 4592 699 4653 Scribentluui
734 4608 818 4653 est
840 4597 940 4650 διδ.
996 4596 1137 4649 κατά
1158 4597 1259 4665 τῆς
1297 4592 1738 4665 είδωλολατρείας
1776 4596 1916 4648 πλά-

325 4685 446 4740 νης,
496 4678 553 4740 ut
599 4669 655 4740 in
709 4668 891 4723 Morcei
931 4667 1074 4740 libro
1116 4665 1517 4740 adularginem
1564 4666 1911 4740 emendatum

328 4734 534 4794 inveni.
592 4739 683 4792 Est
717 4748 898 4793 autem
927 4734 1247 4790 διδασκαλία
1286 4750 1476 4797 sermo,
1526 4736 1728 4796 concio,
1766 4734 1913 4787 διδα-

329 4808 588 4872 σκαλικὸς
618 4809 793 4878 λόγος.
845 4808 903 4861 In
941 4808 1129 4861 codice
1170 4803 1318 4878 Ὲιιιικ
1343 4805 1430 4878 liie
1473 4804 1625 4878 locus
1664 4805 1735 4878 ita
1775 4809 1912 4878 sit-ri-

326 4879 493 4943 bitur,
522 4873 865 4934 διδασκαλίαν
893 4877 1033 4931 κατὰ
1058 4880 1154 4948 τῆς
1179 4873 1623 4945 είδωλολατρείας
1650 4874 1744 4927 καὶ
1771 4875 1906 4928 πλά-

327 4968 448 5007 νης.
484 4960 587 5003 etc.

684 5017 798 5093 πρὸ
818 5018 1004 5073 αὑτοῦ
1026 5014 1492 5093 κεκρατηκότων.
1524 5013 1764 5093 ξεεείιιις
1787 5015 1899 5069 hmc

328 5086 502 5148 vertit"
531 5086 1051 5159 Christopborsouus
1077 5090 1192 5157 qui,
1217 5098 1274 5159 ut
1293 5087 1506 5159 opinor,
1523 5086 1763 5159 _Por_tesii
1788 5101 1901 5137 ver-

329 5164 534 5219 sionem
565 5178 667 5215 non
704 5156 930 5214 viderat.
959 5156 1127 5213 Recte
1154 5157 1299 5212 enim
1325 5156 1602 5211 Portesius
1631 5157 1743 5209 haec
1773 5171 1898 5207 ver-

330 5235 399 5289 ba
428 5237 811 5301 interpretatus
840 5241 941 5294 est,
991 5230 1237 5298 quamvis
1262 5241 1480 5283 sensum
1510 5243 1616 5280 nou
1652 5226 1722 5279 sit
1751 5239 1902 5279 asse-

330 5314 509 5360 ClllllS.

402 5374 513 5445 (55)
553 5370 847 5447 Illicipozii
871 5370 981 5447 τῆς
1011 5368 1282 5447 ἀληθοῦς
1309 5366 1547 5436 ἀρετῆς.
1591 5366 1779 5447 Virtus
1809 5366 1901 5447 hic

332 5443 430 5513 pro
466 5444 793 5512 perfectione
838 5445 976 5494 sumi
1016 5443 1395 5513 videtur,_t_am
1446 5455 1508 5492 ea
1553 5452 1671 5513 quae
1704 5446 1788 5513 est
1839 5443 1889 5489 in

334 5508 657 5582 visu-quam
691 5528 811 5581 qua:
838 5514 888 5565 iu
940 5510 1234 5582 intellectu.
1266 5509 1508 5582 Utraque
1537 5508 1681 5582 enim
1715 5508 1799 5559 vis
1829 5521 1892 5582 ac

332 5577 588 5653 perfeciio
626 5577 812 5638 eodem
861 5579 1163 5653 tentlit,_ad
1198 5580 1441 5653 veritatis
1491 5578 1701 5632 scilicet
1745 5577 1890 5653 uoti-

334 5646 483 5708 iiam.
529 5655 732 5707 Sensus
764 5653 981 5721 quidem
1017 5651 1082 5703 ad
1114 5650 1399 5721 veritatem
1430 5664 1618 5721 rerum
1652 5646 1887 5721 sensibi-

334 5726 493 5785 lium.
523 5717 825 5779 intellectus
862 5738 989 5777 vero
1040 5721 1107 5775 ad
1146 5719 1556 5783 iutelligibilium
1604 5717 1889 5772 veritatem

2029 4598 2153 4651 hinc
2209 4600 2274 4650 ad
2322 4600 2515 4651 summi
2563 4599 2651 4651 Dei
2710 4597 2959 4650 notitiam
3013 4598 3278 4662 gradatim
3328 4599 3595 4651 ascendit.

2016 4665 2204 4723 Potest
2238 4669 2399 4722 etiam
2432 4670 2531 4722 hoc
2568 4668 2710 4728 loco,
2746 4666 2914 4737 ἀρετὴ
2944 4668 3040 4720 τοῦ
3081 4666 3315 4737 ἀληθοῦς
3362 4668 3467 4721 dici
3514 4668 3598 4721 vis

2010 4752 2075 4789 ac
2106 4740 2277 4792 virtus
2312 4740 2578 4792 veritatis.
2629 4739 2758 4802 Qua:
2786 4749 3091 4806 sequuntur
3131 4747 3336 4800 tamen,
3382 4737 3449 4791 de
3479 4753 3598 4789 nio-

2012 4809 2111 4861 rali
2157 4809 2354 4861 virtute
2392 4809 2538 4862 hunc
2590 4808 2765 4861 locum
2814 4807 3192 4875 accipiendum
3224 4822 3345 4862 esse
3391 4808 3598 4861 contir-

2007 4889 2151 4932 maul
2167 4921 2179 4933 .

2079 4950 2191 5020 (50)
2237 4950 2389 5020 Vulg.
2438 4948 2911 5020 drdntoc._Lego
2968 4947 3260 5020 ἀνόνητος,
3312 4956 3369 5020 ut
3408 4954 3491 5020 est
3541 4947 3595 5020 in

2004 5016 2360 5088 Fuk.,Mora:i
2376 5031 2428 5074 et
2453 5016 2669 5075 Gruteri
2696 5016 2861 5071 libro.
2881 5018 3044 5071 Paulo
3068 5016 3188 5087 post
3216 5017 3398 5072 scribo
3424 5016 3505 5069 διὸ
3526 5019 3592 5088 τῇ

2008 5094 2105 5165 μὲν
2151 5093 2319 5164 ἀρετῇ
2367 5091 2630 5165 στέφανος
2678 5088 2992 5165 πρόκειται.
3033 5090 3418 5165 Δδιιηι-ιιιιιειη
3474 5088 3594 5139 haec

2003 5158 2163 5218 valde
2190 5158 2427 5217 obscura
2467 5158 2523 5213 et
2566 5158 2854 5223 intricata;
2900 5158 3044 5226 quod
3082 5160 3277 5227 partim
3323 5158 3596 5227 (lotistau-

2007 5236 2121 5288 tiuo
2171 5234 2271 5300 ipsi
2310 5232 2652 5300 tribuendum
2684 5238 2789 5293 est,
2829 5225 3154 5300 quiutpote
3197 5225 3498 5297 ὀψιμαθὴς,
3538 5229 3589 5300 in

2007 5296 2238 5359 dicendo
2277 5311 2397 5355 erat
2444 5299 2757 5364 obscurior;
2807 5296 3008 5359 partim
3059 5296 3316 5360 Eusebio,
3354 5296 3446 5349 seu
3499 5296 3589 5348 cui

2006 5374 2160 5428 alteri
2187 5373 2277 5442 qui
2295 5387 2359 5426 ex
2376 5371 2584 5442 Latiu_is
2603 5370 2853 5442 obscuris
2877 5369 3069 5442 Graeca
3098 5369 3225 5422 fecit
3250 5365 3589 5442 obscuriora.

1999 5443 2057 5497 lu
2104 5437 2473 5510 Inatiuscripto
2522 5439 2739 5494 Fuketii
2785 5439 2925 5492 libro
2972 5438 3233 5509 ἀνόνητος
3280 5437 3497 5508 legitur,
3537 5444 3595 5489 et.

1997 5513 2078 5568 διὸ
2107 5513 2207 5584 τῆς
2240 5513 2339 5585 μὲν
2374 5512 2599 5585 ἀρετῆς,
2630 5510 2998 5581 clc.,0ptiuie.
