4114 6432
1447 157 1463 184 ι

607 306 745 362 1051

1320 303 1591 362 EUSEBII
1627 303 2105 362 CESARIENSIS
2142 303 2296 359 OPP.
2340 303 2521 359 PARS
2559 304 2600 359 l.
2640 334 2709 346 -
2747 302 3141 361 IIISTOBICA.

3752 312 3874 369 I031

606 435 768 492 atque
818 422 966 492 impii
1003 421 1266 479 scelerata
1320 436 1614 479 everswne
1659 432 1963 487 vastarunt,
2003 425 2152 477 denu

2287 420 2347 474 ὃν
2369 423 2418 474 oi
2456 423 2689 493 μυσαροὶ
2717 424 2916 476 ἐκεῖνοι
2941 425 3034 477 καὶ
3063 423 3449 476 ἀσεϐέστατοι
3478 419 3561 491 τῷ
3597 422 3881 498 ἀτοπήματι

607 513 926 568 instaurem.
972 529 994 564 ι

1184 603 1413 659 CAPUT
1467 603 1601 659 LVI.

641 695 920 764 Quomodo
947 712 1124 751 omnes
1153 697 1366 766 quidem
1391 695 1743 750 Christianos
1776 710 1888 749 esse
1928 696 2146 764 optavit,

1046 769 1305 821 neminem
1337 779 1513 820 autem
1548 767 1738 836 coegit.

686 881 705 915 ι
733 860 992 932 Equidem
1024 857 1277 928 populum
1315 866 1461 912 tuum
1495 869 1686 926 pacate
1714 872 1779 913 ac
1811 858 1928 914 sine
1961 859 2066 912 ulla
2099 874 2184 915 se-

605 955 810 1011 ditione
847 952 1066 1022 degere,
1094 966 1193 1021 pro
1236 951 1512 1005 communi
1548 950 1714 1006 totius
1743 952 1893 1006 orbis
1923 961 1979 1006 et
2012 967 2180 1007 cunc-

602 1054 783 1101 torum
815 1043 1121 1099 mortalium
1150 1043 1387 1097 utilitate
1417 1043 1686 1100 desidero.
1715 1042 1816 1110 Qui
1841 1053 2020 1099 autem
2048 1059 2182 1113 gen-

601 1137 809 1194 tilitatis
835 1149 1022 1190 errore
1058 1131 1320 1202 implicati
1346 1141 1494 1196 sunt,
1543 1133 1640 1201 ipsi
1676 1147 1892 1203 quoque
1931 1136 2177 1188 eamdem

601 1245 725 1286 cum
754 1227 1003 1283 ﬁdelibus
1057 1225 1210 1295 pacis
1253 1232 1308 1278 et
1353 1225 1555 1294 quietis
1605 1213 2024 1282 oblectationem
2071 1225 2177 1280 laeti

599 1320 925 1391 percipiant.
980 1316 1106 1372 Haec
1154 1315 1298 1371 enim
1354 1316 1756 1371 communionis
1797 1332 1861 1373 ac
1896 1317 2177 1373 societatis

600 1419 797 1464 mutuae
829 1407 1124 1477 reparatio,
1167 1405 1233 1459 ad
1279 1405 1528 1460 homines
1561 1407 1614 1459 in
1654 1416 1856 1460 rectam
1911 1407 2054 1460 viam
2087 1422 2173 1462 re-

597 1501 874 1556 ducendos
918 1499 1210 1568 plurimum
1253 1499 1418 1552 valet.
1465 1495 1638 1552 Nemo
1671 1498 1828 1553 alteri
1867 1499 2173 1554 molestiam

595 1589 847 1645 facessat.
881 1588 1034 1654 Quod
1064 1586 1263 1655 cuique
1293 1586 1506 1641 libitum
1542 1587 1737 1653 fuerit,
1773 1589 1823 1642 id
1859 1597 2002 1657 agat.
2039 1587 2173 1642 Illud

597 1691 775 1736 tamen
807 1682 948 1750 apud
982 1694 1077 1733 eos
1108 1681 1199 1748 qui
1230 1690 1376 1734 reete
1402 1679 1648 1734 sentiunt
1675 1678 1840 1734 ﬁxum
1885 1689 2174 1748 ratumque

2284 513 2386 584 τῆς
2412 513 2784 584 καθαιρέσεως
2807 513 3164 586 ἐλυμήναντο.
3213 535 3234 566 ι

2800 607 3200 660 ΚΕΨΑΛΛΙΟΝ
3239 607 3400 672 NG".

2287 693 2416 748 Ὅτι
2441 695 2840 763 προσεύχεται
2865 695 2982 764 μὲν
3009 695 3432 766 Χριστιανοὺς
3459 691 3619 750 εἶναι
3651 697 3874 766 πάντας,

2777 767 2888 818 οὐκ
2925 765 3247 835 ἀναγκάζει
3276 766 3377 820 δέ.

2360 876 2378 908 ι
2406 856 2722 928 Εἰρηνεύειν
2757 875 2851 910 σου
2879 857 2973 910 τὸν
2998 857 3127 912 λαὸν
3161 861 3265 914 καὶ
3310 861 3693 914 ἀστασίαστον
3721 864 3873 934 μένειν

2281 948 2555 1019 ἐπιθυμῶ,
2597 950 2738 1020 ὑπὲρ
2778 949 2872 1002 τοῦ
2922 950 3103 1004 κοινοῦ
3150 952 3258 1023 τῆς
3307 955 3655 1024 οἰκουμένης
3685 958 3774 1009 καὶ
3801 961 3873 1012 τοῦ

2281 1040 2498 1094 πάντων
2530 1040 2832 1111 ἀνθρώπων
2867 1042 3159 1114 χρησίμου.
3193 1044 3444 1114 Ὁμοίαν
3466 1047 3586 1109 τοῖς
3619 1048 3873 1104 πιστεύου-

2283 1149 2366 1184 σιν
2407 1134 2454 1185 οἱ
2488 1132 2828 1202 πλανώμενοι
2865 1133 3147 1205 χαίροντες
3193 1134 3654 1206 λαμϐανέτωσαν
3679 1140 3874 1212 εἰρήνης

2277 1241 2338 1276 τε
2366 1224 2460 1276 καὶ
2485 1224 2715 1295 ἡσυχίας
2736 1224 3057 1281 ἀπόλαυσιν.
3084 1224 3235 1298 Αὕτη
3261 1228 3386 1299 γὰρ
3408 1230 3444 1299 ὴ
3478 1227 3585 1299 τῆς
3617 1235 3870 1299 κοινωνίας

2279 1314 2686 1386 ἐπανόρθωσις,
2747 1317 2841 1369 καὶ
2887 1317 3025 1388 πρὸς
3079 1319 3178 1390 τὴν
3224 1320 3470 1373 εὐθεῖαν
3522 1321 3746 1388 ἀγαγεῖν
3775 1326 3868 1379 ὁδὸν

2281 1407 2453 1479 ίσχύει
2494 1408 2626 1480 (66).
2662 1410 2874 1480 Μηδεὶς
2908 1411 2998 1464 τὸν
3042 1413 3228 1484 ἕτερον
3266 1413 3728 1485 παρενοχλείτωο
3765 1417 3866 1470 ἔκα-

2278 1518 2400 1565 στος
2424 1503 2560 1574 ὅπερ
2589 1503 2786 1575 ἡψυχὴ
2807 1504 3076 1574 βούλεται,
3107 1508 3271 1561 τοῦτο
3299 1509 3405 1562 καὶ
3434 1512 3727 1580 πραττὲτω
3755 1514 3862 1583 (67).

2276 1593 2414 1657 Τοὺς
2438 1594 2483 1648 δ’
2512 1591 2572 1648 εὖ
2604 1597 2934 1668 φρονοῦντας
2960 1600 3251 1654 πεπεῖσθαι
3280 1602 3425 1672 χρὴ.
3458 1602 3540 1665 ὡς
3570 1597 3712 1656 οὗτοι
3738 1606 3862 1674 μόνοι

2276 1684 2445 1753 ἀγίως
2496 1688 2590 1740 καὶ
2647 1687 2904 1760 καθαρῶς
2961 1691 3276 1762 βιώσονται,
3333 1692 3438 1756 οὓς
3493 1694 3661 1757 αὐτὸς
3705 1696 3862 1760 καλεῖς

594 1785 717 1825 esse
740 1779 978 1838 oportet,
1012 1770 1160 1825 solos
1185 1770 1304 1827 illos
1336 1780 1526 1826 sancte
1549 1781 1811 1840 casteque
1843 1785 1964 1825 esse
1992 1772 2152 1825 victu-

2275 1774 2718 1830 ἐπαναπαύεσθαι
2749 1782 2859 1842 τοῖς
2895 1783 3007 1844 σοῖς
3041 1782 3214 1850 ἁγίοις
3245 1783 3474 1853 νόμοις.
3504 1785 3571 1836 Οί
3597 1784 3642 1836 δ’
3665 1786 3862 1852 ἑαυτοὺς

595 1878 706 1927 ros,
733 1877 868 1930 quos
909 1871 961 1914 tu
998 1865 1113 1931 ipse
1143 1864 1208 1916 ad
1241 1863 1343 1917 hoc
1386 1861 1673 1926 vocavisti,
1711 1871 1770 1915 ut
1799 1862 2168 1916 sacrosanctis

591 1957 700 2011 tuis
741 1955 944 2026 legibus
977 1957 1350 2026 acquiescant.
1377 1955 1478 2023 Qui
1517 1970 1652 2010 vero
1699 1955 1907 2022 seipsos
1954 1953 2172 2009 subtrao

590 2049 748 2111 bunt,
783 2049 1022 2102 habeant
1061 2048 1164 2103 sibi
1211 2047 1622 2101 mendaciorum
1674 2046 1920 2112 delubra,
1953 2046 2167 2115 quando

588 2141 664 2194 ita
717 2141 918 2194 volunt.
955 2140 1065 2194 Nos
1108 2139 1604 2209 splendidissimum
1650 2137 1870 2192 domum
1920 2138 2167 2194 veritatis

588 2243 692 2289 tua
725 2249 888 2304 quam
921 2234 1274 2289 nascentibus
1304 2230 1464 2286 nobis
1497 2229 1732 2294 donaSti,
1762 2230 2080 2285 retinemus.
2108 2230 2163 2284 Id

2275 1866 2622 1934 ἀφέλκοντες,
2659 1871 2892 1942 ἐχόντων
2925 1872 3237 1944 βουλόμενοι
3272 1877 3350 1930 τὰ
3393 1876 3502 1946 τῆς
3536 1877 3857 1946 ψευδολογίας

2272 1957 2473 2028 τεμένη
2492 1975 2504 1988 ·
2541 1961 2704 2030 ἡμεῖς
2737 1960 2933 2033 ἔχομεν
2964 1964 3056 2018 τὸν
3089 1965 3471 2037 φαιδρότατον
3500 1967 3604 2037 τῆς
3632 1968 3725 2038 σῆς
3753 1969 3858 2039 ἁλη-

2274 2047 2426 2112 θείας
2450 2046 2617 2115 οἷκον,
2649 2054 2816 2125 ὅνπερ
2843 2055 2983 2108 κατὰ
3012 2056 3174 2125 φύσιν
3195 2057 3476 2121 δέδωκας.
3504 2058 3676 2112 Τοῦτο
3703 2061 3852 2114 κάκεί-

2271 2159 2384 2205 νοις
2416 2144 2708 2216 εὐχόμεθα,
2741 2149 2828 2202 ἵνα
2851 2148 3052 2220 δηλαδὴ
3091 2150 3181 2204 διὰ
3227 2152 3333 2221 τῆς
3384 2151 3588 2221 κοινῆς
3631 2153 3853 2222 ὁμονοίας

2271 2234 2366 2287 καὶ
2399 2237 2552 2290 αὐτοὶ
2579 2238 2676 2310 τὴν
2709 2239 2974 2312 θυμηδίαν
3007 2243 3424 2315 ἀναφέρωνται.
3469 2265 3490 2296 ι

585 2324 759 2396 ipsum
792 2325 898 2380 illis
920 2341 1138 2396 quoque
1178 2335 1452 2397 Optamus,
1497 2333 1557 2379 ut
1610 2324 1819 2380 scilicet
1843 2339 1910 2378 ex
1956 2325 2229 2379 communi
2286 2329 2526 2384 omnium
2569 2347 2833 2387 consensu
2885 2343 3050 2404 atque
3082 2337 3415 2402 concordia,
3456 2334 3746 2388 maximam
3771 2352 3845 2388 ca-

592 2420 749 2490 piant
776 2420 1128 2491 voluptatem.
1157 2441 1176 2472 ι

1161 2509 1392 2567 CAPUT
1440 2509 1597 2566 LVII.

583 2603 818 2659 Gloriam
868 2603 1053 2656 tribuit
1094 2602 1322 2725 Deolqui
1358 2621 1451 2686 per
1484 2601 1701 2684 .Filium
1732 2619 1887 2657 suum
1925 2612 2162 2658 errantes

1054 2724 1058 2725 ν
1197 2690 1211 2725 ι
1263 2682 1541 2725 ummavtl.

1197 2682 1541 2727 illuminavit.

657 2784 676 2818 ι
701 2764 888 2836 Neque
915 2764 1061 2818 enim
1095 2780 1228 2818 nova
1261 2781 1325 2818 ac
1373 2780 1562 2818 recens
1587 2773 1669 2819 est
1703 2773 1887 2817 nostra
1923 2763 2113 2832 religio
2142 2780 2157 2816 :

581 2859 675 2915 sed
705 2874 774 2912 ex
805 2871 913 2926 quo
941 2856 1102 2926 hujus
1137 2858 1323 2912 mundi
1357 2857 1623 2910 fabricam
1657 2866 1782 2923 apte
1834 2855 2155 2925 dispositam

577 2947 798 3002 stetisse
825 2946 1120 3010 credimus,
1173 2954 1227 2998 tu
1278 2945 1415 2999 hanc
1454 2946 1766 3015 religionem
1803 2961 1924 2996 cum
1972 2944 2154 2998 debita

2784 2516 3182 2570 ΚΕΦΑΛΑΙΟΝ
3226 2517 3360 2570 ΝΖ’.

2267 2605 2596 2676 Δοξολογία
2635 2609 2722 2672 είς
2765 2607 2913 2662 Θεὸν
2958 2607 3032 2662 δι’
3088 2605 3226 2663 Υιοῦ
3289 2610 3682 2679 φωτίσαντος
3727 2608 3842 2675 τοὺς

2825 2682 3277 2747 πλατωμένους.

2346 2780 2365 2812 ι
2398 2763 2530 2816 Οὐδέ
2554 2764 2661 2835 γάρ
2678 2766 2793 2817 ἐστι
2817 2767 3008 2819 καινὸν
3019 2767 3128 2837 (68)
3152 2769 3273 2821 οὑδέ
3290 2787 3343 2823 τι
3363 2769 3633 2840 νεώτερον
3658 2769 3715 2822 τὸ
3738 2769 3840 2821 καθ’

2264 2852 2557 2922 ἡμᾶς’ἀλλ’
2579 2855 2636 2920 ἐξ
2658 2848 2828 2927 οὗπερ
2843 2856 2938 2928 τὴν
2960 2858 3067 2911 τῶν
3083 2859 3220 2913 ὅλων
3248 2860 3627 2933 διακόσμησιν
3646 2863 3833 2928 παγίως

2263 2945 2589 3016 γεγενῆσθαι
2619 2947 3082 3019 πεπιστεύκαμεν,
3119 2951 3257 3020 μετὰ
3284 2951 3387 3005 τοῦ
3425 2951 3723 3023 πρέποντός
3752 2966 3832 3001 σου

578 3040 651 3092 tui
683 3038 923 3092 numinis
941 3037 1286 3092 observantia
1319 3035 1626 3090 instituisti.
1660 3035 1832 3089 Porro
1864 3035 2152 3088 humanum

2267 3039 2602 3110 σεδάσματος
2634 3039 2793 3093 τοῦτο
2837 3041 3256 3112 παρεκελεύσω·
3289 3044 3514 3114 ἐσφάλη
3559 3043 3616 3096 δὲ
3657 3043 3714 3094 τὸ
3749 3042 3830 3094 ἀν-

576 3143 745 3199 genus
779 3128 947 3182 variis
970 3129 1251 3183 seductum
1279 3127 1556 3180 erroribus
1579 3125 1746 3197 470
1779 3127 2018 3194 impegit.
2048 3128 2152 3180 Sed

579 3229 632 3271 tu
664 3234 730 3272 ne
761 3219 862 3273 hoc
899 3218 1098 3272 malum
1131 3215 1366 3287 amplius
1397 3217 1821 3286 ingravesceret,
1847 3213 2150 3284 perFilium

577 3319 728 3364 tuum
775 3309 1269 3380 splendidissimam
1302 3308 1556 3362 attollens
1597 3308 1797 3372 facem,
1830 3316 2060 3362 cunctos
2086 3309 2152 3361 de

575 3405 814 3459 numinis
849 3405 923 3459 tui
957 3403 1104 3460 cultu
1137 3403 1489 3473 admonuisti.
1521 3421 1541 3456 ι

1135 3496 1365 3551 CAPUT
1404 3493 1585 3550 LVIII.

608 3593 808 3648 lterum
849 3590 958 3646 Deo
1004 3587 1236 3658 gloriam
1280 3589 1462 3710 ινίὺᾶιξι
1516 3604 1581 3642 ea:
1617 3589 1907 3644 utiliisterio
1953 3588 2114 3643 totius

1255 3675 1380 3710 muu
1421 3675 1459 3710 ι.

1255 3675 1459 3712 multat.

644 3771 664 3806 ι
695 3751 864 3823 Hujus
892 3752 970 3806 rei
1003 3749 1163 3805 ﬁdem
1205 3750 1408 3804 faciunt
1439 3764 1600 3818 opera
1637 3760 1745 3804 tua.
1777 3747 1890 3804 Tua
1931 3764 2028 3804 nos
2054 3765 2150 3818 po-

573 3855 744 3901 testas
781 3846 1097 3898 innocentes
1120 3840 1286 3896 cllicit
1311 3856 1376 3893 ac
1403 3842 1610 3895 ﬁdeles.
1644 3841 1736 3896 Sol
1766 3852 1821 3895 et
1851 3841 1975 3894 luna
2013 3841 2149 3895 ratis

571 3953 635 3990 ac
665 3934 902 3990 deﬁnitis
932 3932 1188 3988 cursibus
1218 3932 1500 3997 feruntur;
1527 3947 1627 3987 nec
1650 3933 1767 3986 sine
1789 3933 1980 3986 ordine
2002 3932 2148 3986 circa

569 4026 755 4082 mundi
793 4026 957 4080 totius
982 4038 1138 4078 axem
1170 4023 1352 4077 sidera
1379 4023 1689 4077 volvuntur.
1723 4023 1882 4077 Certa
1917 4023 2032 4093 lege
2059 4037 2148 4077 re-

567 4130 787 4174 currunt
824 4131 1127 4188 temporum
1161 4117 1334 4170 vices.
1366 4115 1483 4171 Tuo
1518 4118 1684 4172 verbo
1723 4127 1830 4172 stat
1871 4127 2032 4172 terra:
2056 4119 2148 4170 lir-

567 4229 654 4269 ma
692 4213 962 4276 soliditas,
987 4221 1043 4266 et
1071 4210 1216 4264 venti
1243 4210 1546 4280 praestituto
1573 4222 1813 4281 tempore
1840 4219 2145 4274 moventur,

563 4319 618 4363 et
667 4321 927 4378 aquarum
971 4305 1212 4374 impetus
1269 4303 1567 4373 irrequieta
1623 4303 1771 4358 ﬂuxu
1810 4302 2144 4372 prolabitur.

2264 3131 2532 3204 θρώπινον
2587 3133 2776 3202 γένος,
2836 3135 3064 3197 πλάναις
3122 3135 3415 3199 παντοίαις
3472 3131 3829 3206 παρηγμένον

2260 3224 2396 3278 ἀλλὰ
2429 3223 2492 3276 σύ
2537 3241 2600 3292 γε
2653 3224 2740 3278 διὰ
2783 3225 2878 3277 τοῦ
2916 3226 3009 3280 σοῦ
3044 3227 3199 3291 Υίοῦ,
3229 3228 3316 3281 ἵνα
3364 3227 3527 3299 μὴτὸ
3558 3226 3717 3280 κακὸν
3749 3224 3829 3277 ἐπὶ

2261 3317 2423 3370 πλέον
2453 3317 2731 3390 ἐπιϐρίσῃ,
2765 3318 3003 3390 καθαρὸν
3053 3321 3167 3390 φῶς
3199 3321 3484 3392 ἀνασχὼν,
3537 3319 3828 3389 ὑπέμνησας

2261 3410 2390 3481 περὶ
2423 3408 2650 3462 σεαυτοῦ
2682 3412 2807 3473 τοὺς
2836 3410 3062 3474 πάντας.
3091 3431 3110 3463 ι

2764 3504 3160 3556 ΚΕΦΑΛΑΙΟΝ
3188 3505 3236 3557 Ν
3240 3506 3324 3558 H’.

2258 3614 2584 3686 Δοξολογία
2613 3614 2797 3669 πάλιν
2823 3616 2892 3668 ἐκ
2920 3615 3029 3685 τῆς
3050 3617 3157 3670 τοῦ
3179 3602 3421 3687 κόσμου
3445 3615 3815 3684 λειτοιψγιάς.

2337 3765 2355 3796 ι
2379 3747 2444 3799 Αἱ
2471 3748 2560 3800 σαὶ
2583 3746 2812 3819 πράξεις
2842 3747 3014 3802 ταῦτα
3044 3749 3359 3804 πιστοῦνται
3380 3769 3393 3781 ·
3438 3750 3499 3804 τὸ
3529 3749 3618 3802 σὸν
3645 3747 3818 3818 κράτος

2259 3837 2469 3903 oecos;
2498 3841 2644 3910 ἡμᾶς
2680 3840 2771 3892 καὶ
2815 3843 3040 3904 πιστοὺς
3077 3841 3371 3913 ἐργάζεται
3393 3860 3407 3873 ο
3436 3843 3590 3913 ἥλιος
3620 3840 3706 3893 καὶ
3733 3855 3808 3890 σε·

2258 3931 2389 4004 λήνη
2443 3932 2664 4004 ἔννομον
2711 3932 2893 4002 ἔχουσι
2927 3932 3025 4000 τὴν
3072 3935 3318 4005 πορείαν,
3374 3935 3500 3996 οιὶδὲ
3548 3933 3615 3987 τὰ
3660 3931 3810 4001 ἄστρα

2259 4023 2491 4077 ἄτακτον
2522 4023 2634 4094 ἔχει
2664 4024 2764 4094 τὴν
2801 4022 2894 4076 τοῦ
2943 4025 3210 4094 κοσμικοῦ
3257 4026 3463 4080 κύκλου
3500 4021 3802 4094 περιφοράν·

2259 4115 2456 4169 αἰτῶν
2504 4115 2711 4186 καιρῶν
2743 4116 2970 4186 ἀμοιϐαὶ
3017 4118 3263 4188 νομίμως
3310 4112 3804 4181 ἀνακυκλοῦνται·ή

2257 4209 2357 4280 τῆς
2390 4208 2495 4279 γῆς
2537 4207 2724 4280 ἐδραία
2758 4208 2946 4271 στάσις
2970 4208 3047 4279 τῷ
3077 4209 3152 4278 σῷ
3185 4208 3327 4279 λόγῳ
3375 4210 3693 4278 συνέστηκε·
3725 4202 3802 4254 καὶ

2259 4301 2318 4355 τὸ
2342 4300 2557 4371 πνεῦμα
2587 4301 2729 4355 κατὰ
2750 4301 2842 4354 τὸν
2869 4300 3231 4371 ἐπιταχθέντα
3254 4303 3448 4373 καιρὸν
3467 4301 3574 4374 (69)
3600 4298 3801 4350 ποιεῖται

563 4400 711 4455 Mare
741 4398 980 4454 immotis
1011 4397 1324 4453 continetur
1359 4396 1627 4450 terminis.
1657 4395 1724 4450 Et
1750 4394 2014 4465 quidquid
2054 4410 2148 4464 per

2267 4395 2351 4465 τὴν
2379 4394 2614 4464 κίνησιν,
2649 4394 2683 4462 ἧ
2715 4410 2775 4446 τε
2808 4393 2916 4446 τῶν
2949 4393 3154 4447 ὑδάτων
3192 4393 3334 4466 φορὰ
3365 4394 3558 4447 θέουσα
3586 4389 3796 4460 πῷεῑσιν

563 4502 740 4545 terras
787 4504 990 4560 perque
1029 4504 1296 4544 oceanum
1326 4486 1677 4551 ditl‘unditur,
1712 4487 1815 4541 hoc
1864 4488 1929 4539 ad
1976 4487 2150 4540 maxi-

563 4597 681 4638 mos
719 4593 772 4637 et
802 4581 1082 4638 mirabiles
1108 4597 1240 4636 usus
1267 4580 1589 4634 fabricatum
1616 4589 1718 4634 est.
1743 4579 1894 4646 Quod
1923 4578 2145 4648 quidem

562 4676 664 4730 nisi
694 4691 761 4730 ex
791 4675 1090 4730 voluntatis
1125 4687 1234 4730 tua:
1263 4675 1490 4730 arbitrio
1523 4674 1595 4728 ita
1622 4682 1929 4742 gereretur,
1957 4671 2143 4741 procul

562 4828 724 4884 licam
754 4829 1024 4898 intelligit,
1059 4845 1218 4898 quam
1251 4846 1372 4899 cap.
1397 4831 1467 4883 56
1523 4831 1740 4883 domum
1779 4829 2023 4883 veritatis
2051 4844 2146 4898 ap-

558 4901 746 4970 pellat.
797 4899 850 4954 ln
889 4903 1064 4955 sacris
1101 4902 1251 4970 libris
1287 4920 1304 4953 ι
1350 4900 1611 4959 Columna
1652 4913 1703 4955 et
1739 4902 2142 4970 Iil'IIEalllellLllttl

559 4967 806 5040 veritatis
839 4989 857 5022 ι
898 4971 1118 5027 dicitur.
1152 4969 1318 5024 Paulo
1356 4983 1475 5040 post
1501 4972 1678 5025 scribe
1717 4987 1780 5024 ex
1807 4970 1995 5023 codice
2025 4967 2140 5040 Fu-

558 5039 710 5098 ketii,
757 5038 947 5094 Savilii
995 5050 1049 5096 et
1081 5055 1147 5095 ex
1184 5038 1412 5097 'scbedis
1456 5041 1642 5109 Regiis
1689 5040 1749 5093 ὃν
1796 5041 1844 5092 οἱ
1897 5039 2133 5110 μυσαροὶ

556 5111 779 5173 ἐκεῖνοι,
813 5123 918 5166 etc.

627 5183 746 5252 (661
784 5179 936 5252 Πρὸς
957 5179 1084 5252 {thr
1114 5180 1353 5235 εὐθεῖαν
1376 5181 1621 5252 ἀγαγεῖν
1645 5179 1789 5234 ὁδὸν
1818 5179 2033 5248 ἰσχύει.
2072 5177 2128 5232 In

554 5247 696 5322 libro
718 5248 746 5302 Β
765 5247 925 5304 uketti
959 5247 1153 5320 legitur
1176 5252 1346 5322 ἰσχύς.
1382 5247 1636 5305 δὲιινριτι
1672 5252 1832 5305 lectio
1855 5260 1938 5303 est
1965 5264 2127 5322 quam

557 5318 612 5373 in
641 5324 914 5391 veteribus
945 5317 1162 5375 schedia
1190 5317 1529 5376 bibliotheca:
1561 5322 1742 5391 Regia:
1766 5317 2130 5390 itivetti,icx-J-

556 5389 844 5462 σεικριιοιί
881 5391 1310 5462 prol'eetoﬂlonge
1338 5403 1421 5445 est
1449 5389 1774 5462 eleganims.

629 5458 741 5530 (67)
786 5460 1078 5530 Ἕκαστος
1110 5458 1261 5529 ὅπερ
1303 5461 1341 5528 ἠ
1374 5458 1560 5530 ψυχή’
1587 5461 1899 5525 βούλεται,
1949 5458 2126 5512 τοῦτο

554 5529 651 5582 καί
673 5530 988 5598 πραττέτω.
1027 5529 1081 5584 Id
1110 5545 1212 5595 est,
1236 5529 1396 5600 quam
1432 5537 1649 5600 quisque
1672 5531 1778 5584 vult
1818 5531 2119 5597 religionem

555 5601 714 5653 colat.
759 5602 967 5666 Quibus
1007 5603 1186 5656 verbis
1230 5601 1639 5664 Constantinus,
1694 5604 1963 5667 integrant
2020 5615 2118 5653 co-

557 5668 725 5742 lendi,
754 5681 912 5738 prout
933 5673 1160 5742 quisque
1191 5671 1366 5733 vellet,
1401 5671 1648 5725 Numinis
1672 5671 1975 5742 libertatem
2003 5669 2122 5722 sub-

557 5739 682 5795 ditis
723 5741 835 5796 suis
884 5739 1188 5814 dereliquit.
1238 5742 1446 5811 Quippe
1486 5740 1930 5809 religiosissimus
1969 5755 2119 5808 prtu-

2257 4485 2488 4540 ἀπλέτου
2537 4485 2804 4558 ῥεύματος
2841 4487 3121 4558 μέτρῳ-ἡ
3173 4486 3414 4540 θάλασσα
3464 4488 3604 4558 ὅροις
3651 4482 3797 4548 ἐμπε-

2260 4578 2501 4651 ριέχεται
2548 4578 2856 4648 πεπηγόσι·
2908 4581 3002 4632 καὶ
3046 4579 3074 4632 ὃ
3143 4597 3196 4634 τι
3256 4579 3321 4632 ἂν
3370 4582 3436 4651 τῇ
3483 4579 3549 4647 γῇ
3605 4572 3684 4624 καὶ
3725 4566 3790 4635 τῷ

2254 4668 2483 4740 ὠκεανῷ
2523 4670 3080 4742 συμπαρεκτείνεται,
3135 4669 3292 4723 τοῦτο
3336 4672 3445 4725 πᾶν
3492 4663 3791 4737 θαυμασταῖς

2248 4842 2378 4898 ceps
2408 4843 2598 4882 omnes
2616 4830 2830 4898 quidem
2859 4827 3114 4884 mortales
3140 4828 3206 4881 ad
3237 4828 3440 4882 Christi
3461 4827 3611 4881 fidem
3638 4831 3786 4898 trans:

2246 4885 2330 4952 ire
2394 4885 2648 4952 maxime.
2681 4901 3053 4969 concuintt:
3106 4900 3378 4952 neminem
3438 4910 3608 4952 tamen
3651 4894 3708 4943 ad
3740 4885 3784 4940 id

2245 4984 2485 5040 unquam
2520 4970 2718 5038 coegit.
2752 4972 2830 5024 Ac
2853 4968 3084 5040 gentiles
3115 4968 3332 5038 quidem
3375 4969 3594 5038 pristino
3622 4969 3780 5040 errori}

2213 5033 2500 5093 ~liberatos
2533 5033 2741 5104 voluit;
2783 5033 3109 5108 templorum
3133 5033 3332 5090 'tameu
3371 5033 3779 5108 caeremonias”?

2244 5109 2514 5163 sacrificia
2543 5126 2648 5163 non
2684 5096 2977 5176 prohibuit,
2996 5109 3448 5178 utlipsetestatur,
3480 5110 3607 5160 intra
3634 5115 3677 5152 c.
3704 5096 3776 5150 59.

2311 5180 2426 5250 (68)
2462 5179 2616 5234 Οὐδὲ
2668 5180 2781 5248 γάρ
2829 5180 2961 5233 ἐστι
2997 5181 3232 5233 καινόν.
3279 5179 3352 5232 De
3385 5179 3585 5250 origine
3613 5181 3660 5250 et
3694 5183 3774 5220 au-

2247 5239 2497 5320 tiq'uitate
2533 5239 2810 5320 religionis
2844 5250 3176 5320 Christianzc
3210 5250 3348 5302 idem
3398 5239 3584 5320 scribit
3629 5239 3771 5320 ξιξεςῇ

2237 5311 2361 5389 hius
2393 5323 2444 5373 in
2473 5311 2742 5389 principio
2768 5319 3025 5373 Historia:
3055 5318 3461 5382 Ecclesiasticw,
3487 5327 3538 5373 e't
3571 5316 3617 5368 in
3644 5311 3772 5364 libris

2251 5384 2328 5443 De
2349 5384 2667 5456 evangelica
2683 5392 3159 5443 demonstratione.

2307 5461 2419 5529 (69)
2462 5447 2614 5527 Vulg.
2645 5461 2791 5514 κατὰ
2819 5461 2916 5514 τὸν
2952 5459 3389 5528 ἐπεισαχθέντα
3416 5457 3624 5527 καιρόν.
3649 5447 3772 5529 Ῐςθεθ

2236 5520 2379 5584 κατὰ
2395 5520 2486 5584 τὸν
2502 5520 2886 5600 ἐπιταχθέντα,
2920 5543 2973 5584 ut
2994 5520 3768 5600 legisse-videtur4(}ltifisl0[tl10"_'

2229 5617 2427 5727 genus...
2453 5602 2629 5671 Atque
2663 5595 2736 5656 iia
2770 5595 3686 5676 scriptum'cxbibentcodd.Fuketit
3723 5595 3761 5636 et

2275 5687 2357 5727 avr
2387 5687 2450 5726 Il.

2275 5687 2450 5727 ilVllil.
