4212 6440
610 453 745 506 1055

1192 561 1417 616 CAPUT
1459 559 1596 615 LXI.

604 659 881 728 Quomodo
905 657 967 709 ab
1008 655 1131 728 urbe
1177 651 1852 728 Alexandria‘qitrestiones
1894 655 2167 700 commata:

1086 727 1187 777 sint
1235 733 1449 790 propter
1481 721 1692 774 Arium.

679 821 802 876 llaec
831 819 1123 889 imperator
1152 816 1296 871 velut
1334 815 1553 885 quidam
1601 811 1692 866 Dei
1729 823 1904 880 ιιι-ιερο
1937 807 2168 860 maxima

609 915 864 984 praeditus
893 924 1047 975 voce,
1081 909 1293 962 cunctis
1316 901 1738 975 provincialibus
1757 915 1852 970 per
1877 914 2002 953 suas
2028 897 2171 951 litte-

609 1023 694 1062 ras
728 1005 1059 1062 inclamavit.
1097 1002 1220 1054 dum
1267 999 1511 1054 subditos
1561 1012 1588 1049 a
1639 995 1940 1048 daemonum
1987 1003 2172 1044 errore

607 1114 888 1164 revocare,
931 1106 984 1152 et
1013 1096 1078 1148 ad
1110 1110 1294 1149 verum
1351 1091 1446 1146 Dei
1487 1089 1691 1145 cultum
1734 1083 2168 1154 amplectendam

607 1192 835 1246 incitare
872 1198 1126 1243 conatur.
1181 1184 1327 1250 Quas
1359 1182 1426 1236 ob
1467 1195 1553 1236 res
1585 1194 1708 1234 cum
1748 1175 2008 1245 singulari
2043 1191 2171 1245 gau~

606 1283 692 1336 dio
726 1279 966 1352 gestiret,
996 1276 1215 1330 nuntius
1240 1273 1305 1326 ad
1334 1286 1456 1326 eum
1480 1269 1718 1338 perlatus
1737 1275 1815 1323 est
1850 1266 1916 1320 de
1939 1265 2170 1335 quodam

609 1389 713 1427 non
765 1368 1018 1425 mediocri
1081 1363 1311 1420 tumultu
1362 1362 1452 1431 qui
1475 1359 1747 1417 Ecclesias
1784 1361 2169 1426 occupaverat.

605 1465 723 1532 Quo
763 1460 943 1515 audito
978 1455 1279 1527 perculsus,
1319 1451 1618 1506 remedium
1641 1448 1953 1516 excogitare
1983 1445 2168 1514 cmpit.

605 1557 775 1610 l’orro
811 1551 1072 1607 tumultus
1120 1548 1271 1618 origo
1318 1547 1436 1598 haec
1475 1541 1612 1595 luit:
1651 1538 1905 1594 Florebat
1942 1537 2172 1608 populus

606 1642 724 1706 Dei,
747 1650 801 1695 et
829 1654 950 1695 cum
990 1635 1273 1690 alacritate
1309 1630 1538 1700 quadam
1572 1644 1635 1682 ac
1669 1627 1902 1698 tripudio
1927 1626 2169 1681 honestis

606 1734 813 1788 actibus
842 1727 1202 1785 incumbebat.
1237 1722 1431 1778 Nullus
1459 1729 1579 1776 erat
1612 1719 1765 1774 fortis
1813 1729 2026 1784 metus,
2077 1717 2170 1786 qui

1361 440 1629 498 EUSEBII
1667 433 2142 495 CAESARIENSIS
2184 433 2330 488 OPP.
2377 431 2554 486 PARS
2591 430 2704 486 l.—
2744 431 3137 488 IllSTORlCA.

3697 430 3831 484 £036

2775 549 3164 602 ΚΕΦΑᾹΑΙΟΝ
3203 548 3320 600 ΞΑ’.

2274 641 2460 707 Ὅπως
2484 640 2598 694 ἀπὸ
2629 638 2738 708 τῆς
2766 638 3192 708 Ἀλεξανδρέων
3218 637 3314 691 δνὰ
3341 637 3412 689 τὰ
3438 636 3585 690 κατὰ
3608 637 3836 704 Ἀρειον

2747 709 3054 763 ἐκινοῦντο
3083 708 3374 775 ζητήσεις.

2341 800 2574 855 Τοιαῦτα
2611 799 2882 870 βασιλεὺς,
2925 800 3122 853 ὡσανεὶ
3143 797 3277 853 Θεοῦ
3327 795 3836 868 μεγαλοφωνότατος

2272 894 2466 966 κήρυξ,
2499 896 2607 956 τοῖς
2647 893 3020 963 ἐπαρχεώταις
3052 893 3220 945 ἅπασι
3238 891 3302 944 δι’
3332 891 3530 943 οἰκείου
3562 887 3837 960 προσεφὼ·
3897 935 3910 942 -

2271 1003 2350 1038 νει
2375 985 2718 1054 γράμματος,
2752 983 3070 1054 δαιμονικῆς
3095 986 3192 1053 μὲν
3215 982 3494 1053 άπείργων
3522 983 3648 1043 τοὺς
3668 982 3835 1052 ἀρχο-

2276 1077 2467 1148 μένους
2507 1077 2742 1147 πλάνης,
2798 1076 2896 1147 τῆν
2934 1077 2978 1129 δ’
3007 1075 3183 1146 ἀληθῆ
3238 1075 3476 1145 μετιέναι
3531 1073 3837 1126 θεοσέϐειαν

2273 1169 2709 1238 ἐγκελευόμενος.
2752 1168 3166 1239 Φαιδρυνομένῳ
3210 1167 3254 1220 δ’
3280 1165 3426 1237 αὐτῷ
3472 1166 3564 1218 ἐπὶ
3605 1164 3834 1231 τούτοις,

2273 1261 2427 1330 φήμη
2457 1275 2541 1322 τις
2573 1258 2944 1327 διαγγέλλεται
2972 1257 3113 1329 ἀμφὶ
3142 1258 3384 1329 ταραχῆς
3409 1257 3468 1309 ού
3513 1257 3710 1327 μικρᾶς
3738 1253 3838 1316 τὰς

2283 1351 2605 1420 Ἐκκλησίας
2633 1349 3009 1422 διαλαϐούσης·
3049 1352 3134 1420 ἐφ’
3253 1351 3352 1420 τὴν
3381 1348 3549 1419 ἀκοὴν
3582 1348 3834 1418 πληγεὶς,

2273 1441 2411 1496 ῐασιν
2446 1442 2733 1514 περιενόει.
2780 1442 2853 1495 Τὸ
2895 1443 2937 1495 δ’
2967 1438 3034 1513 ῆν
3071 1443 3177 1515 ἄρα
3211 1441 3429 1495 τοιόνδε.
3484 1439 3839 1511 Ἐσεμνύνετο

2275 1533 2372 1604 μὲν
2393 1535 2421 1586 ὁ
2444 1532 2536 1586 τοῦ
2562 1532 2696 1586 Θεοῦ
2737 1533 2891 1598 λεὼς,
2925 1534 3045 1597 ταῖς⁹
3067 1534 3174 1586 τῶν
3209 1522 3389 1587 κᾶλῶν
3428 1529 3838 1600 καλλωπιζόμε-

2269 1644 2357 1691 νος
2398 1627 2690 1699 πράξεσινο
2727 1627 2834 1680 οὐδ’
2859 1623 2927 1698 ἦν
2958 1645 3043 1690 τις
3092 1625 3290 1692 ἔξωθεν
3323 1625 3482 1696 φόϐος
3534 1623 3838 1694 ταράττων,

2269 1717 2344 1781 ὡς
2365 1718 2456 1772 καὶ
2481 1718 2733 1789 λαμπρᾶς
2762 1719 2854 1772 καὶ
2886 1717 3189 1788 βαθυτάτης
3218 1718 3438 1788 είρήνης
3467 1713 3841 1785 ἁπανταχόθεν

604 1823 1061 1898 perturbationem
1114 1817 1376 1873 afferret:
1408 1815 1609 1885 quippe
1669 1827 1792 1866 cum
1835 1811 1928 1864 Dei
1977 1809 2168 1879 optimi

2268 1813 2365 1885 τὴν
2396 1813 2860 1884 ἘκκλησίανΘεοῦ
2886 1813 3065 1885 χάριτι
3090 1812 3573 1883 περιφραττούσης·
3594 1811 3780 1879 φθόνος
3792 1809 3838 1863 δ’

608 1915 827 1971 maximi
885 1911 1170 1975 beneﬁcio,
1235 1922 1447 1962 amoena
1501 1915 1555 1960 et
1609 1902 2029 1974 profundissima
2063 1915 2166 1969 pax
2199 1909 2244 1969 Β

2199 1909 2244 1969 Β
2271 1907 2377 1977 ἄρα
2415 1907 2507 1960 καὶ.
2533 1908 2645 1970 τοῖς
2685 1906 2970 1978 ἡμετέροις
3014 1904 3276 1977 ἐφήδρευε
3326 1904 3530 1970 καλοῖς,
3581 1904 3709 1956 εἴσω
3742 1902 3839 1972 μὲν

608 2006 899 2062 Εοιιιρεὶιιιη
950 2003 1186 2072 undique
1227 1997 1612 2056 communiret.
1654 1993 1758 2049 Sed
1789 1995 1932 2047 enim
1969 1991 2169 2047 invidia

608 2101 809 2156 nostris
854 2097 1009 2152 bonis
1075 2092 1296 2148 insidias
1360 2098 1577 2144 struens
1647 2085 1984 2141 subsederat.
2044 2082 2174 2150 Quae

609 2195 836 2264 primum
901 2187 1116 2256 quidem
1174 2184 1318 2237 intro
1361 2183 1624 2249 irrepens,
1676 2186 1861 2247 postea
1902 2175 1956 2230 in
2000 2175 2175 2230 medio

607 2294 916 2338 sanctorum
943 2288 1086 2334 cmtu
1126 2273 1460 2343 tripudiavit.
1488 2271 1726 2326 Tandem
1748 2284 1880 2324 vero
1897 2267 2176 2338 episcopos

610 2377 750 2429 inter
779 2388 836 2428 se
856 2367 1126 2426 commisit
1150 2409 1163 2432 ,
1191 2364 1472 2417 tumultum
1509 2372 1564 2416 et
1595 2360 2002 2415 altercationem
2033 2359 2177 2412 inter

603 2485 703 2524 eos
729 2465 993 2528 excitans,
1027 2459 1332 2514 divinorum
1367 2456 1677 2525 dogmatum
1706 2455 1948 2509 obtentu.
1972 2451 2176 2505 Exinde

613 2570 869 2627 tanquam
923 2570 989 2608 ex
1028 2551 1131 2606 levi
1186 2549 1416 2618 quadam
1475 2544 1741 2607 scintilla,
1797 2543 2175 2615 gravissimum

610 2650 814 2705 exarsit
833 2645 1161 2701 incendium.
1189 2641 1337 2706 Quod
1355 2640 1573 2709 quidem
1605 2638 1668 2690 ab
1686 2635 1924 2690 Ecclesia
1945 2634 2178 2688 Alexan-

610 2742 765 2796 drina
812 2736 956 2792 velut
1006 2733 1167 2806 472
1229 2747 1258 2784 a
1317 2729 1494 2798 capite
1540 2740 1827 2789 exorsum,
1873 2726 2176 2776 universam

613 2835 854 2903 posthinc
889 2829 1205 2897 Egyptum,
1235 2833 1288 2876 et
1313 2822 1566 2890 Libyam,
1612 2826 1664 2871 et
1687 2816 1999 2869 ulteriorem
2032 2811 2176 2866 Tlte-

610 2923 823 2978 baidem
846 2915 1171 2990 peragravit.
1205 2913 1311 2968 Sed
1337 2922 1388 2966 et
1418 2911 1652 2977 reliquas
1675 2911 1836 2960 urbes
1869 2920 1930 2959 ac
1964 2903 2181 2972 provin-

610 3018 726 3072 cias
752 3015 1032 3083 depastum
1068 3016 1151 3063 est
1183 3026 1194 3060 :
1223 3004 1356 3059 adeo
1385 3014 1442 3055 ut
1477 3016 1581 3053 non
1611 2999 1780 3053 solum
1811 2998 1955 3066 ipsos
1999 2993 2182 3049 Eccle-

614 3110 814 3164 siarum
887 3099 1160 3158 antistites
1222 3095 1404 3150 verbis
1467 3093 1608 3147 inter
1676 3105 1735 3144 se
1784 3088 2178 3158 digladiantes,

614 3217 802 3259 verum
840 3198 1000 3253 etiam
1032 3192 1245 3264 plebem
1280 3190 1454 3260 ipsam
1486 3185 1766 3239 discissam
1804 3195 2028 3237 cernere
2054 3179 2182 3233 lice—

2271 1996 2629 2068 εἰσδυόμενος,
2681 1997 2842 2068 μέσος
2900 1996 2945 2048 δ’
2985 1999 3043 2049 ἐν
3095 1997 3275 2060 αὐτοῖς
3305 1996 3543 2068 χορεύων
3588 1997 3700 2058 τοῖς
3733 1993 3842 2046 τῶν

2273 2090 2442 2159 ἁγίων
2489 2090 2713 2160 ὁμίλοις.
2769 2088 3069 2160 Συμϐάλλει
3112 2088 3247 2159 δῆτα
3293 2090 3416 2150 τοὺς
3470 2085 3841 2150 ἐπισκόπους,

2276 2182 2461 2235 στάσιν
2508 2179 2758 2252 ἐμϐαλὼν
2810 2179 3120 2251 ἐρεσχελίας
3173 2179 3316 2249 (79),
3371 2177 3524 2230 θείων
3573 2176 3842 2248 προφάσει

2273 2271 2555 2342 δογμάτων
2577 2287 2589 2300 ·
2633 2269 2846 2324 κᾶπειθ’
2879 2270 2954 2333 ὡς
2982 2270 3089 2323 ἀπὸ
3124 2269 3320 2342 μικροῦ
3360 2269 3656 2340 σπινθῆρος
3701 2267 3844 2338 μέγα

2275 2363 2386 2435 πῦρ
2419 2363 2688 2436 ἐξεκᾴετο,
2715 2363 2889 2432 ἄκρας
2921 2362 3014 2433 μὲν
3050 2361 3235 2434 ὥσπερ
3267 2355 3642 2431 ἀπδκορυφῆς
3677 2357 3847 2430 ἀρξά-

2279 2471 2436 2526 μενον
2500 2455 2601 2524 τῆς
2649 2454 3039 2527 Ἀλεξανδρέων
3071 2448 3417 2521 Ἐκκλησιας,
3439 2450 3735 2524 διαδραμὸν
3785 2450 3843 2504 δὲ

2277 2545 2373 2616 τὴν
2434 2546 2727 2615 σύμπασαν
2767 2546 3037 2614 Αἴγυπτόν
3063 2561 3120 2596 τε
3153 2543 3247 2595 καὶ
3283 2541 3511 2611 Λιϐύην,
3543 2541 3641 2610 τήν
3676 2543 3724 2592 τ’
3749 2541 3845 2592 ἐπ-

2278 2639 2461 2692 έκεινα
2504 2637 2894 2709 Θηϐαΐδα·ἦδη
2916 2636 2973 2689 δέ
3023 2635 3116 2687 καὶ
3155 2632 3255 2695 τὰς
3305 2632 3498 2695 λοιπάς
3549 2629 3844 2701 ἐπενέμετο

2279 2728 2548 2800 ἐπαρχίας
2583 2746 2640 2782 τε
2657 2729 2749 2782 καὶ
2772 2727 2975 2791 πόλεις,
3001 2725 3110 2780 ὥστ
3127 2727 3140 2746 ’
3171 2725 3230 2777 ού
3267 2723 3458 2794 μόνους
3478 2719 3544 2794 ἦν
3569 2722 3694 2776 ἰδεῖν
3721 2723 3846 2784 τοὺς

2279 2819 2387 2873 τῶν
2412 2818 2742 2893 Ἐκκλησιῶν
2758 2820 3051 2891 προέδρους
3071 2817 3247 2886 λόγοις
3265 2813 3843 2886 διαπληκτιζομένους,

2282 2909 2415 2964 ἀλλὰ
2458 2911 2552 2964 καὶ
2595 2911 2662 2966 τά
2708 2912 2887 2983 πλήθη
2936 2908 3406 2979 κατατεμνόμενα,
3456 2905 3563 2959 τῶν
3623 2905 3722 2976 μὲν
3769 2903 3846 2965 ὡς

2280 3002 2488 3068 τούσδε,
2514 3003 2620 3056 τῶν
2645 3005 2701 3057 δὲ
2736 3004 2983 3075 θατέροις
3008 3001 3451 3072 ἐπικλινομένων.
3475 3001 3569 3061 Et;
3596 2996 3845 3051 τοσοῦτον

2281 3094 2337 3147 δὲ
2376 3094 2654 3166 διήλαυνεν
2704 3094 2814 3166 (80)
2851 3095 3078 3159 ἀτοπίας
3120 3097 3153 3166 ή
3190 3093 3298 3148 τῶν
3357 3091 3654 3162 γινομένων
3711 3088 3845 3151 θέα.

2284 3185 2411 3239 ὥστ’
2435 3187 2535 3257 ήδη
2567 3187 2625 3240 ἐν
2655 3188 2837 3250 αὐτοῖς
2863 3187 3051 3258 μέσοις
3073 3187 3181 3240 τῶν
3210 3185 3452 3241 ἀπίστων
3485 3182 3754 3254 θεάτροις,
3775 3181 3846 3233 τὰ

614 3305 696 3350 ret
722 3334 738 3360 ,
769 3289 893 3345 aliis
927 3288 1143 3349 horum,
1169 3282 1290 3337 aliis
1325 3279 1540 3334 illorum
1580 3287 1763 3347 partes
1794 3271 2172 3344 amplectenti-
2203 3286 2243 3343 α

2203 3286 2243 3343 c
2280 3277 2451 3346 σεμνὰ
2475 3277 2575 3348 τῆς
2604 3278 2787 3334 ἐνθέου
2824 3279 3169 3343 διδασκαλίας
3195 3280 3295 3351 τὴν
3329 3277 3613 3348 αἰσχίστην
3641 3272 3846 3344 ὑπομέ-

615 3389 737 3443 bus.
765 3383 936 3440 Porro
973 3391 1150 3433 rerum
1183 3389 1303 3444 qua:
1340 3369 1664 3442 gerebantur
1706 3364 2071 3436 spectaculum
2102 3376 2165 3417 eo

2275 3383 2384 3420 νειν
2411 3367 2626 3438 χλεύην.

617 3498 786 3553 usque
814 3477 1075 3551 processit
1107 3473 1461 3546 indignitatis,
1490 3480 1548 3525 ut
1589 3470 1643 3522 iu
1703 3467 1892 3522 mediis
1945 3464 2233 3520 inﬁdelium
2283 3466 2528 3534 theatris,
2560 3468 2751 3522 divina:
2802 3466 3203 3538 praedicationis
3248 3463 3569 3521 venerabilis
3605 3463 3847 3517 doctrina

621 3578 935 3650 turpissimo
964 3575 1074 3629 risu
1103 3589 1166 3626 ac
1203 3568 1435 3623 ludibrio
1463 3565 1861 3620 traduceretur.

1183 3657 1411 3716 CAPUT
1461 3655 1619 3712 LXII.

1050 3753 1126 3808 De
1165 3753 1296 3806 Aria
1336 3759 1383 3805 et
1425 3749 1745 3803 Meletiam’s.

691 3855 756 3908 Et
787 3853 842 3907 lii
876 3850 1090 3921 quidem
1145 3848 1197 3900 in
1235 3847 1347 3915 ipsa
1391 3844 1522 3898 urbe
1560 3839 1886 3897 Alexandria
1920 3839 1986 3894 de
2014 3836 2183 3894 subli-

623 3943 880 4000 missimis
921 3941 1083 3996 rebus
1113 3936 1467 4009 pertinaciter
1498 3933 1846 3990 dimicabant.
1899 3931 2003 3986 Alii
2051 3945 2183 3986 vero

623 4054 718 4109 per
751 4046 916 4091 totam
956 4031 1244 4102 Egyptum
1276 4038 1330 4082 et
1363 4025 1695 4096 superiorem
1735 4023 2088 4086 Thebaidem,
2115 4023 2182 4077 ob

625 4127 1051 4186 controversiam
1071 4120 1356 4192 quamdam
1383 4133 1502 4187 qua:
1527 4117 1675 4185 prius
1693 4125 1964 4170 commota
1989 4114 2179 4176 fuerat,

628 4223 840 4277 interim
864 4215 1223 4276 dissidebant;
1256 4211 1387 4264 adeo
1411 4218 1467 4262 ut
1485 4208 1683 4276 ubique
1701 4205 1979 4273 discerpta:
2001 4213 2185 4259 essent

636 4304 915 4361 Ecclesiae.
936 4306 1071 4361 Cum
1112 4313 1290 4356 autem
1340 4299 1596 4354 Ecclesia:
1640 4311 1836 4365 corpus
1879 4295 2186 4362 huiusmodi

633 4399 819 4456 morbo
842 4398 1134 4458 laboraret,
1157 4393 1404 4446 universa
1433 4389 1597 4460 Libya
1629 4387 1786 4442 simul
1825 4387 1985 4441 etiam
2017 4400 2188 4456 aegro-

633 4495 791 4557 .avit,
839 4499 892 4545 et
935 4486 1157 4555 reliquae
1193 4493 1499 4538 exterarum
1554 4477 1956 4548 provinciarum
2009 4486 2188 4546 partes

629 4585 820 4641 eodem
838 4579 1036 4638 'morbo
1057 4585 1318 4643 correptae
1345 4581 1488 4628 sunt.
1537 4569 1672 4625 Nam
1718 4569 1809 4639 qui
1849 4568 2189 4623 Alexandria:

627 4687 806 4743 erant,
832 4677 1036 4747 legatos
1070 4672 1137 4726 ad
1169 4668 1504 4740 singularum
1541 4663 1940 4734 provinciarum
1973 4661 2188 4731 episco-

629 4787 726 4842 pos
784 4769 1123 4838 dirigebaut;
1169 4762 1257 4817 isti
1315 4775 1445 4814 vero
1495 4757 1548 4812 in
1607 4756 1920 4810 alterutram
1976 4761 2188 4823 partem

629 4863 864 4929 discissi,
902 4859 1150 4915 seditioni
1189 4868 1404 4922 quoque
1432 4848 1881 4929 adjupgebantur.

1175 4905 1259 5003 6.;
1270 4905 1403 5001 Fur
1460 4905 1641 4995 L'it'iti'.

631 5044 905 5115 Quomodo
984 5040 1206 5114 legatum
1271 5053 1386 5090 cum
1441 5035 1628 5115 litteris
1696 5029 1837 5084 misit
1889 5028 1956 5081 ad
2007 5041 2190 5094 pacem

1192 5106 1617 5178 componendam.

703 5211 798 5266 llis
839 5205 1035 5262 auditis
1066 5201 1358 5269 imperator
1393 5190 1711 5265 gravissimo
1756 5186 1938 5243 dolore
1981 5179 2200 5255 percul-

631 5325 760 5372 sus,
817 5314 1045 5372 eamque
1093 5311 1208 5352 rem
1258 5295 1444 5365 liustar
1508 5283 1814 5341 domestica:
1864 5274 2194 5335 calamitatis

698 5509 816 5575 {79)
855 5504 1079 5560 Στάσιν
1108 5496 1784 5575 ép6q1t‘orftpeaxeyoq.
1835 5488 2194 5575 _Scribendum

634 5560 848 5634 videtur
877 5578 970 5630 καὶ
1015 5560 1344 5646 ἐρεσχελίας,
1398 5560 1809 5646 ΙξὸιιτᾷφθόνοςἾ
1835 5560 2086 5646 liocloco
2119 5564 2201 5646 est

639 5626 853 5702 invidus
875 5626 1105 5699 ζιεὲὶυὸὶ..
1140 5626 1230 5696 Sic
1255 5626 1398 5694 enim
1432 5638 1577 5707 loqui
1608 5626 1740 5692 solet
1772 5626 2036 5687 Eusebius
2063 5626 2202 5681 mul-

638 5717 1153 5856 m(8|(')')107€o|::013tor
1189 5779 1257 5834 δὲ
1291 5778 1639 5856 διήλαυνε-ν.
1679 5773 1734 5856 ln_
1787 5769 2007 5856 co'tlic-eA

637 5838 832 5925 lvg‘itu'r
859 5838 923 5924 δὴ
952 5855 1198 5926 ἤλαυνεν,
1239 5838 1385 5921 quod
1426 5848 1594 5914 magis
1621 5845 1808 5913 probo.
1840 5838 2013 5896 Totus
2036 5838 2198 5904 igitur

2797 3647 3188 3703 ΚΕΦΑΛΔΙΟΝ
3215 3645 3330 3700 EB’.

2543 3743 2684 3810 Περὶ
2715 3740 2821 3795 τοῦ
2851 3740 3038 3795 αὐτοῦ
3059 3740 3156 3793 καὶ
3189 3735 3577 3792 Μελιτιανῶν.

2354 3837 2417 3892 Οἱ
2453 3836 2549 3908 μὲν
2569 3832 2661 3889 οῦν
2688 3835 2807 3888 κατ’
2825 3832 2992 3902 αὐτὴν
3010 3831 3108 3902 τὴν
3144 3829 3567 3900 Ἀλεξάνδρειαν,
3591 3827 3851 3894 νεανικῶς

2286 3930 2412 4002 περὶ
2427 3928 2530 3982 τῶν
2546 3927 2800 3980 ἀνωτάτω
2815 3922 3264 3993 διεπληκτίζοντο,
3283 3923 3330 3973 οἱ
3349 3920 3391 3973 δ’
3405 3921 3544 3990 ἀμφὶ
3564 3921 3742 3973 πᾶσαν
3757 3918 3851 3991 τὴν

2285 4023 2554 4090 Αἴγυπτον
2576 4017 2685 4089 (8|)
2708 4016 2800 4068 καὶ
2831 4014 2927 4085 τὴν
2955 4014 3066 4068 ἄνω
3087 4011 3346 4082 Θηϐαΐδα,
3383 4009 3852 4081 προϋποκειμένης

2288 4111 2643 4182 παλαιοτέρας
2672 4107 2977 4169 ὑποθέσεως
3012 4105 3169 4176 χάριν
3207 4103 3596 4167 διεστασίαζον,
3618 4102 3693 4166 ὡς
3719 4119 3854 4156 παν-

2286 4208 2449 4278 ταχοῦ
2488 4202 2774 4275 διῃρῆσθαι
2803 4197 2899 4259 τὰς
2934 4197 3276 4268 Ἐκκλησίας.
3320 4197 3540 4259 Τούτοις
3585 4197 3630 4250 δ’
3667 4197 3854 4268 ὥσπερ

2290 4296 2535 4367 σώματος
2564 4290 2968 4360 κεκακωμένου,
3003 4288 3261 4358 σύμπασα
3296 4287 3466 4358 Λιϐύη
3512 4287 3812 4356 συνέκαμνε
3835 4303 3850 4316 ο

2290 4386 2557 4441 συνενόσει
2588 4384 2644 4436 δὲ
2670 4383 2764 4437 καὶ
2788 4383 2854 4436 τά
2880 4382 3041 4436 λοιπά
3067 4381 3205 4452 μέρη
3245 4381 3349 4435 τῶν
3380 4381 3533 4444 ἐκτὸς
3557 4378 3850 4448 ἐπαρχιῶν.

2289 4481 2351 4532 Οἱ
2384 4479 2481 4549 μὲν
2520 4476 2626 4548 γὰρ
2675 4476 2781 4530 ἀπὸ
2817 4475 2915 4545 τῆς
2961 4474 3363 4544 Ἀλεξανδρείας
3415 4471 3856 4543 διεπρεσϐεύοντο

2236 4588 2254 4604 ⁸
2291 4573 2424 4643 πρὸς
2450 4572 2573 4634 τοὺς
2613 4569 2732 4623 κατ’
2761 4567 3024 4638 ἐπαρχίαν
3076 4565 3423 4632 ἐπισκόπους,
3458 4567 3508 4617 οἱ
3549 4565 3593 4617 δ’
3644 4566 3722 4627 είς
3756 4564 3853 4617 θά-

2289 4678 2443 4734 τερον
2470 4658 2786 4731 τεμνόμενοι
2830 4656 3013 4728 μέρος,
3050 4657 3147 4725 τῆς
3165 4654 3352 4726 ὁμοίας
3385 4653 3700 4710 ἐκοινώνουν
3727 4654 3854 4708 στά-

2292 4769 2448 4817 σεως.

2783 4925 3172 4980 ΚΕΦΛΛΑΙΟΝ
3227 4923 3342 4978 EI”.

2297 5022 2638 5092 Ὅπως-ιπερὶ
2651 5021 2893 5091 εἰρήνης
2905 5019 3143 5089 πέμψαρ
3153 5015 3603 5082 Κωνσταντῖνος
3611 5013 3853 5083 ἔγραψε.

2366 5179 2549 5233 Ταῦτα
2593 5179 2650 5232 δέ
2699 5177 2997 5248 πυθόμενος
3038 5175 3066 5226 ὁ
3104 5172 3350 5243 βασιλεὺς
3381 5172 3475 5225 καὶ
3534 5169 3630 5240 τὴν
3685 5165 3859 5238 ψυχὴν

2298 5271 2698 5342 ὑπεραλγήσας,
2728 5267 3006 5339 συμφοράν
3025 5282 3084 5318 τε
3121 5264 3325 5318 οἰκείαν
3355 5263 3417 5316 τὸ
3442 5263 3670 5333 πρᾶγμα
3701 5259 3862 5329 θέμε-

2300 5478 2451 5533 locus
2489 5476 2566 5530 sic
2605 5473 2923 5530 scribendus
2966 5481 3087 5526 est:
3123 5471 3203 5533 εἰς
3244 5466 3496 5521 τοσοῦτον
3535 5465 3596 5537 δὴ
3637 5464 3864 5537 ήλαυνεν

2300 5547 2663 5626 ἁτοπξαςμξιε.
2704 5543 2864 5599 Certe
2896 5544 2949 5596 in
2989 5540 3291 5595 Fukcttano
3331 5542 3520 5594 codice
3554 5533 3746 5604 ligi'tur
3778 5533 3860 5597 τις

2301 5633 2572 5670 τοσοῦτον.

2372 5689 2483 5757 (8⁸1)
2527 5685 2680 5757 ωδ*
2708 5684 2853 5753 ἀμφὶ
2896 5681 3103 5736 πᾶσαν
3127 5680 3595 5757 τὴν-Αἴγυπτον.
3638 5673 3863 5757 λίθὶίιίεις

2303 5745 2400 5813 nos
2446 5745 2835 5824 iittelligitﬂd’e
2887 5767 3116 5823 quorum
3148 5745 3438 5807 schismate
3478 5745 3740 5802 videndus
3781 5751 3863 5797 est

2301 5823 2640 5899 Epiphanius
2667 5835 2719 5882 et
2751 5823 3040 5880 Baronius.
