4212 6440
378 456 510 513 1057

1471 444 1559 499 DE
1601 443 1758 496 VITA
1801 435 2261 495 CONSTANTINI
2296 433 2422 492 LIB.
2475 431 2535 490 ll.

3505 432 3644 486 1053

369 595 478 641 νος,
542 575 882 646 παραχρῆμα
915 573 1021 627 τῶν
1072 572 1208 642 ἀμφ’
1253 569 1416 622 αὐτὸν
1460 566 1748 627 θεοσεόῶν,
1797 565 1854 618 ὃν
1897 560 1951 617 εὖ

2065 563 2368 616 habendam
2406 570 2554 616 ratus
2622 557 2898 614 :ont’ests'm
2945 574 3009 612 ex
3050 559 3141 612 Dei
3181 557 3479 611 cultoribus
3503 571 3640 625 quos

371 669 639 740 ἠπίστατο
694 667 926 738 σώφρονι
983 667 1219 726 πίστεως
1270 663 1437 732 ἀρετῇ
1499 657 1954 728 δεδοκιμασμένον

371 764 539 834 ἄνδρα
565 761 699 828 (82),
731 758 1177 830 λαμπρυνόμενον
1206 758 1325 818 ταῖς
1359 755 1498 824 ὑπὲρ
1526 751 1806 814 εὐσεϐείας
1825 751 1954 819 ὁμο-

372 855 580 924 λογίαις
617 853 758 906 κατὰ
801 853 924 914 τοὺς
954 848 1260 920 ἔμπροσθεν
1281 846 1521 919 χρόνους,
1555 841 1851 915 βραϐεῦσαι
1877 843 1954 893 εἰ·

377 950 544 1019 ρήνην
580 949 691 1008 τοῖς
719 944 858 997 κατὰ
883 944 982 1014 τὴν
1019 940 1423 1011 Ἀλεξάνδρειαν
1446 939 1726 992 διεστωσιν
1754 935 1956 1004 ἐκπέμ-

375 1056 486 1092 πεν
522 1037 754 1109 γράμμα
804 1037 849 1088 τ’
906 1033 1330 1102 ἀναγκαιότατον
1372 1031 1438 1084 δι’
1474 1028 1638 1082 αὐτοῦ
1695 1030 1807 1090 τοῖς
1855 1025 1954 1095 τῆς

373 1128 685 1200 ἐρεσχελίας
711 1127 903 1189 αἰτίοις
930 1125 1250 1195 ἐπιτίθησιν·
1274 1123 1302 1176 ὃ
1319 1121 1384 1193 δὴ
1411 1122 1504 1174 καὶ
1525 1119 1654 1173 αὐτὸ
1669 1119 1954 1188 γνώρισμα

375 1221 623 1291 περιέχον
651 1217 794 1289 ἀμφὶ
821 1217 910 1270 τὸν
943 1215 1069 1270 λαον
1096 1213 1191 1266 τοῦ
1219 1213 1352 1267 Θεοῦ
1379 1210 1723 1283 κηδεμονίας.
1746 1210 1812 1279 τῇ
1827 1211 1954 1277 περὶ

373 1310 537 1365 αὐτοῦ
590 1309 848 1381 φέρεσθαι
899 1308 1148 1379 διηγήσει
1196 1307 1394 1370 καλὸν,
1446 1305 1567 1375 ἔχον
1627 1301 1812 1356 τοῦτον
1865 1302 1952 1352 τὸν

374 1403 594 1475 τρόπον.

893 1577 1287 1633 ΚΕΦΑΛΛΙΟΝ
1313 1574 1426 1629 EA’.

373 1673 834 1730 Κωγσταντίνου
874 1670 1166 1737 ἐπιστολὴ
1212 1668 1360 1736 πρὸς
1418 1663 1805 1731 Ἀλέξανδρον
1847 1662 1953 1715 τόν

484 1747 841 1806 ἐπίσκοπον,
885 1743 982 1796 καὶ
1029 1743 1261 1809 Ἀρειον
1297 1741 1400 1792 τόν
1423 1737 1841 1804 πρεσϐύτερον.

451 1857 470 1891 ι
494 1837 736 1908 Νικητὴς
752 1837 1177 1897 Κωνσταντίνος,
1203 1833 1471 1900 Μέγιστος
1484 1827 1768 1891 Σεϐαστὸς,
1802 1825 1949 1876 Ἀλε-

377 1931 585 2002 ξάνδρῳ
612 1933 704 1983 καὶ
735 1928 952 2000 Ἀρείῳ.

450 2042 468 2074 ι
498 2020 699 2092 Διπλῆν
724 2038 811 2090 μοι
833 2015 1157 2088 γεγενῆσθαι
1184 2015 1450 2084 πρόφασιν
1477 2011 1682 2064 τούτων
1707 2004 1782 2064 ὧν
1805 2009 1950 2099 ἔργω

371 2114 468 2184 τὴν
491 2114 678 2186 χρείαν
705 2113 961 2182 ὑπέστην,
990 2109 1170 2170 αὐτὸν,
1211 2107 1284 2170 ὡς
1316 2105 1480 2167 εἰκὸς,
1517 2105 1605 2156 τὸν
1650 2102 1758 2154 τῶν
1803 2100 1950 2170 ἐμῶν

371 2206 784 2278 ἐγχειρημάτων
839 2202 1028 2273 βοηθὸν
1062 2201 1156 2254 καὶ
1213 2197 1432 2269 σωτῆρα
1481 2195 1586 2248 τῶν
1639 2194 1775 2251 ὅλων
1819 2193 1950 2245 θεὸν

370 2299 627 2370 ποιοῦματ
651 2297 922 2368 μάρτυρα.
956 2313 973 2347 ι

882 2383 1278 2439 ΚΕΦΛΛΑΙΟΝ
1321 2379 1440 2435 ΞΕ’.

478 2483 606 2533 Ὅτι
639 2479 768 2546 περὶ
803 2476 913 2544 τῆς
943 2475 1189 2544 εἰρήνης
1219 2473 1499 2543 ἐμερίμνα
1540 2469 1835 2538 συνήθως.

449 2592 465 2621 ι
503 2570 724 2641 Πρῶτον
745 2569 841 2639 μὲν
861 2568 969 2638 γὰρ
994 2566 1106 2639 ,τὴν
1129 2566 1384 2620 ἁπάντων
1411 2564 1519 2617 τῶν
1544 2562 1712 2615 ἐθνῶν
1739 2563 1864 2633 περὶ
1891 2562 1949 2616 τὸ

367 2667 520 2718 Θεῖον
539 2661 790 2733 πρόθεσιν
815 2661 946 2731 (85),
973 2660 1047 2722 ὼς
1081 2658 1208 2729 μίαν
1235 2658 1400 2722 ἕξεως
1439 2657 1696 2711 σύστασιν
1727 2657 1944 2710 ἑνῶσαι·

369 2755 616 2824 δεύτερον
637 2753 714 2818 δὲ,
741 2753 800 2806 τὸ
827 2753 925 2823 τῆς
954 2752 1136 2822 κοινῆς
1164 2749 1486 2820 οἰκουμένης
1513 2750 1672 2818 σῶμα
1699 2748 1948 2818 καθάπερ

369 2846 588 2918 χαλεπῷ
624 2864 728 2900 τινι
763 2845 873 2917 (84)
909 2845 1174 2915 νοσήματι
1227 2842 1433 2912 πάσχον
1481 2840 1697 2903 κακῶς,
1728 2839 1948 2911 διορθώσ-

369 2939 565 2994 σασθαι
588 2936 995 3011 προύθυμήθην.
1030 2939 1096 2989 "A
1128 2937 1190 3007 δὴ
1224 2933 1580 3008 προσκοπῶν,
1610 2933 1796 3005 ἕτερον
1850 2933 1948 3003 μὲν

367 3033 663 3104 ἀπορρήτῳ
689 3030 926 3092 διανοίας
958 3028 1219 3099 ὀφθαλμῷ
1268 3026 1708 3096 συνελογιζόμην,
1762 3025 1947 3096 ἕτερον

365 3119 424 3172 δέ
456 3123 520 3191 τῇ
569 3121 668 3190 τῆς
720 3119 1112 3188 στρατιωτικῆς
1161 3120 1338 3190 χειρὸς
1384 3118 1602 3189 ἐξουσίᾳ
1651 3116 1946 3188 κατορθοῦν

369 3211 706 3282 ἐπειρώμην.
740 3209 894 3273 εἰδὼς
923 3210 996 3273 ὡς
1033 3212 1078 3261 εἰ
1116 3210 1296 3280 κοινὴν
1326 3208 1497 3262 ἅπασι
1525 3211 1638 3270 τοῖς
1678 3207 1770 3260 τοῦ
1810 3206 1945 3260 Θεοῦ

370 3304 692 3375 θεράπουσιν
725 3305 808 3355 ἐπ’
843 3304 1027 3373 εὐχαῖς
1058 3305 1176 3365 ταῖς
1208 3304 1366 3372 ἐμαῖς
1395 3303 1644 3372 ὁμόνοιαν
1674 3301 1948 3369 καταστή-

372 3414 545 3466 σαιμι,
574 3397 669 3450 καὶ
697 3398 730 3466 ἡ
759 3395 866 3448 τῶν
894 3395 1167 3467 δημοσίων
1194 3394 1529 3465 πραγμάτων
1552 3392 1708 3464 χρεία
1734 3391 1946 3462 σύνδρο-

372 3505 470 3559 μον
503 3493 620 3551 ταῖς
665 3489 917 3541 ἁπάντων
942 3487 1187 3540 εὐσεϐέσι
1237 3488 1483 3557 γνώμαις
1513 3485 1608 3556 τὴν
1645 3483 1943 3555 μεταϐολὴν

377 3579 750 3651 καρπώσεται.
800 3600 817 3631 ι

876 3755 1269 3808 ΚΕΦΑΛΛΙΟΝ
1295 3753 1429 3820 εστ.

373 3853 494 3906 Ὅτι
547 3850 644 3905 καὶ
685 3849 885 3916 τὰςέν
939 3847 1176 3917 Ἀφρικῇ
1237 3846 1510 3915 ζητήσεις
1548 3842 1936 3912 διωρθώσατο.

448 3962 466 3995 ι
517 3943 728 4005 Μανίας
784 3941 912 4010 γοῦν
953 3939 1220 4011 δήπουθεν
1266 3941 1366 3992 οὐκ
1433 3938 1663 4008 ἀνεκτῆς
1724 3935 1940 3989 ἅπασαν

369 4038 468 4107 τὴν
497 4033 756 4106 Ἀφρικὴν
783 4032 1158 4104 ἐπιλαὸοὐσης,
1183 4032 1269 4085 διὰ
1293 4034 1415 4095 τοὺς
1447 4029 1558 4101 (85)
1580 4029 1792 4101 ἁϐούλῳ
1818 4047 1943 4082 x09.-

370 4127 560 4198 φότητι
579 4127 677 4198 τὴν
709 4126 816 4179 τῶν
843 4125 1030 4196 δήμων
1056 4123 1351 4197 θρησκείαν
1374 4126 1453 4186 εἰς
1484 4124 1768 4195 διαφόρους
1791 4123 1941 4193 αἱρέ-

373 4239 487 4285 σεις
508 4221 688 4291 σχίσαι
717 4217 1139 4289 τετολμηκότας,
1164 4217 1367 4288 ταύτην
1397 4215 1506 4284 ἐγὼ
1535 4217 1632 4288 τὴν
1660 4216 1812 4269 νόσον
1843 4233 1942 4267 κα-

370 4314 643 4367 ταστεῖλαι
689 4310 986 4382 βουληθεὶς,
1036 4310 1288 4380 οὐδεμίαν
1333 4311 1525 4380 ἑτέραν
1558 4307 1833 4380 ἀρκοῦσαν
1867 4308 1943 4379 τῷ

371 4409 652 4480 πράγματι
691 4405 982 4476 θεραπείαν
1026 4403 1296 4474 εὕρισκον,
1337 4404 1368 4474 ἦ
1414 4406 1459 4456 εἰ
1499 4404 1589 4456 τὸν
1620 4403 1795 4456 κοινὸν
1845 4402 1944 4470 τῆς

369 4501 691 4570 οἰκουμένης
743 4496 934 4568 ἐχθρὸν
967 4495 1161 4561 ἐξελὼν
1184 4497 1314 4565 (86),
1345 4496 1403 4558 ὃς
1444 4499 1562 4559 ταῖς
1594 4496 1764 4566 ἱεραῖς
1791 4494 1942 4563 ὑμῶν

372 4595 605 4657 συνόδοις
636 4593 732 4663 τὴν
787 4590 1041 4659 ἀθέμιτον
1091 4591 1280 4643 ἐαυτοῦ
1327 4591 1549 4661 γνώμην
1596 4589 1940 4658 ἀντέστησεν,

445 4795 556 4867 (82)
594 4793 1114 4867 Δεδοκιμασμένρν
1159 4793 1368 4867 ﬁat-opu.
1405 4793 1588 4867 Gaium
1635 4790 1946 4867 Corduben-

371 4861 486 4919 setn
527 4861 810 4935 intelligit,
838 4877 888 4917 ut
925 4861 1120 4935 scribit
1159 4862 1407 4918 Gelasius
1446 4862 1744 4935 Cyzicenus
1789 4861 1840 4914 in
1885 4863 1943 4914 lio

377 4941 474 4988 hro
525 4952 559 4987 ιι
614 4947 669 4990 et
712 4932 837 5001 post
889 4936 1036 4988 illum
1087 4934 1309 4989 Photius
1355 4937 1406 4987 in
1459 4932 1801 4995 Bibliotheca,
1848 4948 1940 4986 ca-

376 5005 485 5071 pite
512 5001 688 5068 i27,et
719 5003 1080 5074 Nicephorus,
1120 5011 1175 5057 et
1195 5017 1322 5061 aute
1347 5006 1444 5060 hos
1469 5018 1658 5057 omnes
1685 5004 1941 5057 Socrates

374 5087 536 5139 atque
564 5078 916 5128 Snzot'nenus.

447 5144 558 5213 (85)
588 5143 779 5211 Τὴν...
799 5147 928 5212 περὶ
963 5147 1026 5197 τὸ
1053 5144 1212 5198 θεῖον
1237 5148 1542 5213 πρόθεσιν.
1570 5140 1781 5195 Mallem
1809 5143 1942 5196 seri.-

375 5216 503 5286 here
546 5213 803 5277 διάθεσιν,
853 5225 945 5268 aut
985 5215 1270 5286 πρόληψιν.
1318 5215 1523 5286 Contra
1563 5213 1615 5264 in
1678 5213 1942 5280 principio

375 5285 536 5356 hujus
587 5287 829 5356 epistolae
882 5302 976 5356 pro
1033 5283 1223 5356 διπλῆν
1286 5303 1374 5355 μοι
1421 5283 1710 5356 πρόφασιν,
1759 5289 1938 5356 ιιιίιΙιιιι

375 5351 557 5422 legere
590 5351 893 5427 πρόθεσινξ
919 5353 1034 5427 Moti
1064 5351 1258 5427 sigillo
1287 5351 1430 5427 ’πρὸς
1468 5351 1601 5427 μίαν
1635 5352 1821 5427 ἕξεως,
1849 5351 1941 5404 σύ¹³

379 5440 569 5477 στασιν
599 5425 800 5476 ἐνῶσαι
829 5440 890 5476 ex
933 5425 1094 5477 codd.
1126 5424 1422 5478 Fukettatro
1465 5437 1518 5478 et
1557 5425 1767 5478 Savttii.
1806 5424 1937 5476 Mal-

375 5496 481 5548 lem
519 5503 696 5548 tamen
730 5494 970 5548 scribere
996 5493 1132 5564 πρὸς
1159 5498 1304 5563 μιᾶς.

448 5565 562 5631 (84)
601 5564 877 5629 Καθάπερ
895 5563 1138 5632 χαλεπῷ
1166 5581 1299 5615 τινι.
1333 5564 1528 5616 Desunt
1560 5565 1649 5618 hic
1669 5563 1943 5625 nonnulla,

376 5650 496 5701 qua:
533 5639 584 5688 in
618 5637 758 5688 libro
782 5636 967 5688 Mor-aet
1002 5637 1072 5705 ita
1109 5634 1424 5705 supplentur
1445 5633 1706 5705 {xulem};
1731 5649 1834 5685 τινι
1863 5649 1949 5686 νο-

381 5708 583 5776 σήματι
645 5707 853 5776 πάσχον
907 5703 1093 5767 κακῶς
1156 5701 1741 5776 διορθώσασθαιρειεξ..
1792 5712 1952 5776 prout

379 5773 544 5828 etiam
585 5773 862 5846 lcgitttr‘in
907 5776 1149 5829 editione
1175 5773 1518 5846 rGeuevensi:
1545 5775 1658 5842 Ego
1693 5773 1949 5846 libentius

383 5847 525 5899 hunc
567 5842 739 5898 lor-itm
769 5850 839 5900 ita
877 5845 1240 5913 suppleveritu
1280 5842 1532 5913 τχαλεπῷ
1552 5861 1655 5895 τινι
1686 5843 1950 5911 νοσήματι

379 5917 477 5980 τῆς
496 5916 809 5986 τυραννίδος
830 5915 1148 5986 πιεζόμενον
1166 5914 1524 5986 ἐλευθερῶσαι
1539 5913 1946 5984 προύθυμήθην.

2057 655 2203 708 circa
2249 667 2309 706 se
2345 651 2610 716 trahebat,
2649 652 2974 721 quemdam,
3012 665 3173 717 quem
3215 651 3284 703 oh
3319 649 3637 703 modestiam

2059 746 2180 800 fidei
2221 752 2547 812 spectatum,
2579 752 2633 796 et
2653 744 2724 796 ob
2748 741 3032 813 religionis
3059 739 3456 796 confessionem
3484 753 3640 806 supe-

2058 838 2194 892 rlori
2229 848 2470 905 tempore
2506 851 2616 905 prae
2642 835 2852 888 caeteris
2884 834 3226 889 nobilitatum
3274 849 3394 888 esse
3438 847 3638 902 cogno-

2057 941 2229 993 verat,
2283 930 2668 983 Alexandriam
2721 928 2930 996 dirigit,
2985 936 3042 980 ιιι
3085 927 3228 980 inter
3276 942 3369 981 eos
3409 928 3499 992 qui
3530 925 3638 980 illic

2056 1020 2389 1076 dissidebant
2434 1035 2621 1090 pacem
2669 1017 3364 1087 componeret,eidemque
3422 1015 3635 1070 litteras

2056 1114 2148 1167 dat
2210 1115 2277 1166 ad
2302 1113 2688 1168 .contentionis
2741 1121 3016 1177 auctores,
3062 1111 3304 1167 utilesin
3333 1111 3523 1180 primis
3570 1126 3634 1163 ac

2057 1209 2414 1260 necessarias.
2447 1204 2577 1272 Qua:
2609 1221 2732 1260 cum
2780 1205 2988 1259 illustre
3025 1205 3296 1272 specimen
3339 1201 3634 1256 exhibeant

2055 1311 2201 1351 curae
2226 1312 2291 1350 ac
2314 1297 2701 1351 sollicitudinis
2731 1297 2882 1352 illius
2913 1311 3075 1365 quam
3103 1311 3202 1365 pro
3241 1294 3502 1350 Ecclesiis
3534 1295 3630 1350 Dei

2055 1390 2303 1458 gerebat,
2337 1407 2440 1444 non
2478 1391 2775 1444 absurdum
2808 1391 3000 1454 fuerit,
3035 1390 3162 1445 huic
3196 1391 3262 1444 de
3303 1390 3392 1443 illo
3416 1389 3633 1444 institu-

2056 1491 2121 1534 ta:
2147 1481 2449 1534 narrationi
2482 1481 2625 1548 ipsas
2653 1481 2916 1535 inserere.
2948 1483 3087 1533 Sunt
3119 1490 3297 1535 autem
3338 1480 3627 1549 ejusmodi.

2516 1571 2680 1644 [.73
2719 1572 2948 1627 CAPUT
2991 1572 3173 1627 LXIV.

2053 1665 2384 1721 Constantini
2423 1669 2644 1735 epistola
2696 1670 2765 1722 ad
2812 1669 3170 1722 Alexandrum
3217 1667 3629 1734 episcopum,et

2525 1739 2708 1792 Arium
2771 1741 3153 1808 presbyterum.

2129 1850 2146 1881 ι
2185 1831 2369 1884 Victor
2383 1832 2771 1886 Constantinus
2793 1831 3366 1900 MaximusAugustus,
3393 1830 3628 1883 Alexan-

1983 1921 2022 1974 Β
2049 1923 2148 1974 dro
2172 1934 2220 1975 et
2246 1923 2397 1975 Ario.

2129 2033 2146 2063 ι
2189 2015 2404 2068 Duabus
2446 2030 2530 2070 me
2561 2015 2741 2069 causis
2782 2015 3067 2084 impulsum
3098 2016 3266 2069 fuisse
3321 2015 3385 2068 ad
3440 2031 3627 2070 earum

2056 2121 2234 2160 rerum
2295 2122 2434 2174 quas
2480 2108 2621 2176 gessi
2672 2107 3037 2162 ministerium
3092 2107 3401 2161 obeundum
3434 2147 3449 2170 ,
3512 2108 3631 2177 ipse

2052 2210 2342 2254 conatuum
2394 2215 2635 2253 meorum
2685 2201 2901 2268 adjutor
2949 2209 3001 2252 et
3059 2209 3305 2253 servator
3360 2200 3627 2265 onmium,

2053 2294 2180 2347 mihi
2208 2295 2358 2348 testis
2386 2305 2470 2348 est
2505 2296 2660 2348 Deus.
2704 2312 2720 2342 ι

2615 2382 2844 2438 CAPUT
2896 2382 3058 2437 LXV.

2303 2477 2458 2543 Quod
2503 2494 2598 2548 pro
2628 2493 2753 2543 pace
2789 2480 3036 2529 continue
3080 2480 3374 2546 satagebat.

2127 2587 2144 2620 ‹
2172 2569 2304 2624 Nam
2336 2571 2807 2640 primumquident
2835 2569 3074 2623 omnium
3109 2570 3350 2638 gentium
3385 2570 3626 2625 ittolitam

2051 2666 2116 2718 de
2153 2666 2258 2719 Deo
2289 2665 2599 2731 opittionem
2637 2663 2688 2716 in
2734 2677 2892 2715 unam
2949 2663 3102 2729 quasi
3143 2661 3513 2716 habitudinem
3565 2680 3629 2717 ac

2053 2751 2276 2803 fortnam
2312 2753 2660 2819 compingere
2707 2750 3047 2819 propositum
3096 2749 3198 2803 fuit
3227 2765 3239 2800 ;
3273 2751 3467 2805 deinde
3499 2769 3628 2806 vero
3662 2767 3665 2770 '

2050 2857 2247 2908 corpus
2277 2843 2424 2894 orbis
2457 2852 2725 2893 terrarum
2758 2841 2912 2911 quasi
2955 2843 3104 2910 gravi
3151 2844 3390 2913 quodam
3438 2843 3627 2899 morbo

2052 2932 2352 3000 tyrannidis
2407 2949 2750 3002 oppressum,
2805 2934 2858 2986 itt
2921 2933 3208 3003 pristinam
3260 2935 3624 2991 valetudinem

2051 3025 2357 3079 restituere.
2411 3026 2541 3092 Qum
2575 3042 2698 3080 cum
2748 3027 2879 3080 mihi
2925 3029 3100 3080 instar
3129 3029 3273 3097 scopi
3313 3032 3620 3098 proposuis-

2050 3134 2183 3184 setn,
2240 3119 2470 3172 alterum
2530 3119 2746 3188 quidem
2797 3136 2999 3172 arcano
3055 3121 3406 3189 cogitationis
3470 3123 3628 3177 oculo

2052 3209 2392 3277 inquirebant
2424 3227 2436 3273 ;
2465 3208 2693 3264 alterum
2729 3226 2858 3262 vero
2887 3211 3079 3263 bellica
3105 3211 3155 3263 vi
3183 3221 3344 3279 atque
3387 3215 3624 3280 potentia

2051 3300 2310 3368 perlicere
2331 3302 2594 3355 conabar.
2631 3301 2842 3369 Quippe
2876 3302 3264 3371 intelligebam,
3303 3305 3345 3356 si
3377 3319 3626 3358 commu-

2051 3409 2172 3447 nem
2211 3394 2356 3447 inter
2376 3405 2565 3447 omnes
2603 3394 2691 3446 Dei
2736 3394 2973 3447 cultores
3032 3392 3420 3458 concordiam,
3485 3397 3628 3450 sient

2051 3484 2180 3536 mihi
2213 3485 2265 3536 itt
2299 3485 2436 3538 votis
2467 3495 2606 3545 erat,
2630 3483 2873 3537 stabilire
2902 3485 3203 3552 potuissem
3230 3526 3243 3548 ,
3281 3485 3394 3540 fore
3427 3497 3483 3541 ιιι
3518 3489 3624 3543 rei-

2051 3575 2274 3643 publicae.
2323 3575 2751 3637 administratio,
2817 3577 3174 3629 mutationem
3234 3580 3338 3646 piis
3377 3582 3620 3635 omnium

2049 3669 2300 3722 sensibus
2332 3679 2724 3736 congruentem
2764 3667 3228 3721 nancisceretur.»

2607 3757 2834 3813 CAPUT
2873 3757 3056 3812 LXVI.

2051 3847 2326 3916 Quomodo
2355 3851 2678 3921 quaestiones
2712 3853 2764 3904 in
2795 3853 2978 3920 Africa
3012 3852 3268 3904 excitatas
3299 3854 3630 3920 compressit.

2123 3963 2142 3997 ι
2173 3944 2359 4013 Itaque
2390 3958 2515 3998 cum
2547 3943 2911 3998 intolerabilis
2935 3945 3179 4012 quaedam
3212 3944 3419 3998 insania
3455 3955 3624 3998 totam

2048 4036 2288 4089 Africam
2332 4036 2727 4104 corripuisset,
2765 4037 2835 4092 ob
2886 4037 3144 4104 quosdam
3197 4039 3289 4105 qui
3335 4040 3624 4092 temeraria

2049 4129 2269 4183 levitate
2318 4129 2636 4198 religionem
2697 4130 3019 4200 pepulorum
3099 4132 3152 4184 itt
3201 4132 3385 4184 varias
3444 4141 3627 4187 sectas

2049 4221 2360 4275 discindere
2396 4221 2512 4276 ausi
2547 4225 2798 4287 inerant;
2833 4224 2976 4276 hunc
3013 4238 3114 4290 ego
3159 4223 3400 4276 morhmn
3435 4224 3628 4278 sedare

2050 4313 2294 4381 cupiens,
2323 4312 2526 4367 nullum
2549 4313 2694 4367 aliud
2729 4316 3025 4367 remedium
3052 4314 3120 4367 ad
3139 4314 3256 4382 ejus
3287 4315 3626 4369 curationem

2051 4406 2302 4459 idoneum
2338 4407 2696 4474 reperiebam.
2732 4422 2892 4473 quam
2935 4408 3302 4466 ut,comtnuni
3336 4409 3491 4462 hoste
3531 4421 3628 4476 ge-

2052 4499 2198 4551 neris
2244 4498 2466 4552 bumani
2516 4513 2546 4552 e
2606 4501 2779 4553 medio
2819 4499 3063 4563 sublato,
3115 4500 3203 4566 qui
3257 4498 3628 4554 sacrosanctis

2051 4590 2271 4658 synodis
2297 4591 2498 4645 vestris
2540 4591 2760 4660 impiam
2794 4607 2943 4644 suam
2971 4593 3294 4646 sententiam
3331 4606 3395 4645 ac
3424 4591 3628 4660 jussio-

1977 4779 2020 4827 ³)
2055 4791 2248 4846 Verum
2275 4807 2396 4846 cum
2435 4794 2488 4846 in
2519 4793 2736 4859 optimis
2776 4790 3054 4844 codicibus
3091 4790 3393 4845 Fuketiano
3431 4802 3483 4845 et
3528 4793 3626 4846 Sa-

2051 4863 2161 4914 vilii
2194 4863 2344 4916 locus
2378 4866 2448 4915 ita
2485 4870 2820 4929 suppleatur,
2848 4872 2904 4913 ut
2936 4878 3096 4926 supra
3134 4865 3311 4925 posui,
3340 4879 3459 4915 eam
3493 4868 3628 4917 scri-

2048 4942 2260 5000 pturam
2295 4935 2449 5002 sequi
2487 4944 2730 5002 praestat.
2773 4934 2940 4985 Porro
2965 4934 3016 4984 in
3052 4931 3266 4986 Fuketii
3302 4933 3442 4987 libro
3471 4939 3624 4989 deest

2045 5017 2160 5073 Vox,
2179 5002 2382 5073 κοινῆς.

2116 5072 2230 5140 (85)
2271 5071 2426 5141 vulg.
2448 5071 2682 5137 Μανίας
2702 5073 2810 5140 γὰρ
2834 5071 3201 5136 δήπουθεν...
3224 5073 3322 5126 καὶ
3347 5072 3444 5125 διὰ
3461 5075 3618 5138 τούς.

2049 5140 2409 5199 Scribetultttit
2438 5144 2754 5212 omninoest
2775 5144 2972 5212 μανίας
2999 5143 3150 5210 γοῦν.
3179 5145 3346 5198 Paulo
3379 5157 3497 5211 post
3531 5148 3620 5197 ulti

2049 5212 2244 5279 legitur
2268 5215 2363 5267 xui.
2395 5212 2484 5265 διὰ
2514 5211 3018 5281 τούςηιειιιιιιιιεειιιίςι
3061 5227 3144 5268 est
3185 5215 3449 5283 partiettla
3502 5215 3617 5266 καί.

2051 5283 2360 5340 llonatistas
2415 5295 2594 5336 autem
2644 5284 2915 5351 intelligit,
2948 5285 3037 5348 qui
3081 5296 3202 5352 post
3234 5283 3533 5336 Romanam
3556 5295 3623 5337 'et

2043 5358 2417 5411 Arelatensem
2471 5356 2754 5422 synodum.
2806 5365 2926 5421 post
2960 5353 3222 5422 judicium
3271 5357 3434 5420 ipsius
3477 5356 3623 5407 tion-

2047 5446 2072 5482 s
2100 5425 2295 5484 amitti,
2333 5425 2511 5476 adhuc
2545 5425 2594 5474 in
2629 5421 2811 5474 Afl'it'u
2846 5421 3335 5481 ttttttitltttztbatttttr.

2115 5497 2224 5566 (86)
2266 5492 2377 5547 Τὸν
2399 5493 2603 5566 miror
2623 5491 2732 5558 τῆς
2758 5493 3114 5561 οἰκουμένης
3135 5493 3352 5566 ἐχθρόν
3371 5491 3619 5555 ἐξελών.

2043 5563 2310 5621 Licinium
2349 5563 2536 5631 procul
2567 5565 2729 5615 duhto
2773 5566 3043 5629 intelligit,
3088 5575 3143 5614 ut
3185 5563 3463 5631 declarant.
3501 5579 3620 5627 qmu

2045 5629 2533 5705 sequuutur'verba
2559 5651 2571 5686 :
2597 5632 2654 5696 ὃς
2685 5636 2805 5696 ταῖς
2834 5632 3184 5705 ἱεραῖςᾼύμῶν
3217 5629 3616 5705 συνόδοιςηειμ.

2047 5702 2178 5760 Nam
2255 5704 2495 5758 Licinius
2547 5705 2784 5774 synodos
2837 5702 3261 5758 Christianorum
3313 5702 3618 5774 antistitum

2047 5776 2421 5845 prohibuerat,
2441 5787 2498 5825 ut
2525 5772 2757 5827 testatur
2787 5775 3047 5826 Eusebius
3068 5774 3287 5845 inplihro
3311 5788 3347 5832 I,
3383 5790 3503 5841 cap.
3528 5772 3616 5826 51.

2048 5843 2115 5899 At
2167 5845 2692 5913 Cltt‘is‘tophorsouus
2743 5857 3084 5913 communem
3137 5843 3356 5894 humani
3407 5858 3620 5911 generis

2052 5919 2261 5971 hostem
2325 5912 2428 5968 hoc
2479 5915 2532 5968 itt
2602 5914 2719 5968 loco
2781 5912 3050 5967 diabolum
3106 5928 3225 5968 esse
3273 5914 3608 5970 existimavit
