4114 6432
280 420 310 464 1
323 414 427 470 ut!

1394 399 1477 456 DE
1519 398 1677 454 VITA
1714 390 2175 452 CONSTANTINI
2216 389 2343 444 LIB.
2385 387 2448 443 ῐῐ,

3406 380 3551 435 π)εῆ

280 537 396 605 τήν
422 544 479 583 τε
511 526 661 582 θείαν
689 524 944 597 πρόνοιαν
971 521 1207 582 καλέσας
1227 517 1440 590 ἀρωγὸν
1458 516 1536 586 τῷ
1560 516 1866 586 πράγματι,

1985 511 2242 571 redactus,
2297 504 2422 561 etad
2450 501 2775 558 concordem
2796 506 3082 568 ulrtusque
3111 508 3350 553 vestrum
3379 494 3546 549 soler-

287 599 462 693 μέσον
483 621 578 691 τῆς
605 619 742 692 πρὸς
770 616 1032 687 ἀλλήλους
1065 611 1216 684 ὑμῶν
1249 609 1734 680 ἀμφισϐητήσεως,
1759 599 1871 658 οἷον

281 717 514 786 είρήνης
547 709 810 783 πρύτανιν
848 707 1085 778 ἐμαυτὸν
1119 702 1380 774 προσάγω
1411 699 1654 762 εἰκότως.
1695 697 1872 765 Ὅπερ

284 807 404 876 γάρ
431 803 495 874 δὴ
527 802 913 874 συναιρομένου
957 798 1051 852 τοῦ
1087 796 1415 867 κρείττονος,
1459 793 1552 846 καὶ
1589 792 1637 843 εί
1674 786 1873 860 μείζων

285 893 359 970 ἦν
384 915 468 961 τις
495 895 717 967 ἀφορμὴ
767 893 1053 964 διχονοίας,
1082 891 1142 942 οὐ
1187 886 1438 959 χαλεπῶς
1469 885 1534 937 ἂν
1577 881 1869 952 ἠδυνήθην,

285 991 469 1054 ὁσίαις
490 990 596 1042 τῶν
625 986 927 1041 ἀκουόντων
955 982 1200 1054 γνώμαις
1231 979 1546 1049 ἐγχειρίζων
1575 976 1664 1028 τὸν
1694 974 1870 1042 λόγον,

287 1087 374 1149 είς
394 1085 452 1137 τὸ
477 1078 890 1154 χρησιμώτερον
915 1077 1144 1130 ’ἑκαστον
1184 1070 1521 1144 μεταστῆσαι
1550 1067 1681 1139 (94),
1715 1064 1873 1118 τοῦτο

293 1176 498 1246 μικρᾶς
550 1172 644 1224 καὶ
672 1170 792 1222 λίαν
834 1165 1084 1227 εὐτελοῦς
1122 1162 1376 1234 ἀφορμῆς
1433 1157 1803 1232 ὑπαρχούσης,
1835 1155 1870 1226 ἢ

290 1267 431 1336 πρὸς
447 1265 506 1317 τὸ
523 1264 642 1317 ὅλον
662 1258 910 1332 ἐμποδὼν
938 1258 1175 1320 ἵσταται,
1212 1255 1329 1317 πῶς
1348 1254 1449 1306 οὐκ
1482 1248 1872 1322 εύχερεστέραν

287 1358 387 1410 καὶ
414 1354 591 1426 πολλῷ
623 1351 956 1426 ρᾳδιωτέραν
988 1367 1074 1420 μοι
1098 1347 1193 1401 τοῦ
1226 1346 1551 1417 πράγματος
1579 1341 1674 1413 τὴν
1706 1341 1872 1393 ἐπαν-

287 1446 525 1518 όρθωσιν
558 1441 914 1515 μνηστεύσει;
947 1458 965 1490 ι

816 1615 1210 1672 ΚΕΦΑΛΑΙΟΝ
1241 1612 1356 1667 38’.

290 1711 537 1782 Πόθενξτ)
574 1709 961 1782 Ἀλεξάνδρου
983 1706 1083 1782 καὶ
1118 1708 1358 1782 Ἀρείοιζ
1370 1703 1610 1782 ζήτησις
1629 1701 1872 1770 ἤρξατο,

538 1783 635 1836 καὶ
663 1773 750 1835 ὅέι
773 1773 862 1850 μνῆ
895 1776 1085 1848 ἐχρῆν·
1115 1773 1393 1843 σὺζητεῖν
1424 1773 1630 1827 ταῦτα.

371 1898 390 1931 ι
423 1876 692 1932 Μανθάνω
728 1874 907 1927 τοίνυν
953 1871 1161 1925 ἐκεῖθεν
1190 1867 1428 1939 ὑπῆρξαι
1474 1866 1568 1920 τοῦ
1617 1865 1879 1936 παρόντος

293 1971 604 2042 ζητήματος
631 1968 729 2038 τὴν
757 1964 1080 2034 καταϐολὴν.
1121 1963 1249 2014 Ὅτε
1281 1959 1390 2032 γάρ
1437 1961 1522 2024 σὺ,
1550 1953 1594 2012 ὦ
1629 1956 1878 2021 Ἀλέξαν-

290 2064 409 2133 δρε,
441 2059 592 2131 παρά
628 2059 735 2112 τῶν
763 2055 1145 2130 πρεσϐυτέρων
1184 2054 1416 2123 ἐζήτεις,
1452 2050 1503 2104 τί
1554 2052 1752 2123 δήποτε
1783 2050 1881 2103 αύ-

292 2151 404 2204 τῶν
423 2151 651 2212 ἕκαστος
673 2147 787 2217 (95)
815 2146 956 2218 ὑπέρ
1000 2161 1143 2208 τινος
1168 2144 1334 2196 τόπου
1376 2142 1485 2195 τῶν
1530 2144 1586 2194 ἐν
1625 2141 1703 2212 τῷ
1731 2139 1879 2211 νόμῳ

292 2241 712 2314 γεγραμμένων,
735 2238 930 2308 μᾶλλον
955 2237 996 2289 δ’
1018 2235 1157 2307 ὑπὲρ
1187 2235 1413 2306 ματαίου
1441 2233 1583 2296 τινὸς
1604 2231 1880 2304 ζητήσεως

299 2335 496 2406 μέρους
542 2331 860 2393 ἐπυνθάνου,
900 2328 962 2381 σύ
1011 2345 1091 2391 τε,
1141 2321 1186 2379 ὧ
1217 2328 1424 2397 Ἀρειε,
1482 2324 1625 2378 τοῦθ’
1668 2327 1802 2396 ὅπερ
1845 2325 1878 2397 ἢ

302 2431 439 2496 μήτε
461 2426 558 2497 τὴν
606 2425 778 2496 ἀρχὴν
817 2421 1206 2492 ἐνθυμηθῆναι,
1233 2420 1266 2490 ἢ
1307 2417 1676 2488 ἐνθυμηθέντα
1703 2419 1878 2488 σιωπῇ

299 2515 632 2586 παραδοῦναι
660 2513 931 2586 προσῆκον
949 2508 1035 2583 ἦν,
1061 2510 1384 2582 ἀπροόπτως
1415 2508 1724 2572 ἐντέθεικας
1745 2507 1878 2578 (96),

295 2605 418 2658 ὅθεν
440 2605 535 2675 τῆς
562 2605 616 2656 ἐν
652 2603 780 2673 ύμῖν
802 2601 1064 2671 διχονοίας
1094 2599 1202 2669 (97)
1230 2597 1565 2668 ἐγερθείσης,
1585 2598 1618 2666 ἡ
1645 2597 1742 2667 μὲν
1760 2595 1882 2648 σύν-

296 2700 415 2762 1οδος
444 2696 653 2769 ἠρνήθη
671 2695 804 2768 (98),
822 2695 921 2749 ὁδέ
954 2694 1256 2763 ἀγιώτατος
1283 2693 1409 2756 λαὸς
1435 2693 1512 2755 εἰς
1538 2690 1882 2762 ἀμφοτέρους

297 2790 559 2860 σχισθεὶς,
590 2792 654 2842 ἐκ
693 2789 791 2859 τῆς
823 2786 918 2840 τοῦ
952 2787 1133 2840 κοινοῦ
1177 2785 1423 2856 σώματος
1454 2783 1721 2856 ἁρμονίας
1748 2785 1884 2853 ἐχω-

298 2881 480 2952 ρίσθη.
507 2880 713 2933 Ούκοῦν
738 2878 999 2950 ἑκάτερος
1044 2876 1196 2948 ὑμῶν
1223 2876 1400 2943 ἐξίσου
1429 2877 1526 2949 τὴν
1555 2874 1882 2945 συγγνώμην

298 2969 597 3043 παρασχὼν
641 2967 773 3040 (99),
817 2969 954 3040 ὅπερ
992 2967 1057 3021 ἂν
1110 2967 1237 3038 ὑμῖν
1271 2969 1298 3020 ὀ
1332 2964 1686 3037 συνθεράπων
1730 2963 1884 3035 ὑμῶν

296 3062 522 3125 δικαίως
568 3064 842 3132 παραινεῖ,
889 3059 1158 3124 δεξάσθω.
1192 3058 1256 3112 Ἰί
1279 3058 1335 3111 δὲ
1358 3055 1514 3111 τοῦτό
1545 3059 1726 3121 ἐστιν;
1761 3054 1884 3109 οὔτε

297 3155 508 3224 ἐρωτᾷν
534 3153 672 3224 ὑπὲρ
687 3151 794 3206 τῶν
818 3149 1071 3205 τοιούτων
1087 3151 1144 3216 ἐξ
1164 3150 1337 3221 ἀρχῆς
1361 3148 1633 3220 προσῆκον
1647 3143 1737 3218 ἦν,
1759 3143 1818 3199 0'1
1836 3162 1882 3199 σε

293 3248 654 3325 ἐρωτώμενον
691 3245 1100 3318 ἀποκρίνεσθαι.
1134 3243 1246 3306 Τάς
1278 3242 1386 3314 γὰρ
1423 3239 1676 3304 τοιαύτας
1721 3237 1886 3309 ζητή-

301 3362 434 3408 σεις,
468 3343 676 3405 ὁπόσας
701 3341 774 3411 μὴ
802 3339 966 3409 νόμου
987 3337 1132 3401 τινὸς
1153 3335 1366 3405 ἀνάγκη
1397 3334 1741 3406 προστάττει,
1773 3331 1886 3384 ἀλλ’

299 3437 609 3508 ἀνωφελοῦς
633 3436 828 3508 ἀργίας
849 3431 1131 3505 ἐρεσχελία
1159 3429 1497 3500 προτίθησιν,
1535 3431 1582 3482 εί
1611 3428 1705 3482 καὶ
1739 3445 1891 3497 φυσι-

299 3535 405 3602 κῆς
428 3547 572 3593 τινος
614 3525 923 3598 γυμνασίας
957 3524 1034 3594 (1)
1068 3522 1230 3576 ἓνεκα
1269 3522 1527 3590 γίγνοιτο,
1562 3521 1710 3591 ὅμως
1742 3518 1888 3587 ὀφεί-

299 3625 466 3694 λομεν
494 3620 624 3674 εῖσω
648 3621 744 3690 τῆς
771 3616 1009 3680 διανοίας
1047 3615 1334 3684 ἐγκλείειν,
1355 3615 1449 3666 κα).
1483 3612 1556 3684 μὴ
1583 3611 1888 3684 προχείρως

302 3720 383 3782 είς
417 3715 681 3788 δημοσίας
716 3711 964 3773 συνόδους
987 3709 1260 3780 ἐκφέρειν,
1285 3707 1419 3778 μηδὲ
1440 3708 1560 3768 ταῖς
1576 3705 1682 3758 τῶν
1701 3706 1886 3775 δήμων

304 3813 494 3874 ἀκοαῖς
518 3809 866 3881 ἀπρονοήτως
906 3804 1201 3859 πιστεύειν.
1235 3802 1407 3864 Πόσος
1451 3801 1559 3872 γάρ
1592 3801 1738 3852 ἐστιν
1759 3800 1888 3853 ἐκα-

308 3919 452 3964 στος,
481 3900 556 3962 ὡς
590 3897 930 3969 πραγμάτων
959 3893 1102 3947 οὕτω
1135 3892 1386 3964 μεγάλων
1424 3892 1516 3943 καὶ
1548 3889 1668 3943 λίαν
1692 3889 1885 3959 δυσχε-

310 3992 419 4063 ρῶν
452 3991 699 4062 δύναμιν,
754 3987 786 4059 ἢ
845 3987 981 4057 πρὸς
1032 3985 1092 4039 τὸ
1141 3983 1366 4055 ἀκριϐὲς
1401 3981 1718 4054 συνιδεῖν,ἢ
1767 3984 1884 4035 κατ’

308 4085 465 4151 ἀξίαν
486 4082 846 4154 ἐρμηνεῦσαι;
877 4081 939 4132 Et
957 4079 1013 4131 δὲ
1042 4077 1135 4130 καὶ
1161 4074 1314 4128 τοῦτό
1341 4092 1426 4138 τις
1446 4074 1684 4146 εὐχερῶς
1713 4077 1885 4128 ποιεῖν

307 4171 610 4245 νομισθείη,
646 4170 808 4224 πόσον
841 4169 1009 4241 δήπου
1044 4168 1207 4240 μέρος
1245 4163 1338 4218 τοῦ
1395 4164 1567 4235 δήμου
1603 4164 1813 4230 πείσει;
1849 4164 1881 4235 ἦ

308 4266 391 4330 τίς
417 4267 536 4329 ταῖς
556 4262 661 4318 τῶν
685 4261 941 4316 τοιούτων
981 4260 1054 4330 (2)
1090 4257 1417 4330 ζητημάτων
1441 4255 1748 4327 ἀκριϐείαις
1782 4256 1885 4321 ἔξω

308 4461 587 4514 ctitatem.
641 4458 960 4527 gravitatem
1015 4456 1096 4510 vel
1153 4454 1502 4527 prudentiam
1542 4453 1882 4527 frequentius

1977 602 2104 655 tiam
2134 599 2406 662 scribens,
2442 591 2794 648 invocalo'ad
2826 591 2927 644 hoc
2960 605 3096 658 opus
3125 587 3328 642 auxilio
3353 572 3549 640 tlivinze

1974 690 2360 756 Providentia,
2393 686 2659 742 arbitrum
2699 698 2786 736 me
2822 681 3181 736 dissensionis
3220 689 3416 734 vesurte
3441 717 3456 740 ,
3491 684 3548 731 et

1974 786 2133 858 quasi
2159 784 2309 852 pacis
2345 780 2747 835 moderatorem
2792 775 2988 828 merito
3025 773 3331 842 interpono.
3413 769 3548 823 Nam

1976 873 2312 946 qui,etiamsi
2337 871 2558 941 gravior
2585 869 2829 922 subesset
2853 880 3013 920 causa
3039 863 3340 926 disc-ordiar,
3365 871 3542 915 tamen

1978 971 2086 1024 Deo
2115 968 2360 1038 iuvante,
2408 963 2512 1032 piis
2563 959 2896 1013 audientium
2951 957 3225 1011 mentibus
3276 952 3544 1007 rationem

1977 1061 2280 1121 insinuans,
2312 1055 2454 1110 haud
2505 1050 2722 1105 tlilIicile
2757 1064 2973 1119 possem
3007 1045 3246 1117 singulos
3286 1045 3352 1098 ad
3399 1044 3547 1098 salu-

1977 1155 2156 1208 briora
2213 1148 2443 1206 consilia
2507 1158 2802 1209 revocare;
2837 1142 3137 1203 idem,cum
3184 1137 3316 1191 levis
3361 1137 3551 1190 admo-

1977 1252 2100 1303 dum
2135 1257 2182 1301 el
2209 1247 2404 1316 exigua
2450 1258 2595 1297 nunc
2633 1255 2797 1294 causa
2828 1239 2919 1300 sit,
2951 1251 3071 1306 qua:
3110 1233 3272 1289 totius
3303 1233 3549 1302 corporis

1976 1338 2317 1395 consensioni
2359 1335 2564 1398 obstat,
2623 1347 2722 1386 cur
2773 1345 2875 1383 non
2929 1327 3097 1380 multo
3151 1325 3448 1379 faciliorem
3498 1328 3551 1376 et

1975 1429 2371 1500 expeditiorem
2434 1423 2596 1492 hujus
2651 1421 2728 1477 rei
2791 1419 3188 1475 correctionem
3253 1414 3384 1468 mihi
3439 1414 3552 1481 ipse

1978 1520 2309 1594 spondeam?
2330 1539 2348 1571 ι

2539 1601 2767 1658 CAPUT
2810 1599 2996 1656 LXIX.

1981 1701 2128 1757 Unde
2161 1712 2287 1756 nata
2335 1701 2400 1753 sit
2450 1697 2805 1752 controversia
2844 1696 2982 1747 inter
3021 1692 3204 1743 Arium
3237 1699 3284 1743 et
3324 1690 3554 1743 Alexan-

2128 1775 2305 1838 drum,
2334 1780 2381 1823 ει
2409 1769 2548 1838 quod
2572 1770 2701 1819 talia
2737 1782 2841 1818 non
2871 1773 3018 1817 erant
3043 1762 3406 1830 disquirenda.

2057 1883 2074 1916 ι
2103 1863 2272 1918 Porro
2289 1860 2572 1932 praesentis
2585 1854 2973 1912 controversia:
3006 1852 3216 1906 initium
3237 1851 3360 1905 hinc
3384 1849 3554 1903 exsti-

1985 1958 2114 2013 tisse
2137 1954 2432 2026 comperio.
2479 1953 2613 2005 (Ittm
2648 1948 2791 2002 enim
2835 1943 3299 2006 tu,Alexander,a
3334 1941 3560 2011 presby-

1984 2052 2116 2107 teris
2144 2050 2251 2104 tuis
2285 2046 2615 2115 requireres,
2648 2042 2776 2110 quid
2812 2041 3044 2110 quisque
3085 2051 3274 2091 eorum
3317 2037 3384 2089 de
3421 2049 3559 2104 quo-

1982 2145 2103 2198 dam
2137 2141 2269 2211 legis
2298 2139 2417 2192 loco
2451 2135 2701 2198 sentiret,
2733 2148 2824 2186 seu
2857 2130 3039 2200 potius
3061 2130 3126 2185 de
3144 2129 3373 2199 quadam
3402 2139 3560 2195 parte

1983 2236 2158 2290 inanis
2190 2229 2504 2303 quaestionis
2535 2241 2630 2282 eos
2655 2227 3025 2292 interrogares
3052 2239 3065 2275 :
3093 2228 3414 2287 cumquetu,
3439 2217 3558 2283 Ari,

1983 2328 2035 2382 id
2075 2325 2216 2396 quod
2245 2322 2330 2377 vel
2364 2332 2641 2388 nunquam
2671 2313 2837 2387 475
2864 2313 3122 2382 cogitare,
3152 2309 3235 2364 vel
3263 2323 3395 2363 sane
3417 2311 3562 2378 cogi-

1985 2429 2153 2472 tatum
2209 2412 2429 2470 silentio
2478 2424 2724 2480 premere
2787 2407 3055 2460 debueras
3090 2401 3125 2471 ,l
3184 2400 3562 2470 imprudenter

1983 2508 2326 2581 protulisses,
2359 2505 2593 2559 excitata
2630 2502 2774 2553 inter
2803 2513 2898 2552 vos
2923 2495 3215 2560 discordia,
3248 2493 3562 2548 communio

1982 2603 2202 2674 quidem
2233 2600 2496 2668 denegata
2538 2603 2656 2657 est;
2712 2590 3094 2646 sanctissimus
3125 2597 3302 2641 autem
3332 2585 3562 2656 populus

1986 2697 2038 2750 in
2074 2695 2207 2749 duas
2248 2700 2432 2762 partes
2459 2688 2738 2751 discissus,
2789 2700 2818 2737 a
2869 2683 3033 2738 totius
3074 2681 3322 2750 corporis
3355 2679 3565 2733 unitate

1983 2787 2254 2844 discessit.
2294 2783 2559 2852 Quocirca
2607 2789 2842 2849 uterque
2872 2786 3114 2831 vestrum
3144 2773 3356 2828 veniam
3403 2773 3566 2826 vicis-

1985 2880 2087 2932 sim
2111 2875 2265 2931 alteri
2293 2874 2536 2928 tribuens
2562 2913 2577 2937 ,
2611 2869 2661 2924 id
2691 2868 3071 2938 amplectatur,
3096 2864 3237 2936 quod
3270 2877 3566 2919 conservus

1984 2983 2166 3026 vester
2193 2966 2345 3022 vobis
2362 2963 2667 3034 iustissime
2695 2960 2911 3017 suadet.
2959 2959 3226 3026 Quidnam
3260 2971 3392 3012 vero
3433 2954 3566 3010 illud

1984 3065 2101 3120 est?
2140 3061 2610 3129 Necinterrogare
2642 3057 2708 3110 de
2743 3052 3053 3124 huiusmodi
3096 3051 3261 3106 rebus
3293 3047 3566 3118 principio

1910 3193 1953 3250 ϐ
1987 3157 2233 3221 decebat,
2265 3168 2367 3209 nec
2389 3153 2785 3220 interrogatum
2822 3145 3175 3216 respondere.
3229 3142 3390 3198 Tales
3418 3143 3565 3197 enim

1991 3245 2356 3316 qua-stiones,
2399 3256 2538 3312 quas
2570 3237 2773 3293 nullius
2807 3236 2940 3306 legis
2985 3235 3285 3289 necessitas
3321 3233 3569 3304 praescri-

1989 3342 2092 3403 bit,
2123 3339 2218 3394 sed
2249 3335 2456 3391 inutilis
2488 3331 2584 3389 otii
2611 3330 2894 3385 altercatio
2929 3328 3221 3396 proponit,
3261 3327 3389 3381 licet
3417 3326 3568 3394 inge—

1989 3433 2066 3487 nii
2090 3427 2387 3485 exercendi
2423 3438 2590 3481 causa
2621 3423 3001 3487 instituantur,
3029 3431 3204 3490 tamen
3242 3419 3382 3472 intra
3411 3432 3566 3471 men-

1992 3523 2060 3577 tis
2097 3530 2298 3576 nostrae
2333 3513 2638 3587 penetralia
2673 3511 2955 3569 continere
2993 3510 3276 3576 debemus,
3325 3523 3424 3563 nec
3474 3523 3568 3562 eas

1992 3616 2149 3671 facile
2188 3613 2243 3667 in
2284 3609 2530 3681 publicos
2574 3605 2795 3668 efferre}
2822 3610 3144 3665 conventus,
3193 3616 3292 3655 nec
3344 3599 3568 3653 auribus

1991 3707 2134 3778 vulgi
2168 3702 2477 3760 inconsulte
2516 3700 2878 3755 committere.
2935 3695 3377 3762 Quotusquisque
3421 3692 3567 3745 enim

1989 3808 2098 3864 est,
2150 3797 2242 3867 qui
2292 3802 2567 3848 tantarum
2613 3804 2795 3846 rerum
2846 3797 3066 3856 tamque
3126 3783 3423 3840 diﬂieilium
3460 3783 3568 3837 vim

1988 3900 2152 3959 atque
2204 3899 2461 3942 naturam
2494 3891 2588 3937 aut
2625 3890 2884 3936 accurate
2927 3877 3419 3948 comprehendere,
3475 3886 3570 3929 aut

1990 3995 2091 4051 pro
2119 3978 2386 4047 dignitate
2410 3973 2688 4043 explicare
2726 3969 2994 4026 sulliciat?
3045 3969 3198 4034 Quod
3253 3967 3297 4020 si
3361 3965 3482 4034 quis
3517 3963 3570 4018 id

1992 4072 2153 4127 Facile
2190 4068 2451 4137 consequi
2505 4079 2662 4136 posse
2710 4062 3077 4125 existimetur,
3122 4068 3302 4129 quotae
3352 4056 3569 4110 tandem

1991 4165 2128 4236 parti
2162 4162 2306 4232 vulgi
2344 4161 2396 4214 id
2429 4172 2791 4230 persuasurus
2817 4157 2928 4212 est?
2956 4155 3059 4208 Aut
3081 4153 3204 4224 quis
3228 4151 3280 4204 in
3301 4147 3569 4217 ejusmodi

1991 4255 2356 4326 quaestionum
2394 4250 2582 4308 subtili
2621 4260 2675 4306 et
2709 4257 2967 4308 accurata
3007 4243 3408 4316 disputatione.
3432 4239 3569 4300 citra

1990 4465 2173 4511 tamen
2211 4453 2416 4507 habent
2453 4465 2646 4505 omnes
2684 4449 2837 4513 libri,
2883 4459 2938 4503 et
2976 4441 3310 4515 Epiphanius
3359 4443 3571 4500 schola-

310 4534 516 4585 tlicmtt.
565 4520 768 4584 Glossze
826 4538 1037 4582 veteres
1089 4520 1369 4595 ἀγχίνοια.
1423 4520 1672 4592 εοῖενιίιί,
1734 4547 1881 4602 expe-

1997 4528 2168 4602 sticttﬁs‘
2189 4521 2528 4602 inversione
2555 4536 2654 4602 sua
2667 4520 2933 4602 ‘retinuit.

313 4603 524 4654 rientia.

381 4671 512 4742 (till
535 4673 638 4735 Εἰς
681 4667 746 4722 τὸ
787 4666 1228 4742 χρησιμιὶπερον
1281 4665 1546 4742 ἕκαστοκ
1583 4673 1883 4742 μεταστῇ-

308 4737 435 4796 σαί.
474 4741 584 4794 Vox
616 4741 844 4792 ἕκαστον
886 4741 936 4793 iu
971 4750 1162 4791 neutro
1192 4752 1391 4807 genere
1433 4737 1606 4804 posita
1651 4737 1884 4797 videtur.

316 4810 569 4866 ltel‘ertur
623 4811 767 4863 enim
825 4809 889 4863 ad
942 4810 1227 4861 articulum
1299 4807 1586 4876 ὅπερηςυί
1631 4824 1755 4864 mox
1803 4830 1889 4867 re-

312 4882 537 4951 spondet
569 4878 1126 4951 ;oGtoﬂectejgitur
1159 4879 1211 4930 in
1249 4875 1436 4951 codice
1469 4875 1634 4951 Regio
1663 4889 1716 4933 et
1751 4880 1886 4937 Fuk.

313 4947 434 5016 post
473 4949 694 5005 vet-bum
731 4947 1066 5022 μεταστῆσαι
1108 4948 1662 5022 apponiturvirgula.
1702 4948 1890 5022 Neque

311 5014 453 5073 enim
507 5035 698 5073 sensus
732 5014 1032 5072 'absolut'us
1093 5014 1196 5071 est.
1237 5017 1308 5070 At
1358 5014 1890 5085 Christophorsoous

312 5100 501 5144 contra
536 5103 741 5143 morem
773 5103 949 5151 suum,
978 5105 1040 5140 ex
1077 5102 1180 5138 una
1219 5087 1439 5154 periodo
1468 5087 1603 5140 duas
1636 5089 1779 5145 fecit.

385 5159 499 5231 (95)
559 5160 620 5212 Τί
692 5157 915 5224 δήποτε
974 5155 1171 5231 αὐξῶν
1221 5157 1518 5231 ἕκαστος.
1570 5158 1888 5231 ᾼόιίεηιίιιιη

309 5225 532 5284 omnino
571 5239 663 5300 est
710 5231 897 5300 φρονεῖ
943 5242 1002 5282 ex
1055 5226 1269 5300 Gelasio
1294 5228 1560 5300 Cyziceno
1591 5225 1642 5280 in
1698 5230 1790 5284 lib.
1820 5249 1887 5296 tt,

309 5317 431 5369 cap.
472 5303 524 5353 Δ.
569 5297 906 5365 Nicephorus
955 5311 1136 5369 autem
1190 5299 1242 5350 iu
1300 5297 1389 5369 lib.
1438 5313 1564 5360 vttt,
1619 5313 1738 5369 cap.
1789 5303 1889 5364 15,

313 5366 475 5423 habet
513 5371 641 5423 νοεῖ.
676 5369 791 5422 Mox
833 5369 919 5422 tthi
953 5368 1148 5436 legitur
1193 5366 1504 5429 πυνθάνοιο,
1540 5366 1698 5422 codd.
1744 5369 1879 5428 Fttk.

311 5453 366 5495 et
397 5439 565 5496 Savil.
595 5443 854 5508 scriptum
894 5439 1092 5491 habent
1121 5438 1420 5508 ἐπυνθάνου
1457 5438 1676 5493 rectius.

384 5511 498 5582 (96)
551 5507 917 5582 Ἀπροόπτως
952 5508 1308 5582 ἐντέθεικας.
1347 5507 1662 5582 ιὶεξιιιίιιεῄἱιιΔ
1691 5508 1889 5565 Gelasii

313 5579 454 5634 libro
479 5579 683 5650 legitur
722 5579 1025 5649 ἀντέθηκας
1044 5619 1081 5650 ,_
1120 5581 1329 5650 idest,
1376 5579 1693 5645 apposuisti,
1743 5583 1890 5649 obje-

313 5653 456 5706 ct'sti.
482 5648 657 5719 Atque
688 5651 760 5703 ita
807 5648 1015 5719 legorat
1044 5648 1380 5719 Epiphanius
1417 5648 1808 5718 scholasticus,
1836 5663 1892 5705 ttt

317 5731 462 5791 patet
491 5736 556 5775 ex
572 5713 710 5789 'cap.
741 5720 822 5791 l9_
837 5713 884 5770 Η
893 5713 1132 5791 ἱειονίατξι
1145 5713 1428 5791 ripartitw.
1785 5713 1801 5718 ”

386 5789 498 5872 (97)
541 5787 720 5847 Ὅθεν
759 5789 870 5857 τῆς
899 5789 968 5872 ἐν·
1009 5788 1152 5857 ὑμῖν
1196 5787 1519 5872 (Ξιχονοίας.
1561 5788 1892 5870 Nicephorus

317 5860 546 5930 pritttattt
588 5877 772 5918 vocent
809 5869 993 5930 utpote
1037 5860 1364 5928 superﬂuant
1399 5861 1690 5932 expuuxit,
1729 5877 1888 5931 quam

2066 4594 2177 4667 (98)
2220 4594 2291 4650 Ἠ
2326 4591 2464 4667 μὲγ.
2501 4589 2762 4656 σύνοδος
2809 4584 3326 4667 ῂρνήζζηνίιοηειιε
3373 4588 3569 4652 vertit,

1996 4653 2276 4721 conventus
2326 4653 2548 4730 'quidem
2606 4653 2861 4730 solemnis—
2895 4653 3209 4729 quibusdam
3263 4653 3568 4723 denegatus.

1996 4729 2528 4803 Christophorsonu‘s
2561 4745 2690 4803 vero
2723 4729 3224 4803 sic‘interpretatur
3250 4739 3263 4774 :
3290 4737 3571 4803 conuentus

1993 4809 2082 4876 qui
2123 4811 2178 4858 in
2219 4793 2449 4876 ecclesia
2481 4801 2599 4870 ﬁeri
2629 4805 2786 4862 solet,
2813 4799 3112 4866 impeditus.
3150 4793 3372 4850 Σύνοδον
3408 4796 3573 4864 igitur

1995 4872 2094 4947 pro
2131 4873 2322 4944 synaxi
2357 4872 2444 4924 hic
2473 4878 2830 4947 acceperunt,
2876 4883 2985 4936 quo
3016 4879 3177 4947 sensu
3209 4880 3270 4917 ea
3311 4880 3409 4918 vox
3463 4881 3570 4918 non

1996 4934 2370 5014 infrequenter
2393 4934 2715 5014 usurpatur.
2736 4939 2826 4991 Sic
2851 4934 3041 5014 rursus
3069 4937 3121 4988 in
3145 4934 3468 5014 hochc‘apite,
3492 4939 3572 4999 είς

1993 5001 2257 5087 δημοσίας
2289 5001 2540 5087 συνόδους
2584 5009 2858 5087 ἐκφέρειν,
2896 5017 2952 5087 et
2985 5007 3038 5060 in
3087 5019 3204 5087 cap.
3237 5001 3472 5083 .68.?Setl
3515 5015 3570 5059 ei.

1997 5077 2327 5155 Epiphanius
2374 5077 2736 5136 scholasticus
2785 5079 2982 5142 vertit,
3032 5077 3283 5145 mysteria
3336 5086 3566 5129 contem-

1994 5166 2212 5210 nuntur.

2065 5227 2176 5348 (99)
2221 5222 2354 5288 Τὴν.
2385 5220 2748 5292 συγγνώμην
2801 5216 3148 5287 παρασχών.
3201 5213 3452 5274 Socrates
3506 5233 3570 5270 ac

2065 5298 2242 5348 :asius
2287 5293 2588 5348 Cvztceuus
2637 5303 2690 5344 et
2758 5287 3094 5348 Nicephorus
3157 5287 3358 5339 habent
3429 5286 3570 5348 γνώ-

1993 5286 2242 5351 Gelasitts
2285 5286 2588 5362 Cyztcétitts
2622 5286 2702 5344 vet
2749 5286 3094 5362 (Nicephorus
3140 5287 3358 5362 habent
3397 5286 3570 5362 ⁸γνώ-

1998 5384 2124 5436 μην,
2158 5381 2310 5436 aures
2334 5357 2385 5415 et
2420 5364 2651 5436 animum
2688 5360 2814 5436 mihi
2844 5358 3271 5436 accomn’t‘odans.
3305 5357 3408 5436 §ctl
3447 5361 3566 5408 vul-

1995 5425 2122 5506 gata
2164 5435 2324 5506 lectio
2366 5434 2564 5506 rectior
2595 5441 2696 5484 est.
2734 5429 2830 5506 _Sic
2861 5430 3014 5506 enim
3050 5425 3444 5505 Constantinus
3491 5428 3568 5477 lo-

1994 5496 2178 5576 quitur
2213 5503 2350 5556 intra
2397 5503 2448 5576 in
2494 5503 2593 5555 hoc
2628 5503 2825 5569 capite.
2865 5497 3194 5568 Epiphanius
3242 5496 3433 5558 vertit.
3484 5513 3573 5548 vo—

1996 5574 2252 5630 luntatem
2289 5574 2540 5638 prwbens.

2065 5648 2141 5718 (ι)
2180 5647 2250 5718 El
2281 5634 2376 5696 καὶ
2419 5639 2878 5718 φυσικῆςῌτινος
2922 5637 3280 5718 γυμνασίας.
3316 5634 3570 5718 Scriben-

1995 5706 2359 5799 duin'vitletur
2388 5706 2741 5787 φἰλοσοφικῇς
2777 5714 2856 5764 vel
2898 5707 3213 5778 σοφιστικῆς
3242 5723 3376 5776 γυμ.
3403 5706 3572 5763 ἓνεκα

1996 5805 2028 5854 γ
2038 5802 2284 5856 ιγνοιντίο.

2068 5848 2158 5928 (2)
2201 5855 2356 5926 Vulg.
2396 5854 2434 5921 ἢ
2495 5854 2582 5920 τίς
2631 5849 2811 5919 dmi};
2838 5849 2952 5904 τῶν
2975 5848 3274 5904 τοιούτων.
3322 5848 3375 5903 In
3409 5849 3567 5906 codd.
