  <div class='ocr_page' id='page_1' title='image "/cluster/home/n/w/nwhite01/storage/ocr_20150623/20/hvd.32044073501181/535.png"; bbox 0 0 4114 6432; ppageno 0'>
   <div class='ocr_carea' id='block_1_1' title="bbox 599 341 732 395">
    <p class='ocr_par' dir='ltr' id='par_1_1' title="bbox 599 341 732 395">
     <span class='ocr_line' id='line_1_1' title="bbox 599 341 732 395; baseline -0.008 0"><span class='ocrx_word' id='word_1_1' title='bbox 599 341 732 395; x_wconf 62' lang='grc' dir='ltr'>ιθ-δδ</span> 
     </span>
    </p>
   </div>
   <div class='ocr_carea' id='block_1_2' title="bbox 1341 342 3151 403">
    <p class='ocr_par' dir='ltr' id='par_1_2' title="bbox 1341 342 3151 403">
     <span class='ocr_line' id='line_1_2' title="bbox 1341 342 3151 403; baseline 0.004 -8"><span class='ocrx_word' id='word_1_2' title='bbox 1341 342 1609 399; x_wconf 77' lang='lat' dir='ltr'><strong>EUSEBII</strong></span> <span class='ocrx_word' id='word_1_3' title='bbox 1651 345 2136 402; x_wconf 65' lang='lat' dir='ltr'><strong>C/ESARIENSIS</strong></span> <span class='ocrx_word' id='word_1_4' title='bbox 2173 347 2322 402; x_wconf 88' lang='lat' dir='ltr'><strong>OPP.</strong></span> <span class='ocrx_word' id='word_1_5' title='bbox 2361 346 2541 403; x_wconf 80' lang='lat' dir='ltr'><strong>PARS</strong></span> <span class='ocrx_word' id='word_1_6' title='bbox 2576 348 2616 402; x_wconf 89' lang='grc'>1.</span> <span class='ocrx_word' id='word_1_7' title='bbox 2659 378 2728 388; x_wconf 82' lang='lat'><strong>——</strong></span> <span class='ocrx_word' id='word_1_8' title='bbox 2764 345 3151 403; x_wconf 77' lang='lat' dir='ltr'><strong>HISTORICA.</strong></span> 
     </span>
    </p>
   </div>
   <div class='ocr_carea' id='block_1_3' title="bbox 3760 353 3882 409">
    <p class='ocr_par' dir='ltr' id='par_1_3' title="bbox 3760 353 3882 409">
     <span class='ocr_line' id='line_1_3' title="bbox 3760 353 3882 409; baseline 0.033 -4"><span class='ocrx_word' id='word_1_9' title='bbox 3760 353 3882 409; x_wconf 72' lang='grc' dir='ltr'>ιθιι</span> 
     </span>
    </p>
   </div>
   <div class='ocr_carea' id='block_1_4' title="bbox 594 462 2159 546">
    <p class='ocr_par' dir='ltr' id='par_1_4' title="bbox 594 462 2159 538">
     <span class='ocr_line' id='line_1_4' title="bbox 594 462 2159 538; baseline 0.004 -21"><span class='ocrx_word' id='word_1_10' title='bbox 594 462 896 532; x_wconf 87' lang='lat' dir='ltr'><strong>periculum</strong></span> <span class='ocrx_word' id='word_1_11' title='bbox 965 465 1274 532; x_wconf 71' lang='lat' dir='ltr'><strong>gravissimi</strong></span> <span class='ocrx_word' id='word_1_12' title='bbox 1341 467 1524 536; x_wconf 88' lang='lat' dir='ltr'><strong>lapsus</strong></span> <span class='ocrx_word' id='word_1_13' title='bbox 1593 469 1773 538; x_wconf 80' lang='lat' dir='ltr'><strong>possit</strong></span> <span class='ocrx_word' id='word_1_14' title='bbox 1835 472 2159 528; x_wconf 60' lang='lat' dir='ltr'><strong>consistere?</strong></span> 
     </span>
    </p>
   </div>
   <div class='ocr_carea' id='block_1_5' title="bbox 2268 462 3885 546">
    <p class='ocr_par' dir='ltr' id='par_1_5' title="bbox 2277 473 3885 546">
     <span class='ocr_line' id='line_1_5' title="bbox 2277 473 3885 546; baseline 0.003 -19"><span class='ocrx_word' id='word_1_15' title='bbox 2277 475 2375 546; x_wconf 85' lang='grc' dir='ltr'>τῆς</span> <span class='ocrx_word' id='word_1_16' title='bbox 2424 473 2766 528; x_wconf 80' lang='grc' dir='ltr'><strong>ἐπικινδύνου</strong></span> <span class='ocrx_word' id='word_1_17' title='bbox 2815 474 3258 546; x_wconf 83' lang='grc' dir='ltr'>παρολισθήσεως</span> <span class='ocrx_word' id='word_1_18' title='bbox 3300 473 3648 544; x_wconf 74' lang='grc' dir='ltr'>ἀντισταίης</span> <span class='ocrx_word' id='word_1_19' title='bbox 3692 476 3885 532; x_wconf 68' lang='grc' dir='ltr'>Οὐκοῦν</span> 
     </span>
    </p>
   </div>
   <div class='ocr_carea' id='block_1_6' title="bbox 593 555 2172 632">
    <p class='ocr_par' dir='ltr' id='par_1_6' title="bbox 593 555 2172 632">
     <span class='ocr_line' id='line_1_6' title="bbox 593 555 2172 632; baseline 0.009 -25"><span class='ocrx_word' id='word_1_20' title='bbox 593 555 862 622; x_wconf 80' lang='lat' dir='ltr'><strong>Quocirca</strong></span> <span class='ocrx_word' id='word_1_21' title='bbox 929 558 983 610; x_wconf 91' lang='lat' dir='ltr'><strong>in</strong></span> <span class='ocrx_word' id='word_1_22' title='bbox 1048 558 1361 628; x_wconf 84' lang='lat' dir='ltr'><strong>hujusmodi</strong></span> <span class='ocrx_word' id='word_1_23' title='bbox 1412 562 1806 629; x_wconf 67' lang='lat' dir='ltr'><strong>quaestionibus</strong></span> <span class='ocrx_word' id='word_1_24' title='bbox 1871 565 2172 632; x_wconf 72' lang='lat' dir='ltr'><strong>loquacitas</strong></span> 
     </span>
    </p>
   </div>
   <div class='ocr_carea' id='block_1_7' title="bbox 593 650 2173 726">
    <p class='ocr_par' dir='ltr' id='par_1_7' title="bbox 593 650 2173 726">
     <span class='ocr_line' id='line_1_7' title="bbox 593 650 2173 726; baseline 0.01 -27"><span class='ocrx_word' id='word_1_25' title='bbox 593 650 1002 717; x_wconf 87' lang='lat' dir='ltr'><strong>comprimenda</strong></span> <span class='ocrx_word' id='word_1_26' title='bbox 1034 660 1154 715; x_wconf 89' lang='lat' dir='ltr'><strong>est;</strong></span> <span class='ocrx_word' id='word_1_27' title='bbox 1187 666 1255 707; x_wconf 89' lang='lat' dir='ltr'><strong>ne</strong></span> <span class='ocrx_word' id='word_1_28' title='bbox 1287 650 1424 706; x_wconf 85' lang='lat' dir='ltr'><strong>forte</strong></span> <span class='ocrx_word' id='word_1_29' title='bbox 1455 662 1547 706; x_wconf 88' lang='lat' dir='ltr'><strong>aut</strong></span> <span class='ocrx_word' id='word_1_30' title='bbox 1577 655 1734 710; x_wconf 89' lang='lat' dir='ltr'><strong>nobis</strong></span> <span class='ocrx_word' id='word_1_31' title='bbox 1782 657 1832 710; x_wconf 90' lang='lat' dir='ltr'><strong>id</strong></span> <span class='ocrx_word' id='word_1_32' title='bbox 1873 658 2014 726; x_wconf 90' lang='lat' dir='ltr'><strong>quod</strong></span> <span class='ocrx_word' id='word_1_33' title='bbox 2048 674 2173 726; x_wconf 85' lang='lat' dir='ltr'><strong>pro-</strong></span> 
     </span>
    </p>
   </div>
   <div class='ocr_carea' id='block_1_8' title="bbox 593 740 2173 811">
    <p class='ocr_par' dir='ltr' id='par_1_8' title="bbox 593 740 2173 811">
     <span class='ocr_line' id='line_1_8' title="bbox 593 740 2173 811; baseline 0.009 -21"><span class='ocrx_word' id='word_1_34' title='bbox 593 740 829 806; x_wconf 89' lang='lat' dir='ltr'><strong>positum</strong></span> <span class='ocrx_word' id='word_1_35' title='bbox 863 750 947 796; x_wconf 90' lang='lat' dir='ltr'><strong>est</strong></span> <span class='ocrx_word' id='word_1_36' title='bbox 988 742 1265 811; x_wconf 80' lang='lat' dir='ltr'><strong>explicare</strong></span> <span class='ocrx_word' id='word_1_37' title='bbox 1304 750 1374 797; x_wconf 86' lang='lat' dir='ltr'><strong>ob</strong></span> <span class='ocrx_word' id='word_1_38' title='bbox 1406 756 1613 800; x_wconf 68' lang='lat' dir='ltr'><strong>natum</strong></span> <span class='ocrx_word' id='word_1_39' title='bbox 1658 756 1856 801; x_wconf 72' lang='lat' dir='ltr'><strong>nostra:</strong></span> <span class='ocrx_word' id='word_1_40' title='bbox 1889 749 2173 803; x_wconf 66' lang='lat' dir='ltr'><strong>infirmitao</strong></span> 
     </span>
    </p>
   </div>
   <div class='ocr_carea' id='block_1_9' title="bbox 597 831 2169 912">
    <p class='ocr_par' dir='ltr' id='par_1_9' title="bbox 597 831 2169 912">
     <span class='ocr_line' id='line_1_9' title="bbox 597 831 2169 912; baseline 0.008 -31"><span class='ocrx_word' id='word_1_41' title='bbox 597 839 701 882; x_wconf 90' lang='lat' dir='ltr'><strong>tem</strong></span> <span class='ocrx_word' id='word_1_42' title='bbox 733 845 840 884; x_wconf 87' lang='lat' dir='ltr'><strong>non</strong></span> <span class='ocrx_word' id='word_1_43' title='bbox 872 831 1302 898; x_wconf 68' lang='lat' dir='ltr'><strong>sollicitantibus,</strong></span> <span class='ocrx_word' id='word_1_44' title='bbox 1337 847 1432 889; x_wconf 86' lang='lat' dir='ltr'><strong>aut</strong></span> <span class='ocrx_word' id='word_1_45' title='bbox 1456 838 1818 904; x_wconf 87' lang='lat' dir='ltr'><strong>auditoribus,</strong></span> <span class='ocrx_word' id='word_1_46' title='bbox 1861 844 1931 894; x_wconf 90' lang='lat' dir='ltr'><strong>ob</strong></span> <span class='ocrx_word' id='word_1_47' title='bbox 1971 840 2169 912; x_wconf 81' lang='lat' dir='ltr'><strong>ingenii</strong></span> 
     </span>
    </p>
   </div>
   <div class='ocr_carea' id='block_1_10' title="bbox 595 923 2169 1001">
    <p class='ocr_par' dir='ltr' id='par_1_10' title="bbox 595 923 2169 1001">
     <span class='ocr_line' id='line_1_10' title="bbox 595 923 2169 1001; baseline 0.013 -29"><span class='ocrx_word' id='word_1_48' title='bbox 595 923 909 979; x_wconf 88' lang='lat' dir='ltr'><strong>tarditatem</strong></span> <span class='ocrx_word' id='word_1_49' title='bbox 938 940 1001 979; x_wconf 87' lang='lat' dir='ltr'><strong>ea</strong></span> <span class='ocrx_word' id='word_1_50' title='bbox 1027 942 1148 994; x_wconf 64' lang='lat' dir='ltr'><strong>qum</strong></span> <span class='ocrx_word' id='word_1_51' title='bbox 1173 927 1428 982; x_wconf 88' lang='lat' dir='ltr'><strong>dicuntur</strong></span> <span class='ocrx_word' id='word_1_52' title='bbox 1458 931 1680 985; x_wconf 90' lang='lat' dir='ltr'><strong>minime</strong></span> <span class='ocrx_word' id='word_1_53' title='bbox 1715 933 2135 1001; x_wconf 85' lang='lat' dir='ltr'><strong>assequentihns</strong></span> <span class='ocrx_word' id='word_1_54' title='bbox 2155 972 2169 992; x_wconf 81' lang='lat'><strong>.</strong></span> 
     </span>
    </p>
   </div>
   <div class='ocr_carea' id='block_1_11' title="bbox 591 1016 2168 1092">
    <p class='ocr_par' dir='ltr' id='par_1_11' title="bbox 591 1016 2168 1092">
     <span class='ocr_line' id='line_1_11' title="bbox 591 1016 2168 1092; baseline 0.008 -27"><span class='ocrx_word' id='word_1_55' title='bbox 591 1029 656 1066; x_wconf 79' lang='lat' dir='ltr'><strong>ex</strong></span> <span class='ocrx_word' id='word_1_56' title='bbox 718 1016 984 1070; x_wconf 86' lang='lat' dir='ltr'><strong>alterutro</strong></span> <span class='ocrx_word' id='word_1_57' title='bbox 1034 1020 1227 1073; x_wconf 88' lang='lat' dir='ltr'><strong>horum</strong></span> <span class='ocrx_word' id='word_1_58' title='bbox 1279 1031 1371 1074; x_wconf 87' lang='lat' dir='ltr'><strong>ant</strong></span> <span class='ocrx_word' id='word_1_59' title='bbox 1429 1022 1481 1075; x_wconf 91' lang='lat' dir='ltr'><strong>in</strong></span> <span class='ocrx_word' id='word_1_60' title='bbox 1527 1022 1913 1092; x_wconf 54' lang='lat' dir='ltr'><strong>blasphemiae,</strong></span> <span class='ocrx_word' id='word_1_61' title='bbox 1967 1034 2062 1079; x_wconf 90' lang='lat' dir='ltr'><strong>aut</strong></span> <span class='ocrx_word' id='word_1_62' title='bbox 2117 1029 2168 1078; x_wconf 92' lang='lat' dir='ltr'><strong>in</strong></span> 
     </span>
    </p>
   </div>
   <div class='ocr_carea' id='block_1_12' title="bbox 593 1106 1954 1182">
    <p class='ocr_par' dir='ltr' id='par_1_12' title="bbox 593 1106 1954 1182">
     <span class='ocr_line' id='line_1_12' title="bbox 593 1106 1954 1182; baseline 0.007 -23"><span class='ocrx_word' id='word_1_63' title='bbox 593 1106 910 1162; x_wconf 85' lang='lat' dir='ltr'><strong>schismatis</strong></span> <span class='ocrx_word' id='word_1_64' title='bbox 950 1113 1329 1165; x_wconf 90' lang='lat' dir='ltr'><strong>necessitatem</strong></span> <span class='ocrx_word' id='word_1_65' title='bbox 1375 1113 1604 1182; x_wconf 85' lang='lat' dir='ltr'><strong>populus</strong></span> <span class='ocrx_word' id='word_1_66' title='bbox 1639 1114 1904 1172; x_wconf 88' lang='lat' dir='ltr'><strong>incurrat.</strong></span> <span class='ocrx_word' id='word_1_67' title='bbox 1935 1136 1954 1169; x_wconf 73' lang='grc' dir='ltr'><strong>ι</strong></span> 
     </span>
    </p>
   </div>
   <div class='ocr_carea' id='block_1_13' title="bbox 1153 1226 1612 1283">
    <p class='ocr_par' dir='ltr' id='par_1_13' title="bbox 1153 1226 1612 1283">
     <span class='ocr_line' id='line_1_13' title="bbox 1153 1226 1612 1283; baseline 0.007 -4"><span class='ocrx_word' id='word_1_68' title='bbox 1153 1226 1380 1283; x_wconf 75' lang='lat' dir='ltr'><strong>CAPUT</strong></span> <span class='ocrx_word' id='word_1_69' title='bbox 1450 1227 1612 1282; x_wconf 74' lang='lat' dir='ltr'><strong>LXX.</strong></span> 
     </span>
    </p>
   </div>
   <div class='ocr_carea' id='block_1_14' title="bbox 973 1319 1806 1376">
    <p class='ocr_par' dir='ltr' id='par_1_14' title="bbox 973 1319 1806 1376">
     <span class='ocr_line' id='line_1_14' title="bbox 973 1319 1806 1376; baseline 0.008 -7"><span class='ocrx_word' id='word_1_70' title='bbox 973 1319 1288 1373; x_wconf 72' lang='lat' dir='ltr'><strong>Exhortatio</strong></span> <span class='ocrx_word' id='word_1_71' title='bbox 1334 1322 1402 1372; x_wconf 81' lang='lat' dir='ltr'><strong>ad</strong></span> <span class='ocrx_word' id='word_1_72' title='bbox 1441 1322 1806 1376; x_wconf 76' lang='lat' dir='ltr'><strong>concordiam.</strong></span> 
     </span>
    </p>
   </div>
   <div class='ocr_carea' id='block_1_15' title="bbox 673 1406 2170 1483">
    <p class='ocr_par' dir='ltr' id='par_1_15' title="bbox 673 1406 2170 1483">
     <span class='ocr_line' id='line_1_15' title="bbox 673 1406 2170 1483; baseline 0.006 -25"><span class='ocrx_word' id='word_1_73' title='bbox 673 1424 692 1457; x_wconf 75' lang='grc' dir='ltr'><strong>ι</strong></span> <span class='ocrx_word' id='word_1_74' title='bbox 717 1406 952 1463; x_wconf 80' lang='lat' dir='ltr'><strong>Proinde</strong></span> <span class='ocrx_word' id='word_1_75' title='bbox 985 1419 1038 1462; x_wconf 84' lang='lat' dir='ltr'><strong>et</strong></span> <span class='ocrx_word' id='word_1_76' title='bbox 1087 1411 1304 1464; x_wconf 84' lang='lat' dir='ltr'><strong>incauta</strong></span> <span class='ocrx_word' id='word_1_77' title='bbox 1357 1412 1730 1483; x_wconf 85' lang='lat' dir='ltr'><strong>interrogatio,</strong></span> <span class='ocrx_word' id='word_1_78' title='bbox 1781 1423 1835 1466; x_wconf 93' lang='lat' dir='ltr'><strong>et</strong></span> <span class='ocrx_word' id='word_1_79' title='bbox 1869 1413 2170 1468; x_wconf 87' lang='lat' dir='ltr'><strong>inconsulta</strong></span> 
     </span>
    </p>
   </div>
   <div class='ocr_carea' id='block_1_16' title="bbox 595 1501 2173 1572">
    <p class='ocr_par' dir='ltr' id='par_1_16' title="bbox 595 1501 2173 1572">
     <span class='ocr_line' id='line_1_16' title="bbox 595 1501 2173 1572; baseline 0.005 -20"><span class='ocrx_word' id='word_1_80' title='bbox 595 1501 895 1568; x_wconf 80' lang='lat' dir='ltr'><strong>reSponsio,</strong></span> <span class='ocrx_word' id='word_1_81' title='bbox 931 1503 982 1554; x_wconf 90' lang='lat' dir='ltr'><strong>in</strong></span> <span class='ocrx_word' id='word_1_82' title='bbox 1031 1512 1262 1572; x_wconf 87' lang='lat' dir='ltr'><strong>utroque</strong></span> <span class='ocrx_word' id='word_1_83' title='bbox 1302 1515 1546 1559; x_wconf 56' lang='lat' dir='ltr'><strong>\vestrum</strong></span> <span class='ocrx_word' id='word_1_84' title='bbox 1598 1507 1812 1560; x_wconf 81' lang='lat' dir='ltr'><strong>veniam</strong></span> <span class='ocrx_word' id='word_1_85' title='bbox 1855 1506 1956 1560; x_wconf 85' lang='lat' dir='ltr'><strong>sibi</strong></span> <span class='ocrx_word' id='word_1_86' title='bbox 1988 1517 2173 1560; x_wconf 90' lang='lat' dir='ltr'><strong>mutuo</strong></span> 
     </span>
    </p>
   </div>
   <div class='ocr_carea' id='block_1_17' title="bbox 593 1590 2170 1664">
    <p class='ocr_par' dir='ltr' id='par_1_17' title="bbox 593 1590 2170 1664">
     <span class='ocr_line' id='line_1_17' title="bbox 593 1590 2170 1664; baseline 0.005 -22"><span class='ocrx_word' id='word_1_87' title='bbox 593 1593 916 1645; x_wconf 86' lang='lat' dir='ltr'><strong>concedant.</strong></span> <span class='ocrx_word' id='word_1_88' title='bbox 947 1590 1133 1661; x_wconf 88' lang='lat' dir='ltr'><strong>Neque</strong></span> <span class='ocrx_word' id='word_1_89' title='bbox 1157 1598 1301 1647; x_wconf 91' lang='lat' dir='ltr'><strong>enim</strong></span> <span class='ocrx_word' id='word_1_90' title='bbox 1329 1596 1394 1648; x_wconf 89' lang='lat' dir='ltr'><strong>de</strong></span> <span class='ocrx_word' id='word_1_91' title='bbox 1428 1596 1701 1664; x_wconf 73' lang='lat' dir='ltr'><strong>praecipuo</strong></span> <span class='ocrx_word' id='word_1_92' title='bbox 1722 1606 1776 1648; x_wconf 89' lang='lat' dir='ltr'><strong>et</strong></span> <span class='ocrx_word' id='word_1_93' title='bbox 1801 1611 2013 1651; x_wconf 90' lang='lat' dir='ltr'><strong>summo</strong></span> <span class='ocrx_word' id='word_1_94' title='bbox 2041 1595 2170 1664; x_wconf 80' lang='lat' dir='ltr'><strong>legis</strong></span> 
     </span>
    </p>
   </div>
   <div class='ocr_carea' id='block_1_18' title="bbox 594 1685 2171 1758">
    <p class='ocr_par' dir='ltr' id='par_1_18' title="bbox 594 1685 2171 1758">
     <span class='ocr_line' id='line_1_18' title="bbox 594 1685 2171 1758; baseline 0.004 -22"><span class='ocrx_word' id='word_1_95' title='bbox 594 1692 794 1742; x_wconf 60' lang='lat' dir='ltr'><strong>nostra:</strong></span> <span class='ocrx_word' id='word_1_96' title='bbox 825 1688 1076 1745; x_wconf 85' lang='lat' dir='ltr'><strong>mandato</strong></span> <span class='ocrx_word' id='word_1_97' title='bbox 1103 1685 1247 1740; x_wconf 92' lang='lat' dir='ltr'><strong>inter</strong></span> <span class='ocrx_word' id='word_1_98' title='bbox 1275 1701 1372 1742; x_wconf 85' lang='lat' dir='ltr'><strong>vos</strong></span> <span class='ocrx_word' id='word_1_99' title='bbox 1401 1695 1484 1740; x_wconf 90' lang='lat' dir='ltr'><strong>est</strong></span> <span class='ocrx_word' id='word_1_100' title='bbox 1513 1696 1633 1741; x_wconf 88' lang='lat' dir='ltr'><strong>orta</strong></span> <span class='ocrx_word' id='word_1_101' title='bbox 1667 1689 1942 1744; x_wconf 88' lang='lat' dir='ltr'><strong>contentio</strong></span> <span class='ocrx_word' id='word_1_102' title='bbox 1963 1705 1976 1739; x_wconf 90' lang='lat'><strong>:</strong></span> <span class='ocrx_word' id='word_1_103' title='bbox 1996 1703 2171 1758; x_wconf 90' lang='lat' dir='ltr'><strong>neque</strong></span> 
     </span>
    </p>
   </div>
   <div class='ocr_carea' id='block_1_19' title="bbox 592 1775 2170 1842">
    <p class='ocr_par' dir='ltr' id='par_1_19' title="bbox 592 1775 2170 1842">
     <span class='ocr_line' id='line_1_19' title="bbox 592 1775 2170 1842; baseline 0.004 -18"><span class='ocrx_word' id='word_1_104' title='bbox 592 1788 791 1827; x_wconf 88' lang='lat' dir='ltr'><strong>novum</strong></span> <span class='ocrx_word' id='word_1_105' title='bbox 824 1775 1043 1842; x_wconf 86' lang='lat' dir='ltr'><strong>aliquod</strong></span> <span class='ocrx_word' id='word_1_106' title='bbox 1073 1791 1100 1829; x_wconf 87' lang='lat' dir='ltr'><strong>a</strong></span> <span class='ocrx_word' id='word_1_107' title='bbox 1125 1776 1279 1830; x_wconf 87' lang='lat' dir='ltr'><strong>vobis</strong></span> <span class='ocrx_word' id='word_1_108' title='bbox 1302 1778 1367 1830; x_wconf 90' lang='lat' dir='ltr'><strong>de</strong></span> <span class='ocrx_word' id='word_1_109' title='bbox 1397 1776 1486 1831; x_wconf 91' lang='lat' dir='ltr'><strong>Dei</strong></span> <span class='ocrx_word' id='word_1_110' title='bbox 1513 1776 1661 1830; x_wconf 91' lang='lat' dir='ltr'><strong>cultu</strong></span> <span class='ocrx_word' id='word_1_111' title='bbox 1698 1775 2064 1832; x_wconf 88' lang='lat' dir='ltr'><strong>introductum</strong></span> <span class='ocrx_word' id='word_1_112' title='bbox 2087 1787 2170 1832; x_wconf 89' lang='lat' dir='ltr'><strong>est</strong></span> 
     </span>
    </p>
   </div>
   <div class='ocr_carea' id='block_1_20' title="bbox 593 1865 2164 1936">
    <p class='ocr_par' dir='ltr' id='par_1_20' title="bbox 593 1865 2164 1936">
     <span class='ocr_line' id='line_1_20' title="bbox 593 1865 2164 1936; baseline 0.005 -21"><span class='ocrx_word' id='word_1_113' title='bbox 593 1865 811 1936; x_wconf 76' lang='lat' dir='ltr'><strong>dogma.</strong></span> <span class='ocrx_word' id='word_1_114' title='bbox 846 1865 952 1920; x_wconf 88' lang='lat' dir='ltr'><strong>Sed</strong></span> <span class='ocrx_word' id='word_1_115' title='bbox 1000 1883 1165 1920; x_wconf 90' lang='lat' dir='ltr'><strong>unam</strong></span> <span class='ocrx_word' id='word_1_116' title='bbox 1198 1869 1552 1936; x_wconf 90' lang='lat' dir='ltr'><strong>eamdemque</strong></span> <span class='ocrx_word' id='word_1_117' title='bbox 1587 1869 1909 1923; x_wconf 90' lang='lat' dir='ltr'><strong>sententiam</strong></span> <span class='ocrx_word' id='word_1_118' title='bbox 1945 1871 2164 1936; x_wconf 81' lang='lat' dir='ltr'><strong>tenetis,</strong></span> 
     </span>
    </p>
   </div>
   <div class='ocr_carea' id='block_1_21' title="bbox 590 1957 2168 2017">
    <p class='ocr_par' dir='ltr' id='par_1_21' title="bbox 590 1957 2168 2017">
     <span class='ocr_line' id='line_1_21' title="bbox 590 1957 2168 2017; baseline 0.006 -9"><span class='ocrx_word' id='word_1_119' title='bbox 590 1957 724 2009; x_wconf 88' lang='lat' dir='ltr'><strong>adeo</strong></span> <span class='ocrx_word' id='word_1_120' title='bbox 755 1969 812 2009; x_wconf 93' lang='lat' dir='ltr'><strong>ut</strong></span> <span class='ocrx_word' id='word_1_121' title='bbox 862 1965 927 2010; x_wconf 88' lang='lat' dir='ltr'><strong>ad</strong></span> <span class='ocrx_word' id='word_1_122' title='bbox 979 1961 1378 2015; x_wconf 83' lang='lat' dir='ltr'><strong>communionis</strong></span> <span class='ocrx_word' id='word_1_123' title='bbox 1426 1962 1739 2015; x_wconf 88' lang='lat' dir='ltr'><strong>societatem</strong></span> <span class='ocrx_word' id='word_1_124' title='bbox 1796 1963 1945 2016; x_wconf 84' lang='lat' dir='ltr'><strong>coire</strong></span> <span class='ocrx_word' id='word_1_125' title='bbox 2009 1961 2168 2017; x_wconf 80' lang='lat' dir='ltr'><strong>facile</strong></span> 
     </span>
    </p>
   </div>
   <div class='ocr_carea' id='block_1_22' title="bbox 550 2049 1825 2116">
    <p class='ocr_par' dir='ltr' id='par_1_22' title="bbox 550 2049 1825 2116">
     <span class='ocr_line' id='line_1_22' title="bbox 550 2049 1825 2116; baseline -0.002 -14"><span class='ocrx_word' id='word_1_126' title='bbox 550 2100 552 2102; x_wconf 85' lang='lat'><strong>.</strong></span> <span class='ocrx_word' id='word_1_127' title='bbox 589 2049 832 2116; x_wconf 84' lang='lat' dir='ltr'><strong>possitis.</strong></span> <span class='ocrx_word' id='word_1_128' title='bbox 874 2067 893 2100; x_wconf 73' lang='grc' dir='ltr'><strong>ι</strong></span> <span class='ocrx_word' id='word_1_129' title='bbox 1817 2059 1825 2066; x_wconf 84' lang='grc'><em>’</em></span> 
     </span>
    </p>
   </div>
   <div class='ocr_carea' id='block_1_23' title="bbox 1070 2161 1710 2242">
    <p class='ocr_par' dir='ltr' id='par_1_23' title="bbox 1070 2161 1710 2242">
     <span class='ocr_line' id='line_1_23' title="bbox 1070 2161 1710 2242; baseline -0.044 1"><span class='ocrx_word' id='word_1_130' title='bbox 1070 2163 1236 2242; x_wconf 70' lang='lat'><strong>476</strong></span> <span class='ocrx_word' id='word_1_131' title='bbox 1268 2161 1495 2224; x_wconf 81' lang='lat' dir='ltr'><strong>CAPUT</strong></span> <span class='ocrx_word' id='word_1_132' title='bbox 1525 2161 1710 2216; x_wconf 73' lang='lat' dir='ltr'><strong>LXXI.</strong></span> 
     </span>
    </p>
   </div>
   <div class='ocr_carea' id='block_1_24' title="bbox 591 2252 2166 2394">
    <p class='ocr_par' dir='ltr' id='par_1_24' title="bbox 591 2252 2166 2394">
     <span class='ocr_line' id='line_1_24' title="bbox 591 2252 2166 2394; baseline 0.001 -89"><span class='ocrx_word' id='word_1_133' title='bbox 591 2252 745 2320; x_wconf 81' lang='lat' dir='ltr'><strong>Quod</strong></span> <span class='ocrx_word' id='word_1_134' title='bbox 769 2253 831 2307; x_wconf 80' lang='lat' dir='ltr'><strong>ob</strong></span> <span class='ocrx_word' id='word_1_135' title='bbox 849 2253 982 2326; x_wconf 60' lang='lat' dir='ltr'><strong>let-es</strong></span> <span class='ocrx_word' id='word_1_136' title='bbox 1000 2257 1255 2324; x_wconf 67' lang='lat' dir='ltr'><strong>quaedam</strong></span> <span class='ocrx_word' id='word_1_137' title='bbox 1275 2255 1480 2394; x_wconf 53' lang='lat' dir='ltr'><strong>vacuitas</strong></span> <span class='ocrx_word' id='word_1_138' title='bbox 1503 2257 1839 2324; x_wconf 72' lang='lat' dir='ltr'><strong>pertinaciter</strong></span> <span class='ocrx_word' id='word_1_139' title='bbox 1860 2257 2166 2309; x_wconf 82' lang='lat' dir='ltr'><strong>certandum</strong></span> 
     </span>
     <span class='ocr_line' id='line_1_25' title="bbox 1259 2337 1513 2379; baseline -0.004 0"><span class='ocrx_word' id='word_1_140' title='bbox 1259 2343 1361 2379; x_wconf 86' lang='lat' dir='ltr'><strong>non</strong></span> <span class='ocrx_word' id='word_1_141' title='bbox 1419 2337 1513 2378; x_wconf 74' lang='lat' dir='ltr'><strong>uit.</strong></span> 
     </span>
    </p>
   </div>
   <div class='ocr_carea' id='block_1_25' title="bbox 1259 2337 1513 2379">
    <p class='ocr_par' dir='ltr' id='par_1_25' title="bbox 1259 2337 1513 2379">
     <span class='ocr_line' id='line_1_26' title="bbox 1259 2337 1513 2379; baseline -0.004 0"><span class='ocrx_word' id='word_1_142' title='bbox 1259 2343 1361 2379; x_wconf 83' lang='lat' dir='ltr'><strong>non</strong></span> <span class='ocrx_word' id='word_1_143' title='bbox 1393 2337 1513 2379; x_wconf 79' lang='grc' dir='ltr'>Ιιιιι.</span> 
     </span>
    </p>
   </div>
   <div class='ocr_carea' id='block_1_26' title="bbox 673 2413 2166 2484">
    <p class='ocr_par' dir='ltr' id='par_1_26' title="bbox 673 2413 2166 2484">
     <span class='ocr_line' id='line_1_27' title="bbox 673 2413 2166 2484; baseline 0.003 -19"><span class='ocrx_word' id='word_1_144' title='bbox 673 2432 692 2465; x_wconf 72' lang='grc' dir='ltr'><strong>ι</strong></span> <span class='ocrx_word' id='word_1_145' title='bbox 720 2413 888 2471; x_wconf 75' lang='lat' dir='ltr'><strong>Vobis</strong></span> <span class='ocrx_word' id='word_1_146' title='bbox 918 2430 1062 2471; x_wconf 84' lang='lat' dir='ltr'><strong>enim</strong></span> <span class='ocrx_word' id='word_1_147' title='bbox 1089 2415 1441 2484; x_wconf 87' lang='lat' dir='ltr'><strong>pertinaciter</strong></span> <span class='ocrx_word' id='word_1_148' title='bbox 1457 2415 1908 2470; x_wconf 85' lang='lat' dir='ltr'><strong>contendentibus</strong></span> <span class='ocrx_word' id='word_1_149' title='bbox 1926 2416 1992 2470; x_wconf 91' lang='lat' dir='ltr'><strong>de</strong></span> <span class='ocrx_word' id='word_1_150' title='bbox 2010 2416 2166 2470; x_wconf 87' lang='lat' dir='ltr'><strong>rebus</strong></span> 
     </span>
    </p>
   </div>
   <div class='ocr_carea' id='block_1_27' title="bbox 589 2506 2162 2577">
    <p class='ocr_par' dir='ltr' id='par_1_27' title="bbox 589 2506 2162 2577">
     <span class='ocr_line' id='line_1_28' title="bbox 589 2506 2162 2577; baseline -0.001 -17"><span class='ocrx_word' id='word_1_151' title='bbox 589 2508 770 2574; x_wconf 90' lang='lat' dir='ltr'><strong>parvis</strong></span> <span class='ocrx_word' id='word_1_152' title='bbox 787 2518 950 2576; x_wconf 88' lang='lat' dir='ltr'><strong>atque</strong></span> <span class='ocrx_word' id='word_1_153' title='bbox 969 2506 1280 2570; x_wconf 88' lang='lat' dir='ltr'><strong>levissimis,</strong></span> <span class='ocrx_word' id='word_1_154' title='bbox 1311 2517 1514 2560; x_wconf 81' lang='lat' dir='ltr'><strong>tantam</strong></span> <span class='ocrx_word' id='word_1_155' title='bbox 1544 2509 1724 2577; x_wconf 88' lang='lat' dir='ltr'><strong>populi</strong></span> <span class='ocrx_word' id='word_1_156' title='bbox 1759 2508 2162 2562; x_wconf 87' lang='lat' dir='ltr'><strong>multitudinem</strong></span> 
     </span>
    </p>
   </div>
   <div class='ocr_carea' id='block_1_28' title="bbox 585 2598 2163 2668">
    <p class='ocr_par' dir='ltr' id='par_1_28' title="bbox 585 2598 2163 2668">
     <span class='ocr_line' id='line_1_29' title="bbox 585 2598 2163 2668; baseline 0.003 -19"><span class='ocrx_word' id='word_1_157' title='bbox 585 2608 767 2654; x_wconf 75' lang='lat' dir='ltr'><strong>vestro</strong></span> <span class='ocrx_word' id='word_1_158' title='bbox 822 2598 1052 2655; x_wconf 90' lang='lat' dir='ltr'><strong>consilio</strong></span> <span class='ocrx_word' id='word_1_159' title='bbox 1084 2599 1195 2668; x_wconf 83' lang='lat' dir='ltr'><strong>regi</strong></span> <span class='ocrx_word' id='word_1_160' title='bbox 1236 2616 1341 2655; x_wconf 92' lang='lat' dir='ltr'><strong>non</strong></span> <span class='ocrx_word' id='word_1_161' title='bbox 1385 2601 1559 2666; x_wconf 88' lang='lat' dir='ltr'><strong>decet,</strong></span> <span class='ocrx_word' id='word_1_162' title='bbox 1609 2601 1659 2653; x_wconf 91' lang='lat' dir='ltr'><strong>in</strong></span> <span class='ocrx_word' id='word_1_163' title='bbox 1688 2611 1832 2653; x_wconf 88' lang='lat' dir='ltr'><strong>tanta</strong></span> <span class='ocrx_word' id='word_1_164' title='bbox 1865 2601 2163 2668; x_wconf 84' lang='lat' dir='ltr'><strong>praesertim</strong></span> 
     </span>
    </p>
   </div>
   <div class='ocr_carea' id='block_1_29' title="bbox 585 2691 2162 2754">
    <p class='ocr_par' dir='ltr' id='par_1_29' title="bbox 585 2691 2162 2754">
     <span class='ocr_line' id='line_1_30' title="bbox 585 2691 2162 2754; baseline 0.001 -14"><span class='ocrx_word' id='word_1_165' title='bbox 585 2691 890 2744; x_wconf 81' lang='lat' dir='ltr'><strong>animorum</strong></span> <span class='ocrx_word' id='word_1_166' title='bbox 930 2691 1319 2746; x_wconf 89' lang='lat' dir='ltr'><strong>dissensione:</strong></span> <span class='ocrx_word' id='word_1_167' title='bbox 1355 2705 1456 2746; x_wconf 91' lang='lat' dir='ltr'><strong>nec</strong></span> <span class='ocrx_word' id='word_1_168' title='bbox 1509 2692 1682 2747; x_wconf 92' lang='lat' dir='ltr'><strong>solum</strong></span> <span class='ocrx_word' id='word_1_169' title='bbox 1730 2691 1780 2744; x_wconf 94' lang='lat' dir='ltr'><strong>id</strong></span> <span class='ocrx_word' id='word_1_170' title='bbox 1827 2691 2162 2754; x_wconf 87' lang='lat' dir='ltr'><strong>indecorum,</strong></span> 
     </span>
    </p>
   </div>
   <div class='ocr_carea' id='block_1_30' title="bbox 585 2782 2164 2852">
    <p class='ocr_par' dir='ltr' id='par_1_30' title="bbox 585 2782 2164 2852">
     <span class='ocr_line' id='line_1_31' title="bbox 585 2782 2164 2852; baseline -0.001 -16"><span class='ocrx_word' id='word_1_171' title='bbox 585 2783 677 2836; x_wconf 87' lang='lat' dir='ltr'><strong>sed</strong></span> <span class='ocrx_word' id='word_1_172' title='bbox 712 2797 936 2851; x_wconf 86' lang='lat' dir='ltr'><strong>prorsus</strong></span> <span class='ocrx_word' id='word_1_173' title='bbox 973 2782 1126 2839; x_wconf 87' lang='lat' dir='ltr'><strong>nefas</strong></span> <span class='ocrx_word' id='word_1_174' title='bbox 1177 2799 1298 2838; x_wconf 89' lang='lat' dir='ltr'><strong>esse</strong></span> <span class='ocrx_word' id='word_1_175' title='bbox 1331 2785 1692 2839; x_wconf 84' lang='lat' dir='ltr'><strong>existimatur.</strong></span> <span class='ocrx_word' id='word_1_176' title='bbox 1758 2782 1934 2850; x_wconf 78' lang='lat' dir='ltr'><strong>Atque</strong></span> <span class='ocrx_word' id='word_1_177' title='bbox 1956 2792 2164 2852; x_wconf 86' lang='lat' dir='ltr'><strong>utprn-</strong></span> 
     </span>
    </p>
   </div>
   <div class='ocr_carea' id='block_1_31' title="bbox 585 2875 2160 2946">
    <p class='ocr_par' dir='ltr' id='par_1_31' title="bbox 585 2875 2160 2946">
     <span class='ocr_line' id='line_1_32' title="bbox 585 2875 2160 2946; baseline -0.001 -16"><span class='ocrx_word' id='word_1_178' title='bbox 585 2876 822 2932; x_wconf 87' lang='lat' dir='ltr'><strong>dentiam</strong></span> <span class='ocrx_word' id='word_1_179' title='bbox 851 2885 1082 2930; x_wconf 83' lang='lat' dir='ltr'><strong>vestram</strong></span> <span class='ocrx_word' id='word_1_180' title='bbox 1118 2877 1325 2931; x_wconf 90' lang='lat' dir='ltr'><strong>minore</strong></span> <span class='ocrx_word' id='word_1_181' title='bbox 1363 2877 1609 2946; x_wconf 84' lang='lat' dir='ltr'><strong>exemplo</strong></span> <span class='ocrx_word' id='word_1_182' title='bbox 1639 2875 2123 2930; x_wconf 79' lang='lat' dir='ltr'><strong>commonefaciam</strong></span> <span class='ocrx_word' id='word_1_183' title='bbox 2145 2916 2160 2940; x_wconf 90' lang='lat'><strong>,</strong></span> 
     </span>
    </p>
   </div>
   <div class='ocr_carea' id='block_1_32' title="bbox 585 2965 2164 3037">
    <p class='ocr_par' dir='ltr' id='par_1_32' title="bbox 585 2965 2164 3037">
     <span class='ocr_line' id='line_1_33' title="bbox 585 2965 2164 3037; baseline -0.001 -15"><span class='ocrx_word' id='word_1_184' title='bbox 585 2967 739 3024; x_wconf 77' lang='lat' dir='ltr'><strong>scitis</strong></span> <span class='ocrx_word' id='word_1_185' title='bbox 781 2969 926 3036; x_wconf 89' lang='lat' dir='ltr'><strong>ipsos</strong></span> <span class='ocrx_word' id='word_1_186' title='bbox 972 2968 1136 3022; x_wconf 88' lang='lat' dir='ltr'><strong>etiam</strong></span> <span class='ocrx_word' id='word_1_187' title='bbox 1186 2968 1534 3037; x_wconf 89' lang='lat' dir='ltr'><strong>philosophos</strong></span> <span class='ocrx_word' id='word_1_188' title='bbox 1577 2968 1737 3022; x_wconf 90' lang='lat' dir='ltr'><strong>unius</strong></span> <span class='ocrx_word' id='word_1_189' title='bbox 1761 2977 1924 3023; x_wconf 83' lang='lat' dir='ltr'><strong>sectae</strong></span> <span class='ocrx_word' id='word_1_190' title='bbox 1957 2965 2164 3037; x_wconf 90' lang='lat' dir='ltr'><strong>profes-</strong></span> 
     </span>
    </p>
   </div>
   <div class='ocr_carea' id='block_1_33' title="bbox 583 3039 2160 3123">
    <p class='ocr_par' dir='ltr' id='par_1_33' title="bbox 583 3039 2160 3123">
     <span class='ocr_line' id='line_1_34' title="bbox 583 3039 2160 3123; baseline 0.002 -10"><span class='ocrx_word' id='word_1_191' title='bbox 583 3062 734 3113; x_wconf 85' lang='lat' dir='ltr'><strong>sione</strong></span> <span class='ocrx_word' id='word_1_192' title='bbox 765 3058 908 3114; x_wconf 89' lang='lat' dir='ltr'><strong>inter</strong></span> <span class='ocrx_word' id='word_1_193' title='bbox 956 3073 1015 3114; x_wconf 90' lang='lat' dir='ltr'><strong>se</strong></span> <span class='ocrx_word' id='word_1_194' title='bbox 1062 3073 1250 3114; x_wconf 91' lang='lat' dir='ltr'><strong>omnes</strong></span> <span class='ocrx_word' id='word_1_195' title='bbox 1299 3039 1592 3123; x_wconf 71' lang='lat' dir='ltr'><strong>foederari;</strong></span> <span class='ocrx_word' id='word_1_196' title='bbox 1631 3061 1849 3116; x_wconf 91' lang='lat' dir='ltr'><strong>eosdem</strong></span> <span class='ocrx_word' id='word_1_197' title='bbox 1883 3069 2061 3115; x_wconf 88' lang='lat' dir='ltr'><strong>tamen</strong></span> <span class='ocrx_word' id='word_1_198' title='bbox 2108 3060 2160 3116; x_wconf 89' lang='lat' dir='ltr'><strong>in</strong></span> 
     </span>
    </p>
   </div>
   <div class='ocr_carea' id='block_1_34' title="bbox 2274 563 3886 635">
    <p class='ocr_par' dir='ltr' id='par_1_34' title="bbox 2274 563 3886 635">
     <span class='ocr_line' id='line_1_35' title="bbox 2274 563 3886 635; baseline 0.001 -16"><span class='ocrx_word' id='word_1_199' title='bbox 2274 566 2530 635; x_wconf 78' lang='grc' dir='ltr'><strong>ἐφεκτέον</strong></span> <span class='ocrx_word' id='word_1_200' title='bbox 2569 568 2715 619; x_wconf 77' lang='grc' dir='ltr'>ἐστὶν</span> <span class='ocrx_word' id='word_1_201' title='bbox 2749 568 2806 618; x_wconf 85' lang='grc' dir='ltr'><strong>ὲν</strong></span> <span class='ocrx_word' id='word_1_202' title='bbox 2833 569 2946 630; x_wconf 86' lang='grc' dir='ltr'>τοῖς</span> <span class='ocrx_word' id='word_1_203' title='bbox 2971 565 3227 628; x_wconf 81' lang='grc' dir='ltr'><strong>τοιούτοις</strong></span> <span class='ocrx_word' id='word_1_204' title='bbox 3265 564 3385 635; x_wconf 78' lang='grc' dir='ltr'><strong>τὴν</strong></span> <span class='ocrx_word' id='word_1_205' title='bbox 3425 563 3780 633; x_wconf 76' lang='grc' dir='ltr'><strong>πολυλογίαν,</strong></span> <span class='ocrx_word' id='word_1_206' title='bbox 3809 569 3886 622; x_wconf 79' lang='grc' dir='ltr'><strong>ἵνα</strong></span> 
     </span>
    </p>
   </div>
   <div class='ocr_carea' id='block_1_35' title="bbox 2278 656 3886 730">
    <p class='ocr_par' dir='ltr' id='par_1_35' title="bbox 2278 656 3886 730">
     <span class='ocr_line' id='line_1_36' title="bbox 2278 656 3886 730; baseline 0.001 -19"><span class='ocrx_word' id='word_1_207' title='bbox 2278 660 2472 729; x_wconf 79' lang='grc' dir='ltr'>μήπως</span> <span class='ocrx_word' id='word_1_208' title='bbox 2507 659 2542 730; x_wconf 84' lang='grc' dir='ltr'><strong>ἦ</strong></span> <span class='ocrx_word' id='word_1_209' title='bbox 2571 662 2636 729; x_wconf 75' lang='grc' dir='ltr'>τῇ</span> <span class='ocrx_word' id='word_1_210' title='bbox 2665 658 2820 730; x_wconf 77' lang='grc' dir='ltr'>ἡμῶν</span> <span class='ocrx_word' id='word_1_211' title='bbox 2849 658 3104 730; x_wconf 81' lang='grc' dir='ltr'><strong>ἀσθενείᾳ</strong></span> <span class='ocrx_word' id='word_1_212' title='bbox 3131 658 3228 728; x_wconf 77' lang='grc' dir='ltr'><strong>τῆς</strong></span> <span class='ocrx_word' id='word_1_213' title='bbox 3254 658 3502 727; x_wconf 77' lang='grc' dir='ltr'>φύσεως</span> <span class='ocrx_word' id='word_1_214' title='bbox 3526 656 3590 709; x_wconf 83' lang='grc' dir='ltr'>τὺ</span> <span class='ocrx_word' id='word_1_215' title='bbox 3630 659 3886 728; x_wconf 76' lang='grc' dir='ltr'>προταθὲν</span> 
     </span>
    </p>
   </div>
   <div class='ocr_carea' id='block_1_36' title="bbox 2278 749 3886 823">
    <p class='ocr_par' dir='ltr' id='par_1_36' title="bbox 2278 749 3886 823">
     <span class='ocr_line' id='line_1_37' title="bbox 2278 749 3886 823; baseline 0.002 -21"><span class='ocrx_word' id='word_1_216' title='bbox 2278 751 2616 822; x_wconf 77' lang='grc' dir='ltr'>ἑρμηνεῦσαι</span> <span class='ocrx_word' id='word_1_217' title='bbox 2641 751 2716 822; x_wconf 81' lang='grc' dir='ltr'>μὴ</span> <span class='ocrx_word' id='word_1_218' title='bbox 2744 751 3100 822; x_wconf 84' lang='grc' dir='ltr'>δυνηθέντων,</span> <span class='ocrx_word' id='word_1_219' title='bbox 3132 751 3249 822; x_wconf 80' lang='grc' dir='ltr'><strong>ἢτῇ</strong></span> <span class='ocrx_word' id='word_1_220' title='bbox 3276 749 3403 802; x_wconf 83' lang='grc' dir='ltr'><strong>τῶν</strong></span> <span class='ocrx_word' id='word_1_221' title='bbox 3437 749 3739 819; x_wconf 78' lang='grc' dir='ltr'>ἀκροατῶν</span> <span class='ocrx_word' id='word_1_222' title='bbox 3762 751 3886 823; x_wconf 77' lang='grc' dir='ltr'>’βρα-</span> 
     </span>
    </p>
   </div>
   <div class='ocr_carea' id='block_1_37' title="bbox 2273 841 3886 914">
    <p class='ocr_par' dir='ltr' id='par_1_37' title="bbox 2273 841 3886 914">
     <span class='ocr_line' id='line_1_38' title="bbox 2273 841 3886 914; baseline -0.001 -18"><span class='ocrx_word' id='word_1_223' title='bbox 2273 843 2474 913; x_wconf 67' lang='grc' dir='ltr'>δυτέρα</span> <span class='ocrx_word' id='word_1_224' title='bbox 2522 843 2734 896; x_wconf 81' lang='grc' dir='ltr'>συνέσει</span> <span class='ocrx_word' id='word_1_225' title='bbox 2761 843 2897 914; x_wconf 83' lang='grc' dir='ltr'>πρὸς</span> <span class='ocrx_word' id='word_1_226' title='bbox 2922 842 3123 914; x_wconf 78' lang='grc' dir='ltr'>ἀκριῦἦ</span> <span class='ocrx_word' id='word_1_227' title='bbox 3158 842 3249 895; x_wconf 84' lang='grc' dir='ltr'>τοῦ</span> <span class='ocrx_word' id='word_1_228' title='bbox 3282 841 3570 912; x_wconf 78' lang='grc' dir='ltr'><strong>ῥηθέντος</strong></span> <span class='ocrx_word' id='word_1_229' title='bbox 3595 841 3886 911; x_wconf 64' lang='grc' dir='ltr'>κατάληψιν</span> 
     </span>
    </p>
   </div>
   <div class='ocr_carea' id='block_1_38' title="bbox 2275 933 3882 1006">
    <p class='ocr_par' dir='ltr' id='par_1_38' title="bbox 2275 933 3882 1006">
     <span class='ocr_line' id='line_1_39' title="bbox 2275 933 3882 1006; baseline 0 -19"><span class='ocrx_word' id='word_1_230' title='bbox 2275 934 2448 987; x_wconf 76' lang='grc' dir='ltr'>ἐλθεῖν</span> <span class='ocrx_word' id='word_1_231' title='bbox 2505 935 2579 1006; x_wconf 79' lang='grc' dir='ltr'>μὴ</span> <span class='ocrx_word' id='word_1_232' title='bbox 2638 935 3022 1006; x_wconf 84' lang='grc' dir='ltr'><strong>χωρησάντων,</strong></span> <span class='ocrx_word' id='word_1_233' title='bbox 3053 935 3111 998; x_wconf 76' lang='grc' dir='ltr'>ἐξ</span> <span class='ocrx_word' id='word_1_234' title='bbox 3139 934 3422 1004; x_wconf 77' lang='grc' dir='ltr'><strong>ὁποτέρου</strong></span> <span class='ocrx_word' id='word_1_235' title='bbox 3480 933 3695 986; x_wconf 77' lang='grc' dir='ltr'>τούτων</span> <span class='ocrx_word' id='word_1_236' title='bbox 3744 935 3813 1002; x_wconf 77' lang='grc'><strong>(5)</strong></span> <span class='ocrx_word' id='word_1_237' title='bbox 3855 936 3882 1006; x_wconf 77' lang='grc' dir='ltr'><strong>ἧ</strong></span> 
     </span>
    </p>
   </div>
   <div class='ocr_carea' id='block_1_39' title="bbox 2278 1025 3886 1100">
    <p class='ocr_par' dir='ltr' id='par_1_39' title="bbox 2278 1025 3886 1100">
     <span class='ocr_line' id='line_1_40' title="bbox 2278 1025 3886 1100; baseline -0.001 -21"><span class='ocrx_word' id='word_1_238' title='bbox 2278 1026 2646 1100; x_wconf 75' lang='grc' dir='ltr'><strong>βλασφημίας,</strong></span> <span class='ocrx_word' id='word_1_239' title='bbox 2681 1027 2714 1098; x_wconf 82' lang='grc' dir='ltr'><strong>ἢ</strong></span> <span class='ocrx_word' id='word_1_240' title='bbox 2751 1027 3050 1098; x_wconf 74' lang='grc' dir='ltr'>σχίσματος</span> <span class='ocrx_word' id='word_1_241' title='bbox 3077 1028 3155 1090; x_wconf 85' lang='grc' dir='ltr'>εἰς</span> <span class='ocrx_word' id='word_1_242' title='bbox 3188 1027 3458 1095; x_wconf 73' lang='grc' dir='ltr'>ἀνάγκην</span> <span class='ocrx_word' id='word_1_243' title='bbox 3487 1027 3517 1076; x_wconf 87' lang='grc' dir='ltr'>ὁ</span> <span class='ocrx_word' id='word_1_244' title='bbox 3547 1025 3727 1095; x_wconf 78' lang='grc' dir='ltr'>δῆμος</span> <span class='ocrx_word' id='word_1_245' title='bbox 3754 1043 3886 1096; x_wconf 79' lang='grc' dir='ltr'>περιο</span> 
     </span>
    </p>
   </div>
   <div class='ocr_carea' id='block_1_40' title="bbox 2277 1119 2508 1190">
    <p class='ocr_par' dir='ltr' id='par_1_40' title="bbox 2277 1119 2508 1190">
     <span class='ocr_line' id='line_1_41' title="bbox 2277 1119 2508 1190; baseline -0.009 -18"><span class='ocrx_word' id='word_1_246' title='bbox 2277 1119 2455 1190; x_wconf 85' lang='grc' dir='ltr'>σταίη.</span> <span class='ocrx_word' id='word_1_247' title='bbox 2490 1137 2508 1170; x_wconf 74' lang='grc' dir='ltr'><strong>ι</strong></span> 
     </span>
    </p>
   </div>
   <div class='ocr_carea' id='block_1_41' title="bbox 2803 1231 3328 1286">
    <p class='ocr_par' dir='ltr' id='par_1_41' title="bbox 2803 1231 3328 1286">
     <span class='ocr_line' id='line_1_42' title="bbox 2803 1231 3328 1286; baseline -0.002 0"><span class='ocrx_word' id='word_1_248' title='bbox 2803 1233 3198 1286; x_wconf 77' lang='grc' dir='ltr'><strong>ΚΕΦΑΛΑΙΟΝ</strong></span> <span class='ocrx_word' id='word_1_249' title='bbox 3245 1231 3328 1286; x_wconf 87' lang='lat'><strong>0&#39;.</strong></span> 
     </span>
    </p>
   </div>
   <div class='ocr_carea' id='block_1_42' title="bbox 2626 1325 3536 1396">
    <p class='ocr_par' dir='ltr' id='par_1_42' title="bbox 2626 1325 3536 1396">
     <span class='ocr_line' id='line_1_43' title="bbox 2626 1325 3536 1396; baseline 0 -18"><span class='ocrx_word' id='word_1_250' title='bbox 2626 1325 3006 1392; x_wconf 73' lang='grc' dir='ltr'>Παραινέσεις</span> <span class='ocrx_word' id='word_1_251' title='bbox 3036 1326 3167 1394; x_wconf 77' lang='grc' dir='ltr'>περὶ</span> <span class='ocrx_word' id='word_1_252' title='bbox 3206 1326 3536 1396; x_wconf 79' lang='grc' dir='ltr'>ὁμονοίας.</span> 
     </span>
    </p>
   </div>
   <div class='ocr_carea' id='block_1_43' title="bbox 2351 1415 3877 1488">
    <p class='ocr_par' dir='ltr' id='par_1_43' title="bbox 2351 1415 3877 1488">
     <span class='ocr_line' id='line_1_44' title="bbox 2351 1415 3877 1488; baseline 0.001 -21"><span class='ocrx_word' id='word_1_253' title='bbox 2351 1434 2369 1466; x_wconf 77' lang='grc' dir='ltr'><strong>ι</strong></span> <span class='ocrx_word' id='word_1_254' title='bbox 2393 1416 2588 1488; x_wconf 83' lang='grc' dir='ltr'>Διόπερ</span> <span class='ocrx_word' id='word_1_255' title='bbox 2611 1418 2704 1469; x_wconf 74' lang='grc' dir='ltr'><strong>καὶ</strong></span> <span class='ocrx_word' id='word_1_256' title='bbox 2723 1415 2987 1487; x_wconf 79' lang='grc' dir='ltr'>ἐρώτησις</span> <span class='ocrx_word' id='word_1_257' title='bbox 3003 1417 3464 1488; x_wconf 83' lang='grc' dir='ltr'>ἀπροφύλακτος,</span> <span class='ocrx_word' id='word_1_258' title='bbox 3485 1415 3877 1487; x_wconf 60' lang='grc' dir='ltr'>ωὶεάπόκρισις</span> 
     </span>
    </p>
   </div>
   <div class='ocr_carea' id='block_1_44' title="bbox 2274 1506 3872 1579">
    <p class='ocr_par' dir='ltr' id='par_1_44' title="bbox 2274 1506 3872 1579">
     <span class='ocr_line' id='line_1_45' title="bbox 2274 1506 3872 1579; baseline 0 -19"><span class='ocrx_word' id='word_1_259' title='bbox 2274 1506 2608 1578; x_wconf 84' lang='grc' dir='ltr'>ἀπρονόητος</span> <span class='ocrx_word' id='word_1_260' title='bbox 2641 1509 2760 1578; x_wconf 82' lang='grc' dir='ltr'>ίσην</span> <span class='ocrx_word' id='word_1_261' title='bbox 2803 1507 3058 1579; x_wconf 75' lang='grc' dir='ltr'><strong>ἀλλήλαις</strong></span> <span class='ocrx_word' id='word_1_262' title='bbox 3086 1508 3469 1561; x_wconf 85' lang='grc' dir='ltr'>ἀντιδότωσαν</span> <span class='ocrx_word' id='word_1_263' title='bbox 3515 1506 3604 1576; x_wconf 77' lang='grc' dir='ltr'><strong>ἐφ’</strong></span> <span class='ocrx_word' id='word_1_264' title='bbox 3645 1507 3872 1578; x_wconf 82' lang='grc' dir='ltr'>ἐκατέρῳ</span> 
     </span>
    </p>
   </div>
   <div class='ocr_carea' id='block_1_45' title="bbox 2275 1594 3873 1667">
    <p class='ocr_par' dir='ltr' id='par_1_45' title="bbox 2275 1594 3873 1667">
     <span class='ocr_line' id='line_1_46' title="bbox 2275 1594 3873 1667; baseline -0.001 -20"><span class='ocrx_word' id='word_1_265' title='bbox 2275 1594 2622 1667; x_wconf 81' lang='grc' dir='ltr'>συγγνώμην.</span> <span class='ocrx_word' id='word_1_266' title='bbox 2660 1596 2794 1649; x_wconf 78' lang='grc' dir='ltr'><strong>Οὐδὲ</strong></span> <span class='ocrx_word' id='word_1_267' title='bbox 2819 1596 2928 1667; x_wconf 78' lang='grc' dir='ltr'><strong>γὰρ</strong></span> <span class='ocrx_word' id='word_1_268' title='bbox 2963 1597 3090 1667; x_wconf 71' lang='grc' dir='ltr'>περὶ</span> <span class='ocrx_word' id='word_1_269' title='bbox 3108 1595 3203 1648; x_wconf 79' lang='grc' dir='ltr'>τοῦ</span> <span class='ocrx_word' id='word_1_270' title='bbox 3234 1595 3558 1667; x_wconf 70' lang='grc' dir='ltr'>κορυφαίου</span> <span class='ocrx_word' id='word_1_271' title='bbox 3583 1595 3694 1647; x_wconf 85' lang='grc' dir='ltr'><strong>τῶν</strong></span> <span class='ocrx_word' id='word_1_272' title='bbox 3726 1595 3779 1646; x_wconf 83' lang='grc' dir='ltr'>ἐν</span> <span class='ocrx_word' id='word_1_273' title='bbox 3807 1596 3873 1664; x_wconf 83' lang='grc' dir='ltr'><strong>τῷ</strong></span> 
     </span>
    </p>
   </div>
   <div class='ocr_carea' id='block_1_46' title="bbox 2274 1684 3866 1758">
    <p class='ocr_par' dir='ltr' id='par_1_46' title="bbox 2274 1684 3866 1758">
     <span class='ocr_line' id='line_1_47' title="bbox 2274 1684 3866 1758; baseline -0.003 -18"><span class='ocrx_word' id='word_1_274' title='bbox 2274 1687 2424 1758; x_wconf 88' lang='grc' dir='ltr'>νόμῳ</span> <span class='ocrx_word' id='word_1_275' title='bbox 2451 1688 2925 1758; x_wconf 81' lang='grc' dir='ltr'>παραγγελμάτων</span> <span class='ocrx_word' id='word_1_276' title='bbox 2953 1687 3080 1758; x_wconf 85' lang='grc' dir='ltr'>ὑμῖν</span> <span class='ocrx_word' id='word_1_277' title='bbox 3109 1689 3142 1758; x_wconf 81' lang='grc' dir='ltr'>ἡ</span> <span class='ocrx_word' id='word_1_278' title='bbox 3171 1687 3269 1758; x_wconf 77' lang='grc' dir='ltr'>τῆς</span> <span class='ocrx_word' id='word_1_279' title='bbox 3293 1685 3660 1756; x_wconf 76' lang='grc' dir='ltr'>φιλονεικίας</span> <span class='ocrx_word' id='word_1_280' title='bbox 3683 1684 3866 1756; x_wconf 74' lang='grc' dir='ltr'>ἐξήφθη</span> 
     </span>
    </p>
   </div>
   <div class='ocr_carea' id='block_1_47' title="bbox 2277 1774 3865 1849">
    <p class='ocr_par' dir='ltr' id='par_1_47' title="bbox 2277 1774 3865 1849">
     <span class='ocr_line' id='line_1_48' title="bbox 2277 1774 3865 1849; baseline -0.003 -19"><span class='ocrx_word' id='word_1_281' title='bbox 2277 1777 2571 1849; x_wconf 86' lang='grc' dir='ltr'>πρόφασις,</span> <span class='ocrx_word' id='word_1_282' title='bbox 2624 1777 2744 1830; x_wconf 80' lang='grc' dir='ltr'>οὐδὲ</span> <span class='ocrx_word' id='word_1_283' title='bbox 2779 1778 2936 1847; x_wconf 84' lang='grc' dir='ltr'>καινή</span> <span class='ocrx_word' id='word_1_284' title='bbox 2982 1794 3064 1839; x_wconf 89' lang='grc' dir='ltr'><strong>τις</strong></span> <span class='ocrx_word' id='word_1_285' title='bbox 3114 1778 3241 1846; x_wconf 83' lang='grc' dir='ltr'>ὑμῖν</span> <span class='ocrx_word' id='word_1_286' title='bbox 3282 1775 3440 1847; x_wconf 77' lang='grc' dir='ltr'>ὑπὲρ</span> <span class='ocrx_word' id='word_1_287' title='bbox 3469 1776 3574 1844; x_wconf 73' lang='grc' dir='ltr'>τῆς</span> <span class='ocrx_word' id='word_1_288' title='bbox 3609 1774 3704 1826; x_wconf 72' lang='grc' dir='ltr'>τοῦ</span> <span class='ocrx_word' id='word_1_289' title='bbox 3749 1774 3865 1826; x_wconf 84' lang='grc' dir='ltr'><strong>Θεοῦ</strong></span> 
     </span>
    </p>
   </div>
   <div class='ocr_carea' id='block_1_48' title="bbox 2271 1865 3865 1941">
    <p class='ocr_par' dir='ltr' id='par_1_48' title="bbox 2271 1865 3865 1941">
     <span class='ocr_line' id='line_1_49' title="bbox 2271 1865 3865 1941; baseline -0.004 -19"><span class='ocrx_word' id='word_1_290' title='bbox 2271 1869 2567 1941; x_wconf 81' lang='grc' dir='ltr'>θρησκείας</span> <span class='ocrx_word' id='word_1_291' title='bbox 2590 1871 2798 1941; x_wconf 80' lang='grc' dir='ltr'>αἵρεσις</span> <span class='ocrx_word' id='word_1_292' title='bbox 2829 1869 3178 1939; x_wconf 73' lang='grc' dir='ltr'>ἁντεισήχθη·</span> <span class='ocrx_word' id='word_1_293' title='bbox 3211 1868 3328 1922; x_wconf 81' lang='grc' dir='ltr'>ἀλλ’</span> <span class='ocrx_word' id='word_1_294' title='bbox 3347 1868 3456 1920; x_wconf 73' lang='grc' dir='ltr'><strong>ἕνα</strong></span> <span class='ocrx_word' id='word_1_295' title='bbox 3491 1868 3594 1919; x_wconf 75' lang='grc' dir='ltr'>καὶ</span> <span class='ocrx_word' id='word_1_296' title='bbox 3615 1866 3705 1917; x_wconf 77' lang='grc' dir='ltr'><strong>τὸν</strong></span> <span class='ocrx_word' id='word_1_297' title='bbox 3727 1865 3865 1917; x_wconf 62' lang='grc' dir='ltr'>αὐτόν</span> 
     </span>
    </p>
   </div>
   <div class='ocr_carea' id='block_1_49' title="bbox 2271 1957 3861 2031">
    <p class='ocr_par' dir='ltr' id='par_1_49' title="bbox 2271 1957 3861 2031">
     <span class='ocr_line' id='line_1_50' title="bbox 2271 1957 3861 2031; baseline -0.002 -20"><span class='ocrx_word' id='word_1_298' title='bbox 2271 1959 2421 2029; x_wconf 75' lang='grc' dir='ltr'>ἔχετε</span> <span class='ocrx_word' id='word_1_299' title='bbox 2449 1959 2728 2030; x_wconf 87' lang='grc' dir='ltr'>λογισμὸν,</span> <span class='ocrx_word' id='word_1_300' title='bbox 2749 1960 2824 2022; x_wconf 80' lang='grc' dir='ltr'>ὡς</span> <span class='ocrx_word' id='word_1_301' title='bbox 2843 1960 2978 2031; x_wconf 85' lang='grc' dir='ltr'>πρὸς</span> <span class='ocrx_word' id='word_1_302' title='bbox 3002 1959 3064 2012; x_wconf 87' lang='grc' dir='ltr'><strong>τὸ</strong></span> <span class='ocrx_word' id='word_1_303' title='bbox 3086 1959 3186 2028; x_wconf 78' lang='grc' dir='ltr'><strong>τῆς</strong></span> <span class='ocrx_word' id='word_1_304' title='bbox 3203 1959 3509 2020; x_wconf 86' lang='grc' dir='ltr'>κοινωνίας</span> <span class='ocrx_word' id='word_1_305' title='bbox 3532 1957 3782 2027; x_wconf 77' lang='grc' dir='ltr'>σύνθημα</span> <span class='ocrx_word' id='word_1_306' title='bbox 3802 1957 3861 2026; x_wconf 49' lang='lat' dir='ltr'><strong>(ui)</strong></span> 
     </span>
    </p>
   </div>
   <div class='ocr_carea' id='block_1_50' title="bbox 2269 2051 3220 2108">
    <p class='ocr_par' dir='ltr' id='par_1_50' title="bbox 2269 2051 3220 2108">
     <span class='ocr_line' id='line_1_51' title="bbox 2269 2051 3220 2108; baseline -0.006 0"><span class='ocrx_word' id='word_1_307' title='bbox 2269 2053 2526 2108; x_wconf 81' lang='grc' dir='ltr'>δύνασθαι</span> <span class='ocrx_word' id='word_1_308' title='bbox 2547 2051 2840 2105; x_wconf 85' lang='grc' dir='ltr'>συνελθεῖν.</span> <span class='ocrx_word' id='word_1_309' title='bbox 2873 2072 2891 2103; x_wconf 70' lang='grc' dir='ltr'><strong>ι</strong></span> <span class='ocrx_word' id='word_1_310' title='bbox 3212 2054 3220 2074; x_wconf 90' lang='grc'><strong><em>⁸</em></strong></span> 
     </span>
    </p>
   </div>
   <div class='ocr_carea' id='block_1_51' title="bbox 2775 2166 3338 2219">
    <p class='ocr_par' dir='ltr' id='par_1_51' title="bbox 2775 2166 3338 2219">
     <span class='ocr_line' id='line_1_52' title="bbox 2775 2166 3338 2219; baseline -0.004 0"><span class='ocrx_word' id='word_1_311' title='bbox 2775 2166 3168 2219; x_wconf 80' lang='grc' dir='ltr'><strong>ΚΕΦΑΛΑῙΟΝ</strong></span> <span class='ocrx_word' id='word_1_312' title='bbox 3215 2166 3338 2218; x_wconf 83' lang='grc' dir='ltr'><strong>ΟΑ’.</strong></span> 
     </span>
    </p>
   </div>
   <div class='ocr_carea' id='block_1_52' title="bbox 2269 2251 3851 2328">
    <p class='ocr_par' dir='ltr' id='par_1_52' title="bbox 2269 2251 3851 2328">
     <span class='ocr_line' id='line_1_53' title="bbox 2269 2251 3851 2328; baseline -0.005 -16"><span class='ocrx_word' id='word_1_313' title='bbox 2269 2264 2326 2314; x_wconf 86' lang='grc' dir='ltr'><strong><em>Μ</em></strong></span> <span class='ocrx_word' id='word_1_314' title='bbox 2332 2259 2362 2328; x_wconf 77' lang='grc' dir='ltr'>ὴ</span> <span class='ocrx_word' id='word_1_315' title='bbox 2392 2259 2486 2312; x_wconf 82' lang='grc' dir='ltr'>διὰ</span> <span class='ocrx_word' id='word_1_316' title='bbox 2506 2259 2721 2328; x_wconf 75' lang='grc' dir='ltr'>μικρὰς</span> <span class='ocrx_word' id='word_1_317' title='bbox 2744 2258 2944 2324; x_wconf 78' lang='grc' dir='ltr'>λέξεις</span> <span class='ocrx_word' id='word_1_318' title='bbox 2959 2256 3323 2327; x_wconf 70' lang='grc' dir='ltr'>φιλονεικεῖν</span> <span class='ocrx_word' id='word_1_319' title='bbox 3347 2253 3498 2321; x_wconf 75' lang='grc' dir='ltr'>περὶ</span> <span class='ocrx_word' id='word_1_320' title='bbox 3523 2253 3636 2307; x_wconf 87' lang='grc' dir='ltr'>τοῦ</span> <span class='ocrx_word' id='word_1_321' title='bbox 3669 2251 3851 2306; x_wconf 56' lang='lat' dir='ltr'><strong>aurci.</strong></span> 
     </span>
    </p>
   </div>
   <div class='ocr_carea' id='block_1_53' title="bbox 2345 2409 3851 2486">
    <p class='ocr_par' dir='ltr' id='par_1_53' title="bbox 2345 2409 3851 2486">
     <span class='ocr_line' id='line_1_54' title="bbox 2345 2409 3851 2486; baseline -0.009 -17"><span class='ocrx_word' id='word_1_322' title='bbox 2345 2437 2360 2465; x_wconf 85' lang='grc' dir='ltr'><strong>ι</strong></span> <span class='ocrx_word' id='word_1_323' title='bbox 2415 2417 2596 2486; x_wconf 87' lang='grc' dir='ltr'>’Υμῶν</span> <span class='ocrx_word' id='word_1_324' title='bbox 2643 2415 2751 2484; x_wconf 74' lang='grc' dir='ltr'>γὰρ</span> <span class='ocrx_word' id='word_1_325' title='bbox 2780 2427 2836 2467; x_wconf 85' lang='grc' dir='ltr'><strong>εν</strong></span> <span class='ocrx_word' id='word_1_326' title='bbox 2871 2414 3118 2484; x_wconf 86' lang='grc' dir='ltr'>ἀλλήλοις</span> <span class='ocrx_word' id='word_1_327' title='bbox 3169 2415 3308 2484; x_wconf 78' lang='grc' dir='ltr'>ὑπὲρ</span> <span class='ocrx_word' id='word_1_328' title='bbox 3347 2413 3578 2484; x_wconf 83' lang='grc' dir='ltr'>μικρῶν</span> <span class='ocrx_word' id='word_1_329' title='bbox 3629 2411 3720 2464; x_wconf 71' lang='grc' dir='ltr'><strong>καὶ</strong></span> <span class='ocrx_word' id='word_1_330' title='bbox 3750 2409 3851 2462; x_wconf 78' lang='grc' dir='ltr'>λίαν</span> 
     </span>
    </p>
   </div>
   <div class='ocr_carea' id='block_1_54' title="bbox 2267 2503 3844 2578">
    <p class='ocr_par' dir='ltr' id='par_1_54' title="bbox 2267 2503 3844 2578">
     <span class='ocr_line' id='line_1_55' title="bbox 2267 2503 3844 2578; baseline -0.005 -17"><span class='ocrx_word' id='word_1_331' title='bbox 2267 2509 2563 2578; x_wconf 81' lang='grc' dir='ltr'>ἐλαχίστων</span> <span class='ocrx_word' id='word_1_332' title='bbox 2581 2507 3042 2576; x_wconf 73' lang='grc' dir='ltr'>φιλονεικούντων,</span> <span class='ocrx_word' id='word_1_333' title='bbox 3063 2506 3312 2560; x_wconf 78' lang='grc' dir='ltr'>τοσοῦτον</span> <span class='ocrx_word' id='word_1_334' title='bbox 3326 2508 3442 2565; x_wconf 80' lang='grc' dir='ltr'>,τὸν</span> <span class='ocrx_word' id='word_1_335' title='bbox 3469 2504 3565 2559; x_wconf 76' lang='grc' dir='ltr'>τοῦ</span> <span class='ocrx_word' id='word_1_336' title='bbox 3589 2504 3721 2557; x_wconf 78' lang='grc' dir='ltr'>Θεοῦ</span> <span class='ocrx_word' id='word_1_337' title='bbox 3740 2503 3844 2555; x_wconf 71' lang='grc' dir='ltr'>λαὸν</span> 
     </span>
    </p>
   </div>
   <div class='ocr_carea' id='block_1_55' title="bbox 2266 2595 3845 2672">
    <p class='ocr_par' dir='ltr' id='par_1_55' title="bbox 2266 2595 3845 2672">
     <span class='ocr_line' id='line_1_56' title="bbox 2266 2595 3845 2672; baseline -0.005 -18"><span class='ocrx_word' id='word_1_338' title='bbox 2266 2605 2382 2665; x_wconf 82' lang='grc' dir='ltr'>ταῖς</span> <span class='ocrx_word' id='word_1_339' title='bbox 2420 2601 2714 2672; x_wconf 76' lang='grc' dir='ltr'>ὑμετέραις</span> <span class='ocrx_word' id='word_1_340' title='bbox 2747 2599 3019 2654; x_wconf 77' lang='grc' dir='ltr'>ἰθύνεσθαι</span> <span class='ocrx_word' id='word_1_341' title='bbox 3047 2600 3236 2670; x_wconf 73' lang='grc' dir='ltr'>φρεσὶν</span> <span class='ocrx_word' id='word_1_342' title='bbox 3262 2600 3320 2653; x_wconf 79' lang='grc' dir='ltr'><strong>οὐ</strong></span> <span class='ocrx_word' id='word_1_343' title='bbox 3363 2598 3668 2669; x_wconf 75' lang='grc' dir='ltr'>προσήκει,</span> <span class='ocrx_word' id='word_1_344' title='bbox 3695 2595 3776 2648; x_wconf 77' lang='grc' dir='ltr'>διὰ</span> <span class='ocrx_word' id='word_1_345' title='bbox 3798 2595 3845 2646; x_wconf 68' lang='grc' dir='ltr'>τὸ</span> 
     </span>
    </p>
   </div>
   <div class='ocr_carea' id='block_1_56' title="bbox 2267 2682 3840 2763">
    <p class='ocr_par' dir='ltr' id='par_1_56' title="bbox 2267 2682 3840 2763">
     <span class='ocr_line' id='line_1_57' title="bbox 2267 2682 3840 2763; baseline -0.005 -18"><span class='ocrx_word' id='word_1_346' title='bbox 2267 2694 2541 2763; x_wconf 81' lang='grc' dir='ltr'>διχονοεῖν·</span> <span class='ocrx_word' id='word_1_347' title='bbox 2576 2691 2687 2743; x_wconf 83' lang='grc' dir='ltr'>ἀλλ’</span> <span class='ocrx_word' id='word_1_348' title='bbox 2719 2689 2840 2744; x_wconf 72' lang='grc' dir='ltr'>οὔτε</span> <span class='ocrx_word' id='word_1_349' title='bbox 2876 2689 3108 2760; x_wconf 81' lang='grc' dir='ltr'>πρέπον,</span> <span class='ocrx_word' id='word_1_350' title='bbox 3136 2688 3260 2742; x_wconf 76' lang='grc' dir='ltr'>οὕτε</span> <span class='ocrx_word' id='word_1_351' title='bbox 3301 2689 3448 2752; x_wconf 80' lang='grc' dir='ltr'>ὅλως</span> <span class='ocrx_word' id='word_1_352' title='bbox 3486 2687 3703 2758; x_wconf 73' lang='grc' dir='ltr'>Θεμιτὸν</span> <span class='ocrx_word' id='word_1_353' title='bbox 3723 2682 3840 2738; x_wconf 80' lang='grc' dir='ltr'>εἶναι</span> 
     </span>
    </p>
   </div>
   <div class='ocr_carea' id='block_1_57' title="bbox 2268 2779 3841 2853">
    <p class='ocr_par' dir='ltr' id='par_1_57' title="bbox 2268 2779 3841 2853">
     <span class='ocr_line' id='line_1_58' title="bbox 2268 2779 3841 2853; baseline -0.005 -17"><span class='ocrx_word' id='word_1_354' title='bbox 2268 2781 2598 2836; x_wconf 80' lang='grc' dir='ltr'>πιστεύεται.</span> <span class='ocrx_word' id='word_1_355' title='bbox 2623 2783 2739 2834; x_wconf 81' lang='grc' dir='ltr'>Ἵνα</span> <span class='ocrx_word' id='word_1_356' title='bbox 2761 2781 2816 2834; x_wconf 81' lang='grc' dir='ltr'>δὲ</span> <span class='ocrx_word' id='word_1_357' title='bbox 2836 2781 3014 2852; x_wconf 83' lang='grc' dir='ltr'>μικρῷ</span> <span class='ocrx_word' id='word_1_358' title='bbox 3037 2781 3450 2853; x_wconf 84' lang='grc' dir='ltr'>παραδείγματι</span> <span class='ocrx_word' id='word_1_359' title='bbox 3473 2780 3575 2850; x_wconf 77' lang='grc' dir='ltr'><strong>τὴν</strong></span> <span class='ocrx_word' id='word_1_360' title='bbox 3597 2779 3841 2849; x_wconf 79' lang='grc' dir='ltr'>ὑμετέραν</span> 
     </span>
    </p>
   </div>
   <div class='ocr_carea' id='block_1_58' title="bbox 2267 2861 3838 2944">
    <p class='ocr_par' dir='ltr' id='par_1_58' title="bbox 2267 2861 3838 2944">
     <span class='ocr_line' id='line_1_59' title="bbox 2267 2861 3838 2944; baseline -0.004 -17"><span class='ocrx_word' id='word_1_361' title='bbox 2267 2875 2479 2928; x_wconf 78' lang='grc' dir='ltr'>σύνεσιν</span> <span class='ocrx_word' id='word_1_362' title='bbox 2513 2861 2913 2944; x_wconf 75' lang='grc' dir='ltr'>ὑπομνήσαιμι,</span> <span class='ocrx_word' id='word_1_363' title='bbox 2949 2873 3086 2939; x_wconf 79' lang='grc' dir='ltr'>λέξω</span> <span class='ocrx_word' id='word_1_364' title='bbox 3112 2873 3205 2942; x_wconf 76' lang='grc'><strong>(5).</strong></span> <span class='ocrx_word' id='word_1_365' title='bbox 3247 2875 3396 2925; x_wconf 64' lang='lat' dir='ltr'><strong>&quot;lo—ts</strong></span> <span class='ocrx_word' id='word_1_366' title='bbox 3425 2873 3604 2944; x_wconf 80' lang='grc' dir='ltr'>δήπου</span> <span class='ocrx_word' id='word_1_367' title='bbox 3624 2871 3838 2931; x_wconf 75' lang='grc' dir='ltr'>καὶτοὺς</span> 
     </span>
    </p>
   </div>
   <div class='ocr_carea' id='block_1_59' title="bbox 2266 2966 3836 3037">
    <p class='ocr_par' dir='ltr' id='par_1_59' title="bbox 2266 2966 3836 3037">
     <span class='ocr_line' id='line_1_60' title="bbox 2266 2966 3836 3037; baseline -0.003 -18"><span class='ocrx_word' id='word_1_368' title='bbox 2266 2967 2582 3034; x_wconf 67' lang='grc' dir='ltr'>φιλοσόφους</span> <span class='ocrx_word' id='word_1_369' title='bbox 2613 2967 2826 3029; x_wconf 75' lang='grc' dir='ltr'>αὐτοὺς,</span> <span class='ocrx_word' id='word_1_370' title='bbox 2863 2966 2937 3029; x_wconf 85' lang='grc' dir='ltr'>ὡς</span> <span class='ocrx_word' id='word_1_371' title='bbox 2971 2967 3049 3019; x_wconf 72' lang='grc' dir='ltr'>ἐνὶ</span> <span class='ocrx_word' id='word_1_372' title='bbox 3085 2967 3181 3036; x_wconf 80' lang='grc' dir='ltr'><strong>μὲν</strong></span> <span class='ocrx_word' id='word_1_373' title='bbox 3212 2966 3458 3029; x_wconf 77' lang='grc' dir='ltr'>ἅπαντες</span> <span class='ocrx_word' id='word_1_374' title='bbox 3490 2967 3715 3037; x_wconf 80' lang='grc' dir='ltr'>δόγματι</span> <span class='ocrx_word' id='word_1_375' title='bbox 3732 2981 3836 3016; x_wconf 84' lang='grc' dir='ltr'>συν-</span> 
     </span>
    </p>
   </div>
   <div class='ocr_carea' id='block_1_60' title="bbox 2264 3058 3832 3128">
    <p class='ocr_par' dir='ltr' id='par_1_60' title="bbox 2264 3058 3832 3128">
     <span class='ocr_line' id='line_1_61' title="bbox 2264 3058 3832 3128; baseline -0.002 -17"><span class='ocrx_word' id='word_1_376' title='bbox 2264 3059 2499 3113; x_wconf 87' lang='grc' dir='ltr'>τίθενται</span> <span class='ocrx_word' id='word_1_377' title='bbox 2527 3058 2625 3128; x_wconf 86' lang='grc'><strong>(6),</strong></span> <span class='ocrx_word' id='word_1_378' title='bbox 2659 3058 2918 3122; x_wconf 84' lang='grc' dir='ltr'>πολλάκις</span> <span class='ocrx_word' id='word_1_379' title='bbox 2959 3059 3015 3111; x_wconf 78' lang='grc' dir='ltr'>δὲ</span> <span class='ocrx_word' id='word_1_380' title='bbox 3055 3058 3274 3112; x_wconf 77' lang='grc' dir='ltr'>ἐπειδὰν</span> <span class='ocrx_word' id='word_1_381' title='bbox 3309 3060 3368 3112; x_wconf 78' lang='grc' dir='ltr'>ἓν</span> <span class='ocrx_word' id='word_1_382' title='bbox 3407 3078 3519 3112; x_wconf 88' lang='grc' dir='ltr'>τινι</span> <span class='ocrx_word' id='word_1_383' title='bbox 3569 3059 3674 3111; x_wconf 87' lang='grc' dir='ltr'><strong>τῶν</strong></span> <span class='ocrx_word' id='word_1_384' title='bbox 3713 3059 3832 3110; x_wconf 79' lang='grc' dir='ltr'>ἁπο-</span> 
     </span>
    </p>
   </div>
   <div class='ocr_carea' id='block_1_61' title="bbox 585 3149 2159 3224">
    <p class='ocr_par' dir='ltr' id='par_1_61' title="bbox 585 3149 2159 3220">
     <span class='ocr_line' id='line_1_62' title="bbox 585 3149 2159 3220; baseline 0.001 -18"><span class='ocrx_word' id='word_1_385' title='bbox 585 3150 764 3219; x_wconf 87' lang='lat' dir='ltr'><strong>aliqua</strong></span> <span class='ocrx_word' id='word_1_386' title='bbox 806 3149 1170 3205; x_wconf 88' lang='lat' dir='ltr'><strong>assertionum</strong></span> <span class='ocrx_word' id='word_1_387' title='bbox 1201 3159 1354 3218; x_wconf 86' lang='lat' dir='ltr'><strong>parte</strong></span> <span class='ocrx_word' id='word_1_388' title='bbox 1390 3150 1659 3204; x_wconf 79' lang='lat' dir='ltr'><strong>interdum</strong></span> <span class='ocrx_word' id='word_1_389' title='bbox 1704 3151 2033 3220; x_wconf 89' lang='lat' dir='ltr'><strong>discrepare.</strong></span> <span class='ocrx_word' id='word_1_390' title='bbox 2061 3149 2159 3204; x_wconf 85' lang='lat' dir='ltr'><strong>Vc-</strong></span> 
     </span>
    </p>
   </div>
   <div class='ocr_carea' id='block_1_62' title="bbox 2268 3149 3831 3224">
    <p class='ocr_par' dir='ltr' id='par_1_62' title="bbox 2268 3149 3831 3224">
     <span class='ocr_line' id='line_1_63' title="bbox 2268 3149 3831 3224; baseline -0.002 -21"><span class='ocrx_word' id='word_1_391' title='bbox 2268 3151 2482 3219; x_wconf 85' lang='grc' dir='ltr'>φὰσεων</span> <span class='ocrx_word' id='word_1_392' title='bbox 2517 3150 2674 3222; x_wconf 84' lang='grc' dir='ltr'>μέρει</span> <span class='ocrx_word' id='word_1_393' title='bbox 2727 3149 3086 3217; x_wconf 73' lang='grc' dir='ltr'>διαφωνῶσιν,</span> <span class='ocrx_word' id='word_1_394' title='bbox 3119 3153 3165 3203; x_wconf 86' lang='grc' dir='ltr'><strong>εί</strong></span> <span class='ocrx_word' id='word_1_395' title='bbox 3195 3153 3287 3204; x_wconf 75' lang='grc' dir='ltr'><strong>καὶ</strong></span> <span class='ocrx_word' id='word_1_396' title='bbox 3306 3156 3373 3224; x_wconf 82' lang='grc' dir='ltr'><strong>τῇ</strong></span> <span class='ocrx_word' id='word_1_397' title='bbox 3407 3152 3508 3221; x_wconf 75' lang='grc' dir='ltr'>τῆς</span> <span class='ocrx_word' id='word_1_398' title='bbox 3548 3151 3831 3218; x_wconf 72' lang='grc' dir='ltr'>ἐπιστήμης</span> 
     </span>
    </p>
   </div>
   <div class='ocr_carea' id='block_1_63' title="bbox 587 3240 2162 3311">
    <p class='ocr_par' dir='ltr' id='par_1_63' title="bbox 587 3240 2162 3311">
     <span class='ocr_line' id='line_1_64' title="bbox 587 3240 2162 3311; baseline 0.001 -17"><span class='ocrx_word' id='word_1_399' title='bbox 587 3257 706 3301; x_wconf 84' lang='lat' dir='ltr'><strong>rum</strong></span> <span class='ocrx_word' id='word_1_400' title='bbox 738 3241 870 3296; x_wconf 82' lang='lat' dir='ltr'><strong>licet</strong></span> <span class='ocrx_word' id='word_1_401' title='bbox 913 3241 966 3295; x_wconf 92' lang='lat' dir='ltr'><strong>in</strong></span> <span class='ocrx_word' id='word_1_402' title='bbox 1005 3240 1118 3311; x_wconf 90' lang='lat' dir='ltr'><strong>ipsa</strong></span> <span class='ocrx_word' id='word_1_403' title='bbox 1154 3242 1398 3297; x_wconf 71' lang='lat' dir='ltr'><strong>scientia:</strong></span> <span class='ocrx_word' id='word_1_404' title='bbox 1454 3242 1785 3310; x_wconf 87' lang='lat' dir='ltr'><strong>perfectione</strong></span> <span class='ocrx_word' id='word_1_405' title='bbox 1819 3244 2162 3307; x_wconf 88' lang='lat' dir='ltr'><strong>dissentiant,</strong></span> 
     </span>
    </p>
   </div>
   <div class='ocr_carea' id='block_1_64' title="bbox 586 3331 2162 3390">
    <p class='ocr_par' dir='ltr' id='par_1_64' title="bbox 586 3331 2162 3390">
     <span class='ocr_line' id='line_1_65' title="bbox 586 3331 2162 3390; baseline 0.001 -4"><span class='ocrx_word' id='word_1_406' title='bbox 586 3331 939 3387; x_wconf 84' lang='lat' dir='ltr'><strong>nihilominus</strong></span> <span class='ocrx_word' id='word_1_407' title='bbox 961 3333 1032 3388; x_wconf 89' lang='lat' dir='ltr'><strong>ob</strong></span> <span class='ocrx_word' id='word_1_408' title='bbox 1052 3343 1213 3387; x_wconf 67' lang='lat' dir='ltr'><strong>sectae</strong></span> <span class='ocrx_word' id='word_1_409' title='bbox 1244 3334 1676 3388; x_wconf 88' lang='lat' dir='ltr'><strong>communionem</strong></span> <span class='ocrx_word' id='word_1_410' title='bbox 1704 3350 1892 3390; x_wconf 90' lang='lat' dir='ltr'><strong>rursus</strong></span> <span class='ocrx_word' id='word_1_411' title='bbox 1921 3336 1971 3390; x_wconf 91' lang='lat' dir='ltr'><strong>in</strong></span> <span class='ocrx_word' id='word_1_412' title='bbox 1997 3351 2162 3389; x_wconf 90' lang='lat' dir='ltr'><strong>unum</strong></span> 
     </span>
    </p>
   </div>
   <div class='ocr_carea' id='block_1_65' title="bbox 586 3423 2164 3496">
    <p class='ocr_par' dir='ltr' id='par_1_65' title="bbox 586 3423 2164 3496">
     <span class='ocr_line' id='line_1_66' title="bbox 586 3423 2164 3496; baseline 0.002 -18"><span class='ocrx_word' id='word_1_413' title='bbox 586 3424 921 3494; x_wconf 82' lang='lat' dir='ltr'><strong>conspirant.</strong></span> <span class='ocrx_word' id='word_1_414' title='bbox 974 3423 1128 3491; x_wconf 88' lang='lat' dir='ltr'><strong>Quod</strong></span> <span class='ocrx_word' id='word_1_415' title='bbox 1170 3425 1214 3479; x_wconf 94' lang='lat' dir='ltr'><strong>si</strong></span> <span class='ocrx_word' id='word_1_416' title='bbox 1270 3426 1341 3480; x_wconf 87' lang='lat' dir='ltr'><strong>ita</strong></span> <span class='ocrx_word' id='word_1_417' title='bbox 1375 3434 1476 3486; x_wconf 88' lang='lat' dir='ltr'><strong>est,</strong></span> <span class='ocrx_word' id='word_1_418' title='bbox 1535 3429 1807 3496; x_wconf 85' lang='lat' dir='ltr'><strong>quomodo</strong></span> <span class='ocrx_word' id='word_1_419' title='bbox 1843 3443 1946 3481; x_wconf 90' lang='lat' dir='ltr'><strong>non</strong></span> <span class='ocrx_word' id='word_1_420' title='bbox 1994 3427 2164 3481; x_wconf 91' lang='lat' dir='ltr'><strong>multo</strong></span> 
     </span>
    </p>
   </div>
   <div class='ocr_carea' id='block_1_66' title="bbox 581 3515 2164 3588">
    <p class='ocr_par' dir='ltr' id='par_1_66' title="bbox 581 3515 2164 3588">
     <span class='ocr_line' id='line_1_67' title="bbox 581 3515 2164 3588; baseline 0.004 -20"><span class='ocrx_word' id='word_1_421' title='bbox 581 3515 784 3588; x_wconf 78' lang='lat' dir='ltr'><strong>iustius</strong></span> <span class='ocrx_word' id='word_1_422' title='bbox 825 3515 1010 3582; x_wconf 82' lang='lat' dir='ltr'><strong>fuerit,</strong></span> <span class='ocrx_word' id='word_1_423' title='bbox 1042 3531 1140 3572; x_wconf 90' lang='lat' dir='ltr'><strong>vos</strong></span> <span class='ocrx_word' id='word_1_424' title='bbox 1174 3518 1264 3588; x_wconf 91' lang='lat' dir='ltr'><strong>qui</strong></span> <span class='ocrx_word' id='word_1_425' title='bbox 1299 3518 1518 3573; x_wconf 81' lang='lat' dir='ltr'><strong>maximi</strong></span> <span class='ocrx_word' id='word_1_426' title='bbox 1579 3517 1671 3574; x_wconf 84' lang='lat' dir='ltr'><strong>Dei</strong></span> <span class='ocrx_word' id='word_1_427' title='bbox 1702 3519 1932 3574; x_wconf 91' lang='lat' dir='ltr'><strong>ministri</strong></span> <span class='ocrx_word' id='word_1_428' title='bbox 1964 3520 2164 3576; x_wconf 90' lang='lat' dir='ltr'><strong>consti-</strong></span> 
     </span>
    </p>
   </div>
   <div class='ocr_carea' id='block_1_67' title="bbox 586 3606 2157 3679">
    <p class='ocr_par' dir='ltr' id='par_1_67' title="bbox 586 3606 2157 3679">
     <span class='ocr_line' id='line_1_68' title="bbox 586 3606 2157 3679; baseline 0.004 -22"><span class='ocrx_word' id='word_1_429' title='bbox 586 3607 686 3660; x_wconf 83' lang='lat' dir='ltr'><strong>tuti</strong></span> <span class='ocrx_word' id='word_1_430' title='bbox 719 3606 876 3670; x_wconf 89' lang='lat' dir='ltr'><strong>estis,</strong></span> <span class='ocrx_word' id='word_1_431' title='bbox 911 3607 966 3660; x_wconf 89' lang='lat' dir='ltr'><strong>in</strong></span> <span class='ocrx_word' id='word_1_432' title='bbox 1004 3608 1242 3676; x_wconf 86' lang='lat' dir='ltr'><strong>ejusdem</strong></span> <span class='ocrx_word' id='word_1_433' title='bbox 1285 3609 1566 3679; x_wconf 84' lang='lat' dir='ltr'><strong>religionis</strong></span> <span class='ocrx_word' id='word_1_434' title='bbox 1592 3608 1930 3679; x_wconf 88' lang='lat' dir='ltr'><strong>professione</strong></span> <span class='ocrx_word' id='word_1_435' title='bbox 1961 3613 2157 3666; x_wconf 86' lang='lat' dir='ltr'><strong>unani-</strong></span> 
     </span>
    </p>
   </div>
   <div class='ocr_carea' id='block_1_68' title="bbox 583 3697 2157 3771">
    <p class='ocr_par' dir='ltr' id='par_1_68' title="bbox 583 3697 2157 3771">
     <span class='ocr_line' id='line_1_69' title="bbox 583 3697 2157 3771; baseline 0.002 -18"><span class='ocrx_word' id='word_1_436' title='bbox 583 3712 698 3753; x_wconf 90' lang='lat' dir='ltr'><strong>mes</strong></span> <span class='ocrx_word' id='word_1_437' title='bbox 725 3697 1084 3768; x_wconf 81' lang='lat' dir='ltr'><strong>permanere?</strong></span> <span class='ocrx_word' id='word_1_438' title='bbox 1122 3699 1228 3754; x_wconf 87' lang='lat' dir='ltr'><strong>Sed</strong></span> <span class='ocrx_word' id='word_1_439' title='bbox 1260 3700 1642 3766; x_wconf 88' lang='lat' dir='ltr'><strong>accuratius,si</strong></span> <span class='ocrx_word' id='word_1_440' title='bbox 1683 3701 1953 3771; x_wconf 88' lang='lat' dir='ltr'><strong>placet,et</strong></span> <span class='ocrx_word' id='word_1_441' title='bbox 1978 3711 2157 3756; x_wconf 90' lang='lat' dir='ltr'><strong>atten-</strong></span> 
     </span>
    </p>
   </div>
   <div class='ocr_carea' id='block_1_69' title="bbox 582 3791 2162 3865">
    <p class='ocr_par' dir='ltr' id='par_1_69' title="bbox 582 3791 2162 3865">
     <span class='ocr_line' id='line_1_70' title="bbox 582 3791 2162 3865; baseline 0.004 -21"><span class='ocrx_word' id='word_1_442' title='bbox 582 3793 692 3862; x_wconf 85' lang='lat' dir='ltr'><strong>tius</strong></span> <span class='ocrx_word' id='word_1_443' title='bbox 721 3791 1091 3860; x_wconf 83' lang='lat' dir='ltr'><strong>expendamus</strong></span> <span class='ocrx_word' id='word_1_444' title='bbox 1115 3793 1166 3848; x_wconf 89' lang='lat' dir='ltr'><strong>id</strong></span> <span class='ocrx_word' id='word_1_445' title='bbox 1197 3793 1338 3862; x_wconf 91' lang='lat' dir='ltr'><strong>quod</strong></span> <span class='ocrx_word' id='word_1_446' title='bbox 1363 3793 1476 3862; x_wconf 88' lang='lat' dir='ltr'><strong>jam</strong></span> <span class='ocrx_word' id='word_1_447' title='bbox 1505 3794 1636 3859; x_wconf 79' lang='lat' dir='ltr'><strong>dixi,</strong></span> <span class='ocrx_word' id='word_1_448' title='bbox 1687 3810 1975 3865; x_wconf 69' lang='lat' dir='ltr'><strong>aequumne</strong></span> <span class='ocrx_word' id='word_1_449' title='bbox 2007 3797 2076 3852; x_wconf 92' lang='lat' dir='ltr'><strong>sit</strong></span> <span class='ocrx_word' id='word_1_450' title='bbox 2105 3808 2162 3850; x_wconf 92' lang='lat' dir='ltr'><strong>ut</strong></span> 
     </span>
    </p>
   </div>
   <div class='ocr_carea' id='block_1_70' title="bbox 581 3883 2163 3943">
    <p class='ocr_par' dir='ltr' id='par_1_70' title="bbox 581 3883 2163 3943">
     <span class='ocr_line' id='line_1_71' title="bbox 581 3883 2163 3943; baseline 0.002 -4"><span class='ocrx_word' id='word_1_451' title='bbox 581 3883 651 3939; x_wconf 91' lang='lat' dir='ltr'><strong>ob</strong></span> <span class='ocrx_word' id='word_1_452' title='bbox 684 3883 880 3938; x_wconf 90' lang='lat' dir='ltr'><strong>levium</strong></span> <span class='ocrx_word' id='word_1_453' title='bbox 911 3891 966 3938; x_wconf 83' lang='lat' dir='ltr'><strong>et</strong></span> <span class='ocrx_word' id='word_1_454' title='bbox 1001 3883 1242 3938; x_wconf 91' lang='lat' dir='ltr'><strong>inanium</strong></span> <span class='ocrx_word' id='word_1_455' title='bbox 1285 3885 1572 3939; x_wconf 83' lang='lat' dir='ltr'><strong>verborum</strong></span> <span class='ocrx_word' id='word_1_456' title='bbox 1607 3884 1750 3940; x_wconf 89' lang='lat' dir='ltr'><strong>inter</strong></span> <span class='ocrx_word' id='word_1_457' title='bbox 1797 3903 1894 3942; x_wconf 86' lang='lat' dir='ltr'><strong>vos</strong></span> <span class='ocrx_word' id='word_1_458' title='bbox 1935 3897 2163 3943; x_wconf 84' lang='lat' dir='ltr'><strong>conten-</strong></span> 
     </span>
    </p>
   </div>
   <div class='ocr_carea' id='block_1_71' title="bbox 585 3975 2157 4047">
    <p class='ocr_par' dir='ltr' id='par_1_71' title="bbox 585 3975 2157 4047">
     <span class='ocr_line' id='line_1_72' title="bbox 585 3975 2157 4047; baseline -0.001 -15"><span class='ocrx_word' id='word_1_459' title='bbox 585 3975 781 4041; x_wconf 87' lang='lat' dir='ltr'><strong>tiones,</strong></span> <span class='ocrx_word' id='word_1_460' title='bbox 803 3975 1001 4030; x_wconf 84' lang='lat' dir='ltr'><strong>fratres</strong></span> <span class='ocrx_word' id='word_1_461' title='bbox 1023 3975 1279 4030; x_wconf 82' lang='lat' dir='ltr'><strong>fratribus</strong></span> <span class='ocrx_word' id='word_1_462' title='bbox 1309 3976 1454 4032; x_wconf 87' lang='lat' dir='ltr'><strong>velut</strong></span> <span class='ocrx_word' id='word_1_463' title='bbox 1481 3978 1532 4031; x_wconf 93' lang='lat' dir='ltr'><strong>in</strong></span> <span class='ocrx_word' id='word_1_464' title='bbox 1565 3978 1684 4034; x_wconf 87' lang='lat' dir='ltr'><strong>acie</strong></span> <span class='ocrx_word' id='word_1_465' title='bbox 1718 3979 1954 4047; x_wconf 89' lang='lat' dir='ltr'><strong>oppositi</strong></span> <span class='ocrx_word' id='word_1_466' title='bbox 1979 3988 2157 4041; x_wconf 83' lang='lat' dir='ltr'><strong>stent;</strong></span> 
     </span>
    </p>
   </div>
   <div class='ocr_carea' id='block_1_72' title="bbox 584 4067 2160 4139">
    <p class='ocr_par' dir='ltr' id='par_1_72' title="bbox 584 4067 2160 4139">
     <span class='ocr_line' id='line_1_73' title="bbox 584 4067 2160 4139; baseline 0.002 -19"><span class='ocrx_word' id='word_1_467' title='bbox 584 4075 752 4136; x_wconf 84' lang='lat' dir='ltr'><strong>utque</strong></span> <span class='ocrx_word' id='word_1_468' title='bbox 788 4067 1113 4122; x_wconf 85' lang='lat' dir='ltr'><strong>venerabilis</strong></span> <span class='ocrx_word' id='word_1_469' title='bbox 1147 4079 1467 4132; x_wconf 78' lang='lat' dir='ltr'><strong>conventus,</strong></span> <span class='ocrx_word' id='word_1_470' title='bbox 1521 4083 1616 4138; x_wconf 91' lang='lat' dir='ltr'><strong>per</strong></span> <span class='ocrx_word' id='word_1_471' title='bbox 1650 4084 1748 4123; x_wconf 90' lang='lat' dir='ltr'><strong>vos</strong></span> <span class='ocrx_word' id='word_1_472' title='bbox 1777 4069 1869 4139; x_wconf 88' lang='lat' dir='ltr'><strong>qui</strong></span> <span class='ocrx_word' id='word_1_473' title='bbox 1897 4070 1961 4124; x_wconf 89' lang='lat' dir='ltr'><strong>de</strong></span> <span class='ocrx_word' id='word_1_474' title='bbox 1999 4070 2160 4123; x_wconf 88' lang='lat' dir='ltr'><strong>rebus</strong></span> 
     </span>
    </p>
   </div>
   <div class='ocr_carea' id='block_1_73' title="bbox 581 4245 2159 4316">
    <p class='ocr_par' dir='ltr' id='par_1_73' title="bbox 581 4245 2159 4316">
     <span class='ocr_line' id='line_1_74' title="bbox 581 4245 2159 4316; baseline 0.001 -18"><span class='ocrx_word' id='word_1_475' title='bbox 581 4246 772 4316; x_wconf 77' lang='lat' dir='ltr'><strong>Regio.</strong></span> <span class='ocrx_word' id='word_1_476' title='bbox 807 4245 943 4300; x_wconf 85' lang='lat' dir='ltr'><strong>Fuk.</strong></span> <span class='ocrx_word' id='word_1_477' title='bbox 976 4254 1029 4298; x_wconf 88' lang='lat' dir='ltr'><strong>et</strong></span> <span class='ocrx_word' id='word_1_478' title='bbox 1077 4245 1248 4299; x_wconf 91' lang='lat' dir='ltr'><strong>Savil.</strong></span> <span class='ocrx_word' id='word_1_479' title='bbox 1284 4245 1538 4316; x_wconf 66' lang='lat' dir='ltr'><strong>legituri</strong></span> <span class='ocrx_word' id='word_1_480' title='bbox 1574 4245 1656 4308; x_wconf 86' lang='grc' dir='ltr'><strong>τίς</strong></span> <span class='ocrx_word' id='word_1_481' title='bbox 1687 4248 1826 4311; x_wconf 85' lang='grc' dir='ltr'>ταῖς,</span> <span class='ocrx_word' id='word_1_482' title='bbox 1868 4255 1972 4301; x_wconf 91' lang='lat' dir='ltr'><strong>etc.</strong></span> <span class='ocrx_word' id='word_1_483' title='bbox 2005 4247 2159 4315; x_wconf 86' lang='lat' dir='ltr'><strong>Apud</strong></span> 
     </span>
    </p>
   </div>
   <div class='ocr_carea' id='block_1_74' title="bbox 581 4315 2161 4388">
    <p class='ocr_par' dir='ltr' id='par_1_74' title="bbox 581 4315 2161 4388">
     <span class='ocr_line' id='line_1_75' title="bbox 581 4315 2161 4388; baseline 0.001 -18"><span class='ocrx_word' id='word_1_484' title='bbox 581 4315 1174 4388; x_wconf 79' lang='lat' dir='ltr'><strong>NiCephorum_autem</strong></span> <span class='ocrx_word' id='word_1_485' title='bbox 1221 4316 1419 4388; x_wconf 76' lang='lat' dir='ltr'><strong>legitur</strong></span> <span class='ocrx_word' id='word_1_486' title='bbox 1465 4315 1497 4384; x_wconf 84' lang='grc' dir='ltr'>ἢ</span> <span class='ocrx_word' id='word_1_487' title='bbox 1545 4315 1629 4388; x_wconf 72' lang='grc' dir='ltr'><strong>τίς</strong></span> <span class='ocrx_word' id='word_1_488' title='bbox 1677 4316 1736 4379; x_wconf 83' lang='grc' dir='ltr'>ὃς</span> <span class='ocrx_word' id='word_1_489' title='bbox 1786 4319 1907 4380; x_wconf 86' lang='grc' dir='ltr'>ταῖς</span> <span class='ocrx_word' id='word_1_490' title='bbox 1957 4319 2161 4372; x_wconf 90' lang='lat' dir='ltr'><strong>rectius</strong></span> 
     </span>
    </p>
   </div>
   <div class='ocr_carea' id='block_1_75' title="bbox 578 4384 2159 4454">
    <p class='ocr_par' dir='ltr' id='par_1_75' title="bbox 578 4384 2159 4454">
     <span class='ocr_line' id='line_1_76' title="bbox 578 4384 2159 4454; baseline 0.001 -13"><span class='ocrx_word' id='word_1_491' title='bbox 578 4384 740 4453; x_wconf 81' lang='lat' dir='ltr'><strong>quam</strong></span> <span class='ocrx_word' id='word_1_492' title='bbox 783 4387 834 4438; x_wconf 93' lang='lat' dir='ltr'><strong>in</strong></span> <span class='ocrx_word' id='word_1_493' title='bbox 889 4385 1120 4454; x_wconf 84' lang='lat' dir='ltr'><strong>vulgatis</strong></span> <span class='ocrx_word' id='word_1_494' title='bbox 1169 4386 1526 4439; x_wconf 88' lang='lat' dir='ltr'><strong>editionibus.</strong></span> <span class='ocrx_word' id='word_1_495' title='bbox 1571 4384 1688 4438; x_wconf 75' lang='lat' dir='ltr'><strong>Mox</strong></span> <span class='ocrx_word' id='word_1_496' title='bbox 1755 4388 2038 4441; x_wconf 87' lang='lat' dir='ltr'><strong>emendavi</strong></span> <span class='ocrx_word' id='word_1_497' title='bbox 2093 4402 2159 4442; x_wconf 76' lang='lat' dir='ltr'><strong>ex</strong></span> 
     </span>
    </p>
   </div>
   <div class='ocr_carea' id='block_1_76' title="bbox 2265 3239 3826 3313">
    <p class='ocr_par' dir='ltr' id='par_1_76' title="bbox 2265 3239 3826 3313">
     <span class='ocr_line' id='line_1_77' title="bbox 2265 3239 3826 3313; baseline -0.002 -20"><span class='ocrx_word' id='word_1_498' title='bbox 2265 3242 2431 3312; x_wconf 82' lang='grc' dir='ltr'>ἀρετῇ</span> <span class='ocrx_word' id='word_1_499' title='bbox 2464 3240 2810 3313; x_wconf 79' lang='grc' dir='ltr'>χωρίζονται,</span> <span class='ocrx_word' id='word_1_500' title='bbox 2866 3245 2930 3313; x_wconf 80' lang='grc' dir='ltr'>τῇ</span> <span class='ocrx_word' id='word_1_501' title='bbox 2969 3242 3148 3312; x_wconf 89' lang='grc' dir='ltr'>μέντοι</span> <span class='ocrx_word' id='word_1_502' title='bbox 3194 3243 3286 3296; x_wconf 78' lang='grc' dir='ltr'>τοῦ</span> <span class='ocrx_word' id='word_1_503' title='bbox 3330 3244 3608 3313; x_wconf 84' lang='grc' dir='ltr'>δόγματος</span> <span class='ocrx_word' id='word_1_504' title='bbox 3663 3239 3826 3293; x_wconf 82' lang='grc' dir='ltr'>ἑνὼσει</span> 
     </span>
    </p>
   </div>
   <div class='ocr_carea' id='block_1_77' title="bbox 2264 3329 3823 3403">
    <p class='ocr_par' dir='ltr' id='par_1_77' title="bbox 2264 3329 3823 3403">
     <span class='ocr_line' id='line_1_78' title="bbox 2264 3329 3823 3403; baseline -0.003 -18"><span class='ocrx_word' id='word_1_505' title='bbox 2264 3332 2426 3386; x_wconf 86' lang='grc' dir='ltr'>πάλιν</span> <span class='ocrx_word' id='word_1_506' title='bbox 2463 3335 2542 3396; x_wconf 85' lang='grc' dir='ltr'><strong>είς</strong></span> <span class='ocrx_word' id='word_1_507' title='bbox 2574 3331 2834 3402; x_wconf 83' lang='grc' dir='ltr'>ἀλλήλους</span> <span class='ocrx_word' id='word_1_508' title='bbox 2883 3332 3268 3401; x_wconf 88' lang='grc' dir='ltr'>συμπνέουσιν.</span> <span class='ocrx_word' id='word_1_509' title='bbox 3302 3333 3364 3386; x_wconf 72' lang='lat' dir='ltr'><strong>Ei</strong></span> <span class='ocrx_word' id='word_1_510' title='bbox 3417 3333 3484 3403; x_wconf 86' lang='grc' dir='ltr'>δὴ</span> <span class='ocrx_word' id='word_1_511' title='bbox 3521 3332 3670 3386; x_wconf 79' lang='grc' dir='ltr'>τοῦτο</span> <span class='ocrx_word' id='word_1_512' title='bbox 3706 3329 3823 3392; x_wconf 74' lang='grc' dir='ltr'>ἔστι,</span> 
     </span>
    </p>
   </div>
   <div class='ocr_carea' id='block_1_78' title="bbox 2263 3418 3825 3492">
    <p class='ocr_par' dir='ltr' id='par_1_78' title="bbox 2263 3418 3825 3492">
     <span class='ocr_line' id='line_1_79' title="bbox 2263 3418 3825 3492; baseline -0.002 -19"><span class='ocrx_word' id='word_1_513' title='bbox 2263 3421 2382 3486; x_wconf 88' lang='grc' dir='ltr'><strong>πῶς</strong></span> <span class='ocrx_word' id='word_1_514' title='bbox 2410 3422 2468 3474; x_wconf 81' lang='grc' dir='ltr'><strong>οὐ</strong></span> <span class='ocrx_word' id='word_1_515' title='bbox 2503 3421 2681 3492; x_wconf 88' lang='grc' dir='ltr'>πολλῷ</span> <span class='ocrx_word' id='word_1_516' title='bbox 2723 3421 3078 3492; x_wconf 86' lang='grc' dir='ltr'>δικαιότερον,</span> <span class='ocrx_word' id='word_1_517' title='bbox 3109 3423 3252 3492; x_wconf 80' lang='grc' dir='ltr'>ὑμᾶς</span> <span class='ocrx_word' id='word_1_518' title='bbox 3291 3421 3371 3492; x_wconf 88' lang='lat'><strong>(7)</strong></span> <span class='ocrx_word' id='word_1_519' title='bbox 3402 3422 3534 3485; x_wconf 78' lang='grc' dir='ltr'>τοὺς</span> <span class='ocrx_word' id='word_1_520' title='bbox 3557 3420 3644 3474; x_wconf 71' lang='grc' dir='ltr'>τοῦ</span> <span class='ocrx_word' id='word_1_521' title='bbox 3678 3418 3825 3490; x_wconf 83' lang='grc' dir='ltr'>μεγά-</span> 
     </span>
    </p>
   </div>
   <div class='ocr_carea' id='block_1_79' title="bbox 2261 3508 3819 3582">
    <p class='ocr_par' dir='ltr' id='par_1_79' title="bbox 2261 3508 3819 3582">
     <span class='ocr_line' id='line_1_80' title="bbox 2261 3508 3819 3582; baseline -0.005 -18"><span class='ocrx_word' id='word_1_522' title='bbox 2261 3511 2354 3564; x_wconf 90' lang='grc' dir='ltr'><strong>λου</strong></span> <span class='ocrx_word' id='word_1_523' title='bbox 2388 3511 2523 3564; x_wconf 81' lang='grc' dir='ltr'>Θεοῦ</span> <span class='ocrx_word' id='word_1_524' title='bbox 2551 3511 2887 3582; x_wconf 81' lang='grc' dir='ltr'>θεράποντας</span> <span class='ocrx_word' id='word_1_525' title='bbox 2909 3509 3274 3574; x_wconf 84' lang='grc' dir='ltr'>καθεστῶτας,</span> <span class='ocrx_word' id='word_1_526' title='bbox 3318 3513 3376 3565; x_wconf 81' lang='grc' dir='ltr'>ὲν</span> <span class='ocrx_word' id='word_1_527' title='bbox 3403 3508 3629 3579; x_wconf 79' lang='grc' dir='ltr'>τοιαύτῃ</span> <span class='ocrx_word' id='word_1_528' title='bbox 3650 3523 3819 3577; x_wconf 80' lang='grc' dir='ltr'>προαι-</span> 
     </span>
    </p>
   </div>
   <div class='ocr_carea' id='block_1_80' title="bbox 2268 3599 3819 3676">
    <p class='ocr_par' dir='ltr' id='par_1_80' title="bbox 2268 3599 3819 3676">
     <span class='ocr_line' id='line_1_81' title="bbox 2268 3599 3819 3676; baseline -0.006 -18"><span class='ocrx_word' id='word_1_529' title='bbox 2268 3605 2414 3676; x_wconf 86' lang='grc' dir='ltr'>ρέσει</span> <span class='ocrx_word' id='word_1_530' title='bbox 2449 3603 2743 3676; x_wconf 79' lang='grc' dir='ltr'>θρησκείας</span> <span class='ocrx_word' id='word_1_531' title='bbox 2769 3603 3075 3676; x_wconf 73' lang='grc' dir='ltr'>όμοψύχους</span> <span class='ocrx_word' id='word_1_532' title='bbox 3108 3604 3356 3676; x_wconf 80' lang='grc' dir='ltr'>ἀλλήλοις</span> <span class='ocrx_word' id='word_1_533' title='bbox 3392 3599 3561 3666; x_wconf 85' lang='grc' dir='ltr'>εἷναι;</span> <span class='ocrx_word' id='word_1_534' title='bbox 3599 3601 3819 3652; x_wconf 83' lang='grc' dir='ltr'>Ἐπισκε-</span> 
     </span>
    </p>
   </div>
   <div class='ocr_carea' id='block_1_81' title="bbox 2262 3692 3812 3770">
    <p class='ocr_par' dir='ltr' id='par_1_81' title="bbox 2262 3692 3812 3770">
     <span class='ocr_line' id='line_1_82' title="bbox 2262 3692 3812 3770; baseline -0.007 -17"><span class='ocrx_word' id='word_1_535' title='bbox 2262 3699 2492 3770; x_wconf 82' lang='grc' dir='ltr'>ψὼμεθα</span> <span class='ocrx_word' id='word_1_536' title='bbox 2523 3699 2588 3770; x_wconf 84' lang='grc' dir='ltr'>δὴ</span> <span class='ocrx_word' id='word_1_537' title='bbox 2621 3698 2867 3769; x_wconf 82' lang='grc' dir='ltr'>λογισμῷ</span> <span class='ocrx_word' id='word_1_538' title='bbox 2913 3697 3139 3768; x_wconf 80' lang='grc' dir='ltr'>μείζονι,</span> <span class='ocrx_word' id='word_1_539' title='bbox 3177 3699 3269 3750; x_wconf 72' lang='grc' dir='ltr'><strong>καὶ</strong></span> <span class='ocrx_word' id='word_1_540' title='bbox 3300 3698 3509 3751; x_wconf 85' lang='grc' dir='ltr'>πλείονι</span> <span class='ocrx_word' id='word_1_541' title='bbox 3551 3694 3743 3748; x_wconf 80' lang='grc' dir='ltr'>συνέσει</span> <span class='ocrx_word' id='word_1_542' title='bbox 3765 3692 3812 3743; x_wconf 75' lang='grc' dir='ltr'>τὸ</span> 
     </span>
    </p>
   </div>
   <div class='ocr_carea' id='block_1_82' title="bbox 2261 3781 3814 3861">
    <p class='ocr_par' dir='ltr' id='par_1_82' title="bbox 2261 3781 3814 3861">
     <span class='ocr_line' id='line_1_83' title="bbox 2261 3781 3814 3861; baseline 0.001 -21"><span class='ocrx_word' id='word_1_543' title='bbox 2261 3789 2448 3861; x_wconf 62' lang='grc' dir='ltr'>ῥηθέν</span> <span class='ocrx_word' id='word_1_544' title='bbox 2490 3787 2648 3860; x_wconf 78' lang='grc' dir='ltr'>εἴπερ</span> <span class='ocrx_word' id='word_1_545' title='bbox 2670 3786 2844 3860; x_wconf 83' lang='grc' dir='ltr'>ὀρθῶς</span> <span class='ocrx_word' id='word_1_546' title='bbox 2888 3786 3000 3856; x_wconf 78' lang='grc' dir='ltr'>ἔχει</span> <span class='ocrx_word' id='word_1_547' title='bbox 3029 3786 3093 3838; x_wconf 85' lang='grc' dir='ltr'>δι’</span> <span class='ocrx_word' id='word_1_548' title='bbox 3121 3785 3309 3853; x_wconf 82' lang='grc' dir='ltr'>ὀλίγας</span> <span class='ocrx_word' id='word_1_549' title='bbox 3343 3786 3441 3839; x_wconf 74' lang='grc' dir='ltr'><strong>καὶ</strong></span> <span class='ocrx_word' id='word_1_550' title='bbox 3481 3781 3704 3854; x_wconf 73' lang='grc' dir='ltr'>ματαίας</span> <span class='ocrx_word' id='word_1_551' title='bbox 3734 3781 3814 3847; x_wconf 73' lang='grc' dir='ltr'><strong>ῥη-</strong></span> 
     </span>
    </p>
   </div>
   <div class='ocr_carea' id='block_1_83' title="bbox 2263 3871 3808 3952">
    <p class='ocr_par' dir='ltr' id='par_1_83' title="bbox 2263 3871 3808 3952">
     <span class='ocr_line' id='line_1_84' title="bbox 2263 3871 3808 3952; baseline -0.01 -16"><span class='ocrx_word' id='word_1_552' title='bbox 2263 3883 2448 3952; x_wconf 86' lang='grc' dir='ltr'>μάτων</span> <span class='ocrx_word' id='word_1_553' title='bbox 2477 3883 2533 3934; x_wconf 79' lang='grc' dir='ltr'>ὲν</span> <span class='ocrx_word' id='word_1_554' title='bbox 2571 3882 2698 3951; x_wconf 81' lang='grc' dir='ltr'>ὑμῖν</span> <span class='ocrx_word' id='word_1_555' title='bbox 2725 3879 3074 3949; x_wconf 84' lang='grc' dir='ltr'>φιλονεικίας,</span> <span class='ocrx_word' id='word_1_556' title='bbox 3112 3877 3373 3947; x_wconf 82' lang='grc' dir='ltr'>ἀδελφοὺς</span> <span class='ocrx_word' id='word_1_557' title='bbox 3408 3877 3651 3942; x_wconf 87' lang='grc' dir='ltr'>ἀδελφοῖς</span> <span class='ocrx_word' id='word_1_558' title='bbox 3682 3871 3808 3923; x_wconf 81' lang='grc' dir='ltr'>ἀντι-</span> 
     </span>
    </p>
   </div>
   <div class='ocr_carea' id='block_1_84' title="bbox 2259 3961 3808 4042">
    <p class='ocr_par' dir='ltr' id='par_1_84' title="bbox 2259 3961 3808 4042">
     <span class='ocr_line' id='line_1_85' title="bbox 2259 3961 3808 4042; baseline -0.011 -14"><span class='ocrx_word' id='word_1_559' title='bbox 2259 3975 2493 4037; x_wconf 81' lang='grc' dir='ltr'>κεῖσθαι,</span> <span class='ocrx_word' id='word_1_560' title='bbox 2522 3976 2615 4027; x_wconf 73' lang='grc' dir='ltr'><strong>καὶ</strong></span> <span class='ocrx_word' id='word_1_561' title='bbox 2653 3974 2714 4026; x_wconf 83' lang='grc' dir='ltr'>τὸ</span> <span class='ocrx_word' id='word_1_562' title='bbox 2763 3973 2863 4042; x_wconf 79' lang='grc' dir='ltr'>τῆς</span> <span class='ocrx_word' id='word_1_563' title='bbox 2917 3973 3131 4025; x_wconf 86' lang='grc' dir='ltr'>συνόδου</span> <span class='ocrx_word' id='word_1_564' title='bbox 3165 3971 3345 4041; x_wconf 87' lang='grc' dir='ltr'>τίμιον</span> <span class='ocrx_word' id='word_1_565' title='bbox 3374 3969 3567 4024; x_wconf 80' lang='grc' dir='ltr'>ἀσεῢεῖ</span> <span class='ocrx_word' id='word_1_566' title='bbox 3606 3961 3808 4034; x_wconf 74' lang='grc' dir='ltr'>διχονοίᾳ</span> 
     </span>
    </p>
   </div>
   <div class='ocr_carea' id='block_1_85' title="bbox 2259 4054 3804 4142">
    <p class='ocr_par' dir='ltr' id='par_1_85' title="bbox 2259 4054 3804 4142">
     <span class='ocr_line' id='line_1_86' title="bbox 2259 4054 3804 4142; baseline -0.02 -4"><span class='ocrx_word' id='word_1_567' title='bbox 2259 4069 2583 4142; x_wconf 74' lang='grc' dir='ltr'>χωρίζεσθαι</span> <span class='ocrx_word' id='word_1_568' title='bbox 2613 4070 2679 4122; x_wconf 83' lang='grc' dir='ltr'>δι’</span> <span class='ocrx_word' id='word_1_569' title='bbox 2705 4067 2876 4138; x_wconf 71' lang='grc' dir='ltr'>ὑμῶν,</span> <span class='ocrx_word' id='word_1_570' title='bbox 2905 4069 2954 4120; x_wconf 79' lang='grc' dir='ltr'>οἳ</span> <span class='ocrx_word' id='word_1_571' title='bbox 2998 4067 3130 4138; x_wconf 76' lang='grc' dir='ltr'>πρὸς</span> <span class='ocrx_word' id='word_1_572' title='bbox 3159 4065 3423 4135; x_wconf 84' lang='grc' dir='ltr'>ἀλλήλους</span> <span class='ocrx_word' id='word_1_573' title='bbox 3454 4063 3589 4133; x_wconf 82' lang='grc' dir='ltr'>ὑπὲρ</span> <span class='ocrx_word' id='word_1_574' title='bbox 3623 4054 3804 4130; x_wconf 81' lang='grc' dir='ltr'>μικρῶν</span> 
     </span>
    </p>
   </div>
   <div class='ocr_carea' id='block_1_86' title="bbox 2261 4245 3801 4328">
    <p class='ocr_par' dir='ltr' id='par_1_86' title="bbox 2261 4245 3801 4328">
     <span class='ocr_line' id='line_1_87' title="bbox 2261 4245 3801 4328; baseline -0.009 -26"><span class='ocrx_word' id='word_1_575' title='bbox 2261 4249 2610 4328; x_wconf 68' lang='lat' dir='ltr'><strong>baptismum.</strong></span> <span class='ocrx_word' id='word_1_576' title='bbox 2641 4247 2974 4328; x_wconf 78' lang='lat' dir='ltr'><strong>Epiphanius</strong></span> <span class='ocrx_word' id='word_1_577' title='bbox 3018 4257 3176 4312; x_wconf 82' lang='lat' dir='ltr'><strong>certe</strong></span> <span class='ocrx_word' id='word_1_578' title='bbox 3198 4245 3556 4301; x_wconf 88' lang='lat' dir='ltr'><strong>scholasticus</strong></span> <span class='ocrx_word' id='word_1_579' title='bbox 3594 4252 3801 4295; x_wconf 80' lang='lat' dir='ltr'><strong>commu-</strong></span> 
     </span>
    </p>
   </div>
   <div class='ocr_carea' id='block_1_87' title="bbox 2263 4318 2879 4382">
    <p class='ocr_par' dir='ltr' id='par_1_87' title="bbox 2263 4318 2879 4382">
     <span class='ocr_line' id='line_1_88' title="bbox 2263 4318 2879 4382; baseline -0.003 -11"><span class='ocrx_word' id='word_1_580' title='bbox 2263 4320 2434 4371; x_wconf 78' lang='lat' dir='ltr'><strong>ni&#39;onia</strong></span> <span class='ocrx_word' id='word_1_581' title='bbox 2463 4321 2668 4382; x_wconf 76' lang='lat' dir='ltr'><strong>signant</strong></span> <span class='ocrx_word' id='word_1_582' title='bbox 2699 4318 2879 4370; x_wconf 86' lang='lat' dir='ltr'><strong>vertit.</strong></span> 
     </span>
    </p>
   </div>
   <div class='ocr_carea' id='block_1_88' title="bbox 2335 4377 3801 4456">
    <p class='ocr_par' dir='ltr' id='par_1_88' title="bbox 2335 4377 3801 4456">
     <span class='ocr_line' id='line_1_89' title="bbox 2335 4377 3801 4456; baseline -0.005 -15"><span class='ocrx_word' id='word_1_583' title='bbox 2335 4388 2412 4455; x_wconf 77' lang='grc' dir='ltr'><strong>(ὅ)</strong></span> <span class='ocrx_word' id='word_1_584' title='bbox 2464 4377 2938 4456; x_wconf 74' lang='grc' dir='ltr'>’Ῠπομν-ήσαιμι,</span> <span class='ocrx_word' id='word_1_585' title='bbox 2990 4387 3164 4452; x_wconf 77' lang='grc' dir='ltr'>λέξω.</span> <span class='ocrx_word' id='word_1_586' title='bbox 3210 4387 3496 4442; x_wconf 84' lang='lat' dir='ltr'><strong>Postrema</strong></span> <span class='ocrx_word' id='word_1_587' title='bbox 3529 4397 3626 4456; x_wconf 78' lang='lat' dir='ltr'><strong>vox</strong></span> <span class='ocrx_word' id='word_1_588' title='bbox 3675 4377 3801 4456; x_wconf 56' lang='lat' dir='ltr'><strong>dces!</strong></span> 
     </span>
    </p>
   </div>
   <div class='ocr_carea' id='block_1_89' title="bbox 579 4447 2159 4531">
    <p class='ocr_par' dir='ltr' id='par_1_89' title="bbox 579 4447 2157 4531">
     <span class='ocr_line' id='line_1_90' title="bbox 579 4447 2157 4531; baseline 0 -21"><span class='ocrx_word' id='word_1_589' title='bbox 579 4447 736 4531; x_wconf 78' lang='lat' dir='ltr'><strong>codd.</strong></span> <span class='ocrx_word' id='word_1_590' title='bbox 794 4453 932 4531; x_wconf 75' lang='lat' dir='ltr'><strong>Fuk.</strong></span> <span class='ocrx_word' id='word_1_591' title='bbox 974 4447 1029 4509; x_wconf 66' lang='grc' dir='ltr'>ἐι</span> <span class='ocrx_word' id='word_1_592' title='bbox 1068 4455 1289 4528; x_wconf 67' lang='lat' dir='ltr'><strong>Sav.,il</strong></span> <span class='ocrx_word' id='word_1_593' title='bbox 1343 4457 1410 4526; x_wconf 83' lang='grc' dir='ltr'>τῇ</span> <span class='ocrx_word' id='word_1_594' title='bbox 1458 4455 1566 4507; x_wconf 84' lang='grc' dir='ltr'><strong>τῶν</strong></span> <span class='ocrx_word' id='word_1_595' title='bbox 1618 4457 1903 4528; x_wconf 83' lang='grc' dir='ltr'>ἀκροατῶν</span> <span class='ocrx_word' id='word_1_596' title='bbox 1958 4457 2157 4527; x_wconf 84' lang='grc' dir='ltr'>βραδυ-</span> 
     </span>
    </p>
   </div>
   <div class='ocr_carea' id='block_1_90' title="bbox 2268 4447 3792 4531">
    <p class='ocr_par' dir='ltr' id='par_1_90' title="bbox 2268 4447 3792 4531">
     <span class='ocr_line' id='line_1_91' title="bbox 2268 4447 3792 4531; baseline -0.003 -21"><span class='ocrx_word' id='word_1_597' title='bbox 2268 4447 2403 4528; x_wconf 82' lang='lat' dir='ltr'><strong>apud</strong></span> <span class='ocrx_word' id='word_1_598' title='bbox 2437 4447 2729 4531; x_wconf 49' lang='lat' dir='ltr'><strong>Gelasiutn&#39;</strong></span> <span class='ocrx_word' id='word_1_599' title='bbox 2763 4447 3125 4531; x_wconf 57' lang='lat' dir='ltr'><strong>Cy&#39;zicenuni,</strong></span> <span class='ocrx_word' id='word_1_600' title='bbox 3164 4473 3261 4531; x_wconf 80' lang='lat' dir='ltr'><strong>nec</strong></span> <span class='ocrx_word' id='word_1_601' title='bbox 3299 4458 3513 4511; x_wconf 83' lang='lat' dir='ltr'><strong>videtur</strong></span> <span class='ocrx_word' id='word_1_602' title='bbox 3543 4447 3792 4531; x_wconf 48' lang='lat' dir='ltr'><strong>admoti}!!!</strong></span> 
     </span>
    </p>
   </div>
   <div class='ocr_carea' id='block_1_91' title="bbox 576 4525 989 4600">
    <p class='ocr_par' dir='ltr' id='par_1_91' title="bbox 576 4525 989 4600">
     <span class='ocr_line' id='line_1_92' title="bbox 576 4525 989 4600; baseline 0.005 -22"><span class='ocrx_word' id='word_1_603' title='bbox 576 4526 714 4600; x_wconf 64' lang='lat' dir='ltr'><strong>répq.</strong></span> <span class='ocrx_word' id='word_1_604' title='bbox 757 4525 989 4600; x_wconf 75' lang='grc' dir='ltr'>συνέσει.</span> 
     </span>
    </p>
   </div>
   <div class='ocr_carea' id='block_1_92' title="bbox 649 4595 2157 4668">
    <p class='ocr_par' dir='ltr' id='par_1_92' title="bbox 649 4595 2157 4668">
     <span class='ocr_line' id='line_1_93' title="bbox 649 4595 2157 4668; baseline -0.001 -15"><span class='ocrx_word' id='word_1_605' title='bbox 649 4595 727 4668; x_wconf 57' lang='grc'><strong>(3)</strong></span> <span class='ocrx_word' id='word_1_606' title='bbox 781 4596 875 4662; x_wconf 81' lang='grc' dir='ltr'><strong>Ἐξ</strong></span> <span class='ocrx_word' id='word_1_607' title='bbox 920 4596 1211 4668; x_wconf 71' lang='grc' dir='ltr'>ὁποτέρου</span> <span class='ocrx_word' id='word_1_608' title='bbox 1255 4599 1501 4652; x_wconf 81' lang='grc' dir='ltr'>τούτων.</span> <span class='ocrx_word' id='word_1_609' title='bbox 1563 4595 1617 4649; x_wconf 93' lang='lat' dir='ltr'><strong>ln</strong></span> <span class='ocrx_word' id='word_1_610' title='bbox 1671 4596 1832 4652; x_wconf 83' lang='lat' dir='ltr'><strong>codd.</strong></span> <span class='ocrx_word' id='word_1_611' title='bbox 1888 4596 2053 4668; x_wconf 78' lang='lat' dir='ltr'><strong>Regio</strong></span> <span class='ocrx_word' id='word_1_612' title='bbox 2103 4607 2157 4651; x_wconf 91' lang='lat' dir='ltr'><strong>et</strong></span> 
     </span>
    </p>
   </div>
   <div class='ocr_carea' id='block_1_93' title="bbox 578 4666 2156 4738">
    <p class='ocr_par' dir='ltr' id='par_1_93' title="bbox 578 4666 2156 4738">
     <span class='ocr_line' id='line_1_94' title="bbox 578 4666 2156 4738; baseline -0.001 -16"><span class='ocrx_word' id='word_1_613' title='bbox 578 4666 716 4723; x_wconf 69' lang='lat' dir='ltr'><strong>Fuk.</strong></span> <span class='ocrx_word' id='word_1_614' title='bbox 743 4669 939 4737; x_wconf 80' lang='lat' dir='ltr'><strong>legitur</strong></span> <span class='ocrx_word' id='word_1_615' title='bbox 970 4666 1204 4737; x_wconf 83' lang='grc' dir='ltr'>ποτέρου</span> <span class='ocrx_word' id='word_1_616' title='bbox 1235 4669 1352 4722; x_wconf 91' lang='lat' dir='ltr'><strong>sine</strong></span> <span class='ocrx_word' id='word_1_617' title='bbox 1388 4667 1771 4738; x_wconf 56' lang='lat' dir='ltr'><strong>praepositione</strong></span> <span class='ocrx_word' id='word_1_618' title='bbox 1800 4687 1812 4721; x_wconf 89' lang='lat'><strong>:</strong></span> <span class='ocrx_word' id='word_1_619' title='bbox 1842 4683 1965 4738; x_wconf 71' lang='lat' dir='ltr'><strong>qua:</strong></span> <span class='ocrx_word' id='word_1_620' title='bbox 1997 4667 2156 4722; x_wconf 89' lang='lat' dir='ltr'><strong>lectio</strong></span> 
     </span>
    </p>
   </div>
   <div class='ocr_carea' id='block_1_94' title="bbox 578 4737 2155 4808">
    <p class='ocr_par' dir='ltr' id='par_1_94' title="bbox 578 4737 2155 4808">
     <span class='ocr_line' id='line_1_95' title="bbox 578 4737 2155 4808; baseline 0.001 -18"><span class='ocrx_word' id='word_1_621' title='bbox 578 4739 706 4793; x_wconf 87' lang='lat' dir='ltr'><strong>ferri</strong></span> <span class='ocrx_word' id='word_1_622' title='bbox 757 4747 956 4808; x_wconf 88' lang='lat' dir='ltr'><strong>potest,</strong></span> <span class='ocrx_word' id='word_1_623' title='bbox 986 4738 1247 4808; x_wconf 81' lang='lat' dir='ltr'><strong>sivocem</strong></span> <span class='ocrx_word' id='word_1_624' title='bbox 1296 4737 1525 4808; x_wconf 88' lang='grc' dir='ltr'>ποτέρου</span> <span class='ocrx_word' id='word_1_625' title='bbox 1577 4739 1780 4808; x_wconf 88' lang='lat' dir='ltr'><strong>referas</strong></span> <span class='ocrx_word' id='word_1_626' title='bbox 1823 4737 1888 4791; x_wconf 86' lang='lat' dir='ltr'><strong>ad</strong></span> <span class='ocrx_word' id='word_1_627' title='bbox 1930 4753 1989 4791; x_wconf 90' lang='lat' dir='ltr'><strong>ea</strong></span> <span class='ocrx_word' id='word_1_628' title='bbox 2038 4753 2155 4806; x_wconf 72' lang='lat' dir='ltr'><strong>qute</strong></span> 
     </span>
    </p>
   </div>
   <div class='ocr_carea' id='block_1_95' title="bbox 577 4755 2150 4881">
    <p class='ocr_par' dir='ltr' id='par_1_95' title="bbox 577 4755 2150 4881">
     <span class='ocr_line' id='line_1_96' title="bbox 578 4755 2150 4808; baseline 0.001 -18"><span class='ocrx_word' id='word_1_629' title='bbox 578 4755 706 4793; x_wconf 83' lang='lat' dir='ltr'><strong>terrt</strong></span> <span class='ocrx_word' id='word_1_630' title='bbox 757 4755 956 4808; x_wconf 71' lang='lat' dir='ltr'><strong>porest,</strong></span> <span class='ocrx_word' id='word_1_631' title='bbox 986 4755 1028 4792; x_wconf 75' lang='lat' dir='ltr'><strong>sn</strong></span> <span class='ocrx_word' id='word_1_632' title='bbox 1062 4755 1247 4790; x_wconf 90' lang='lat' dir='ltr'><strong>vocem</strong></span> <span class='ocrx_word' id='word_1_633' title='bbox 1296 4755 1424 4790; x_wconf 88' lang='grc' dir='ltr'>ποτε</span> <span class='ocrx_word' id='word_1_634' title='bbox 1463 4755 1525 4790; x_wconf 90' lang='grc' dir='ltr'><strong>ου</strong></span> <span class='ocrx_word' id='word_1_635' title='bbox 1577 4755 1780 4792; x_wconf 85' lang='lat' dir='ltr'><strong>releras</strong></span> <span class='ocrx_word' id='word_1_636' title='bbox 1823 4755 1888 4791; x_wconf 89' lang='lat' dir='ltr'><strong>au</strong></span> <span class='ocrx_word' id='word_1_637' title='bbox 1930 4755 1989 4791; x_wconf 90' lang='lat' dir='ltr'><strong>ea</strong></span> <span class='ocrx_word' id='word_1_638' title='bbox 2038 4755 2150 4806; x_wconf 70' lang='lat' dir='ltr'><strong>qua:</strong></span> 
     </span>
     <span class='ocr_line' id='line_1_97' title="bbox 577 4755 2150 4881; baseline 0.001 -21"><span class='ocrx_word' id='word_1_639' title='bbox 577 4807 957 4881; x_wconf 60' lang='lat' dir='ltr'><strong>sequunturdl</strong></span> <span class='ocrx_word' id='word_1_640' title='bbox 1001 4807 1379 4881; x_wconf 83' lang='grc' dir='ltr'>βλασφημίας,</span> <span class='ocrx_word' id='word_1_641' title='bbox 1425 4755 1462 4879; x_wconf 53' lang='grc' dir='ltr'>ε</span> <span class='ocrx_word' id='word_1_642' title='bbox 1510 4807 1825 4881; x_wconf 84' lang='grc' dir='ltr'>σχίσματος.</span> <span class='ocrx_word' id='word_1_643' title='bbox 1881 4809 2150 4881; x_wconf 73' lang='lat' dir='ltr'><strong>Duorum,</strong></span> 
     </span>
    </p>
   </div>
   <div class='ocr_carea' id='block_1_96' title="bbox 577 4877 2153 4947">
    <p class='ocr_par' dir='ltr' id='par_1_96' title="bbox 577 4877 2153 4947">
     <span class='ocr_line' id='line_1_98' title="bbox 577 4877 2153 4947; baseline 0.001 -15"><span class='ocrx_word' id='word_1_644' title='bbox 577 4879 793 4947; x_wconf 79' lang='lat' dir='ltr'><strong>inquit,</strong></span> <span class='ocrx_word' id='word_1_645' title='bbox 844 4877 1106 4942; x_wconf 87' lang='lat' dir='ltr'><strong>alterum,</strong></span> <span class='ocrx_word' id='word_1_646' title='bbox 1151 4877 1245 4930; x_wconf 85' lang='lat' dir='ltr'><strong>aut</strong></span> <span class='ocrx_word' id='word_1_647' title='bbox 1295 4877 1662 4946; x_wconf 72' lang='lat' dir='ltr'><strong>blasplietiiize,</strong></span> <span class='ocrx_word' id='word_1_648' title='bbox 1701 4889 1794 4932; x_wconf 80' lang='lat' dir='ltr'><strong>aut</strong></span> <span class='ocrx_word' id='word_1_649' title='bbox 1843 4878 2153 4933; x_wconf 85' lang='lat' dir='ltr'><strong>schismatis</strong></span> 
     </span>
    </p>
   </div>
   <div class='ocr_carea' id='block_1_97' title="bbox 581 4947 2154 5017">
    <p class='ocr_par' dir='ltr' id='par_1_97' title="bbox 581 4947 2154 5017">
     <span class='ocr_line' id='line_1_99' title="bbox 581 4947 2154 5017; baseline 0.002 -16"><span class='ocrx_word' id='word_1_650' title='bbox 581 4959 840 5002; x_wconf 74' lang='lat' dir='ltr'><strong>nascetur</strong></span> <span class='ocrx_word' id='word_1_651' title='bbox 873 4948 1115 5002; x_wconf 88' lang='lat' dir='ltr'><strong>occasio.</strong></span> <span class='ocrx_word' id='word_1_652' title='bbox 1144 4948 1215 5000; x_wconf 88' lang='lat' dir='ltr'><strong>At</strong></span> <span class='ocrx_word' id='word_1_653' title='bbox 1249 4947 1503 5002; x_wconf 87' lang='lat' dir='ltr'><strong>Socrates</strong></span> <span class='ocrx_word' id='word_1_654' title='bbox 1536 4965 1598 5004; x_wconf 84' lang='lat' dir='ltr'><strong>ac</strong></span> <span class='ocrx_word' id='word_1_655' title='bbox 1631 4947 1880 5017; x_wconf 80' lang='lat' dir='ltr'><strong>Gelasius</strong></span> <span class='ocrx_word' id='word_1_656' title='bbox 1911 4958 1974 5017; x_wconf 35' lang='lat' dir='ltr'><strong>et.</strong></span> <span class='ocrx_word' id='word_1_657' title='bbox 1996 4947 2154 5004; x_wconf 83' lang='lat' dir='ltr'><strong>Nice-</strong></span> 
     </span>
    </p>
   </div>
   <div class='ocr_carea' id='block_1_98' title="bbox 577 5015 2150 5088">
    <p class='ocr_par' dir='ltr' id='par_1_98' title="bbox 577 5015 2150 5088">
     <span class='ocr_line' id='line_1_100' title="bbox 577 5015 2150 5088; baseline 0.001 -17"><span class='ocrx_word' id='word_1_658' title='bbox 577 5020 780 5083; x_wconf 74' lang='lat' dir='ltr'><strong>pltorus</strong></span> <span class='ocrx_word' id='word_1_659' title='bbox 808 5017 928 5088; x_wconf 65' lang='lat' dir='ltr'><strong>hoc</strong></span> <span class='ocrx_word' id='word_1_660' title='bbox 978 5017 1095 5070; x_wconf 90' lang='lat' dir='ltr'><strong>loco</strong></span> <span class='ocrx_word' id='word_1_661' title='bbox 1151 5022 1414 5088; x_wconf 87' lang='lat' dir='ltr'><strong>scriptum</strong></span> <span class='ocrx_word' id='word_1_662' title='bbox 1463 5019 1664 5075; x_wconf 88' lang='lat' dir='ltr'><strong>habent</strong></span> <span class='ocrx_word' id='word_1_663' title='bbox 1708 5015 1861 5083; x_wconf 80' lang='grc' dir='ltr'>αὖθις</span> <span class='ocrx_word' id='word_1_664' title='bbox 1912 5015 1974 5084; x_wconf 77' lang='grc' dir='ltr'><strong>ἐξ</strong></span> <span class='ocrx_word' id='word_1_665' title='bbox 2022 5021 2150 5072; x_wconf 84' lang='grc' dir='ltr'>ἐκα-</span> 
     </span>
    </p>
   </div>
   <div class='ocr_carea' id='block_1_99' title="bbox 573 5086 2150 5160">
    <p class='ocr_par' dir='ltr' id='par_1_99' title="bbox 573 5086 2150 5160">
     <span class='ocr_line' id='line_1_101' title="bbox 573 5086 2150 5160; baseline 0 -20"><span class='ocrx_word' id='word_1_666' title='bbox 573 5088 778 5160; x_wconf 51' lang='grc' dir='ltr'><strong>’πέρ-ου.⁸</strong></span> <span class='ocrx_word' id='word_1_667' title='bbox 807 5086 902 5140; x_wconf 88' lang='lat' dir='ltr'><strong>Est</strong></span> <span class='ocrx_word' id='word_1_668' title='bbox 951 5097 1098 5160; x_wconf 87' lang='lat' dir='ltr'><strong>certe</strong></span> <span class='ocrx_word' id='word_1_669' title='bbox 1149 5089 1236 5142; x_wconf 92' lang='lat' dir='ltr'><strong>hic</strong></span> <span class='ocrx_word' id='word_1_670' title='bbox 1266 5086 1434 5143; x_wconf 82' lang='lat' dir='ltr'><strong>locus</strong></span> <span class='ocrx_word' id='word_1_671' title='bbox 1485 5092 1554 5143; x_wconf 90' lang='lat' dir='ltr'><strong>ob</strong></span> <span class='ocrx_word' id='word_1_672' title='bbox 1606 5105 1828 5158; x_wconf 83' lang='lat' dir='ltr'><strong>pravam</strong></span> <span class='ocrx_word' id='word_1_673' title='bbox 1882 5092 2150 5160; x_wconf 79' lang='lat' dir='ltr'><strong>syntaxim</strong></span> 
     </span>
    </p>
   </div>
   <div class='ocr_carea' id='block_1_100' title="bbox 579 5157 2150 5229">
    <p class='ocr_par' dir='ltr' id='par_1_100' title="bbox 579 5157 2150 5229">
     <span class='ocr_line' id='line_1_102' title="bbox 579 5157 2150 5229; baseline 0.002 -20"><span class='ocrx_word' id='word_1_674' title='bbox 579 5157 914 5229; x_wconf 70' lang='lat' dir='ltr'><strong>difﬁciliset</strong></span> <span class='ocrx_word' id='word_1_675' title='bbox 946 5158 1251 5229; x_wconf 18' lang='lat' dir='ltr'><strong>Aobscurus.</strong></span> <span class='ocrx_word' id='word_1_676' title='bbox 1302 5160 1487 5227; x_wconf 86' lang='lat' dir='ltr'><strong>Itaque</strong></span> <span class='ocrx_word' id='word_1_677' title='bbox 1537 5157 1826 5214; x_wconf 32' lang='lat' dir='ltr'><strong>in’codiee</strong></span> <span class='ocrx_word' id='word_1_678' title='bbox 1875 5157 2042 5229; x_wconf 76' lang='lat' dir='ltr'><strong>Regio</strong></span> <span class='ocrx_word' id='word_1_679' title='bbox 2085 5162 2150 5213; x_wconf 86' lang='lat' dir='ltr'><strong>ad</strong></span> 
     </span>
    </p>
   </div>
   <div class='ocr_carea' id='block_1_101' title="bbox 576 5226 2152 5302">
    <p class='ocr_par' dir='ltr' id='par_1_101' title="bbox 576 5226 2152 5302">
     <span class='ocr_line' id='line_1_103' title="bbox 576 5226 2152 5302; baseline 0.003 -22"><span class='ocrx_word' id='word_1_680' title='bbox 576 5228 717 5302; x_wconf 84' lang='lat' dir='ltr'><strong>latus</strong></span> <span class='ocrx_word' id='word_1_681' title='bbox 747 5226 912 5302; x_wconf 86' lang='lat' dir='ltr'><strong>hujus</strong></span> <span class='ocrx_word' id='word_1_682' title='bbox 944 5227 1098 5302; x_wconf 81' lang='lat' dir='ltr'><strong>lineae</strong></span> <span class='ocrx_word' id='word_1_683' title='bbox 1127 5231 1415 5298; x_wconf 88' lang='lat' dir='ltr'><strong>apponitur</strong></span> <span class='ocrx_word' id='word_1_684' title='bbox 1447 5240 1569 5284; x_wconf 91' lang='lat' dir='ltr'><strong>nota</strong></span> <span class='ocrx_word' id='word_1_685' title='bbox 1601 5248 1638 5299; x_wconf 90' lang='grc' dir='ltr'><strong>φ</strong></span> <span class='ocrx_word' id='word_1_686' title='bbox 1667 5241 1722 5284; x_wconf 89' lang='lat' dir='ltr'><strong>et</strong></span> <span class='ocrx_word' id='word_1_687' title='bbox 1775 5248 1829 5302; x_wconf 90' lang='grc' dir='ltr'><strong>ρ,</strong></span> <span class='ocrx_word' id='word_1_688' title='bbox 1861 5226 2152 5285; x_wconf 72' lang='grc' dir='ltr'>Ιιοοήιοάο</span> 
     </span>
    </p>
   </div>
   <div class='ocr_carea' id='block_1_102' title="bbox 574 5297 1206 5368">
    <p class='ocr_par' dir='ltr' id='par_1_102' title="bbox 574 5297 1206 5368">
     <span class='ocr_line' id='line_1_104' title="bbox 574 5297 1206 5368; baseline -0.008 -13"><span class='ocrx_word' id='word_1_689' title='bbox 574 5315 670 5368; x_wconf 80' lang='grc' dir='ltr'><strong>φρ,</strong></span> <span class='ocrx_word' id='word_1_690' title='bbox 707 5300 757 5352; x_wconf 87' lang='lat' dir='ltr'><strong>id</strong></span> <span class='ocrx_word' id='word_1_691' title='bbox 789 5309 879 5368; x_wconf 86' lang='lat' dir='ltr'><strong>est</strong></span> <span class='ocrx_word' id='word_1_692' title='bbox 905 5297 1206 5368; x_wconf 80' lang='grc' dir='ltr'>φρόντισον.</span> 
     </span>
    </p>
   </div>
   <div class='ocr_carea' id='block_1_103' title="bbox 647 5367 2147 5438">
    <p class='ocr_par' dir='ltr' id='par_1_103' title="bbox 647 5367 2147 5438">
     <span class='ocr_line' id='line_1_105' title="bbox 647 5367 2147 5438; baseline -0.001 -16"><span class='ocrx_word' id='word_1_693' title='bbox 647 5369 724 5438; x_wconf 67' lang='grc'><strong>(4)</strong></span> <span class='ocrx_word' id='word_1_694' title='bbox 768 5367 1049 5436; x_wconf 26' lang='grc' dir='ltr'>Πρὸςίτὸ</span> <span class='ocrx_word' id='word_1_695' title='bbox 1100 5368 1209 5435; x_wconf 79' lang='grc' dir='ltr'>τῆς</span> <span class='ocrx_word' id='word_1_696' title='bbox 1269 5372 1579 5438; x_wconf 61' lang='grc' dir='ltr'>κοινωνίας</span> <span class='ocrx_word' id='word_1_697' title='bbox 1642 5373 1943 5438; x_wconf 79' lang='grc' dir='ltr'>σύνθημα.</span> <span class='ocrx_word' id='word_1_698' title='bbox 1991 5370 2147 5423; x_wconf 82' lang='lat' dir='ltr'><strong>Com-</strong></span> 
     </span>
    </p>
   </div>
   <div class='ocr_carea' id='block_1_104' title="bbox 577 5437 2150 5509">
    <p class='ocr_par' dir='ltr' id='par_1_104' title="bbox 577 5437 2150 5509">
     <span class='ocr_line' id='line_1_106' title="bbox 577 5437 2150 5509; baseline 0.001 -19"><span class='ocrx_word' id='word_1_699' title='bbox 577 5443 841 5492; x_wconf 76' lang='lat' dir='ltr'><strong>mum&#39;om&#39;s</strong></span> <span class='ocrx_word' id='word_1_700' title='bbox 867 5451 1121 5492; x_wconf 80' lang='lat' dir='ltr'><strong>tesseram</strong></span> <span class='ocrx_word' id='word_1_701' title='bbox 1145 5437 1590 5509; x_wconf 76' lang='lat' dir='ltr'><strong>vertuntLangus</strong></span> <span class='ocrx_word' id='word_1_702' title='bbox 1603 5451 1654 5494; x_wconf 87' lang='lat' dir='ltr'><strong>et</strong></span> <span class='ocrx_word' id='word_1_703' title='bbox 1672 5437 1968 5499; x_wconf 73' lang='lat' dir='ltr'><strong>Musonius,</strong></span> <span class='ocrx_word' id='word_1_704' title='bbox 1995 5442 2150 5494; x_wconf 73' lang='lat' dir='ltr'><strong>(lhri~</strong></span> 
     </span>
    </p>
   </div>
   <div class='ocr_carea' id='block_1_105' title="bbox 576 5511 2146 5579">
    <p class='ocr_par' dir='ltr' id='par_1_105' title="bbox 576 5511 2146 5579">
     <span class='ocr_line' id='line_1_107' title="bbox 576 5511 2146 5579; baseline -0.001 -18"><span class='ocrx_word' id='word_1_705' title='bbox 576 5512 971 5573; x_wconf 87' lang='lat' dir='ltr'><strong>stophorsonns</strong></span> <span class='ocrx_word' id='word_1_706' title='bbox 999 5511 1382 5579; x_wconf 77' lang='lat' dir='ltr'><strong>communionis</strong></span> <span class='ocrx_word' id='word_1_707' title='bbox 1418 5527 1743 5567; x_wconf 78' lang='lat' dir='ltr'><strong>causenwm.</strong></span> <span class='ocrx_word' id='word_1_708' title='bbox 1792 5511 1897 5579; x_wconf 77' lang='lat' dir='ltr'><strong>Ego</strong></span> <span class='ocrx_word' id='word_1_709' title='bbox 1941 5511 2146 5578; x_wconf 80' lang='lat' dir='ltr'><strong>signum</strong></span> 
     </span>
    </p>
   </div>
   <div class='ocr_carea' id='block_1_106' title="bbox 579 5577 2152 5651">
    <p class='ocr_par' dir='ltr' id='par_1_106' title="bbox 579 5577 2152 5651">
     <span class='ocr_line' id='line_1_108' title="bbox 579 5577 2152 5651; baseline 0.001 -20"><span class='ocrx_word' id='word_1_710' title='bbox 579 5580 796 5651; x_wconf 80' lang='lat' dir='ltr'><strong>mallem</strong></span> <span class='ocrx_word' id='word_1_711' title='bbox 841 5579 1216 5649; x_wconf 89' lang='lat' dir='ltr'><strong>interpretari.</strong></span> <span class='ocrx_word' id='word_1_712' title='bbox 1261 5577 1394 5632; x_wconf 84' lang='lat' dir='ltr'><strong>Nam</strong></span> <span class='ocrx_word' id='word_1_713' title='bbox 1433 5590 1490 5651; x_wconf 83' lang='lat' dir='ltr'><strong>ut</strong></span> <span class='ocrx_word' id='word_1_714' title='bbox 1541 5581 1592 5632; x_wconf 90' lang='lat' dir='ltr'><strong>in</strong></span> <span class='ocrx_word' id='word_1_715' title='bbox 1634 5577 1910 5647; x_wconf 80' lang='lat' dir='ltr'><strong>gentilium</strong></span> <span class='ocrx_word' id='word_1_716' title='bbox 1949 5577 2152 5651; x_wconf 84' lang='lat' dir='ltr'><strong>myste-</strong></span> 
     </span>
    </p>
   </div>
   <div class='ocr_carea' id='block_1_107' title="bbox 583 5647 2144 5720">
    <p class='ocr_par' dir='ltr' id='par_1_107' title="bbox 583 5647 2144 5720">
     <span class='ocr_line' id='line_1_109' title="bbox 583 5647 2144 5720; baseline 0.002 -19"><span class='ocrx_word' id='word_1_717' title='bbox 583 5647 677 5707; x_wconf 84' lang='lat' dir='ltr'><strong>riis</strong></span> <span class='ocrx_word' id='word_1_718' title='bbox 708 5651 950 5719; x_wconf 68' lang='lat' dir='ltr'><strong>quaedam</strong></span> <span class='ocrx_word' id='word_1_719' title='bbox 977 5647 1127 5720; x_wconf 82' lang='lat' dir='ltr'><strong>signa</strong></span> <span class='ocrx_word' id='word_1_720' title='bbox 1160 5664 1220 5703; x_wconf 88' lang='lat' dir='ltr'><strong>ac</strong></span> <span class='ocrx_word' id='word_1_721' title='bbox 1246 5649 1489 5720; x_wconf 83' lang='lat' dir='ltr'><strong>symbola</strong></span> <span class='ocrx_word' id='word_1_722' title='bbox 1524 5652 1879 5720; x_wconf 77' lang='lat' dir='ltr'><strong>tradebantur</strong></span> <span class='ocrx_word' id='word_1_723' title='bbox 1901 5647 2144 5714; x_wconf 84' lang='lat' dir='ltr'><strong>initiatis,</strong></span> 
     </span>
    </p>
   </div>
   <div class='ocr_carea' id='block_1_108' title="bbox 581 5719 2145 5790">
    <p class='ocr_par' dir='ltr' id='par_1_108' title="bbox 581 5719 2145 5790">
     <span class='ocr_line' id='line_1_110' title="bbox 581 5719 2145 5790; baseline 0.001 -20"><span class='ocrx_word' id='word_1_724' title='bbox 581 5720 776 5790; x_wconf 78' lang='lat' dir='ltr'><strong>quibus</strong></span> <span class='ocrx_word' id='word_1_725' title='bbox 807 5735 866 5774; x_wconf 89' lang='lat' dir='ltr'><strong>se</strong></span> <span class='ocrx_word' id='word_1_726' title='bbox 897 5719 1332 5776; x_wconf 86' lang='lat' dir='ltr'><strong>internoscerent</strong></span> <span class='ocrx_word' id='word_1_727' title='bbox 1370 5722 1664 5790; x_wconf 72' lang='lat' dir='ltr'><strong>symmista:</strong></span> <span class='ocrx_word' id='word_1_728' title='bbox 1694 5740 1706 5773; x_wconf 91' lang='lat'><strong><em>:</em></strong></span> <span class='ocrx_word' id='word_1_729' title='bbox 1746 5723 1822 5773; x_wconf 68' lang='lat' dir='ltr'><strong>sic</strong></span> <span class='ocrx_word' id='word_1_730' title='bbox 1851 5719 2145 5774; x_wconf 87' lang='lat' dir='ltr'><strong>Christiani</strong></span> 
     </span>
    </p>
   </div>
   <div class='ocr_carea' id='block_1_109' title="bbox 590 5789 2143 5864">
    <p class='ocr_par' dir='ltr' id='par_1_109' title="bbox 590 5789 2143 5864">
     <span class='ocr_line' id='line_1_111' title="bbox 590 5789 2143 5864; baseline 0.004 -26"><span class='ocrx_word' id='word_1_731' title='bbox 590 5789 801 5864; x_wconf 66' lang='lat' dir='ltr'><strong>signum</strong></span> <span class='ocrx_word' id='word_1_732' title='bbox 852 5793 1249 5846; x_wconf 82' lang='lat' dir='ltr'><strong>communionis</strong></span> <span class='ocrx_word' id='word_1_733' title='bbox 1291 5789 1591 5855; x_wconf 82' lang='lat' dir='ltr'><strong>habebant,</strong></span> <span class='ocrx_word' id='word_1_734' title='bbox 1639 5790 2024 5845; x_wconf 58' lang='lat' dir='ltr'><strong>eucharistiam</strong></span> <span class='ocrx_word' id='word_1_735' title='bbox 2063 5791 2143 5844; x_wconf 80' lang='lat' dir='ltr'><strong>vel</strong></span> 
     </span>
    </p>
   </div>
   <div class='ocr_carea' id='block_1_110' title="bbox 2265 4515 3794 4583">
    <p class='ocr_par' dir='ltr' id='par_1_110' title="bbox 2265 4515 3794 4583">
     <span class='ocr_line' id='line_1_112' title="bbox 2265 4515 3794 4583; baseline -0.005 -2"><span class='ocrx_word' id='word_1_736' title='bbox 2265 4515 2588 4582; x_wconf 76' lang='lat' dir='ltr'><strong>necessaria.</strong></span> <span class='ocrx_word' id='word_1_737' title='bbox 2623 4526 2752 4581; x_wconf 80' lang='lat' dir='ltr'><strong>Eam</strong></span> <span class='ocrx_word' id='word_1_738' title='bbox 2785 4515 2932 4581; x_wconf 63' lang='lat' dir='ltr'><strong>certe</strong></span> <span class='ocrx_word' id='word_1_739' title='bbox 2964 4529 3013 4579; x_wconf 90' lang='lat' dir='ltr'><strong>in</strong></span> <span class='ocrx_word' id='word_1_740' title='bbox 3054 4515 3298 4582; x_wconf 81' lang='lat' dir='ltr'><strong>versione</strong></span> <span class='ocrx_word' id='word_1_741' title='bbox 3339 4543 3435 4582; x_wconf 91' lang='lat' dir='ltr'><strong>sua</strong></span> <span class='ocrx_word' id='word_1_742' title='bbox 3484 4522 3654 4578; x_wconf 90' lang='lat' dir='ltr'><strong>omisit</strong></span> <span class='ocrx_word' id='word_1_743' title='bbox 3691 4515 3794 4583; x_wconf 75' lang='lat' dir='ltr'><strong>Epi-</strong></span> 
     </span>
    </p>
   </div>
   <div class='ocr_carea' id='block_1_111' title="bbox 2277 4599 2508 4654">
    <p class='ocr_par' dir='ltr' id='par_1_111' title="bbox 2277 4599 2508 4654">
     <span class='ocr_line' id='line_1_113' title="bbox 2277 4599 2508 4654; baseline 0.004 -4"><span class='ocrx_word' id='word_1_744' title='bbox 2277 4599 2508 4654; x_wconf 82' lang='lat' dir='ltr'><strong>)hanius.</strong></span> 
     </span>
    </p>
   </div>
   <div class='ocr_carea' id='block_1_112' title="bbox 2263 4613 3786 4738">
    <p class='ocr_par' dir='ltr' id='par_1_112' title="bbox 2263 4613 3786 4738">
     <span class='ocr_line' id='line_1_114' title="bbox 2263 4613 3786 4738; baseline -0.012 -11"><span class='ocrx_word' id='word_1_745' title='bbox 2263 4613 2555 4738; x_wconf 52' lang='grc' dir='ltr'><strong>Ιωῗὲῗυξάς</strong></span> <span class='ocrx_word' id='word_1_746' title='bbox 2585 4669 2673 4722; x_wconf 75' lang='grc' dir='ltr'><strong>ἑνὶ</strong></span> <span class='ocrx_word' id='word_1_747' title='bbox 2701 4665 2817 4738; x_wconf 76' lang='grc' dir='ltr'><strong>μὲν</strong></span> <span class='ocrx_word' id='word_1_748' title='bbox 2856 4667 3114 4732; x_wconf 76' lang='grc' dir='ltr'>ἅπαντες</span> <span class='ocrx_word' id='word_1_749' title='bbox 3145 4665 3387 4737; x_wconf 71' lang='grc' dir='ltr'>δόγματι</span> <span class='ocrx_word' id='word_1_750' title='bbox 3431 4661 3786 4738; x_wconf 65' lang='grc' dir='ltr'>συντίθενται.</span> 
     </span>
    </p>
   </div>
   <div class='ocr_carea' id='block_1_113' title="bbox 2262 4737 3787 4805">
    <p class='ocr_par' dir='ltr' id='par_1_113' title="bbox 2262 4737 3787 4805">
     <span class='ocr_line' id='line_1_115' title="bbox 2262 4737 3787 4805; baseline -0.01 -15"><span class='ocrx_word' id='word_1_751' title='bbox 2262 4737 2398 4804; x_wconf 86' lang='lat' dir='ltr'><strong>Quid</strong></span> <span class='ocrx_word' id='word_1_752' title='bbox 2430 4740 2517 4794; x_wconf 90' lang='lat' dir='ltr'><strong>hic</strong></span> <span class='ocrx_word' id='word_1_753' title='bbox 2547 4748 2688 4794; x_wconf 87' lang='lat' dir='ltr'><strong>esset</strong></span> <span class='ocrx_word' id='word_1_754' title='bbox 2712 4737 2907 4805; x_wconf 86' lang='grc' dir='ltr'>δόγμα,</span> <span class='ocrx_word' id='word_1_755' title='bbox 2941 4754 3051 4805; x_wconf 59' lang='grc' dir='ltr'><strong>ιιοιιΔ</strong></span> <span class='ocrx_word' id='word_1_756' title='bbox 3075 4738 3459 4792; x_wconf 80' lang='lat' dir='ltr'><strong>intellexerunt</strong></span> <span class='ocrx_word' id='word_1_757' title='bbox 3487 4737 3787 4805; x_wconf 69' lang='lat' dir='ltr'><strong>interpretes.</strong></span> 
     </span>
    </p>
   </div>
   <div class='ocr_carea' id='block_1_114' title="bbox 2262 4801 3785 4877">
    <p class='ocr_par' dir='ltr' id='par_1_114' title="bbox 2262 4801 3785 4877">
     <span class='ocr_line' id='line_1_116' title="bbox 2262 4801 3785 4877; baseline -0.012 -16"><span class='ocrx_word' id='word_1_758' title='bbox 2262 4801 2494 4877; x_wconf 74' lang='lat' dir='ltr'><strong>quorum</strong></span> <span class='ocrx_word' id='word_1_759' title='bbox 2531 4810 2619 4863; x_wconf 89' lang='lat' dir='ltr'><strong>alii</strong></span> <span class='ocrx_word' id='word_1_760' title='bbox 2649 4801 2848 4877; x_wconf 60' lang='lat' dir='ltr'><strong>dogma</strong></span> <span class='ocrx_word' id='word_1_761' title='bbox 2874 4822 2965 4877; x_wconf 88' lang='lat' dir='ltr'><strong>seu</strong></span> <span class='ocrx_word' id='word_1_762' title='bbox 2996 4803 3251 4871; x_wconf 77' lang='lat' dir='ltr'><strong>placitum</strong></span> <span class='ocrx_word' id='word_1_763' title='bbox 3300 4801 3627 4875; x_wconf 83' lang='lat' dir='ltr'><strong>interpretati</strong></span> <span class='ocrx_word' id='word_1_764' title='bbox 3655 4803 3785 4877; x_wconf 73' lang='lat' dir='ltr'><strong>sunt,’</strong></span> 
     </span>
    </p>
   </div>
   <div class='ocr_carea' id='block_1_115' title="bbox 2262 4870 3785 4948">
    <p class='ocr_par' dir='ltr' id='par_1_115' title="bbox 2262 4870 3785 4948">
     <span class='ocr_line' id='line_1_117' title="bbox 2262 4870 3785 4948; baseline -0.006 -17"><span class='ocrx_word' id='word_1_765' title='bbox 2262 4870 2353 4931; x_wconf 74' lang='lat' dir='ltr'><strong>alii</strong></span> <span class='ocrx_word' id='word_1_766' title='bbox 2394 4870 3136 4948; x_wconf 34' lang='lat' dir='ltr'><strong>disciplina:&quot;illfot&#39;essionetn.</strong></span> <span class='ocrx_word' id='word_1_767' title='bbox 3184 4877 3348 4945; x_wconf 83' lang='lat' dir='ltr'><strong>Atqui</strong></span> <span class='ocrx_word' id='word_1_768' title='bbox 3386 4870 3490 4930; x_wconf 81' lang='lat' dir='ltr'><strong>non</strong></span> <span class='ocrx_word' id='word_1_769' title='bbox 3537 4883 3682 4948; x_wconf 68' lang='lat' dir='ltr'><strong>unum</strong></span> <span class='ocrx_word' id='word_1_770' title='bbox 3712 4870 3785 4948; x_wconf 47' lang='lat' dir='ltr'><strong>fis}</strong></span> 
     </span>
    </p>
   </div>
   <div class='ocr_carea' id='block_1_116' title="bbox 2261 4938 3782 5021">
    <p class='ocr_par' dir='ltr' id='par_1_116' title="bbox 2261 4938 3782 5021">
     <span class='ocr_line' id='line_1_118' title="bbox 2261 4938 3782 5021; baseline -0.014 -18"><span class='ocrx_word' id='word_1_771' title='bbox 2261 4948 2456 5021; x_wconf 86' lang='lat' dir='ltr'><strong>dogma</strong></span> <span class='ocrx_word' id='word_1_772' title='bbox 2488 4938 2629 5018; x_wconf 80' lang='lat' dir='ltr'><strong>apud</strong></span> <span class='ocrx_word' id='word_1_773' title='bbox 2677 4938 3042 5021; x_wconf 67' lang='lat' dir='ltr'><strong>philosophos,</strong></span> <span class='ocrx_word' id='word_1_774' title='bbox 3088 4938 3310 5021; x_wconf 51' lang='lat' dir='ltr'><strong>uttsati&#39;s</strong></span> <span class='ocrx_word' id='word_1_775' title='bbox 3363 4951 3586 5021; x_wconf 78' lang='lat' dir='ltr'><strong>constat.</strong></span> <span class='ocrx_word' id='word_1_776' title='bbox 3630 4938 3782 5021; x_wconf 59' lang='lat' dir='ltr'><strong>itaque</strong></span> 
     </span>
    </p>
   </div>
   <div class='ocr_carea' id='block_1_117' title="bbox 2259 5003 3780 5090">
    <p class='ocr_par' dir='ltr' id='par_1_117' title="bbox 2259 5003 3780 5090">
     <span class='ocr_line' id='line_1_119' title="bbox 2259 5003 3780 5090; baseline -0.009 -18"><span class='ocrx_word' id='word_1_777' title='bbox 2259 5003 2452 5072; x_wconf 42' lang='lat' dir='ltr'><strong>sec‘t’am</strong></span> <span class='ocrx_word' id='word_1_778' title='bbox 2483 5003 2694 5073; x_wconf 71' lang='lat' dir='ltr'><strong>vertere</strong></span> <span class='ocrx_word' id='word_1_779' title='bbox 2731 5003 2915 5070; x_wconf 77' lang='lat' dir='ltr'><strong>malui.</strong></span> <span class='ocrx_word' id='word_1_780' title='bbox 2947 5003 3166 5090; x_wconf 74' lang='lat' dir='ltr'><strong>omnes</strong></span> <span class='ocrx_word' id='word_1_781' title='bbox 3193 5019 3338 5090; x_wconf 74' lang='lat' dir='ltr'><strong>enim</strong></span> <span class='ocrx_word' id='word_1_782' title='bbox 3385 5008 3672 5090; x_wconf 74' lang='lat' dir='ltr'><strong>philosophi</strong></span> <span class='ocrx_word' id='word_1_783' title='bbox 3694 5003 3780 5090; x_wconf 50' lang='lat' dir='ltr'><strong>al]-</strong></span> 
     </span>
    </p>
   </div>
   <div class='ocr_carea' id='block_1_118' title="bbox 2259 5082 3777 5158">
    <p class='ocr_par' dir='ltr' id='par_1_118' title="bbox 2259 5082 3777 5158">
     <span class='ocr_line' id='line_1_120' title="bbox 2259 5082 3777 5158; baseline -0.008 -16"><span class='ocrx_word' id='word_1_784' title='bbox 2259 5105 2419 5158; x_wconf 86' lang='lat' dir='ltr'><strong>quatn</strong></span> <span class='ocrx_word' id='word_1_785' title='bbox 2471 5090 2915 5158; x_wconf 83' lang='lat' dir='ltr'><strong>liabentsectatn</strong></span> <span class='ocrx_word' id='word_1_786' title='bbox 2967 5086 3297 5158; x_wconf 83' lang='lat' dir='ltr'><strong>cni_addicti</strong></span> <span class='ocrx_word' id='word_1_787' title='bbox 3347 5082 3504 5158; x_wconf 79' lang='lat' dir='ltr'><strong>sunt,</strong></span> <span class='ocrx_word' id='word_1_788' title='bbox 3550 5082 3625 5134; x_wconf 86' lang='lat' dir='ltr'><strong>alii</strong></span> <span class='ocrx_word' id='word_1_789' title='bbox 3667 5083 3777 5158; x_wconf 64' lang='lat' dir='ltr'><strong>519l-</strong></span> 
     </span>
    </p>
   </div>
   <div class='ocr_carea' id='block_1_119' title="bbox 2259 5155 3780 5226">
    <p class='ocr_par' dir='ltr' id='par_1_119' title="bbox 2259 5155 3780 5226">
     <span class='ocr_line' id='line_1_121' title="bbox 2259 5155 3780 5226; baseline -0.007 -13"><span class='ocrx_word' id='word_1_790' title='bbox 2259 5155 2413 5220; x_wconf 79' lang='lat' dir='ltr'><strong>cam,</strong></span> <span class='ocrx_word' id='word_1_791' title='bbox 2454 5159 2545 5213; x_wconf 90' lang='lat' dir='ltr'><strong>alii</strong></span> <span class='ocrx_word' id='word_1_792' title='bbox 2582 5157 3014 5226; x_wconf 85' lang='lat' dir='ltr'><strong>peripateticam.</strong></span> <span class='ocrx_word' id='word_1_793' title='bbox 3047 5155 3164 5209; x_wconf 84' lang='lat' dir='ltr'><strong>Jani</strong></span> <span class='ocrx_word' id='word_1_794' title='bbox 3201 5157 3252 5208; x_wconf 91' lang='lat' dir='ltr'><strong>in</strong></span> <span class='ocrx_word' id='word_1_795' title='bbox 3291 5157 3679 5226; x_wconf 76' lang='lat' dir='ltr'><strong>qualibetsecta</strong></span> <span class='ocrx_word' id='word_1_796' title='bbox 3712 5157 3780 5226; x_wconf 62' lang='lat' dir='ltr'><strong>Ill&#39;</strong></span> 
     </span>
    </p>
   </div>
   <div class='ocr_carea' id='block_1_120' title="bbox 2261 5222 3773 5296">
    <p class='ocr_par' dir='ltr' id='par_1_120' title="bbox 2261 5222 3773 5296">
     <span class='ocr_line' id='line_1_122' title="bbox 2261 5222 3773 5296; baseline -0.008 -13"><span class='ocrx_word' id='word_1_797' title='bbox 2261 5230 2472 5284; x_wconf 89' lang='lat' dir='ltr'><strong>terdnm</strong></span> <span class='ocrx_word' id='word_1_798' title='bbox 2511 5222 3198 5296; x_wconf 8' lang='lat' dir='ltr'><strong>exsistuntﬁcanti-uversize</strong></span> <span class='ocrx_word' id='word_1_799' title='bbox 3230 5229 3296 5279; x_wconf 92' lang='lat' dir='ltr'><strong>de</strong></span> <span class='ocrx_word' id='word_1_800' title='bbox 3312 5222 3773 5296; x_wconf 51' lang='grc' dir='ltr'>ὶμιίὺιιξιιιιιηρᾳφς</span> 
     </span>
    </p>
   </div>
   <div class='ocr_carea' id='block_1_121' title="bbox 2259 5285 3772 5366">
    <p class='ocr_par' dir='ltr' id='par_1_121' title="bbox 2259 5285 3772 5366">
     <span class='ocr_line' id='line_1_123' title="bbox 2259 5285 3772 5366; baseline -0.015 -13"><span class='ocrx_word' id='word_1_801' title='bbox 2259 5300 2528 5354; x_wconf 89' lang='lat' dir='ltr'><strong>stiouilms</strong></span> <span class='ocrx_word' id='word_1_802' title='bbox 2576 5300 2720 5352; x_wconf 90' lang='lat' dir='ltr'><strong>inter</strong></span> <span class='ocrx_word' id='word_1_803' title='bbox 2759 5295 2996 5364; x_wconf 87' lang='lat' dir='ltr'><strong>ejusdem</strong></span> <span class='ocrx_word' id='word_1_804' title='bbox 3037 5305 3201 5366; x_wconf 67' lang='lat' dir='ltr'><strong>secta:</strong></span> <span class='ocrx_word' id='word_1_805' title='bbox 3235 5285 3603 5366; x_wconf 75' lang='lat' dir='ltr'><strong>philosophos.</strong></span> <span class='ocrx_word' id='word_1_806' title='bbox 3639 5285 3772 5366; x_wconf 78' lang='lat' dir='ltr'><strong>Iidem</strong></span> 
     </span>
    </p>
   </div>
   <div class='ocr_carea' id='block_1_122' title="bbox 2255 5363 3770 5434">
    <p class='ocr_par' dir='ltr' id='par_1_122' title="bbox 2255 5363 3770 5434">
     <span class='ocr_line' id='line_1_124' title="bbox 2255 5363 3770 5434; baseline -0.003 -18"><span class='ocrx_word' id='word_1_807' title='bbox 2255 5375 2433 5418; x_wconf 80' lang='lat' dir='ltr'><strong>tamen</strong></span> <span class='ocrx_word' id='word_1_808' title='bbox 2458 5367 2528 5417; x_wconf 87' lang='lat' dir='ltr'><strong>ob</strong></span> <span class='ocrx_word' id='word_1_809' title='bbox 2547 5370 2708 5417; x_wconf 81' lang='lat' dir='ltr'><strong>sectae</strong></span> <span class='ocrx_word' id='word_1_810' title='bbox 2724 5363 3037 5434; x_wconf 81' lang='lat' dir='ltr'><strong>societatem</strong></span> <span class='ocrx_word' id='word_1_811' title='bbox 3060 5364 3216 5418; x_wconf 79' lang='lat' dir='ltr'><strong>facile</strong></span> <span class='ocrx_word' id='word_1_812' title='bbox 3233 5365 3374 5418; x_wconf 87' lang='lat' dir='ltr'><strong>inter</strong></span> <span class='ocrx_word' id='word_1_813' title='bbox 3391 5381 3447 5434; x_wconf 84' lang='lat' dir='ltr'><strong>se</strong></span> <span class='ocrx_word' id='word_1_814' title='bbox 3468 5363 3770 5434; x_wconf 68' lang='lat' dir='ltr'><strong>conveniunt.</strong></span> 
     </span>
    </p>
   </div>
   <div class='ocr_carea' id='block_1_123' title="bbox 2254 5429 3710 5501">
    <p class='ocr_par' dir='ltr' id='par_1_123' title="bbox 2254 5429 3710 5501">
     <span class='ocr_line' id='line_1_125' title="bbox 2254 5429 3710 5501; baseline -0.006 -14"><span class='ocrx_word' id='word_1_815' title='bbox 2254 5435 2351 5487; x_wconf 84' lang='lat' dir='ltr'><strong>llic</strong></span> <span class='ocrx_word' id='word_1_816' title='bbox 2379 5443 2461 5487; x_wconf 88' lang='lat' dir='ltr'><strong>est</strong></span> <span class='ocrx_word' id='word_1_817' title='bbox 2490 5446 2706 5494; x_wconf 81' lang='lat' dir='ltr'><strong>sensus,</strong></span> <span class='ocrx_word' id='word_1_818' title='bbox 2741 5439 2801 5485; x_wconf 89' lang='lat' dir='ltr'><strong>ut</strong></span> <span class='ocrx_word' id='word_1_819' title='bbox 2825 5433 3039 5501; x_wconf 85' lang='lat' dir='ltr'><strong>opinor,</strong></span> <span class='ocrx_word' id='word_1_820' title='bbox 3067 5434 3350 5487; x_wconf 80' lang='lat' dir='ltr'><strong>verborum</strong></span> <span class='ocrx_word' id='word_1_821' title='bbox 3386 5429 3710 5501; x_wconf 80' lang='lat' dir='ltr'><strong>Constantini.</strong></span> 
     </span>
    </p>
   </div>
   <div class='ocr_carea' id='block_1_124' title="bbox 2327 5496 3768 5572">
    <p class='ocr_par' dir='ltr' id='par_1_124' title="bbox 2327 5496 3768 5572">
     <span class='ocr_line' id='line_1_126' title="bbox 2327 5496 3768 5572; baseline -0.011 -17"><span class='ocrx_word' id='word_1_822' title='bbox 2327 5504 2404 5566; x_wconf 84' lang='lat'><strong>(7)</strong></span> <span class='ocrx_word' id='word_1_823' title='bbox 2439 5501 2595 5571; x_wconf 79' lang='lat' dir='ltr'><strong>Vulg.</strong></span> <span class='ocrx_word' id='word_1_824' title='bbox 2621 5502 2798 5570; x_wconf 69' lang='grc' dir='ltr'>ἡμᾶς.</span> <span class='ocrx_word' id='word_1_825' title='bbox 2827 5496 2967 5572; x_wconf 75' lang='lat' dir='ltr'><strong>Lege</strong></span> <span class='ocrx_word' id='word_1_826' title='bbox 2989 5503 3130 5572; x_wconf 83' lang='grc' dir='ltr'>ὑμᾶς</span> <span class='ocrx_word' id='word_1_827' title='bbox 3160 5518 3223 5557; x_wconf 86' lang='lat' dir='ltr'><strong>ex</strong></span> <span class='ocrx_word' id='word_1_828' title='bbox 3247 5501 3482 5559; x_wconf 82' lang='lat' dir='ltr'><strong>Gelasio.</strong></span> <span class='ocrx_word' id='word_1_829' title='bbox 3514 5496 3768 5571; x_wconf 68' lang='lat' dir='ltr'><strong>Nicephoro</strong></span> 
     </span>
    </p>
   </div>
   <div class='ocr_carea' id='block_1_125' title="bbox 2256 5572 3766 5643">
    <p class='ocr_par' dir='ltr' id='par_1_125' title="bbox 2256 5572 3766 5643">
     <span class='ocr_line' id='line_1_127' title="bbox 2256 5572 3766 5643; baseline -0.013 -14"><span class='ocrx_word' id='word_1_830' title='bbox 2256 5584 2310 5629; x_wconf 85' lang='lat' dir='ltr'><strong>et</strong></span> <span class='ocrx_word' id='word_1_831' title='bbox 2339 5573 2659 5643; x_wconf 81' lang='lat' dir='ltr'><strong>Epiphanio.</strong></span> <span class='ocrx_word' id='word_1_832' title='bbox 2689 5580 2741 5625; x_wconf 85' lang='lat' dir='ltr'><strong>et</strong></span> <span class='ocrx_word' id='word_1_833' title='bbox 2765 5572 2927 5643; x_wconf 87' lang='lat' dir='ltr'><strong>paulo</strong></span> <span class='ocrx_word' id='word_1_834' title='bbox 2953 5580 3073 5643; x_wconf 77' lang='lat' dir='ltr'><strong>post</strong></span> <span class='ocrx_word' id='word_1_835' title='bbox 3105 5573 3160 5624; x_wconf 85' lang='grc' dir='ltr'>ὲν</span> <span class='ocrx_word' id='word_1_836' title='bbox 3192 5573 3319 5643; x_wconf 60' lang='grc' dir='ltr'>υμῖν</span> <span class='ocrx_word' id='word_1_837' title='bbox 3349 5589 3413 5627; x_wconf 82' lang='lat' dir='ltr'><strong>ex</strong></span> <span class='ocrx_word' id='word_1_838' title='bbox 3447 5573 3648 5643; x_wconf 81' lang='lat' dir='ltr'><strong>iisdem;</strong></span> <span class='ocrx_word' id='word_1_839' title='bbox 3670 5577 3766 5643; x_wconf 48' lang='grc' dir='ltr'>(λιιι-</span> 
     </span>
    </p>
   </div>
   <div class='ocr_carea' id='block_1_126' title="bbox 2255 5635 3761 5700">
    <p class='ocr_par' dir='ltr' id='par_1_126' title="bbox 2255 5635 3761 5700">
     <span class='ocr_line' id='line_1_128' title="bbox 2255 5635 3761 5700; baseline -0.006 -1"><span class='ocrx_word' id='word_1_840' title='bbox 2255 5647 2356 5700; x_wconf 80' lang='lat' dir='ltr'><strong>lius</strong></span> <span class='ocrx_word' id='word_1_841' title='bbox 2384 5635 2735 5698; x_wconf 70' lang='lat' dir='ltr'><strong>consentiunt</strong></span> <span class='ocrx_word' id='word_1_842' title='bbox 2765 5635 2924 5696; x_wconf 78' lang='lat' dir='ltr'><strong>codd.</strong></span> <span class='ocrx_word' id='word_1_843' title='bbox 2954 5635 3087 5695; x_wconf 71' lang='lat' dir='ltr'><strong>Fuk.</strong></span> <span class='ocrx_word' id='word_1_844' title='bbox 3119 5653 3169 5695; x_wconf 85' lang='lat' dir='ltr'><strong>et</strong></span> <span class='ocrx_word' id='word_1_845' title='bbox 3200 5635 3363 5695; x_wconf 80' lang='lat' dir='ltr'><strong>Savil.</strong></span> <span class='ocrx_word' id='word_1_846' title='bbox 3395 5652 3448 5696; x_wconf 79' lang='lat' dir='ltr'><strong>et</strong></span> <span class='ocrx_word' id='word_1_847' title='bbox 3471 5639 3654 5696; x_wconf 70' lang='lat' dir='ltr'><strong>schedm</strong></span> <span class='ocrx_word' id='word_1_848' title='bbox 3678 5635 3761 5686; x_wconf 69' lang='lat' dir='ltr'><strong>lie-</strong></span> 
     </span>
    </p>
   </div>
   <div class='ocr_carea' id='block_1_127' title="bbox 2256 5705 3760 5785">
    <p class='ocr_par' dir='ltr' id='par_1_127' title="bbox 2256 5705 3760 5785">
     <span class='ocr_line' id='line_1_129' title="bbox 2256 5705 3760 5785; baseline -0.013 -16"><span class='ocrx_word' id='word_1_849' title='bbox 2256 5717 2460 5785; x_wconf 73' lang='lat' dir='ltr'><strong>gizc.-—</strong></span> <span class='ocrx_word' id='word_1_850' title='bbox 2488 5713 2610 5785; x_wconf 58' lang='lat' dir='ltr'><strong>Mox</strong></span> <span class='ocrx_word' id='word_1_851' title='bbox 2643 5712 3023 5785; x_wconf 67' lang='lat' dir='ltr'><strong>rescripsimus</strong></span> <span class='ocrx_word' id='word_1_852' title='bbox 3053 5712 3306 5785; x_wconf 52' lang='lat' dir='ltr'><strong>etiamﬁt’</strong></span> <span class='ocrx_word' id='word_1_853' title='bbox 3335 5713 3488 5785; x_wconf 76' lang='grc' dir='ltr'>ὑμῶν</span> <span class='ocrx_word' id='word_1_854' title='bbox 3508 5719 3555 5766; x_wconf 89' lang='lat' dir='ltr'><strong>et</strong></span> <span class='ocrx_word' id='word_1_855' title='bbox 3574 5705 3760 5777; x_wconf 82' lang='grc' dir='ltr'>φιλονει-</span> 
     </span>
    </p>
   </div>
   <div class='ocr_carea' id='block_1_128' title="bbox 2255 5781 3534 5855">
    <p class='ocr_par' dir='ltr' id='par_1_128' title="bbox 2255 5781 3534 5855">
     <span class='ocr_line' id='line_1_130' title="bbox 2255 5781 3534 5855; baseline -0.004 -16"><span class='ocrx_word' id='word_1_856' title='bbox 2255 5781 2399 5839; x_wconf 75' lang='grc' dir='ltr'>κεῖτε</span> <span class='ocrx_word' id='word_1_857' title='bbox 2436 5800 2534 5855; x_wconf 85' lang='lat' dir='ltr'><strong>pro</strong></span> <span class='ocrx_word' id='word_1_858' title='bbox 2572 5783 2638 5837; x_wconf 78' lang='grc' dir='ltr'>δι’</span> <span class='ocrx_word' id='word_1_859' title='bbox 2668 5782 2825 5854; x_wconf 72' lang='grc' dir='ltr'>ἡμῶν</span> <span class='ocrx_word' id='word_1_860' title='bbox 2855 5793 2900 5839; x_wconf 86' lang='lat' dir='ltr'><strong>et</strong></span> <span class='ocrx_word' id='word_1_861' title='bbox 2933 5781 3534 5853; x_wconf 52' lang='grc' dir='ltr'>φιλινεικοῦμενζιῖοιτ.</span> 
     </span>
    </p>
   </div>
  </div>
