4114 6432
361 250 401 304 1
421 251 534 306 0.ίό

1491 257 1578 312 DF.
1619 259 1780 316 VlTA
1820 259 2279 318 CONSTANTINI
2319 263 2446 320 LIB.
2490 264 2553 320 ll.

3496 277 3631 334 1M6

349 375 639 466 ῗῦτωκαὶ
671 376 932 450 μηδαμῶς
968 378 1281 447 ἀναγκαίων
1339 380 1708 450 φιλονεικεῖτε.
1769 385 1941 456 Δημώ

2065 387 2201 442 adeo
2230 388 2441 457 exiguis
2465 396 2520 442 et
2553 388 2775 444 minime
2814 392 3139 448 necessariis
3167 394 3438 462 rixamini,
3469 396 3630 466 impia

354 462 448 536 δη
485 465 658 520 ταῦτά
713 469 849 534 ἐστι,
899 470 993 523 καὶ
1047 469 1324 534 παιδικαῖς
1369 473 1576 539 ἀνοίαις
1628 476 1962 547 ἁρμόττοντα

369 557 606 626 μᾶλλον,
636 559 667 630 ἢ
701 562 767 630 τῇ
805 560 916 615 τῶν
943 561 1132 633 ἱερέων
1173 564 1266 616 καὶ
1301 566 1579 637 φρονίμων
1611 567 1822 639 ἀνδρῶν
1840 587 1962 622 συν-

363 651 497 706 έσει
534 654 896 725 προσήκοντα.
946 654 1294 727 Ἀποστῶμεν
1324 658 1540 723 ἑκόντες
1583 661 1691 713 τῶν
1728 663 1961 716 διαϐολι-

362 745 494 799 κῶν
525 747 865 818 πειρασμῶν.
898 747 955 802 Ὀ
987 748 1162 820 μέγας
1182 750 1337 821 ήμῶν
1357 751 1508 817 Θεὸς,
1535 757 1563 807 ό
1589 756 1764 821 κοινὸς
1789 757 1960 812 ἁπάν-

362 856 486 892 των
520 841 732 912 Σωτὴρ,
771 841 948 894 κοινὸν
981 841 1152 896 ἅπασι
1185 843 1246 897 τὸ
1289 844 1404 914 φῶς
1441 845 1703 912 ἐξέτεινεν
1745 848 1842 920 (8)’
1868 851 1956 920 ὑφ’

363 925 439 987 οὗ
468 935 532 1005 τῇ
570 934 792 1007 προνοίᾳ
811 936 1014 1009 ταύτην
1041 937 1164 1010 ἐμοὶ
1197 939 1274 1011 τῷ
1305 939 1613 1014 θεραπευτῇ
1649 940 1956 1016 τοῦΚρείτ-

362 1043 529 1092 τονος
550 1028 649 1100 τὴν
668 1030 902 1101 σπουδὴν
917 1030 990 1102 (9)
1009 1033 1088 1094 είς
1101 1031 1254 1097 τέλος
1270 1034 1514 1102 ἐνεγκεῖν
1541 1037 1953 1107 συγχωρήσαιτε,

367 1121 525 1183 ὅπως
549 1120 746 1182 αὐτοὺς
777 1122 906 1186 τοὺς
943 1123 1149 1178 ἐκείνου
1181 1124 1392 1196 δήμους
1431 1126 1538 1197 ἐμῇ
1573 1127 1954 1199 προσφωνήσει

370 1214 471 1267 καὶ
503 1213 775 1286 ὑπηρεσίᾳ
821 1215 915 1269 καὶ
953 1217 1234 1282 νουθεσίας
1261 1219 1532 1286 ἐνστάσει,
1565 1220 1700 1292 πρὸς
1733 1223 1831 1295 τὴν
1855 1224 1954 1294 τῆς

372 1309 590 1362 συνόδου
610 1307 886 1363 κοινωνίαν
907 1310 1254 1383 ἐπανάγοιμι.
1297 1313 1512 1387 Ἐπειδὴ
1543 1315 1672 1386 γὰρ,
1699 1315 1776 1381 ὡς
1797 1317 1950 1390 ἔφην,

373 1401 474 1472 μία
504 1418 586 1464 τις
619 1403 765 1454 ἐστιν
799 1400 926 1470 ὑμῖν
965 1402 1178 1468 πίστις,
1215 1405 1310 1458 καὶ
1364 1405 1462 1476 μία
1513 1405 1614 1476 τῆς
1655 1407 1777 1461 καθ’
1807 1410 1956 1479 ἡμᾶς

369 1493 636 1565 αἱρέσεως
676 1493 908 1558 σύνεσις,
933 1495 996 1546 τό
1040 1512 1098 1548 τε
1135 1494 1226 1548 τοῦ
1255 1496 1422 1567 νόμου
1453 1498 1815 1572 παράγγελμα
1841 1501 1950 1573 (10)

368 1588 482 1650 τοῖς
512 1587 579 1641 δι’
609 1587 800 1641 ἑαυτοῦ
849 1588 1072 1661 μέρεσιν
1108 1591 1187 1653 είς
1222 1589 1350 1658 μίαν
1376 1590 1555 1664 ψυχῆς
1589 1593 1842 1665 πρόθεσιν
1891 1594 1951 1647 τὸ

367 1679 490 1733 ὅλον
525 1680 817 1749 συγκλείει,
852 1681 1009 1735 τοῦτο
1039 1683 1174 1755 ὅπερ
1202 1682 1387 1752 ὀλίγην
1438 1685 1494 1737 ἐν
1534 1685 1662 1754 ὑμῖν
1703 1686 1949 1760 ἀλλήλοις

369 1769 704 1839 φιλονεικίαν
730 1771 969 1842 ἧγειρεν,
1004 1773 1191 1845 ἐπειδὴ
1221 1774 1294 1844 μὴ
1330 1775 1465 1845 πρὸς
1487 1775 1585 1847 τὴν
1603 1777 1696 1830 τοῦ
1753 1780 1951 1845 παντὸς

367 1859 599 1930 δύναμιν
631 1861 842 1932 ἀνήκει,
895 1862 1172 1933 χωρισμόν
1197 1879 1317 1915 τινα
1347 1864 1440 1917 καὶ
1491 1866 1677 1919 στάσιν
1711 1868 1767 1919 ἐν
1822 1868 1951 1938 ὑμῖν

375 1952 638 2024 μηδαμῶς
670 1953 911 2008 ποιείτω.
946 1955 1055 2009 Καὶ
1090 1954 1232 2023 λέγω
1265 1954 1460 2020 ταῦτα,
1488 1959 1586 2028 οὐχ
1611 1959 1687 2022 ὡς
1712 1960 1951 2029 ἀναγκά-

370 2046 479 2110 ζων
519 2047 663 2117 ὑμᾶς
705 2047 999 2112 ὲξάπαντος
1029 2051 1096 2120 τῇ
1132 2048 1248 2102 λίαν
1292 2049 1478 2120 εύήθει
1504 2051 1600 2104 καὶ
1627 2052 1715 2106 οἵα
1749 2053 1949 2125 δήποτέ

368 2141 515 2192 ἐστιν
548 2139 785 2209 ἐκείνηή
814 2138 1056 2212 ζήτησις,
1086 2139 1445 2194 συντίθεσθαι.
1473 2141 1703 2197 Δύναται
1733 2144 1949 2217 γὰρκαὶ

365 2230 428 2284 τὸ
456 2231 557 2301 τῆς
585 2232 800 2285 συνόδου
841 2233 1020 2303 τίμιον
1050 2233 1178 2303 ὑμῖν
1221 2233 1494 2304 ἀκεραίως
1533 2232 1819 2302 σώζεσθαι,
1854 2238 1948 2292 καὶ

368 2322 467 2393 μία
494 2325 588 2376 καὶ
611 2327 642 2394 ή
676 2324 812 2396 αὐτὴ
839 2324 976 2378 κατά
997 2325 1212 2379 πάντων
1234 2326 1486 2381 κοινωνία
1506 2328 1809 2400 τηρεῖσθαι,
1846 2330 1946 2384 κᾶν

364 2417 674 2488 ταμάλιστά
728 2436 808 2481 τις
862 2419 918 2470 ὲν
970 2419 1125 2490 μέρει
1177 2418 1311 2491 πρὸς
1349 2419 1610 2492 ἀλλήλους
1643 2423 1772 2494 ὑμῖν
1805 2424 1945 2496 ὑπὲρ

366 2509 650 2580 ἐλαχίστου
674 2511 934 2579 διαφωνία
967 2511 1211 2584 γένηταιο
1258 2514 1446 2583 ἐπειδὴ
1485 2516 1618 2587 μηδὲ
1643 2517 1841 2582 πάντες
1887 2518 1944 2571 ἐν

365 2599 536 2654 ἅπασι
565 2602 729 2655 ταυτδ
762 2600 1079 2674 βουλόμεθα,
1121 2603 1254 2674 μηδὲ
1295 2603 1393 2673 μία
1423 2621 1507 2668 τις
1542 2607 1598 2659 ἐν
1633 2606 1762 2677 ὑμῖν
1786 2605 1944 2676 φύσις

364 2691 619 2764 ῆγνὼμη
659 2692 1014 2748 πολιτεύεται.
1058 2695 1196 2766 Περὶ
1243 2695 1340 2766 μὲν
1373 2691 1465 2749 οὖν
1505 2697 1603 2769 τῆς
1625 2697 1775 2763 θείας
1809 2716 1943 2772 προ-

363 2785 512 2849 νοίας
543 2785 638 2856 μία
665 2804 749 2850 τις
781 2789 836 2840 ἐν
878 2786 1006 2857 ὑμῖν
1043 2785 1181 2841 ἔστω
1211 2788 1410 2852 πίστις,
1439 2788 1536 2860 μία
1569 2788 1802 2854 σύνεσις,
1846 2792 1944 2863 μία

364 2876 606 2949 συνθήκη
635 2876 729 2931 τοῦ
749 2878 1086 2950 Κρείττονος·
1141 2880 1177 2934 ἃ
1223 2881 1268 2933 δ’
1320 2880 1460 2949 ὑπὲρ
1501 2880 1609 2934 τῶν
1647 2881 1944 2952 ἐλαχίστων

360 2968 566 3022 τούτων
625 2968 904 3041 ζητήσεων
941 2972 997 3023 ἐν
1048 2971 1296 3042 ἀλλήλοις
1331 2972 1792 3044 ἀκριϐολογεῖσθε,
1839 2973 1944 3029 κᾶν

365 3061 440 3132 μή
478 3061 611 3132 πρὸς
642 3062 768 3132 μίαν
816 3063 1040 3133 γνώμην
1062 3063 1431 3136 συμφέρησθε,
1480 3065 1659 3135 μένειν
1698 3065 1827 3118 εἴσω
1852 3064 1941 3119 λο-
1971 3097 2015 3155 c

361 3152 562 3222 γισμοῦ
589 3154 872 3225 προσήκει,
906 3154 983 3226 τῷ
1013 3156 1111 3226 τῆς
1144 3155 1381 3220 διανοίας
1427 3157 1722 3230 ἀπορρήτῳ
1752 3155 1945 3229 τηρού-

363 3263 521 3316 μενα.
559 3248 631 3301 Τὸ
671 3249 851 3317 μέντοι
884 3249 985 3320 τῆς
1011 3249 1195 3320 κοινῆς
1231 3250 1412 3321 φιλίας
1436 3251 1728 3324 ἐξαίρετον,
1763 3257 1854 3309 καὶ
1905 3257 1938 3328 ὴ

359 3339 460 3408 τῆς
481 3338 740 3412 ἀληθείας
755 3339 958 3404 πίστις,
994 3341 1028 3412 ἦ
1072 3359 1130 3394 τε
1163 3343 1291 3414 περὶ
1311 3342 1404 3396 τὸν
1439 3343 1570 3398 Θεὸν
1600 3346 1690 3400 καὶ
1717 3347 1816 3419 τὴν
1844 3345 1938 3402 τοῦ

360 3431 525 3502 νόμου
549 3431 842 3504 θρησκείαν
873 3434 1027 3504 τιμὴ,
1069 3434 1278 3505 μενέτω
1311 3438 1440 3509 παρ’
1467 3438 1593 3506 ὑμῖν
1618 3439 1933 3506 ἀσάλευτος·

359 3521 682 3576 ἐπανέλθετε
711 3522 774 3593 δὴ
795 3522 928 3593 πρὸς
947 3522 1045 3592 τὴν
1071 3521 1315 3595 ἀλλήλων
1337 3523 1518 3592 φιλίαν
1542 3542 1601 3577 τε
1635 3526 1728 3579 καὶ
1753 3528 1931 3598 χάριν,

359 3614 586 3668 ἀπόδοτε
631 3613 708 3683 τῷ
756 3611 870 3683 λαῷ
909 3612 1178 3683 ξύμπαντι
1223 3613 1321 3678 τὰς
1351 3615 1554 3679 οἰκείας
1581 3617 1931 3688 περιπλοκὰς,

357 3707 515 3776 ὑμεῖς
545 3722 602 3758 τε
633 3705 783 3758 αὐτοὶ
825 3703 1076 3777 καθάπερ
1103 3705 1199 3768 τὰς
1238 3705 1445 3759 ἑαυτῶν
1483 3707 1660 3778 ψυχὰς
1700 3708 1936 3780 ἐκκαθή-

361 3807 553 3860 ραντες
588 3793 717 3865 (ll),
754 3791 910 3859 αὖθις
954 3796 1215 3867 ἀλλήλους
1255 3797 1540 3865 ἐπίγνωτε.
1582 3799 1776 3852 Ἦδίων
1831 3799 1938 3871 γὰρ

360 3874 620 3950 πολλάκις
649 3886 800 3956 φιλία
825 3887 1033 3956 γίνεται
1085 3888 1221 3958 μετά
1254 3888 1352 3960 τήν
1390 3890 1489 3960 τῆς
1522 3890 1720 3963 ἔχθρας
1745 3891 1940 3945 ἀπόθε-

360 3991 445 4028 σιν
463 3975 593 4046 (12),
612 3974 766 4042 αὖθις
795 3982 874 4044 είς
895 3980 1237 4050 καταλλαγὴν
1269 3981 1655 4035 ἐπανελθοῦσα.
1703 4000 1719 4033 ι

430 4111 609 4183 (8)-Τὸ
646 4113 771 4183 φῶς
810 4115 1122 4179 ἐξέτεινεν.
1199 4116 1420 4171 Rectius
1465 4118 1694 4173 dixisset
1729 4118 1933 4172 ἀνέτει-

365 4200 468 4238 δεν.
515 4181 682 4237 Paulo
725 4197 850 4240 ante
901 4187 1018 4252 lego
1064 4203 1132 4240 ex
1181 4189 1339 4242 codd.
1390 4187 1523 4242 Fuk.
1578 4197 1632 4242 et
1667 4189 1860 4251 Savil.,
1905 4188 1934 4240 ὁ

359 4253 535 4326 κοινὸς
547 4255 816 4326 -ἀπάντων
844 4257 991 4326 Σωτή
1002 4275 1032 4326 ρ
1041 4295 1052 4309 .

432 4275 535 4317 ινος
565 4275 816 4308 απαντων
844 4275 991 4326 Μυτη
1041 4295 1052 4309 ο

432 4323 508 4395 (9)
547 4323 703 4394 Vulg.
734 4325 969 4392 Ταύτην
985 4275 1132 4396 equm?
1162 4326 1281 4393 τὴν
1296 4327 1598 4394 σπουδήν,
1625 4329 1798 4394 idest,
1837 4329 1933 4381 hoc

357 4409 532 4466 meum
567 4396 798 4466 studium
825 4406 978 4466 atque
1009 4398 1335 4458 institutum,
1367 4403 1701 4452 concordiam
1736 4402 1788 4452 in
1823 4398 1929 4451 Ec-

356 4463 518 4518 clesia
562 4463 902 4526 stabiliendi,
937 4483 1215 4535 omnesque
1251 4469 1489 4522 homines
1521 4471 1589 4521 ad
1634 4471 1790 4522 unius
1833 4470 1928 4524 Dei

356 4535 555 4605 cultum
595 4536 928 4605 traducendi.
978 4535 1052 4589 De
1085 4553 1192 4605 quo
1245 4539 1424 4591 studio
1474 4540 1611 4592 dixit
1656 4539 1927 4593 Constan-

359 4602 506 4684 tinus
560 4605 710 4659 initio
765 4603 921 4672 hujus
971 4602 1234 4674 epistolae,
1279 4617 1333 4662 et
1370 4609 1495 4663 alibi
1555 4610 1758 4678 passim
1809 4610 1926 4681 glo-

358 4689 432 4727 l'la
443 4685 492 4726 tu
503 4690 546 4727 Γ.

429 4744 538 4817 (l0)
571 4745 640 4797 Τό
661 4761 722 4798 τε
742 4743 848 4817 τοῦ
868 4745 1053 4817 νόμον
1092 4746 1499 4817 παράγγελμα.
1533 4748 1644 4803 Lex
1679 4749 1820 4804 enim
1845 4751 1928 4803 ni-

359 4812 435 4884 lnil
464 4815 606 4866 aliud
629 4816 781 4868 nobis
811 4812 1054 4884 praecipit
1075 4812 1238 4884 quam
1262 4812 1610 4883 ‘c'ltar'itatem,
1633 4827 1696 4873 ‘ut
1718 4819 1928 4875 scilicet

360 4883 525 4959 Deum
565 4885 800 4959 quidem
832 4894 944 4939 toto
979 4883 1163 4942 cordis
1208 4888 1400 4944 aﬁ'ectu
1451 4890 1761 4956 diligamus,
1797 4905 1925 4959 pro-

359 4953 556 5006 ximum
603 4969 730 5007 vero
759 4953 900 5008 sicut
931 4959 1310 5024 nosmetipsos.
1349 4959 1406 5013 lu
1441 4959 1525 5013 his
1553 4953 1770 5016 duobus
1797 4953 1923 5014 'tota

359 5026 440 5076 lex
484 5024 766 5099 consistit,
812 5036 884 5099 u_t_
917 5027 994 5099 ait
1043 5027 1302 5084 Dominus
1340 5030 1391 5082 in
1440 5030 1750 5099 Evangelio.
1803 5029 1925 5084 Haec

359 5108 462 5168 t_t_on
519 5094 780 5168 intellexit
824 5095 1387 5166 Cltristopltorsonus,
1441 5103 1533 5168 qui
1591 5094 1669 5153 sic
1727 5101 1921 5162 vertit,

357 5161 631 5239 anumque
661 5165 795 5233 leges
834 5184 895 5219 ac
935 5161 1228 5239 disciplima
1272 5161 1568 5223 institutum
1615 5171 1774 5239 (quod
1817 5172 1926 5239 qui-

354 5237 471 5286 dem
506 5251 621 5308 curn
665 5246 776 5289 suis
807 5236 1044 5308 partibus
1082 5241 1378 5292 universum
1425 5236 1672 5306 Ecclesia:
1715 5236 1923 5308 corpus,

355 5306 706 5378 consentiente
748 5307 1053 5378 animorum
1106 5311 1392 5362 concordia
1434 5321 1482 5363 et
1525 5306 1926 5378 proposito‘de-

353 5374 845 5450 vincit)._‘ltcclius_
869 5377 1186 5450 Portesius:
1223 5374 1653 5450 Pra'ceptuntque
1695 5382 1823 5448 tegis
1869 5382 1923 5434 in

353 5446 404 5495 td
443 5445 681 5498 omnibus
710 5448 943 5515 partibus
988 5448 1262 5512 incumbit,
1295 5462 1349 5502 ut
1384 5445 1438 5504 in
1485 5445 1642 5504 unum
1692 5445 1925 5503 animum

354 5517 645 5584 universum
667 5517 962 5584 concludat.
985 5516 1144 5571 Forte
1164 5522 1327 5574 etiam
1346 5523 1689 5574 scribendum
1709 5532 1790 5574 est
1811 5523 1924 5584 τοῖς

349 5581 510 5659 δυσὶνΔ
546 5583 714 5659 αὑτοῦ
750 5586 990 5659 μέρεσιν.
1025 5590 1150 5643 Duce
1199 5600 1326 5643 sunt
1358 5591 1503 5645 enim
1541 5603 1722 5659 partes
1769 5581 1923 5655 hujus

352 5655 614 5716 mandati,
650 5655 876 5731 quarum
914 5658 1084 5714 altera
1118 5660 1182 5714 ad
1219 5660 1410 5729 Deum,
1443 5655 1611 5716 altera
1642 5663 1706 5715 ad
1741 5665 1923 5731 prosi-

353 5741 496 5779 tnum
541 5727 791 5794 pertinet.

2063 481 2400 538 dissensione
2458 480 2736 536 dissideat.
2782 481 2998 538 Plebeia
3041 493 3167 539 sunt
3229 485 3366 549 haec,
3417 494 3472 542 et
3513 501 3634 557 qua:

2062 575 2254 645 puerili
2289 574 2460 644 magis
2490 573 2722 630 inscltize
2753 589 2913 642 quam
2943 577 3283 630 sacerdotum
3314 587 3369 632 et
3396 581 3633 647 pruden-

2061 670 2193 722 tium
2245 667 2490 723 virorum
2554 667 2832 736 sapientia:
2889 678 3213 738 congruant.
3266 669 3632 728 Abscedamus

2061 769 2245 815 nostra
2271 768 2463 829 sponte
2489 775 2519 814 a
2547 759 2746 816 diaboli
2775 759 3181 816 tentationibus.
3203 761 3466 818 Maximus
3493 762 3632 819 Deus

2061 861 2247 907 noster
2276 860 2330 906 et
2361 852 2606 906 omnium
2636 849 2918 918 Servator,
2953 867 3243 909 commune
3271 855 3483 910 cunctis
3504 870 3629 924 pro-

2062 944 2186 999 tulit
2212 943 2423 1000 lumen:
2450 944 2548 1000 sub
2575 943 2729 1014 cujus
2759 945 3002 1014 auspicio
3028 961 3091 1002 ac
3115 947 3476 1018 providentia,
3501 947 3631 1003 mihi

2057 1035 2174 1104 ejus
2229 1034 2432 1091 famulo
2477 1044 2530 1091 et
2581 1036 2773 1092 cultori
2829 1039 3127 1104 concedite,
3165 1054 3368 1109 quaeso,
3422 1051 3480 1094 ut
3529 1041 3632 1096 boc

2057 1143 2192 1198 opus
2223 1128 2290 1184 ad
2315 1128 2518 1184 exitum
2553 1128 2868 1198 perducam,
2911 1146 3019 1200 quo
3049 1131 3200 1202 plebs
3231 1128 3373 1187 illius
3403 1147 3519 1187 mea
3550 1133 3632 1187 al-

2055 1219 2330 1277 locutione
2350 1231 2513 1301 atque
2543 1235 2728 1291 opera,
2747 1230 2802 1277 et
2829 1222 3257 1278 admonitionum
3286 1224 3538 1279 instantia
3563 1223 3631 1278 ad

2056 1313 2372 1369 conventus‘
2402 1313 2665 1368 unitatem
2698 1324 3005 1371 revocetur.
3039 1314 3173 1369 Nam
3212 1330 3333 1371 cum
3367 1315 3540 1380 vobis,
3571 1324 3632 1371 ut

2056 1404 2190 1472 dixi,
2241 1420 2347 1460 una
2403 1405 2704 1475 eademque
2755 1407 2827 1461 sit
2884 1406 3039 1472 ﬁdes,
3091 1423 3197 1460 una
3251 1407 3319 1461 de
3371 1407 3630 1477 religione

2057 1508 2242 1550 nostra
2273 1496 2580 1559 sententia;
2617 1512 2850 1566 cumque
2881 1498 3015 1567 legis
3041 1508 3367 1568 praeceptum
3402 1509 3631 1568 utraque

2055 1589 2138 1643 sui
2169 1601 2324 1659 parte
2353 1603 2547 1644 omnes
2572 1591 2622 1643 in
2669 1605 2828 1643 unam
2865 1591 3170 1645 animorutn
3211 1592 3628 1646 consensionem

2056 1679 2433 1750 constringat;
2487 1680 2628 1734 istud
2658 1681 2798 1749 quod
2840 1680 3013 1736 levem
3045 1682 3184 1736 inter
3208 1695 3300 1736 vos
3329 1683 3630 1736 contentio-

2054 1788 2175 1826 nem
2235 1773 2539 1836 excitarim
2577 1772 3012 1842 quandoquidem
3058 1774 3121 1827 ad
3153 1773 3316 1828 totius
3349 1771 3628 1841 religionis

2052 1880 2320 1920 summam
2385 1880 2492 1920 non
2548 1865 2806 1933 pertinet,
2847 1879 2953 1919 non
2995 1874 3077 1919 est
3135 1879 3234 1918 cur
3273 1865 3437 1918 ullum
3485 1864 3628 1918 inter

2053 1973 2149 2012 vos
2205 1957 2490 2012 discidium
2558 1973 2620 2012 ac
2667 1958 2984 2012 seditionem
3051 1957 3231 2012 laciat.
3287 1959 3467 2028 Atque
3513 1958 3629 2012 θεία

2053 2063 2161 2102 non
2197 2063 2263 2104 eo
2293 2049 2436 2114 dico,
2464 2058 2523 2102 ut
2549 2063 2648 2104 vos
2672 2049 2740 2104 de
2779 2049 2984 2118 inepta,
3016 2058 3070 2103 et
3110 2049 3500 2118 qualiscunque
3533 2049 3628 2114 de-

2051 2153 2196 2194 mum
2243 2141 2489 2197 vocanda
2523 2150 2606 2196 est
2634 2141 2956 2210 quaestione,
2997 2143 3138 2196 idem
3174 2142 3395 2196 omnino
3424 2140 3627 2195 sentire

2048 2249 2261 2304 cogam.
2285 2233 2467 2291 Potest
2487 2235 2632 2288 enim
2661 2234 2900 2305 gravitas
2927 2243 3227 2289 conventus
3256 2234 3462 2302 integre
3486 2232 3625 2297 apud

2048 2342 2147 2384 vos
2177 2328 2512 2392 conservari,
2542 2336 2598 2382 et
2626 2343 2730 2382 una
2757 2327 3055 2397 eademque
3082 2327 3223 2382 inter
3251 2341 3440 2382 omnes
3461 2325 3625 2397 477

2048 2419 2360 2475 communio
2391 2418 2636 2484 retineri,
2673 2417 2921 2488 quamvis
2967 2419 3198 2472 invicem
3244 2420 3310 2471 de
3344 2433 3401 2472 re
3446 2418 3624 2486 aliqua

2048 2511 2255 2568 minimi
2285 2513 2543 2567 momenti
2581 2511 2938 2567 dissentiatis.
2991 2509 3270 2580 Siquidem
3330 2523 3428 2563 nec
3480 2509 3619 2562 idem

2046 2619 2235 2660 omnes
2267 2603 2516 2658 volumus
2565 2603 2619 2659 in
2670 2603 2944 2669 omnibus,
3004 2618 3103 2657 nec
3131 2617 3235 2655 una
3267 2601 3508 2655 omnium
3544 2599 3625 2652 in-

2045 2696 2195 2752 doles
2222 2706 2305 2752 est
2337 2706 2501 2767 atque
2535 2697 2824 2753 sententia.
2879 2696 3065 2764 Itaque
3099 2695 3165 2750 de
3191 2695 3369 2749 divina
3406 2693 3623 2762 quidem

2046 2788 2393 2845 Providentia
2422 2804 2525 2842 una
2553 2788 2694 2844 inter
2724 2803 2820 2843 vos
2848 2789 2919 2842 sit
2947 2787 3099 2851 ﬁdes,
3123 2802 3263 2841 unus
3293 2786 3622 2852 intellectus,

2047 2897 2153 2937 una
2185 2881 2251 2936 de
2282 2881 2390 2936 Deo
2423 2882 2729 2936 consensio.
2758 2879 2889 2947 Qua:
2921 2895 3053 2934 vero
3091 2879 3154 2934 de
3185 2878 3475 2934 levissimis
3499 2878 3619 2932 istis

2047 2973 2439 3042 quaestionibus
2485 2975 2628 3028 inter
2659 2987 2756 3028 vos
2795 2970 3066 3026 subtiliter
3115 2969 3402 3038 disputatis
3427 3011 3442 3035 ,
3496 2971 3622 3026 licet

2052 3079 2155 3119 non
2179 3065 2231 3118 in
2250 3064 2498 3120 eamdem
2521 3067 2726 3120 coeatis
2751 3065 3104 3125 sententiam,
3139 3063 3398 3118 interiore
3429 3063 3625 3116 mentis

2051 3157 2380 3229 cogitatione
2416 3156 2695 3211 continere
2744 3168 2798 3210 et
2834 3170 3037 3210 arcano
3063 3154 3300 3224 pectoris
3327 3155 3624 3209 recondere

2051 3247 2276 3303 debetis.
2319 3244 2534 3317 Maneat
2570 3244 2724 3300 ﬁrma
2765 3245 2816 3299 iu
2854 3245 3006 3300 vobis
3042 3247 3346 3300 communis
3372 3246 3624 3300 amicitia

2049 3338 2426 3408 praerogativa,
2456 3345 2511 3391 et
2556 3336 2804 3391 veritatis
2841 3337 2994 3400 lides,
3031 3345 3088 3390 et
3129 3335 3220 3390 Dei
3251 3336 3492 3406 legisque
3518 3337 3620 3389 ob-

2049 3430 2343 3484 servantia.
2395 3427 2680 3484 Recurrite
2735 3427 2800 3482 ad
2871 3436 3110 3480 mutuam
3168 3429 3512 3483 dilectionem
3569 3436 3622 3481 et

2045 3521 2402 3586 charitatem;
2430 3519 2637 3574 reddite
2661 3519 2913 3575 universo
2942 3521 3135 3590 populo
3158 3535 3282 3576 suos
3315 3525 3617 3590 amplexus.

2045 3609 2266 3667 Vosmet
2296 3612 2741 3682 ipsi,expurgatis
2771 3623 2828 3667 ut
2850 3613 2924 3668 ita
2953 3615 3128 3668 dicam
3158 3615 3352 3669 animis
3394 3613 3614 3677 vestris,

2045 3719 2138 3758 vos
2164 3703 2403 3757 vicissim
2443 3704 2738 3772 agnoscite.
2795 3703 2949 3775 Stepe
2985 3706 3127 3760 enim
3173 3715 3290 3776 post
3350 3705 3618 3774 depositas

2044 3794 2356 3848 inimicitias
2411 3795 2756 3849 reconciliata
2823 3797 3017 3850 iterum
3069 3797 3271 3867 gratia,
3321 3795 3617 3865 jucundior

2036 3887 2254 3942 exsistit
2300 3887 2559 3941 amicitia.
2593 3905 2612 3938 ι

2115 4115 2226 4183 (ll)
2273 4115 2482 4182 Ψυχὰς
2513 4113 2972 4183 ἐκκαθήραντες,
3008 4114 3057 4168 id
3090 4123 3201 4177 est,
3241 4114 3446 4166 detersa
3486 4113 3614 4167 caii-

2041 4203 2160 4255 gme
2191 4184 2541 4244 simultatum,
2574 4203 2678 4254 qua
2733 4188 2918 4238 mentis
2969 4193 3154 4239 vestra:
3203 4185 3355 4255 acies
3376 4191 3491 4237 erat
3523 4187 3615 4239 ob»

2041 4251 2199 4309 ducta
2223 4266 2379 4320 atque
2408 4251 2706 4308 obscurata.
2737 4255 2994 4325 Sequitur
3028 4257 3169 4307 enim
3206 4251 3470 4323 ἀλλήλους
3501 4256 3615 4311 ἐπί-

2041 4343 2236 4394 γνωτε,
2268 4326 2319 4380 id
2347 4335 2462 4385 est,
2507 4341 2591 4379 vos
2638 4327 2865 4380 vicissim
2895 4327 3178 4389 agnoscite,
3211 4327 3610 4392 antptectimini,

2041 4397 2290 4450 salutate.
2327 4395 2533 4463 Quibus
2568 4397 2748 4449 verbis
2803 4395 3040 4450 alludere
3078 4396 3294 4449 videtur
3345 4395 3612 4449 Constan-

2036 4467 2178 4520 tinus
2207 4467 2274 4520 ad
2304 4481 2508 4521 morem
2548 4465 2980 4520 Christianorum
3015 4465 3096 4519 sui
3136 4466 3397 4532 temporis
3421 4505 3435 4529 ,
3469 4471 3609 4534 apud

2031 4551 2165 4606 quos
2197 4538 2248 4590 iu
2290 4536 2464 4591 sacris
2514 4537 2895 4598 conventibus,
2933 4537 3059 4589 dum
3097 4535 3325 4606 populus
3369 4536 3434 4588 ad
3486 4553 3610 4605 pcr-

2031 4605 2331 4676 ceptionem
2363 4606 2741 4676 mysteriorum
2775 4607 3080 4676 accederet,
3111 4605 3374 4658 diaconus
3412 4607 3609 4674 sarpius

2031 4673 2356 4732 inclamabat
2374 4695 2386 4729 :
2407 4673 2862 4745 Ἐπιγιγνώσκετε
2877 4675 3155 4745 ἀλλήλους,
3172 4688 3235 4727 ne
3262 4675 3384 4742 quis
3402 4673 3610 4731 scilicet

2030 4747 2288 4816 profanus
2314 4755 2405 4800 aut
2434 4745 2649 4801 Judzeus
2677 4747 2743 4798 ad
2776 4761 3004 4816 sacram
3033 4760 3272 4816 mensam
3308 4745 3606 4816 irreperet,

2031 4814 2087 4869 itt
2118 4817 2277 4872 docet
2317 4817 2740 4886 Chrysostomus
2781 4817 2832 4868 in
2871 4815 3121 4886 oratione
3177 4814 3348 4883 prima
3406 4814 3606 4869 Contra

2028 4886 2266 4948 Judwos,
2306 4885 2580 4956 pagJMO,
2619 4887 2744 4938 torni
2785 4885 2963 4954 primi.
3017 4885 3422 4956 Eodemrverbo
3467 4901 3602 4956 usus

2028 4968 2107 5010 est
2123 4954 2359 5011 Marcion
2377 4954 2495 5010 eum
2518 4957 2870 5024 Polycarpum
2890 4954 3180 5022 aliquando
3196 4955 3445 5020 vidisset,
3464 4955 3608 5009 Ἐπι-

2029 5026 2260 5097 γίνωσκε
2303 5028 2469 5097 ἡμᾶς,
2499 5037 2557 5080 ιιι
2583 5023 2647 5079 ex
2689 5023 2890 5079 Irenaeo
2923 5027 3089 5079 rel'ert
3123 5025 3387 5078 Eusebius
3423 5030 3474 5079 in
3507 5027 3580 5080 lib

2030 5113 2081 5150 tv
2116 5096 2391 5151 Historiae.
2427 5097 2605 5151 Latini
2655 5111 2875 5165 quoque
2927 5097 3151 5150 verbum
3230 5105 3595 5162 recognoscere

2031 5177 2294 5238 usurpant
2325 5183 2391 5238 eo
2423 5183 2608 5222 sensu.
2640 5164 2820 5238 Sicin
2858 5169 3107 5234 passione
3145 5165 3436 5238 Fructuosi
3486 5169 3605 5236 epi—

2029 5236 2180 5306 seOpi
2205 5257 2218 5293 :
2254 5256 2272 5290 ι
2300 5237 2432 5292 Cum
2465 5254 2522 5292 se
2550 5236 2921 5300 excalciasset,
2951 5237 3183 5292 accessit
3208 5237 3275 5288 ad
3306 5251 3428 5288 eum
3460 5251 3605 5290 com-

2029 5309 2199 5361 milito
2230 5308 2399 5361 frater
2432 5318 2618 5363 noster
2668 5310 2883 5360 nomine
2920 5307 3096 5369 Felix,
3133 5307 3601 5375 appreltenditque

2029 5381 2271 5432 dextram
2326 5379 2462 5444 ejus,
2503 5391 2895 5449 recognoscens
2929 5396 3076 5441 eum,
3107 5389 3156 5432 et
3191 5383 3493 5444 deprecans
3544 5385 3604 5431 ut

2027 5451 2109 5502 sui
2148 5462 2356 5503 memor
2384 5460 2547 5504 esset.
2583 5470 2601 5500 ι

2101 5517 2393 5588 (12)Vulg.
2423 5518 2531 5588 τῆς
2561 5521 2779 5589 ἔχθρας
2799 5520 3107 5573 ὑπόθεσιν.
3136 5514 3494 5589 Scribendum
3518 5524 3604 5570 est

2027 5586 2304 5655 ἀπόθεσιν,
2334 5586 2392 5644 ut
2423 5586 2627 5659 legitur
2651 5586 2789 5659 apud
2814 5591 3084 5644 Gelasium
3118 5586 3598 5659 eLﬁicephorum.

2029 5666 2201 5728 Atque
2247 5664 2318 5714 ita
2367 5655 2520 5729 plane
2552 5655 2810 5727 scriptum
2864 5662 3119 5716 exhibent
3159 5655 3294 5711 Fuk.
3337 5657 3496 5712 codd.
3546 5667 3603 5710 es

2029 5731 2193 5786 Savil.
2225 5742 2274 5786 et
2302 5734 2514 5786 scut-dte
2550 5734 2745 5799 “rgias.
