4114 6432
496 282 627 337 1051

495 397 611 472 XII.
655 398 992 472 Constantini
1029 405 1099 456 ad
1131 408 1386 472 synodum
1418 405 1588 457 oratio
1616 404 1680 457 de
1715 421 1860 470 pace.

496 469 631 525 XIII.
671 470 945 536 Quomodo
972 469 1235 542 episcopos
1288 479 1422 527 inter
1448 490 1503 528 se
1529 484 1788 528 certantes
1833 473 1902 526 ad
1946 490 2072 526 con-

566 543 800 594 cordiam
844 546 1120 597 revocarit.
1165 568 1170 574 ·

497 608 904 682 XIV._Concors
939 611 1139 682 Synodi
1175 615 1429 668 sententia
1455 614 1518 668 de
1547 613 1653 682 (ide
1684 623 1732 667 et
1758 615 1821 668 de
1844 613 2072 668 Pascha.

497 678 614 734 XV.
638 679 910 754 Quomodo
943 678 1324 738 Constantinus
1351 678 1705 739 vicenualibus
1751 688 1860 740 suis
1886 687 2076 754 episco-

571 767 660 821 pos
688 751 925 821 convivio
952 759 1228 821 exceperit.

501 818 641 873 XVl.
669 820 917 942 unera
964 818 1218 892 episcopis
1241 825 1462 889 donata,
1490 833 1540 879 et
1580 827 1772 879 littera:
1805 826 1876 878 ad
1900 841 2075 880 omnes

573 906 713 942 863⁵11)
742 909 805 942 (P.

573 906 805 959 εενιριαι.

1201 281 1467 338 EL'SEBII
1505 281 1974 338 CrESARlENSIS
2011 280 2160 338 OPP.
2202 284 2378 340 PARS
2412 284 2452 340 I.
2485 317 2557 354 Q—
2594 283 2982 340 HISTORICA.

3619 289 3645 340 1
3661 286 3794 341 0ὗὲ

2103 407 2146 462 Α
2176 400 2418 456 XXXIX.
2475 401 2767 470 Descriptio
2817 403 2964 466 atrii,
3029 401 3374 455 exhedramm
3421 413 3470 455 et
3521 403 3788 455 vestio:-

2243 476 2436 526 lorum.

2174 539 2288 596 XL.
2313 541 2388 595 De
2407 557 2621 596 numero
2637 542 2861 597 donario
2873 559 3011 596 rum.

2175 609 2311 666 XLI.
2355 610 2429 667 De
2448 611 2810 684 lediﬁcatione
2835 615 3065 668 ecclesiae
3091 609 3582 684 apud.’Bethlehem,
3609 623 3671 666 et
3719 614 3780 666 in

2246 692 2418 735 monte
2434 680 2726 736 Oliuarum.

2176 751 2337 824 481
2385 752 2546 824 XLII.
2586 751 2859 817 Quomodo
2896 751 3097 824 Helena
3145 753 3379 823 Augusta
3412 751 3782 824 Constantini

2247 830 2415 957 mztzr
2426 822 2722 904 Bethlehem
2746 823 2930 876 orandi
2947 839 3107 876 causa
3121 822 3377 893 profecta,
3400 822 3496 877 has
3511 824 3778 876 ecclesias

2249 908 2294 945 tt?
2333 908 2348 943 t
2389 902 2546 946 cavit.

2249 902 2546 946 mdtncaoit.

504 959 662 1037 XVII.
697 961 931 1031 Epistola
977 962 1308 1018 Constantini
1351 966 1419 1018 ad
1464 962 1728 1020 Ecclesias
1768 966 1833 1019 de
1877 967 2077 1037 synodo
2403 961 2612 1037 [ἔμηνε
2651 963 2714 1037 de
2745 963 2970 1037 ecclesia
2991 961 3434 1037 Bethlehemitica.

580 1027 628 1080 N
637 1027 818 1086 tctvna.

510 1097 693 1153 XVIII.
747 1100 823 1155 De
869 1121 1122 1175 consensu
1154 1109 1210 1161 in
1245 1105 1592 1160 celebratione
1630 1107 1749 1175 [esti
1793 1106 2076 1175 paschalis,

577 1179 623 1222 et
655 1183 837 1225 contra
853 1173 1089 1230 Judtvos.

2181 1031 2364 1085 XLIV.
2396 1033 2469 1087 De
2494 1033 2851 1101 magnitudine
2882 1034 3047 1085 animi
3078 1042 3125 1085 et
3149 1033 3486 1101 beneﬁcentia
3519 1027 3777 1083 Helene.

2183 1101 2342 1173 XLV.
2371 1101 2644 1168 Quomodo
2680 1100 2882 1155 Helena
2918 1104 2973 1156 in
3013 1103 3246 1156 ecclesiis
3275 1100 3777 1173 religioseyersata

2250 1172 2337 1225 sit.

509 1235 650 1293 XIX.
692 1239 939 1315 liortatio
970 1257 1024 1299 ut
1051 1248 1336 1299 maximam
1390 1259 1589 1315 partem
1641 1245 1780 1298 orbis
1819 1255 2080 1299 terrarum
2183 1239 2366 1315 XLVI.
2401 1239 2676 1315 Quomodo
2703 1243 3384 1312 octogenaria,testamento
3420 1241 3627 1311 [acto,e
3661 1241 3777 1293 vita

579 1311 723 1369 sequi
762 1313 935 1369 velint.

579 1329 632 1360 se
670 1329 723 1362 ut
762 1329 935 1369 venat.

508 1329 904 1455 XX.qil_ortatio
936 1395 989 1438 ut
1021 1402 1198 1438 omnes
1227 1387 1444 1439 decretis
1488 1388 1674 1455 synodi
1704 1385 2077 1439 assentiuntur.

510 1447 655 1502 XXI.
689 1449 958 1518 hfpiscopis
985 1457 1294 1509 discessuris
1339 1447 1614 1510 consilium
1644 1457 1735 1508 dat
1779 1467 1834 1508 ut
1865 1470 2084 1508 concor-

583 1519 725 1572 diam
753 1534 976 1578 servent.

510 1588 675 1644 XXII.
712 1591 985 1655 Quomodo
1013 1595 1145 1648 alios
1184 1596 1392 1661 quidem
1442 1597 1680 1649 hortatus
1732 1596 1822 1662 sit,
1855 1595 1922 1648 ad
1952 1593 2084 1647 alios

583 1671 755 1712 autent
779 1664 1046 1728 scripserit
1071 1681 1088 1727 ;
1121 1673 1168 1716 et
1201 1667 1263 1717 de.
1287 1669 1626 1728 pecuniarum
1652 1667 1926 1719 divisione.

2253 1311 2489 1364 decessit.

2182 1378 2390 1434 XLVII.
2465 1380 2737 1445 Quomodo
2798 1381 3170 1436 Constantinus
3222 1388 3446 1434 matrem
3492 1381 3775 1443 deposuit,

2254 1460 2302 1504 et
2332 1453 2561 1517 qualiter
2583 1451 2731 1504 illam
2767 1453 2925 1506 coluit
2961 1453 3086 1504 dum
3122 1452 3334 1505 viveret.

2185 1519 2418 1574 XLVIII.
2471 1520 2746 1586 Quomodo
2808 1519 3261 1587 ConstantinOpoli
3326 1520 3587 1588 martyria
3639 1536 3778 1571 coss-

2258 1593 2470 1660 struxit.
2506 1607 2809 1660 omnemque
2839 1591 3099 1644 idolorum
3130 1592 3328 1642 cultum
3355 1589 3604 1660 abolevit.

2189 1657 2376 1714 XLIX.
2419 1659 2636 1730 Signum
2674 1657 2843 1714 crucis
2885 1664 2942 1715 in
2969 1661 3194 1730 palatio,
3229 1670 3278 1714 et
3326 1661 3500 1728 imago
3525 1659 3777 1712 Danielis

512 1729 700 1784 XXIII.
730 1719 1004 1793 Quomodo
1046 1719 1116 1815 ad
1146 1719 1424 1803 zEgyptios
1453 1738 1740 1804 scripserit,
1795 1751 1980 1804 eosque
2015 1734 2083 1787 ad
2118 1764 2160 1820 Β
2260 1730 2313 1782 in
2348 1719 2603 1812 fontibus.

585 1815 761 1853 pacem
794 1800 1031 1853 hortatus
1054 1814 1144 1853 sit.
2191 1799 2253 1853 L.
2290 1800 2366 1853 De
2387 1801 2603 1853 ecclesm

585 1815 761 1864 pacem
794 1800 1031 1856 hortatus
1054 1806 1144 1856 sit.

513 1867 700 1922 XXIV.
740 1870 1013 1945 Quomodo
1052 1874 1305 1941 episcopis
1347 1883 1395 1927 et
1427 1875 1660 1941 plebibus
1691 1874 1963 1945 religiosas
1997 1874 2086 1927 lit-

585 1950 724 1992 teras
761 1944 950 2006 sccpius
982 1945 1211 2006 scripsit.

517 2009 684 2063 XXV.
731 2011 1002 2073 Quomodo
1053 2009 1436 2083 Hierosolymis
1479 2017 1532 2067 in
1577 2024 1756 2068 sancto
1800 2015 2087 2068 Dominicce

585 2083 982 2153 resurrectionis
1011 2083 1125 2136 loco
1157 2087 1404 2151 templum
1438 2085 1635 2137 exstrui
1666 2087 1928 2153 pra'cepit.

516 2147 712 2220 XXVI.
745 2148 1016 2220 Quomodo
1060 2153 1203 2218 impii
1243 2147 1532 2220 sepulcrum
1569 2147 1773 2206 Domini
1817 2147 2088 2208 ruderibus

587 2227 636 2290 et
668 2218 968 2290 simulacris
998 2218 1332 2290 superpositis
1361 2227 1682 2280 obtexeront.

517 2286 729 2342 XXVal.
781 2286 1070 2348 Quomodo
1115 2286 1494 2346 Constant-inus
1559 2294 1763 2345 delubri
1811 2294 2088 2346 materiam

589 2359 884 2431 ac__rudera
925 2360 1226 2430 longissime
1261 2364 1447 2431 projici
1481 2365 1768 2415 mandavit.

517 2425 1154 2501 Manifestatio
1185 2425 1499 2486 sanctissimi
1521 2435 1766 2500 sepulcri.

520 2496 712 2553 XXIX.
743 2496 1016 2570 Quomodo
1040 2503 1101 2553 de
1135 2505 1482 2556 construenda
1505 2496 1718 2556 ecclesia
1742 2503 1811 2554 ad
1839 2503 2088 2570 prtesides

590 2568 1063 2639 etdadntilacarium
1105 2573 1398 2639 episc0pum
1437 2573 1640 2626 litteras
1673 2575 1838 2626 dedit.

525 2636 692 2691 XXX.
726 2637 1062 2693 Constantini
1108 2636 1173 2692 ad
1207 2636 1504 2694 .Iiacariuut
1549 2643 1767 2707 epistola
1814 2645 1877 2695 de
1951 2645 2083 2697 mdi-

594 2708 839 2779 [icatioue
877 2706 1124 2779 Martyrii
1172 2710 1469 2764 Servatoris
1499 2706 1684 2765 nostri.

523 2776 719 2831 XXXI.
753 2777 906 2839 Quod
946 2776 1080 2831 hanc
1110 2784 1271 2832 cedem
1297 2784 1564 2846 nitenium,
1614 2783 1998 2849 columnarum,
2041 2793 2092 2836 et

594 2861 916 2964 marmorum
976 2859 1240 2902 venustate
1284 2864 1498 2906 crateras
1547 2852 1790 2906 ecclesias
1846 2870 2092 2922 superare

598 2932 653 2964 vo
682 2925 835 2964 uertt.

598 2925 835 2966 voluertt.

881 2984 943 3037 de
967 2987 1366 3058 pulchritudine
1395 2992 1604 3058 conchae
1630 3001 1679 3045 et
1707 2994 1770 3045 de
1806 2991 2094 3058 artiﬁcibus
2119 2955 2164 3014 ο

596 3059 761 3128 ac__t_t_e
785 3057 1012 3128 materia
1049 3052 1316 3128 .ILacat'ius
1341 3057 1412 3108 ad
1432 3060 1684 3128 praesides
1713 3052 1931 3112 scribat.

530 3121 1047 3200 XXXIII.Quomodo
1071 3123 1306 3179 Ecclesia
1322 3121 1620 3200 §ervatoris
1637 3140 1898 3200 exstructa
1920 3130 2099 3200 fuerit,

596 3209 754 3264 quam
785 3195 1050 3264 propheta:
1089 3211 1274 3247 novatn
1311 3195 1649 3254 Hierusalem
1686 3195 2091 3264 appellaverant.

785 3261 1080 3337 Descriptio
1105 3265 1317 3333 a'diﬁcii
1342 3271 1510 3322 sancti
1532 3261 1776 3337 sepulcri.

775 3329 1070 3401 Descriptio
1093 3329 1218 3388 atrii
1245 3349 1290 3388 et
1316 3329 1630 3403 porticuum.

532 3401 770 3456 XXXVI.
801 3403 1121 3478 Descriptio
1167 3401 1424 3478 parietum
1475 3411 1695 3478 tectique
1721 3449 1737 3476 ,
1792 3421 1838 3464 et
1879 3423 2093 3466 ornatus

601 3485 768 3543 atque
795 3473 1148 3527 inuurationis
1199 3477 1364 3543 ipsius
1387 3473 1636 3534 bosilicté.

536 3539 799 3621 XXXVII.
831 3543 1121 3612 Descriptio
1159 3539 1487 3621 geminorum
1509 3551 1750 3621 utrinque
1777 3552 2094 3620 porticuum,

601 3625 647 3664 et
690 3613 851 3665 triunt
878 3613 1547 3680 portarumorientalium.

535 3681 818 3754 XXXVIII.
858 3685 1150 3750 Descriptio
1192 3687 1566 3754 hemisphaerii,
1608 3701 1652 3744 et
1687 3692 1959 3746 duodecim
2009 3709 2098 3745 co-

601 3752 899 3807 lumnarum
928 3763 1042 3808 cum
1067 3752 1380 3813 crateribus‘.

532 3893 612 3905 ‘0
624 3897 690 3904 nan——

695 3898 844 3906 .—

935 3899 1292 3908 ..ρ’-...-

2290 1800 2366 1871 De
2387 1801 2617 1871 ecclesiis
2645 1819 2774 1871 quas
2816 1800 3142 1856 Nicomedia:
3173 1808 3222 1853 et
3254 1801 3380 1852 alibi
3409 1799 3694 1854 exstruxit.

2190 1868 2274 1922 LI.
2315 1870 2467 1934 Quod
2492 1871 2547 1922 in
2587 1868 2821 1925 Mambre
2843 1871 3118 1924 ecclesiam
3141 1871 3439 1938 aediﬁcavit.

2193 1939 2298 1993 LII.
2330 1938 2662 2009 Constantini
2686 1941 2904 2009 cpistola
2935 1942 3004 1993 ad
3032 1939 3315 1992 Eusebium
3345 1940 3408 1992 de
3435 1939 3696 1993 Mambre.

2191 2009 2322 2063 LIII.
2348 2008 2501 2073 Quod
2535 2009 2784 2064 Servator
2809 2022 2986 2066 noster
3015 2010 3203 2061 ibidem
3245 2012 3386 2063 visus
3407 2020 3483 2063 est
3515 2010 3772 2062 Abrahae.

2191 2079 2325 2133 LIV.
2347 2077 2502 2133 Fana
2544 2091 2593 2132 et
2627 2081 2910 2134 simulacra
2943 2080 3130 2146 ubique
3167 2081 3364 2132 diruta.

2194 2148 2303 2202 LV.
2338 2148 2414 2202 De
2456 2149 2673 2204 basilica
2703 2160 2967 2205 exstructa
2996 2153 3140 2214 apud
3171 2149 3524 2203 Antiochiam.

2195 2219 2324 2272 LVI.
2366 2218 2580 2291 Eversio
2613 2221 2728 2291 fani
2757 2225 2899 2289 apud
2934 2220 3149 2287 Aphaca
3180 2221 3236 2271 in
3283 2219 3546 2286 Phrenice,
3595 2234 3642 2276 et
3672 2223 3778 2273 im-

2263 2290 2532 2357 pudicitia:
2572 2293 2808 2346 abolitio.

2193 2359 2348 2429 LVII.
2385 2358 2680 2429 Destructio
2711 2362 2888 2428 templi
2915 2357 3218 2425 zEsculapii
3259 2358 3438 2429 ﬁgis.

2193 2427 2371 2486 LVIII.
2397 2428 2673 2495 Quomodo
2707 2427 2947 2501 gentiles,
2967 2429 3234 2484 damnatis
3265 2427 3775 2501 simulacris,Deum

2263 2511 2603 2564 agnoverunt.

2193 2568 2326 2623 LIX.
2369 2569 2643 2635 Quomodo
2687 2571 2825 2638 apud
2873 2570 3190 2640 Ileliopolim
3246 2572 3510 2626 destructo
3553 2571 3773 2625 Veneris

2267 2641 2410 2706 fano,
2449 2643 2647 2702 primus
2676 2643 2946 2694 ecclesiam
2979 2641 3293 2694 construxit.

2197 2707 2307 2764 LX.
2335 2709 2410 2764 De
2442 2713 2670 2764 tumultu
2708 2711 3002 2765 Antiochia:
3027 2721 3239 2779 propter
3267 2709 3603 2766 Eustathium
3632 2714 3777 2768 ηιξ-ι

2265 2790 2395 2833 tato.

2195 2847 2331 2902 LXI.
2371 2850 2705 2904 Constantini
2742 2852 2963 2915 epistola
2997 2855 3066 2906 ad
3105 2854 3474 2911 Antiochenos.
3512 2869 3575 2904 ne
3606 2849 3774 2904 Euse-

2267 2920 2406 2973 bium
2446 2919 2688 2975 Ctesarea
2728 2925 3108 2988 abstrahereat,
3158 2927 3248 2978 sed
3301 2935 3354 2974 ut
3399 2922 3568 2975 alium
3622 2938 3772 2989 quie-

2270 3001 2463 3046 rerettt.

2196 3057 2355 3134 LXII.
2380 3058 2731 3134 _lm_perato_ris
2774 3063 2841 3115 ad
2883 3079 2976 3116 nos
3006 3064 3232 3132 epistola
3283 3071 3398 3134 post
3431 3064 3770 3130 repudiatum

2271 3129 2559 3199 Antiochia:
2585 3132 2958 3199 episcopatum.

2197 3198 2381 3276 LXIII.
2412 3198 2750 3276 Constantini
2776 3204 2996 3268 epistola
3025 3206 3093 3267 ad
3115 3208 3398 3276 synodum,
3423 3219 3485 3258 ne
3510 3202 3760 3256 Eusebius

2267 3268 2512 3324 Caesarea
2541 3271 2903 3325 abstrahatur.

2196 3337 2378 3393 LXIV.
2409 3340 2679 3406 Quomodo
2702 3342 2920 3396 Itwreses
2956 3347 3257 3400 exscindere
3279 3346 3560 3399 studuerit.

2196 3409 2357 3463 LXV.
2387 3410 2714 3465 Constantini
2756 3417 3062 3468 constitutio
3095 3419 3342 3470 adversus
3374 3418 3666 3469 haereticos.

2195 3477 2378 3533 LXVI.
2417 3480 2492 3532 De
2525 3481 2764 3536 tollendis
2806 3488 3178 3539 conventicutts
3215 3491 3602 3541 ntereticorum.

2197 3548 2405 3623 LXVII.
2446 3549 2718 3614 Quomodo
2757 3557 2977 3620 nefariis
3022 3558 3173 3608 libris
3210 3560 3348 3623 apud
3387 3559 3654 3609 licereticos
3689 3570 3765 3605 re-

2193 3621 2391 3741 pertlis,
2416 3623 2631 3689 plurimi
2674 3638 2854 3675 eorum
2907 3627 2974 3679 ad
3015 3621 3330 3680 catholicam
3379 3627 3622 3679 redierint
3670 3623 3770 3676 Ec-

2271 3708 2296 3741 c
2321 3706 2503 3741 estam.

2271 3706 2503 3744 ctestam.

2577 3914 2930 3923 ἢ

1178 4040 1903 4157 ΕΥΣΕΒΙΟΥ
1955 4041 2253 4159 ΤΟΥ
2311 4041 3129 4163 ΠΑΜΦΙΛΟΥ

1054 4238 1163 4292 ΕΙΣ
1201 4239 1337 4292 TON
1375 4240 1535 4294 BION
1573 4243 1710 4297 ΤΟΥ
1748 4245 2112 4298 ΜΑΚΑΡΙΟΥ
2148 4246 2686 4300 ΚΩΝΣΤΑΝἸῚΝΟΥ
2722 4249 2857 4302 ΤΟΥ
2895 4248 3220 4302 ΒΑΣΙΛΕΩΣ

1891 4409 2254 4496 ΛΟΓΟΣ
2290 4403 2396 4495 Γ.

1497 4691 2055 4807 EUSEBII
2138 4695 2822 4808 PAMPHILI

1269 4921 1357 4977 DE
1398 4920 1558 4976 VITA
1599 4923 1986 4980 BEATISSIMI
2024 4925 2493 4982 IMPERATORIS
2534 4921 2999 4982 CONSTANTINI

1682 5083 2036 5171 LIBER
2089 5084 2650 5175 TERTIUS.

1045 5366 1208 5440 [.32
1259 5367 1486 5424 CAPUT
1542 5368 1580 5421 I.

602 5464 939 5531 Comparatio
979 5463 1186 5529 pietatis
1237 5460 1576 5515 Constantini
1606 5478 1721 5514 cum
1760 5463 2033 5533 iniquitate

1115 5543 1531 5599 persecutorum.

601 5625 710 5681 Iloc
746 5627 902 5681 modo
945 5628 1152 5680 daemon
1206 5623 1470 5678 bonorum
1521 5623 1762 5678 omnium
1823 5624 2097 5690 inimicus,

533 5720 618 5791 qui
661 5718 913 5776 Ecclesia:
950 5717 1187 5775 felicitati
1220 5732 1432 5787 semper
1486 5719 1726 5774 invidere
1754 5718 1911 5786 solet,
1943 5721 2093 5788 pacis

2749 5367 3143 5421 ΚΕΦΛΛΑΙΟΝ
3175 5368 3254 5421 Α’.

2212 5464 2532 5532 Σύγκρισις
2552 5461 2868 5532 εὐσεϐείας
2896 5459 3374 5532 Κωνσταντζνου,
3405 5457 3506 5513 και
3538 5456 3642 5527 τῆς
3661 5456 3762 5511 τῶν

2657 5530 2916 5584 διωκτῶν
2943 5531 3330 5599 παρανομίας.

2294 5624 2351 5678 '0
2381 5624 2476 5692 μὲν
2507 5623 2571 5694 δὴ
2594 5621 2884 5694 μισόκαλος
2913 5620 3120 5691 δαίμων
3151 5613 3253 5673 ὧδέ
3285 5636 3358 5690 πη
3389 5621 3500 5677 τοῖς
3536 5618 3631 5687 τῆς
3657 5617 3762 5669 Ἐκ-

2213 5719 2437 5788 κλησίας
2487 5715 2792 5787 βασκαίνων
2842 5714 3046 5780 καλοῖς,
3091 5714 3360 5786 χειμῶνας
3395 5713 3529 5784 αὐτῇ
3566 5712 3651 5765 καὶ
3680 5728 3738 5765 τα
