4114 6432
313 269 476 324 1053

1423 272 1513 328 DE
1556 273 1716 329 VlTA
1754 271 2217 330 CONSTANTINI
2253 272 2510 338 LIB.’_l|l.

3449 276 3587 331 i056

331 384 512 454 ραχάς
547 381 859 452 ἐμφυλίους,
910 383 1132 454 εἰρήνης
1174 385 1230 438 ἐν
1265 385 1442 456 καιρῷ
1481 386 1574 441 καὶ
1618 385 1724 456 μὴν
1741 385 1914 457 θυμη-

2019 400 2079 439 ac
2111 384 2309 440 latitia:
2338 395 2579 455 tempore
2613 384 2872 440 tumultus
2902 392 2954 439 et
3003 384 3255 441 intestina
3281 387 3416 442 bella
3447 389 3496 441 in
3524 405 3584 442 ea

323 475 453 538 δίας
514 473 828 544 εἰργάζετοο
887 474 980 526 καὶ
1037 475 1142 546 μὴν
1193 474 1442 544 βασιλεὺς
1491 475 1603 545 (16)
1665 475 1783 546 Θεῷ
1824 476 1911 545 φί-

325 567 447 630 λος,
514 565 620 617 τῶν
676 563 822 634 αὐτῷ
863 565 1180 632 πρεπόντων
1234 566 1294 618 οὐ
1347 563 1738 636 κατωλιγώρει,
1785 566 1914 619 πάν-

326 675 404 712 τα
449 657 504 710 δέ
561 657 815 728 πράττων
854 655 1110 708 τάναντία
1161 655 1270 727 (17)
1315 659 1425 720 τοῖς
1479 655 1674 726 μικρὸν
1707 656 1912 727 ἐμπροσ

331 749 462 802 σθεν
511 749 614 802 ὑπὸ
659 748 756 818 τῆς
777 748 1104 818 τυραννικῆς
1147 749 1428 818 ὠμότητος
1470 747 1908 819 τετολμημένοις,

333 841 536 902 παντὸς
566 836 633 910 ἦν
668 839 862 910 ἐχθροῦ
894 841 986 893 καὶ
1015 840 1271 911 πολεμίου
1302 841 1584 913 κρείττων.
1618 841 1827 895 Αὐτίκα
1867 842 1911 894 δ’

333 929 431 986 οῦν
455 935 504 985 οἱ
540 932 679 1002 (17')
707 933 864 997 θεοὺς
896 935 1022 996 τοὺς
1052 933 1124 1003 μὴ
1151 933 1312 996 ὄντας
1338 934 1621 996 παντοίαις
1648 934 1914 1003 ἀνάγκαις

331 1023 615 1088 ἐϐιάζοντο
663 1024 863 1086 σέϐειν,
920 1023 1014 1076 τοῦ
1058 1023 1209 1086 ὄντος
1269 1023 1602 1092 ἀφεστῶτες,
1654 1026 1682 1077 6
1738 1024 1781 1076 δ’
1830 1026 1911 1078 ὅτι

334 1119 410 1189 μὴ
441 1121 598 1180 εἰσὶν,
623 1117 804 1187 ἔργοις
825 1118 918 1170 καὶ
944 1116 1120 1185 λόγοις
1145 1117 1482 1186 ἀπελέγχων,
1502 1117 1590 1170 τὸν
1611 1117 1768 1187 μόνον
1785 1117 1913 1173 ὄντα

330 1209 634 1280 παρεκάλει
673 1207 979 1277 γνωρίζειν.
1029 1202 1142 1260 Εἶθ’
1196 1209 1243 1260 οἱ
1298 1209 1394 1278 μὲν
1447 1207 1784 1277 βλασφήμοις
1823 1206 1913 1260 τὸν

329 1301 570 1373 Χριστὸν
614 1299 709 1354 τοῦ
745 1299 878 1352 Θεοῦ
925 1297 1269 1369 διεχλεύαζον
1311 1302 1536 1367 φωναῖς,
1585 1300 1613 1352 6
1639 1299 1716 1362 δὲ,
1749 1301 1832 1368 ἐφ’
1869 1291 1913 1366 ᾦ

334 1393 571 1465 μάλιστα
615 1395 663 1446 οί
698 1392 845 1447 ἄθεοι
887 1391 986 1455 τάς
1025 1391 1376 1462 βλασφημίας
1418 1392 1712 1455 ἐπέτεινον,
1749 1391 1914 1462 ἐγρά-

331 1503 464 1556 φετο
490 1485 858 1556 φυλακτήριον
887 1485 1019 1554 (18),
1048 1482 1126 1554 τῷ
1162 1484 1255 1537 τοῦ
1288 1483 1493 1548 πάθους
1522 1484 1914 1553 σεμνυνόμενος

329 1578 596 1650 τροπαίῳ·
627 1578 675 1630 οἱ
711 1577 808 1647 μὲν
823 1576 1072 1647 ἤλαυνον,
1102 1576 1320 1638 ἀοίκους
1349 1577 1442 1630 καὶ
1469 1575 1750 1638 ἀνεστίους
1778 1575 1912 1628 καθ-

331 1669 592 1732 ιστῶντες
639 1670 764 1731 τοὺς
803 1666 1143 1738 θεραπευτὰς
1161 1666 1254 1720 τοῦ
1287 1665 1546 1738 Χριστοῦ,
1573 1669 1601 1720 6
1632 1665 1688 1718 δὲ
1718 1665 1913 1719 ἀνεκα-

2014 476 2307 532 excitabat.
2348 477 2566 531 Interim
2597 492 2729 532 vero
2763 475 2872 531 Deo
2901 477 3101 531 charus
3126 478 3436 548 imperator,
3468 495 3588 542 quae

2014 571 2095 625 sui
2124 569 2285 626 cilicii
2320 580 2478 623 erant
2504 568 2728 623 minimc
2757 569 3029 638 neglexit,
3058 585 3278 640 prorsus
3313 575 3587 625 contraria

2016 663 2082 718 iis
2114 676 2233 732 qua:
2284 662 2561 732 tyrannica
2619 643 2917 716 cru'delitas
2973 661 3134 730 paulo
3170 672 3295 717 ante
3329 677 3587 732 praesum-

2014 769 2221 832 pserat,
2240 775 2402 828 agere
2419 758 2660 813 studens.
2683 756 2866 826 anue
2885 757 3094 811 ratione
3115 758 3326 812 cunctis
3343 757 3587 812 hostibus

2013 860 2177 918 atque
2226 847 2461 903 inimicis
2508 849 2761 917 superior
2803 845 2925 903 fuit.
2959 846 3090 900 Nam
3118 848 3347 916 primum
3371 848 3586 914 quidem

2013 941 2089 996 illi
2120 956 2149 994 a
2186 940 2298 994 veri
2337 939 2428 994 Dei
2463 939 2610 993 cultu
2651 939 2836 1002 alieni,
2869 950 3094 994 cunctos
3121 938 3372 993 mortales
3393 940 3458 992 ad
3490 938 3586 994 fal-

2012 1047 2194 1098 sorum
2226 1031 2504 1085 numinum
2534 1030 2738 1086 cultum
2780 1031 2949 1084 variis
2997 1031 3171 1085 modis
3212 1045 3305 1098 per
3335 1032 3440 1084 vim
3471 1032 3586 1085 adi-

2013 1124 2229 1192 gebant.
2287 1121 2386 1176 llic
2426 1137 2554 1176 vero
2586 1124 2715 1178 deos
2757 1123 2878 1177 illos
2918 1122 3232 1192 neutiquam
3282 1135 3425 1189 esse,
3471 1131 3585 1177 tum

2014 1216 2218 1278 verbis,
2273 1224 2384 1268 tum
2439 1215 2616 1284 reipsa
2648 1216 3000 1280 convincens,
3057 1215 3337 1270 universos
3367 1216 3434 1270 ad
3472 1217 3588 1283 ejus

2013 1308 2104 1377 qui
2133 1308 2280 1362 solus
2312 1317 2395 1362 est
2421 1308 2558 1362 Deus
2595 1308 2920 1375 agnitionem
2976 1307 3222 1361 hortatus
3249 1315 3350 1361 est.
3374 1306 3455 1362 Ad
3474 1309 3590 1362 haec

2016 1398 2092 1452 illi
2140 1397 2416 1452 Christum
2452 1396 2549 1451 Dei
2610 1397 2789 1466 impiis
2838 1395 3062 1450 vocibus
3097 1394 3446 1450 deridebant:
3501 1396 3589 1450 hic

2016 1502 2146 1543 vero
2180 1487 2308 1541 illud
2354 1487 2531 1556 ipsum
2582 1487 2724 1555 quod
2780 1486 2926 1553 impii
2987 1485 3230 1539 homines
3289 1485 3590 1540 maledictis

2018 1575 2294 1644 praecipue
2319 1573 2689 1638 incessebant,
2733 1574 2926 1629 salutis
2967 1574 3271 1642 praesidium
3303 1589 3420 1628 esse
3449 1575 3587 1629 scri-

2017 1668 2148 1736 psit.
2197 1667 2494 1722 Dominica:
2524 1667 2792 1736 passionis
2825 1677 3027 1736 tropaeo
3073 1681 3192 1721 sese
3223 1665 3474 1724 eﬂ'ereus.
3509 1668 3586 1722 llli

331 1756 475 1810 λεῖτο
540 1757 666 1818 τοὺς
732 1754 958 1818 πάντας,
1026 1754 1121 1808 καὶ
1171 1757 1292 1816 ταῖς
1352 1755 1581 1817 οἰκείαις
1665 1753 1914 1807 ἀπεδίδου

2020 1761 2256 1816 cultores
2311 1759 2510 1814 Christi
2564 1759 3049 1828 persequebantur,
3096 1774 3298 1826 eosque
3340 1759 3497 1813 domo
3525 1775 3590 1814 ac

332 1848 556 1911 ἑστίαις.
591 1848 655 1901 Οἱ
706 1847 804 1917 μέν
825 1847 1072 1916 ἀτιμίαις
1109 1845 1482 1918 περιέϐαλλον,
1527 1848 1555 1899 6
1581 1845 1636 1898 δὲ
1666 1846 1915 1916 ἐντίμους

330 1937 428 1989 καὶ
463 1935 734 2006 ζηλωτοὺς
778 1935 1007 2004 καθίστη
1031 1939 1142 2000 τοῖς
1172 1936 1374 1989 ἆπασιν
1401 1954 1413 1966 ·
1447 1937 1496 1988 οἱ
1534 1937 1630 2006 μὲν
1657 1936 1915 2008 ἐδήμευον

333 2030 553 2094 ἀδίκως,
576 2029 682 2082 τῶν
713 2029 980 2082 θεοσεϐῶν
1006 2027 1422 2099 ἀφαρπάζοντες
1446 2029 1571 2091 τοὺς
1612 2027 1776 2091 βίους,
1805 2031 1832 2080 6
1859 2027 1916 2080 δὲ

335 2121 611 2184 ἀπεδίδου,
667 2121 941 2184 πλείστοις
996 2119 1504 2190 ἐπιδαψιλευόμενος
1561 2119 1912 2190 χαρίσμασιν.

331 2215 395 2266 Ol
423 2214 522 2283 μὲν
568 2212 926 2282 διατάγμασιν
959 2210 1258 2282 ἐγγράφοις
1293 2209 1390 2273 τὰς
1443 2208 1585 2262 κατά
1623 2208 1730 2261 τῶν
1787 2224 1918 2278 προ-

330 2305 501 2375 έδρων
537 2304 884 2375 ἐδημοσίευον
925 2303 1289 2372 συκοφαντίας
1339 2302 1472 2371 (19),
1500 2303 1528 2354 6
1569 2299 1623 2352 δὲ
1661 2299 1913 2370 ἔμπαλιν,

335 2397 578 2467 ἐπαίρων
608 2397 702 2450 καὶ
729 2395 948 2465 ἀνυψῶν
975 2399 1039 2466 τῇ
1071 2395 1199 2466 παρ’
1229 2393 1378 2464 αὐτῷ
1405 2395 1536 2464 τιμῇ
1557 2393 1680 2455 τοὺς
1696 2391 1914 2461 ἄνδρας,
1963 2396 1970 2403 ’

337 2489 732 2561 προγράμμασι
777 2489 870 2542 καὶ
911 2488 1094 2558 νόμοις
1131 2485 1584 2556 διαφανεστέρους
1619 2485 1809 2536 ἐποίει.
1855 2486 1915 2536 Οἱ

337 2582 436 2651 μὲν
478 2584 542 2634 ἐκ
595 2582 808 2654 βάθρων
851 2582 975 2644 τοὺς
1022 2579 1344 2651 εύκτηρίους
1395 2579 1575 2641 οῐκους
1622 2575 1913 2648 καθῄρουν,

334 2671 545 2726 ἄνωθεν
587 2672 644 2740 ἐξ
693 2673 859 2742 ῦψους
886 2669 1396 2740 καταστρωννύντες
1444 2671 1522 2731 είς
1558 2667 1769 2735 ἔδαφος,
1807 2669 1834 2719 6
1860 2665 1916 2719 δὲ

332 2764 433 2829 τὰς
455 2763 619 2829 οῦσας
653 2763 919 2834 ὑψοῦσθαι
948 2764 1040 2817 καὶ
1061 2763 1378 2833 καινοτέρας
1402 2760 1720 2815 ἀνίστασθαι
1746 2775 1915 2830 μεγα-

335 2857 622 2928 λοπρεπῶς
651 2857 709 2921 ἐξ
733 2855 909 2909 αὐτῶν
937 2855 1043 2908 τῶν
1081 2853 1372 2925 βασιλικῶν
1411 2851 1698 2924 θησαυρῶν
1738 2852 1918 2922 ἐνομο-

335 2949 505 3003 θέτει.
550 2952 611 3002 Ol
633 2951 730 3019 μὲν
773 2950 840 3003 τὰ
877 2948 1206 3001 θεόπνευστα
1255 2946 1410 3012 λόγια
1441 2943 1620 3013 ἀφανῆ
1667 2941 1915 2996 ποεῖσθαι

337 3042 476 3113 πυρὶ
515 3042 778 3110 φλεγέντα
821 3043 1202 3112 προσέταττον,
1253 3040 1280 3092 6
1305 3037 1362 3090 δὲ
1395 3035 1683 3089 καὶταῦτα
1714 3033 1916 3106 πληθύ-
1935 3024 1952 3038 ⁸

2019 1851 2306 1920 penatibus
2352 1848 2745 1906 exturbabant:
2789 1848 2879 1904 hic
2915 1858 3144 1903 cunctos
3188 1850 3254 1903 ab
3281 1850 3470 1903 exsilio
3505 1865 3590 1904 re-

2016 1943 2251 2008 vocavit,
2284 1952 2336 1996 et
2364 1942 2656 1996 domiciliis
2675 1941 2787 1995 suis
2815 1941 3071 1996 restituit.
3105 1941 3178 1992 llli
3213 1955 3306 1994 eos
3331 1941 3590 1996 notabant

2018 2034 2264 2097 infamia,
2316 2031 2403 2087 hic
2453 2033 2746 2088 honoribus
2800 2032 2969 2095 auxit,
2997 2043 3051 2086 et
3081 2032 3265 2086 felices
3301 2047 3364 2085 ac
3403 2031 3588 2085 beatos

2016 2126 2256 2180 omnium
2301 2124 2508 2194 judicio
2534 2123 2731 2177 elfecit.
2777 2123 2850 2176 Illi
2890 2123 2979 2177 Dei
3033 2124 3301 2177 cultorum
3331 2124 3464 2176 bona
3508 2123 3590 2175 in-

2014 2217 2161 2288 juste
2208 2217 2556 2286 publicabant
2612 2230 2674 2268 ac
2714 2215 3040 2282 diripiebant
3078 2215 3208 2269 :hic
3265 2230 3367 2268 non
3418 2213 3588 2268 solum

2019 2309 2151 2378 ipsis
2198 2310 2335 2363 bona
2383 2324 2477 2362 sua
2521 2307 2798 2372 restituit;
2831 2307 2921 2359 sed
2964 2306 3210 2373 plurimis
3255 2306 3471 2374 insuper
3499 2304 3592 2357 be-

2019 2398 2226 2454 neﬁciis
2271 2397 2496 2453 allectos
2526 2395 2900 2465 locupletavit.
2956 2395 3031 2448 Illi
3071 2395 3290 2463 scriptis
3327 2394 3589 2449 constitu-

2019 2491 2252 2546 tionibus
2284 2489 2588 2544 calumnias
2635 2488 2895 2541 adversus
2926 2487 3292 2541 Ecclesiarum
3334 2484 3591 2555 praesides

2018 2585 2362 2655 divulgabaut
2390 2603 2404 2637 :
2439 2583 2524 2637 hic
2555 2592 2744 2637 contra
2801 2583 3022 2635 eosdem
3055 2581 3199 2636 viros
3248 2581 3509 2637 extollens
3537 2592 3594 2638 et

2021 2680 2224 2733 honore
2272 2677 2530 2743 alliciens,
2581 2677 2776 2730 edictis
2811 2691 2874 2729 ac
2920 2675 3131 2744 legibus
3169 2674 3478 2744 propositis,
3528 2675 3594 2728 il-

2018 2771 2308 2826 lustriores
2357 2785 2519 2838 quam
2573 2781 2732 2823 antea
2789 2769 3046 2822 reddidit.
3099 2765 3165 2822 Et
3243 2766 3315 2822 illi
3373 2767 3591 2836 quidem

2016 2863 2251 2917 Oratoria
2297 2859 2539 2914 funditus
2595 2859 2948 2924 evertebant,
3007 2867 3061 2912 et
3122 2858 3189 2911 ab
3229 2856 3359 2926 ipsis
3403 2856 3594 2910 culmi-

2019 2954 2176 3008 nibus
2223 2968 2392 3020 usque
2441 2952 2507 3004 ad
2558 2951 2729 3006 solum
2796 2949 3023 3018 disiecta
3078 2947 3401 3003 sternebant
3443 2967 3455 3002 :
3503 2947 3592 3002 hic

2018 3045 2180 3117 483
2211 3060 2340 3099 vero
2393 3045 2630 3098 oratoria
2680 3057 2799 3110 qua:
2829 3041 3004 3095 adhuc
3050 3050 3395 3108 superessent
3429 3039 3593 3093 altius

339 3152 453 3187 νειν
487 3134 599 3198 (20)
641 3136 706 3188 ἐκ
741 3133 1029 3204 βασιλικῶν
1065 3131 1354 3202 θησαυρῶν
1389 3128 1796 3201 μεγαλοπρεπεῖ
1820 3145 1917 3180 πα-

2023 3137 2175 3205 erigi,
2210 3143 2265 3190 et
2295 3149 2432 3187 nova
2471 3134 2758 3202 magnilico
2791 3132 2936 3186 cultu
2969 3131 3195 3199 prolatis
3223 3146 3290 3185 ex
3320 3131 3590 3199 imperiali

340 3228 585 3298 ρασκευῇ
618 3223 1160 3295 πολυπλασιαζόμενα
1187 3222 1514 3292 ἐνομοθέτει.
1552 3222 1615 3274 Οί
1653 3220 1750 3290 μὲν
1794 3235 1891 3271 συν

353 3317 508 3382 όδους
536 3318 849 3371 ἐπισκόπων
869 3315 1088 3387 μηδαμῆ
1119 3313 1382 3385 μηδαμῶς
1396 3313 1596 3384 τολμᾷν
1619 3309 1917 3382 προσὲτατ-

341 3428 435 3464 τον
466 3410 758 3476 ποιεῖσθαι,
794 3412 821 3462 6
845 3409 902 3462 δὲ
929 3409 1053 3472 τοὺς
1085 3407 1142 3474 ἐξ
1169 3407 1426 3460 ἁπάντων
1457 3404 1566 3458 τῶν
1595 3402 1761 3456 ἐθνῶν
1791 3400 1918 3472 παρ’

344 3502 524 3573 ἑαυτῴ
568 3501 901 3572 συνεκρότει,
942 3499 1226 3570 βασιλείων
1256 3499 1306 3550 τ’
1345 3499 1475 3551 εἵσω
1515 3497 1789 3568 παρεῖναι,
1825 3492 1921 3548 καὶ

346 3595 510 3664 μέχρι
543 3593 650 3646 τῶν
681 3593 946 3646 ἐνδοτάτω
982 3594 1204 3663 χωρεῖν,
1229 3590 1496 3653 ἐστίαςτε
1523 3590 1617 3642 καὶ
1641 3587 1920 3659 τραπέζης

346 3685 632 3756 βασιλικῆς
666 3687 956 3748 κοινωνοὺς
983 3683 1236 3753 γενέσθαι
1277 3682 1449 3752 ⁴ίγξίου.
1479 3683 1541 3735 υἱ
1583 3682 1682 3752 μὲν
1720 3679 1919 3750 ἐτίμων

344 3777 654 3849 ἀναθήμασι
686 3777 812 3841 τοὺς
850 3777 1129 3847 δαίμονας,
1181 3779 1209 3830 6
1236 3777 1290 3829 δὲ
1315 3774 1630 3844 ἀπεγύμνου
1657 3771 1756 3842 τὴν
1786 3770 1922 3824 πλά-

343 3888 464 3940 νην,
495 3869 593 3940 τὴν
627 3869 898 3939 ἄχρηστον
938 3869 1045 3920 τῶν
1079 3867 1441 3939 ἀναθημάτων
1479 3866 1611 3937 ὕλην
1641 3867 1752 3928 τοῖς
1784 3864 1919 3935 χρῆ-

344 3963 470 4017 σθαι
495 3963 735 4028 δυνατοῖς
767 3961 1032 4031 διηνεκῶς
1059 3962 1256 4032 νέμων.
1303 3964 1363 4014 Οἱ
1396 3962 1491 4032 μὲν
1521 3961 1645 4023 τοὺς
1673 3959 1808 4022 νεὼς
1830 3977 1920 4027 φι-

341 4053 574 4123 λοτίμως
617 4056 840 4124 κοσμεῖν
880 4053 1152 4116 ἐκέλευον,
1193 4055 1222 4105 6
1250 4053 1307 4106 δὲ
1339 4056 1402 4106 ἐκ
1439 4051 1653 4123 βάθρων
1694 4049 1920 4122 καθῄρει

341 4145 548 4198 τούτων
599 4144 778 4198 αὐτῶν
829 4145 894 4198 τὰ
936 4145 1171 4216 μάλιστα
1227 4144 1376 4214 παρά
1414 4147 1525 4207 τοῖς
1567 4142 1921 4212 δεισιδαίμοσι

342 4237 538 4291 πολλοῦ
582 4237 728 4301 ἀξια.
772 4239 832 4291 Ol
877 4238 974 4308 μὲν
1022 4241 1146 4302 τοὺς
1185 4236 1279 4289 τοῦ
1308 4235 1445 4289 Θεοῦ
1484 4234 1703 4297 δούλους
1741 4233 1919 4303 αἰσχί-

344 4347 499 4393 σταις
540 4330 838 4384 ὑπέϐαλλον
890 4332 1203 4402 τιμωρίαις,
1249 4331 1276 4381 6
1321 4329 1376 4383 δὲ
1415 4327 1611 4391 αὐτοὺς
1661 4327 1757 4397 μὲν
1796 4327 1920 4389 τοὺς

341 4421 514 4476 ταῦτα
541 4420 869 4492 δεδρακότας
902 4423 1110 4493 μετῄει,
1150 4418 1495 4492 σωφρονίζων
1536 4420 1601 4488 τῇ
1637 4416 1922 4490 πρεπούσῃ

412 4641 524 4710 (16)
566 4642 673 4696 Kal
697 4642 823 4712 μὴν
853 4643 1170 4708 βασιλεύς.
1211 4640 1266 4694 1η
1305 4639 1500 4712 Savilii
1533 4637 1667 4712 libro
1723 4636 1915 4704 legitur

340 4715 369 4766 6
397 4713 454 4766 δὲ
499 4709 771 4782 βασιλεύς.
804 4713 856 4766 lu
890 4714 1162 4766 veteribus
1196 4722 1395 4782 autem
1428 4709 1662 4782 schedis
1693 4716 1917 4782 utraque

343 4777 508 4837 lectio
549 4786 783 4839 habetur
837 4785 937 4837 hoc
975 4785 1150 4844 modo,
1179 4784 1207 4834 6
1247 4781 1303 4833 δὲ
1349 4779 1413 4850 δὴ
1461 4779 1555 4831 καί
1607 4778 1712 4848 μὴν
1765 4777 1918 4846 βασι-

340 4851 484 4913 λεύς,
511 4867 618 4907 etc.

411 4924 523 4989 (17)
548 4923 705 4993 Vulg.
726 4923 921 4977 πάντα
949 4922 1220 4990 πράττων
1235 4921 1540 4993 τάναντία.
1561 4917 1613 4970 In
1631 4916 1808 4971 Μοιιωί
1823 4916 1914 4993 lib.

341 4988 735 5064 adimarginem
784 4988 1101 5064 emendatur
1133 4993 1309 5046 πάντα
1340 4991 1396 5044 δὲ
1436 4988 1710 5064 πράττων,
1755 4997 1824 5064 ιιι,
1861 4988 1912 5064 ill

343 5063 476 5115 Fuk.
533 5054 588 5115 et
635 5064 820 5118 Savilii
869 5066 1006 5118 codd
1073 5063 1237 5116 Paulo
1288 5073 1413 5114 ante
1465 5054 1562 5128 pro
1607 5058 1715 5109 τῶν
1765 5054 1914 5124 αὐτῷ

349 5134 749 5204 προσηκόντων,
797 5145 1022 5201 uterque
1049 5136 1216 5186 codex
1247 5143 1302 5188 et
1333 5132 1547 5185 schedze
1581 5129 1761 5199 Regius
1783 5144 1918 5196 pra:-

342 5203 529 5256 fcrunt
555 5203 661 5255 τῶν
693 5204 842 5274 αὐτῷ
878 5205 1212 5275 πρεπόντων.

416 5275 551 5344 (17⁸)
594 5266 880 5328 Εκοίιιὶέδθ
909 5266 1116 5328 videtur
1151 5274 1270 5342 μέν,
1301 5273 1416 5326 sine
1459 5286 1565 5340 quo
1591 5271 1741 5322 locus
1772 5266 1919 5322 clau—

344 5345 418 5395 ιίἱι
437 5358 571 5397 aret.
608 5344 762 5396 Ειιιτ.

416 5415 527 5482 (I8)
582 5413 895 5484 Ἑγράρετο
946 5412 1374 5481 φυλακτήριον.
1421 5411 1682 5484 Positum
1712 5408 1924 5484 videtur

344 5477 440 5556 pro
465 5477 847 5556 ἐπεγράφετο,
897 5477 958 5556 ξιξ
981 5496 1094 5543 est,
1126 5477 1344 5556 tutelam
1389 5483 1489 5556 sibi
1519 5481 1728 5556 ascit'it.
1761 5477 1920 5556 Quod

346 5556 388 5604 si
424 5554 474 5605 id
511 5549 732 5608 tertium
773 5556 824 5605 iu
866 5553 1080 5620 vulgata
1113 5553 1512 5620 signiﬁcatione
1544 5551 1680 5602 sumi
1724 5549 1916 5620 placet,

346 5623 398 5676 itl
433 5639 644 5693 quoque
690 5623 819 5693 ferri
870 5617 1064 5689 pmcst.
1111 5617 1495 5693 constantibus
1529 5621 1676 5693 enim
1722 5624 1774 5693 ιιι
1805 5617 1916 5693 basi

353 5689 738 5757 statuae—quam
794 5691 976 5746 Romae
1014 5702 1132 5758 post
1167 5704 1373 5760 partam
1411 5692 1476 5744 dc
1527 5689 1797 5743 Maxentio
1843 5689 1918 5739 vi-

2019 3228 2216 3282 azrario
2244 3227 2551 3294 sumptibus
2570 3225 2774 3279 exstrui
2807 3225 3080 3293 praecepit.
3112 3223 3190 3277 Illi
3211 3223 3430 3277 oracula
3455 3221 3595 3277 divi-

2022 3320 2164 3373 nitus
2189 3319 2449 3385 inspirata
2474 3317 3251 3385 ﬁammisabolerijusserunt:
3289 3315 3379 3369 hic
3409 3329 3595 3370 sacro-

2023 3426 2139 3464 rum
2190 3408 2529 3463 voluminum
2566 3407 2899 3476 exemplaria
2945 3407 3253 3474 sumptibus
3298 3403 3596 3474 impcrialis

2019 3501 2194 3556 aerarii
2249 3498 2652 3570 pr0pagari,'et
2691 3497 2982 3568 magniﬁco
3026 3505 3289 3567 apparatu
3342 3497 3588 3550 decorari

2023 3593 2316 3645 mandavit.
2349 3590 2621 3645 Jubebant
2651 3589 2726 3642 illi
2769 3604 2836 3644 ue
2884 3590 3126 3658 episcopi
3177 3589 3415 3660 synodos
3465 3604 3594 3642 cou-

2021 3694 2246 3749 gregare
2273 3679 2484 3747 uspiam
2510 3680 2775 3732 auderent
2813 3697 2824 3730 :
2882 3677 2968 3731 hic
3001 3677 3287 3746 episcopos
3319 3691 3384 3730 ex
3412 3677 3592 3732 omni-

2022 3773 2122 3826 bus
2169 3769 2470 3839 provinciis
2527 3768 2593 3820 ad
2636 3781 2694 3821 se
2733 3767 3057 3832 accersivit;
3120 3781 3221 3821 nec
3261 3767 3420 3821 modo
3452 3767 3592 3821 intra

2020 3861 2277 3930 palatium
2307 3861 2440 3916 etin
2471 3860 2721 3914 intimum
2753 3872 2923 3927 usque
2965 3857 3273 3913 cubiculum
3334 3857 3552 3911 admisit
3574 3896 3592 3920 ,

2020 3953 2112 4008 sed
2145 3953 2310 4007 etiam
2341 3966 2540 4006 mensa:
2565 3951 2808 4019 tectique
2834 3949 3129 4019 participes
3155 3963 3274 4002 esse
3305 3947 3491 4002 voluit.
3515 3947 3593 4002 llli

2021 4047 2293 4101 daemones
2320 4043 2562 4098 donariis
2591 4043 2966 4098 honorabant:
3007 4042 3095 4095 hic
3137 4055 3324 4096 eorum
3377 4039 3594 4094 fraudes

2021 4136 2257 4206 aperuit,
2286 4145 2342 4189 et
2370 4134 2653 4189 materiam
2699 4135 2866 4202 ipsam
2900 4133 3252 4187 donariorum
3286 4130 3446 4185 nullis
3483 4131 3595 4185 usi-

2021 4229 2119 4282 bus
2143 4227 2397 4290 dicatam,
2430 4225 2497 4280 iis
2518 4226 2608 4294 qui
2633 4226 2706 4278 uti
2748 4233 2998 4293 poterant
3023 4230 3283 4291 perpetuo
3312 4230 3396 4273 est
3429 4219 3596 4273 dilar—

2021 4325 2185 4390 gitus.
2222 4317 2298 4372 illi
2345 4319 2568 4373 deorum
2603 4317 2802 4386 templa
2857 4314 3146 4381 magniﬁce
3199 4313 3384 4366 ornari
3435 4310 3596 4378 jube-

2023 4417 2154 4469 baut
2185 4431 2196 4465 :
2235 4408 2327 4465 hic
2353 4425 2414 4464 ea
2438 4425 2558 4479 quae
2586 4407 2978 4478 superstitiosis
3002 4404 3308 4459 hominibus
3325 4402 3594 4473 praecipuo

2027 4631 2252 4685 ctoriam
2311 4629 2517 4690 erexit,
2565 4626 2726 4680 scribi
2763 4626 2962 4693 “jussit,
2990 4624 3148 4691 hujus
3192 4621 3325 4692 signi
3397 4620 3596 4673 virtute

2026 4705 2214 4755 urbem
2252 4702 2471 4753 Romam
2503 4715 2530 4750 a
2563 4713 2620 4751 se
2653 4697 2936 4749 liberatam
2966 4694 3150 4746 fuisse.

2095 4773 2205 4840 (l9)
2250 4769 2399 4833 Vulg.
2420 4768 2548 4832 ταῖς
2573 4765 2724 4840 κατά
2750 4764 2975 4831 τῶνπρ.
2996 4762 3401 4840 ἑδημοσίευονὶ
3421 4775 3599 4840 mmo:

2024 4829 2315 4911 φᾱντίαις.
2329 4829 2485 4892 Ratio
2501 4829 2742 4911 svlitaxis
2761 4829 2989 4902 postulat
3006 4845 3060 4885 ut
3077 4829 3334 4911 legamus,
3347 4831 3446 4911 τάς
3459 4829 3598 4883 κατά

2022 4901 2131 4965 τῶν
2170 4901 2447 4982 προέδρων
2484 4901 3245 4982 ὲδημψίεύονρῇυκοφαντίας.
3282 4901 3445 4982 Paulo
3480 4910 3600 4982 post

2015 4971 2358 5036 scribeuduu'i
2404 4982 2468 5050 τῇ
2521 4971 2648 5045 παρ’
2696 4974 2859 5028 αὑτοῦ
2889 4971 3055 5045 (τιμῇ,
3101 4982 3160 5026 ιιι
3208 4972 3407 5025 habent
3439 4971 3594 5025 codd.

2023 5052 2154 5106 Fuk.
2188 5061 2242 5104 et
2278 5051 2489 5102 Savilii.

2095 5123 2208 5187 (ΞΟ)
2253 5121 2306 5171 Ὀ
2337 5117 2405 5170 δὲ
2435 5117 2533 5171 καὶ
2564 5117 2748 5170 ταῦτα
2778 5117 3127 5187 πληθύνειν.
3158 5113 3214 5166 lu
3253 5113 3387 5165 libro
3419 5110 3597 5187 Morari

2025 5181 2234 5256 adjecta
2273 5197 2399 5242 sunt
2430 5192 2494 5240 ad
2541 5189 2836 5256 marginem
2875 5190 2987 5239 lucc
3022 5184 3208 5245 verba,
3253 5197 3371 5251 qua:
3397 5196 3506 5256 Διιοε
3542 5181 3595 5230 in

2024 5250 2159 5316 Fuk.
2185 5261 2347 5314 etiam
2385 5269 2438 5312 et
2473 5258 2639 5312 Sattil.
2664 5250 2826 5310 codd.
2876 5257 3194 5320 reperimus,
3255 5250 3594 5322 μεγαλοπρε-

2027 5337 2118 5386 πεῖ
2163 5331 2482 5403 παρασκευῇ
2533 5325 3107 5403 πολυπλασιαζὸμεναο
3153 5322 3600 5403 quartuscripttt-

2030 5420 2142 5456 ram
2177 5391 2710 5467 in'intcrpretatioue
2738 5414 2830 5451 sua
2866 5391 3083 5449 secutus
3105 5391 3186 5446 est
3220 5391 3601 5467 Christophor-

2028 5487 2217 5526 sonus.
2247 5459 2420 5523 Certe'
2441 5467 2826 5522 Constantinus
2862 5467 3024 5519 libros
3073 5478 3257 5538 sacros
3285 5463 3374 5530 qui
3400 5459 3598 5538 _ecc_l_e-

2029 5542 2265 5596 siasticis
2317 5541 2503 5592 usibus
2559 5538 2956 5602 inserviebam,
3003 5534 3232 5604 gemmis
3281 5529 3342 5583 ac
3400 5529 3596 5604 lapillis

2027 5612 2274 5671 ornavit,
2327 5622 2384 5662 ut
2433 5609 2588 5662 ducet
2640 5600 3029 5663 Cedrcuus'iti
3064 5602 3343 5666 Chronico,
3392 5600 3480 5654 ubi
3533 5602 3597 5673 de

2031 5682 2333 5736 Metrodoro
2366 5680 2703 5749 phiIOSOpho.
