4114 6432
603 294 744 351 1055

1353 293 1626 350 EUSEBII
1667 293 2144 349 CAESARIENSIS
2183 292 2332 349 UPP.
2369 294 2548 349 PARS
2587 294 2627 348 ἰ.
2669 321 2738 333 —-
2776 286 3204 346 HISTORICA.

3801 280 3919 337 1056

605 417 809 468 honore
843 413 1180 480 colebantur,
1218 414 1462 469 funditus
1491 412 1780 466 subvertit.
1831 411 1908 465 llli
1942 411 2030 465 Dei
2065 427 2167 467 ser-

2274 412 2367 465 τοῦ
2393 410 2527 464 Θεοῦ
2549 409 2765 463 κολάσει
2785 407 2918 479 (21),
2937 406 3043 470 τῶν
3064 405 3117 457 δ’
3138 399 3346 470 ἁγίων
3363 392 3682 467 μαρτύρων
3698 393 3788 445 τοῦ
3801 395 3920 449 Θεοῦ

605 520 700 558 vos
733 505 1106 572 ignominiosis
1140 506 1317 574 pinnis
1347 504 1658 558 adiciebant
1684 521 1696 556 :
1724 503 1810 558 hic
1838 519 1932 558 eos
1961 505 2174 571 quidem

596 598 691 662 qui
720 598 815 650 ista
841 597 1177 651 admiserant
1207 607 1550 665 persecutus,
1599 597 1780 650 debito
1822 595 2004 651 aﬂ‘ecit
2051 613 2177 664 sup-

603 691 791 758 plicio;
825 699 1143 744 sanctorum
1179 702 1361 745 autem
1397 691 1490 744 Dei
1539 698 1840 760 martyrum
1888 691 2176 743 memorias

600 779 780 834 colere
813 795 1089 850 nunquam
1120 781 1350 835 destitit.
1405 779 1481 834 Illi
1539 779 1724 833 divino
1769 779 1933 832 cultui
1967 780 2176 834 dicatos

580 871 850 924 homines
887 886 917 925 e
953 871 1159 942 palatio
1193 872 1486 941 ejiciebant
1520 891 1534 926 :
1565 872 1653 926 hic
1700 871 1962 941 ejusmodi
1995 873 2173 926 homi-

605 963 758 1018 nibus
787 966 1061 1033 prtecipue
1115 965 1352 1020 conﬁsus
1384 975 1487 1025 est,
1517 967 1713 1033 quippe
1752 980 1890 1034 quos
1930 981 2037 1033 pne
2073 981 2174 1020 caa-

603 1053 734 1106 teris
759 1055 1012 1109 omnibus
1057 1054 1353 1110 benevolos
1405 1055 1667 1122 ﬁdosque.
1685 1055 1788 1108 sibi
1822 1069 1941 1108 esse
1972 1055 2173 1110 intelli-

601 1159 774 1212 geret.
815 1146 892 1200 llli
944 1148 1189 1216 pecuniae
1240 1147 1494 1216 cogenda:
1526 1161 1688 1216 supra
1722 1147 1940 1199 modum
1976 1147 2120 1200 avidi
2157 1187 2171 1210 ,

603 1238 882 1293 Tantalico
911 1240 1122 1294 cuidam
1153 1239 1367 1293 aifectui
1429 1240 1669 1292 animum
1695 1255 1853 1292 suum
1897 1241 2174 1307 mancipa-

602 1341 831 1386 rerant:
869 1332 957 1385 hic
1001 1333 1169 1401 regali
1224 1331 1626 1402 magniﬁcentia
1661 1333 1949 1384 thesauros
1984 1347 2172 1385 omnes

603 1420 906 1480 recludens.
937 1421 1142 1474 liberali
1171 1429 1225 1474 et
1271 1435 1534 1488 generosa
1567 1420 1848 1490 largitione
1869 1435 1962 1475 eos
1992 1421 2174 1475 distri-

604 1514 738 1568 buit.
771 1515 1012 1586 Denique
1046 1515 1116 1568 illi
1149 1516 1365 1585 quidem
1404 1512 1826 1567 innumerabiles
1859 1513 2034 1567 czedes
2059 1528 2174 1582 per-

606 1605 912 1673 petrabant,
947 1615 1006 1660 ut
1033 1606 1450 1661 interfectorum
1492 1603 1630 1656 bona
1666 1603 1964 1671 diriperent
1988 1620 2053 1658 ac
2083 1621 2173 1674 pu-

605 1695 868 1749 blicarent
902 1715 914 1750 :
955 1696 1189 1765 quandiu
1235 1712 1369 1750 vero
1410 1693 1698 1762 imperavit
1730 1693 2122 1748 Constantinus
2151 1735 2167 1759 ,

601 1787 811 1840 cunctis
835 1786 1104 1854 iudicibus
1138 1788 1349 1858 gladius
1389 1790 1598 1843 otiosus
1625 1802 1841 1856 semper
1876 1797 2041 1853 atque
2092 1787 2173 1840 iu-

601 1883 858 1928 oruentus
899 1879 1156 1944 pependit
1188 1899 1198 1931 :
1239 1892 1361 1930 eum
1393 1878 1444 1931 in
1471 1879 1723 1932 omnibus
1753 1878 2052 1948 provinciis
2077 1885 2171 1954 p'o-

600 1966 707 2034 puli
732 1968 893 2021 simul
933 1984 996 2023 ac
1032 1969 1354 2025 decuriones
1396 1972 1572 2039 patria
1618 1972 1849 2040 quadam
1906 1981 2173 2040 potestate

600 2059 778 2129 potius
808 2075 966 2130 quam
1010 2061 1058 2113 vi
1100 2078 1161 2117 ae
1195 2064 1520 2118 necessitate
1571 2074 1912 2132 regerentur.
1945 2063 2073 2130 Qua:
2126 2066 2169 2118 si

599 2151 720 2224 quis
749 2154 1008 2208 attentius
1030 2156 1482 2222 consideraverit,
1524 2158 1720 2210 merito
1777 2157 2021 2211 dicturus
2048 2167 2169 2222 est,

599 2258 795 2296 novum
825 2247 1093 2314 quoddam
1130 2247 1386 2301 smculurn
1439 2251 1652 2302 tandem
1695 2250 2010 2319 apparuisse
2064 2249 2164 2303 sibi

2278 503 2374 567 τὰς
2401 505 2618 574 μνήμας
2649 500 2820 572 τιμῶν
2853 500 2914 552 ού
2953 499 3383 567 διελίμπανεν.
3419 489 3486 543 ΟΞ
3517 488 3624 558 μὲν
3655 487 3762 539 τῶν
3789 487 3923 556 βασι-

2277 595 2442 648 λικῶν
2499 594 2729 665 ἤλαυνον
2779 591 2944 643 οἴκων
2996 591 3140 651 τοὺς
3181 580 3504 641 Θεοσεϐεῖς
3570 577 3792 648 ἄνδρας,
3826 579 3921 633 ob:

2277 689 2458 750 αὐτοῖς
2517 685 2751 755 μάλιστα
2815 682 3026 744 τούτοις
3094 675 3367 732 διετέλει
3428 669 3685 743 θαρῤὧν,
3753 668 3919 737 εὖνους

2277 777 2424 848 αύτῷ
2457 777 2568 846 (‘32)
2607 778 2700 828 καὶ
2741 776 2964 838 πιστοὺς
3003 772 3303 826 ἁπάντων
3347 762 3574 836 μᾶλλον
3610 761 3831 825 τούτους
3853 760 3918 815 εἷ·

2275 887 2362 921 ναι
2411 866 2715 935 γινώσκων.
2760 865 2822 918 Οἱ
2865 865 2965 935 μὲν
3013 857 3365 933 χρημάτων
3412 855 3632 924 ἥττους
3674 852 3913 922 ὑπῆρχον,

2276 959 2586 1029 Τανταλείῳ
2609 959 2707 1027 τὴν
2730 956 2902 1027 ψυχὴν
2938 954 3101 1008 πάθει
3136 947 3614 1018 δεδουλωμένοι,
3644 947 3674 998 ὁ
3704 945 3761 998 δὲ
3787 945 3915 1014 βασι-

2274 1054 2395 1124 λικῇ
2432 1050 2874 1123 μεγαλοπρεπείᾳ
2918 1048 3130 1110 πάντας
3175 1039 3582 1102 ἀναπετάσας
3607 1037 3911 1108 θησαυροὺς,

2275 1145 2504 1216 πλουσίᾳ
2520 1144 2612 1196 καὶ
2625 1139 2985 1213 μεγαλοψύχῳ
3001 1138 3202 1209 δωρεᾷ
3231 1135 3347 1196 τὰς
3378 1131 3721 1203 μεταδόσεις
3735 1132 3915 1182 ἐποιεῖ-

2275 1255 2352 1290 το.
2389 1237 2450 1290 Οἱ
2495 1238 2590 1306 μὲν
2638 1235 2862 1306 μυρίους
2927 1231 3404 1305 κατειργάζοντο
3451 1224 3682 1295 φόνους,
3726 1224 3913 1296 ἐφ’ἁρ-

2275 1331 2423 1400 παγῇ
2471 1327 2566 1380 καὶ
2608 1325 2870 1398 δημεύσει
2920 1324 3018 1394 τῆς
3039 1323 3158 1375 τῶν
3225 1317 3687 1388 ἀναιρουμένων
3725 1316 3909 1378 οὐσίας,

2275 1420 2679 1476 Κωνσταντῐνου
2701 1419 2742 1470 δ’
2772 1419 2863 1470 ἐπὶ
2889 1415 3034 1485 πάσῃ
3073 1416 3145 1484 τῇ
3186 1407 3500 1481 βασιλείᾳ,
3534 1408 3652 1459 πᾶν
3679 1405 3823 1474 ξίφος
3845 1411 3908 1471 εἰς

2273 1515 2541 1586 ἄχρηστον
2573 1514 2684 1575 τοῖς
2718 1511 2997 1572 δικασταῖς
3029 1505 3397 1578 ἀπῃώρητο,
3445 1501 3564 1554 τῶν
3609 1501 3730 1553 κατ’
3777 1500 3907 1562 ἔθνος

2272 1606 2457 1677 δήμων
2493 1623 2554 1657 τε
2595 1605 2688 1657 καὶ
2729 1599 3060 1655 πολιτευτῶν
3088 1597 3213 1668 (23)
3255 1591 3502 1664 ἀνδρῶν
3553 1607 3905 1661 πατρονομουο

2277 1702 2451 1772 μένων
2477 1699 2588 1769 (⁸24)
2634 1697 2854 1768 μᾶλλον,
2889 1695 2922 1766 ἢ
2954 1695 3039 1747 ἐπ’
3081 1691 3394 1759 ἀνάγκαις
3447 1685 3795 1757 ἀρχομένων.
3821 1686 3900 1748 Εἰς

2205 1769 2308 1846 Bb.
2346 1792 2410 1864 δὴ
2440 1790 2752 1860 ἀποϐλέψας
2793 1785 2948 1841 εἶπεν
2987 1788 3051 1841 ἄν
3100 1802 3195 1847 τις
3235 1781 3523 1842 εἰκότως,
3574 1776 3768 1846 νεαρόν
3799 1793 3897 1828 τινα

2269 1886 2363 1939 καὶ
2386 1884 2628 1952 νεοπαγῆ
2656 1882 2766 1953 βίον
2794 1881 2906 1950 (9.5)
2934 1882 3059 1951 ἄρτι
3084 1880 3219 1932 τότε
3247 1875 3515 1946 φανῆναι
3543 1872 3742 1933 δοκεῖν,
3766 1870 3893 1936 ξένον

2270 1978 2444 2046 φωτὸς
2475 1976 2671 2049 ἀθρόου
2716 1977 2778 2028 ἐκ
2816 1974 3041 2036 σκότους
3073 1971 3150 2042 τῷ
3198 1967 3411 2039 Θνητῷ
3452 1962 3893 2032 καταλάμψαντος

2268 2067 2434 2134 γένει,
2468 2065 2602 2119 Θεοῦ
2631 2083 2688 2118 τε
2719 2065 2780 2117 τὸ
2805 2066 2911 2117 πᾶν
2943 2063 3100 2134 ἔργον
3128 2057 3288 2115 εἶναι
3334 2056 3664 2128 ὁμολογεῖν,
3689 2054 3780 2124 τῆς
3797 2054 3886 2106 «In;

2269 2157 2440 2212 ἀθέων
2463 2158 2718 2228 πληθύος
2749 2155 3044 2210 ἀντίπαλον
3076 2154 3168 2207 τὸν
3204 2149 3460 2220 θεοφιλῆ
3505 2145 3738 2217 βασιλέα
3773 2161 3885 2216 προ-

2274 2250 2438 2321 ϐεὗλη
2448 2250 2631 2320 μένου.

601 2336 1050 2402 videri,insolito
1079 2337 1284 2393 lumine
1317 2350 1440 2408 post
1468 2342 1752 2394 diuturnas
1812 2341 2066 2394 tenebras
2130 2341 2371 2394 humano
2429 2344 2611 2411 generi
2663 2351 2886 2411 repente
2948 2338 3283 2410 ail'ulgente,
3342 2343 3653 2401 totumque
3687 2329 3878 2385 boclh-i

597 2443 733 2494 opus
785 2443 907 2483 esse
956 2429 1232 2494 fatebitur,
1268 2432 1358 2500 qui
1399 2431 1664 2486 adversus
1701 2431 1848 2484 illam
1911 2431 2199 2500 impiorum
2237 2433 2659 2499 multitudinem,
2703 2435 2847 2488 hunc
2909 2432 3224 2502 religiosum
3295 2428 3707 2495 imperatorem
3757 2422 3872 2475 velut

597 2523 849 2578 a'utulum
872 2525 1206 2595 opposuerit.

1091 2637 1255 2711 484
1281 2639 1506 2696 CAPUT
1548 2646 1607 2697 ιι.

599 2745 803 2800 Rursus
832 2748 898 2800 de
918 2749 1114 2816 pietate
1161 2750 1515 2816 Conaturttiui,
1547 2756 1753 2824 signum
1789 2755 1958 2810 crucis
2012 2754 2171 2810 libere

1223 2825 1538 2891 proﬁtentis.

665 2927 802 2986 Nam
833 2947 957 2987 cum
1013 2934 1091 2988 illi
1129 2937 1343 3004 quidem
1389 2940 1527 2993 tales
1555 2939 1926 3006 exstitissent,
1984 2941 2171 3010 quales

597 3023 727 3078 nulli
763 3041 999 3094 unquam
1029 3030 1125 3083 visi
1168 3031 1420 3095 fuerant,
1474 3047 1644 3099 eaque
1692 3033 1956 3087 adversus
1983 3033 2169 3087 Eccle-

596 3118 732 3172 siam
774 3120 1064 3176 admittere
1095 3123 1210 3176 ausi
1243 3122 1629 3191 fuissent,qu:e
1654 3139 2067 3193 nemuunquam
2100 3118 2166 3178 ab

599 3209 786 3265 ultima
823 3228 996 3282 usque
1034 3214 1313 3268 hominum
1374 3215 1635 3269 memoria
1664 3215 1818 3284 (tincta
1855 3230 1977 3269 esse
2014 3215 2167 3268 audi-

597 3314 736 3368 erat,
764 3305 959 3359 merito
990 3307 1129 3362 Deus
1170 3309 1485 3362 inusitatum
1513 3307 1783 3377 quoddam
1813 3309 2156 3373 miraculum,

597 3396 1010 3452 Constantinum
1036 3400 1265 3463 scilicet,
1297 3401 1348 3454 in
1374 3401 1608 3455 medium
1636 3402 1966 3471 producens.
1989 3415 2048 3453 ea
2075 3417 2170 3469 per

599 3487 748 3541 illum
766 3490 956 3560 gessit,
990 3507 1111 3561 qua:
1143 3508 1241 3548 nec
1296 3493 1483 3547 auditu
1522 3509 1758 3562 unquam
1789 3500 2032 3563 accepta,
2073 3507 2172 3547 nec

597 3581 768 3634 oculis
801 3582 918 3636 visa
964 3582 1195 3638 fuerant.
1232 3584 1384 3651 Quod
1437 3588 1583 3641 enim
1639 3586 1962 3640 miraculqu
1995 3585 2170 3654 magis

597 3688 797 3726 novum
835 3686 888 3729 et
913 3676 1228 3731 inusitatum
1263 3677 1383 3745 fuit,
1416 3695 1576 3747 quam
1629 3681 1970 3749 imperatoris
1997 3678 2166 3734 nostri

596 3764 789 3827 virtus,
826 3779 985 3833 quem
1023 3767 1112 3821 Dei
1144 3769 1404 3838 sapientia
1444 3771 1680 3823 humano
1701 3771 1882 3838 generi
1913 3771 2167 3824 donavit?

597 3855 804 3925 Quippe
834 3857 921 3912 ille
953 3873 1072 3912 cum
1102 3861 1247 3914 omni
1293 3861 1488 3916 ﬁducia
1517 3878 1580 3918 ac
1611 3863 1862 3916 libertate
1887 3863 2165 3917 Christum

601 3945 693 3999 Dei
723 3947 931 4002 cunctis
959 3960 1220 4018 perpetuo
1250 3953 1592 4021 praedicavit,
1628 3968 1726 4007 nec
1750 3955 1972 4009 salutari
2001 3971 2164 4011 voca-

595 4036 726 4090 bulo
759 4041 971 4092 censeri
1013 4041 1251 4098 erubuit.
1279 4043 1478 4098 Verum
1501 4046 1570 4098 ob
1611 4060 1728 4098 eam
1757 4061 1869 4100 rem
1899 4062 2018 4101 sese
2051 4063 2166 4100 ma-

596 4143 831 4197 gnopere
854 4130 1108 4192 efferens.
1141 4136 1392 4190 omnibus
1431 4152 1488 4190 se
1513 4141 1839 4192 noscendum
1875 4138 2160 4193 exhibuit:

2812 2636 3208 2692 ΚΕΦΑΛΑΙΟΝ
3249 2636 3335 2687 B'.

2279 2754 2406 2808 Ἔτι
2436 2751 2564 2819 περὶ
2587 2749 2694 2826 τῆς
2708 2743 3574 2826 ἐὐσεϐείαςὲΚωνστατςτίνοψ
3591 2740 3865 2826 era-mpliu-

2483 2821 2832 2890 σιαζομένου
2854 2819 2935 2888 τῷ
2959 2820 3064 2874 τοῦ
3091 2819 3380 2885 σταιιροῦ
3409 2819 3661 2882 σημείῳ.

2355 2935 2569 3007 Ἐπειδὴ
2607 2933 2714 3006 γὰρ
2761 2934 2810 2986 οἱ
2853 2934 2969 3003 μὲν,
3023 2928 3124 2986 οἷοι
3167 2931 3420 3002 μηδένες
3466 2927 3619 2984 ἄλλοι
3654 2921 3858 2978 πώποτ’.

2271 3026 2551 3099 ὤφθησαν,
2577 3027 2669 3080 καὶ
2703 3020 2789 3079 οἷα
2824 3026 2944 3098 μηδ’
2975 3025 3031 3092 ἐξ
3062 3026 3262 3090 αἰῶνος
3298 3027 3446 3095 ἀκοῇ
3491 3020 3849 3093 παρείληπται,

2274 3118 2414 3171 κατὰ
2452 3118 2553 3188 τῆς
2591 3118 2914 3188 Ἑκκλησίας
2954 3116 3390 3188 τετολμήκασιν,
3429 3116 3659 3176 εἰκότως
3685 3114 3711 3164 ὁ
3739 3112 3852 3173 Θεδς

2275 3211 2456 3275 αὐτὸς,
2487 3211 2635 3277 ξένον
2668 3229 2719 3264 τι
2751 3211 2942 3282 χρῆμα
2967 3211 3460 3283 προστησάμενος,
3490 3208 3558 3262 τὰ
3584 3209 3704 3278 μήτ’
3727 3205 3841 3274 ἀκοῇ

2275 3303 2602 3370 γνωσθέντα,
2637 3305 2758 3375 μήτ’
2784 3303 2903 3373 ὄψει
2930 3303 3329 3374 παραδοθέντα,
3364 3303 3435 3355 δι’
3460 3300 3626 3354 αὐτοῦ
3650 3313 3842 3366 κατειρ-

2275 3398 2488 3465 γάζετο.
2532 3398 2641 3450 Καὶ
2692 3397 2744 3449 τί
2784 3395 3041 3468 νεώτερον
3069 3396 3179 3465 (‘26)
3210 3392 3282 3466 ἦν
3319 3396 3386 3448 τὸ
3418 3392 3608 3464 θαῦμα
3639 3391 3729 3459 τῆς
3757 3387 3839 3457 βα-

2281 3487 2469 3550 σιλέως
2502 3487 2722 3558 ἀρετῆς,
2747 3488 2812 3541 ὲκ
2836 3485 2969 3539 Θεοῦ
3005 3486 3197 3555 σοφίας
3211 3485 3293 3556 τῷ
3331 3483 3522 3555 θνητῷ
3546 3481 3684 3550 γένει
3705 3477 3838 3529 555w-

2281 3580 2546 3651 ρημένον;
2583 3582 2869 3652 Τοιγάρτοι
2911 3579 3000 3632 τὸν
3031 3578 3265 3649 Χριστὸν
3299 3576 3402 3630 τοῦ
3429 3573 3568 3629 Θεοῦ
3603 3573 3691 3624 σὺν
3720 3570 3833 3637 παῤ-

2279 3675 2443 3746 ρησίᾳ
2479 3679 2544 3746 τῇ
2590 3675 2735 3746 πάσῃ
2781 3673 3096 3746 πρεσϐεύων
3134 3675 3214 3737 εἰς
3255 3673 3475 3734 πάντας
3505 3667 3735 3724 διετέλει,
3771 3662 3830 3731 μὴ

2275 3767 2748 3837 ἐγκαλυπτόμενος
2785 3766 2881 3837 τὴν
2916 3767 3180 3837 σωτήριον
3222 3762 3535 3835 ἐπηγορίαν
3560 3779 3573 3792 ·
3611 3755 3829 3826 σεμνολο-

2271 3864 2366 3932 γού
2377 3881 2534 3934 μενος
2564 3864 2607 3917 δ’
2639 3864 2730 3917 ἐπὶ
2758 3864 2835 3934 τῷ
2865 3864 3168 3934 πράγματι,
3215 3863 3454 3934 φανερὸν
3502 3856 3683 3911 ἑαυτὸν
3712 3849 3822 3905 καθ-

2270 3957 2412 4026 ίστη,
2447 3955 2540 4008 νῦν
2577 3957 2673 4026 μὲν
2715 3955 2775 4008 τὸ
2806 3955 3096 4026 πρόσωπον
3126 3953 3203 4024 τῷ
3244 3953 3506 4024 σωτηρίῳ
3544 3959 3824 4013 κατασφρα-

2267 4049 2550 4119 γιζὸμενος
2585 4048 2815 4119 σημείῳ,
2846 4046 2939 4100 νῦν
2965 4047 3010 4100 δ’
3037 4046 3470 4118 ἐναϐρυνόμενος
3492 4041 3568 4112 τῷ
3590 4031 3818 4106 νικητικῷ

2266 4141 2527 4213 τροπαίῳ.

597 4221 723 4274 dum
758 4239 898 4278 nunc
925 4226 1139 4294 quidem
1168 4227 1392 4282 salutari
1425 4229 1577 4298 signo
1601 4229 1807 4284 vultum
1841 4232 2166 4302 consignat,
2202 4250 2348 4289 nunc
2371 4235 2680 4304 triumphali
2706 4234 2968 4304 gloriatur
2995 4244 3220 4306 tropmo.

669 4399 782 4467 (‘2!)
828 4399 908 4468 Τῇ
941 4403 1256 4468 πρεπούσῃ
1289 4401 1395 4456 τοῦ
1441 4402 1589 4456 Θεοῦ
1639 4403 1906 4458 κολάσει.
1960 4403 2165 4459 Mallem

2274 4405 2460 4460 codice
2503 4405 2638 4460 Fnk.

595 4471 836 4593 ﬁeribere
882 4475 946 4524 ὲκ
997 4471 1130 4524 Θεοῦ
1192 4471 1445 4536 κολάσει,
1495 4483 1552 4527 ut
1603 4474 1744 4542 loqui
1801 4475 1939 4528 solet
1995 4476 2166 4529 Euse-

639 4555 738 4591 ius.

639 4555 738 4591 IIIS.

667 4608 779 4678 (2‘2)
821 4609 974 4680 Vulg.
1000 4612 1142 4678 τοὺς
1162 4613 1378 4678 εὐνους
1411 4611 1590 4678 αὐτῷ.
1628 4614 1893 4669 Delendus
1923 4627 2007 4670 est
2039 4617 2169 4670 arti-

597 4681 752 4731 culus
775 4681 920 4744 τούς.

667 4749 779 4820 (Ξό)
804 4751 1012 4821 Δήμων
1032 4770 1096 4807 τε
1118 4754 1213 4807 καὶ
1239 4754 1625 4810 πολιτευτῶν.
1646 4753 1816 4819 llujus
1840 4757 1986 4810 verbi
2012 4756 2170 4822 signi-

597 4817 903 4893 ﬁcationem
929 4840 1033 4877 non
1062 4825 1326 4879 intellexit
1346 4817 1888 4892 Christopborsouus,
1914 4828 2001 4893 qui
2025 4817 2170 4881 πολι-

594 4891 788 4964 τευτὰς
847 4894 980 4964 cives
1020 4895 1200 4948 vertit.
1261 4897 1422 4964 Atqui
1479 4891 1787 4948 πολιτευταί
1834 4891 1963 4950 sunt
1999 4899 2166 4950 decu-

599 4960 798 5032 riones.
829 4973 885 5014 ut
913 4961 1240 5032 jampridem
1280 4960 1460 5019 notavi
1500 4969 1566 5018 ad
1605 4966 1802 5018 librum
1841 4983 1950 5020 xxu
1984 4968 2163 5022 Anuu.

599 5029 893 5084 Marcellini
945 5029 1066 5098 pag.
1099 5034 1226 5098 225,
1257 5051 1320 5089 ex
1368 5037 1713 5090 Artemidore
1759 5046 1809 5088 et
1843 5037 2162 5094 Athanasio.

593 5100 798 5172 Quibus
845 5103 1121 5158 addendos
1153 5116 1237 5159 est
1270 5105 1416 5160 locus
1464 5105 1708 5172 Gregorii
1749 5105 2073 5161 Nazianzeni
2111 5109 2162 5160 in

594 5171 820 5244 epistola
852 5172 920 5244 49
954 5175 1018 5224 ad
1065 5174 1402 5244 Olympium,
1442 5177 1648 5239 πάντας
1699 5176 1918 5240 πολίτας
1960 5195 2019 5230 τε
2071 5179 2164 5230 καὶ

594 5240 909 5315 πολ-ιτευτὰς
943 5244 1037 5296 καὶ
1067 5240 1485 5315 ἀξιωματικούς,
1517 5248 1566 5300 id
1600 5257 1704 5310 est,
1734 5250 2000 5301 universos
2030 5249 2163 5302 cives

593 5323 636 5365 et
665 5313 970 5366 decuriones
1003 5325 1048 5366 et
1083 5313 1379 5369 honoratos.

662 5381 782 5458 (24)Δ
810 5385 1412 5458 Πατρονοιιουμένων,
1448 5385 1496 5439 id
1543 5395 1654 5449 est,
1688 5385 1906 5452 paterno
1945 5389 2160 5458 imperio

593 5455 722 5521 regi.
756 5455 846 5506 Ait
884 5454 1046 5522 igitur
1085 5455 1428 5510 Constantini
1477 5458 1759 5522 imperium
1803 5461 1872 5510 ob
1925 5454 2161 5512 elemen-

591 5523 1342 5595 tiauretmansuetudinem,
1390 5543 1607 5595 prorsus
1639 5529 1816 5580 simile
1859 5529 2023 5584 fuisse
2069 5546 2162 5595 pa-

592 5593 691 5644 tris
724 5593 773 5646 in
813 5593 949 5648 ﬁlios
994 5596 1218 5664 imperio
1241 5600 1262 5651 ':
1298 5593 1460 5650 itaut
1503 5598 1679 5664 populi
1729 5614 1921 5651 omnes
1959 5615 2021 5653 ae
2067 5593 2162 5654 ile-

594 5664 866 5740 curiones,
895 5681 998 5718 non
1030 5670 1079 5740 vi
1119 5682 1181 5721 ac
1212 5678 1356 5722 metu
1391 5677 1446 5720 ut
1472 5669 1692 5732 subditi,
1729 5669 1778 5721 iu
1811 5669 1984 5723 ollicio
2029 5685 2159 5723 con~

602 5738 918 5800 tiucreutur,
969 5738 1061 5791 sed
1111 5751 1302 5809 sponte
1355 5742 1782 5808 obsequerentur
1832 5752 1888 5792 ut
1937 5741 2048 5794 tilii.
2103 5741 2155 5795 lu

2685 4421 2782 4480 νῑο
2807 4409 2918 4480 ,ἐπ’
2947 4408 3211 4480 dvenam;
3237 4407 3432 4474 legitur
3455 4405 3544 4480 ὑπζ
3568 4400 3800 4480 ἀνάγκης.

2343 4475 2452 4545 (251
2476 4476 2754 4546 [νεοπαγῆ
2779 4478 2942 4542 βίον.
2970 4479 3222 4532 Felieiler
3244 4480 3376 4531 mihi
3408 4477 3626 4530 vertisse
3647 4475 3808 4546 videor

2273 4537 2462 4600 nouum
2489 4537 2794 4600 εςιιτηΙιιήἰ.⁷
2817 4549 2907 4602 Sic
2941 4548 2992 4601 in
3023 4549 3258 4602 nummis
3306 4547 3533 4612 Philippi
3578 4537 3798 4596 seru/unt

2271 4633 2466 4669 novum
2527 4617 2745 4670 dicitur.
2811 4619 3034 4672 Veteres
3097 4619 3309 4673 Etrusci
3367 4618 3581 4672 aiebant
3627 4622 3794 4664 unum-

2269 4688 2520 4757 quodque
2552 4689 2805 4740 saeculum
2838 4705 2866 4742 a
2897 4688 2999 4741 diis
3021 4687 3300 4743 deﬁnitum
3327 4703 3448 4743 esse
3472 4695 3616 4740 certo
3647 4691 3794 4757 anni?

2272 4746 2387 4808 rum
2422 4746 2578 4811 modo
2613 4775 2626 4810 :
2661 4759 2751 4825 qui
2789 4770 3072 4828 postquam
3125 4758 3308 4812 ﬁnitus
3359 4759 3448 4818 sit,
3501 4767 3600 4828 tmn
3650 4746 3790 4828 ξηάῖίε

2268 4836 2519 4893 portenta
2544 4843 2573 4880 e
2600 4815 2741 4880 ter-ra
2776 4815 2870 4882 seu
2907 4815 3123 4881 ς’ίιειίιιις
3149 4829 3306 4888 mitti,
3336 4815 3528 4897 quibus
3554 4815 3787 4898 signiﬁcet

2270 4906 2355 4947 tur
2381 4900 2641 4968 sarculum
2677 4915 2871 4952 novum
2897 4899 3162 4953 inchoari.
3198 4897 3261 4952 Et
3285 4898 3526 4952 homines
3559 4897 3688 4968 nasci
3713 4899 3784 4968 ειη]

2267 4967 2420 5037 novis
2453 4951 2692 5024 inoribus
2732 4979 2891 5037 atque
2938 4951 3204 5022 institutis
3248 4951 3580 5037 utantur,_el
3608 4951 3780 5037 qui-ﬁci

2267 5035 2386 5108 plus
2423 5039 2502 5089 vel
2540 5038 2715 5094 minus
2742 5025 2896 5093 cli-ari
2940 5040 3049 5092 sint
3093 5039 3196 5092 diis
3243 5025 3637 5108 immortalibus.
3669 5025 3782 5108 llaec

2265 5107 2418 5174 signa
2455 5109 2664 5163 Etrusci
2698 5110 2985 5177 diligenter
3013 5117 3195 5161 notata
3245 5110 3518 5177 habebant_
3547 5106 3593 5156 in
3643 5106 3778 5177 ritua-

2267 5167 2406 5230 libus
2431 5178 2601 5240 libris,
2637 5189 2692 5232 ιιι
2720 5167 2936 5245 scripsit
2968 5179 3287 5233 Plutarchus
3318 5180 3370 5232 in
3405 5167 3774 5245 Sulla._etCt‘{lj

2264 5235 2669 5320 soriuusJiu'c.
2722 5250 2796 5320 177
2833 5235 2905 5301 De
2958 5251 3043 5320 die
3088 5249 3300 5320 natali,
3330 5247 3494 5320 Verba
3543 5235 3772 5320 Plutarrlti

2263 5328 2430 5392 sunt_:
2451 5315 2602 5371 Εἶναι
2631 5319 2727 5390 μὲν
2744 5319 2851 5392 γᾴρ
2875 5319 3053 5392 αὐτῶν
3076 5317 3219 5392 ὀκτὼ
3244 5319 3317 5392 τ
3351 5318 3412 5371 σύ
3422 5328 3620 5392 unum?
3635 5315 3769 5392 ξένης

2261 5389 2581 5459 διαφέροντα
2624 5381 2922 5459 τοῖς’βῖοις
2961 5389 3056 5442 καὶ
3100 5391 3212 5451 τοῖς
3253 5381 3497 5459 ἡθεσιξδς
3539 5381 3748 5459 ἀλλήλων
3753 5387 3764 5401 ⁸

2263 5449 2477 5528 ἑκάστῳ
2499 5459 2555 5512 δὲ
2588 5449 3096 5531 ἀφωρίσθαίχρόνῳ
3137 5449 3367 5531 ἀριθμὸν
3401 5451 3606 5531 ὑπὸ-τοῦ
3640 5449 3766 5531 θεοῦ,

2265 5525 2763 5602 συμπεραινόμενον
2809 5525 3078 5584 ἐνιαῦτοῦ
3104 5525 3337 5600 μεγάλου
3383 5525 3618 5600 περιόδῳ,
3660 5526 3760 5572 θίαν

2264 5602 2350 5672 ubi
2389 5602 2628 5672 ἐνιαυτὸς
2655 5602 2826 5672 μέγας
2850 5602 3104 5672 saeculum
3137 5612 3238 5653 est.

2333 5670 2441 5740 (:26)
2475 5670 2626 5740 Vulg.
2655 5665 2778 5725 ’Καὶ
2807 5689 2862 5724 τι
2897 5670 3202 5738 νεώτερον.
3239 5669 3574 5728 δρτίὺρῐιάιιιη
3600 5667 3668 5716 est
3691 5665 3762 5723 νοτ

2265 5742 2742 5812 interrogationem
2771 5744 2862 5796 καὶ
2890 5743 2939 5796 τί
2975 5741 3268 5813 νεώτερον;
