4114 6432
361 323 395 376 1
409 324 517 377 0‘57

914 443 1308 498 ΚΕΦΑΛΑΙΟΝ
1340 445 1412 497 1".

359 533 513 603 Περί
535 534 768 606 εἰκόνος
805 534 1012 606 αὐτοῦ,
1041 535 1112 587 ἐν
1135 533 1173 606 ᾖ
1199 535 1542 605 ὑπερέκειτο
1572 538 1689 606 μὲν
1714 541 1747 591 ό
1772 555 1954 592 σταυ-

611 604 742 673 ρὸς,
775 603 1084 673 πέπληκτο
1110 603 1178 660 δὲ
1204 603 1359 659 κάτω
1391 611 1423 661 ό
1451 603 1703 676 δράκων.

455 697 514 749 ’θ
540 697 635 766 μὲν
688 695 750 764 δὴ
783 697 877 748 καὶ
909 697 966 747 ἐν
1007 696 1223 766 γραφῆς
1261 696 1577 768 ὑψηλοτάτῳ
1628 699 1814 752 πίνακι
1849 699 1954 771 πρὸ

365 789 478 840 τῶν
513 787 802 858 βασιλικῶν
848 788 1132 859 προθῦρων
1173 790 1532 860 ἀνακειμένῳ,
1579 793 1691 854 τοῖς
1735 792 1952 846 πάντων

361 881 666 952 ὀφθαλμοῖς
693 882 921 953 ὁρᾶσθαι
949 883 1248 954 προύτίθει,
1270 883 1331 937 τὸ
1359 883 1456 953 μὲν
1499 883 1764 955 σωτήριον
1793 885 1954 957 ὑπερ-

367 972 623 1041 κείμενον
653 972 753 1042 τῆς
772 971 935 1025 αὐτοῦ
963 972 1205 1043 κεφαλῆς
1233 975 1298 1043 τῇ
1322 976 1505 1044 γραφῇ
1535 974 1828 1046 παραδοὺς,
1861 976 1951 1030 τὸν

363 1062 422 1114 δὲ
447 1062 637 1134 ἐχθρὸν
665 1062 758 1114 καὶ
791 1061 1046 1133 πολέμιον
1076 1061 1237 1133 θῆρα,
1256 1063 1345 1116 τὸν
1370 1063 1470 1135 τὴν
1512 1064 1834 1138 Ἐκκλησίαν
1855 1067 1948 1120 τοῦ

367 1153 506 1206 Θεοῦ
536 1153 620 1207 διὰ
653 1153 752 1224 τῆς
783 1154 890 1208 τῶν
928 1153 1104 1208 ἀθέων
1143 1153 1575 1225 πολιορκήσαντα
1615 1159 1948 1230 τυραννίδος,

366 1246 512 1300 κατά
539 1246 700 1316 βυθοῦ
739 1247 1036 1318 φερόμενον
1073 1250 1301 1320 ποιήσας
1329 1251 1386 1302 ἐν
1418 1249 1706 1321 δράκοντος
1744 1256 1945 1323 μορφῇ,

364 1339 653 1410 Δράκοντα
687 1340 796 1411 γὰρ
834 1340 996 1392 αὑτὸν
1024 1341 1118 1392 καὶ
1151 1340 1371 1393 σκολιὸν
1409 1341 1532 1412 ὄφιν
1562 1343 1618 1395 ἐν
1655 1343 1948 1415 προφητῶν

365 1430 505 1484 Θεοῦ
543 1430 745 1502 βίϐλοις
779 1432 1075 1503 ἀνηγόρευε
1115 1432 1181 1486 τὰ
1213 1433 1386 1502 λόγια.
1427 1435 1517 1487 Διὸ
1555 1434 1649 1488 καὶ
1696 1435 1948 1506 βασιλεὺς

371 1522 477 1576 ἒπδ
510 1525 623 1586 τοῖς
650 1522 812 1576 αὑτοῦ
839 1524 932 1575 κα)⁵
955 1523 1060 1576 τῶν
1094 1523 1261 1578 αὑτοῦ
1296 1525 1444 1588 ποσὶ,
1481 1525 1620 1596 βέλει
1659 1529 1947 1600 πεπαρμέ-

373 1633 458 1670 νον
481 1615 623 1671 κατὰ
645 1617 809 1688 μέσου
833 1617 925 1670 τοῦ
951 1617 1164 1682 κύτους,
1190 1616 1371 1688 βυθοῖς
1398 1637 1455 1672 τε
1478 1619 1752 1692 θαλάσσης
1783 1624 1949 1694 ἀπερ-

366 1709 655 1779 ριμμένον,
704 1708 791 1762 διὰ
838 1709 934 1779 τῆς
989 1711 1286 1782 κηροχύτου
1328 1711 1548 1783 γραφῆς
1584 1713 1792 1768 ἐδείκνυ
1834 1719 1946 1781 τοῖς

1449 322 1534 376 DE
1576 323 1732 379 VlTA
1768 325 2228 383 CONSTANTINI
2269 327 2377 383 LIB
2441 327 2528 384 Ill.

3497 335 3635 389 1058

2679 447 2904 505 CAPUT
2933 450 3020 505 ΙΙΙ.

2058 543 2134 596 De
2169 543 2393 614 imagine
2414 541 2771 614 Constantini,
2798 528 2891 596 cui
2911 543 3272 614 cruxrquidem
3299 544 3632 612 superposita

2476 621 2606 673 erat,
2640 613 2779 678 infra
2820 625 2993 665 autem
3021 613 3203 666 draco.

2129 705 2270 772 Quin
2293 708 2457 760 etiam
2484 703 2539 758 in
2566 703 2783 758 sublimi
2816 706 3047 773 quadam
3084 704 3264 758 tabula
3297 715 3422 759 ante
3464 705 3630 758 vesti-

2058 798 2240 852 bulum
2273 796 2459 866 palatii
2496 797 2693 865 posita,
2749 795 2960 849 cunctis
3015 795 3370 865 spectandum
3433 809 3631 866 propo-

2057 892 2182 953 suit,
2219 890 2456 944 salutare
2496 889 2714 957 quidem
2770 887 2983 957 signum
3033 886 3196 955 capiti
3231 901 3330 940 suo
3363 901 3630 956 superpo-

2055 982 2216 1035 situm
2252 997 2266 1033 :
2319 978 2462 1032 infra
2500 992 2632 1032 vero
2667 977 2880 1030 hostem
2918 974 3068 1028 illum
3116 985 3172 1028 et
3222 975 3501 1030 inimicum
3535 990 3630 1045 ge-

2056 1070 2201 1126 neris
2250 1069 2516 1132 humani,
2575 1068 2666 1138 qui
2727 1066 3015 1136 impiorum
3075 1078 3427 1136 tyrannorum
3464 1082 3627 1135 opera

2053 1160 2354 1218 Ecclesium
2389 1160 2483 1214 Dei
2508 1170 2940 1231 oppugnaverat,
2968 1159 3067 1213 sub
3098 1160 3352 1214 draconis
3377 1159 3551 1214 forma
3574 1161 3626 1213 iu

2051 1267 2293 1322 praeceps
2323 1262 2590 1306 ruentem.
2616 1251 2822 1320 Quippe
2847 1250 3026 1303 divina
3055 1251 3275 1306 oracula
3308 1252 3360 1306 in
3397 1254 3630 1322 prophe-

2054 1352 2232 1398 tarum
2258 1343 2434 1410 libris,
2466 1345 2756 1397 draconem
2791 1343 2937 1395 illum
2963 1352 3019 1396 et
3063 1344 3341 1398 sinuosum
3396 1360 3625 1415 serpen-

2057 1445 2164 1489 tem
2200 1435 2559 1505 appellarunt.
2606 1436 2810 1490 Idcirco
2850 1436 3146 1505 imperator
3177 1437 3472 1491 draconem
3506 1437 3628 1492 telis

2053 1542 2149 1596 per
2170 1527 2402 1582 medium
2429 1536 2673 1581 ventrem
2708 1529 3002 1592 confixum,
3031 1528 3158 1580 etin
3191 1526 3490 1596 profundos
3513 1544 3628 1581 ma-

2055 1621 2130 1674 ris
2160 1620 2404 1690 gurgites
2435 1618 2761 1688 projectum,
2789 1619 2890 1674 sub
2916 1619 3031 1672 suis
3062 1633 3395 1688 suorumque
3425 1619 3626 1676 libero--

2054 1726 2171 1764 rum
2213 1711 2438 1781 pedibus
2480 1727 2606 1766 cera
2665 1713 2788 1782 igne
2830 1711 3075 1766 resoluta
3106 1709 3322 1780 depiugi
3366 1713 3625 1781 ιιι-θροιιὶ-

367 1804 503 1855 πᾶσι
527 1802 616 1856 τὸν
639 1802 924 1873 δράκοντα,
950 1797 1051 1858 ὧδέ
1069 1822 1144 1877 πη
1168 1805 1258 1858 τὸν
1279 1805 1461 1876 ἀφανῆ
1483 1806 1576 1860 τοῦ
1600 1807 1708 1860 τῶν
1732 1807 1829 1862 ἀνθ
1839 1807 1944 1880 ρώ-

2049 1818 2152 1871 que
2180 1803 2429 1858 omnibus
2460 1803 2663 1870 voluit,
2713 1805 2816 1860 hoc
2847 1805 3102 1860 videlicet
3139 1803 3299 1858 modo
3325 1804 3621 1874 designans

366 1908 485 1945 πων
518 1893 708 1961 γένους
749 1892 1004 1964 πολέμιον
1042 1895 1430 1966 αἰνιττόμενος,
1486 1897 1544 1949 ὃν
1587 1898 1681 1952 καὶ
1723 1898 1948 1970 δυνάμει

364 1985 460 2038 τοῦ
496 1986 634 2056 ὑπὲρ
674 1985 915 2057 κεφαλῆς
946 1987 1304 2057 ἀνακειμένου
1353 1991 1620 2062 σωτηρίου
1662 1993 1944 2061 τροπαίου,

366 2077 515 2132 κατά
559 2077 735 2148 βυθῶν
769 2077 1043 2143 ἀπωλείας
1091 2080 1465 2152 κεχωρηκέναι
1514 2082 1723 2154 ἐδήλου.
1790 2084 1948 2137 Ἀλλά

361 2168 538 2223 ταῦτα
567 2171 663 2239 μὲν
690 2169 839 2224 ἄνθει
869 2170 1173 2241 χρωμάτων
1199 2173 1440 2242 ᾐνίττετο
1462 2173 1547 2227 διὰ
1575 2175 1676 2245 τῆς
1705 2176 1910 2240 εἰκόνος
1929 2193 1942 2208 ο

365 2261 469 2332 ἐμὲ
513 2261 572 2313 δὲ
625 2260 806 2332 θαῦμα
848 2261 949 2330 τῆς
989 2261 1084 2314 τοῦ
1135 2262 1401 2332 βασιλέως
1443 2268 1663 2335 κατεῖχε
1710 2265 1944 2337 μεγιιλο⁴

369 2351 538 2418 νοίας,
567 2351 643 2416 ὡς
669 2352 965 2422 ἐμπνεύσει
989 2354 1106 2425 θεία
1129 2353 1301 2408 ταῦτα
1327 2355 1601 2420 διετύπου,
1627 2357 1663 2412 ἀ
1685 2357 1749 2429 δὴ
1771 2358 1945 2428 φωναὶ

365 2443 660 2514 προφητῶν
681 2437 784 2497 ὦδέ
823 2461 928 2498 που
953 2444 1080 2516 περὶ
1106 2444 1258 2498 τοῦδε
1290 2445 1385 2499 τοῦ
1416 2446 1579 2518 θηρὸς
1610 2446 1796 2511 ἐϐόων,
1847 2449 1947 2502 ἐπ-

363 2535 512 2600 άξειν
568 2535 658 2590 τὸν
688 2536 839 2604 Θεὸν,
880 2536 1157 2606 λέγουσαι,
1194 2538 1294 2609 τὴν
1343 2539 1616 2610 μάχαιραν
1647 2540 1743 2611 τὴν
1775 2540 1945 2612 μεγά-

364 2627 464 2696 λην
493 2627 586 2679 καὶ
612 2626 865 2698 φοϐερὰν,
890 2628 982 2681 ἐπὶ
1007 2628 1097 2681 τὸν
1122 2628 1390 2700 δράκοντα
1428 2629 1519 2682 τὸν
1545 2630 1666 2699 ὖφιν
1697 2630 1788 2684 τὸν
1816 2632 1945 2702 φεύ-

364 2735 549 2788 γοντα,
583 2719 677 2772 καὶ
700 2719 904 2773 ἀνελεῖν
937 2719 1026 2774 τὸν
1054 2720 1320 2792 δράκοντα
1354 2721 1445 2775 τὸν
1491 2724 1548 2776 ἐν
1573 2725 1638 2794 τῇ
1680 2722 1940 2797 θαλάσσῃ.

367 2811 593 2874 Εἰκόνας
625 2811 687 2883 δὴ
725 2812 930 2866 τούτων
961 2811 1211 2866 διετύπου
1245 2811 1520 2884 βασιλεὺς,
1548 2814 1763 2886 ἀληθῶς
1797 2817 1939 2871 ἐντι-

365 2901 479 2964 θεὶς
510 2902 802 2973 μιμήματα
833 2905 898 2976 τῇ
930 2901 1289 2976 σκιαγραφίᾳ.

902 3175 1296 3228 ΚΕΦΑΛΑΙΟΝ
1321 3177 1394 3228 Δ’.

364 3266 488 3320 Ἔτι
515 3266 647 3334 περί
671 3265 788 3320 τῶν
810 3266 907 3320 διὰ
948 3259 1176 3336 Ἀρειον
1195 3267 1265 3321 ἐν
1285 3269 1560 3338 Αἰγύπτῳ
1579 3265 1939 3337 ζητημάτων.

434 3357 618 3412 Ταῦτα
655 3358 753 3430 μὲν
800 3354 891 3412 οὖν
921 3359 1068 3430 αὐτῷ
1106 3358 1458 3430 καταθυμίως
1487 3358 1847 3412 συνετελεῖτο·
1872 3358 1943 3412 τὰ

363 3450 419 3503 δέ
448 3467 511 3519 γε
543 3451 640 3521 τῆς
658 3449 750 3503 τοῦ
780 3449 972 3520 φθόνου
1001 3451 1318 3521 βασκανίας,
1347 3449 1536 3513 δεινῶς
1557 3450 1653 3515 τὰς
1675 3449 1816 3503 κατὰ
1845 3451 1942 3522 τὴν

375 3542 779 3614 Ἀλεξάνδρειαν
823 3544 1145 3615 Ἑκκλησίας
1173 3543 1266 3597 τοῦ
1299 3543 1434 3597 Θεοῦ
1482 3543 1939 3614 συνταράττοντα,

363 3636 458 3688 καὶ
490 3634 552 3687 τὸ
588 3634 838 3706 Θηϐαίων
881 3653 940 3688 τε
976 3636 1068 3689 καὶ
1103 3635 1414 3703 Αἰγυπτίων
1453 3633 1810 3704 σχισματικδν
1842 3650 1943 3686 κα-

363 3729 457 3780 κὸν
500 3727 630 3798 (27),
663 3728 720 3780 οὺ
752 3727 998 3810 σεφικρῶς
1029 3727 1191 3781 αὐτὸν
1217 3727 1403 3791 ἐκίνει,
1446 3725 1944 3797 προσρηγνυμένων

363 3817 484 3871 καθ’
519 3817 752 3889 ἑκάστην
780 3819 934 3872 πόλιν
959 3818 1272 3871 ἐπισκόπων
1301 3817 1638 3881 ἐπισκόποις,
1666 3817 1851 3887 δήμων
1883 3833 1944 3868 τε

363 3913 553 3984 δήμοις
575 3912 1040 3984 ἐπανισταμένων,
1089 3914 1182 3965 καὶ
1214 3913 1495 3984 μονονουχὶ
1536 3911 1945 3982 Συμπληγάδων

362 4007 474 4077 (28)
504 4005 951 4060 κατακοπτόντων
986 4005 1268 4077 ἀλλήλους,
1312 4004 1440 4058 ὥστ’
1467 4004 1566 4076 ἠδη
1603 4003 1812 4075 φρενῶν
1851 4005 1945 4056 ἐκ-

365 4099 554 4151 στάσει
589 4099 716 4162 τοὺς
753 4099 1210 4169 ἀπεγνωσμένους
1254 4097 1487 4161 ἀνοσίοις
1519 4098 1809 4167 ἐγχειρεῖν,
1852 4095 1945 4150 καὶ

364 4190 483 4252 ταῖς
532 4189 794 4258 βασιλέως
835 4189 1041 4260 τολμᾷν
1087 4189 1390 4261 ἐνυϐρίζειν
1444 4189 1682 4242 εἰκόσινο
1728 4190 1788 4241 οὐ
1839 4187 1978 4259 μῆν’

364 4279 494 4332 ὥστ’
525 4283 604 4343 είς
636 4282 808 4353 ὀργὴν
835 4281 1069 4353 ἐγείρειν
1098 4282 1190 4334 τὸν
1229 4281 1452 4352 βασιλέα
1489 4281 1706 4351 μᾶλλον,
1736 4282 1768 4351 ἢ
1810 4283 1946 4353 πρὸς

367 4372 526 4424 πόνον
566 4371 764 4443 ψυχῆς,
809 4371 1220 4444 ὑπεραλγοῦντα
1270 4371 1372 4442 τῆς
1412 4371 1519 4425 τῶν
1565 4371 1945 4443 φρενοϐλαϐῶν

365 4461 640 4526 ἀπονοίας.

904 4639 1298 4691 ΚΕΦΑΛΑΙΟΝ
1325 4641 1400 4692 E'.

611 4731 749 4798 Περὶ
775 4729 882 4799 τῆς
902 4730 998 4785 διὰ
1031 4731 1096 4784 τὸ
1117 4730 1334 4800 Πάσχα
1356 4732 1660 4800 διχονοίας

432 4823 762 4897 Προῦπῆρχε
800 4825 842 4876 δ’
874 4823 981 4895 ἄρα
1024 4824 1117 4877 καὶ
1151 4823 1285 4893 άλλη
1326 4841 1412 4886 τις
1455 4823 1656 4876 τούτων
1701 4822 1940 4895 προτέρα

367 4915 518 4978 νόσος
568 4913 955 4987 ἀργαλεωτάτη
1004 4916 1066 4966 ἐκ
1111 4912 1324 4984 μακροῦ
1368 4911 1708 4982 διενοχλοῦσα
1737 4913 1868 4983 (‘29),
1905 4914 1937 4983 ἡ

367 5007 463 5078 τῆς
495 5004 757 5076 σωτηρίου
782 5005 972 5076 ἑορτῆς
995 5005 1289 5074 διαφωνία·
1316 5002 1426 5056 τῶν
1453 5003 1548 5073 μὲν
1577 5003 1800 5056 ἕπεσθαι
1831 5004 1940 5056 δεῖν

367 5102 431 5169 τῇ
466 5098 732 5151 Ἰουδαίων
761 5097 1014 5168 συνηθείᾳ
1042 5097 1378 5166 φασκόντων,
1405 5095 1512 5148 τῶν
1542 5095 1618 5156 δὲ,
1646 5097 1940 5166 προσήκειν

371 5191 470 5263 τὴν
497 5190 696 5262 ἀκριϐῆ
745 5188 836 5241 τοῦ
872 5189 1064 5260 καιροῦ
1109 5187 1549 5261 παραφυλάττειν
1590 5185 1757 5257 ὥραν,
1809 5185 1941 5255 μηδὲ

437 5458 550 5529 (27)
577 5455 687 5512 Kal
715 5456 779 5529 τὸ
814 5455 1080 5529 Θηϐαίων
1109 5470 1171 5507 τε
1183 5455 1295 5529 ’καὶ
1319 5453 1938 5529 ᾼίγυπτίων-σχιοξμα-

368 5524 539 5582 unde;
590 5528 794 5581 κακόν.
867 5526 1115 5579 Schisma
1181 5524 1592 5578 Meletianorum
1661 5524 1931 5591 intelligit.

369 5599 634 5670 {Egyptus
658 5601 804 5670 enim
837 5607 962 5670 tunc
1000 5595 1256 5670 temporis
1299 5595 1725 5670 du_p|_ici__mo_rl_)o
1774 5593 1926 5647 labo-

369 5665 548 5732 rabat,
576 5669 770 5722 Ariana
810 5667 1020 5720 scilicet
1046 5665 1234 5718 basresi
1265 5675 1320 5716 ct
1340 5665 1532 5717 Meletii
1565 5665 1873 5717 schismate.

438 5740 553 5812 (28)
583 5738 756 5811 Vulg.,
783 5732 1202 5807 Συμπληγάσι.
1235 5734 1413 5790 Codex
1439 5732 1570 5788 Fuit.
1605 5736 1764 5789 habet
1787 5733 1926 5804 Συμ-

2049 1894 2321 1949 occultum
2359 1895 2581 1949 humani
2619 1898 2839 1967 generis
2867 1898 3107 1963 hostem,
3162 1911 3324 1965 quem
3368 1896 3626 1952 salutaris

2051 1984 2194 2040 illius
2222 1986 2407 2056 trepzei
2444 1989 2587 2055 quod
2622 1989 2785 2058 capiti
2815 1989 2986 2058 ipsius
3027 1988 3432 2058 superpositum
3480 1997 3623 2052 erat,

2047 2078 2099 2133 vi
2140 2092 2202 2132 ac
2228 2079 2469 2147 potentia
2517 2080 2572 2134 in
2623 2081 2775 2134 exitii
2833 2082 3153 2135 barathrum
3189 2081 3468 2135 detrusum
3500 2095 3625 2134 esse

2048 2167 2415 2238 signiﬁcabat.
2442 2169 2620 2238 Atque
2659 2171 2762 2224 hoc
2792 2169 3015 2239 quidem
3062 2170 3239 2239 imago
3270 2169 3437 2224 variis
3472 2171 3624 2224 colo-

2051 2259 2199 2315 ribus
2233 2259 2464 2329 depicta,
2518 2262 2678 2316 tacite
2723 2261 3019 2319 indicabat.
3051 2261 3180 2315 Mihi
3205 2277 3336 2315 vero
3366 2263 3620 2316 eximiam

2047 2351 2394 2421 imperatoris
2423 2353 2834 2424 intelligentiam
2889 2354 3076 2409 mirari
3101 2354 3266 2419 subit,
3315 2356 3406 2424 qui
3437 2355 3623 2410 divino

2047 2443 2282 2512 quodam
2312 2443 2495 2498 aﬂlatu
2550 2445 2835 2514 impulsus,
2866 2460 2927 2500 ea
2973 2446 3242 2515 pingendo
3303 2447 3621 2514 expressit,

2046 2549 2166 2603 quae
2192 2535 2582 2605 prophetarum
2610 2538 2834 2591 vocibus
2860 2537 2924 2592 de
2945 2535 3109 2609 485
3135 2539 3304 2593 bestia
3329 2538 3418 2592 illa
3450 2540 3623 2593 multo

2045 2633 2169 2679 ante
2201 2627 2460 2695 praedicta
2515 2624 2774 2683 fuerant:
2834 2629 2998 2684 Deum
3029 2632 3240 2686 scilicet
3289 2633 3618 2688 maclimram

2047 2716 2319 2786 ingentem
2355 2728 2411 2772 et
2446 2719 2742 2774 terribilem
2779 2719 3100 2774 adacturum
3151 2737 3272 2776 esse
3324 2723 3376 2776 iu
3431 2725 3622 2778 draco-

2046 2823 2166 2862 nem
2217 2819 2636 2879 serpentemque
2686 2809 3021 2880 fugientem,
3077 2823 3129 2867 et
3156 2815 3467 2867 occisurum
3498 2827 3622 2868 esse

2046 2900 2341 2954 draconem
2389 2901 2596 2971 quiest
2639 2902 2692 2956 in
2750 2904 2910 2958 mari.
2955 2903 3156 2958 llorum
3193 2905 3360 2974 igitur
3392 2905 3619 2976 ﬁguram

2046 2993 2318 3062 expressit
2372 2992 2715 3064 imperator,
2760 3010 2873 3050 rem
2929 2995 3100 3065 ipsam
3149 2997 3360 3066 pictura
3395 3013 3620 3068 prorsus

2046 3084 2304 3139 imitatus.

2645 3176 2878 3232 CAPUT
2918 3176 3010 3232 IV.

2045 3265 2251 3321 Rursus
2285 3268 2348 3321 de
2371 3269 2737 3322 controversiis
2757 3269 2811 3322 in
2837 3267 3070 3338 Afgypto
3102 3272 3348 3324 excitatis
3377 3273 3442 3324 ab
3467 3272 3620 3326 Ario.

2114 3360 2181 3414 El.
2210 3361 2325 3415 haec
2347 3361 2563 3428 quidem
2589 3360 2677 3414 ille
2711 3359 2898 3414 libenti
2933 3361 3116 3415 animo
3151 3364 3487 3432 perﬁciebat.
3513 3364 3612 3420 Ver

2044 3465 2165 3504 rum
2199 3451 2338 3505 livor
2362 3451 2576 3504 invidia:
2613 3452 2704 3520 qui
2732 3451 2997 3506 ecclesias
3027 3452 3120 3506 Dei
3155 3454 3206 3506 in
3227 3455 3359 3507 urbe
3382 3454 3616 3508 Alexan-

2044 3544 2160 3598 dria
2207 3544 2493 3598 etiamtum
2534 3545 2918 3608 conturbabat,
2971 3555 3024 3599 et
3056 3544 3410 3599 Thebmorum
3457 3555 3621 3615 atquo

2044 3631 2427 3702 IEgyptiorum
2483 3631 2747 3701 pestilens
2803 3632 3070 3699 schisma,
3106 3649 3213 3687 non
3269 3635 3620 3691 mediocriter

2046 3725 2284 3778 animum
2313 3724 2484 3794 ipsius
2512 3725 2786 3794 augebant
2812 3743 2827 3778 :
2873 3725 3072 3793 quippe
3103 3740 3225 3779 cum
3259 3741 3356 3792 per
3379 3728 3620 3797 singulas

2048 3817 2210 3870 urbes
2245 3815 2484 3884 episcopi
2517 3815 2780 3869 adversus
2811 3815 3098 3883 episcopos
3127 3816 3570 3872 conﬂictarentur
3602 3836 3615 3880 ;

2046 3917 2100 3961 et
2124 3907 2302 3976 populi
2335 3907 2598 3961 adversus
2631 3905 2860 3974 populos
2897 3905 3246 3975 insurgerent
3271 3949 3286 3974 ,
3315 3923 3379 3963 ac
3415 3911 3618 3963 mutuis

2047 4015 2107 4053 se
2137 3999 2449 4054 vulneribus
2484 3998 2657 4053 instar
2687 3997 3102 4069 Symplegadum
3137 3999 3310 4054 collisi
3368 4001 3623 4055 concidcn

2049 4098 2205 4153 rent,
2235 4091 2371 4144 adeo
2394 4098 2452 4142 ut
2484 4087 2671 4143 lurore
2701 4089 2915 4143 tandem
2953 4103 3017 4142 ac
3057 4089 3439 4158 desperatione
3465 4093 3569 4144 acti
3601 4129 3616 4155 ,

2047 4181 2209 4251 impia
2231 4182 2475 4249 quaedam
2496 4182 2805 4245 admittere,
2837 4181 3089 4248 ipsasque
3112 4181 3454 4250 imperatoris
3483 4181 3621 4235 ima-

2047 4273 2200 4343 gines
2230 4273 2434 4328 violare
2465 4275 2581 4328 ausi
2608 4273 2736 4327 sint.
2769 4271 2966 4326 Verum
3002 4273 3115 4328 haec
3149 4289 3252 4327 non
3282 4284 3388 4326 tam
3422 4274 3488 4328 ad
3515 4275 3618 4326 ira-

2049 4365 2303 4419 cundiam
2330 4366 2630 4433 principem
2667 4364 2937 4429 excitare,
2989 4379 3150 4432 quam
3189 4363 3447 4418 maestitia
3499 4365 3618 4417 ani-

1973 4479 2018 4534 D
2052 4471 2194 4508 mum
2221 4457 2342 4526 ejus
2371 4453 2586 4511 allicere
2621 4465 2914 4524 potuerunt
2941 4472 2956 4521 ;
2987 4457 3184 4524 quippe
3235 4456 3326 4523 qui
3369 4456 3616 4524 perdito-

2047 4561 2163 4600 rum
2192 4543 2798 4602 hominumamentiam
2833 4562 3159 4616 magnopere
3184 4546 3512 4615 deploraret.

2672 4635 2900 4692 CAPUT
2944 4637 3006 4691 ν.

2326 4729 2402 4782 De
2430 4729 2755 4782 dissensione
2793 4727 2853 4779 ob
2883 4729 3070 4790 festum
3098 4724 3339 4782 Pass/iw.

2118 4821 2268 4875 Alius
2300 4835 2512 4888 quoque
2539 4819 2624 4873 his
2647 4817 2923 4884 antiquior
2952 4816 3177 4871 suberat
3208 4819 3426 4872 morbus
3457 4818 3618 4888 longe

2048 4913 2419 4984 gravissimus,
2453 4909 2841 4978 quiEcclesias
2895 4907 3225 4978 jampridem
3276 4908 3615 4972 infestabat;

2050 5005 2318 5059 dissensio
2344 5002 2560 5056 scilicet
2590 5002 2656 5054 de
2684 5000 2908 5054 salutari
2941 5001 3101 5056 festo.
3139 5001 3346 5070 Quippe
3381 4999 3467 5052 alii
3497 5015 3622 5052 con-

2049 5095 2390 5150 suetudinem
2429 5091 2739 5146 Iuda-orum
2789 5094 2940 5160 sequi
2973 5102 3224 5162 Oportere
3255 5092 3572 5146 aSSerebaut
3600 5109 3614 5144 :

2048 5186 2135 5239 alii
2169 5197 2378 5254 tempus
2411 5183 2586 5250 ipsum
2619 5192 2874 5236 accurate
2922 5183 3320 5237 observandum
3351 5197 3472 5236 esse
3505 5181 3618 5234 aie-

2049 5451 2359 5522 πληγάδων,
2385 5451 2656 5520 quomodo
2690 5451 2853 5505 ctiam
2888 5448 3174 5504 Turnebus
3221 5451 3286 5503 ad
3332 5463 3480 5503 oram
3532 5448 3615 5502 sui

2048 5526 2256 5576 codicis
2291 5525 2624 5574 emendaret.

2109 5595 2220 5660 (29)
2290 5593 2382 5644 Ἐκ
2427 5590 2662 5660 μακροῦ
2731 5589 3150 5659 διενοχλοῦσα.
3220 5587 3440 5660 Rectius
3493 5602 3615 5660 meo

2036 5658 2255 5742 quidem
2343 5658 2553 5732 judicio
2622 5658 3012 5732 legeretur'éx
3079 5658 3294 5729 μακροῦ
3357 5658 3421 5729 δὴ
3491 5659 3610 5714 ἐνο-

2035 5743 2160 5802 χλου
2171 5749 2257 5788 σα.
