4212 6440
573 328 712 384 1053

1324 322 1594 378 EUSEBII
1633 317 2112 375 CAESARIENSIS‘
2147 319 2294 373 OPP.
2339 317 2520 373 PARS
2555 317 2595 374 Ι.
2635 347 2701 356 —-
2739 317 3128 375 HISTORICA.

3693 327 3712 378 l
3724 325 3829 378 060

573 449 724 509 haut,
762 456 863 497 nec
892 439 1201 495 errantibus
1228 436 1655 496 assentiendum,
1691 435 1782 502 qui
1817 435 1883 488 ab
1910 448 2142 500 evange—
2172 440 2204 495 Α

2245 431 2616 504 πλανωμένοις
2649 434 2876 488 ἔπεσθαι
2897 438 3010 499 τοῖς
3031 437 3130 506 τῆς
3155 437 3282 504 εύαγ
3301 407 3513 507 (ελίκῆς
3530 437 3826 509 ἀλλοτρίοις

569 538 670 589 lica
703 533 879 605 gratia
910 531 1015 585 hac
1053 530 1217 582 etiam
1249 529 1300 581 in
1333 537 1489 596 parte
1516 525 1676 578 alieni
1718 533 1919 578 essent.
1957 522 2156 591 ltaque'

570 641 694 678 cum
725 636 914 677 omnes
953 620 1152 689 ubique
1175 617 1352 686 populi
1384 615 1702 682 jamdudum
1760 613 1900 667 inter
1937 627 1995 667 se
2029 613 2141 666 dis-

570 719 836 778 siderent,
867 723 922 767 et
953 712 1096 766 sacri
1128 709 1407 778 religionis
1450 716 1649 761 nostra:
1675 706 1811 760 ritus
1841 703 2137 759 conturba-

573 823 760 864 rentur
789 805 1010 878 (quippe
1034 803 1085 856 in
1121 818 1227 855 uno
1263 801 1561 867 eodemque
1593 796 1731 851 festo
1761 798 2020 864 temporis
2054 795 2140 850 di-

569 899 800 956 versitas
840 896 1133 950 maximum
1186 892 1474 946 discidium
1507 893 1648 944 inter
1703 889 1961 944 feriantes
1989 890 2140 944 exci-

572 994 742 1055 tabat,
761 1003 883 1043 cum
903 987 956 1040 hi
982 984 1204 1054 jejuniis
1229 991 1281 1036 et
1304 981 1562 1035 aerumnis
1588 981 1798 1048 seipsos
1815 989 2137 1045 attererent,

576 1083 652 1136 illi
688 1080 801 1135 otio
834 1094 897 1132 ac
931 1075 1130 1130 laetitia:
1161 1069 1884 1144 iudulgerent),mortalium
1919 1070 2136 1138 quidem

567 1189 730 1229 nemo
759 1182 903 1237 erat,
937 1171 1030 1240 qui
1086 1168 1210 1223 huic
1241 1167 1380 1222 malo
1422 1164 1716 1220 remedium
1769 1174 1949 1234 posset
1983 1163 2139 1217 adhi-

568 1264 696 1319 bere
723 1307 736 1329 ,
765 1278 886 1318 cum
913 1263 1170 1329 utrinque
1190 1259 1336 1312 inter
1354 1256 1735 1312 dissentientes
1753 1254 1894 1308 velut
1926 1263 2134 1322 aequata

567 1356 721 1410 lance
803 1351 1168 1409 controversia
1225 1353 1499 1419 penderet.
1585 1347 1698 1402 Soli
1775 1345 2134 1414 omnip0tenti

567 1450 675 1504 Deo
716 1446 971 1516 perfacile
995 1454 1116 1500 erat
1169 1443 1290 1497 istis
1323 1442 1482 1496 malis
1520 1441 1749 1506 mederi;
1801 1451 1942 1492 unus
1970 1452 2133 1508 porro

565 1541 618 1595 in
654 1539 812 1593 terris
841 1536 1087 1592 exstabat
1123 1533 1530 1596 Constantinus,
1567 1529 1735 1602 486
1789 1531 1878 1598 qui
1915 1529 1980 1581 ad
2024 1529 2134 1582 haec

564 1635 700 1687 bona
723 1629 1053 1700 perﬁcienda
1092 1627 1320 1682 idoneus
1355 1625 1447 1679 Dei
1495 1625 1745 1678 minister
1767 1637 1889 1676 esse
1920 1622 2133 1676 videre—

565 1734 672 1777 tur.
709 1722 810 1790 Qui
835 1732 1186 1792 posteaquam
1232 1720 1345 1774 haec
1372 1732 1492 1786 qua:
1521 1717 1678 1770 modo
1712 1714 1819 1768 dixi
1853 1713 2130 1768 auditione

2248 521 2482 590 χάριτος.
2517 523 2634 575 Κάν
2665 522 2836 593 τούτῳ
2859 525 3144 595 τοιγαροῦν
3171 525 3282 594 (50,
3320 529 3549 596 μακροῖς
3579 528 3679 598 ἤδη
3707 530 3828 600 χρό-

2245 628 2352 674 νοις
2382 612 2831 685 τῶν-όιπανταχοῦ
2862 615 3004 668 λαῶν
3046 617 3490 689 διενηνεγμένων,
3523 619 3736 691 Θεσμῶν
3763 638 3824 674 τε

2244 703 2403 756 θείων
2447 707 2840 780 συγχεομένων,
2871 707 2946 770 ὡς
2978 708 3069 760 ἐπὶ
3105 710 3234 779 μιᾶς
3274 709 3367 762 καὶ
3391 711 3486 780 τῆς
3514 712 3682 781 αὐτῆς
3703 713 3824 784 ἑορ-

2241 791 2340 862 τῆς
2364 793 2460 864 τὴν
2501 794 2596 848 τοῦ
2627 797 2816 866 καιροῦ
2859 799 3215 872 παρατροπὴν
3255 802 3517 873 μεγίστην
3547 802 3825 858 διάστασιν

2242 885 2486 955 ἐμποιεῖν
2505 890 2617 951 τοῖς
2636 888 2733 960 τὴν
2761 891 2953 962 ἑορτὴν
2974 890 3186 960 ἄγουσι,
3211 893 3319 947 τῶν
3349 896 3446 965 μὲν
3474 898 3705 961 ἀσιτίαις
3727 898 3823 952 καὶ

2241 981 2633 1046 κακοπαθείαις
2676 984 3104 1055 ὲνασκουμένων,
3147 987 3255 1040 τῶν
3280 987 3324 1040 δ’
3358 989 3541 1044 ἀνέσει
3566 989 3663 1061 τὴν
3696 1007 3821 1061 σχο-

2239 1069 2336 1140 λὴν
2375 1071 2752 1136 ἀνατιθέντων,
2786 1075 2960 1138 οὐδεὶς
2993 1070 3100 1141 οἶός
3135 1095 3194 1130 τε
3226 1073 3293 1150 ἦν
3328 1079 3627 1151 ἀνθρώπιον
3661 1080 3820 1152 θερα-

2241 1163 2396 1215 πείαν
2415 1163 2678 1235 εὕρασθαι
2706 1165 2799 1218 τοῦ
2828 1167 3017 1231 κακοῦ,
3049 1170 3351 1223 ῖσοστασίου
3385 1171 3483 1242 τῆς
3509 1171 3684 1243 ἔριδος
3707 1172 3818 1242 (51)

2236 1258 2350 1319 τοῖς
2377 1256 2656 1311 διεστῶσιν
2682 1260 3033 1331 ὑπαρχούσης
3053 1278 3066 1292 ⁸
3111 1262 3257 1334 μόνῳ
3300 1262 3345 1316 δ’
3374 1263 3480 1334 ἄρα
3507 1264 3585 1335 τῷ
3628 1283 3820 1320 παντο-

2236 1344 2459 1417 δυνὰμῳ
2489 1347 2609 1418 Θεῷ
2653 1351 2746 1402 καί¹
2792 1349 2944 1404 ταῦτ’
2977 1351 3156 1406 ἰᾶσθαι
3188 1353 3368 1424 ῥᾴδιον
3399 1349 3487 1426 ἦν,
3511 1355 3729 1423 ἀγαθῶν
3767 1358 3815 1410 δ’

2236 1435 2515 1507 ὑπηρέτης
2540 1437 2688 1508 αύτῷ
2723 1439 2880 1509 μόνος
2911 1440 3018 1493 τῶν
3047 1441 3138 1493 ἐπὶ
3163 1442 3265 1513 γῆς
3280 1443 3634 1512 κατεφαίνετο
3656 1448 3812 1499 Κων-

2236 1529 2545 1592 σταντῖνοςο
2584 1529 2644 1593 ὃς
2699 1532 2885 1602 ἐπειδὴ
2932 1532 3030 1604 τὴν
3081 1534 3190 1587 τῶν
3269 1535 3565 1606 λεχθέντων
3620 1538 3814 1607 διέγνω

2231 1620 2418 1690 ἀκοὴν,
2451 1621 2511 1674 τό
2558 1637 2616 1674 τε
2663 1625 3052 1695 καταπεμφθὲν
3088 1626 3237 1697 αὐτῷ
3269 1629 3500 1699 γράμμα
3532 1632 3644 1693 τοῖς
3668 1632 3809 1684 κατά

2232 1711 2330 1781 τὴν
2367 1711 2769 1784 Ἀλεξάνδρειαν
2818 1716 3095 1788 ἄπρακτον
3129 1718 3294 1790 ἐώρα,
3329 1721 3447 1773 τότε
3491 1721 3649 1786 αὐτὸς
3678 1724 3807 1776 ἑαυ-

560 1814 791 1883 accepit,
823 1822 877 1868 et
904 1812 1100 1866 litteris
1128 1825 1264 1878 quas
1284 1809 1352 1864 ad
1378 1807 1782 1862 Alexandrinos
1806 1805 2026 1860 miserat
2053 1807 2130 1858 ni-
2161 1795 2202 1850 Β

2235 1804 2323 1856 τοῦ
2353 1805 2449 1876 τὴν
2487 1807 2723 1861 διάνοιαν
2757 1808 3109 1881 ἀνακινήσας,
3141 1811 3296 1865 ἄλλον
3325 1815 3531 1866 τουτονὶ
3559 1831 3809 1884 καταγω-

561 1904 636 1958 hil
680 1918 738 1957 se
791 1901 1092 1970 profecisse
1121 1900 1423 1969 cognovit,
1474 1897 1670 1951 mentis
1703 1911 1813 1951 suae
1857 1895 2129 1950 solertiam

561 1995 676 2062 ipse
698 1993 943 2048 excitans
967 2033 980 2057 ,
1025 2006 1222 2046 novum
1259 1989 1363 2043 sibi
1416 1987 1617 2043 bellum
1650 1987 1914 2042 adversus
1943 1986 2132 2040 invisi-

559 2086 718 2139 bilem
765 2086 975 2139 hostem
1014 2082 1267 2136 Ecclesiae
1301 2089 1500 2136 statum
1531 2077 1968 2148 perturbantem,
2002 2093 2130 2132 con-

560 2178 847 2233 ﬁciendum
871 2190 992 2230 esse
1021 2175 1180 2228 dixu.

1162 2261 1389 2318 CAPUT
1423 2262 1508 2316 Vl.

781 2355 1053 2420 Quomodo
1086 2354 1342 2423 synodum
1369 2349 1568 2405 Nicaea:
1593 2350 1711 2420 ﬁeri
1733 2349 1936 2419 jussil.‘

627 2447 746 2502 Mox
775 2447 922 2500 velut
945 2445 1180 2500 divinam
1213 2443 1504 2512 quamdam
1525 2441 1847 2512 phalangem
1869 2441 2128 2494 adversus

559 2553 681 2592 eum
713 2539 1006 2602 instruens,
1032 2535 1340 2608 generalem
1367 2533 1626 2603 synodum
1653 2531 2002 2597 convocavit;
2039 2532 2129 2586 ho-

555 2630 794 2684 noriﬁcis
817 2630 1012 2683 litteris
1033 2629 1314 2696 episcopos
1336 2627 1575 2694 undique
1600 2625 1855 2689 invitans,
1874 2611 1933 2677 ut
1955 2637 2127 2692 quan-

553 2721 728 2775 tocius
755 2719 1032 2775 adessent.
1063 2717 1172 2772 Nec
1198 2733 1328 2772 vero
1357 2716 1584 2786 simplex
1613 2729 1678 2769 ac
1708 2716 1849 2769 nuda
1875 2724 1993 2769 erat
2017 2713 2128 2780 jus-

550 2811 631 2864 sio
664 2826 678 2864 :
711 2809 804 2864 sed
857 2821 1116 2880 praeterea
1158 2809 1386 2863 multum
1435 2808 1501 2862 ad
1559 2808 1662 2860 hoc
1708 2820 1844 2874 Opus
1895 2804 2123 2860 contulit

550 2903 897 2970 imperatoris
921 2901 1254 2971 benignitas,
1285 2901 1376 2969 qui
1410 2900 1531 2954 aliis
1561 2898 1775 2966 quidem
1806 2899 1998 2950 cursus
2021 2911 2118 2965 pu-

549 2994 675 3047 blici
707 2994 917 3062 copiam
944 2993 1203 3063 praebuit,
1259 2991 1383 3046 aliis
1406 3005 1536 3044 vero
1563 2989 1935 3057 jumentorum
1963 3001 2117 3040 usum

547 3085 760 3138 abunde
783 3084 1232 3138 subministravit.
1253 3083 1390 3150 Quin
1409 3083 1575 3136 etiam
1596 3081 1751 3135 sedes
1768 3079 1891 3133 huic
1915 3077 2121 3148 synodo

2231 1895 2455 1950 νιεῖσθαι
2481 1897 2588 1951 δεῖν
2622 1899 2721 1970 ἔφη
2747 1900 2838 1952 τὸν
2864 1900 3002 1953 κατά
3033 1901 3126 1954 τοῦ
3157 1903 3513 1974 ταράττοντος
3538 1906 3635 1976 τὴν
3681 1907 3802 1960 Ἐκ-

2231 1987 2457 2056 κλησίαν
2486 1989 2722 2058 ἀφανοῦς
2755 1990 2948 2062 ἐχθροῦ
2982 1993 3233 2064 πόλεμον.

2755 2255 3150 2315 ΚΕΦᾹΛΑΙΟΝ
3173 2263 3261 2329 ς’.

2231 2340 2419 2408 Ὅπως
2453 2345 2716 2400 σύνοδον
2745 2349 2817 2401 ἐν
2849 2351 3061 2419 Νικαίᾳ
3091 2352 3364 2422 γενέσθαι
3406 2357 3794 2425 προσέταξεν.

2299 2431 2411 2488 Εἶθ’
2453 2435 2640 2509 ὥσπερ
2685 2441 3089 2512 ὲπιστρατεύων
3124 2445 3296 2516 αὐτῷ,
3347 2447 3481 2501 Θεοῦ
3541 2451 3797 2522 φάλαγγα

2229 2525 2442 2580 σύνοδον
2475 2530 2856 2605 οἰκούμενικὴν
2888 2536 3220 2607 συνεκρότει,
3254 2540 3500 2594 σπεύδειν
3548 2543 3793 2600 ἁπαντα-

2226 2618 2380 2687 χόθεν
2406 2621 2530 2684 τοὺς
2556 2622 2890 2688 ἐπισκόπους
2916 2626 3206 2698 γράμμασι
3243 2638 3550 2702 τιμητικοῖς
3585 2655 3794 2709 προκα-

2225 2709 2504 2800 λούμενος.
2557 2715 2670 2767 Οὐκ
2700 2710 2768 2785 ἦν
2795 2716 2841 2768 θ’
2875 2717 3083 2773 ἁπλοῦν
3111 2721 3171 2774 τὸ
3201 2724 3501 2796 ἐπίταγμα.
3539 2731 3795 2800 συνήργει

2224 2799 2280 2852 δὲ
2311 2803 2401 2854 καὶ
2427 2803 2563 2874 αὐτῇ
2591 2805 2786 2875 πράξει
2824 2807 2884 2861 τὸ
2913 2809 3174 2879 βασιλέως
3202 2815 3394 2885 νεῦμα,
3419 2815 3500 2881 οἷς
3523 2821 3619 2890 μὲν
3643 2821 3792 2886 ἐξου-

2227 2891 2344 2996 σίαν
2365 2893 2622 2996 δημοσίου
2641 2899 2884 2996 παρέχον
2897 2901 3105 2996 δρόμου
3124 2905 3255 2976 (52),
3266 2903 3369 2996 θῖς
3399 2911 3456 2964 δὲ
3473 2900 3792 2988 νωτοέρόρων

2223 2984 2526 3055 ὑπηρεσίας
2557 2988 2849 3056 ἀφθόνους·
2885 2993 3088 3066 ὥριστο
3139 2999 3196 3051 δὲ
3245 2984 3336 3054 κῖιὶ
3388 3003 3536 3067 πόλις
3582 2984 3791 3078 ἐμπρέ-

2225 3092 2400 3130 πουσα
2430 3082 2495 3148 τῇ
2529 3081 2750 3151 συνόδῳ,
2776 3083 2931 3155 νίκης
2957 3087 3262 3160 ἐπώνυμος,
3293 3093 3434 3147 κατά
3457 3094 3516 3146 τὸ
3550 3097 3790 3152 Βιθυνῶν

550 3174 1063 3229 convenientissima
1093 3175 1362 3241 assignato
1387 3183 1490 3235 est,
1523 3174 1654 3226 urbs
1676 3186 1796 3240 qua:
1828 3186 1856 3223 a
1888 3170 2116 3223 victoria
2149 3139 2191 3197 Ο

2469 3139 2495 3148 ..
2701 3139 2748 3151 ,ν
2887 3139 2928 3155 .-
3086 3139 3262 3160 κ-τ--η
3295 3139 3434 3147 -.ω-ς
3468 3139 3516 3146 η
3550 3139 3787 3152 νηυυη

2235 3167 2446 3240 ΞΟνος,ή
2477 3171 2694 3226 Νίκαια.
2743 3175 2827 3239 Ὡς
2864 3161 2956 3229 οῦν
2981 3179 3167 3248 ἐφοίτα
3190 3185 3464 3256 πανταχοῦ
3492 3191 3552 3239 τὸ
3578 3191 3792 3259 παράγ-

547 3283 742 3322 nomen
775 3266 939 3320 habet
970 3263 1169 3329 Nicma,
1224 3265 1276 3318 in
1319 3263 1564 3334 Bithynia
1614 3263 1740 3317 sita.
1772 3260 1986 3316 Perlato
2016 3261 2116 3328 igi-

549 3369 633 3411 tur
663 3357 716 3411 in
748 3371 936 3410 omnes
971 3355 1282 3424 provincias
1312 3353 1658 3423 imperatoris
1684 3361 1976 3422 praecepto,
2005 3362 2114 3405 sta-

548 3450 641 3502 tim
669 3449 844 3502 cuncti
901 3447 1050 3502 velut
1079 3461 1142 3499 ex
1177 3455 1465 3500 transenna
1514 3444 1719 3508 emissi,
1752 3457 1961 3497 summa
1989 3455 2110 3494 eum

544 3540 824 3593 alacritate
876 3537 1222 3592 advolarunt.
1273 3535 1563 3590 Alliciebat
1615 3535 1822 3589 scilicet
1865 3547 1960 3588 eos
1989 3549 2111 3603 spes

544 3629 829 3693 honorum,
854 3637 907 3682 et
939 3627 1220 3695 praesentis
1247 3627 1392 3695 pacis
1420 3624 1833 3694 opportunitas;
1863 3625 1982 3676 novi
2017 3622 2108 3676 de-

542 3721 704 3789 nique
733 3720 1004 3784 miraculi,
1061 3719 1193 3773 tanti
1230 3719 1483 3772 nimirum
1523 3716 2111 3786 impcratoris,specta-

539 3810 739 3866 culum.
770 3808 1131 3878 Posteaquam
1164 3809 1216 3862 in
1250 3823 1415 3862 unum
1469 3820 1794 3870 convenere,
1849 3804 1938 3858 Dei
1971 3820 2107 3872 opus

537 3917 658 3958 esse
687 3903 736 3956 id
763 3903 904 3972 quod
937 3902 1228 3972 gerebatur
1259 3898 1526 3969 apparuit.
1546 3896 1680 3953 Nam
1702 3897 1796 3968 qui
1816 3913 1924 3952 non
1949 3898 2105 3952 modo

537 3996 754 4062 animis,
786 4010 969 4050 verum
1009 3995 1176 4050 etiam
1222 3995 1543 4064 corporibus
1583 4003 1638 4046 et
1701 3990 2012 4062 regionibus
2039 4004 2104 4044 ac

535 4087 666 4141 locis
700 4097 754 4142 et
787 4087 1080 4156 provinciis
1111 4085 1420 4154 longissime
1455 4083 1598 4136 inter
1622 4097 1681 4135 se
1710 4081 1885 4136 dissiti
1918 4090 2097 4144 erant,

2222 3257 2418 3328 γελμα,
2453 3258 2539 3314 οἷά
2572 3279 2715 3327 τινος
2764 3265 2870 3318 ἀπὸ
2911 3267 3113 3342 νύσσης
3149 3274 3196 3325 οἱ
3242 3275 3439 3339 πάντες
3490 3257 3667 3333 ἕθεονί
3693 3257 3789 3334 σῦν

2221 3348 2498 3442 προθυμίᾳ
2528 3353 2672 3426 πάσῃ
2699 3372 2711 3384 ·
2745 3351 2893 3410 εἷλκε
2924 3359 3032 3431 γὰρ
3071 3363 3264 3428 αὐτοὺς
3294 3365 3512 3434 ἀγαθῶν
3541 3371 3714 3434 ἐλπὶς,
3751 3375 3785 3442 ἣ

2217 3441 2403 3536 ⁸πίε-τῆς
2432 3444 2654 3536 εἰρήνης
2681 3451 2958 3517 μετουσία,
2989 3454 3081 3506 τοῦ
3115 3472 3172 3507 τε
3203 3453 3352 3520 ξένου
3377 3459 3671 3530 θαύματος,

2215 3529 2311 3582 τοῦ
2360 3533 2612 3587 τοσούτου
2665 3536 2927 3606 βασιλέως
2972 3543 3220 3616 ὅψεως,ή
3271 3547 3387 3603 θέα.
3429 3549 3642 3623 Ἐπειδὴ
3691 3529 3784 3608 οῦν

2218 3621 2471 3714 συνῆλθον
2507 3627 2556 3678 οἱ
2588 3629 2806 3693 πάντες,
2843 3631 3002 3704 ἔργον
3030 3634 3128 3707 ἤδη
3161 3637 3294 3692 Θεοῦ
3319 3639 3378 3692 τὸ
3417 3621 3782 3714 πραττόμενον

2218 3711 2522 3786 ὲθεωρεῖτο.
2595 3720 2654 3771 Οἱ
2701 3720 2809 3792 γὰρ
2867 3725 2940 3794 μὴ
2998 3726 3157 3795 μόνον
3213 3729 3429 3801 ψυχαῖς,
3462 3711 3467 3712 ν
3501 3711 3636 3788 ἀλλά
3689 3739 3782 3791 καὶ

2216 3803 2428 3898 σώμασι
2459 3809 2549 3861 καὶ
2562 3810 2788 3881 χώραις,
2814 3814 2906 3867 καὶ
2926 3816 3108 3881 τόποις
3136 3820 3227 3872 καὶ
3254 3821 3428 3876 ἔθνεσι
3445 3827 3780 3898 πορρωτάτω

2211 3893 2494 3962 διεστῶτες
2532 3899 2792 3972 ἀλλήλων,
2822 3905 2957 3974 ὁμοῦ
3007 3912 3325 3980 συνήγοντοο
3365 3915 3456 3968 καὶ
3506 3893 3603 3988 μία
3652 3922 3780 3983 τοὺς

2210 3988 2416 4083 πάντας
2443 3992 2731 4083 ὑπεδέχετο
2757 3997 2930 4060 πόλις,
2961 3995 3070 4053 οἶόν
3114 4019 3230 4055 τινα
3283 4006 3537 4075 μέγιστον
3588 4010 3779 4083 ἱερέων

2209 4078 2490 4148 στέφανον,
2515 4082 2572 4148 ἐξ
2596 4083 2812 4154 ὡραίων
2832 4086 3037 4142 ἀνθέων
3058 4095 3614 4166 καταπεποικιλμένον

536 4191 664 4234 tunc
692 4178 746 4232 in
778 4193 940 4232 unum
969 4177 1275 4248 congregati
1331 4180 1814 4232 cernebantur:et
1836 4172 1985 4226 velut
2031 4169 2318 4225 maximam
2365 4174 2653 4240 quamdam
2683 4180 3031 4234 sacerdotum
3096 4197 3352 4238 coronam
3409 4201 3472 4240 ex
3529 4191 3778 4257 βιιΙι-Ιιρτ-

533 4272 685 4327 rimis
711 4270 932 4326 ﬂoribus
961 4281 1268 4325 contextam
1301 4310 1316 4334 ,
1358 4287 1459 4325 una
1489 4277 1718 4325 cunctos
1767 4267 1962 4322 civitas
2001 4265 2274 4334 capiebat.

1125 4363 1349 4421 CAPUT
1391 4363 1498 4420 VII.

529 4456 607 4513 De
635 4456 914 4511 universali
943 4456 1180 4520 concilio,
1204 4457 1271 4508 ad
1294 4455 1430 4522 quod
1447 4469 1510 4535 ex
1530 4454 1768 4534 omnibus
1804 4449 2092 4520 provinciis

997 4535 1346 4579 convenerunt
1380 4540 1629 4592 episcopi.

598 4617 809 4670 Etenim
833 4631 899 4672 ex
927 4617 1182 4671 omnibus
1206 4613 1458 4670 Ecclesiis
1496 4629 1615 4684 qua:
1644 4611 1950 4668 universam
1982 4609 2089 4662 Eu-
2182 4673 2183 4676 η

525 4723 734 4777 ropam,
784 4707 1022 4762 Africam
1051 4716 1212 4776 atque
1246 4708 1432 4762 Asiam
1488 4705 1842 4778 impleverant
1871 4744 1885 4768 ,
1922 4695 1956 4756 ii
1988 4701 2081 4770 qui

2749 4367 3141 4422 ΚΕΦΑΛΑῘΟΝ
3174 4373 3246 4425 Z'.

2199 4452 2339 4520 Περὶ
2370 4457 2788 4535 οἰκουμενρεῆς
2840 4461 3135 4535 σιίνόδοιξ,
3176 4466 3265 4529 εἰς
3318 4464 3400 4531 ἦν
3428 4467 3495 4520 ἐκ
3534 4471 3772 4525 πάντων

2539 4527 2731 4582 ἐθνῶν
2767 4529 3050 4597 παρῆσαν
3079 4527 3415 4589 ἐπίσκοποι.

2266 4614 2386 4668 Τῶν
2429 4617 2559 4685 γοῦν
2577 4620 2909 4690 Ἐκκλησιῶν
2961 4624 3209 4688 ἀπασῶν,
3241 4627 3294 4679 αῖ
3345 4629 3442 4698 τὴν
3499 4631 3768 4705 Εὐρώπην

2189 4702 2405 4759 ἃπασαν
2427 4749 2440 4772 ,
2475 4709 2681 4780 Λιϐύην
2710 4728 2767 4763 τε
2803 4714 2895 4764 καὶ
2924 4712 3020 4783 τὴν
3057 4715 3239 4768 Ἀσίαν
3287 4702 3595 4789 ἐπλήρουν,
3629 4702 3766 4793 ὁμοῦ

595 4819 705 4890 (50)
733 4819 858 4898 Κάν
877 4822 1066 4888 τούτῳ
1095 4820 1429 4898 τοιγαροῦις.
1472 4819 1572 4898 llic
1599 4819 1759 4898 locus
1788 4832 1954 4898 prava
2009 4816 2090 4896 in-
2126 4817 2168 4872 Ι)
2195 4819 2204 4870 ἔ

2235 4820 2345 4873 οιδα
2382 4828 2483 4878 hoc
2513 4823 2632 4898 loco
2667 4825 2802 4898 dixit
2829 4825 3114 4893 Eusebius,
3141 4829 3190 4882 id
3215 4839 3318 4891 est,
3359 4833 3573 4898 paribus
3602 4836 3766 4889 utrin-

523 4884 903 4957 terpuitctioue
935 4884 1215 4957 corruptus
1242 4884 1348 4942 est.
1379 4892 1570 4942 Seriho
1599 4891 1764 4958 igitur
1793 4884 1810 4941 7:
1845 4890 1958 4950 τοῖς
1977 4884 2076 4955 τῆς

519 4960 877 5030 εύαγγελικῆς
904 4960 1199 5029 ἀλλοτρίοις
1237 4960 1455 5030 χάριτος
1488 4961 1590 5012 κάν
1616 4959 1808 5029 τούτῳ,
1844 4970 1950 5011 etc.
1988 4961 2078 5011 Att

518 5031 784 5084 Eusebius
809 5030 1018 5083 Iudaeos
1049 5043 1157 5083 tum
1209 5031 1261 5082 in
1298 5033 1416 5084 aliis
1477 5034 1632 5085 rebus
1673 5033 1741 5084 ab
1799 5030 2074 5096 Evangelii

518 5102 686 5167 gratia
715 5102 918 5154 alienos
952 5115 1090 5160 esse,
1123 5111 1232 5152 tum
1265 5102 1314 5152 in
1373 5103 1473 5154 hac
1532 5101 1872 5169 potissimum
1932 5099 2075 5166 quod

517 5170 720 5223 Pascha
746 5186 811 5224 ex
843 5169 1075 5222 Mosaica
1121 5172 1512 5225 consuetudine
1565 5172 1742 5224 adhuc
1773 5171 2071 5230 celebrent,

516 5256 620 5294 non
658 5241 809 5305 juxta
863 5239 1133 5308 Evangelii
1186 5243 1490 5293 veritatem.
1545 5241 1841 5294 Coulirmat
1893 5249 2068 5292 autem

514 5311 942 5364 emendationem
976 5321 1212 5362 nostram
1245 5309 1629 5364 Constantinus
1661 5312 1710 5362 in
1743 5308 1965 5378 epistola
2005 5309 2071 5361 ad

513 5379 806 5441 Ecclesias,
825 5378 975 5445 cujus
998 5380 1153 5432 verba
1171 5378 1475 5432 referuntur
1494 5381 1627 5432 inl'ra
1647 5382 1704 5445 iu
1725 5395 1772 5432 c.
1797 5382 1856 5432 l7
1877 5400 1888 5433 :
1910 5380 2072 5430 Ἐκεῖ-

511 5450 605 5521 θεν,
629 5445 720 5502 οὖν
748 5444 920 5502 τοίνυν
941 5449 1041 5502 κάν
1066 5448 1238 5518 τούτῳ
1266 5447 1343 5517 τῷ
1373 5449 1524 5520 μέρει
1555 5444 1662 5520 τὴν⁹
1680 5449 1932 5521 ἀλήθειαν
1957 5451 2068 5518 οὐχ’

506 5519 724 5591 ὁρῶσιν.

578 5592 686 5656 (51)
729 5591 1099 5644 Ἰσοστασίου
1146 5587 1254 5656 τῆς
1297 5588 1510 5656 ἔριδος.
1555 5589 1727 5643 Grmci
1770 5591 2066 5645 ἰσοστάσιον

510 5660 688 5728 μάχην
722 5662 926 5726 dicunt,
958 5661 1167 5730 quoties
1196 5664 1264 5712 ita
1298 5671 1594 5730 pugnatum
1629 5669 1730 5724 est,
1774 5672 1831 5711 ut
1878 5677 2066 5713 neutra

507 5727 947 5796 postquam...
976 5727 1253 5786 retulerit.
1297 5727 1497 5785 Eodem
1550 5744 1707 5784 sensu
1766 5731 2065 5786 ἰσοστάσιον

2190 4907 2287 4970 gite
2333 4895 2602 4970 momentis
2658 4895 2904 4970 libratam
2960 4895 3390 4955 controversiam.
3447 4901 3563 4955 Non
3616 4917 3762 4958 recte

2189 4964 2354 5028 igitur
2414 4964 2945 5039 Christop_h0rs0nus
3033 4971 3104 5021 ita
3175 4971 3399 5026 vertit:
3451 4971 3757 5039 Prcesertim

2185 5037 2709 5112 cum_con(rouersia
2770 5037 3134 5092 dissidentium
3209 5044 3416 5094 animos
3478 5037 3560 5095 ea:—
3611 5062 3760 5113 a'quo

2183 5114 2516 5166 exngrlarel..

2253 5172 2364 5247 (5:!)
2395 5176 2763 5247 Δημοσίου...
2789 5176 3028 5244 δρόμου.
3056 5176 3246 5232 Mirum
3279 5192 3360 5235 est
3399 5183 3543 5247 quod
3583 5180 3758 5236 Euse-

2179 5239 2298 5293 bius
2342 5239 2620 5320 hoewloco
2670 5247 2738 5299 τὰ
2785 5239 3082 5320 Δνωτοςοόρα
3134 5239 3488 5320 distinguit-:1
3541 5253 3758 5320 publico

2179 5326 2362 5385 cursu.
2418 5312 2522 5366 Sed
2568 5317 2878 5384 responderi
2911 5312 3110 5385 potest,
3165 5312 3478 5383 Eusebium,
3537 5312 3757 5375 nomine

2180 5381 2379 5459 publici
2411 5399 2606 5459 cu_rsus
2634 5381 2962 5459 intellexisse
2988 5390 3254 5443 vehicula.
3277 5381 3559 5459 Atque—ita
3587 5407 3748 5446 acce-

2179 5453 2258 5531 pit
2301 5451 2640 5531 Nicephorus
2677 5456 2738 5531 in
2793 5456 2884 5531 lib.
2942 5471 3060 5531 vlli,
3103 5474 3222 5531 cap.
3271 5451 3540 5514 HCAliis
3589 5463 3754 5531 igitur

2177 5524 2446 5591 episcopis
2473 5525 2726 5597 vehicula
2756 5528 2983 5594 przeberi
3008 5524 3749 5597 jussit-Constanttinusfaliis

2176 5594 2641 5717 eqttloslptthlicos
2695 5597 2894 5664 quibus
2959 5594 3285 5655 veherentur
3333 5602 3398 5656 ad
3459 5594 3747 5657 concilium

2176 5681 2270 5717 oro
2297 5680 2356 5717 ec
2389 5681 2492 5717 uri.

2175 5675 2492 5731 protectum.
