4114 6432
598 262 728 321 106⁸1

1330 260 1601 319 EUSEBII
1639 259 2119 318 CESARlENSIS
2157 261 2311 319 OPP.
2352 261 2534 318 PARS
2573 262 2613 317 l.
2656 294 2725 306 -—-
2762 261 3155 322 HISTORICA.

3746 268 3866 327 1068

596 400 901 465 portitorem
949 384 1216 441 allocutus
1256 392 1375 451 est,
1419 390 1644 454 propter
1689 381 1839 438 illum
1875 382 2083 454 gratias
2116 393 2170 439 et

2276 382 2611 457 προσφωνῶν
2646 382 2726 455 τῷ
2770 382 2982 454 βασιλεῖ
3000 408 3023 461 ,ι
3064 384 3143 458 τῷ
3210 401 3277 438 τε
3326 386 3736 463 παντοκράτορι
3767 388 3870 459 Θεῷ

599 472 788 539 laudes
825 479 1121 552 perhibens
1171 475 1535 547 omnipotenti
1591 475 1722 530 Deo.
1750 472 2041 544 Postquam
2085 475 2174 531 ille

597 576 763 631 etiam
802 571 1030 636 assedit,
1061 583 1187 626 mox
1224 568 1404 624 cuncti
1448 566 1641 623 deﬁxis
1690 566 1745 621 in
1785 565 2170 638 imperatorem

595 666 769 723 oculis
807 663 1085 720 silentium
1117 661 1322 719 fecere.
1363 659 1456 715 Ille
1486 659 1628 716 laetis
1663 659 1839 716 oculis
1873 669 1930 716 et
1959 661 2175 731 placido

596 756 745 813 vultu
774 757 1061 812 universos
1101 754 1353 820 intuitus,
1399 766 1466 809 ac
1511 750 1708 808 deinde
1736 760 1973 808 mentem
2018 768 2172 809 suam

597 850 654 905 in
697 864 759 904 se
788 845 1069 917 colligens,
1111 844 1218 901 leni
1263 854 1321 901 et
1371 843 1648 900 moderata
1693 856 1828 900 voce
1865 842 2175 915 huiusmodi

598 940 763 997 verba
795 938 925 995 fecit
949 956 961 991 :

728 1042 731 1057 '
1201 1026 1429 1084 CAPUT
1464 1026 1579 1082 XII.

777 1118 1114 1176 Constantini
1140 1118 1210 1172 ad
1246 1117 1506 1188 synodum
1538 1117 1709 1172 oratio
1745 1117 1810 1173 de
1849 1135 1995 1188 pace.

660 1232 681 1265 ι
703 1213 827 1271 Haec
846 1223 960 1271 erat
982 1226 1197 1269 summa
1210 1219 1456 1267 votorum
1472 1223 1742 1275 meorum,
1765 1209 2100 1275 charissimi,
2119 1220 2177 1266 ut

595 1313 775 1365 coetus
806 1301 974 1357 vestri
1007 1307 1304 1368 conspectu
1352 1298 1486 1354 mihi
1520 1299 1856 1372 quandoque
1903 1301 2009 1356 frui
2051 1316 2177 1357 con-

598 1398 848 1467 tingeret.
863 1396 1030 1465 Cujus
1047 1398 1155 1453 voti
1178 1413 1401 1470 compos
1415 1416 1560 1456 nunc
1578 1400 1779 1468 factus,
1800 1400 1911 1456 Deo
1929 1402 2174 1456 omnium

596 1488 730 1557 Regi
762 1489 968 1559 gratias
999 1504 1122 1561 ago,
1164 1492 1257 1562 qui
1304 1502 1508 1562 praeter
1549 1493 1838 1550 innumera
1870 1494 1976 1549 alia
2012 1495 2178 1551 bene-

595 1579 740 1647 ﬁcia,
781 1582 886 1637 hoc
930 1582 1174 1637 omnium
1217 1584 1487 1640 bonorum
1531 1586 1829 1641 maximum
1873 1587 2007 1641 mihi
2054 1600 2176 1656 spe-

594 1683 744 1731 ctare
792 1674 1085 1744 concessit,
1129 1685 1189 1731 ut
1228 1677 1443 1733 scilicet
1488 1693 1585 1734 vos
1635 1679 1690 1733 in
1766 1694 1934 1734 unum
1984 1693 2177 1734 omnes

2256 472 2626 547 ’χαριστήριον
2659 472 2746 527 ἐπ’
2794 474 2946 547 αὑτῷ
2978 477 3321 549 ποιούμενος
3352 460 3538 546 ὕμνον
3562 491 3575 505 ·
3607 476 3785 550 ἐπειδὴ
3822 479 3868 534 δὲ

2272 564 2369 618 καὶ
2397 564 2560 628 αὑτὸς
2587 563 2847 635 καθῆστο,
2881 565 3009 637 σιγὴ
3045 565 3144 637 μὲν
3178 564 3477 634 ἐγίγνετο,
3522 561 3739 615 πάντων
3768 565 3867 617 ἀτε-

2274 657 2363 720 νὲς
2389 658 2467 721 είς
2493 655 2716 727 βασιλέα
2746 656 3070 727 βλεπόντων·
3098 659 3127 711 ὁ
3147 657 3214 711 δὲ
3244 656 3513 728 φαιδροῖς
3543 653 3749 728 ὄμμασι
3777 656 3871 722 τοῖς

2275 749 2411 802 πᾶσι
2452 747 2685 819 γαληνὸν
2732 747 3030 819 ἐμϐλέψας,
3073 750 3328 804 κᾶπειτα
3374 747 3869 816 συναγαγὼνκαὺτὸ,

2276 840 2412 910 πρὸς
2436 838 2639 909 ξὲαυτὸν
2680 838 2779 911 τὴν
2802 839 3075 907 διάνοιαν,
3102 840 3310 913 ἡσύχῳ
3357 840 3461 894 καὶ
3500 839 3708 913 πραεῖα
3743 847 3869 916 φωνῇ

2277 935 2417 987 τοῖον
2443 931 2693 986 ἀπέδωκε
2716 930 2900 1001 λόγον’
3868 956 3875 963 ~

2797 1020 3201 1076 ΚΕΦΑΛΑῙΟΝ
3246 1019 3360 1074 IB'.

2276 1114 2736 1171 Κωνσταντίνου
2779 1113 2929 1183 πρὸς
2965 1112 3081 1182 τὴν
3117 1112 3411 1169 σύνοδον
3450 1113 3591 1179 περὶ
3632 1115 3866 1184 εἰρήνης.

2350 1225 2368 1259 ι
2406 1207 2587 1277 Εὑχῆς
2614 1205 2711 1277 μὲν
2737 1207 2862 1278 ἐμοὶ
2889 1204 3041 1270 τέλος
3063 1202 3153 1277 ἦν,
3172 1200 3230 1258 ὦ
3261 1204 3421 1274 φίλοι
3448 1244 3463 1269 ,
3496 1204 3601 1274 τῆς
3627 1205 3870 1280 ὑμετέρας

2278 1296 2581 1352 ἀπολαῦσαι
2607 1297 2854 1370 χορείας,
2881 1296 3073 1351 τούτου
3101 1297 3159 1349 δὲ
3192 1294 3416 1367 τυχὼν,
3454 1295 3657 1351 εἰδέναι
3681 1297 3753 1368 τῷ
3780 1300 3867 1354 Βα-

2280 1391 2419 1445 σιλεῖ
2442 1390 2549 1445 τῶν
2577 1390 2713 1445 ὅλων
2745 1389 2842 1462 τὴν
2876 1390 3035 1463 χάριν
3062 1388 3349 1462 ὁμολογῶ,
3376 1389 3467 1442 ὅτι
3496 1406 3590 1460 μοι
3624 1390 3755 1460 πρὸς
3782 1394 3869 1455 τοῖς

2278 1484 2458 1549 ἄλλοις
2480 1484 2672 1550 ἅπασι,
2690 1484 2787 1539 καὶ
2811 1484 2971 1538 τοῦτο
2990 1487 3241 1553 κρεῖττον
3272 1482 3497 1553 ἀγαθοῦ
3531 1484 3730 1547 παντὸς
3757 1486 3865 1538 ἰδεῖν

2278 1578 2620 1649 ἐδωρήσατοο
2654 1578 2800 1649 φημὶ
2829 1577 2893 1650 δὴ
2925 1578 3019 1642 τὸ,
3058 1577 3455 1648 συνηγμένους
3500 1577 3641 1648 ὁμοῦ
3688 1578 3869 1641 πάντας

2278 1671 2589 1738 ἀπολαϐεῖν,
2614 1671 2741 1744 μίαν
2765 1689 2825 1725 τε
2845 1671 3028 1743 κοινὴν
3052 1671 3322 1726 ἁπάντων
3345 1670 3641 1743 ὁμόφρονα
3661 1670 3861 1744 γνώμην

594 1778 976 1839 congregatos,
1008 1778 1065 1825 et
1094 1770 1537 1840 conspirantibus
1565 1771 1765 1827 animis
1802 1787 1967 1827 unum
1999 1770 2170 1827 idem-

2280 1740 2781 1834 θεάσασθαιίΜηδ⁹
2812 1758 2903 1816 οὖν
2940 1740 3209 1833 βάσκανος
3241 1779 3337 1826 τις
3371 1740 3576 1833 ἐχθρὸς
3619 1740 3863 1833 τοῖς

597 1875 705 1930 que
741 1861 1037 1916 sentientes
1069 1861 1335 1918 viderem.
1376 1861 1568 1919 Nullus
1596 1863 1765 1935 igitur
1808 1864 2033 1933 posthac
2061 1879 2177 1919 ma-

595 1949 805 2006 levolus
837 1950 1009 2006 hostis
1038 1949 1247 2006 felicem
1282 1965 1465 2006 rerum
1491 1961 1798 2007 nostrarum
1827 1961 2027 2009 statum
2054 1968 2179 2024 per-

593 2040 796 2107 turbet,
846 2055 946 2096 nec
992 2049 1113 2111 post
1154 2040 1381 2097 deletam
1416 2040 1665 2099 funditus
1695 2058 1760 2099 ac
1791 2043 2057 2099 sublatam
2082 2044 2178 2100 Dei

598 2128 910 2187 Servaloris
939 2132 1164 2195 auxilio,
1195 2134 1541 2203 tyrannidem
1572 2148 1760 2189 eorum
1791 2135 1884 2206 qui
1913 2136 2021 2191 Deo
2056 2135 2174 2191 bel-

594 2219 705 2275 lum
745 2221 1084 2288 indixerant,
1140 2236 1350 2278 rursus.
1376 2222 1645 2294 malignus
1686 2226 1895 2281 daemon
1938 2224 2041 2279 alia
2089 2228 2175 2280 via

594 2328 660 2368 ac
676 2312 883 2368 ratione
908 2314 1141 2369 divinam
1174 2313 1345 2383 legem
1375 2314 1676 2373 maledictis
1697 2326 1754 2372 et
1774 2316 2056 2373 calumniis
2081 2331 2177 2371 ex-

595 2415 783 2475 ponat.
818 2405 1026 2477 Quippe
1058 2407 1310 2463 intcstina
1355 2408 1551 2463 seditio
1594 2408 1853 2465 Ecclesia:
1893 2409 2009 2477 Dei,
2043 2409 2175 2463 mihi

595 2498 815 2567 quidem
852 2498 1000 2553 omni
1041 2498 1183 2555 bello
1214 2510 1269 2554 et
1301 2501 1710 2558 concertatione
1738 2501 1960 2571 gravior
1984 2516 2048 2559 ac
2079 2515 2175 2572 pe-

592 2588 882 2646 riculosior
908 2590 1156 2646 videtur:
1197 2606 1296 2647 nec
1323 2601 1559 2648 externae
1604 2608 1693 2649 res
1734 2602 1943 2649 tantum
1993 2593 2177 2648 animo

595 2694 719 2736 meo
766 2681 1009 2738 dolorem
1056 2680 1314 2746 aii'erunt,
1355 2692 1620 2751 quantum
1666 2685 1783 2739 haec
1819 2684 2058 2754 negotia.
2109 2684 2178 2739 Et

593 2788 660 2829 eo
693 2774 907 2843 quidem
947 2784 1190 2846 tempore
1222 2791 1331 2847 quo
1364 2777 1462 2833 Dei
1492 2786 1625 2832 nutu
1656 2784 1818 2847 atque
1850 2777 2054 2833 auxilio
2080 2778 2177 2832 ad—

589 2864 744 2935 jutus
768 2862 1051 2919 victoriam
1103 2865 1172 2923 de
1215 2866 1464 2923 hostibus
1498 2868 1829 2931 retuleram,
1878 2866 2014 2922 nihil
2056 2881 2174 2922 am-

592 2955 739 3028 plius
774 2956 904 3011 mihi
959 2971 1252 3027 superesse
1280 2955 1698 3024 existimabam,
1744 2971 1909 3031 quam
1948 2965 2007 3012 ut
2058 2964 2175 3012 tum

594 3048 785 3104 divino
835 3046 1056 3105 Numini
1092 3050 1299 3119 gratias
1343 3063 1590 3120 agerem,
1637 3058 1747 3104 tum
1789 3063 1896 3103 una
1942 3063 2066 3105 cum
2108 3049 2176 3105 iis

594 3155 735 3211 quos
781 3140 924 3197 Deus
970 3157 1088 3195 mea
1132 3156 1301 3212 opera
1339 3141 1394 3198 in
1438 3140 1745 3198 libertatem
1778 3142 2175 3210 vindicaverat,

591 3233 870 3287 communi
897 3234 1095 3303 gaudio
1123 3233 1480 3290 exsultarem.
1516 3232 1625 3289 Sed
1655 3234 1747 3289 ubi
1772 3233 1840 3289 de
1877 3233 2177 3297 dissensio-

594 3340 664 3381 ne
695 3335 874 3380 vestra
918 3327 1141 3381 nuntius
1192 3327 1258 3382 ad
1306 3341 1394 3382 me
1450 3326 1728 3397 insperato
1780 3327 2023 3396 perlatus
2067 3337 2172 3394 est,

591 3418 847 3490 equidem
892 3434 1013 3474 eam
1088 3434 1202 3475 rcm
1265 3418 1491 3475 minime
1541 3419 1910 3491 negligentiam
1960 3422 2167 3492 putavi.

592 3510 804 3583 Quippe
831 3520 1029 3584 optans
1058 3520 1119 3566 ut
1145 3510 1274 3568 huic
1302 3511 1445 3572 malo
1486 3526 1607 3569 mea
1636 3527 1853 3583 quoque
1885 3527 2050 3583 opera
2082 3528 2171 3570 re-

592 3743 761 3799 estin
791 3740 951 3796 titulo
973 3738 1138 3812 hujus
1168 3737 1384 3812 capitis.
1399 3736 1809 3812 _Tbeodoritus
1842 3737 2052 3812 vero_in
2084 3736 2124 3792 ι.
2154 3754 2171 3794 t

594 3755 761 3799 estin
791 3755 951 3796 titulo
976 3755 1045 3796 nu
1073 3755 1138 3796 us
1168 3755 1384 3810 captus.
1443 3755 1476 3793 '1
1492 3755 1809 3794 neouorttus
1842 3755 1974 3793 vero
2000 3755 2052 3791 ιη
2086 3755 2124 3792 ι.
2154 3755 2165 3794 l

594 3814 869 3877 Historim,
896 3826 1017 3881 cap.
1045 3755 1112 3873 J7,
1148 3825 1273 3881 non_
1300 3802 1368 3865 ab
1398 3808 1652 3881 Eusebio,
1707 3809 1810 3881 sed;
1840 3811 1908 3862 ab
1966 3807 2165 3881 Eusta-

593 3884 708 3940 thio
736 3878 1036 3937 Antiochia:
1068 3878 1309 3936 civitatis
1355 3879 1612 3949 episcopo
1676 3879 1977 3934 orationem
2025 3879 2170 3935 hanc

592 3954 828 4011 habitam
854 3968 975 4008 esse
1007 3951 1157 4007 dicit.
1195 3949 1513 4005 Theodoriti
1567 3952 1891 4004 sententiam
1950 3957 2172 4003 secutus

587 4037 674 4082 est
703 4024 970 4078 Baronius
996 4039 1012 4083 ;
1036 4035 1196 4090 quem
1256 4020 1727 4090 quidem_sempcr
1770 4018 1952 4074 hostili
1989 4028 2169 4090 atque

557 4095 803 4153 iinl‘enso
828 4095 1009 4148 animo
1036 4088 1299 4145 adversus
1335 4088 1626 4144 Eusebium
1680 4099 1924 4143 nostrqu
1979 4088 2166 4155 fuisse,

562 4159 657 4218 ἐκ
682 4165 797 4231 ejus
825 4162 1047 4230 scriptis
1085 4161 1264 4230 quivis
1296 4159 1473 4231 rqfacile
1516 4160 1907 4231 deprehendet.
1967 4157 2165 4231 Verum

564 4228 781 4288 auctor
804 4228 1057 4287 Hister-iro
1089 4228 1470 4300 t'ripartittein
1514 4228 1653 4285 libro
1687 4246 1750 4294 It,
1805 4244 1925 4300 cap.
1976 4229 2031 4290 5.
2055 4228 2162 4300 iubi

591 4302 905 4359 Theodoriti
960 4301 1125 4356 verba
1166 4299 1461 4363 describit,
1519 4301 1595 4354 ait
1642 4310 1765 4370 post
1820 4299 2162 4370 Eustathium

590 4374 1025 4433 Antiochenum,
1070 4371 1360 4426 Eusebium
1402 4382 1619 4439 quoque
1645 4369 2047 4439 Caesariensem
2097 4369 2165 4423 de

590 4424 1261 4510 laudibusimperatoris
1299 4424 1602 4494 orationem
1661 4424 1937 4495 habuisse.
2007 4438 2163 4505 Quod
2195 4424 2241 4483 Ι)

590 4524 771 4571 tamen
813 4514 867 4568 in
913 4509 1120 4567 Graecis
1178 4509 1493 4566 Theodoriti
1537 4510 1941 4579 exemplaribus
2005 4509 2165 4579 hodie

588 4601 698 4641 non
729 4584 994 4645 habetur;
1042 4596 1266 4652 prorsus
1298 4590 1360 4634 ut
1393 4595 1627 4652 necesse
1651 4578 1772 4652 sit,
1799 4590 1899 4652 aut
1927 4578 2167 4652 Epipha-

589 4656 739 4710 niutn
767 4649 1159 4709 scholasticum
1207 4649 1536 4719 integriores
1586 4650 1901 4705 Theodoriti
1952 4651 2166 4705 codices

590 4734 810 4780 nactum
840 4723 1025 4787 fuisse,
1058 4731 1151 4776 aut
1185 4721 1251 4774 de
1277 4734 1378 4777 suo
1408 4722 1461 4776 id
1518 4720 1813 4783 addidisse.
1876 4729 1937 4774 ut
1994 4720 2164 4773 inter-

588 4796 715 4849 dum
744 4795 900 4850 solet.
928 4792 1063 4847 Tale
1090 4801 1177 4847 est
1202 4790 1332 4846 illud
1370 4792 1514 4861 quod
1560 4805 1725 4861 supra
1760 4790 2069 4861 notavimus
2098 4790 2165 4845 de

586 4866 748 4935 regite
762 4865 911 4935 urbis
924 4866 1201 4935 episcopo,
1218 4877 1380 4935 quem
1390 4860 1441 4915 Ν
1451 4860 1867 4935 iezeiiag’synodg
1866 4876 1979 4935 non
1991 4860 2161 4935 inter-

588 4930 759 4990 fuisse
780 4930 1045 4990 Socrates
1071 4948 1138 4988 ex
1163 4930 1398 4987 EuSebio
1424 4930 1685 5000 prodidit,
1714 4930 1802 4985 ubi
1828 4930 2163 5001 Epiphanius

585 5004 944 5061 scholasticus
970 5003 1264 5059 Alexandri
1294 5017 1489 5058 nomen
1518 5002 1726 5057 addidit
1767 5002 1916 5072 gravi
1952 5016 2160 5072 errore,

584 5092 709 5132 cum
742 5075 1150 5145 Metrophanem
1184 5076 1365 5143 potius
1401 5074 1582 5128 dicere
1610 5071 1906 5145 debuisset.
1959 5071 2163 5145 Sed_ut

585 5147 653 5201 ad
693 5140 1025 5217 propositum
1059 5140 1425 5217 revertantur,
1448 5142 1690 5217 suntqui
1723 5157 1823 5217 nec
1854 5140 2159 5217 Eustathio,

588 5212 973 5281 nec-Eusebio,
1012 5216 1107 5269 sed
1163 5215 1472 5270 Alexandro
1524 5212 2013 5268 Alexandrinorum
2047 5212 2163 5280 epi—

586 5302 752 5356 scopo
777 5288 830 5343 id
864 5286 1084 5340 honoris
1121 5284 1361 5356 delatum
1394 5299 1515 5339 esse
1534 5284 1781 5356 scribant
1803 5321 1821 5345 ,
1852 5294 1914 5338 ut
1942 5282 2157 5356 concilii

587 5351 804 5413 nomine
831 5359 1211 5425 imperatorem
1254 5354 1645 5424 alloqueretur.
1678 5352 1898 5425 Nicetas
1940 5354 2011 5425 in;
2033 5351 2161 5407 The-

585 5444 747 5483 sauro
779 5423 1086 5483 orthodoxa:
1132 5425 1280 5494 ﬁdei,
1340 5423 1432 5480 lib.
1462 5440 1515 5491 v,
1574 5440 1692 5494 cap.
1734 5423 1803 5488 7,
1844 5424 1895 5477 id
1928 5423 2162 5478 aliirmat

586 5499 672 5555 his
696 5501 879 5553 verbis
907 5515 921 5551 :
954 5518 975 5548 ι
1003 5496 1271 5551 Eusebius
1301 5496 1375 5551 De
1406 5496 1515 5549 vita
1542 5495 1891 5550 Constantini
1923 5494 2068 5549 libro
2096 5509 2157 5548 Ill

586 5584 647 5625 se
682 5572 915 5640 primum
959 5570 1121 5640 verba
1175 5566 1227 5620 in
1283 5566 1491 5640 synodo
1543 5566 2044 5640 iecisse__testatur.
2100 5566 2157 5620 Si

586 5636 768 5696 tanien
814 5639 1143 5694 Theodorito
1182 5636 1491 5701 credimus,
1550 5636 1864 5691 Eustathius
1907 5636 2114 5705 primus
2140 5675 2157 5700 ,

584 5710 720 5779 etc”
781 5722 842 5765 ut
901 5718 1078 5766 autent
1115 5707 1431 5765 Theodorus
1480 5706 1889 5778 Mopsuesteuus
1946 5705 2151 5770 scribit,

2277 1856 2459 1929 τέροις
2499 1856 2686 1920 καλοῖς
2726 1855 3101 1927 λυμαινέσθω,
3131 1856 3280 1926 μηδὲ
3328 1856 3438 1926 τῆς
3477 1855 3749 1927 τυράννων
3772 1855 3860 1910 θεο-

2283 1948 2482 2020 μαχίας
2527 1947 2770 2002 ἐκποδὼν
2809 1947 3068 2020 ἀρθείσης
3112 1947 3254 2002 Θεοῦ
3305 1947 3578 2019 Σωτῆρος
3640 1947 3857 2018 δυνάμει,

2269 2040 2481 2112 ἑτέρως
2513 2039 2628 2112 (47)
2662 2043 2691 2094 ὁ
2732 2039 3091 2111 φιλοπόνηρος
3144 2038 3366 2112 δαίμων
3415 2038 3514 2092 τὸν
3552 2039 3691 2092 θεῖον
3722 2038 3857 2111 νόμον

2280 2130 2648 2203 βλασφημίαις
2667 2129 3040 2203 περιϐαλλέτω
3055 2147 3068 2161 ’
3093 2130 3170 2192 ὠς
3192 2130 3397 2202 ἔμοιγε
3423 2129 3629 2193 παντὸς
3652 2128 3854 2199 πολέμου

2279 2223 2372 2277 καὶ
2393 2222 2573 2294 μάχης
2617 2218 2765 2294 δεινὴ
2804 2221 2898 2275 καὶ
2928 2220 3323 2293 χαλεπωτέρα,
3358 2221 3395 2291 ἡ
3430 2221 3533 2291 τῆς
3568 2219 3855 2291 Ἐκκλησίας

2277 2314 2370 2368 τοῦ
2414 2313 2549 2368 Θεοῦ
2594 2314 2861 2387 ⁴ἐμφύλιος
2897 2313 3211 2385 νενόμισται
3259 2311 3501 2379 στάσις,
3545 2313 3642 2366 καὶ
3687 2313 3853 2384 μᾶλλον

2276 2406 2447 2461 ταῦτα
2488 2407 2596 2462 τῶν
2642 2407 2840 2475 ἔξωθεν
2873 2406 3094 2480 λυπηρά
3131 2407 3564 2477 καταφαίνεται.
3597 2407 3719 2459 Ὅτε
3746 2406 3850 2475 γοῦν

2277 2499 2375 2565 τὰς
2408 2499 2549 2555 κατὰ
2573 2500 2682 2557 τῶν
2709 2500 2982 2573 πολεμίων
3014 2500 3171 2565 νίκας
3193 2501 3439 2572 νεύματι
3472 2501 3569 2554 καὶ
3597 2500 3847 2571 συνεργείᾳ

2277 2591 2371 2646 τοῦ
2406 2592 2713 2665 κρείττονος
2741 2594 2986 2666 ἠράμην,
3017 2594 3169 2648 οὐδέν
3199 2612 3263 2649 τε
3308 2594 3528 2648 λείπειν
3558 2593 3666 2664 (48)
3694 2593 3845 2663 ἐνόμι-

2279 2687 2392 2751 ζον,
2418 2686 2451 2758 ἢ
2482 2685 2602 2757 Θεῷ
2627 2687 2724 2757 μὲν
2749 2685 2990 2757 νομίζειν
3009 2688 3108 2758 τὴν
3136 2687 3324 2760 χάριν,
3362 2686 3677 2758 συγχαίρειν
3698 2684 3749 2738 δὲ
3770 2686 3845 2738 καὶ

2278 2782 2390 2843 τοῖς
2428 2777 2571 2850 ὑπὲρ
2613 2778 2779 2833 αὑτοῦ
2817 2780 2885 2833 δι’
2925 2780 3083 2851 ἡμῶν
3124 2780 3613 2853 ἠλευθερωμένοις
3635 2796 3647 2809 ⁸
3687 2778 3843 2849 ἐπειδὴ

2278 2869 2376 2941 τὴν
2400 2870 2673 2944 ὑμετέραν
2688 2872 2971 2927 διάστασιν
2992 2875 3120 2945 παρ’
3144 2873 3341 2927 ἐλπίδα
3366 2874 3552 2926 πᾶσαν
3576 2871 3840 2940 ἐπυθόμην,

2278 2962 2380 3016 οὑκ
2406 2964 2463 3019 ἐν
2490 2962 2725 3036 δευτέρῳ
2753 2963 2849 3036 τὴν
2875 2966 3044 3036 ἀκοὴν
3066 2966 3294 3038 ἐθέμην,
3312 2968 3503 3038 τυχεῖν
3526 2964 3585 3018 δὲ
3605 2962 3843 3018 καὶτοῦτο

2280 3051 2576 3127 θεραπείας
2602 3056 2670 3109 δι’
2697 3058 2838 3129 ἐμῆς
2865 3057 3161 3130 εὐξάμενος
3192 3060 3509 3133 ὑπηρεσίας
3529 3102 3544 3127 ,
3581 3059 3699 3121 τοὺς
3725 3056 3837 3110 πάν-

2283 3166 2384 3213 τας
2433 3149 2700 3221 ἀμελλητὶ
2758 3152 3348 3224 συμμετεστειλάμην’
3408 3153 3507 3206 καὶ
3552 3151 3717 3222 χαίρω
3758 3149 3841 3217 μὲν

2281 3242 2422 3311 ὁρῶν
2451 3242 2551 3316 τὴν
2575 3242 2845 3315 ὑμετέραν
2873 3246 3164 3317 ὁμήγυριν,
3196 3246 3322 3299 τότε
3358 3246 3417 3299 δὲ
3446 3243 3669 3317 μάλιστα
3692 3240 3836 3312 κρὶνω

2281 3336 2402 3390 κατ’
2451 3335 2616 3406 εὐχὰς
2648 3335 2884 3408 ἐμαυτὸν
2918 3322 3186 3409 πράξειν,
3235 3337 3463 3392 ἐπειδάν
3506 3338 3622 3399 ταῖς
3668 3334 3836 3403 ψυχαῖς

2278 3427 2687 3499 άνακραθέντας
2711 3427 2878 3499 ἴδοιμι
2905 3430 3030 3493 τοὺς
3052 3430 3285 3496 πάντας,
3312 3430 3445 3503 μίαν
3475 3446 3534 3482 τε
3558 3424 3724 3496 κοινὴν
3740 3421 3831 3493 (49)

2277 3519 2648 3593 βραὸεύουσαν
2672 3523 2785 3586 τοῖς
2807 3524 2971 3577 πᾶσιν
2996 3523 3281 3596 εἰρηνικὴν
3308 3521 3649 3596 συμφωνίαν,
3672 3519 3732 3588 ἣν
3754 3514 3832 3568 καὶ

2280 3739 2597 3811 Alexandro
2628 3739 3002 3795 Alexandrino
3042 3741 3286 3811 pontiﬁci
3348 3741 3403 3796 id
3451 3733 3829 3811 honoris__ullro

2280 3809 2515 3863 delatum
2540 3821 2643 3866 est.
2685 3829 2703 3861 ι
2744 3811 2857 3880 Ego
2898 3805 3120 3867 vero-in
3152 3820 3299 3866 tanta
3329 3812 3648 3880 scriptorum
3670 3805 3825 3880 diver-

2276 3880 2441 3935 sitate
2472 3880 2728 3935 libentius
2750 3875 2814 3935 ei-
2832 3883 3119 3937 sententia:
3176 3875 3533 3943 accesserim,
3581 3892 3691 3946 qua:
3734 3875 3827 3927 Eu-

2274 3950 2426 4023 sebio
2459 3952 2664 4023 primas
2689 3952 2905 4005 dicendi
2929 3962 3113 4018 partes
3144 3968 3173 4007 a
3209 3955 3425 4021 synodo
3472 3950 3666 4006 delatas
3722 3958 3824 4023 esse

2274 4018 2524 4075 aﬂirtnat.
2556 4020 2798 4075 Primum
2848 4023 2973 4090 quia
3028 4018 3268 4077 omnium
3314 4024 3437 4077 sine
3489 4018 3818 4090 controversia

2275 4091 2626 4162 doctissimus
2660 4105 2722 4145 ac
2749 4084 3143 4148 disertissimus
3171 4103 3290 4148 erat
3317 4090 3603 4148 Eusebius.
3647 4084 3820 4162 Deinde

2275 4159 2391 4228 ipse
2424 4162 2476 4215 id
2505 4171 2695 4231 aperte
2730 4171 2962 4217 testatur
2987 4164 3041 4217 in
3071 4165 3346 4231 principio
3376 4163 3532 4229 hujus
3562 4155 3815 4231 operisltis

2274 4223 2509 4305 verbis;
2541 4223 2708 4305 ’Ἄρτι
2747 4231 2803 4305 δὲ
2836 4234 2934 4305 καὶ
2959 4223 3120 4305 ἡμεῖς
3149 4223 3305 4288 αὑτὸ).
3346 4223 3644 4288 καὶῦςίνικον
3676 4223 3813 4295 μέσον

2271 4300 2636 4377 ἀπολαϐόντες
2666 4300 2805 4377 Θεού
2835 4300 3162 4377 λειτουργῶν
3194 4306 3447 4377 συνόδου,
3480 4305 3813 4377 εἰκοσαετηρεῖ

2272 4374 2387 4451 κρῖς
2400 4371 2588 4442 ὕμνοις
2617 4374 3000 4451 έγεραίρομεν,
3018 4370 3217 4451 idest1
3236 4373 3597 4451 aperetiam
3620 4383 3704 4421 nos
3726 4370 3809 4451 ipsi

2269 4442 2935 4518 victorent_p_rincipent_in
2966 4442 3136 4518 medio
3180 4445 3274 4518 Dei
3313 4442 3659 4500 ministrorum
3690 4449 3810 4518 ἐση-

2267 4520 2423 4566 ventu
2444 4514 2777 4579 residentem,
2814 4516 3175 4570 vicennatibus
3207 4516 3418 4586 hymnis
3459 4514 3701 4586 prosecuti
3725 4518 3806 4558 stt—

2266 4598 2402 4636 mus.

2336 4674 2449 4800 Y7)
2508 4676 2769 4745 Ἑτέρως.
2830 4677 3143 4749 Portesius,
3211 4677 3710 4749 ChristOphorsonus
3758 4669 3803 4717 et

2336 4764 2343 4798 l
2372 4746 2508 4800 licus
2537 4748 2808 4800 interpres
2839 4752 2978 4800 hanc
3014 4765 3199 4800 vocem
3232 4751 3481 4800 omisere.
3506 4759 3620 4800 cum
3645 4749 3795 4793 tamen

2265 4744 2508 4803 Galliéus
2537 4744 2808 4817 interpres
2839 4745 2978 4803 hanc
3014 4744 3199 4805 vocem
3232 4744 3481 4807 omisere.
3506 4749 3795 4817 cunilam“

2268 4825 2380 4871 tota
2413 4820 2498 4874 vis
2521 4810 2807 4874 sententiae
2836 4819 2888 4872 in
2919 4835 2981 4873 ea
3016 4835 3152 4874 voce
3206 4822 3381 4887 posita
3431 4820 3517 4873 sit.
3562 4814 3634 4867 Ad
3677 4810 3792 4887 hanc

2264 4888 2409 4961 enim
2443 4904 2629 4961 vocem
2659 4889 2897 4961 refertur
2930 4905 3052 4960 quae
3078 4893 3328 4961 proxime
3374 4889 3604 4959 sequitur
3644 4890 3793 4961 ρεξιςιοζ

2265 4957 2364 5010 dus
2392 4976 2405 5011 :
2438 4977 2456 5010 ι
2492 4960 2712 5023 Cavete,
2739 4947 3029 5028 inquitfne
3068 4947 3189 5030 post
3223 4947 3465 5016 deletam.
3501 4947 3788 5030 tyrannidem

2265 5040 2452 5081 eorum
2482 5030 2571 5093 qui
2627 5030 2735 5085 Deo
2764 5022 2960 5085 bellum
3008 5022 3345 5095 iniulerunt,
3391 5022 3569 5085 rursus
3616 5022 3786 5095 ἀᾶζηῖοη

2265 5098 2373 5171 alia
2408 5089 2841 5171 via—religionem
2877 5112 3119 5155 nostram
3170 5089 3470 5157 maledictis
3518 5106 3568 5171 et
3612 5089 3789 5171 calum:

2262 5170 2369 5243 niis
2399 5166 2651 5243 objiciat.‘
2668 5172 2834 5243 r__Alia
2880 5172 3045 5241 igitur
3067 5173 3175 5235 via,
3210 5172 3263 5226 id
3302 5183 3406 5241 est,
3437 5185 3526 5243 per
3551 5166 3784 5221 intestinas

2261 5236 2651 5295 dissensiones.
2685 5239 2819 5295 Vide
2845 5236 2965 5310 quae
2993 5258 3117 5296 tuo:
3139 5236 3457 5313 sequuntur;

2333 5353 2444 5423 (48)
2508 5354 2697 5409 Οὐδέν
2743 5372 2809 5410 τε
2857 5356 3111 5411 λείπειν.
3175 5357 3524 5412 Scribendum
3571 5344 3774 5423 videtur.

2260 5412 2621 5499 οὑδὲνξμοιγε
2666 5426 2873 5499 λείπειν
2915 5425 3185 5499 ἐνόμιζον,
3222 5437 3300 5499 get
3347 5428 3499 5495 paulo
3542 5424 3648 5499 post
3683 5412 3775 5499 Ιςιςξι

2259 5510 2384 5569 cum
2403 5491 2670 5569 _'_I‘itrnebo
2690 5508 2747 5549 et
2775 5491 3031 5569 Grutet'o,
3062 5499 3185 5551 ἐπεὶ
3215 5497 3272 5552 δὲ
3299 5491 3396 5569 τῆν
3421 5491 3774 5569 ὑμετέρανηεγιξ·

2332 5564 2445 5635 (49)
2476 5567 2635 5619 Μίαν
2664 5584 2729 5620 τε
2757 5553 3218 5633 κοινήν.ιὶεριίιιε
3253 5553 3374 5626 ηιεὸ
3398 5553 3586 5640 judicio
3604 5553 3769 5613 scribe-

2263 5649 2411 5693 retur
2450 5640 2602 5709 κοινῇ
2634 5640 3030 5695 adverbialiter.
