4114 6432
360 400 503 456 1069

1410 346 1505 436 οε
1536 380 1693 434 vm
1734 372 2200 432 consumma
2238 372 2365 427 LIB.
2410 372 2499 428 nt.

3459 372 3599 428 £070

360 519 567 591 ἑτέροις
619 516 758 585 ὑμᾶς
802 511 1004 583 πρέπον
1037 509 1101 561 ἂν
1146 507 1230 577 εἴη
1282 502 1601 576 πρεσϐεύειν
1652 499 1760 591 (59)
1802 498 1928 560 τοὺς

2050 491 2267 547 nedium
2293 489 2670 553 adhiberetur,
2691 488 2892 557 absque
2910 488 3014 542 ulla
3038 486 3387 543 cunctatione
3409 501 3600 542 omnes

359 586 589 681 rip-Bst?)
614 602 1068 675 καθιερωμένονς.
1095 597 1185 667 Μὴ
1208 596 1270 666 δὴ
1304 592 1395 648 οὗν
1433 593 1672 664 μέλλετε,
1704 586 1749 645 ὦ
1771 590 1937 658 φίλοι,

366 699 442 772 μὴ
494 698 589 769 δὴ,
639 692 937 763 λειτουργοὶ
988 689 1144 751 Θεοῦ,
1192 689 1285 741 καὶ
1339 686 1431 739 τοῦ
1488 684 1666 737 κοινοῦ
1719 683 1938 735 πάντων

362 792 519 865 ἡμῶν
543 787 811 843 Δεσπὸτου
847 802 905 838 τε
940 784 1032 836 καὶ
1076 781 1325 849 Σωτῆρος
1361 777 1553 848 ἀγαθοὶ
1589 777 1935 851 θεράποντες

362 884 431 937 τά
462 884 560 951 τῆς
593 883 649 933 ἐν
697 880 822 949 ὑμῖν
870 875 1197 936 διαστάσεως
1241 873 1389 925 αἴτια
1432 871 1677 926 ἐντεῦθεν
1704 872 1803 943 ἤδη
1834 874 1931 941 φέ-

322 1044 331 1049 -
366 992 481 1046 ρειν
508 972 621 1044 (51)
671 969 1001 1041 ἀρξάμενοι,
1048 966 1226 1019 πάντα
1265 964 1557 1034 σύνδεσμον
1603 963 1933 1034 ἀμφιλογίας

364 1066 547 1138 νόμοις
594 1063 815 1135 εἰρήνης
860 1058 1183 1113 ἐπιλύσασθε
1219 1058 1355 1129 (52).
1397 1056 1550 1110 Οὕτω
1581 1058 1687 1128 γὰρ
1724 1057 1820 1111 καὶ
1856 1057 1934 1125 τῷ

366 1160 457 1213 ἐπὶ
503 1157 718 1211 πάντων
755 1153 873 1225 Θεῷ
917 1152 985 1205 τὰ
1026 1149 1229 1223 ἀρεστά
1276 1149 1741 1223 διαπεπραγμένοι
1789 1147 1934 1218 εἴητε

282 1306 291 1313 ,
366 1252 451 1314 ἂν,
482 1250 646 1321 κάμοὶ
678 1247 757 1318 τῷ
786 1246 1034 1318 ὑμετέρῳ
1063 1243 1450 1315 συνθεράποντι
1498 1242 1936 1314 ὑπερϐάλλουσαν

366 1346 563 1398 δώσετε
595 1344 770 1416 χάριν.
811 1361 830 1393 ι

2036 598 2131 636 vos
2170 582 2458 638 accersiri.
2506 580 2573 634 Et
2621 580 2908 634 maximam
2950 579 3164 648 quidem
3211 577 3393 632 animo
3444 578 3601 643 capio

2036 673 2388 743 voluptatem,
2429 687 2551 726 cum
2583 686 2678 725 vos
2717 678 3074 739 congregatos
3110 668 3345 722 intueor.
3381 666 3485 721 Sed
3515 681 3602 720 me

2037 779 2103 819 ex
2142 774 2265 819 voto
2298 778 2411 817 rem
2439 762 2673 832 gessisse
2700 770 2831 814 tunc
2863 760 3076 814 demum
3108 758 3454 821 existimabo,
3478 771 3601 811 cum

2038 865 2274 913 vestrum
2320 857 2560 910 omnium
2612 854 2822 907 animos
2871 853 3014 905 inter
3063 866 3123 905 se
3168 848 3489 918 coniunctos
3538 866 3604 903 ac

2040 949 2327 1019 permistos
2364 946 2528 1019 490
2574 944 2799 1007 videro,
2844 956 3114 1010 unamque
3166 940 3314 995 velut
3360 940 3601 994 omnium

2042 1041 2307 1095 arbitram
2342 1052 2529 1107 pacem
2573 1045 2733 1105 atque
2767 1034 3137 1097 concordiam,
3184 1047 3347 1100 quam
3384 1030 3602 1100 quidem

2044 1146 2160 1195 vos,
2203 1140 2390 1200 utpote
2441 1129 2551 1183 Deo
2586 1127 2910 1190 consecrati,
2957 1124 3077 1178 aliis
3099 1124 3327 1178 suadere
3373 1138 3436 1177 ac
3470 1139 3608 1193 prae-

2046 1222 2229 1275 dicare
2256 1220 2484 1275 debetis.
2518 1220 2650 1273 Date
2672 1218 2831 1287 igitur
2860 1232 3102 1285 operam,
3125 1213 3479 1268 ocharissimi
3513 1215 3607 1268 Dei

2046 1314 2301 1378 ministri,
2330 1324 2385 1369 et
2411 1311 2715 1366 communis
2744 1310 2989 1365 omnium
3018 1316 3267 1361 nostrum
3305 1306 3515 1360 Domini
3547 1322 3610 1360 ac

2045 1408 2355 1463 Servatoris
2396 1406 2581 1460 fideles
2611 1403 2818 1468 l'ainuli,
2850 1402 3173 1462 ut,sublatis
3208 1397 3609 1471 quamprimum

368 1505 565 1551 mutua:
634 1497 772 1549 inter
833 1509 927 1548 vos
985 1494 1341 1549 dissensionis
1385 1494 1592 1557 causis,
1644 1510 1835 1549 omnes
1882 1502 2373 1557 controversiarum
2428 1500 2597 1553 nodos
2639 1498 2787 1567 pacis
2836 1494 3042 1565 legibus
3122 1493 3240 1548 sine
3284 1491 3393 1546 nlla
3462 1506 3611 1544 mora

367 1589 693 1643 dissolvatis.
742 1588 855 1642 llac
895 1591 1036 1642 enim
1084 1589 1293 1642 ratione
1366 1598 1421 1641 et
1468 1603 1679 1643 summo
1723 1593 1961 1645 omnium
2000 1593 2111 1649 Deo
2185 1610 2299 1649 rem
2365 1590 2733 1659 gratissimam
2784 1586 3020 1650 facturi,
3068 1594 3124 1639 et
3168 1582 3298 1638 mihi
3345 1596 3612 1638 conservo

367 1690 548 1733 vestro
582 1682 772 1750 ingens
801 1679 1123 1734 beneﬁcium
1167 1681 1418 1735 collaturi
1458 1683 1610 1740 estis.
1633 1703 1651 1735 ι

889 1773 1281 1827 ΚΕΦΑΛΑΙΟΝ
1315 1776 1414 1828 ΙΓ.

372 1863 567 1928 Ὅπως
594 1864 735 1929 τοὺς
764 1864 1315 1940 ἀμφισϐητοῦνταςὲ
1329 1867 1447 1920 τῶν
1478 1868 1825 1925 ἐπισκόπων
1853 1877 1939 1940 εἰς

845 1937 1130 2005 ὁμόνοιαν
1154 1935 1457 2006 συνῆψεν.

442 2026 499 2077 '0
530 2026 628 2095 μὲν
658 2026 721 2098 δὴ
754 2027 902 2080 ταῦτ’
929 2026 1096 2081 εἰπὼν
1138 2028 1383 2101 Ῥωμαία
1419 2029 1631 2106 γλώττῃ
1651 2073 1666 2096 ,
1696 2036 1944 2107 ὑφερμη-

370 2116 613 2181 νεύοντος
635 2118 822 2191 ἐτέρου
841 2159 858 2183 ,
891 2121 1173 2191 παρεδίδου
1201 2122 1291 2176 τὸν
1322 2121 1479 2191 λόγον
1524 2128 1639 2189 τοῖς
1672 2126 1773 2197 τῆς
1822 2146 1943 2182 συν·

369 2208 487 2261 ὁδου
517 2210 821 2282 προέδροις.
861 2212 1141 2267 Ἐντεῦθεν
1169 2214 1214 2267 δ’
1244 2216 1293 2270 οἱ
1325 2216 1421 2287 μὲν
1446 2215 1741 2289 ἀρξάμενοι
1773 2237 1941 2293 κατη-

369 2306 562 2360 τιῶντο
590 2306 714 2369 τοὺς
739 2306 927 2371 πέλας,
948 2308 996 2360 οἱ
1017 2306 1061 2358 δ’
1087 2306 1449 2376 ἀπελογοῦντὸ
1473 2329 1533 2365 τε
1558 2314 1652 2366 καὶ
1675 2315 1799 2368 ἀντε
1806 2317 1871 2386 μέ
1880 2334 1945 2386 μ-

370 2417 551 2469 φοντο.
600 2398 873 2452 Πλείστων
923 2398 986 2469 δὴ
1031 2398 1184 2453 ταῦθ’
1232 2401 1321 2470 ὑφ’
1362 2402 1623 2475 ἐκατέρου
1663 2405 1943 2477 τάγματος

370 2491 820 2564 προτεινομένων,
846 2492 1044 2562 πολλῆς
1068 2494 1116 2545 τ’
1144 2493 1470 2564 ἀμφιλογίας
1502 2496 1571 2550 τὰ
1599 2497 1789 2569 πρῶτα
1821 2517 1944 2553 συν-

375 2583 698 2655 ισταμένης,
754 2584 1086 2651 ἀνεξικάκως
1142 2586 1449 2657 ἐπηκροᾶτο
1513 2588 1762 2658 βασιλεὺς
1840 2591 1946 2645 τῶν

372 2674 609 2739 πάντων,
640 2677 799 2746 σχολῇ
833 2677 879 2728 τ’
925 2676 1125 2747 εύτὸνῳ
1155 2677 1266 2747 (55)
1296 2679 1396 2743 τάς
1438 2681 1733 2751 προτάσεις
1760 2683 1948 2737 ὑπεδέ-

372 2784 519 2839 χετο,
546 2770 603 2821 ἐν
632 2768 786 2839 μέρει
818 2770 865 2821 τ’
903 2770 1429 2842 ἀντιλαμϐανόμενος
1458 2774 1566 2827 τῶν
1597 2776 1724 2848 παρ’
1756 2776 1949 2830 ἐκατέ⁸

376 2877 470 2932 ρου
497 2861 773 2932 τάγματος
800 2861 1103 2931 λεγομένων
1123 2904 1137 2928 ,
1167 2863 1347 2934 ἠρέμα
1382 2867 1657 2936 συνήγαγε
1702 2870 1827 2933 τοὺς
1862 2888 1950 2940 φι-

372 2952 627 3016 λονείκως
671 2953 1085 3024 ἐνισταμένους’
1141 2954 1330 3025 πράως
1384 2972 1442 3008 τε
1491 2957 1810 3029 ποιούμενος
1851 2962 1948 3025 τὰς

375 3045 514 3114 πρὸς
546 3045 773 3098 ἕκαστον
804 3046 1051 3116 ὁμιλίας,
1099 3045 1418 3118 Ἐλληνίζων
1461 3065 1521 3100 τε
1568 3051 1634 3120 τῇ
1675 3053 1824 3123 φωνῇ
1866 3054 1949 3105 ὅτι

2621 1768 2856 1826 CAPUT
2886 1766 3020 1821 Xlll.

2046 1854 2323 1939 Quomodo
2359 1869 2629 1939 episcopos
2672 1863 2811 1917 inter
2828 1876 2882 1913 se
2904 1867 3160 1941 certantes
3185 1855 3254 1908 ad
3275 1853 3614 1907 concordiam

2690 1939 2967 1985 revocarit.

2115 2034 2240 2089 Haec
2273 2032 2363 2087 ille
2395 2044 2519 2087 cum
2551 2025 2747 2082 Latino
2781 2035 3030 2077 sermone
3053 2019 3301 2082 dixisset,
3328 2032 3448 2087 qua:
3478 2015 3617 2070 alius

2044 2124 2312 2195 quispiam
2350 2119 2540 2176 Graece
2585 2120 2980 2184 interpretatus
3028 2120 3151 2174 est,
3190 2109 3445 2177 deinceps
3480 2122 3617 2161 con-

2045 2216 2155 2271 cilii
2214 2211 2536 2285 praesidibus
2596 2222 2903 2265 sermonem
2956 2203 3248 2259 concessit.
3298 2200 3435 2254 Tum
3486 2214 3618 2259 vero

2048 2309 2138 2364 alii
2184 2306 2459 2377 proximos
2503 2300 2822 2358 insimulare
2871 2305 3186 2368 ceperunt,
3224 2294 3313 2348 alii
3352 2307 3615 2349 accusan-

2048 2402 2191 2455 tibus
2221 2394 2576 2468 respondere,
2620 2401 2677 2448 et
2726 2391 2970 2446 vicissim
3010 2388 3186 2457 queri.
3231 2385 3412 2439 Multis
3454 2384 3621 2454 igitur

2048 2491 2189 2546 hunc
2224 2489 2276 2543 in
2320 2486 2534 2542 modum
2570 2499 2639 2539 ex
2689 2491 2920 2551 utraque
2953 2488 3108 2549 parte
3154 2476 3466 2548 propositis,
3504 2490 3620 2527 ma-

2047 2596 2259 2655 guaque
2310 2577 2689 2636 controversia
2749 2576 2802 2630 in
2858 2575 2975 2644 ipso
3025 2570 3293 2641 principio
3342 2566 3616 2626 excitata.

2056 2675 2351 2743 imperator
2378 2678 2575 2726 cuneta
2607 2664 3005 2737 patientissime
3040 2660 3620 2723 auscultans,intento

2050 2766 2232 2820 animo
2276 2763 2578 2833 propositas
2636 2757 2967 2828 quaestiones
3018 2752 3261 2823 excepit;
3297 2760 3353 2806 et
3391 2765 3516 2821 qua:
3552 2752 3621 2804 ab

2052 2866 2281 2925 utraque
2306 2862 2463 2925 parte
2502 2852 2843 2918 dicebantur,
2888 2847 3133 2904 vicissim
3174 2855 3425 2902 astruens
3456 2852 3624 2912 atque

2050 2947 2337 3019 adiuvans,
2378 2943 2715 3016 pertinacius
2752 2948 3030 2999 certantes
3071 2937 3331 3010 paulatim
3368 2934 3626 2992 concilia-

2050 3040 2149 3094 vit.
2187 3039 2431 3107 Cumque
2461 3050 2651 3091 omnes
2683 3034 2893 3104 placide
2918 3032 3309 3101 alloqueretur,
3349 3040 3405 3084 et
3435 3028 3624 3083 Graica

379 3137 513 3209 μηδέ
544 3137 747 3210 ταύτης
772 3137 996 3209 ἀμαθῶς
1025 3136 1156 3208 εἶχε,
1186 3139 1449 3212 γλυκερός
1475 3160 1559 3206 τις
1586 3138 1653 3214 ἦν
1679 3144 1773 3196 καὶ
1794 3121 1945 3215 ἡδὺς,

2054 3140 2296 3187 uteretur
2326 3130 2529 3200 lingua,
2570 3130 2771 3199 quippe
2815 3127 2906 3196 qui
2956 3141 3023 3181 ne
3066 3124 3225 3189 huius
3266 3124 3483 3194 quidem
3522 3121 3626 3175 lin-

373 3228 503 3290 τοὺς
550 3227 647 3300 μέν
694 3228 823 3297 γοῦν
873 3228 1072 3281 πείθων
1107 3228 1252 3301 (54),
1282 3232 1410 3295 τοὺς
1448 3232 1505 3285 δὲ
1544 3233 1951 3289 καταδυσωπῶν

375 3323 456 3395 τῷ
495 3323 636 3395 λόγῳ
659 3362 675 3388 ,
724 3324 849 3387 τοὺς
895 3324 940 3377 δ’
972 3319 1029 3377 εὖ
1076 3322 1333 3393 λέγοντας
1364 3327 1630 3394 ἐπαινῶν,
1666 3330 1871 3395 πάντας
1902 3333 1950 3384 τ’

379 3418 460 3481 τις
487 3416 734 3487 ὁμόνοιαν
777 3416 1048 3483 ἐλαύνων,
1086 3416 1249 3470 εἰσὸθ’
1280 3417 1663 3491 ὁμογνώμονας
1698 3420 1808 3493 (55)
1858 3424 1952 3477 καὶ

383 3507 664 3579 ὁμοδόξους
692 3508 885 3572 αὐτοὺς
935 3510 1031 3561 ἐπὶ
1075 3510 1189 3573 τοῖς
1220 3510 1751 3583 ἀμφισϐητουμένοις
1779 3512 1950 3568 ἅπασι

380 3601 773 3671 κατεστήσατο.

893 3865 1288 3919 ΚΕΦᾹΛΑΙΟΝ
1332 3868 1428 3921 ῐΔν.

382 3955 519 4023 Περὶ
554 3956 808 4011 πίστεως
838 3958 935 4010 καὶ
967 3956 1072 4009 τοῦ
1106 3956 1333 4030 Πᾴσχα,
1369 3957 1477 4025 τῆς
1503 3958 1766 4013 συνόδου
1804 3961 1955 4030 σύμ-

926 4044 1121 4095 φωνος
1145 4029 1402 4093 ἕκθεσις.

464 4115 554 4178 Ὧς
574 4116 849 4187 ὁμόφωνον
880 4118 977 4187 μὲν
1005 4118 1271 4188 κρατῆσαι
1292 4117 1391 4190 τὴν
1422 4119 1624 4183 πίστιν,
1656 4120 1751 4190 τῆς
1779 4137 1953 4191 συνδησ-

388 4205 504 4276 ρίου
548 4207 593 4260 δ’
625 4208 815 4278 ἑορτῆς
841 4209 931 4261 τὸν
962 4209 1121 4262 αὐτὸν
1151 4208 1301 4281 παρά
1341 4212 1455 4273 τοῖς
1497 4212 1661 4263 πᾶσιν
1688 4211 1952 4283 ὁμολογη-

385 4296 543 4368 θῆναι
571 4298 759 4369 καιρόν
780 4316 793 4328 ’
824 4298 1085 4370 ἐκυροῦτο
1112 4298 1155 4351 δ’
1189 4298 1287 4370 ἤδη
1315 4300 1407 4352 καὶ
1429 4300 1487 4351 ἐν
1516 4302 1700 4370 γραφῇ
1730 4299 1795 4352 δι’
1825 4301 1953 4353 ὑπο-

387 4405 453 4462 ση
463 4387 735 4461 μειώσεως
762 4389 990 4443 ἐκάστου
1018 4389 1086 4443 τὰ
1113 4393 1265 4462 κοινῇ
1287 4390 1578 4462 δεδογμένα
1603 4390 1737 4463 (56).
1767 4385 1865 4444 Ὧν
1890 4392 1953 4464 δὴ

2055 3238 2172 3291 gnte
2209 3223 2433 3293 ignarus
2469 3232 2636 3286 esset,
2680 3219 3043 3276 suavissimus
3091 3232 3155 3271 ac
3195 3214 3624 3286 iucundissimus

2055 3316 2182 3380 fuit,
2234 3316 2360 3371 dum
2393 3313 2529 3370 alios
2558 3314 2607 3367 vi
2638 3313 2905 3367 rationum
2939 3311 3199 3365 adductos
3236 3309 3292 3363 in
3325 3322 3477 3364 suam
3502 3321 3627 3363 sen-

2056 3409 2280 3464 tentiam
2318 3408 2502 3473 trahit,
2540 3405 2678 3461 alios
2713 3415 2837 3459 orat
2868 3414 2922 3459 et
2942 3402 3142 3469 ﬂectit,
3180 3415 3384 3471 eosque
3419 3401 3509 3470 qui
3539 3414 3625 3454 re-

2055 3511 2141 3557 cte
2172 3501 2457 3565 dixissent,
2490 3498 2742 3554 laudibus
2770 3495 2955 3563 aﬂicit,
2997 3505 3051 3551 et
3086 3496 3367 3550 universos
3396 3493 3461 3547 ad
3493 3506 3627 3547 con-

2056 3594 2297 3648 cordiam
2333 3582 2553 3646 incitat.
2589 3591 2770 3646 Donec
2816 3591 3031 3644 tandem
3078 3602 3171 3643 eos
3218 3586 3520 3642 concordes
3569 3583 3624 3637 in

2058 3685 2310 3738 omnibus
2334 3684 2400 3737 de
2430 3683 2630 3755 quibus
2653 3690 2811 3736 antea
2832 3672 3170 3743 certabatur,
3204 3686 3259 3733 et
3283 3676 3627 3731 consentien-

2061 3787 2140 3831 tes
2174 3774 2371 3830 elIeeit.

2634 3862 2864 3919 CAPUT
2905 3862 3041 3917 XIV.

2129 3954 2359 4011 Consors
2412 3956 2597 4026 synodi
2637 3955 2895 4010 sententia
2941 3956 3008 4007 de
3050 3953 3154 4021 fide
3195 3961 3244 4006 et
3280 3950 3345 4003 de
3392 3947 3623 4005 Pascha.

2129 4111 2278 4167 Adeo
2312 4122 2371 4166 ut
2404 4127 2509 4167 non
2537 4112 2696 4169 modo
2728 4112 2888 4167 unius
2919 4110 3042 4166 lidei
3090 4109 3447 4167 consonantia
3482 4108 3623 4177 apud

2059 4219 2249 4259 omnes
2315 4206 2619 4269 obtineret,
2678 4220 2866 4259 verum
2934 4205 3099 4259 etiam
3154 4218 3320 4257 unum
3376 4202 3630 4269 idemque

2063 4310 2269 4369 tempus
2300 4300 2351 4354 in
2384 4300 2639 4356 salutaris
2679 4298 2802 4353 festi
2851 4297 3218 4354 celebratione
3255 4296 3323 4350 ab
3370 4295 3628 4350 omnibus

2062 4391 2388 4447 firmaretur.
2422 4389 2592 4446 Porro
2630 4404 2694 4445 ea
2730 4403 2849 4459 qua:
2894 4389 2948 4443 in
2977 4383 3259 4444 commune
3285 4386 3623 4457 placuerant,

456 4541 570 4612 (50)
599 4544 834 4610 Πρέπον
853 4542 929 4596 ἂν
951 4544 1043 4615 εἴη
1086 4544 1458 4611 πρεσϐεύειν.
1509 4544 1647 4599 Male
1699 4544 1945 4602 Christo-

2054 4548 2104 4601 in
2142 4547 2183 4601 l.
2210 4561 2251 4611 ι,
2284 4562 2402 4615 cap.
2434 4546 2503 4609 5;
2536 4556 2591 4601 et
2642 4544 2779 4615 apud
2819 4544 3411 4615 Nicephorninilegitur
3472 4542 3627 4597 εὐτό-

385 4612 691 4685 pliorsonus
720 4616 908 4676 vertit,
938 4631 971 4666 a
997 4614 1102 4667 Deo
1131 4618 1430 4685 impetrare,
1458 4630 1581 4669 cum
1620 4617 1798 4685 potius
1827 4634 1948 4672 ver-

388 4692 502 4735 tere
536 4682 809 4737 debuisset
836 4686 1146 4751 pra-dicare.
1179 4683 1274 4737 Sic
1313 4686 1457 4737 enim
1488 4682 1751 4741 Eusebius
1806 4686 1949 4742 hanc

388 4766 575 4822 vocem
598 4768 862 4821 usurpare
897 4754 1054 4822 solet.
1081 4764 1141 4807 ut
1171 4763 1318 4822 patet
1355 4768 1423 4806 ex
1455 4756 1753 4809 innumeris
1770 4755 1953 4810 Histo-

390 4821 484 4874 ria:
516 4823 880 4893 ecclesiastica:
909 4821 1064 4893 locis,
1098 4821 1328 4892 exetnpli
1370 4826 1542 4891 gratia
1606 4825 1659 4878 in
1723 4825 1812 4880 lib.
1875 4843 1948 4889 tv,

388 4906 505 4959 cap.
541 4891 623 4944 l5.
669 4892 803 4947 Male
837 4895 889 4947 in
935 4891 1071 4947 Fuk'.
1122 4904 1174 4948 et
1221 4891 1347 4948 saw.
1384 4896 1545 4949 codd.
1607 4895 1810 4965 legitur
1866 4898 1951 4967 εἴη

389 4959 691 5030 βραϐεύειν.

424 4977 691 5033 ραοιυειν.

482 5032 571 5107 51)
618 5030 926 5085 Ἐντεῦθεν
1104 5032 1323 5102 φέρειν.
1362 5036 1568 5107 Longe.
1600 5034 1753 5089 aliter
1779 5038 1947 5091 codex

386 5100 613 5176 Fuk.,in
650 5118 756 5176 quo
781 5113 923 5155 totus
941 5106 1038 5176 hic
1063 5100 1211 5176 locus
1246 5107 1315 5157 ita
1347 5100 1627 5165 scribitur.
1662 5106 1729 5159 τὰ
1770 5107 1865 5176 τῆς
1890 5109 1949 5159 ἐν

387 5172 515 5248 ὑμῖν
545 5173 869 5248 διαστάσεως
902 5171 1048 5225 αἴτια
1072 5174 1162 5226 τοῦ
1185 5173 1371 5228 λοιποῦ
1403 5176 1585 5248 φέρειν
1606 5171 1945 5246 ἀνάσχοισθε,

388 5245 567 5316 ¹πάντα
726 5243 1037 5316 σύνδεσμον,
1079 5253 1194 5316 etc.
1242 5243 1425 5316 Atque
1474 5243 1558 5311 "ita
1605 5243 1835 5302 Savih'us
1895 5258 1951 5303 et

387 5311 911 5386 Christophorsouus
936 5314 985 5366 in
1010 5313 1121 5386 suis
1155 5311 1427 5371 codicibus
1462 5329 1803 5386 repererunt.

460 5383 571 5455 (52)
611 5384 1029 5455 Ἑπιλύσασθε.
1078 5384 1222 5454 Lego
1280 5402 1403 5440 eum
1452 5383 1948 5455 Ch'rislophorsono

388 5452 786 5509 ἐπιλύσασθαιο
838 5456 1051 5523 vulgata
1104 5452 1282 5510 tamen
1339 5458 1500 5512 lectio
1545 5452 1689 5510 stare
1734 5469 1941 5524 potest,

390 5526 546 5598 modo
576 5534 697 5593 post
727 5538 915 5579 vocem
943 5524 1288 5593 θεράποντες,
1313 5543 1431 5593 quae
1466 5529 1624 5595 paulo
1662 5539 1784 5581 ante
1813 5546 1948 5598 prm-

390 5596 570 5665 cessit,
608 5603 840 5665 ponatur
874 5604 1133 5665 punctum
1166 5598 1538 5665 semiplenum.
1568 5608 1622 5651 ut
1673 5600 1737 5651 ad
1795 5596 1943 5653 uram

390 5664 473 5717 sui
503 5665 632 5738 libri
663 5664 1139 5738 notavitSavilius.
1160 5664 1317 5721 Certe
1342 5668 1393 5720 in
1422 5670 1605 5723 codice
1635 5667 1799 5738 Regio
1831 5682 1950 5738 ιιοδι

324 5767 333 5773 -
390 5747 577 5788 vocem
613 5735 938 5805 θεράποντες
974 5736 1145 5805 posita
1174 5746 1257 5787 est
1284 5738 1456 5791 media
1487 5735 1781 5792 distinctio.

460 5803 807 5888 (53)_Yvulg.,‘
835 5803 1036 5887 σχολῇ
1057 5822 1123 5889 τε
1167 5807 1443 5887 εὐτόνως,
1484 5808 1946 5891 Apttdﬁocratczn

2053 4636 2148 4687 νῳ.
2181 4614 2433 4672 Gelasius
2453 4626 2633 4671 autem
2659 4614 2957 4685 Cyzicenus
2992 4632 3111 4683 cap.
3142 4614 3232 4677 28,
3261 4615 3424 4687 habet
3450 4616 3657 4687 cura;

2055 4683 2301 4758 νωτάτῃ·
2336 4704 2458 4742 cum
2508 4683 2733 4758 ﬁocrate
2776 4687 3121 4740 consentiunt
3152 4688 3322 4740 codex
3370 4683 3626 4739 Fuketia-

2056 4774 2159 4812 nus
2185 4754 2488 4811 et'schedaa
2514 4754 2719 4825 Regina.

2126 4826 2238 4897 (54)
2274 4828 2417 4893 Τοὺς
2444 4827 2559 4896 μὲν
2595 4823 2745 4896 γοῦν
2765 4825 3002 4897 πείθων.
3041 4823 3191 4897 Apud
3248 4823 3525 4897 socratem
3573 4834 3629 4897 et

2055 4893 2326 4951 Gelasium
2355 4913 2420 4950 ac
2445 4893 2823 4962 Nicephorum
2870 4895 3063 4963 legitur
3098 4893 3224 4956 τοὺς
3263 4894 3361 4964 μὲν
3396 4895 3629 4965 συμπεί-

2057 4969 2183 5019 θων.
2212 4970 2316 5021 δειΙ
2359 4968 2524 5020 codex
2556 4966 2753 5033 Regius
2773 4965 2990 5031 prin-fert
3014 4966 3136 5027 τοὺς
3172 4966 3267 5032 μὲν
3296 4965 3516 5019 πείθων.

2128 5036 2241 5106 (55)
2276 5037 2478 5091 Εἱσόθ’
2540 5034 2981 5105 ὁμογνώμονας.
3050 5033 3105 5088 ln
3158 5034 3377 5089 Gelasio
3434 5036 3631 5105 legitur

2054 5106 2158 5169 ἓως
2179 5108 2288 5169 ὅτε,
2317 5108 2456 5175 quod
2486 5106 2628 5175 idem
2648 5117 2757 5175 est.

2127 5177 2241 5249 (56)
2278 5173 2351 5231 Τὰ
2371 5173 2998 5249 κοινῇίδεδογμέναίω
3025 5183 3128 5249 est3
3160 5173 3279 5229 fidei
3314 5174 3542 5249 formula
3574 5184 3630 5249 et

2055 5244 2291 5301 canones
2314 5262 2434 5302 cum
2476 5245 2701 5314 epistola
2753 5246 3035 5316 synodica.
3085 5244 3211 5298 llazc
3245 5245 3391 5316 enim
3427 5246 3627 5316 _omnia

2056 5316 2387 5386 singulorum
2431 5314 2806 5386 episcoporum
2869 5315 3361 5383 subscriptionibus
3416 5314 3627 5386 firmata

2058 5382 2201 5441 sntit.
2230 5387 2331 5453 Qui
2360 5382 2559 5455 praiter
2589 5382 2702 5439 lucc
2732 5386 2835 5439 tria
2867 5395 3061 5452 putant
3086 5382 3263 5439 etiam
3290 5386 3426 5455 Acta
3454 5382 3629 5437 Νερω-

2057 5473 2140 5511 nze
2168 5453 2781 5527 synodi‘scriptiscsse
2809 5457 3086 5527 mandata
3118 5494 3134 5518 ,
3185 5456 3219 5507 ii
3272 5453 3629 5527 vehementer

2057 5522 2573 5595 falluntur.Quippc
2626 5525 2892 5580 Eusebius
2934 5526 3133 5579 diserte
3182 5533 3435 5590 testatur,
3489 5522 3623 5595 nihil

2057 5599 2278 5666 scriptis
2311 5594 2564 5650 traditum
2590 5595 2774 5658 fuisse,
2800 5608 2996 5665 praeter
3017 5610 3078 5651 ea
3107 5611 3224 5663 qua:
3257 5610 3323 5648 cx
3350 5594 3624 5666 communi

2058 5663 2287 5721 consilio
2325 5668 2546 5721 decreta
2590 5663 2808 5720 luerant
2842 5685 2853 5720 :
2883 5682 3053 5735 caque
3094 5666 3337 5718 omnium
3387 5663 3621 5735 subseri:

2058 5739 2333 5807 ptionibus
2371 5736 2619 5791 roborata
2647 5731 2992 5807 fuisserticit'.
3026 5735 3287 5789 Barouius
3310 5735 3524 5807 quidem
3564 5731 3634 5790 ad

2060 5804 2260 5884 annum
2288 5806 2489 5911 (atristi
2512 5808 2638 5874 ⁸525,
2661 5823 2777 5878 cap.
2816 5806 2903 5873 6‘2,
2938 5809 3070 5863 Acta
3120 5823 3149 5859 ιι
3182 5807 3383 5877 synodo
3410 5804 3630 5861 Nicena
