4114 6432
353 401 523 463 i075
1436 401 1526 456 DE
1577 399 1740 456 VITA
1782 396 2240 457 CONSTANTINI
2278 396 2405 454 LIB.
2452 400 2545 456 ΙΙΙ.
3491 401 3631 459 1076

361 537 491 591 ρων
511 518 621 592 (60)
644 517 1113 592 προσανεπαύοντο
1136 518 1407 581 κλινάδας.
1436 514 1670 588 Χριστοῦ
1694 514 1937 586 βασιλεία

2068 530 2189 571 cum
2226 516 2552 586 imperatore
2578 512 2946 569 accubuerunt
2969 512 3091 570 :alii
3116 513 3168 568 in
3200 513 3442 572 stibadiis
3464 518 3633 582 utrin-

356 612 558 678 ἔδοξεν
611 610 675 666 ἄν
722 628 807 675 τις
848 610 1273 681 φαντασιούσθαι
1310 610 1526 675 εἰκόνα,
1571 609 1703 679 ὄναρ
1742 611 1789 663 τ’
1816 604 1937 663 εἶναι

2059 622 2165 678 que
2197 606 2474 676 dispositis
2508 607 2850 661 discubuere.
2897 605 3124 662 Prorsus
3174 607 3350 679 imago
3380 610 3625 678 quaedam

360 703 496 758 ἀλλ’
525 703 622 773 οὐχ
657 701 805 777 ὕπαρ
836 702 897 757 τὸ
926 701 1232 775 γινόμενον.

888 878 1287 932 ΚΕΦΑΛΑΙΟΝ
1318 876 1434 947 ις’.

318 1038 321 1039 ν
405 972 756 1041 Χαρίσματα
811 970 1166 1059 ἐπισκόποις
1187 1010 1217 1057 ,ν
1253 971 1352 1025 καί
1410 968 1717 1041 γράμματα
1769 972 1917 1043 πρὸς

936 1056 1077 1108 τους
1136 1056 1388 1107 παν-τας.

455 1134 607 1188 Ἐπεὶ
655 1133 711 1189 δὲ
760 1134 1026 1206 λαμπρῶς
1074 1133 1141 1187 τὰ
1186 1133 1287 1204 τῆς
1339 1134 1572 1205 εὐωχίας
1620 1133 1949 1208 προύχώρει,

362 1221 447 1277 ἔτι
483 1226 578 1280 καὶ
604 1224 761 1279 τοῦτο
786 1226 1033 1296 βασιλεὺς
1052 1226 1391 1298 δεξιούμενος
1405 1228 1529 1291 τοὺς
1549 1227 1753 1291 πάντας
1781 1244 1951 1298 προσ-

276 1368 285 1383 ,
362 1316 555 1383 ιτίθει,
615 1318 1001 1390 μεγαλοψύχως
1064 1319 1296 1373 ἕκαστον
1330 1320 1472 1374 κατὰ
1502 1320 1601 1392 τὴν
1639 1320 1952 1393 πρέπουσαν

361 1407 526 1476 ἀξίαν
557 1414 670 1475 τοῖς
696 1414 828 1484 παρ’
858 1411 1022 1465 αὐτοῦ
1047 1412 1221 1483 τιμῶν
1255 1411 1465 1477 ξενίοις.
1499 1414 1610 1485 Τῆς
1640 1413 1694 1466 δὲ
1734 1413 1950 1467 συνόδου

362 1504 593 1574 ταύτης,
630 1503 723 1557 καὶ
762 1506 875 1568 τοῖς
909 1503 983 1575 μὴ
1018 1505 1249 1576 παροῦσι
1277 1504 1376 1577 τὴν
1411 1506 1631 1576 μνήμην
1656 1504 1721 1557 δι’
1748 1505 1948 1559 οἰκείου

364 1596 653 1668 παρεδίδου
679 1597 1021 1669 γράμματος,
1045 1596 1073 1650 ὃ
1092 1598 1157 1671 δὴ
1182 1598 1276 1652 καὶ
1295 1598 1446 1662 αὐτὸ,
1468 1597 1655 1670 ὥσπερ
1676 1599 1733 1652 ὲν
1756 1598 1945 1670 στήλῃ,

365 1688 498 1759 τῇδε
529 1690 593 1759 τῇ
637 1688 766 1759 περὶ
806 1687 970 1741 αὐτοῦ
1011 1688 1233 1758 συνάψω
1275 1689 1552 1761 διηγήσει,
1597 1689 1784 1743 τοῦτον
1827 1689 1948 1761 ἔχον

360 1780 458 1833 τὸν
493 1780 714 1852 τρόπον.

895 1870 1293 1924 ΚΕΦΑΛΑῙΟΝ
1319 1867 1418 1925 IZ'.

359 1964 819 2019 Κωνσταντίνου
849 1963 999 2031 πρὸς
1021 1964 1128 2031 τὰς
1164 1964 1529 2031 Ἐκκλησίας
1559 1964 1691 2033 περὶ
1724 1963 1836 2033 τῆς
1870 1963 1943 2019 ἐν

879 2035 1098 2103 Νικαίᾳ
1135 2033 1424 2089 συνόδου.

497 2147 515 2178 ι
552 2126 954 2187 Κωνσταντῖνος
987 2122 1254 2186 Σεϐαστὸς
1281 2125 1400 2187 ταῖς
1443 2124 1807 2196 Ἐκκλησίαις.

434 2236 452 2269 ι
486 2218 688 2289 Πεῖραν
715 2213 890 2269 λαϐών
921 2214 986 2268 ὲκ
1011 2213 1113 2284 τῆς
1140 2211 1250 2267 τῶν
1276 2212 1468 2267 κοινῶν
1493 2213 1807 2285 εὐπραξίας,
1837 2215 1937 2286 ὅση

354 2310 458 2382 τῆς
496 2310 645 2374 Θείας
686 2309 968 2379 δυνάμεως
1014 2307 1226 2376 πέφυκε
1261 2306 1443 2379 χάρις,
1489 2306 1678 2361 τοῦτον
1719 2306 1825 2379 πρό
1874 2323 1939 2376 γε

356 2401 577 2456 πάντων
618 2400 811 2473 ἔκρινα
859 2393 996 2452 εἷναί
1041 2414 1129 2469 μοι
1172 2398 1470 2470 προσήκειν
1510 2397 1743 2463 σκοπὸν,
1794 2399 1939 2462 ’ὁπως

358 2495 511 2564 παρὰ
544 2496 655 2556 τοῖς
683 2491 1124 2565 μακαριωτάτοις
1158 2490 1260 2561 τῆς
1282 2490 1577 2562 καθολικῆς
1618 2490 1938 2563 Ἐκκλησίας

356 2583 586 2655 πλήθεσι
635 2584 816 2646 πίστις
851 2582 950 2654 μία
979 2582 1073 2635 καὶ
1110 2581 1405 2655 εἰλικρινὴς
1442 2582 1660 2654 ἀγάπη,
1704 2582 1940 2654 ὁμογνώ-

356 2694 474 2746 μων
516 2694 575 2731 τε
612 2677 742 2749 περὶ
787 2675 879 2730 τὸν
912 2674 1207 2747 παγκρατῆ
1240 2676 1371 2731 Θεὸν
1399 2676 1648 2731 εὐσέϐεια
1679 2678 1934 2748 τηρῆται.

367 2767 505 2820 Ἀλλ’
538 2769 725 2839 ἐπειδὴ
768 2766 912 2822 τοῦτ’
937 2770 1035 2840 οὐχ
1074 2763 1185 2822 οἷόν
1202 2770 1251 2823 τ’
1274 2765 1343 2840 ἦν
1367 2768 1558 2840 ἀκλινῆ
1581 2770 1676 2824 καὶ
1716 2769 1937 2841 βεϐαίαν

351 2860 505 2926 τάξιν
532 2859 747 2924 λαϐεῖν,
786 2862 834 2914 εί
865 2861 941 2932 μὴ
987 2862 1068 2924 είς
1098 2862 1262 2915 ταύτὸ
1299 2861 1516 2916 πάντων
1546 2861 1704 2934 ὁμοῦ,
1750 2862 1783 2934 ἢ
1828 2862 1937 2916 τῶν

350 2953 482 3023 γοῦν
512 2954 774 3009 πλειόνων
803 2956 1115 3011 ἐπισκόπων
1145 2955 1506 3011 συνελθόντων
1526 2998 1541 3022 ,
1572 2957 1801 3011 ἑκάστου
1822 2955 1935 3009 τῶν

350 3044 735 3116 προσηκόντων
782 3047 847 3117 τῇ
896 3046 1176 3118 ἁγιωτάτῃ
1229 3045 1495 3118 θρησκείᾳ
1534 3045 1803 3117 διάκρισις
1845 3045 1936 3114 γὲο

348 3154 514 3203 νοιτο,
558 3136 747 3193 τούτου
790 3138 979 3191 ἕνεκεν
1029 3138 1296 3192 πλείστων
1334 3138 1474 3191 ὅσων
1521 3136 1933 3210 συναθροισθέν-

345 3244 478 3293 των,
510 3229 670 3291 αὐτὸς
701 3228 758 3282 δὲ
796 3228 1049 3301 καθάπερ
1080 3225 1160 3293 εἷς
1187 3228 1249 3295 ἐξ
1287 3228 1439 3301 ὑμῶν
1471 3229 1766 3300 ἐτύγχανον
1796 3248 1933 3301 συμ-
1959 3234 2000 3291 C

345 3319 542 3394 παρὼν
575 3322 667 3393 (οὐχ
696 3321 804 3392 γάρ
842 3320 1188 3393 ἀρνησαίμην
1208 3320 1295 3385 ἂν,
1344 3320 1428 3389 ἐφ’
1455 3313 1498 3389 ᾧ
1535 3321 1768 3391 μάλιστα
1806 3322 1930 3391 χαί-

346 3433 461 3486 ρω,
508 3413 858 3485 συνθεράπων
903 3413 1168 3484 ὑμέτερος
1206 3412 1548 3481 πεφυκέναι),
1581 3411 1709 3483 ἄχρι
1752 3410 1936 3465 τοσού-

342 3524 441 3559 του
494 3507 711 3560 ἆπαντα
778 3505 880 3575 τῆς
946 3504 1332 3577 προσηκούσης
1392 3504 1690 3576 τετύχηκεν
1746 3504 1932 3568 ἐξετά-

345 3616 504 3663 σεως,
547 3599 705 3669 ἄχρις
733 3592 793 3653 οὗ
828 3600 861 3669 ὴ
896 3596 974 3668 τῷ
1010 3597 1225 3651 πάντων
1252 3597 1430 3670 ὲφόρῳ
1460 3597 1579 3668 Θεῷ
1615 3597 1929 3669 ἁρέσκουσα

341 3690 558 3763 γνώμη,
607 3691 743 3762 πρὸς
787 3689 884 3761 τὴν
922 3689 1022 3760 τῆς
1061 3689 1313 3762 ὲνότητος
1346 3690 1664 3761 συμφωνίαν
1708 3689 1819 3761 (61)
1848 3690 1929 3753 εἰς

342 3780 462 3851 φῶς
494 3780 740 3853 προήχθη
765 3819 780 3844 ,
816 3779 892 3843 ὡς
937 3778 1104 3850 μηδὲν
1149 3779 1229 3833 ἔτι
1263 3778 1399 3852 πρὸς
1446 3779 1710 3850 διχόνοιαν
1753 3779 1786 3851 ἢ
1839 3779 1929 3834 πί-

342 3889 512 3937 στεως
534 3875 938 3946 ἀμφισϐήτησιν
972 3871 1379 3927 ὑπολείπεσθαι.

858 3964 1257 4020 ΚΕΦΑΛΑῘΟΝ
1289 3965 1397 4018 IH’.

394 4054 506 4110 Τοῦ
554 4055 740 4112 αὐτοῦ
782 4056 917 4125 περὶ
957 4057 1310 4126 συμφωνίας
1352 4053 1462 4126 τῆς
1492 4052 1610 4126 ίτοῦ
1654 4053 1870 4125 Πάσχα

650 4124 903 4196 ἐορτῆξ,
952 4124 1051 4182 καὶ
1088 4124 1246 4180 κατὰ
1292 4124 1607 4181 Ἰουδαίων.

403 4218 603 4274 σἜνθα
624 4220 718 4273 καὶ
747 4218 874 4291 περὶ
898 4219 995 4288 τῆς
1022 4217 1116 4271 τοῦ
1148 4218 1339 4288 Πάσχα
1371 4215 1679 4287 ἁγιωτάτης
1708 4215 1923 4289 ἡμέρας

338 4309 637 4382 γενομένης
669 4310 948 4383 ζητήσεως
970 4350 984 4376 ,
1011 4310 1155 4378 ἔδοξε
1184 4313 1336 4381 κοινῇ
1363 4310 1558 4384 γνώμῃ
1594 4310 1704 4383 (62)
1739 4311 1921 4375 καλῶς

338 4399 501 4472 ἔχειν,
534 4402 625 4455 ἐπὶ
660 4404 787 4473 μιᾶς
814 4404 1024 4475 ἡμέρας
1056 4403 1265 4468 πάντας
1299 4403 1425 4467 τοὺς
1456 4402 1767 4473 ἅπανταχοῦ
1800 4405 1919 4458 ἐπι-

335 4494 528 4549 τελεῖν.
551 4495 617 4548 Τί
637 4495 745 4567 γὰρ
764 4498 895 4567 ἡμῖν
917 4496 1154 4560 κάλλιον,
1172 4496 1224 4548 τί
1248 4495 1304 4548 δὲ
1330 4495 1652 4567 σεμνότερον
1676 4496 1916 4568 ὑπάρξαι

2052 699 2207 771 regni
2255 698 2459 754 Christi
2504 698 2835 763 adumbrari,
2863 711 3057 768 resque
3086 698 3199 769 ipsa
3227 701 3437 757 somnio
3463 715 3626 772 quam

2052 790 2264 849 veritati
2304 791 2521 863 propior
2547 789 2846 845 videbatur.

2636 880 2865 940 CAPUT
2904 881 3045 939 XVI.

2062 976 2289 1032 Munera
2311 975 2568 1046 episcopis
2581 975 2798 1043 donata,
2815 984 2863 1030 et
2891 975 3080 1031 littera:
3099 976 3168 1030 ad
3189 991 3365 1032 omnes
3392 978 3623 1048 scripttc.

2122 1132 2421 1189 Celebratis
2454 1133 2887 1203 splendidissimo
2908 1142 3168 1204 apparatu
3198 1135 3491 1203 conviviis,
3522 1138 3622 1191 im-

2052 1236 2272 1295 perator
2302 1236 2530 1283 cunctos
2561 1226 2861 1284 liberaliter
2894 1229 3194 1299 excipiens,
3238 1229 3291 1282 i'd
3321 1230 3485 1283 etiam
3523 1245 3624 1301 pro

2052 1335 2149 1377 sua
2194 1319 2592 1391 magniﬁcentia
2643 1322 2868 1393 adjecit,
2896 1330 2979 1391 ~ut
3034 1336 3477 1393 unumquemque
3522 1337 3623 1394 pro

2050 1414 2262 1469 meritis
2317 1427 2381 1468 ac
2440 1414 2708 1484 dignitate
2767 1414 3085 1471 muneribus
3140 1416 3451 1472 bonoraret.
3514 1414 3623 1471 Eos

2050 1520 2267 1576 quoque
2294 1506 2384 1575 qui
2422 1505 2551 1562 huic
2597 1507 2803 1578 synodo
2855 1506 3079 1561 minime
3121 1506 3520 1573 interfuissent,
3556 1508 3625 1563 de

2050 1597 2212 1651 rebus
2236 1598 2287 1652 in
2314 1612 2377 1652 ea
2413 1601 2586 1669 gestis
2618 1601 2885 1656 certiores
2914 1600 3040 1655 fecit
3068 1614 3165 1670 per
3198 1601 3408 1656 litteras
3435 1618 3449 1655 :
3482 1615 3623 1671 quas

2049 1688 2103 1744 in
2155 1688 2258 1744 hoc
2300 1704 2489 1759 opere,
2523 1699 2782 1760 tanquam
2827 1691 2880 1745 iu
2918 1689 3100 1745 tabula
3139 1690 3371 1761 quadam
3422 1690 3623 1747 incisas

2047 1794 2365 1850 proponam.
2395 1780 2530 1837 Sunt
2562 1792 2737 1836 autem
2767 1781 3094 1850 huiusmodi.

1972 1867 2017 1922 Β
2609 1874 2836 1931 CAPUT
2876 1874 3039 1931 XVII.

2048 1966 2291 2039 Epistula
2323 1968 2662 2024 Constantini
2686 1968 2754 2021 ad
2778 1966 3046 2022 Ecclesiae
3068 1969 3133 2022 de
3152 1968 3351 2039 synodo
3372 1963 3619 2023 Nicwna.

2119 2080 2140 2114 ι
2177 2062 2563 2119 Constantinus
2589 2061 2865 2133 Augustus
2902 2062 3187 2118 Ecclesiis.

2120 2174 2140 2209 ι
2170 2154 2303 2211 Cum
2352 2172 2420 2212 ex
2452 2170 2712 2226 prospero
2746 2154 3054 2224 reipublicae
3097 2164 3238 2210 statu
3279 2164 3617 2226 compertum

2044 2247 2324 2315 haberem,
2381 2258 2584 2320 quanta
2635 2248 2828 2304 fuisset
2888 2263 3016 2320 erga
3075 2264 3176 2304 nos
3230 2251 3622 2320 omnipotentis

2046 2341 2143 2397 Dei
2175 2341 2516 2414 benignitas,
2551 2341 2605 2396 in
2630 2341 2735 2397 hoc
2764 2340 3041 2412 praecipue
3071 2341 3201 2395 mihi
3228 2340 3615 2397 elaborandum

2045 2448 2166 2490 esse
2195 2432 2524 2501 existimavi,
2556 2443 2616 2487 ut
2653 2447 2683 2487 a
2717 2432 3081 2489 sanctissimis
3122 2431 3380 2489 Ecclesia
3423 2435 3617 2490 catho-

2043 2526 2161 2583 licze
2188 2526 2402 2598 populis
2432 2541 2538 2581 una
2573 2525 2730 2590 fides.
2753 2526 2965 2582 sincera
2996 2525 3259 2591 cltaritas,
3284 2535 3338 2582 et
3376 2540 3614 2583 consona

2043 2634 2170 2689 erga
2218 2618 2647 2687 omnipotentem
2682 2616 2850 2673 Deum
2896 2618 3085 2687 religio
3131 2625 3462 2673 servaretur.
3506 2617 3614 2672 Sed

2042 2712 2293 2781 quoniam
2318 2710 2433 2765 fieri
2468 2725 2574 2765 non
2604 2719 2820 2781 poterat
2853 2723 2912 2765 ιιι
2941 2724 3003 2764 ea
3047 2724 3136 2765 res
3164 2710 3316 2764 firme
3345 2723 3409 2764 ac
3441 2704 3613 2764 stabi-

2042 2802 2169 2857 liter
2195 2802 2636 2867 constitueretur,
2675 2801 2780 2855 nisi
2826 2801 3080 2856 omnibus
3129 2793 3613 2871 e'piscopis,492

2040 2894 2125 2949 vel
2159 2904 2307 2949 certe
2340 2894 2587 2965 plurimis
2642 2908 2833 2949 eorum
2894 2894 2949 2948 in
3014 2908 3180 2949 unum
3241 2893 3611 2963 congregatis,

2040 2985 2249 3056 singula
2280 3000 2402 3054 quae
2432 2986 2500 3041 ad
2529 2986 2961 3041 sacratissimam
2990 2985 3304 3056 religionem
3340 2986 3610 3056 pertinent

2043 3077 2340 3147 disceptata
2370 3078 2520 3148 prius
2566 3077 2837 3134 fuissent:
2868 3079 3009 3134 hanc
3036 3078 3108 3134 ob
3143 3091 3385 3146 causam,
3404 3075 3613 3133 coactis

2040 3183 2202 3237 quam
2254 3168 2369 3223 lieri
2409 3168 2585 3238 potuit
2636 3169 2887 3243 plurimis
2921 3170 3319 3236 sacerdotibus,
3350 3182 3442 3225 me
3473 3183 3613 3239 quo-

2033 3275 2138 3330 que
2178 3270 2432 3331 tanquam
2465 3276 2574 3318 uno
2607 3276 2676 3317 ex
2724 3262 2879 3318 vobis
2912 3270 3177 3334 praesente
3217 3262 3419 3331 (neque
3463 3262 3609 3317 enim

2033 3353 2339 3422 negaverim
2389 3353 2440 3408 id
2475 3368 2582 3423 quo
2628 3355 2863 3409 maxime
2892 3354 3138 3423 exsulto,
3156 3367 3482 3411 conservum
3518 3367 3611 3407 me

2032 3456 2270 3500 vestrum
2299 3445 2443 3517 esse)
2468 3456 2659 3501 cuncta
2691 3448 3021 3519 competenti
3056 3447 3306 3503 examine
3334 3461 3402 3503 eo
3434 3460 3609 3515 usque

2030 3533 2272 3589 discussa
2293 3544 2441 3600 sunt,
2458 3536 2630 3589 donec
2657 3535 2959 3608 inspectori
2982 3537 3223 3593 omnium
3252 3538 3362 3593 Deo
3380 3547 3604 3606 accepta

2029 3624 2321 3689 sententia,
2354 3624 2423 3677 ad
2480 3625 2710 3682 unitatis
2768 3638 3097 3682 concentum
3160 3626 3503 3697 proferretur
3551 3627 3605 3681 in

2028 3713 2227 3777 lucem,
2257 3717 2448 3785 itaque
2474 3717 2655 3772 nullus
2685 3717 3038 3785 dissensioni,
3072 3718 3253 3775 nullus
3281 3728 3605 3774 controver-

2027 3807 2122 3864 sia
2154 3808 2223 3864 de
2250 3806 2354 3864 fide
2384 3808 2536 3865 locus
2565 3810 2801 3882 amplius
2830 3810 3250 3882 relinqueretur.

2581 3960 2812 4020 CAPUT
2850 3963 3037 4022 XVIII.

2027 4052 2104 4108 De
2134 4069 2388 4112 consensu
2411 4053 2467 4108 in
2494 4054 2844 4179 celebrtyiodne
2875 4057 2996 4125 [esti
3032 4054 3317 4126 paschalis,
3345 4064 3392 4109 et
3413 4064 3600 4110 contra

2725 4144 2755 4179 ιι
2798 4143 2925 4179 was.

2725 4143 2925 4181 ιιαανοε.

2092 4220 2225 4277 «ΙΠιί
2241 4237 2364 4278 cum
2379 4220 2445 4279 de
2465 4221 2808 4278 sanctissimo
2851 4220 3015 4274 etiam
3044 4217 3267 4273 Pascha:
3298 4216 3385 4272 die
3406 4216 3604 4287 quaesi:

2026 4320 2137 4366 tum
2174 4310 2389 4374 fuisset.
2421 4310 2698 4367 communi
2734 4310 2982 4367 omnium
3017 4310 3292 4365 sententia
3318 4310 3597 4366 decretum

2020 4418 2125 4469 εει,
2166 4420 2287 4460 eam
2318 4404 2673 4461 festivitatem
2727 4417 2840 4459 uno
2880 4407 3180 4475 eodemque
3210 4403 3297 4459 die
3325 4402 3395 4458 ab
3423 4403 3602 4457 omni-

2019 4497 2123 4554 bus
2180 4499 2379 4569 ubique
2431 4496 2697 4553 celebrari
2751 4506 3032 4566 oportere.
3089 4495 3228 4563 Quid
3276 4495 3425 4552 enim
3478 4495 3599 4567 pul-

334 4586 641 4658 δυνήσεται,
671 4586 764 4639 τοῦ
807 4588 905 4658 τὴν
948 4588 1143 4659 ἑορτὴν
1182 4587 1384 4658 ταύτην
1415 4590 1545 4659 παρ’
1576 4584 1645 4662 ἧς
1678 4589 1776 4655 τὰς
1811 4590 1910 4661 τῆς

2040 4589 2225 4653 :hrius,
2258 4589 2387 4659 quid
2418 4588 2702 4643 honestius
2746 4588 2905 4644 nobis
2950 4602 3072 4643 esse
3121 4587 3313 4657 possit,
3342 4600 3507 4653 quam
3538 4598 3600 4643 ut

335 4679 634 4744 ἀθανασίας
665 4681 963 4752 εἰλήφαμεν
994 4680 1234 4746 ἐλπίδας,
1264 4683 1363 4753 μιᾷ
1388 4682 1538 4746 τάξει
1569 4684 1663 4737 καὶ
1696 4685 1913 4757 φανερῷ

2040 4699 2136 4739 nec
2180 4680 2467 4749 festivitas,
2494 4696 2524 4735 a
2556 4697 2662 4752 qua
2713 4695 2863 4751 spem
2914 4677 3342 4735 immortalitatis
3384 4678 3595 4749 accepi-

333 4768 477 4844 λόγῳ
526 4771 679 4845 παρά
725 4773 895 4827 πᾶσιν
949 4773 1303 4839 ἀδιαπτώτως
1352 4774 1753 4844 φυλάττεσθαι;
1804 4778 1918 4832 Καὶ

2040 4790 2165 4843 nus,
2188 4790 2297 4833 uno
2324 4775 2623 4845 eodemque
2660 4773 2854 4829 ordine
2883 4781 2940 4827 et
2967 4780 3115 4827 certa
3148 4772 3356 4826 ratione
3383 4772 3452 4827 ab
3478 4786 3596 4825 om-

405 4950 515 5027 (ὅθ)
533 4949 691 5027 νιιιεΣ
709 4950 857 5021 ἀμφὶ
875 4950 981 5019 τὰς
996 4952 1307 5027 ἑκατέρων.
1331 4954 1681 5027 Scribendum
1698 4964 1825 5027 puto
1841 4954 1901 5021 ἐξ

2040 4956 2226 5012 lectius
2258 4956 2399 5027 apud
2452 4953 2840 5009 Tlieodoritum
2886 4965 2937 5008 et
2983 4952 3342 5021 Nicephorum
3389 4952 3590 5025 legitur

333 5021 629 5099 ματέρων.
658 5022 775 5089 Qua
803 5021 1180 5099 emendatione
1208 5025 1344 5099 nihil
1375 5021 1901 5099 certius._Aith3use-

2040 5021 2423 5099 ςρὸςᾼτήνξβις.
2486 5040 2489 5049 ‘
2622 5092 2649 5099 _
2791 5093 2801 5099 _
2968 5093 3009 5099 __
3230 5095 3242 5099 Α
3332 5096 3359 5099 _
3447 5021 3469 5025 ’ί
3631 5082 3639 5091 _

330 5091 453 5178 hius
487 5091 550 5178 es
580 5101 987 5178 utraqueIparle
1021 5094 1156 5177 aulae
1184 5096 1374 5178 .re‘gia:
1420 5096 1681 5178 disposita
1720 5098 1904 5178 fuisse

2040 5091 2195 5178 _'(_62)
2225 5091 2435 5178 Ἔδοξε
2473 5092 2649 5178 κριτῇ
2693 5093 2915 5178 Trebati.
2966 5093 3094 5176 Iitec
3131 5095 3296 5178 verba
3320 5096 3589 5178 (ionstalw

332 5161 589 5239 stibadia,
613 5162 678 5219 jn
723 5161 1217 5239 quibusuepiscopi
1239 5161 1642 5239 discumberent
1672 5182 1685 5219 ι
1720 5166 1901 5239 ipsum
2008 5161 2107 5223 tin'i
2147 5161 2455 5239 respexisse
2475 5161 3228 5239 videtur'Atbanasius,__cum
3259 5168 3310 5221 in
3341 5166 3564 5239 libroD'

330 5246 464 5311 vero
488 5235 833 5311 imperatoris
865 5234 1161 5311 stibadium
1205 5235 1257 5290 iu
1287 5236 1463 5311 medio
1498 5235 1684 5311 fuisse,
1720 5234 1770 5291 in
1798 5252 1904 5311 quo
2007 5234 2487 5311 synodis'Arimjni
2518 5247 2574 5291 et
2601 5236 3033 5311 Seleucjaerag.
3062 5237 3167 5311 872’;
3189 5278 3206 5302 ,
3243 5246 3393 5293 notat
3427 5237 3554 5311 alito

331 5301 447 5371 ipse
473 5301 578 5357 una
628 5318 753 5358 cum
807 5304 1248 5361 honoratioribus
1297 5307 1565 5377 episcopis
1613 5301 1905 5361 accumbe-

328 5371 444 5427 bat.
473 5372 671 5428 Eodem
700 5374 857 5435 plane
878 5377 1036 5431 modo
1075 5376 1127 5430 in
1150 5379 1355 5435 svnodo
1376 5376 1616 5435 Nicaeus.
1646 5377 1900 5434 subsellia

2040 5301 2222 5366 Scutos
2251 5324 2373 5365 esse
2396 5308 2588 5363 Patres
2632 5306 2825 5377 synodi
2866 5301 3100 5362 Nicaéuzc
3147 5301 3201 5362 iu
3248 5308 3557 5377 exposition

2040 5380 2158 5435 idei.
2190 5381 2347 5435 aliter
2377 5380 2431 5434 in
2466 5378 2772 5434 definiendo
2800 5375 3022 5432 Pascha:
3060 5377 3167 5434 die.
3206 5376 3343 5432 Nam
3389 5379 3441 5431 in
3479 5378 3557 5432 bu:

329 5389 444 5427 nat.
473 5389 671 5428 nouem
700 5389 857 5444 plane
878 5389 1036 5431 mouo
1076 5393 1127 5430 tn
1150 5389 1355 5448 synouo
1376 5389 1616 5445 metens,
1646 5389 1900 5434 subsellia

329 5444 547 5529 quidem
571 5445 1016 5529 eranl.utrinque
1047 5447 1396 5529 disposita_in
1436 5447 1632 5529 quibus
1661 5447 1901 5529 episcopi

2040 5389 2158 5445 idet,
2190 5389 2347 5435 aliter
2377 5389 2431 5434 in
2466 5389 2772 5434 delinteudo
2802 5389 3022 5432 Pascnae
3060 5389 3167 5434 (lie.
3206 5389 3343 5432 Nam
3389 5389 3441 5431 in
3480 5389 3559 5432 bo:

2040 5452 2228 5520 [uidetn
2246 5450 2478 5529 negotio
2501 5447 2581 5503 usi
2618 5457 2754 5529 sunt
2772 5448 2937 5529 v_erbo
2964 5447 3133 5514 εδοξε,
3159 5448 3211 5503 id
3239 5457 3324 5529 est
3357 5448 3553 5529 placuit

329 5516 674 5571 residebant:
738 5516 1034 5585 imperator
1084 5516 1264 5573 autem
1317 5516 1710 5587 ipse—medius
1760 5516 1904 5574 inter
2014 5516 2067 5577 In
2091 5516 2428 5594 expositione
2452 5531 2632 5575 autem
2685 5518 2810 5573 fidei
2871 5535 3213 5590 nequaquam
3243 5516 3429 5574 dixere
3460 5518 3564 5585 pta.

329 5583 463 5639 duos
489 5586 884 5641 considentium
914 5587 1134 5641 ordines
1169 5588 1221 5641 in
1246 5588 1380 5641 sella
1410 5604 1576 5641 aurea
1610 5589 1899 5641 residebat.
2009 5595 2137 5641 cuit-
2181 5594 2273 5641 sed
2314 5594 2389 5641 ita
2425 5592 2591 5641 credit
2644 5601 2827 5641 sancta
2871 5598 2920 5641 et
2961 5590 3271 5641 universalis
3318 5586 3552 5641 Ecclesia

329 5590 463 5639 duos
489 5590 884 5641 considentium
914 5590 1134 5642 ordines
1169 5590 1221 5650 in
1246 5590 1380 5643 sella
1410 5604 1576 5645 aurea
1610 5590 1899 5646 residebat.
2009 5595 2137 5656 cuit,
2160 5590 2274 5648 ’sed
2314 5594 2389 5647 ita
2425 5592 2591 5645 credit
2644 5601 2827 5645 sancta
2871 5598 2920 5643 et
2961 5590 3271 5644 universalis
3318 5590 3552 5643 Ecclesia

328 5652 537 5739 Simile
581 5654 685 5710 fuit
739 5655 1219 5739 Co‘nstantinlopoli
1248 5659 1490 5739 tribunal
1530 5660 1900 5739 novemdecim
2009 5662 2172 5739 Cer_te
2202 5665 2424 5739 verbum
2452 5660 2595 5739 ἔδοξε
2629 5662 2779 5739 quod
2789 5660 2959 5739 refert
2985 5659 3334 5739 Athanasius,
3361 5676 3464 5715 non
3497 5674 3551 5712 re

329 5725 727 5810 accubitorum,
756 5727 823 5780 ad
855 5725 1492 5810 hujus_uconstantiniani
1524 5731 1799 5810 convivii,
1843 5738 1905 5787 ut
2009 5735 2219 5810 peritur
2245 5735 2309 5810 in
2329 5725 2564 5810 epistola
2593 5725 2869 5810 svnodica
2892 5769 2907 5795 ,
2950 5732 3044 5785 sed
3102 5730 3153 5785 in
3174 5725 3348 5810 “hac;
3369 5738 3540 5810 tantur

328 5794 864 5878 equidem'a‘rbitror,
887 5797 1654 5878 similitudineminstitutum.
1784 5794 1804 5878 Ἀ
2009 5794 2237 5878 epistola
2268 5794 2605 5878 constantini
2639 5794 2658 5857 Ξ
2695 5816 2858 5878 quam
2890 5794 2987 5878 pro
3019 5799 3277 5878 synodica
3333 5801 3572 5859 halitam

400 5864 523 5934 (6!)
553 5864 709 5937 Vulg.
752 5866 911 5938 παρὰ
940 5866 1054 5938 τὴν
1081 5866 1192 5939 τῆς
1211 5868 1506 5945 ἐνότητος,
1526 5872 1899 5943 συμφωνίαν.

2040 5864 2177 5934 uisse
2198 5892 2303 5935 non
2329 5875 2600 5933 immerito
2632 5864 2753 5945 quis
2778 5864 2950 5942 possit
2975 5864 3283 5940 suspicari.
