  <div class='ocr_page' id='page_1' title='image "/cluster/home/n/w/nwhite01/storage/ocr_20150623/20/hvd.32044073501181/551.png"; bbox 0 0 4212 6440; ppageno 0'>
   <div class='ocr_carea' id='block_1_1' title="bbox 546 333 687 393">
    <p class='ocr_par' dir='ltr' id='par_1_1' title="bbox 546 333 687 393">
     <span class='ocr_line' id='line_1_1' title="bbox 546 333 687 393; baseline -0.021 0"><span class='ocrx_word' id='word_1_1' title='bbox 546 333 687 393; x_wconf 73' lang='grc'><strong>1075</strong></span> 
     </span>
    </p>
   </div>
   <div class='ocr_carea' id='block_1_2' title="bbox 1282 330 3085 394">
    <p class='ocr_par' dir='ltr' id='par_1_2' title="bbox 1282 330 3085 394">
     <span class='ocr_line' id='line_1_2' title="bbox 1282 330 3085 394; baseline 0.005 -9"><span class='ocrx_word' id='word_1_2' title='bbox 1282 330 1551 388; x_wconf 79' lang='lat' dir='ltr'><strong>EUSEBII</strong></span> <span class='ocrx_word' id='word_1_3' title='bbox 1592 331 2076 389; x_wconf 67' lang='lat' dir='ltr'><strong>CAESARIENSIS</strong></span> <span class='ocrx_word' id='word_1_4' title='bbox 2108 333 2257 389; x_wconf 90' lang='lat' dir='ltr'><strong>OPP.</strong></span> <span class='ocrx_word' id='word_1_5' title='bbox 2298 333 2478 390; x_wconf 79' lang='lat' dir='ltr'><strong>PARS</strong></span> <span class='ocrx_word' id='word_1_6' title='bbox 2509 338 2551 391; x_wconf 88' lang='grc' dir='ltr'>Ι.</span> <span class='ocrx_word' id='word_1_7' title='bbox 2587 368 2655 376; x_wconf 93' lang='grc'><strong><em>-</em></strong></span> <span class='ocrx_word' id='word_1_8' title='bbox 2693 334 3085 394; x_wconf 79' lang='lat' dir='ltr'><strong>HISTORICA.</strong></span> 
     </span>
    </p>
   </div>
   <div class='ocr_carea' id='block_1_3' title="bbox 3646 339 3779 395">
    <p class='ocr_par' dir='ltr' id='par_1_3' title="bbox 3646 339 3779 395">
     <span class='ocr_line' id='line_1_3' title="bbox 3646 339 3779 395; baseline 0.03 -4"><span class='ocrx_word' id='word_1_9' title='bbox 3646 339 3779 395; x_wconf 83' lang='lat' dir='ltr'><strong>l076</strong></span> 
     </span>
    </p>
   </div>
   <div class='ocr_carea' id='block_1_4' title="bbox 544 435 2123 528">
    <p class='ocr_par' dir='ltr' id='par_1_4' title="bbox 544 435 2109 523">
     <span class='ocr_line' id='line_1_4' title="bbox 544 435 2109 523; baseline 0.001 -14"><span class='ocrx_word' id='word_1_10' title='bbox 544 456 705 511; x_wconf 88' lang='lat' dir='ltr'><strong>nibus</strong></span> <span class='ocrx_word' id='word_1_11' title='bbox 759 450 1023 507; x_wconf 86' lang='lat' dir='ltr'><strong>inolfense</strong></span> <span class='ocrx_word' id='word_1_12' title='bbox 1070 452 1426 507; x_wconf 77' lang='lat' dir='ltr'><strong>observetur?</strong></span> <span class='ocrx_word' id='word_1_13' title='bbox 1482 455 1559 508; x_wconf 86' lang='lat' dir='ltr'><strong>Ac</strong></span> <span class='ocrx_word' id='word_1_14' title='bbox 1606 455 1837 523; x_wconf 89' lang='lat' dir='ltr'><strong>primum</strong></span> <span class='ocrx_word' id='word_1_15' title='bbox 1890 435 2109 523; x_wconf 86' lang='lat' dir='ltr'><strong>quidem</strong></span> 
     </span>
    </p>
   </div>
   <div class='ocr_carea' id='block_1_5' title="bbox 2223 435 3782 528">
    <p class='ocr_par' dir='ltr' id='par_1_5' title="bbox 2223 451 3782 528">
     <span class='ocr_line' id='line_1_5' title="bbox 2223 451 3782 528; baseline -0.001 -19"><span class='ocrx_word' id='word_1_16' title='bbox 2223 455 2430 527; x_wconf 85' lang='grc' dir='ltr'>πρῶτον</span> <span class='ocrx_word' id='word_1_17' title='bbox 2484 458 2581 528; x_wconf 83' lang='grc' dir='ltr'><strong>μὲν</strong></span> <span class='ocrx_word' id='word_1_18' title='bbox 2623 456 2840 523; x_wconf 80' lang='grc' dir='ltr'>ἀνάξιον</span> <span class='ocrx_word' id='word_1_19' title='bbox 2893 455 3067 520; x_wconf 77' lang='grc' dir='ltr'>ἔδοξεν</span> <span class='ocrx_word' id='word_1_20' title='bbox 3110 451 3280 518; x_wconf 76' lang='grc' dir='ltr'>εἶναι,</span> <span class='ocrx_word' id='word_1_21' title='bbox 3329 454 3427 527; x_wconf 79' lang='grc' dir='ltr'>τὴν</span> <span class='ocrx_word' id='word_1_22' title='bbox 3477 455 3782 524; x_wconf 82' lang='grc' dir='ltr'>ἁγιωτάτην</span> 
     </span>
    </p>
   </div>
   <div class='ocr_carea' id='block_1_6' title="bbox 541 545 2109 618">
    <p class='ocr_par' dir='ltr' id='par_1_6' title="bbox 541 545 2109 618">
     <span class='ocr_line' id='line_1_6' title="bbox 541 545 2109 618; baseline -0.001 -13"><span class='ocrx_word' id='word_1_23' title='bbox 541 550 659 605; x_wconf 70' lang='lat' dir='ltr'><strong>visa</strong></span> <span class='ocrx_word' id='word_1_24' title='bbox 695 557 780 601; x_wconf 87' lang='lat' dir='ltr'><strong>est</strong></span> <span class='ocrx_word' id='word_1_25' title='bbox 820 545 1070 600; x_wconf 87' lang='lat' dir='ltr'><strong>omnibus</strong></span> <span class='ocrx_word' id='word_1_26' title='bbox 1116 560 1204 599; x_wconf 91' lang='lat' dir='ltr'><strong>res</strong></span> <span class='ocrx_word' id='word_1_27' title='bbox 1246 561 1366 600; x_wconf 88' lang='lat' dir='ltr'><strong>esse</strong></span> <span class='ocrx_word' id='word_1_28' title='bbox 1416 561 1639 614; x_wconf 80' lang='lat' dir='ltr'><strong>prorsus</strong></span> <span class='ocrx_word' id='word_1_29' title='bbox 1688 548 1928 618; x_wconf 86' lang='lat' dir='ltr'><strong>indigna,</strong></span> <span class='ocrx_word' id='word_1_30' title='bbox 1961 557 2017 603; x_wconf 90' lang='lat' dir='ltr'><strong>ut</strong></span> <span class='ocrx_word' id='word_1_31' title='bbox 2058 550 2109 603; x_wconf 93' lang='lat' dir='ltr'><strong>in</strong></span> 
     </span>
    </p>
   </div>
   <div class='ocr_carea' id='block_1_7' title="bbox 543 635 2112 707">
    <p class='ocr_par' dir='ltr' id='par_1_7' title="bbox 543 635 2112 707">
     <span class='ocr_line' id='line_1_7' title="bbox 543 635 2112 707; baseline -0.002 -11"><span class='ocrx_word' id='word_1_32' title='bbox 543 639 905 696; x_wconf 70' lang='lat' dir='ltr'><strong>sanctissume</strong></span> <span class='ocrx_word' id='word_1_33' title='bbox 927 636 1083 707; x_wconf 83' lang='lat' dir='ltr'><strong>hujus</strong></span> <span class='ocrx_word' id='word_1_34' title='bbox 1110 635 1468 691; x_wconf 85' lang='lat' dir='ltr'><strong>solemnitatis</strong></span> <span class='ocrx_word' id='word_1_35' title='bbox 1498 637 1865 692; x_wconf 89' lang='lat' dir='ltr'><strong>celebratione</strong></span> <span class='ocrx_word' id='word_1_36' title='bbox 1890 653 2112 694; x_wconf 85' lang='lat' dir='ltr'><strong>consue-</strong></span> 
     </span>
    </p>
   </div>
   <div class='ocr_carea' id='block_1_8' title="bbox 540 724 2112 796">
    <p class='ocr_par' dir='ltr' id='par_1_8' title="bbox 540 724 2112 796">
     <span class='ocr_line' id='line_1_8' title="bbox 540 724 2112 796; baseline 0.001 -12"><span class='ocrx_word' id='word_1_37' title='bbox 540 729 784 784; x_wconf 79' lang='lat' dir='ltr'><strong>tudinem</strong></span> <span class='ocrx_word' id='word_1_38' title='bbox 831 724 1140 781; x_wconf 75' lang='lat' dir='ltr'><strong>Judzeorum</strong></span> <span class='ocrx_word' id='word_1_39' title='bbox 1192 741 1582 795; x_wconf 84' lang='lat' dir='ltr'><strong>sequeremur;</strong></span> <span class='ocrx_word' id='word_1_40' title='bbox 1622 728 1887 796; x_wconf 92' lang='lat' dir='ltr'><strong>qui,cum</strong></span> <span class='ocrx_word' id='word_1_41' title='bbox 1920 745 2112 785; x_wconf 89' lang='lat' dir='ltr'><strong>manus</strong></span> 
     </span>
    </p>
   </div>
   <div class='ocr_carea' id='block_1_9' title="bbox 543 819 2107 891">
    <p class='ocr_par' dir='ltr' id='par_1_9' title="bbox 543 819 2107 891">
     <span class='ocr_line' id='line_1_9' title="bbox 543 819 2107 891; baseline 0 -14"><span class='ocrx_word' id='word_1_42' title='bbox 543 836 675 877; x_wconf 87' lang='lat' dir='ltr'><strong>snas</strong></span> <span class='ocrx_word' id='word_1_43' title='bbox 703 820 916 875; x_wconf 88' lang='lat' dir='ltr'><strong>nefario</strong></span> <span class='ocrx_word' id='word_1_44' title='bbox 942 819 1149 874; x_wconf 84' lang='lat' dir='ltr'><strong>scelere</strong></span> <span class='ocrx_word' id='word_1_45' title='bbox 1199 820 1643 883; x_wconf 87' lang='lat' dir='ltr'><strong>contaminarint,</strong></span> <span class='ocrx_word' id='word_1_46' title='bbox 1685 822 1877 877; x_wconf 90' lang='lat' dir='ltr'><strong>merito</strong></span> <span class='ocrx_word' id='word_1_47' title='bbox 1912 822 2107 891; x_wconf 89' lang='lat' dir='ltr'><strong>impuri</strong></span> 
     </span>
    </p>
   </div>
   <div class='ocr_carea' id='block_1_10' title="bbox 543 909 2110 981">
    <p class='ocr_par' dir='ltr' id='par_1_10' title="bbox 543 909 2110 981">
     <span class='ocr_line' id='line_1_10' title="bbox 543 909 2110 981; baseline 0.001 -15"><span class='ocrx_word' id='word_1_48' title='bbox 543 912 791 966; x_wconf 85' lang='lat' dir='ltr'><strong>homines</strong></span> <span class='ocrx_word' id='word_1_49' title='bbox 823 911 1066 965; x_wconf 62' lang='lat' dir='ltr'><strong>caecitate</strong></span> <span class='ocrx_word' id='word_1_50' title='bbox 1111 910 1307 964; x_wconf 91' lang='lat' dir='ltr'><strong>mentis</strong></span> <span class='ocrx_word' id='word_1_51' title='bbox 1354 909 1623 965; x_wconf 72' lang='lat' dir='ltr'><strong>laborant.</strong></span> <span class='ocrx_word' id='word_1_52' title='bbox 1651 910 1883 980; x_wconf 81' lang='lat' dir='ltr'><strong>Quippe,</strong></span> <span class='ocrx_word' id='word_1_53' title='bbox 1913 912 2110 981; x_wconf 87' lang='lat' dir='ltr'><strong>rejecta</strong></span> 
     </span>
    </p>
   </div>
   <div class='ocr_carea' id='block_1_11' title="bbox 543 1003 2105 1071">
    <p class='ocr_par' dir='ltr' id='par_1_11' title="bbox 543 1003 2105 1071">
     <span class='ocr_line' id='line_1_11' title="bbox 543 1003 2105 1071; baseline 0.001 -13"><span class='ocrx_word' id='word_1_54' title='bbox 543 1003 756 1058; x_wconf 87' lang='lat' dir='ltr'><strong>illorum</strong></span> <span class='ocrx_word' id='word_1_55' title='bbox 805 1003 1235 1065; x_wconf 88' lang='lat' dir='ltr'><strong>consuetudine,</strong></span> <span class='ocrx_word' id='word_1_56' title='bbox 1282 1018 1574 1071; x_wconf 87' lang='lat' dir='ltr'><strong>possumus</strong></span> <span class='ocrx_word' id='word_1_57' title='bbox 1618 1004 1836 1059; x_wconf 87' lang='lat' dir='ltr'><strong>rectiori</strong></span> <span class='ocrx_word' id='word_1_58' title='bbox 1877 1005 2105 1069; x_wconf 86' lang='lat' dir='ltr'><strong>ordine,</strong></span> 
     </span>
    </p>
   </div>
   <div class='ocr_carea' id='block_1_12' title="bbox 542 1093 2106 1165">
    <p class='ocr_par' dir='ltr' id='par_1_12' title="bbox 542 1093 2106 1165">
     <span class='ocr_line' id='line_1_12' title="bbox 542 1093 2106 1165; baseline 0.001 -17"><span class='ocrx_word' id='word_1_59' title='bbox 542 1111 704 1163; x_wconf 85' lang='lat' dir='ltr'><strong>quem</strong></span> <span class='ocrx_word' id='word_1_60' title='bbox 738 1111 766 1148; x_wconf 87' lang='lat' dir='ltr'><strong>a</strong></span> <span class='ocrx_word' id='word_1_61' title='bbox 802 1096 979 1163; x_wconf 88' lang='lat' dir='ltr'><strong>primo</strong></span> <span class='ocrx_word' id='word_1_62' title='bbox 1014 1094 1282 1161; x_wconf 84' lang='lat' dir='ltr'><strong>passionis</strong></span> <span class='ocrx_word' id='word_1_63' title='bbox 1307 1093 1395 1149; x_wconf 89' lang='lat' dir='ltr'><strong>die</strong></span> <span class='ocrx_word' id='word_1_64' title='bbox 1424 1095 1492 1149; x_wconf 89' lang='lat' dir='ltr'><strong>ad</strong></span> <span class='ocrx_word' id='word_1_65' title='bbox 1529 1094 1641 1148; x_wconf 84' lang='lat' dir='ltr'><strong>haec</strong></span> <span class='ocrx_word' id='word_1_66' title='bbox 1670 1110 1841 1164; x_wconf 87' lang='lat' dir='ltr'><strong>usque</strong></span> <span class='ocrx_word' id='word_1_67' title='bbox 1869 1106 2106 1165; x_wconf 89' lang='lat' dir='ltr'><strong>tempora</strong></span> 
     </span>
    </p>
   </div>
   <div class='ocr_carea' id='block_1_13' title="bbox 542 1186 2111 1259">
    <p class='ocr_par' dir='ltr' id='par_1_13' title="bbox 542 1186 2111 1259">
     <span class='ocr_line' id='line_1_13' title="bbox 542 1186 2111 1259; baseline 0 -17"><span class='ocrx_word' id='word_1_68' title='bbox 542 1189 901 1251; x_wconf 79' lang='lat' dir='ltr'><strong>servavimus,</strong></span> <span class='ocrx_word' id='word_1_69' title='bbox 927 1189 994 1241; x_wconf 90' lang='lat' dir='ltr'><strong>ad</strong></span> <span class='ocrx_word' id='word_1_70' title='bbox 1017 1187 1197 1242; x_wconf 90' lang='lat' dir='ltr'><strong>futura</strong></span> <span class='ocrx_word' id='word_1_71' title='bbox 1213 1186 1379 1242; x_wconf 90' lang='lat' dir='ltr'><strong>etiam</strong></span> <span class='ocrx_word' id='word_1_72' title='bbox 1410 1187 1607 1242; x_wconf 66' lang='lat' dir='ltr'><strong>saecula</strong></span> <span class='ocrx_word' id='word_1_73' title='bbox 1634 1188 1794 1259; x_wconf 87' lang='lat' dir='ltr'><strong>hujus</strong></span> <span class='ocrx_word' id='word_1_74' title='bbox 1818 1190 2111 1243; x_wconf 83' lang='lat' dir='ltr'><strong>observan-</strong></span> 
     </span>
    </p>
   </div>
   <div class='ocr_carea' id='block_1_14' title="bbox 544 1277 2109 1351">
    <p class='ocr_par' dir='ltr' id='par_1_14' title="bbox 544 1277 2109 1351">
     <span class='ocr_line' id='line_1_14' title="bbox 544 1277 2109 1351; baseline 0.001 -19"><span class='ocrx_word' id='word_1_75' title='bbox 544 1282 633 1335; x_wconf 86' lang='lat' dir='ltr'><strong>ti:e</strong></span> <span class='ocrx_word' id='word_1_76' title='bbox 665 1282 826 1334; x_wconf 89' lang='lat' dir='ltr'><strong>ritum</strong></span> <span class='ocrx_word' id='word_1_77' title='bbox 861 1294 1183 1351; x_wconf 83' lang='lat' dir='ltr'><strong>propagare.</strong></span> <span class='ocrx_word' id='word_1_78' title='bbox 1210 1277 1354 1333; x_wconf 81' lang='lat' dir='ltr'><strong>Nihil</strong></span> <span class='ocrx_word' id='word_1_79' title='bbox 1385 1294 1513 1350; x_wconf 82' lang='lat' dir='ltr'><strong>ergo</strong></span> <span class='ocrx_word' id='word_1_80' title='bbox 1542 1279 1698 1334; x_wconf 91' lang='lat' dir='ltr'><strong>nobis</strong></span> <span class='ocrx_word' id='word_1_81' title='bbox 1724 1294 2011 1334; x_wconf 89' lang='lat' dir='ltr'><strong>commune</strong></span> <span class='ocrx_word' id='word_1_82' title='bbox 2039 1281 2109 1334; x_wconf 89' lang='lat' dir='ltr'><strong>sit</strong></span> 
     </span>
    </p>
   </div>
   <div class='ocr_carea' id='block_1_15' title="bbox 540 1368 2105 1426">
    <p class='ocr_par' dir='ltr' id='par_1_15' title="bbox 540 1368 2105 1426">
     <span class='ocr_line' id='line_1_15' title="bbox 540 1368 2105 1426; baseline 0 -2"><span class='ocrx_word' id='word_1_83' title='bbox 540 1386 664 1425; x_wconf 82' lang='lat' dir='ltr'><strong>cum</strong></span> <span class='ocrx_word' id='word_1_84' title='bbox 718 1371 1094 1426; x_wconf 88' lang='lat' dir='ltr'><strong>inimicissima</strong></span> <span class='ocrx_word' id='word_1_85' title='bbox 1146 1368 1452 1424; x_wconf 64' lang='lat' dir='ltr'><strong>Iudaeorum</strong></span> <span class='ocrx_word' id='word_1_86' title='bbox 1505 1370 1684 1426; x_wconf 89' lang='lat' dir='ltr'><strong>turba.</strong></span> <span class='ocrx_word' id='word_1_87' title='bbox 1736 1370 1915 1426; x_wconf 82' lang='lat' dir='ltr'><strong>Aliam</strong></span> <span class='ocrx_word' id='word_1_88' title='bbox 1961 1371 2105 1426; x_wconf 85' lang='lat' dir='ltr'><strong>enim</strong></span> 
     </span>
    </p>
   </div>
   <div class='ocr_carea' id='block_1_16' title="bbox 539 1461 2110 1533">
    <p class='ocr_par' dir='ltr' id='par_1_16' title="bbox 539 1461 2110 1533">
     <span class='ocr_line' id='line_1_16' title="bbox 539 1461 2110 1533; baseline 0.004 -20"><span class='ocrx_word' id='word_1_89' title='bbox 539 1463 682 1516; x_wconf 81' lang='lat' dir='ltr'><strong>viam</strong></span> <span class='ocrx_word' id='word_1_90' title='bbox 712 1477 744 1517; x_wconf 90' lang='lat' dir='ltr'><strong>a</strong></span> <span class='ocrx_word' id='word_1_91' title='bbox 783 1461 1072 1517; x_wconf 82' lang='lat' dir='ltr'><strong>Servatore</strong></span> <span class='ocrx_word' id='word_1_92' title='bbox 1098 1462 1432 1532; x_wconf 89' lang='lat' dir='ltr'><strong>accepimus.</strong></span> <span class='ocrx_word' id='word_1_93' title='bbox 1468 1462 1787 1533; x_wconf 85' lang='lat' dir='ltr'><strong>Propositus</strong></span> <span class='ocrx_word' id='word_1_94' title='bbox 1816 1473 1899 1519; x_wconf 92' lang='lat' dir='ltr'><strong>est</strong></span> <span class='ocrx_word' id='word_1_95' title='bbox 1924 1479 2110 1521; x_wconf 85' lang='lat' dir='ltr'><strong>sacra-</strong></span> 
     </span>
    </p>
   </div>
   <div class='ocr_carea' id='block_1_17' title="bbox 541 1552 2109 1623">
    <p class='ocr_par' dir='ltr' id='par_1_17' title="bbox 541 1552 2109 1623">
     <span class='ocr_line' id='line_1_17' title="bbox 541 1552 2109 1623; baseline 0 -16"><span class='ocrx_word' id='word_1_96' title='bbox 541 1552 770 1607; x_wconf 73' lang='lat' dir='ltr'><strong>tissimte</strong></span> <span class='ocrx_word' id='word_1_97' title='bbox 798 1552 1045 1623; x_wconf 79' lang='lat' dir='ltr'><strong>religioni</strong></span> <span class='ocrx_word' id='word_1_98' title='bbox 1086 1562 1284 1606; x_wconf 70' lang='lat' dir='ltr'><strong>nostrae</strong></span> <span class='ocrx_word' id='word_1_99' title='bbox 1313 1568 1509 1609; x_wconf 90' lang='lat' dir='ltr'><strong>cursus</strong></span> <span class='ocrx_word' id='word_1_100' title='bbox 1548 1552 1827 1623; x_wconf 84' lang='lat' dir='ltr'><strong>legitimus</strong></span> <span class='ocrx_word' id='word_1_101' title='bbox 1859 1563 1915 1608; x_wconf 93' lang='lat' dir='ltr'><strong>et</strong></span> <span class='ocrx_word' id='word_1_102' title='bbox 1938 1554 2109 1609; x_wconf 89' lang='lat' dir='ltr'><strong>hone-</strong></span> 
     </span>
    </p>
   </div>
   <div class='ocr_carea' id='block_1_18' title="bbox 540 1643 2107 1710">
    <p class='ocr_par' dir='ltr' id='par_1_18' title="bbox 540 1643 2107 1710">
     <span class='ocr_line' id='line_1_18' title="bbox 540 1643 2107 1710; baseline 0 -12"><span class='ocrx_word' id='word_1_103' title='bbox 540 1652 680 1698; x_wconf 88' lang='lat' dir='ltr'><strong>stus.</strong></span> <span class='ocrx_word' id='word_1_104' title='bbox 718 1643 873 1698; x_wconf 83' lang='lat' dir='ltr'><strong>Hunc</strong></span> <span class='ocrx_word' id='word_1_105' title='bbox 918 1644 1156 1699; x_wconf 86' lang='lat' dir='ltr'><strong>unanimi</strong></span> <span class='ocrx_word' id='word_1_106' title='bbox 1208 1660 1478 1700; x_wconf 89' lang='lat' dir='ltr'><strong>consensu</strong></span> <span class='ocrx_word' id='word_1_107' title='bbox 1528 1644 1848 1710; x_wconf 85' lang='lat' dir='ltr'><strong>retinentes,</strong></span> <span class='ocrx_word' id='word_1_108' title='bbox 1899 1645 1968 1701; x_wconf 86' lang='lat' dir='ltr'><strong>ab</strong></span> <span class='ocrx_word' id='word_1_109' title='bbox 2018 1645 2107 1700; x_wconf 87' lang='lat' dir='ltr'><strong>illa</strong></span> 
     </span>
    </p>
   </div>
   <div class='ocr_carea' id='block_1_19' title="bbox 540 1736 2107 1805">
    <p class='ocr_par' dir='ltr' id='par_1_19' title="bbox 540 1736 2107 1805">
     <span class='ocr_line' id='line_1_19' title="bbox 540 1736 2107 1805; baseline 0 -17"><span class='ocrx_word' id='word_1_110' title='bbox 540 1736 862 1805; x_wconf 87' lang='lat' dir='ltr'><strong>turpissima</strong></span> <span class='ocrx_word' id='word_1_111' title='bbox 891 1737 1150 1791; x_wconf 86' lang='lat' dir='ltr'><strong>societate</strong></span> <span class='ocrx_word' id='word_1_112' title='bbox 1197 1746 1252 1791; x_wconf 91' lang='lat' dir='ltr'><strong>et</strong></span> <span class='ocrx_word' id='word_1_113' title='bbox 1301 1736 1632 1790; x_wconf 77' lang='lat' dir='ltr'><strong>conscientia</strong></span> <span class='ocrx_word' id='word_1_114' title='bbox 1676 1751 1775 1791; x_wconf 91' lang='lat' dir='ltr'><strong>nos</strong></span> <span class='ocrx_word' id='word_1_115' title='bbox 1823 1736 2107 1792; x_wconf 86' lang='lat' dir='ltr'><strong>abstraha-</strong></span> 
     </span>
    </p>
   </div>
   <div class='ocr_carea' id='block_1_20' title="bbox 540 1804 2182 1898">
    <p class='ocr_par' dir='ltr' id='par_1_20' title="bbox 540 1804 2182 1898">
     <span class='ocr_line' id='line_1_20' title="bbox 540 1804 2182 1898; baseline 0.001 -14"><span class='ocrx_word' id='word_1_116' title='bbox 540 1804 685 1893; x_wconf 83' lang='lat' dir='ltr'><strong>mns,</strong></span> <span class='ocrx_word' id='word_1_117' title='bbox 714 1829 915 1883; x_wconf 78' lang='lat' dir='ltr'><strong>fratres</strong></span> <span class='ocrx_word' id='word_1_118' title='bbox 963 1827 1295 1884; x_wconf 88' lang='lat' dir='ltr'><strong>charissimi.</strong></span> <span class='ocrx_word' id='word_1_119' title='bbox 1327 1828 1423 1882; x_wconf 86' lang='lat' dir='ltr'><strong>Est</strong></span> <span class='ocrx_word' id='word_1_120' title='bbox 1459 1828 1601 1882; x_wconf 89' lang='lat' dir='ltr'><strong>enim</strong></span> <span class='ocrx_word' id='word_1_121' title='bbox 1632 1829 1880 1898; x_wconf 84' lang='lat' dir='ltr'><strong>profecto</strong></span> <span class='ocrx_word' id='word_1_122' title='bbox 1918 1831 2106 1885; x_wconf 88' lang='lat' dir='ltr'><strong>absur-</strong></span> <span class='ocrx_word' id='word_1_123' title='bbox 2141 1804 2182 1862; x_wconf 75' lang='grc' dir='ltr'><strong>Β</strong></span> 
     </span>
    </p>
   </div>
   <div class='ocr_carea' id='block_1_21' title="bbox 541 1921 2113 1994">
    <p class='ocr_par' dir='ltr' id='par_1_21' title="bbox 541 1921 2113 1994">
     <span class='ocr_line' id='line_1_21' title="bbox 541 1921 2113 1994; baseline -0.001 -16"><span class='ocrx_word' id='word_1_124' title='bbox 541 1922 827 1978; x_wconf 89' lang='lat' dir='ltr'><strong>dissimum</strong></span> <span class='ocrx_word' id='word_1_125' title='bbox 864 1923 1006 1991; x_wconf 85' lang='lat' dir='ltr'><strong>quod</strong></span> <span class='ocrx_word' id='word_1_126' title='bbox 1044 1921 1121 1976; x_wconf 89' lang='lat' dir='ltr'><strong>illi</strong></span> <span class='ocrx_word' id='word_1_127' title='bbox 1172 1922 1461 1993; x_wconf 88' lang='lat' dir='ltr'><strong>magnifice</strong></span> <span class='ocrx_word' id='word_1_128' title='bbox 1488 1922 1724 1992; x_wconf 78' lang='lat' dir='ltr'><strong>jactant,</strong></span> <span class='ocrx_word' id='word_1_129' title='bbox 1756 1937 1854 1978; x_wconf 91' lang='lat' dir='ltr'><strong>nos</strong></span> <span class='ocrx_word' id='word_1_130' title='bbox 1903 1924 2113 1994; x_wconf 88' lang='lat' dir='ltr'><strong>absque</strong></span> 
     </span>
    </p>
   </div>
   <div class='ocr_carea' id='block_1_22' title="bbox 540 2014 2107 2085">
    <p class='ocr_par' dir='ltr' id='par_1_22' title="bbox 540 2014 2107 2085">
     <span class='ocr_line' id='line_1_22' title="bbox 540 2014 2107 2085; baseline 0.001 -16"><span class='ocrx_word' id='word_1_131' title='bbox 540 2016 782 2084; x_wconf 88' lang='lat' dir='ltr'><strong>ipsorum</strong></span> <span class='ocrx_word' id='word_1_132' title='bbox 817 2014 1133 2085; x_wconf 86' lang='lat' dir='ltr'><strong>magisterio</strong></span> <span class='ocrx_word' id='word_1_133' title='bbox 1163 2014 1279 2069; x_wconf 60' lang='lat' dir='ltr'><strong>haec</strong></span> <span class='ocrx_word' id='word_1_134' title='bbox 1326 2014 1610 2069; x_wconf 90' lang='lat' dir='ltr'><strong>commode</strong></span> <span class='ocrx_word' id='word_1_135' title='bbox 1654 2014 1945 2071; x_wconf 88' lang='lat' dir='ltr'><strong>observare</strong></span> <span class='ocrx_word' id='word_1_136' title='bbox 1999 2031 2107 2071; x_wconf 92' lang='lat' dir='ltr'><strong>non</strong></span> 
     </span>
    </p>
   </div>
   <div class='ocr_carea' id='block_1_23' title="bbox 538 2106 2108 2179">
    <p class='ocr_par' dir='ltr' id='par_1_23' title="bbox 538 2106 2108 2179">
     <span class='ocr_line' id='line_1_23' title="bbox 538 2106 2108 2179; baseline -0.001 -17"><span class='ocrx_word' id='word_1_137' title='bbox 538 2123 723 2178; x_wconf 83' lang='lat' dir='ltr'><strong>posse.</strong></span> <span class='ocrx_word' id='word_1_138' title='bbox 752 2106 1021 2174; x_wconf 86' lang='lat' dir='ltr'><strong>Quidnam</strong></span> <span class='ocrx_word' id='word_1_139' title='bbox 1057 2120 1188 2162; x_wconf 82' lang='lat' dir='ltr'><strong>vero</strong></span> <span class='ocrx_word' id='word_1_140' title='bbox 1224 2106 1300 2162; x_wconf 89' lang='lat' dir='ltr'><strong>illi</strong></span> <span class='ocrx_word' id='word_1_141' title='bbox 1345 2116 1494 2163; x_wconf 87' lang='lat' dir='ltr'><strong>recte</strong></span> <span class='ocrx_word' id='word_1_142' title='bbox 1522 2109 1724 2163; x_wconf 91' lang='lat' dir='ltr'><strong>sentire</strong></span> <span class='ocrx_word' id='word_1_143' title='bbox 1758 2110 1991 2176; x_wconf 88' lang='lat' dir='ltr'><strong>possint,</strong></span> <span class='ocrx_word' id='word_1_144' title='bbox 2018 2108 2108 2179; x_wconf 86' lang='lat' dir='ltr'><strong>qui</strong></span> 
     </span>
    </p>
   </div>
   <div class='ocr_carea' id='block_1_24' title="bbox 543 2199 2110 2271">
    <p class='ocr_par' dir='ltr' id='par_1_24' title="bbox 543 2199 2110 2271">
     <span class='ocr_line' id='line_1_24' title="bbox 543 2199 2110 2271; baseline 0.003 -18"><span class='ocrx_word' id='word_1_145' title='bbox 543 2211 668 2269; x_wconf 87' lang='lat' dir='ltr'><strong>post</strong></span> <span class='ocrx_word' id='word_1_146' title='bbox 715 2215 902 2256; x_wconf 84' lang='lat' dir='ltr'><strong>necem</strong></span> <span class='ocrx_word' id='word_1_147' title='bbox 938 2201 1173 2266; x_wconf 85' lang='lat' dir='ltr'><strong>Domini,</strong></span> <span class='ocrx_word' id='word_1_148' title='bbox 1203 2210 1323 2270; x_wconf 87' lang='lat' dir='ltr'><strong>post</strong></span> <span class='ocrx_word' id='word_1_149' title='bbox 1358 2199 1489 2255; x_wconf 89' lang='lat' dir='ltr'><strong>illud</strong></span> <span class='ocrx_word' id='word_1_150' title='bbox 1533 2200 1892 2271; x_wconf 86' lang='lat' dir='ltr'><strong>parricidium</strong></span> <span class='ocrx_word' id='word_1_151' title='bbox 1932 2210 2110 2257; x_wconf 88' lang='lat' dir='ltr'><strong>mente</strong></span> 
     </span>
    </p>
   </div>
   <div class='ocr_carea' id='block_1_25' title="bbox 520 2274 2112 2364">
    <p class='ocr_par' dir='ltr' id='par_1_25' title="bbox 520 2274 2112 2364">
     <span class='ocr_line' id='line_1_25' title="bbox 520 2274 2112 2364; baseline -0.001 -15"><span class='ocrx_word' id='word_1_152' title='bbox 520 2274 709 2364; x_wconf 26' lang='lat' dir='ltr'><strong>“capti,</strong></span> <span class='ocrx_word' id='word_1_153' title='bbox 742 2309 849 2348; x_wconf 92' lang='lat' dir='ltr'><strong>non</strong></span> <span class='ocrx_word' id='word_1_154' title='bbox 898 2295 1129 2362; x_wconf 91' lang='lat' dir='ltr'><strong>ratione,</strong></span> <span class='ocrx_word' id='word_1_155' title='bbox 1162 2295 1254 2349; x_wconf 86' lang='lat' dir='ltr'><strong>sed</strong></span> <span class='ocrx_word' id='word_1_156' title='bbox 1288 2292 1550 2364; x_wconf 70' lang='lat' dir='ltr'><strong>praecipiti</strong></span> <span class='ocrx_word' id='word_1_157' title='bbox 1606 2293 1809 2363; x_wconf 90' lang='lat' dir='ltr'><strong>impetu</strong></span> <span class='ocrx_word' id='word_1_158' title='bbox 1862 2293 2112 2349; x_wconf 78' lang='lat' dir='ltr'><strong>feruntur</strong></span> 
     </span>
    </p>
   </div>
   <div class='ocr_carea' id='block_1_26' title="bbox 539 2385 2111 2455">
    <p class='ocr_par' dir='ltr' id='par_1_26' title="bbox 539 2385 2111 2455">
     <span class='ocr_line' id='line_1_26' title="bbox 539 2385 2111 2455; baseline 0.001 -16"><span class='ocrx_word' id='word_1_159' title='bbox 539 2400 867 2455; x_wconf 82' lang='lat' dir='ltr'><strong>quocunque</strong></span> <span class='ocrx_word' id='word_1_160' title='bbox 917 2387 1136 2441; x_wconf 88' lang='lat' dir='ltr'><strong>innatus</strong></span> <span class='ocrx_word' id='word_1_161' title='bbox 1189 2385 1340 2440; x_wconf 90' lang='lat' dir='ltr'><strong>furor</strong></span> <span class='ocrx_word' id='word_1_162' title='bbox 1397 2386 1546 2455; x_wconf 89' lang='lat' dir='ltr'><strong>ipsos</strong></span> <span class='ocrx_word' id='word_1_163' title='bbox 1604 2385 1897 2454; x_wconf 90' lang='lat' dir='ltr'><strong>impulerit.</strong></span> <span class='ocrx_word' id='word_1_164' title='bbox 1971 2385 2111 2440; x_wconf 85' lang='lat' dir='ltr'><strong>Hinc</strong></span> 
     </span>
    </p>
   </div>
   <div class='ocr_carea' id='block_1_27' title="bbox 539 2476 2108 2549">
    <p class='ocr_par' dir='ltr' id='par_1_27' title="bbox 539 2476 2108 2549">
     <span class='ocr_line' id='line_1_27' title="bbox 539 2476 2108 2549; baseline 0.001 -18"><span class='ocrx_word' id='word_1_165' title='bbox 539 2487 623 2531; x_wconf 90' lang='lat' dir='ltr'><strong>est</strong></span> <span class='ocrx_word' id='word_1_166' title='bbox 647 2478 792 2547; x_wconf 85' lang='lat' dir='ltr'><strong>quod</strong></span> <span class='ocrx_word' id='word_1_167' title='bbox 826 2490 893 2533; x_wconf 79' lang='lat' dir='ltr'><strong>ne</strong></span> <span class='ocrx_word' id='word_1_168' title='bbox 933 2476 1096 2549; x_wconf 68' lang='grc'><strong>493</strong></span> <span class='ocrx_word' id='word_1_169' title='bbox 1132 2477 1183 2531; x_wconf 90' lang='lat' dir='ltr'><strong>in</strong></span> <span class='ocrx_word' id='word_1_170' title='bbox 1223 2477 1327 2532; x_wconf 91' lang='lat' dir='ltr'><strong>hac</strong></span> <span class='ocrx_word' id='word_1_171' title='bbox 1369 2476 1589 2545; x_wconf 88' lang='lat' dir='ltr'><strong>quidem</strong></span> <span class='ocrx_word' id='word_1_172' title='bbox 1626 2487 1782 2547; x_wconf 88' lang='lat' dir='ltr'><strong>parte</strong></span> <span class='ocrx_word' id='word_1_173' title='bbox 1820 2479 2108 2532; x_wconf 76' lang='lat' dir='ltr'><strong>veritatem</strong></span> 
     </span>
    </p>
   </div>
   <div class='ocr_carea' id='block_1_28' title="bbox 538 2569 2109 2640">
    <p class='ocr_par' dir='ltr' id='par_1_28' title="bbox 538 2569 2109 2640">
     <span class='ocr_line' id='line_1_28' title="bbox 538 2569 2109 2640; baseline -0.001 -16"><span class='ocrx_word' id='word_1_174' title='bbox 538 2571 710 2639; x_wconf 79' lang='lat' dir='ltr'><strong>ipsam</strong></span> <span class='ocrx_word' id='word_1_175' title='bbox 742 2570 1073 2640; x_wconf 88' lang='lat' dir='ltr'><strong>perspiciunt</strong></span> <span class='ocrx_word' id='word_1_176' title='bbox 1103 2589 1115 2624; x_wconf 86' lang='lat'><strong>:</strong></span> <span class='ocrx_word' id='word_1_177' title='bbox 1148 2569 1281 2623; x_wconf 87' lang='lat' dir='ltr'><strong>adeo</strong></span> <span class='ocrx_word' id='word_1_178' title='bbox 1320 2580 1379 2622; x_wconf 90' lang='lat' dir='ltr'><strong>ut</strong></span> <span class='ocrx_word' id='word_1_179' title='bbox 1408 2584 1441 2622; x_wconf 84' lang='lat' dir='ltr'><strong>a</strong></span> <span class='ocrx_word' id='word_1_180' title='bbox 1475 2570 1821 2624; x_wconf 81' lang='lat' dir='ltr'><strong>convenienti</strong></span> <span class='ocrx_word' id='word_1_181' title='bbox 1851 2570 2109 2625; x_wconf 49' lang='lat' dir='ltr'><strong>emendae</strong></span> 
     </span>
    </p>
   </div>
   <div class='ocr_carea' id='block_1_29' title="bbox 539 2662 2111 2732">
    <p class='ocr_par' dir='ltr' id='par_1_29' title="bbox 539 2662 2111 2732">
     <span class='ocr_line' id='line_1_29' title="bbox 539 2662 2111 2732; baseline 0.001 -16"><span class='ocrx_word' id='word_1_182' title='bbox 539 2664 689 2717; x_wconf 87' lang='lat' dir='ltr'><strong>tione</strong></span> <span class='ocrx_word' id='word_1_183' title='bbox 732 2662 1040 2731; x_wconf 86' lang='lat' dir='ltr'><strong>longissime</strong></span> <span class='ocrx_word' id='word_1_184' title='bbox 1085 2662 1422 2729; x_wconf 83' lang='lat' dir='ltr'><strong>aberrantes,</strong></span> <span class='ocrx_word' id='word_1_185' title='bbox 1465 2675 1575 2716; x_wconf 89' lang='lat' dir='ltr'><strong>uno</strong></span> <span class='ocrx_word' id='word_1_186' title='bbox 1625 2662 1924 2732; x_wconf 83' lang='lat' dir='ltr'><strong>eodemque</strong></span> <span class='ocrx_word' id='word_1_187' title='bbox 1970 2677 2111 2717; x_wconf 90' lang='lat' dir='ltr'><strong>anno</strong></span> 
     </span>
    </p>
   </div>
   <div class='ocr_carea' id='block_1_30' title="bbox 539 2750 2111 2829">
    <p class='ocr_par' dir='ltr' id='par_1_30' title="bbox 539 2750 2111 2829">
     <span class='ocr_line' id='line_1_30' title="bbox 539 2750 2111 2829; baseline -0.001 -18"><span class='ocrx_word' id='word_1_188' title='bbox 539 2758 647 2811; x_wconf 84' lang='lat' dir='ltr'><strong>duo</strong></span> <span class='ocrx_word' id='word_1_189' title='bbox 683 2754 940 2829; x_wconf 88' lang='lat' dir='ltr'><strong>paschata</strong></span> <span class='ocrx_word' id='word_1_190' title='bbox 983 2750 1277 2807; x_wconf 87' lang='lat' dir='ltr'><strong>celebrent.</strong></span> <span class='ocrx_word' id='word_1_191' title='bbox 1328 2752 1469 2820; x_wconf 86' lang='lat' dir='ltr'><strong>Quid</strong></span> <span class='ocrx_word' id='word_1_192' title='bbox 1522 2768 1651 2823; x_wconf 89' lang='lat' dir='ltr'><strong>ergo</strong></span> <span class='ocrx_word' id='word_1_193' title='bbox 1702 2763 1789 2809; x_wconf 92' lang='lat' dir='ltr'><strong>est</strong></span> <span class='ocrx_word' id='word_1_194' title='bbox 1837 2769 1936 2809; x_wconf 92' lang='lat' dir='ltr'><strong>cur</strong></span> <span class='ocrx_word' id='word_1_195' title='bbox 1980 2756 2111 2810; x_wconf 89' lang='lat' dir='ltr'><strong>istos</strong></span> 
     </span>
    </p>
   </div>
   <div class='ocr_carea' id='block_1_31' title="bbox 538 2844 2113 2915">
    <p class='ocr_par' dir='ltr' id='par_1_31' title="bbox 538 2844 2113 2915">
     <span class='ocr_line' id='line_1_31' title="bbox 538 2844 2113 2915; baseline 0 -15"><span class='ocrx_word' id='word_1_196' title='bbox 538 2860 855 2915; x_wconf 79' lang='lat' dir='ltr'><strong>sequamur,</strong></span> <span class='ocrx_word' id='word_1_197' title='bbox 884 2859 1019 2913; x_wconf 85' lang='lat' dir='ltr'><strong>quos</strong></span> <span class='ocrx_word' id='word_1_198' title='bbox 1064 2852 1277 2901; x_wconf 84' lang='lat' dir='ltr'><strong>constat</strong></span> <span class='ocrx_word' id='word_1_199' title='bbox 1313 2844 1638 2913; x_wconf 80' lang='lat' dir='ltr'><strong>gravissimo</strong></span> <span class='ocrx_word' id='word_1_200' title='bbox 1678 2847 1885 2901; x_wconf 80' lang='lat' dir='ltr'><strong>erroris</strong></span> <span class='ocrx_word' id='word_1_201' title='bbox 1924 2846 2113 2901; x_wconf 86' lang='lat' dir='ltr'><strong>morbo</strong></span> 
     </span>
    </p>
   </div>
   <div class='ocr_carea' id='block_1_32' title="bbox 538 2933 2112 3005">
    <p class='ocr_par' dir='ltr' id='par_1_32' title="bbox 538 2933 2112 3005">
     <span class='ocr_line' id='line_1_32' title="bbox 538 2933 2112 3005; baseline 0 -16"><span class='ocrx_word' id='word_1_202' title='bbox 538 2934 824 2989; x_wconf 81' lang='lat' dir='ltr'><strong>laborare?</strong></span> <span class='ocrx_word' id='word_1_203' title='bbox 856 2933 991 2988; x_wconf 71' lang='lat' dir='ltr'><strong>Nam</strong></span> <span class='ocrx_word' id='word_1_204' title='bbox 1030 2950 1138 2989; x_wconf 88' lang='lat' dir='ltr'><strong>uno</strong></span> <span class='ocrx_word' id='word_1_205' title='bbox 1188 2934 1487 3003; x_wconf 86' lang='lat' dir='ltr'><strong>eodemque</strong></span> <span class='ocrx_word' id='word_1_206' title='bbox 1527 2949 1671 2989; x_wconf 92' lang='lat' dir='ltr'><strong>anno</strong></span> <span class='ocrx_word' id='word_1_207' title='bbox 1709 2935 1981 3005; x_wconf 89' lang='lat' dir='ltr'><strong>geminum</strong></span> <span class='ocrx_word' id='word_1_208' title='bbox 2016 2951 2112 3005; x_wconf 86' lang='lat' dir='ltr'><strong>pa-</strong></span> 
     </span>
    </p>
   </div>
   <div class='ocr_carea' id='block_1_33' title="bbox 538 3023 2107 3093">
    <p class='ocr_par' dir='ltr' id='par_1_33' title="bbox 538 3023 2107 3093">
     <span class='ocr_line' id='line_1_33' title="bbox 538 3023 2107 3093; baseline -0.001 -13"><span class='ocrx_word' id='word_1_209' title='bbox 538 3025 670 3080; x_wconf 79' lang='lat' dir='ltr'><strong>scha</strong></span> <span class='ocrx_word' id='word_1_210' title='bbox 698 3024 903 3089; x_wconf 87' lang='lat' dir='ltr'><strong>facere,</strong></span> <span class='ocrx_word' id='word_1_211' title='bbox 919 3039 1191 3091; x_wconf 89' lang='lat' dir='ltr'><strong>nunquam</strong></span> <span class='ocrx_word' id='word_1_212' title='bbox 1207 3023 1448 3093; x_wconf 88' lang='lat' dir='ltr'><strong>profecto</strong></span> <span class='ocrx_word' id='word_1_213' title='bbox 1471 3024 1895 3091; x_wconf 61' lang='lat' dir='ltr'><strong>sustinebimus.</strong></span> <span class='ocrx_word' id='word_1_214' title='bbox 1911 3024 2107 3081; x_wconf 83' lang='lat' dir='ltr'><strong>Verum</strong></span> 
     </span>
    </p>
   </div>
   <div class='ocr_carea' id='block_1_34' title="bbox 2216 545 3781 620">
    <p class='ocr_par' dir='ltr' id='par_1_34' title="bbox 2216 545 3781 620">
     <span class='ocr_line' id='line_1_34' title="bbox 2216 545 3781 620; baseline -0.002 -20"><span class='ocrx_word' id='word_1_215' title='bbox 2216 548 2431 618; x_wconf 84' lang='grc' dir='ltr'>ἐκείνην</span> <span class='ocrx_word' id='word_1_216' title='bbox 2483 547 2673 620; x_wconf 79' lang='grc' dir='ltr'>ἑορτὴν</span> <span class='ocrx_word' id='word_1_217' title='bbox 2706 551 2770 619; x_wconf 81' lang='grc' dir='ltr'>τῇ</span> <span class='ocrx_word' id='word_1_218' title='bbox 2819 547 2926 600; x_wconf 79' lang='grc' dir='ltr'><strong>τῶν</strong></span> <span class='ocrx_word' id='word_1_219' title='bbox 2970 545 3235 600; x_wconf 81' lang='grc' dir='ltr'>’ῐουδαίων</span> <span class='ocrx_word' id='word_1_220' title='bbox 3279 545 3573 615; x_wconf 79' lang='grc' dir='ltr'><strong>ἑπομένους</strong></span> <span class='ocrx_word' id='word_1_221' title='bbox 3624 563 3781 616; x_wconf 84' lang='grc' dir='ltr'>συνη-</span> 
     </span>
    </p>
   </div>
   <div class='ocr_carea' id='block_1_35' title="bbox 2212 635 3781 712">
    <p class='ocr_par' dir='ltr' id='par_1_35' title="bbox 2212 635 3781 712">
     <span class='ocr_line' id='line_1_35' title="bbox 2212 635 3781 712; baseline -0.003 -21"><span class='ocrx_word' id='word_1_222' title='bbox 2212 637 2331 709; x_wconf 72' lang='grc' dir='ltr'>θείᾳ</span> <span class='ocrx_word' id='word_1_223' title='bbox 2362 638 2601 712; x_wconf 80' lang='grc' dir='ltr'>πληροῦν</span> <span class='ocrx_word' id='word_1_224' title='bbox 2626 657 2639 670; x_wconf 73' lang='grc' dir='ltr'><strong>ο</strong></span> <span class='ocrx_word' id='word_1_225' title='bbox 2674 638 2725 693; x_wconf 82' lang='grc' dir='ltr'><strong>οἶ</strong></span> <span class='ocrx_word' id='word_1_226' title='bbox 2756 639 2854 703; x_wconf 83' lang='grc' dir='ltr'>τὰς</span> <span class='ocrx_word' id='word_1_227' title='bbox 2884 638 3090 692; x_wconf 79' lang='grc' dir='ltr'>ἑαυτῶν</span> <span class='ocrx_word' id='word_1_228' title='bbox 3122 642 3307 709; x_wconf 87' lang='grc' dir='ltr'>χεῖρας</span> <span class='ocrx_word' id='word_1_229' title='bbox 3333 636 3572 707; x_wconf 79' lang='grc' dir='ltr'>ἀθεμίτῳ</span> <span class='ocrx_word' id='word_1_230' title='bbox 3604 635 3781 707; x_wconf 86' lang='grc' dir='ltr'>πλημ-</span> 
     </span>
    </p>
   </div>
   <div class='ocr_carea' id='block_1_36' title="bbox 2215 728 3780 801">
    <p class='ocr_par' dir='ltr' id='par_1_36' title="bbox 2215 728 3780 801">
     <span class='ocr_line' id='line_1_36' title="bbox 2215 728 3780 801; baseline -0.002 -18"><span class='ocrx_word' id='word_1_231' title='bbox 2215 729 2486 801; x_wconf 86' lang='grc' dir='ltr'>μελήματι</span> <span class='ocrx_word' id='word_1_232' title='bbox 2530 730 2857 801; x_wconf 88' lang='grc' dir='ltr'>χράναντες,</span> <span class='ocrx_word' id='word_1_233' title='bbox 2902 730 3122 793; x_wconf 78' lang='grc' dir='ltr'><strong>εἰκότως</strong></span> <span class='ocrx_word' id='word_1_234' title='bbox 3161 729 3259 792; x_wconf 83' lang='grc' dir='ltr'>τὰς</span> <span class='ocrx_word' id='word_1_235' title='bbox 3302 728 3480 799; x_wconf 72' lang='grc' dir='ltr'>ψυχὰς</span> <span class='ocrx_word' id='word_1_236' title='bbox 3508 730 3556 781; x_wconf 83' lang='grc' dir='ltr'>οἱ</span> <span class='ocrx_word' id='word_1_237' title='bbox 3598 729 3780 799; x_wconf 73' lang='grc' dir='ltr'>μιαροὶ</span> 
     </span>
    </p>
   </div>
   <div class='ocr_carea' id='block_1_37' title="bbox 2209 819 3779 892">
    <p class='ocr_par' dir='ltr' id='par_1_37' title="bbox 2209 819 3779 892">
     <span class='ocr_line' id='line_1_37' title="bbox 2209 819 3779 892; baseline 0 -18"><span class='ocrx_word' id='word_1_238' title='bbox 2209 819 2631 891; x_wconf 82' lang='grc' dir='ltr'>τυφλώττουσιν.</span> <span class='ocrx_word' id='word_1_239' title='bbox 2671 820 2886 887; x_wconf 80' lang='grc' dir='ltr'>Ἔξεστι</span> <span class='ocrx_word' id='word_1_240' title='bbox 2932 822 3041 892; x_wconf 85' lang='grc' dir='ltr'>γὰρ</span> <span class='ocrx_word' id='word_1_241' title='bbox 3086 820 3179 875; x_wconf 80' lang='grc' dir='ltr'>τοῦ</span> <span class='ocrx_word' id='word_1_242' title='bbox 3222 821 3443 874; x_wconf 78' lang='grc' dir='ltr'>ἐκείνων</span> <span class='ocrx_word' id='word_1_243' title='bbox 3480 820 3634 884; x_wconf 75' lang='grc' dir='ltr'>ἔθους</span> <span class='ocrx_word' id='word_1_244' title='bbox 3673 819 3779 891; x_wconf 77' lang='grc'>(65)</span> 
     </span>
    </p>
   </div>
   <div class='ocr_carea' id='block_1_38' title="bbox 2214 911 3779 987">
    <p class='ocr_par' dir='ltr' id='par_1_38' title="bbox 2214 911 3779 987">
     <span class='ocr_line' id='line_1_38' title="bbox 2214 911 3779 987; baseline -0.002 -20"><span class='ocrx_word' id='word_1_245' title='bbox 2214 914 2607 985; x_wconf 81' lang='grc' dir='ltr'>ἀποϐληθέντος</span> <span class='ocrx_word' id='word_1_246' title='bbox 2626 955 2642 979; x_wconf 86' lang='grc'><strong>,</strong></span> <span class='ocrx_word' id='word_1_247' title='bbox 2674 914 3009 987; x_wconf 76' lang='grc' dir='ltr'>ἀληθεστέρα</span> <span class='ocrx_word' id='word_1_248' title='bbox 3034 914 3218 979; x_wconf 82' lang='grc' dir='ltr'>τάξει,</span> <span class='ocrx_word' id='word_1_249' title='bbox 3246 915 3311 985; x_wconf 77' lang='grc' dir='ltr'><strong>ῆν</strong></span> <span class='ocrx_word' id='word_1_250' title='bbox 3341 914 3404 966; x_wconf 84' lang='grc' dir='ltr'>ὲκ</span> <span class='ocrx_word' id='word_1_251' title='bbox 3433 911 3655 985; x_wconf 83' lang='grc' dir='ltr'><strong>πρώτης</strong></span> <span class='ocrx_word' id='word_1_252' title='bbox 3687 911 3779 965; x_wconf 82' lang='grc' dir='ltr'>τοῦ</span> 
     </span>
    </p>
   </div>
   <div class='ocr_carea' id='block_1_39' title="bbox 2212 1005 3783 1079">
    <p class='ocr_par' dir='ltr' id='par_1_39' title="bbox 2212 1005 3783 1079">
     <span class='ocr_line' id='line_1_39' title="bbox 2212 1005 3783 1079; baseline -0.001 -19"><span class='ocrx_word' id='word_1_253' title='bbox 2212 1006 2417 1070; x_wconf 82' lang='grc' dir='ltr'>πάθους</span> <span class='ocrx_word' id='word_1_254' title='bbox 2444 1007 2653 1079; x_wconf 78' lang='grc' dir='ltr'>ἡμέρας</span> <span class='ocrx_word' id='word_1_255' title='bbox 2677 1007 2807 1079; x_wconf 78' lang='grc' dir='ltr'>ἄχρι</span> <span class='ocrx_word' id='word_1_256' title='bbox 2852 1007 2946 1061; x_wconf 80' lang='grc' dir='ltr'>τοῦ</span> <span class='ocrx_word' id='word_1_257' title='bbox 2972 1007 3237 1077; x_wconf 80' lang='grc' dir='ltr'>παρόντος</span> <span class='ocrx_word' id='word_1_258' title='bbox 3267 1005 3611 1076; x_wconf 76' lang='grc' dir='ltr'>ἐφυλάξαμςν</span> <span class='ocrx_word' id='word_1_259' title='bbox 3631 1045 3645 1070; x_wconf 92' lang='grc'><strong>,</strong></span> <span class='ocrx_word' id='word_1_260' title='bbox 3690 1005 3783 1058; x_wconf 79' lang='grc' dir='ltr'><strong>καὶ</strong></span> 
     </span>
    </p>
   </div>
   <div class='ocr_carea' id='block_1_40' title="bbox 2212 1097 3781 1169">
    <p class='ocr_par' dir='ltr' id='par_1_40' title="bbox 2212 1097 3781 1169">
     <span class='ocr_line' id='line_1_40' title="bbox 2212 1097 3781 1169; baseline -0.002 -19"><span class='ocrx_word' id='word_1_261' title='bbox 2212 1098 2307 1151; x_wconf 75' lang='grc' dir='ltr'><strong>ἐπὶ</strong></span> <span class='ocrx_word' id='word_1_262' title='bbox 2350 1100 2476 1162; x_wconf 81' lang='grc' dir='ltr'>τοὺς</span> <span class='ocrx_word' id='word_1_263' title='bbox 2534 1098 2826 1169; x_wconf 87' lang='grc' dir='ltr'>μέλλοντας</span> <span class='ocrx_word' id='word_1_264' title='bbox 2868 1099 3071 1161; x_wconf 85' lang='grc' dir='ltr'>αίῶνας</span> <span class='ocrx_word' id='word_1_265' title='bbox 3118 1099 3218 1169; x_wconf 79' lang='grc' dir='ltr'><strong>τὴν</strong></span> <span class='ocrx_word' id='word_1_266' title='bbox 3268 1097 3369 1166; x_wconf 80' lang='grc' dir='ltr'><strong>τῆς</strong></span> <span class='ocrx_word' id='word_1_267' title='bbox 3408 1097 3781 1168; x_wconf 83' lang='grc' dir='ltr'>ἐπιτηρήσεως</span> 
     </span>
    </p>
   </div>
   <div class='ocr_carea' id='block_1_41' title="bbox 2213 1183 3784 1262">
    <p class='ocr_par' dir='ltr' id='par_1_41' title="bbox 2213 1183 3784 1262">
     <span class='ocr_line' id='line_1_41' title="bbox 2213 1183 3784 1262; baseline -0.001 -20"><span class='ocrx_word' id='word_1_268' title='bbox 2213 1189 2415 1261; x_wconf 79' lang='grc' dir='ltr'>ταύτης</span> <span class='ocrx_word' id='word_1_269' title='bbox 2441 1189 2833 1262; x_wconf 80' lang='grc' dir='ltr'>συμπλήρωσιν</span> <span class='ocrx_word' id='word_1_270' title='bbox 2858 1183 3213 1243; x_wconf 83' lang='grc' dir='ltr'>ἐκτείνεσθαι.</span> <span class='ocrx_word' id='word_1_271' title='bbox 3240 1188 3419 1259; x_wconf 81' lang='grc' dir='ltr'>Μηδὲν</span> <span class='ocrx_word' id='word_1_272' title='bbox 3440 1188 3616 1242; x_wconf 79' lang='grc' dir='ltr'>τοίνυν</span> <span class='ocrx_word' id='word_1_273' title='bbox 3644 1187 3784 1240; x_wconf 73' lang='grc' dir='ltr'>ἔστω</span> 
     </span>
    </p>
   </div>
   <div class='ocr_carea' id='block_1_42' title="bbox 2213 1276 3781 1350">
    <p class='ocr_par' dir='ltr' id='par_1_42' title="bbox 2213 1276 3781 1350">
     <span class='ocr_line' id='line_1_42' title="bbox 2213 1276 3781 1350; baseline 0 -19"><span class='ocrx_word' id='word_1_274' title='bbox 2213 1280 2345 1349; x_wconf 77' lang='grc' dir='ltr'>ἡμῖν</span> <span class='ocrx_word' id='word_1_275' title='bbox 2376 1277 2551 1333; x_wconf 80' lang='grc' dir='ltr'>κοινὸν</span> <span class='ocrx_word' id='word_1_276' title='bbox 2589 1280 2727 1350; x_wconf 85' lang='grc' dir='ltr'>μετὰ</span> <span class='ocrx_word' id='word_1_277' title='bbox 2753 1278 2844 1333; x_wconf 79' lang='grc' dir='ltr'>τοῦ</span> <span class='ocrx_word' id='word_1_278' title='bbox 2886 1278 3133 1349; x_wconf 75' lang='grc' dir='ltr'>ἐχθίστου</span> <span class='ocrx_word' id='word_1_279' title='bbox 3163 1278 3270 1331; x_wconf 78' lang='grc' dir='ltr'><strong>τῶν</strong></span> <span class='ocrx_word' id='word_1_280' title='bbox 3311 1276 3575 1331; x_wconf 84' lang='grc' dir='ltr'>Ἰουδαίων</span> <span class='ocrx_word' id='word_1_281' title='bbox 3600 1276 3781 1347; x_wconf 69' lang='grc' dir='ltr'>ὄχλου.</span> 
     </span>
    </p>
   </div>
   <div class='ocr_carea' id='block_1_43' title="bbox 2210 1368 3779 1443">
    <p class='ocr_par' dir='ltr' id='par_1_43' title="bbox 2210 1368 3779 1443">
     <span class='ocr_line' id='line_1_43' title="bbox 2210 1368 3779 1443; baseline -0.002 -20"><span class='ocrx_word' id='word_1_282' title='bbox 2210 1370 2523 1443; x_wconf 81' lang='grc' dir='ltr'>Είλήφαμεν</span> <span class='ocrx_word' id='word_1_283' title='bbox 2572 1371 2677 1443; x_wconf 85' lang='grc' dir='ltr'>γὰρ</span> <span class='ocrx_word' id='word_1_284' title='bbox 2723 1370 2875 1442; x_wconf 81' lang='grc' dir='ltr'>παρὰ</span> <span class='ocrx_word' id='word_1_285' title='bbox 2927 1371 3020 1424; x_wconf 82' lang='grc' dir='ltr'>τοῦ</span> <span class='ocrx_word' id='word_1_286' title='bbox 3078 1370 3328 1441; x_wconf 83' lang='grc' dir='ltr'>Σωτῆρος</span> <span class='ocrx_word' id='word_1_287' title='bbox 3386 1369 3499 1423; x_wconf 87' lang='grc' dir='ltr'>ὁδὸν</span> <span class='ocrx_word' id='word_1_288' title='bbox 3555 1368 3779 1441; x_wconf 77' lang='grc' dir='ltr'>ἐτέρανο</span> 
     </span>
    </p>
   </div>
   <div class='ocr_carea' id='block_1_44' title="bbox 2213 1460 3787 1536">
    <p class='ocr_par' dir='ltr' id='par_1_44' title="bbox 2213 1460 3787 1536">
     <span class='ocr_line' id='line_1_44' title="bbox 2213 1460 3787 1536; baseline -0.002 -19"><span class='ocrx_word' id='word_1_289' title='bbox 2213 1464 2499 1533; x_wconf 84' lang='grc' dir='ltr'>πρόκειται</span> <span class='ocrx_word' id='word_1_290' title='bbox 2543 1464 2740 1536; x_wconf 81' lang='grc' dir='ltr'>δρόμος</span> <span class='ocrx_word' id='word_1_291' title='bbox 2777 1466 2844 1535; x_wconf 81' lang='grc' dir='ltr'>τῇ</span> <span class='ocrx_word' id='word_1_292' title='bbox 2893 1464 3157 1536; x_wconf 75' lang='grc' dir='ltr'>ἱερωτάτη</span> <span class='ocrx_word' id='word_1_293' title='bbox 3189 1461 3349 1533; x_wconf 82' lang='grc' dir='ltr'>ἡμῶν</span> <span class='ocrx_word' id='word_1_294' title='bbox 3386 1461 3651 1533; x_wconf 83' lang='grc' dir='ltr'>θρησκείᾳ</span> <span class='ocrx_word' id='word_1_295' title='bbox 3687 1460 3787 1515; x_wconf 73' lang='grc' dir='ltr'><strong>καὶ</strong></span> 
     </span>
    </p>
   </div>
   <div class='ocr_carea' id='block_1_45' title="bbox 2209 1550 3783 1625">
    <p class='ocr_par' dir='ltr' id='par_1_45' title="bbox 2209 1550 3783 1625">
     <span class='ocr_line' id='line_1_45' title="bbox 2209 1550 3783 1625; baseline -0.003 -17"><span class='ocrx_word' id='word_1_296' title='bbox 2209 1556 2437 1625; x_wconf 80' lang='grc' dir='ltr'>νόμιμος</span> <span class='ocrx_word' id='word_1_297' title='bbox 2481 1555 2575 1607; x_wconf 74' lang='grc' dir='ltr'><strong>καὶ</strong></span> <span class='ocrx_word' id='word_1_298' title='bbox 2608 1554 2832 1625; x_wconf 80' lang='grc' dir='ltr'>πρέπων</span> <span class='ocrx_word' id='word_1_299' title='bbox 2878 1552 3011 1623; x_wconf 69' lang='grc'>(64).</span> <span class='ocrx_word' id='word_1_300' title='bbox 3054 1552 3253 1606; x_wconf 78' lang='grc' dir='ltr'>Τούτου</span> <span class='ocrx_word' id='word_1_301' title='bbox 3296 1550 3599 1623; x_wconf 80' lang='grc' dir='ltr'>συμφώνως</span> <span class='ocrx_word' id='word_1_302' title='bbox 3637 1551 3783 1603; x_wconf 81' lang='grc' dir='ltr'>ἀντι-</span> 
     </span>
    </p>
   </div>
   <div class='ocr_carea' id='block_1_46' title="bbox 2207 1642 3784 1717">
    <p class='ocr_par' dir='ltr' id='par_1_46' title="bbox 2207 1642 3784 1717">
     <span class='ocr_line' id='line_1_46' title="bbox 2207 1642 3784 1717; baseline -0.002 -19"><span class='ocrx_word' id='word_1_303' title='bbox 2207 1644 2627 1717; x_wconf 76' lang='grc' dir='ltr'>λαμϐανόμενοι,</span> <span class='ocrx_word' id='word_1_304' title='bbox 2657 1645 2757 1715; x_wconf 82' lang='grc' dir='ltr'><strong>τῆς</strong></span> <span class='ocrx_word' id='word_1_305' title='bbox 2784 1645 3013 1715; x_wconf 83' lang='grc' dir='ltr'>αἰσχρᾶς</span> <span class='ocrx_word' id='word_1_306' title='bbox 3039 1644 3251 1716; x_wconf 87' lang='grc' dir='ltr'>ἐκείνης</span> <span class='ocrx_word' id='word_1_307' title='bbox 3286 1642 3510 1705; x_wconf 78' lang='grc' dir='ltr'>ἑαυτοὺς</span> <span class='ocrx_word' id='word_1_308' title='bbox 3545 1642 3784 1713; x_wconf 81' lang='grc' dir='ltr'>συνειδή-</span> 
     </span>
    </p>
   </div>
   <div class='ocr_carea' id='block_1_47' title="bbox 2211 1732 3783 1807">
    <p class='ocr_par' dir='ltr' id='par_1_47' title="bbox 2211 1732 3783 1807">
     <span class='ocr_line' id='line_1_47' title="bbox 2211 1732 3783 1807; baseline -0.001 -18"><span class='ocrx_word' id='word_1_309' title='bbox 2211 1752 2350 1799; x_wconf 88' lang='grc' dir='ltr'>σεως</span> <span class='ocrx_word' id='word_1_310' title='bbox 2392 1734 2502 1807; x_wconf 79' lang='grc'>(65)</span> <span class='ocrx_word' id='word_1_311' title='bbox 2548 1734 2954 1806; x_wconf 83' lang='grc' dir='ltr'>ἀποσπάσωμεν</span> <span class='ocrx_word' id='word_1_312' title='bbox 2976 1776 2992 1801; x_wconf 87' lang='grc'><strong>,</strong></span> <span class='ocrx_word' id='word_1_313' title='bbox 3021 1734 3236 1804; x_wconf 76' lang='grc' dir='ltr'>ἀδελφοὶ</span> <span class='ocrx_word' id='word_1_314' title='bbox 3263 1732 3595 1803; x_wconf 82' lang='grc' dir='ltr'>τιμιώτατοι.</span> <span class='ocrx_word' id='word_1_315' title='bbox 3628 1734 3783 1788; x_wconf 78' lang='grc' dir='ltr'>Ἐστι.</span> 
     </span>
    </p>
   </div>
   <div class='ocr_carea' id='block_1_48' title="bbox 2209 1825 3781 1902">
    <p class='ocr_par' dir='ltr' id='par_1_48' title="bbox 2209 1825 3781 1902">
     <span class='ocr_line' id='line_1_48' title="bbox 2209 1825 3781 1902; baseline -0.004 -18"><span class='ocrx_word' id='word_1_316' title='bbox 2209 1831 2318 1902; x_wconf 83' lang='grc' dir='ltr'>γὰρ</span> <span class='ocrx_word' id='word_1_317' title='bbox 2355 1830 2431 1895; x_wconf 87' lang='grc' dir='ltr'>ὡς</span> <span class='ocrx_word' id='word_1_318' title='bbox 2477 1829 2693 1901; x_wconf 82' lang='grc' dir='ltr'>ἀληθῶς</span> <span class='ocrx_word' id='word_1_319' title='bbox 2736 1827 3117 1895; x_wconf 84' lang='grc' dir='ltr'>ἀτοπώτατον,</span> <span class='ocrx_word' id='word_1_320' title='bbox 3169 1828 3408 1893; x_wconf 80' lang='grc' dir='ltr'>ἐκείνους</span> <span class='ocrx_word' id='word_1_321' title='bbox 3454 1828 3666 1898; x_wconf 78' lang='grc' dir='ltr'>αὐχεῖν,</span> <span class='ocrx_word' id='word_1_322' title='bbox 3705 1825 3781 1888; x_wconf 83' lang='grc' dir='ltr'>ὡς</span> 
     </span>
    </p>
   </div>
   <div class='ocr_carea' id='block_1_49' title="bbox 2208 1918 3781 1993">
    <p class='ocr_par' dir='ltr' id='par_1_49' title="bbox 2208 1918 3781 1993">
     <span class='ocr_line' id='line_1_49' title="bbox 2208 1918 3781 1993; baseline -0.002 -18"><span class='ocrx_word' id='word_1_323' title='bbox 2208 1921 2315 1993; x_wconf 76' lang='grc' dir='ltr'>ἄρα</span> <span class='ocrx_word' id='word_1_324' title='bbox 2344 1920 2615 1992; x_wconf 83' lang='grc' dir='ltr'>παρεκτὸς</span> <span class='ocrx_word' id='word_1_325' title='bbox 2650 1920 2750 1991; x_wconf 78' lang='grc' dir='ltr'><strong>τῆς</strong></span> <span class='ocrx_word' id='word_1_326' title='bbox 2788 1920 2965 1974; x_wconf 82' lang='grc' dir='ltr'>αὐτῶν</span> <span class='ocrx_word' id='word_1_327' title='bbox 2990 1919 3336 1982; x_wconf 82' lang='grc' dir='ltr'>διδασκαλίας</span> <span class='ocrx_word' id='word_1_328' title='bbox 3372 1918 3544 1972; x_wconf 78' lang='grc' dir='ltr'>ταῦτα</span> <span class='ocrx_word' id='word_1_329' title='bbox 3580 1918 3781 1989; x_wconf 80' lang='grc' dir='ltr'>φυλάτ-</span> 
     </span>
    </p>
   </div>
   <div class='ocr_carea' id='block_1_50' title="bbox 2209 2009 3782 2083">
    <p class='ocr_par' dir='ltr' id='par_1_50' title="bbox 2209 2009 3782 2083">
     <span class='ocr_line' id='line_1_50' title="bbox 2209 2009 3782 2083; baseline -0.001 -19"><span class='ocrx_word' id='word_1_330' title='bbox 2209 2029 2320 2065; x_wconf 87' lang='grc' dir='ltr'>τειν</span> <span class='ocrx_word' id='word_1_331' title='bbox 2351 2012 2451 2066; x_wconf 87' lang='grc' dir='ltr'><strong>οὑκ</strong></span> <span class='ocrx_word' id='word_1_332' title='bbox 2477 2012 2667 2083; x_wconf 84' lang='grc' dir='ltr'>είημεν</span> <span class='ocrx_word' id='word_1_333' title='bbox 2702 2010 2899 2065; x_wconf 90' lang='grc' dir='ltr'>ίκανοί.</span> <span class='ocrx_word' id='word_1_334' title='bbox 2948 2011 3013 2064; x_wconf 90' lang='grc' dir='ltr'>Τί</span> <span class='ocrx_word' id='word_1_335' title='bbox 3056 2011 3112 2064; x_wconf 84' lang='grc' dir='ltr'><strong>δὲ</strong></span> <span class='ocrx_word' id='word_1_336' title='bbox 3151 2013 3366 2083; x_wconf 84' lang='grc' dir='ltr'>φρονεῖν</span> <span class='ocrx_word' id='word_1_337' title='bbox 3395 2009 3552 2083; x_wconf 81' lang='grc' dir='ltr'>ὀρθὸν</span> <span class='ocrx_word' id='word_1_338' title='bbox 3586 2012 3782 2063; x_wconf 81' lang='grc' dir='ltr'>ἐκεῖνοι</span> 
     </span>
    </p>
   </div>
   <div class='ocr_carea' id='block_1_51' title="bbox 2208 2100 3783 2173">
    <p class='ocr_par' dir='ltr' id='par_1_51' title="bbox 2208 2100 3783 2173">
     <span class='ocr_line' id='line_1_51' title="bbox 2208 2100 3783 2173; baseline -0.001 -19"><span class='ocrx_word' id='word_1_339' title='bbox 2208 2102 2552 2171; x_wconf 86' lang='grc' dir='ltr'>δυνήσονται,</span> <span class='ocrx_word' id='word_1_340' title='bbox 2578 2102 2626 2155; x_wconf 76' lang='grc' dir='ltr'>οἳ</span> <span class='ocrx_word' id='word_1_341' title='bbox 2663 2101 2801 2173; x_wconf 82' lang='grc' dir='ltr'>μετὰ</span> <span class='ocrx_word' id='word_1_342' title='bbox 2839 2100 2938 2173; x_wconf 80' lang='grc' dir='ltr'>τὴν</span> <span class='ocrx_word' id='word_1_343' title='bbox 2972 2100 3343 2173; x_wconf 85' lang='grc' dir='ltr'>κυριοκτονίαν</span> <span class='ocrx_word' id='word_1_344' title='bbox 3370 2118 3429 2155; x_wconf 89' lang='grc' dir='ltr'><strong>τε</strong></span> <span class='ocrx_word' id='word_1_345' title='bbox 3459 2102 3555 2155; x_wconf 79' lang='grc' dir='ltr'>καὶ</span> <span class='ocrx_word' id='word_1_346' title='bbox 3583 2118 3783 2172; x_wconf 90' lang='grc' dir='ltr'>πατρο-</span> 
     </span>
    </p>
   </div>
   <div class='ocr_carea' id='block_1_52' title="bbox 2211 2192 3783 2266">
    <p class='ocr_par' dir='ltr' id='par_1_52' title="bbox 2211 2192 3783 2266">
     <span class='ocr_line' id='line_1_52' title="bbox 2211 2192 3783 2266; baseline -0.001 -19"><span class='ocrx_word' id='word_1_347' title='bbox 2211 2193 2426 2248; x_wconf 83' lang='grc' dir='ltr'>κτονίαν</span> <span class='ocrx_word' id='word_1_348' title='bbox 2465 2194 2678 2266; x_wconf 83' lang='grc' dir='ltr'>ἐκείνην</span> <span class='ocrx_word' id='word_1_349' title='bbox 2721 2193 3011 2257; x_wconf 88' lang='grc' dir='ltr'>ἐκστάντες</span> <span class='ocrx_word' id='word_1_350' title='bbox 3047 2192 3153 2247; x_wconf 80' lang='grc' dir='ltr'><strong>τῶν</strong></span> <span class='ocrx_word' id='word_1_351' title='bbox 3196 2192 3428 2264; x_wconf 83' lang='grc' dir='ltr'>φρενῶν,</span> <span class='ocrx_word' id='word_1_352' title='bbox 3470 2193 3693 2262; x_wconf 78' lang='grc' dir='ltr'>ἄγονται</span> <span class='ocrx_word' id='word_1_353' title='bbox 3721 2193 3783 2246; x_wconf 85' lang='grc' dir='ltr'><strong>οὑ</strong></span> 
     </span>
    </p>
   </div>
   <div class='ocr_carea' id='block_1_53' title="bbox 2210 2285 3787 2359">
    <p class='ocr_par' dir='ltr' id='par_1_53' title="bbox 2210 2285 3787 2359">
     <span class='ocr_line' id='line_1_53' title="bbox 2210 2285 3787 2359; baseline 0 -20"><span class='ocrx_word' id='word_1_354' title='bbox 2210 2286 2454 2358; x_wconf 78' lang='grc' dir='ltr'>λογισμῷ</span> <span class='ocrx_word' id='word_1_355' title='bbox 2485 2303 2624 2351; x_wconf 89' lang='grc' dir='ltr'>τινι,</span> <span class='ocrx_word' id='word_1_356' title='bbox 2652 2286 2765 2339; x_wconf 82' lang='grc' dir='ltr'>ἀλλ’</span> <span class='ocrx_word' id='word_1_357' title='bbox 2796 2286 2938 2359; x_wconf 83' lang='grc' dir='ltr'>ὁρμῇ</span> <span class='ocrx_word' id='word_1_358' title='bbox 2976 2285 3350 2356; x_wconf 82' lang='grc' dir='ltr'>ἁκατασχέτῳ,</span> <span class='ocrx_word' id='word_1_359' title='bbox 3377 2286 3499 2340; x_wconf 84' lang='grc' dir='ltr'>ὅποι</span> <span class='ocrx_word' id='word_1_360' title='bbox 3526 2285 3568 2339; x_wconf 80' lang='grc' dir='ltr'>δ’</span> <span class='ocrx_word' id='word_1_361' title='bbox 3598 2286 3666 2340; x_wconf 81' lang='grc' dir='ltr'><strong>ἂν</strong></span> <span class='ocrx_word' id='word_1_362' title='bbox 3690 2285 3787 2339; x_wconf 76' lang='grc' dir='ltr'>αὐ-</span> 
     </span>
    </p>
   </div>
   <div class='ocr_carea' id='block_1_54' title="bbox 2209 2373 3785 2451">
    <p class='ocr_par' dir='ltr' id='par_1_54' title="bbox 2209 2373 3785 2451">
     <span class='ocr_line' id='line_1_54' title="bbox 2209 2373 3785 2451; baseline -0.001 -19"><span class='ocrx_word' id='word_1_363' title='bbox 2209 2380 2337 2443; x_wconf 82' lang='grc' dir='ltr'>τοὺς</span> <span class='ocrx_word' id='word_1_364' title='bbox 2382 2380 2415 2450; x_wconf 81' lang='grc' dir='ltr'>ἡ</span> <span class='ocrx_word' id='word_1_365' title='bbox 2460 2378 2697 2449; x_wconf 77' lang='grc' dir='ltr'>ἔμφυτος</span> <span class='ocrx_word' id='word_1_366' title='bbox 2739 2379 2917 2434; x_wconf 78' lang='grc' dir='ltr'>αὐτῶν</span> <span class='ocrx_word' id='word_1_367' title='bbox 2954 2378 3137 2451; x_wconf 79' lang='grc' dir='ltr'>ἀγάγῃ</span> <span class='ocrx_word' id='word_1_368' title='bbox 3182 2381 3364 2451; x_wconf 86' lang='grc' dir='ltr'>μανία.</span> <span class='ocrx_word' id='word_1_369' title='bbox 3418 2379 3656 2433; x_wconf 85' lang='grc' dir='ltr'>Ἐκεῖθεν</span> <span class='ocrx_word' id='word_1_370' title='bbox 3690 2373 3785 2433; x_wconf 82' lang='grc' dir='ltr'><strong>οὖν</strong></span> 
     </span>
    </p>
   </div>
   <div class='ocr_carea' id='block_1_55' title="bbox 2210 2456 3781 2543">
    <p class='ocr_par' dir='ltr' id='par_1_55' title="bbox 2210 2456 3781 2543">
     <span class='ocr_line' id='line_1_55' title="bbox 2210 2456 3781 2543; baseline -0.001 -20"><span class='ocrx_word' id='word_1_371' title='bbox 2210 2471 2388 2523; x_wconf 87' lang='grc' dir='ltr'>τοίνυν</span> <span class='ocrx_word' id='word_1_372' title='bbox 2421 2472 2523 2525; x_wconf 87' lang='grc' dir='ltr'><strong>κάν</strong></span> <span class='ocrx_word' id='word_1_373' title='bbox 2549 2470 2722 2543; x_wconf 88' lang='grc' dir='ltr'>τούτῳ</span> <span class='ocrx_word' id='word_1_374' title='bbox 2748 2470 2828 2541; x_wconf 82' lang='grc' dir='ltr'>τῷ</span> <span class='ocrx_word' id='word_1_375' title='bbox 2857 2470 3011 2543; x_wconf 88' lang='grc' dir='ltr'>μέρει</span> <span class='ocrx_word' id='word_1_376' title='bbox 3042 2470 3139 2542; x_wconf 81' lang='grc' dir='ltr'><strong>τὴν</strong></span> <span class='ocrx_word' id='word_1_377' title='bbox 3164 2471 3417 2543; x_wconf 84' lang='grc' dir='ltr'>ἀλήθειαν</span> <span class='ocrx_word' id='word_1_378' title='bbox 3444 2456 3541 2540; x_wconf 86' lang='grc' dir='ltr'><strong>οὑχ</strong></span> <span class='ocrx_word' id='word_1_379' title='bbox 3563 2468 3781 2542; x_wconf 82' lang='grc' dir='ltr'>ὁρῶσιν,</span> 
     </span>
    </p>
   </div>
   <div class='ocr_carea' id='block_1_56' title="bbox 2211 2561 3783 2633">
    <p class='ocr_par' dir='ltr' id='par_1_56' title="bbox 2211 2561 3783 2633">
     <span class='ocr_line' id='line_1_56' title="bbox 2211 2561 3783 2633; baseline -0.001 -18"><span class='ocrx_word' id='word_1_380' title='bbox 2211 2563 2287 2627; x_wconf 83' lang='grc' dir='ltr'><strong>ὡς</strong></span> <span class='ocrx_word' id='word_1_381' title='bbox 2327 2562 2390 2632; x_wconf 84' lang='grc' dir='ltr'>δὴ</span> <span class='ocrx_word' id='word_1_382' title='bbox 2431 2561 2574 2617; x_wconf 86' lang='grc' dir='ltr'>κατὰ</span> <span class='ocrx_word' id='word_1_383' title='bbox 2617 2563 2679 2617; x_wconf 88' lang='grc' dir='ltr'><strong>τὸ</strong></span> <span class='ocrx_word' id='word_1_384' title='bbox 2720 2562 2968 2618; x_wconf 78' lang='grc' dir='ltr'>πλεῖστον</span> <span class='ocrx_word' id='word_1_385' title='bbox 3021 2564 3215 2627; x_wconf 71' lang='grc' dir='ltr'>αὐτοὺς</span> <span class='ocrx_word' id='word_1_386' title='bbox 3256 2563 3640 2633; x_wconf 79' lang='grc' dir='ltr'>πλανωμένους</span> <span class='ocrx_word' id='word_1_387' title='bbox 3685 2562 3783 2632; x_wconf 83' lang='grc' dir='ltr'>τῆς</span> 
     </span>
    </p>
   </div>
   <div class='ocr_carea' id='block_1_57' title="bbox 2212 2652 3785 2727">
    <p class='ocr_par' dir='ltr' id='par_1_57' title="bbox 2212 2652 3785 2727">
     <span class='ocr_line' id='line_1_57' title="bbox 2212 2652 3785 2727; baseline 0.001 -20"><span class='ocrx_word' id='word_1_388' title='bbox 2212 2653 2596 2727; x_wconf 80' lang='grc' dir='ltr'>προσηκούσης</span> <span class='ocrx_word' id='word_1_389' title='bbox 2629 2653 3050 2727; x_wconf 76' lang='grc' dir='ltr'>ἐπανορθώσεως</span> <span class='ocrx_word' id='word_1_390' title='bbox 3080 2654 3214 2723; x_wconf 84' lang='grc'>(66),</span> <span class='ocrx_word' id='word_1_391' title='bbox 3244 2653 3320 2725; x_wconf 81' lang='grc' dir='ltr'>τῷ</span> <span class='ocrx_word' id='word_1_392' title='bbox 3346 2652 3493 2719; x_wconf 80' lang='grc' dir='ltr'>αὐτῷ</span> <span class='ocrx_word' id='word_1_393' title='bbox 3527 2654 3635 2708; x_wconf 75' lang='grc' dir='ltr'>ἔτει</span> <span class='ocrx_word' id='word_1_394' title='bbox 3666 2652 3785 2708; x_wconf 81' lang='grc' dir='ltr'>δεύ-</span> 
     </span>
    </p>
   </div>
   <div class='ocr_carea' id='block_1_58' title="bbox 2210 2737 3785 2821">
    <p class='ocr_par' dir='ltr' id='par_1_58' title="bbox 2210 2737 3785 2821">
     <span class='ocr_line' id='line_1_58' title="bbox 2210 2737 3785 2821; baseline -0.001 -20"><span class='ocrx_word' id='word_1_395' title='bbox 2210 2765 2366 2820; x_wconf 86' lang='grc' dir='ltr'>τερον</span> <span class='ocrx_word' id='word_1_396' title='bbox 2394 2747 2457 2801; x_wconf 83' lang='grc' dir='ltr'>τὸ</span> <span class='ocrx_word' id='word_1_397' title='bbox 2485 2749 2675 2819; x_wconf 85' lang='grc' dir='ltr'>Πάσχα</span> <span class='ocrx_word' id='word_1_398' title='bbox 2696 2747 2963 2803; x_wconf 85' lang='grc' dir='ltr'>ἐπιτελεῖν</span> <span class='ocrx_word' id='word_1_399' title='bbox 2989 2748 3120 2819; x_wconf 89' lang='grc'>(67),</span> <span class='ocrx_word' id='word_1_400' title='bbox 3150 2737 3303 2811; x_wconf 86' lang='grc' dir='ltr'>Τίνος</span> <span class='ocrx_word' id='word_1_401' title='bbox 3332 2748 3492 2821; x_wconf 80' lang='grc' dir='ltr'>χάριν</span> <span class='ocrx_word' id='word_1_402' title='bbox 3522 2746 3633 2819; x_wconf 86' lang='grc'>(68)</span> <span class='ocrx_word' id='word_1_403' title='bbox 3665 2745 3785 2800; x_wconf 61' lang='grc' dir='ltr'>τού.</span> 
     </span>
    </p>
   </div>
   <div class='ocr_carea' id='block_1_59' title="bbox 2211 2840 3781 2913">
    <p class='ocr_par' dir='ltr' id='par_1_59' title="bbox 2211 2840 3781 2913">
     <span class='ocr_line' id='line_1_59' title="bbox 2211 2840 3781 2913; baseline -0.002 -18"><span class='ocrx_word' id='word_1_404' title='bbox 2211 2858 2324 2906; x_wconf 85' lang='grc' dir='ltr'>τοις</span> <span class='ocrx_word' id='word_1_405' title='bbox 2354 2840 2616 2913; x_wconf 82' lang='grc' dir='ltr'>ἑπόμεθα,</span> <span class='ocrx_word' id='word_1_406' title='bbox 2651 2840 2745 2905; x_wconf 81' lang='grc' dir='ltr'><strong>οὓς</strong></span> <span class='ocrx_word' id='word_1_407' title='bbox 2773 2840 2950 2912; x_wconf 83' lang='grc' dir='ltr'>δεινὴν</span> <span class='ocrx_word' id='word_1_408' title='bbox 2980 2840 3187 2911; x_wconf 80' lang='grc' dir='ltr'>πλάνην</span> <span class='ocrx_word' id='word_1_409' title='bbox 3212 2842 3383 2894; x_wconf 87' lang='grc' dir='ltr'>νοσεῖν</span> <span class='ocrx_word' id='word_1_410' title='bbox 3407 2840 3781 2911; x_wconf 74' lang='grc' dir='ltr'>ὡμολόγηταις</span> 
     </span>
    </p>
   </div>
   <div class='ocr_carea' id='block_1_60' title="bbox 2213 2928 3784 3004">
    <p class='ocr_par' dir='ltr' id='par_1_60' title="bbox 2213 2928 3784 3004">
     <span class='ocr_line' id='line_1_60' title="bbox 2213 2928 3784 3004; baseline -0.001 -19"><span class='ocrx_word' id='word_1_411' title='bbox 2213 2932 2473 3004; x_wconf 86' lang='grc' dir='ltr'>Δεύτερον</span> <span class='ocrx_word' id='word_1_412' title='bbox 2497 2932 2606 3004; x_wconf 86' lang='grc' dir='ltr'>γὰρ</span> <span class='ocrx_word' id='word_1_413' title='bbox 2636 2930 2713 3003; x_wconf 83' lang='grc' dir='ltr'>τῷ</span> <span class='ocrx_word' id='word_1_414' title='bbox 2740 2933 2821 2985; x_wconf 76' lang='grc' dir='ltr'>ἐνὶ</span> <span class='ocrx_word' id='word_1_415' title='bbox 2840 2931 3071 3003; x_wconf 77' lang='grc' dir='ltr'>ἐνιαυτῷ</span> <span class='ocrx_word' id='word_1_416' title='bbox 3096 2933 3196 2987; x_wconf 88' lang='grc' dir='ltr'><strong>οὑκ</strong></span> <span class='ocrx_word' id='word_1_417' title='bbox 3220 2933 3284 2986; x_wconf 84' lang='grc' dir='ltr'><strong>άν</strong></span> <span class='ocrx_word' id='word_1_418' title='bbox 3314 2949 3447 2985; x_wconf 85' lang='grc' dir='ltr'>ποτε</span> <span class='ocrx_word' id='word_1_419' title='bbox 3484 2928 3656 2985; x_wconf 81' lang='grc' dir='ltr'>ποιεῖν</span> <span class='ocrx_word' id='word_1_420' title='bbox 3691 2934 3784 2986; x_wconf 84' lang='grc' dir='ltr'><strong>ἀν-</strong></span> 
     </span>
    </p>
   </div>
   <div class='ocr_carea' id='block_1_61' title="bbox 2212 3023 3783 3096">
    <p class='ocr_par' dir='ltr' id='par_1_61' title="bbox 2212 3023 3783 3096">
     <span class='ocr_line' id='line_1_61' title="bbox 2212 3023 3783 3096; baseline 0 -18"><span class='ocrx_word' id='word_1_421' title='bbox 2212 3023 2468 3095; x_wconf 85' lang='grc' dir='ltr'>εξόμεθα.</span> <span class='ocrx_word' id='word_1_422' title='bbox 2514 3023 2649 3077; x_wconf 83' lang='grc' dir='ltr'>Ἀλλ’</span> <span class='ocrx_word' id='word_1_423' title='bbox 2684 3025 2733 3077; x_wconf 84' lang='grc' dir='ltr'><strong>εί</strong></span> <span class='ocrx_word' id='word_1_424' title='bbox 2766 3023 3057 3077; x_wconf 77' lang='grc' dir='ltr'>καὶταῦτα</span> <span class='ocrx_word' id='word_1_425' title='bbox 3090 3026 3162 3095; x_wconf 85' lang='grc' dir='ltr'><strong>μὴ</strong></span> <span class='ocrx_word' id='word_1_426' title='bbox 3205 3023 3526 3096; x_wconf 76' lang='grc' dir='ltr'>προύκειτο,</span> <span class='ocrx_word' id='word_1_427' title='bbox 3558 3024 3693 3078; x_wconf 78' lang='grc' dir='ltr'>ἀλλὰ</span> <span class='ocrx_word' id='word_1_428' title='bbox 3718 3024 3783 3096; x_wconf 83' lang='grc' dir='ltr'>δὴ</span> 
     </span>
    </p>
   </div>
   <div class='ocr_carea' id='block_1_62' title="bbox 537 3106 2123 3204">
    <p class='ocr_par' dir='ltr' id='par_1_62' title="bbox 537 3116 2108 3186">
     <span class='ocr_line' id='line_1_62' title="bbox 537 3116 2108 3186; baseline -0.001 -13"><span class='ocrx_word' id='word_1_429' title='bbox 537 3117 753 3173; x_wconf 88' lang='lat' dir='ltr'><strong>etiamsi</strong></span> <span class='ocrx_word' id='word_1_430' title='bbox 784 3132 905 3186; x_wconf 75' lang='lat' dir='ltr'><strong>qua:</strong></span> <span class='ocrx_word' id='word_1_431' title='bbox 932 3116 1042 3170; x_wconf 81' lang='lat' dir='ltr'><strong>dixi</strong></span> <span class='ocrx_word' id='word_1_432' title='bbox 1075 3116 1297 3172; x_wconf 89' lang='lat' dir='ltr'><strong>minime</strong></span> <span class='ocrx_word' id='word_1_433' title='bbox 1317 3125 1899 3186; x_wconf 82' lang='lat' dir='ltr'><strong>suppeterent,vestrae</strong></span> <span class='ocrx_word' id='word_1_434' title='bbox 1930 3128 2108 3172; x_wconf 89' lang='lat' dir='ltr'><strong>tamen</strong></span> 
     </span>
    </p>
   </div>
   <div class='ocr_carea' id='block_1_63' title="bbox 2223 3106 3786 3204">
    <p class='ocr_par' dir='ltr' id='par_1_63' title="bbox 2223 3106 3786 3189">
     <span class='ocr_line' id='line_1_63' title="bbox 2223 3106 3786 3189; baseline -0.001 -20"><span class='ocrx_word' id='word_1_435' title='bbox 2223 3117 2309 3189; x_wconf 75' lang='grc' dir='ltr'>τὴν</span> <span class='ocrx_word' id='word_1_436' title='bbox 2353 3116 2624 3188; x_wconf 83' lang='grc' dir='ltr'>ὑμετέραν</span> <span class='ocrx_word' id='word_1_437' title='bbox 2661 3116 2939 3186; x_wconf 86' lang='grc' dir='ltr'>ἀγχίνοιαν</span> <span class='ocrx_word' id='word_1_438' title='bbox 2973 3117 3136 3187; x_wconf 80' lang='grc' dir='ltr'>ἐχρῆν</span> <span class='ocrx_word' id='word_1_439' title='bbox 3171 3116 3266 3168; x_wconf 61' lang='grc' dir='ltr'><strong>καὶ¹</strong></span> <span class='ocrx_word' id='word_1_440' title='bbox 3300 3106 3387 3169; x_wconf 75' lang='grc' dir='ltr'><strong>διά</strong></span> <span class='ocrx_word' id='word_1_441' title='bbox 3420 3116 3655 3188; x_wconf 80' lang='grc' dir='ltr'>σπουδῆς</span> <span class='ocrx_word' id='word_1_442' title='bbox 3691 3117 3786 3171; x_wconf 78' lang='grc' dir='ltr'>καὶ</span> 
     </span>
    </p>
   </div>
   <div class='ocr_carea' id='block_1_64' title="bbox 537 3206 2107 3277">
    <p class='ocr_par' dir='ltr' id='par_1_64' title="bbox 537 3206 2107 3277">
     <span class='ocr_line' id='line_1_64' title="bbox 537 3206 2107 3277; baseline -0.001 -15"><span class='ocrx_word' id='word_1_443' title='bbox 537 3206 773 3262; x_wconf 76' lang='lat' dir='ltr'><strong>solertiae</strong></span> <span class='ocrx_word' id='word_1_444' title='bbox 792 3216 901 3273; x_wconf 88' lang='lat' dir='ltr'><strong>est,</strong></span> <span class='ocrx_word' id='word_1_445' title='bbox 931 3207 983 3260; x_wconf 88' lang='lat' dir='ltr'><strong>id</strong></span> <span class='ocrx_word' id='word_1_446' title='bbox 1014 3221 1208 3261; x_wconf 88' lang='lat' dir='ltr'><strong>curare</strong></span> <span class='ocrx_word' id='word_1_447' title='bbox 1229 3206 1479 3262; x_wconf 88' lang='lat' dir='ltr'><strong>omnibus</strong></span> <span class='ocrx_word' id='word_1_448' title='bbox 1502 3207 1677 3263; x_wconf 89' lang='lat' dir='ltr'><strong>modis</strong></span> <span class='ocrx_word' id='word_1_449' title='bbox 1707 3214 1871 3277; x_wconf 87' lang='lat' dir='ltr'><strong>atque</strong></span> <span class='ocrx_word' id='word_1_450' title='bbox 1896 3214 2107 3276; x_wconf 89' lang='lat' dir='ltr'><strong>optare,</strong></span> 
     </span>
    </p>
   </div>
   <div class='ocr_carea' id='block_1_65' title="bbox 540 3299 2107 3366">
    <p class='ocr_par' dir='ltr' id='par_1_65' title="bbox 540 3299 2107 3366">
     <span class='ocr_line' id='line_1_65' title="bbox 540 3299 2107 3366; baseline 0 -13"><span class='ocrx_word' id='word_1_451' title='bbox 540 3314 613 3355; x_wconf 88' lang='lat' dir='ltr'><strong>ne</strong></span> <span class='ocrx_word' id='word_1_452' title='bbox 671 3301 935 3354; x_wconf 88' lang='lat' dir='ltr'><strong>sanctitas</strong></span> <span class='ocrx_word' id='word_1_453' title='bbox 979 3300 1288 3353; x_wconf 88' lang='lat' dir='ltr'><strong>animarum</strong></span> <span class='ocrx_word' id='word_1_454' title='bbox 1338 3309 1666 3366; x_wconf 83' lang='lat' dir='ltr'><strong>vestrarum,</strong></span> <span class='ocrx_word' id='word_1_455' title='bbox 1710 3299 1763 3355; x_wconf 88' lang='lat' dir='ltr'><strong>in</strong></span> <span class='ocrx_word' id='word_1_456' title='bbox 1818 3299 1978 3355; x_wconf 88' lang='lat' dir='ltr'><strong>ullius</strong></span> <span class='ocrx_word' id='word_1_457' title='bbox 2029 3299 2107 3353; x_wconf 89' lang='lat' dir='ltr'><strong>rei</strong></span> 
     </span>
    </p>
   </div>
   <div class='ocr_carea' id='block_1_66' title="bbox 539 3393 2113 3464">
    <p class='ocr_par' dir='ltr' id='par_1_66' title="bbox 539 3393 2113 3464">
     <span class='ocr_line' id='line_1_66' title="bbox 539 3393 2113 3464; baseline 0.001 -15"><span class='ocrx_word' id='word_1_458' title='bbox 539 3393 897 3449; x_wconf 76' lang='lat' dir='ltr'><strong>similitudine</strong></span> <span class='ocrx_word' id='word_1_459' title='bbox 918 3409 1041 3449; x_wconf 91' lang='lat' dir='ltr'><strong>cum</strong></span> <span class='ocrx_word' id='word_1_460' title='bbox 1066 3394 1527 3464; x_wconf 89' lang='lat' dir='ltr'><strong>nequissimorum</strong></span> <span class='ocrx_word' id='word_1_461' title='bbox 1558 3394 1838 3449; x_wconf 91' lang='lat' dir='ltr'><strong>hominum</strong></span> <span class='ocrx_word' id='word_1_462' title='bbox 1870 3394 2113 3450; x_wconf 88' lang='lat' dir='ltr'><strong>moribus</strong></span> 
     </span>
    </p>
   </div>
   <div class='ocr_carea' id='block_1_67' title="bbox 444 3480 2111 3557">
    <p class='ocr_par' dir='ltr' id='par_1_67' title="bbox 444 3480 2111 3557">
     <span class='ocr_line' id='line_1_67' title="bbox 444 3480 2111 3557; baseline -0.001 -15"><span class='ocrx_word' id='word_1_463' title='bbox 444 3480 451 3481; x_wconf 24' lang='grc' dir='ltr'><strong>ί</strong></span> <span class='ocrx_word' id='word_1_464' title='bbox 538 3486 740 3542; x_wconf 84' lang='lat' dir='ltr'><strong>sociari</strong></span> <span class='ocrx_word' id='word_1_465' title='bbox 765 3496 823 3542; x_wconf 89' lang='lat' dir='ltr'><strong>et</strong></span> <span class='ocrx_word' id='word_1_466' title='bbox 850 3487 1189 3543; x_wconf 90' lang='lat' dir='ltr'><strong>commisceri</strong></span> <span class='ocrx_word' id='word_1_467' title='bbox 1218 3487 1485 3545; x_wconf 79' lang='lat' dir='ltr'><strong>videatur.</strong></span> <span class='ocrx_word' id='word_1_468' title='bbox 1523 3487 1656 3541; x_wconf 86' lang='lat' dir='ltr'><strong>Illud</strong></span> <span class='ocrx_word' id='word_1_469' title='bbox 1685 3497 1942 3557; x_wconf 61' lang='lat' dir='ltr'><strong>praeterea</strong></span> <span class='ocrx_word' id='word_1_470' title='bbox 1975 3502 2111 3541; x_wconf 89' lang='lat' dir='ltr'><strong>con-</strong></span> 
     </span>
    </p>
   </div>
   <div class='ocr_carea' id='block_1_68' title="bbox 537 3577 2117 3645">
    <p class='ocr_par' dir='ltr' id='par_1_68' title="bbox 537 3577 2117 3645">
     <span class='ocr_line' id='line_1_68' title="bbox 537 3577 2117 3645; baseline -0.001 -12"><span class='ocrx_word' id='word_1_471' title='bbox 537 3577 885 3633; x_wconf 81' lang='lat' dir='ltr'><strong>siderandum</strong></span> <span class='ocrx_word' id='word_1_472' title='bbox 918 3588 1024 3645; x_wconf 90' lang='lat' dir='ltr'><strong>est,</strong></span> <span class='ocrx_word' id='word_1_473' title='bbox 1051 3577 1206 3635; x_wconf 87' lang='lat' dir='ltr'><strong>nefas</strong></span> <span class='ocrx_word' id='word_1_474' title='bbox 1234 3594 1357 3636; x_wconf 87' lang='lat' dir='ltr'><strong>esse</strong></span> <span class='ocrx_word' id='word_1_475' title='bbox 1387 3588 1445 3634; x_wconf 93' lang='lat' dir='ltr'><strong>ut</strong></span> <span class='ocrx_word' id='word_1_476' title='bbox 1474 3580 1531 3633; x_wconf 92' lang='lat' dir='ltr'><strong>in</strong></span> <span class='ocrx_word' id='word_1_477' title='bbox 1562 3579 1698 3633; x_wconf 87' lang='lat' dir='ltr'><strong>tanti</strong></span> <span class='ocrx_word' id='word_1_478' title='bbox 1724 3582 1981 3636; x_wconf 87' lang='lat' dir='ltr'><strong>momenti</strong></span> <span class='ocrx_word' id='word_1_479' title='bbox 2020 3594 2117 3633; x_wconf 80' lang='lat' dir='ltr'><strong>ne-</strong></span> 
     </span>
    </p>
   </div>
   <div class='ocr_carea' id='block_1_69' title="bbox 614 3777 2107 3850">
    <p class='ocr_par' dir='ltr' id='par_1_69' title="bbox 614 3777 2107 3850">
     <span class='ocr_line' id='line_1_69' title="bbox 614 3777 2107 3850; baseline 0.001 -19"><span class='ocrx_word' id='word_1_480' title='bbox 614 3778 727 3850; x_wconf 74' lang='lat'>(65)</span> <span class='ocrx_word' id='word_1_481' title='bbox 762 3778 938 3846; x_wconf 55' lang='lat' dir='ltr'><strong>Vulg,</strong></span> <span class='ocrx_word' id='word_1_482' title='bbox 961 3779 1066 3834; x_wconf 83' lang='grc' dir='ltr'>τοῦ</span> <span class='ocrx_word' id='word_1_483' title='bbox 1097 3780 1331 3850; x_wconf 74' lang='grc' dir='ltr'>ἐκείνου</span> <span class='ocrx_word' id='word_1_484' title='bbox 1358 3781 1593 3846; x_wconf 75' lang='grc' dir='ltr'>ἔθνους.</span> <span class='ocrx_word' id='word_1_485' title='bbox 1618 3778 1760 3849; x_wconf 83' lang='lat' dir='ltr'><strong>Lego</strong></span> <span class='ocrx_word' id='word_1_486' title='bbox 1801 3777 1956 3842; x_wconf 73' lang='grc' dir='ltr'>ἔθους</span> <span class='ocrx_word' id='word_1_487' title='bbox 1987 3795 2107 3833; x_wconf 89' lang='lat' dir='ltr'><strong>cum</strong></span> 
     </span>
    </p>
   </div>
   <div class='ocr_carea' id='block_1_70' title="bbox 539 3846 2108 3916">
    <p class='ocr_par' dir='ltr' id='par_1_70' title="bbox 539 3846 2108 3916">
     <span class='ocr_line' id='line_1_70' title="bbox 539 3846 2108 3916; baseline -0.001 -12"><span class='ocrx_word' id='word_1_488' title='bbox 539 3846 1038 3916; x_wconf 80' lang='lat' dir='ltr'><strong>Christophorsono</strong></span> <span class='ocrx_word' id='word_1_489' title='bbox 1057 3860 1111 3903; x_wconf 91' lang='lat' dir='ltr'><strong>et</strong></span> <span class='ocrx_word' id='word_1_490' title='bbox 1136 3848 1394 3905; x_wconf 85' lang='lat' dir='ltr'><strong>Grntero.</strong></span> <span class='ocrx_word' id='word_1_491' title='bbox 1430 3852 1571 3904; x_wconf 88' lang='lat' dir='ltr'><strong>Idem</strong></span> <span class='ocrx_word' id='word_1_492' title='bbox 1604 3846 1857 3905; x_wconf 78' lang='lat' dir='ltr'><strong>mendum</strong></span> <span class='ocrx_word' id='word_1_493' title='bbox 1898 3852 2108 3903; x_wconf 80' lang='lat' dir='ltr'><strong>notavi-</strong></span> 
     </span>
    </p>
   </div>
   <div class='ocr_carea' id='block_1_71' title="bbox 543 3918 2113 3975">
    <p class='ocr_par' dir='ltr' id='par_1_71' title="bbox 543 3918 2113 3975">
     <span class='ocr_line' id='line_1_71' title="bbox 543 3918 2113 3975; baseline 0.003 -4"><span class='ocrx_word' id='word_1_494' title='bbox 543 3937 661 3972; x_wconf 80' lang='lat' dir='ltr'><strong>Inus</strong></span> <span class='ocrx_word' id='word_1_495' title='bbox 692 3923 742 3972; x_wconf 91' lang='lat' dir='ltr'><strong>in</strong></span> <span class='ocrx_word' id='word_1_496' title='bbox 772 3918 1011 3972; x_wconf 80' lang='lat' dir='ltr'><strong>Historia</strong></span> <span class='ocrx_word' id='word_1_497' title='bbox 1044 3920 1423 3973; x_wconf 80' lang='lat' dir='ltr'><strong>ecclesiastica.</strong></span> <span class='ocrx_word' id='word_1_498' title='bbox 1467 3918 1628 3975; x_wconf 86' lang='lat' dir='ltr'><strong>Certe</strong></span> <span class='ocrx_word' id='word_1_499' title='bbox 1658 3921 1709 3974; x_wconf 91' lang='lat' dir='ltr'><strong>in</strong></span> <span class='ocrx_word' id='word_1_500' title='bbox 1741 3922 1957 3974; x_wconf 92' lang='lat' dir='ltr'><strong>schedis</strong></span> <span class='ocrx_word' id='word_1_501' title='bbox 2006 3920 2113 3975; x_wconf 83' lang='lat' dir='ltr'><strong>Re-</strong></span> 
     </span>
    </p>
   </div>
   <div class='ocr_carea' id='block_1_72' title="bbox 540 3988 1901 4059">
    <p class='ocr_par' dir='ltr' id='par_1_72' title="bbox 540 3988 1901 4059">
     <span class='ocr_line' id='line_1_72' title="bbox 540 3988 1901 4059; baseline 0.001 -16"><span class='ocrx_word' id='word_1_502' title='bbox 540 3991 643 4059; x_wconf 83' lang='lat' dir='ltr'><strong>giis</strong></span> <span class='ocrx_word' id='word_1_503' title='bbox 683 4000 738 4043; x_wconf 90' lang='lat' dir='ltr'><strong>et</strong></span> <span class='ocrx_word' id='word_1_504' title='bbox 761 3992 812 4042; x_wconf 90' lang='lat' dir='ltr'><strong>in</strong></span> <span class='ocrx_word' id='word_1_505' title='bbox 846 3991 985 4043; x_wconf 84' lang='lat' dir='ltr'><strong>libro</strong></span> <span class='ocrx_word' id='word_1_506' title='bbox 1008 3988 1194 4044; x_wconf 84' lang='lat' dir='ltr'><strong>Savilii</strong></span> <span class='ocrx_word' id='word_1_507' title='bbox 1224 3989 1377 4053; x_wconf 76' lang='grc' dir='ltr'>ἔθους</span> <span class='ocrx_word' id='word_1_508' title='bbox 1402 3989 1764 4059; x_wconf 87' lang='lat' dir='ltr'><strong>perscriptum</strong></span> <span class='ocrx_word' id='word_1_509' title='bbox 1799 3999 1901 4045; x_wconf 92' lang='lat' dir='ltr'><strong>est.</strong></span> 
     </span>
    </p>
   </div>
   <div class='ocr_carea' id='block_1_73' title="bbox 635 4059 2117 4129">
    <p class='ocr_par' dir='ltr' id='par_1_73' title="bbox 635 4059 2117 4129">
     <span class='ocr_line' id='line_1_73' title="bbox 635 4059 2117 4129; baseline 0.001 -17"><span class='ocrx_word' id='word_1_510' title='bbox 635 4060 725 4125; x_wconf 62' lang='lat' dir='ltr'><strong>(ii)</strong></span> <span class='ocrx_word' id='word_1_511' title='bbox 751 4060 858 4113; x_wconf 71' lang='lat' dir='ltr'><strong>Kal</strong></span> <span class='ocrx_word' id='word_1_512' title='bbox 880 4060 1129 4129; x_wconf 80' lang='grc' dir='ltr'>νόμιμος</span> <span class='ocrx_word' id='word_1_513' title='bbox 1150 4060 1249 4114; x_wconf 81' lang='grc' dir='ltr'>καὶ</span> <span class='ocrx_word' id='word_1_514' title='bbox 1269 4060 1529 4128; x_wconf 75' lang='grc' dir='ltr'>πρέπων.</span> <span class='ocrx_word' id='word_1_515' title='bbox 1565 4061 1716 4128; x_wconf 85' lang='lat' dir='ltr'><strong>Apud</strong></span> <span class='ocrx_word' id='word_1_516' title='bbox 1748 4059 2019 4115; x_wconf 86' lang='lat' dir='ltr'><strong>Gelasium</strong></span> <span class='ocrx_word' id='word_1_517' title='bbox 2062 4067 2117 4114; x_wconf 90' lang='lat' dir='ltr'><strong>et</strong></span> 
     </span>
    </p>
   </div>
   <div class='ocr_carea' id='block_1_74' title="bbox 541 4129 2118 4201">
    <p class='ocr_par' dir='ltr' id='par_1_74' title="bbox 541 4129 2118 4201">
     <span class='ocr_line' id='line_1_74' title="bbox 541 4129 2118 4201; baseline 0.001 -16"><span class='ocrx_word' id='word_1_518' title='bbox 541 4129 906 4201; x_wconf 73' lang='lat' dir='ltr'><strong>Nicephorum</strong></span> <span class='ocrx_word' id='word_1_519' title='bbox 966 4132 1162 4199; x_wconf 80' lang='lat' dir='ltr'><strong>legitur</strong></span> <span class='ocrx_word' id='word_1_520' title='bbox 1206 4131 1302 4182; x_wconf 75' lang='grc' dir='ltr'>καὶ</span> <span class='ocrx_word' id='word_1_521' title='bbox 1342 4131 1507 4201; x_wconf 85' lang='grc' dir='ltr'>νόμος</span> <span class='ocrx_word' id='word_1_522' title='bbox 1560 4130 1808 4201; x_wconf 86' lang='grc' dir='ltr'>πρέπων.</span> <span class='ocrx_word' id='word_1_523' title='bbox 1862 4130 2118 4186; x_wconf 86' lang='lat' dir='ltr'><strong>Socrates</strong></span> 
     </span>
    </p>
   </div>
   <div class='ocr_carea' id='block_1_75' title="bbox 540 4200 2078 4270">
    <p class='ocr_par' dir='ltr' id='par_1_75' title="bbox 540 4200 2078 4270">
     <span class='ocr_line' id='line_1_75' title="bbox 540 4200 2078 4270; baseline -0.001 -15"><span class='ocrx_word' id='word_1_524' title='bbox 540 4210 726 4255; x_wconf 76' lang='lat' dir='ltr'><strong>tamrn</strong></span> <span class='ocrx_word' id='word_1_525' title='bbox 752 4217 813 4254; x_wconf 86' lang='lat' dir='ltr'><strong>ac</strong></span> <span class='ocrx_word' id='word_1_526' title='bbox 844 4200 1206 4255; x_wconf 81' lang='lat' dir='ltr'><strong>&#39;l‘heodoritus</strong></span> <span class='ocrx_word' id='word_1_527' title='bbox 1229 4200 1500 4270; x_wconf 73' lang='lat' dir='ltr'><strong>vulgatam</strong></span> <span class='ocrx_word' id='word_1_528' title='bbox 1531 4200 1813 4270; x_wconf 82' lang='lat' dir='ltr'><strong>lectionem</strong></span> <span class='ocrx_word' id='word_1_529' title='bbox 1839 4210 2078 4256; x_wconf 91' lang='lat' dir='ltr'><strong>tuentur.</strong></span> 
     </span>
    </p>
   </div>
   <div class='ocr_carea' id='block_1_76' title="bbox 612 4269 2113 4342">
    <p class='ocr_par' dir='ltr' id='par_1_76' title="bbox 612 4269 2113 4342">
     <span class='ocr_line' id='line_1_76' title="bbox 612 4269 2113 4342; baseline -0.001 -18"><span class='ocrx_word' id='word_1_530' title='bbox 612 4271 732 4342; x_wconf 84' lang='grc'>(65)</span> <span class='ocrx_word' id='word_1_531' title='bbox 764 4270 1030 4342; x_wconf 71' lang='grc' dir='ltr'>Αἰσχρᾶς</span> <span class='ocrx_word' id='word_1_532' title='bbox 1060 4270 1314 4342; x_wconf 0' lang='grc' dir='ltr'>ἐκείνης,</span> <span class='ocrx_word' id='word_1_533' title='bbox 1352 4269 1782 4337; x_wconf 76' lang='grc' dir='ltr'>συνειδήσεως.</span> <span class='ocrx_word' id='word_1_534' title='bbox 1842 4270 1973 4325; x_wconf 84' lang='lat' dir='ltr'><strong>Nam</strong></span> <span class='ocrx_word' id='word_1_535' title='bbox 2023 4271 2113 4340; x_wconf 87' lang='lat' dir='ltr'><strong>qui</strong></span> 
     </span>
    </p>
   </div>
   <div class='ocr_carea' id='block_1_77' title="bbox 541 4340 2112 4403">
    <p class='ocr_par' dir='ltr' id='par_1_77' title="bbox 541 4340 2112 4403">
     <span class='ocr_line' id='line_1_77' title="bbox 541 4340 2112 4403; baseline -0.002 -7"><span class='ocrx_word' id='word_1_536' title='bbox 541 4340 664 4396; x_wconf 84' lang='lat' dir='ltr'><strong>cum</strong></span> <span class='ocrx_word' id='word_1_537' title='bbox 705 4341 907 4396; x_wconf 68' lang='lat' dir='ltr'><strong>Iudaeis</strong></span> <span class='ocrx_word' id='word_1_538' title='bbox 931 4340 1139 4395; x_wconf 83' lang='lat' dir='ltr'><strong>Pascha</strong></span> <span class='ocrx_word' id='word_1_539' title='bbox 1169 4341 1504 4395; x_wconf 88' lang='lat' dir='ltr'><strong>Dominicnm</strong></span> <span class='ocrx_word' id='word_1_540' title='bbox 1560 4342 1857 4403; x_wconf 76' lang='lat' dir='ltr'><strong>celebrant,</strong></span> <span class='ocrx_word' id='word_1_541' title='bbox 1908 4342 2112 4395; x_wconf 88' lang='lat' dir='ltr'><strong>conscii</strong></span> 
     </span>
    </p>
   </div>
   <div class='ocr_carea' id='block_1_78' title="bbox 540 4410 2116 4478">
    <p class='ocr_par' dir='ltr' id='par_1_78' title="bbox 540 4410 2116 4478">
     <span class='ocr_line' id='line_1_78' title="bbox 540 4410 2116 4478; baseline 0 -14"><span class='ocrx_word' id='word_1_542' title='bbox 540 4411 795 4467; x_wconf 85' lang='lat' dir='ltr'><strong>videntur</strong></span> <span class='ocrx_word' id='word_1_543' title='bbox 831 4426 953 4467; x_wconf 89' lang='lat' dir='ltr'><strong>esse</strong></span> <span class='ocrx_word' id='word_1_544' title='bbox 985 4411 1209 4465; x_wconf 86' lang='lat' dir='ltr'><strong>sceleris</strong></span> <span class='ocrx_word' id='word_1_545' title='bbox 1232 4412 1375 4478; x_wconf 86' lang='lat' dir='ltr'><strong>quod</strong></span> <span class='ocrx_word' id='word_1_546' title='bbox 1427 4410 1596 4465; x_wconf 69' lang='lat' dir='ltr'><strong>Jndmi</strong></span> <span class='ocrx_word' id='word_1_547' title='bbox 1628 4411 1907 4465; x_wconf 78' lang='lat' dir='ltr'><strong>adversus.</strong></span> <span class='ocrx_word' id='word_1_548' title='bbox 1935 4410 2116 4465; x_wconf 91' lang='lat' dir='ltr'><strong>Domi-</strong></span> 
     </span>
    </p>
   </div>
   <div class='ocr_carea' id='block_1_79' title="bbox 544 4480 2119 4551">
    <p class='ocr_par' dir='ltr' id='par_1_79' title="bbox 544 4480 2119 4551">
     <span class='ocr_line' id='line_1_79' title="bbox 544 4480 2119 4551; baseline 0.001 -18"><span class='ocrx_word' id='word_1_549' title='bbox 544 4498 670 4534; x_wconf 92' lang='lat' dir='ltr'><strong>num</strong></span> <span class='ocrx_word' id='word_1_550' title='bbox 699 4483 1053 4536; x_wconf 89' lang='lat' dir='ltr'><strong>admiserunt.</strong></span> <span class='ocrx_word' id='word_1_551' title='bbox 1107 4481 1172 4535; x_wconf 84' lang='lat' dir='ltr'><strong>At</strong></span> <span class='ocrx_word' id='word_1_552' title='bbox 1219 4480 1750 4550; x_wconf 88' lang='lat' dir='ltr'><strong>Christophorsonus</strong></span> <span class='ocrx_word' id='word_1_553' title='bbox 1815 4480 2119 4551; x_wconf 87' lang='grc' dir='ltr'>συνείδησιν</span> 
     </span>
    </p>
   </div>
   <div class='ocr_carea' id='block_1_80' title="bbox 541 4552 1552 4618">
    <p class='ocr_par' dir='ltr' id='par_1_80' title="bbox 541 4552 1552 4618">
     <span class='ocr_line' id='line_1_80' title="bbox 541 4552 1552 4618; baseline 0 -14"><span class='ocrx_word' id='word_1_554' title='bbox 541 4552 704 4605; x_wconf 79' lang='lat' dir='ltr'><strong>vertit</strong></span> <span class='ocrx_word' id='word_1_555' title='bbox 730 4553 1045 4618; x_wconf 80' lang='lat' dir='ltr'><strong>opinionem,</strong></span> <span class='ocrx_word' id='word_1_556' title='bbox 1076 4552 1162 4605; x_wconf 91' lang='lat' dir='ltr'><strong>cui</strong></span> <span class='ocrx_word' id='word_1_557' title='bbox 1195 4568 1299 4605; x_wconf 84' lang='lat' dir='ltr'><strong>non</strong></span> <span class='ocrx_word' id='word_1_558' title='bbox 1331 4553 1552 4606; x_wconf 87' lang='lat' dir='ltr'><strong>accedo.</strong></span> 
     </span>
    </p>
   </div>
   <div class='ocr_carea' id='block_1_81' title="bbox 611 4619 2122 4747">
    <p class='ocr_par' dir='ltr' id='par_1_81' title="bbox 611 4619 2122 4747">
     <span class='ocr_line' id='line_1_81' title="bbox 611 4619 2122 4747; baseline 0 -72"><span class='ocrx_word' id='word_1_559' title='bbox 611 4622 740 4747; x_wconf 47' lang='lat'>(66)!</span> <span class='ocrx_word' id='word_1_560' title='bbox 760 4621 876 4690; x_wconf 80' lang='grc' dir='ltr'>Τῆς</span> <span class='ocrx_word' id='word_1_561' title='bbox 920 4624 1354 4690; x_wconf 75' lang='grc' dir='ltr'>προσηκούσης</span> <span class='ocrx_word' id='word_1_562' title='bbox 1405 4619 1888 4688; x_wconf 79' lang='grc' dir='ltr'>ἐπανορθώσεως.</span> <span class='ocrx_word' id='word_1_563' title='bbox 1924 4620 2122 4677; x_wconf 85' lang='lat' dir='ltr'><strong>Socra-</strong></span> 
     </span>
     <span class='ocr_line' id='line_1_82' title="bbox 611 4691 2122 4747; baseline 0 -2"><span class='ocrx_word' id='word_1_564' title='bbox 611 4710 643 4747; x_wconf 71' lang='lat' dir='ltr'><strong>s.</strong></span> <span class='ocrx_word' id='word_1_565' title='bbox 748 4694 1083 4747; x_wconf 82' lang='lat' dir='ltr'><strong>heodoritns.</strong></span> <span class='ocrx_word' id='word_1_566' title='bbox 1119 4693 1367 4747; x_wconf 83' lang='lat' dir='ltr'><strong>Gelasins</strong></span> <span class='ocrx_word' id='word_1_567' title='bbox 1417 4708 1481 4745; x_wconf 89' lang='lat' dir='ltr'><strong>ac</strong></span> <span class='ocrx_word' id='word_1_568' title='bbox 1527 4691 1862 4747; x_wconf 84' lang='lat' dir='ltr'><strong>Niceuhorus</strong></span> <span class='ocrx_word' id='word_1_569' title='bbox 1920 4694 2122 4747; x_wconf 82' lang='lat' dir='ltr'><strong>habent</strong></span> 
     </span>
    </p>
   </div>
   <div class='ocr_carea' id='block_1_82' title="bbox 543 4691 2122 4761">
    <p class='ocr_par' dir='ltr' id='par_1_82' title="bbox 543 4691 2122 4761">
     <span class='ocr_line' id='line_1_83' title="bbox 543 4691 2122 4761; baseline 0.001 -17"><span class='ocrx_word' id='word_1_570' title='bbox 543 4691 643 4755; x_wconf 85' lang='lat' dir='ltr'><strong>tes,</strong></span> <span class='ocrx_word' id='word_1_571' title='bbox 698 4691 1083 4755; x_wconf 82' lang='lat' dir='ltr'><strong>Theodoritns,</strong></span> <span class='ocrx_word' id='word_1_572' title='bbox 1119 4693 1367 4747; x_wconf 83' lang='lat' dir='ltr'><strong>Gelasins</strong></span> <span class='ocrx_word' id='word_1_573' title='bbox 1417 4708 1481 4745; x_wconf 89' lang='lat' dir='ltr'><strong>ac</strong></span> <span class='ocrx_word' id='word_1_574' title='bbox 1527 4691 1862 4761; x_wconf 82' lang='lat' dir='ltr'><strong>Nicephorus</strong></span> <span class='ocrx_word' id='word_1_575' title='bbox 1920 4694 2122 4748; x_wconf 82' lang='lat' dir='ltr'><strong>habent</strong></span> 
     </span>
    </p>
   </div>
   <div class='ocr_carea' id='block_1_83' title="bbox 538 4760 2119 4835">
    <p class='ocr_par' dir='ltr' id='par_1_83' title="bbox 538 4760 2119 4835">
     <span class='ocr_line' id='line_1_84' title="bbox 538 4760 2119 4835; baseline 0.001 -19"><span class='ocrx_word' id='word_1_576' title='bbox 538 4763 661 4816; x_wconf 74' lang='grc' dir='ltr'>ἀντὶ</span> <span class='ocrx_word' id='word_1_577' title='bbox 702 4763 803 4835; x_wconf 77' lang='grc' dir='ltr'>τῆς</span> <span class='ocrx_word' id='word_1_578' title='bbox 853 4762 1238 4835; x_wconf 80' lang='grc' dir='ltr'>προσηκούσης</span> <span class='ocrx_word' id='word_1_579' title='bbox 1299 4760 1752 4835; x_wconf 81' lang='grc' dir='ltr'>ἐπανορθώσεως,</span> <span class='ocrx_word' id='word_1_580' title='bbox 1802 4766 1956 4835; x_wconf 77' lang='lat' dir='ltr'><strong>quod</strong></span> <span class='ocrx_word' id='word_1_581' title='bbox 2010 4779 2119 4819; x_wconf 91' lang='lat' dir='ltr'><strong>non</strong></span> 
     </span>
    </p>
   </div>
   <div class='ocr_carea' id='block_1_84' title="bbox 539 4781 2122 4957">
    <p class='ocr_par' dir='ltr' id='par_1_84' title="bbox 539 4781 2122 4957">
     <span class='ocr_line' id='line_1_85' title="bbox 539 4781 2119 4886; baseline 0.001 -70"><span class='ocrx_word' id='word_1_582' title='bbox 539 4781 661 4816; x_wconf 85' lang='grc' dir='ltr'>αντι</span> <span class='ocrx_word' id='word_1_583' title='bbox 702 4781 803 4886; x_wconf 58' lang='grc' dir='ltr'><strong>της</strong></span> <span class='ocrx_word' id='word_1_584' title='bbox 853 4781 1238 4835; x_wconf 85' lang='grc' dir='ltr'>προσηκουσης</span> <span class='ocrx_word' id='word_1_585' title='bbox 1299 4781 1752 4833; x_wconf 86' lang='grc' dir='ltr'>επανορυωσεως,</span> <span class='ocrx_word' id='word_1_586' title='bbox 1813 4781 1956 4831; x_wconf 82' lang='lat' dir='ltr'><strong>quon</strong></span> <span class='ocrx_word' id='word_1_587' title='bbox 2010 4781 2119 4819; x_wconf 91' lang='lat' dir='ltr'><strong>non</strong></span> 
     </span>
     <span class='ocr_line' id='line_1_86' title="bbox 539 4833 2122 4957; baseline -0.001 -70"><span class='ocrx_word' id='word_1_588' title='bbox 804 4845 924 4927; x_wconf 79' lang='lat' dir='ltr'><strong>ecte</strong></span> <span class='ocrx_word' id='word_1_589' title='bbox 953 4839 1096 4889; x_wconf 87' lang='lat' dir='ltr'><strong>enim</strong></span> <span class='ocrx_word' id='word_1_590' title='bbox 1124 4836 1323 4890; x_wconf 88' lang='lat' dir='ltr'><strong>dicitur</strong></span> <span class='ocrx_word' id='word_1_591' title='bbox 1352 4833 1740 4905; x_wconf 81' lang='grc' dir='ltr'>πλανωμένους</span> <span class='ocrx_word' id='word_1_592' title='bbox 1763 4834 1866 4903; x_wconf 85' lang='grc' dir='ltr'>τῆς</span> <span class='ocrx_word' id='word_1_593' title='bbox 1892 4836 2122 4904; x_wconf 86' lang='grc' dir='ltr'>ἐπανορ-</span> 
     </span>
    </p>
   </div>
   <div class='ocr_carea' id='block_1_85' title="bbox 572 4920 885 4967">
    <p class='ocr_par' dir='ltr' id='par_1_85' title="bbox 572 4920 885 4967">
     <span class='ocr_line' id='line_1_87' title="bbox 572 4920 885 4967; baseline 0.016 -11"><span class='ocrx_word' id='word_1_594' title='bbox 572 4920 759 4967; x_wconf 83' lang='grc' dir='ltr'>ωσεως</span> <span class='ocrx_word' id='word_1_595' title='bbox 766 4947 780 4960; x_wconf 89' lang='grc'><strong>.</strong></span> <span class='ocrx_word' id='word_1_596' title='bbox 879 4920 885 4927; x_wconf 73' lang='grc'><em>”</em></span> 
     </span>
    </p>
   </div>
   <div class='ocr_carea' id='block_1_86' title="bbox 613 4973 2125 5044">
    <p class='ocr_par' dir='ltr' id='par_1_86' title="bbox 613 4973 2125 5044">
     <span class='ocr_line' id='line_1_88' title="bbox 613 4973 2125 5044; baseline -0.001 -15"><span class='ocrx_word' id='word_1_597' title='bbox 613 4976 727 5043; x_wconf 84' lang='grc'>(67)</span> <span class='ocrx_word' id='word_1_598' title='bbox 762 4974 847 5040; x_wconf 85' lang='grc' dir='ltr'>Τῷ</span> <span class='ocrx_word' id='word_1_599' title='bbox 871 4974 1031 5040; x_wconf 83' lang='grc' dir='ltr'>αὑτῷ</span> <span class='ocrx_word' id='word_1_600' title='bbox 1073 4976 1192 5030; x_wconf 77' lang='grc' dir='ltr'>ἔτει</span> <span class='ocrx_word' id='word_1_601' title='bbox 1239 4976 1518 5043; x_wconf 78' lang='grc' dir='ltr'>δεύτερον</span> <span class='ocrx_word' id='word_1_602' title='bbox 1552 4974 1618 5029; x_wconf 77' lang='grc' dir='ltr'>τὸ</span> <span class='ocrx_word' id='word_1_603' title='bbox 1679 4973 1895 5044; x_wconf 76' lang='grc' dir='ltr'>Πάσχα</span> <span class='ocrx_word' id='word_1_604' title='bbox 1940 4975 2125 5027; x_wconf 80' lang='grc' dir='ltr'>ἐπιτε-</span> 
     </span>
    </p>
   </div>
   <div class='ocr_carea' id='block_1_87' title="bbox 537 5044 2123 5117">
    <p class='ocr_par' dir='ltr' id='par_1_87' title="bbox 537 5044 2123 5117">
     <span class='ocr_line' id='line_1_89' title="bbox 537 5044 2123 5117; baseline 0.001 -17"><span class='ocrx_word' id='word_1_605' title='bbox 537 5046 692 5101; x_wconf 73' lang='grc' dir='ltr'>λεῖν.</span> <span class='ocrx_word' id='word_1_606' title='bbox 743 5044 877 5099; x_wconf 88' lang='lat' dir='ltr'><strong>Cum</strong></span> <span class='ocrx_word' id='word_1_607' title='bbox 928 5050 1210 5117; x_wconf 77' lang='lat' dir='ltr'><strong>neotnenia</strong></span> <span class='ocrx_word' id='word_1_608' title='bbox 1255 5047 1531 5117; x_wconf 83' lang='lat' dir='ltr'><strong>paschalis</strong></span> <span class='ocrx_word' id='word_1_609' title='bbox 1582 5044 1889 5100; x_wconf 77' lang='lat' dir='ltr'><strong>Judacorutn</strong></span> <span class='ocrx_word' id='word_1_610' title='bbox 1947 5062 1975 5097; x_wconf 86' lang='lat' dir='ltr'><strong>a</strong></span> <span class='ocrx_word' id='word_1_611' title='bbox 2036 5048 2123 5117; x_wconf 85' lang='lat' dir='ltr'><strong>die</strong></span> 
     </span>
    </p>
   </div>
   <div class='ocr_carea' id='block_1_88' title="bbox 538 5116 2122 5186">
    <p class='ocr_par' dir='ltr' id='par_1_88' title="bbox 538 5116 2122 5186">
     <span class='ocr_line' id='line_1_90' title="bbox 538 5116 2122 5186; baseline 0.001 -17"><span class='ocrx_word' id='word_1_612' title='bbox 538 5119 730 5183; x_wconf 89' lang='lat' dir='ltr'><strong>quinto</strong></span> <span class='ocrx_word' id='word_1_613' title='bbox 768 5116 969 5169; x_wconf 89' lang='lat' dir='ltr'><strong>mensis</strong></span> <span class='ocrx_word' id='word_1_614' title='bbox 1035 5116 1216 5171; x_wconf 85' lang='lat' dir='ltr'><strong>Martii</strong></span> <span class='ocrx_word' id='word_1_615' title='bbox 1257 5116 1557 5186; x_wconf 77' lang='lat' dir='ltr'><strong>inciperet,</strong></span> <span class='ocrx_word' id='word_1_616' title='bbox 1606 5126 1661 5169; x_wconf 91' lang='lat' dir='ltr'><strong>et</strong></span> <span class='ocrx_word' id='word_1_617' title='bbox 1712 5117 1875 5172; x_wconf 89' lang='lat' dir='ltr'><strong>tertio</strong></span> <span class='ocrx_word' id='word_1_618' title='bbox 1916 5116 2122 5186; x_wconf 64' lang='lat' dir='ltr'><strong>Aprilis</strong></span> 
     </span>
    </p>
   </div>
   <div class='ocr_carea' id='block_1_89' title="bbox 539 5185 2122 5257">
    <p class='ocr_par' dir='ltr' id='par_1_89' title="bbox 539 5185 2122 5257">
     <span class='ocr_line' id='line_1_91' title="bbox 539 5185 2122 5257; baseline -0.004 -12"><span class='ocrx_word' id='word_1_619' title='bbox 539 5190 905 5250; x_wconf 88' lang='lat' dir='ltr'><strong>clauderetur,</strong></span> <span class='ocrx_word' id='word_1_620' title='bbox 934 5186 1064 5240; x_wconf 86' lang='lat' dir='ltr'><strong>hinc</strong></span> <span class='ocrx_word' id='word_1_621' title='bbox 1099 5186 1262 5241; x_wconf 86' lang='lat' dir='ltr'><strong>fiebat</strong></span> <span class='ocrx_word' id='word_1_622' title='bbox 1318 5185 1608 5257; x_wconf 85' lang='lat' dir='ltr'><strong>aliquando</strong></span> <span class='ocrx_word' id='word_1_623' title='bbox 1651 5196 1711 5240; x_wconf 92' lang='lat' dir='ltr'><strong>ut</strong></span> <span class='ocrx_word' id='word_1_624' title='bbox 1765 5202 1954 5241; x_wconf 88' lang='lat' dir='ltr'><strong>eorum</strong></span> <span class='ocrx_word' id='word_1_625' title='bbox 1990 5185 2122 5239; x_wconf 82' lang='lat' dir='ltr'><strong>Pas-</strong></span> 
     </span>
    </p>
   </div>
   <div class='ocr_carea' id='block_1_90' title="bbox 541 5257 2120 5327">
    <p class='ocr_par' dir='ltr' id='par_1_90' title="bbox 541 5257 2120 5327">
     <span class='ocr_line' id='line_1_92' title="bbox 541 5257 2120 5327; baseline -0.003 -13"><span class='ocrx_word' id='word_1_626' title='bbox 541 5260 640 5314; x_wconf 87' lang='lat' dir='ltr'><strong>cha</strong></span> <span class='ocrx_word' id='word_1_627' title='bbox 672 5270 803 5313; x_wconf 89' lang='lat' dir='ltr'><strong>ante</strong></span> <span class='ocrx_word' id='word_1_628' title='bbox 832 5257 1217 5326; x_wconf 64' lang='lat' dir='ltr'><strong>aequinoctium</strong></span> <span class='ocrx_word' id='word_1_629' title='bbox 1247 5259 1529 5327; x_wconf 87' lang='lat' dir='ltr'><strong>inciperet.</strong></span> <span class='ocrx_word' id='word_1_630' title='bbox 1570 5258 1653 5312; x_wconf 84' lang='lat' dir='ltr'><strong>Ita</strong></span> <span class='ocrx_word' id='word_1_631' title='bbox 1686 5258 1881 5325; x_wconf 85' lang='lat' dir='ltr'><strong>duplex</strong></span> <span class='ocrx_word' id='word_1_632' title='bbox 1915 5257 2120 5311; x_wconf 85' lang='lat' dir='ltr'><strong>Pascha</strong></span> 
     </span>
    </p>
   </div>
   <div class='ocr_carea' id='block_1_91' title="bbox 539 5327 2115 5397">
    <p class='ocr_par' dir='ltr' id='par_1_91' title="bbox 539 5327 2115 5397">
     <span class='ocr_line' id='line_1_93' title="bbox 539 5327 2115 5397; baseline -0.004 -12"><span class='ocrx_word' id='word_1_633' title='bbox 539 5330 729 5385; x_wconf 84' lang='lat' dir='ltr'><strong>eodem</strong></span> <span class='ocrx_word' id='word_1_634' title='bbox 762 5344 907 5383; x_wconf 88' lang='lat' dir='ltr'><strong>anno</strong></span> <span class='ocrx_word' id='word_1_635' title='bbox 938 5327 1308 5391; x_wconf 88' lang='lat' dir='ltr'><strong>celebrabant,</strong></span> <span class='ocrx_word' id='word_1_636' title='bbox 1341 5329 1389 5382; x_wconf 89' lang='lat' dir='ltr'><strong>si</strong></span> <span class='ocrx_word' id='word_1_637' title='bbox 1424 5344 1627 5383; x_wconf 89' lang='lat' dir='ltr'><strong>annum</strong></span> <span class='ocrx_word' id='word_1_638' title='bbox 1663 5328 1933 5397; x_wconf 87' lang='lat' dir='ltr'><strong>intelligas</strong></span> <span class='ocrx_word' id='word_1_639' title='bbox 1979 5330 2115 5382; x_wconf 85' lang='lat' dir='ltr'><strong>sola-</strong></span> 
     </span>
    </p>
   </div>
   <div class='ocr_carea' id='block_1_92' title="bbox 538 5398 2123 5467">
    <p class='ocr_par' dir='ltr' id='par_1_92' title="bbox 538 5398 2123 5467">
     <span class='ocr_line' id='line_1_94' title="bbox 538 5398 2123 5467; baseline -0.003 -12"><span class='ocrx_word' id='word_1_640' title='bbox 538 5417 655 5455; x_wconf 84' lang='lat' dir='ltr'><strong>retu</strong></span> <span class='ocrx_word' id='word_1_641' title='bbox 683 5416 747 5455; x_wconf 91' lang='lat' dir='ltr'><strong>ac</strong></span> <span class='ocrx_word' id='word_1_642' title='bbox 778 5398 1076 5465; x_wconf 83' lang='lat' dir='ltr'><strong>Julianum,</strong></span> <span class='ocrx_word' id='word_1_643' title='bbox 1106 5413 1137 5452; x_wconf 87' lang='lat' dir='ltr'><strong>a</strong></span> <span class='ocrx_word' id='word_1_644' title='bbox 1170 5413 1341 5453; x_wconf 87' lang='lat' dir='ltr'><strong>verno</strong></span> <span class='ocrx_word' id='word_1_645' title='bbox 1376 5400 1584 5454; x_wconf 88' lang='lat' dir='ltr'><strong>scilicet</strong></span> <span class='ocrx_word' id='word_1_646' title='bbox 1636 5398 1966 5467; x_wconf 76' lang='lat' dir='ltr'><strong>:equinoctio</strong></span> <span class='ocrx_word' id='word_1_647' title='bbox 2025 5400 2123 5453; x_wconf 91' lang='lat' dir='ltr'><strong>hu-</strong></span> 
     </span>
    </p>
   </div>
   <div class='ocr_carea' id='block_1_93' title="bbox 534 5469 2119 5538">
    <p class='ocr_par' dir='ltr' id='par_1_93' title="bbox 534 5469 2119 5538">
     <span class='ocr_line' id='line_1_95' title="bbox 534 5469 2119 5538; baseline -0.002 -14"><span class='ocrx_word' id='word_1_648' title='bbox 534 5470 624 5538; x_wconf 88' lang='lat' dir='ltr'><strong>jus</strong></span> <span class='ocrx_word' id='word_1_649' title='bbox 656 5472 784 5524; x_wconf 87' lang='lat' dir='ltr'><strong>anni</strong></span> <span class='ocrx_word' id='word_1_650' title='bbox 811 5472 883 5525; x_wconf 89' lang='lat' dir='ltr'><strong>ad</strong></span> <span class='ocrx_word' id='word_1_651' title='bbox 931 5469 1210 5538; x_wconf 86' lang='lat' dir='ltr'><strong>sequentis</strong></span> <span class='ocrx_word' id='word_1_652' title='bbox 1254 5471 1381 5523; x_wconf 91' lang='lat' dir='ltr'><strong>anni</strong></span> <span class='ocrx_word' id='word_1_653' title='bbox 1435 5484 1659 5523; x_wconf 85' lang='lat' dir='ltr'><strong>vernum</strong></span> <span class='ocrx_word' id='word_1_654' title='bbox 1713 5469 2119 5538; x_wconf 66' lang='lat' dir='ltr'><strong>aequinoctium.</strong></span> 
     </span>
    </p>
   </div>
   <div class='ocr_carea' id='block_1_94' title="bbox 538 5536 2124 5609">
    <p class='ocr_par' dir='ltr' id='par_1_94' title="bbox 538 5536 2124 5609">
     <span class='ocr_line' id='line_1_96' title="bbox 538 5536 2124 5609; baseline -0.003 -12"><span class='ocrx_word' id='word_1_655' title='bbox 538 5536 687 5597; x_wconf 85' lang='lat' dir='ltr'><strong>ldem</strong></span> <span class='ocrx_word' id='word_1_656' title='bbox 725 5542 803 5596; x_wconf 91' lang='lat' dir='ltr'><strong>ait</strong></span> <span class='ocrx_word' id='word_1_657' title='bbox 829 5536 1153 5595; x_wconf 83' lang='lat' dir='ltr'><strong>Ambrosius</strong></span> <span class='ocrx_word' id='word_1_658' title='bbox 1181 5540 1234 5593; x_wconf 90' lang='lat' dir='ltr'><strong>in</strong></span> <span class='ocrx_word' id='word_1_659' title='bbox 1277 5540 1506 5609; x_wconf 89' lang='lat' dir='ltr'><strong>epistola</strong></span> <span class='ocrx_word' id='word_1_660' title='bbox 1537 5542 1601 5593; x_wconf 89' lang='lat' dir='ltr'><strong>ad</strong></span> <span class='ocrx_word' id='word_1_661' title='bbox 1632 5536 1919 5608; x_wconf 77' lang='lat' dir='ltr'><strong>episcopos</strong></span> <span class='ocrx_word' id='word_1_662' title='bbox 1948 5536 2124 5594; x_wconf 65' lang='lat' dir='ltr'><strong>Emi-</strong></span> 
     </span>
    </p>
   </div>
   <div class='ocr_carea' id='block_1_95' title="bbox 538 5610 2123 5674">
    <p class='ocr_par' dir='ltr' id='par_1_95' title="bbox 538 5610 2123 5674">
     <span class='ocr_line' id='line_1_97' title="bbox 538 5610 2123 5674; baseline 0 -11"><span class='ocrx_word' id='word_1_663' title='bbox 538 5613 648 5674; x_wconf 77' lang='lat' dir='ltr'><strong>liue.</strong></span> <span class='ocrx_word' id='word_1_664' title='bbox 672 5613 762 5666; x_wconf 88' lang='lat' dir='ltr'><strong>ubi</strong></span> <span class='ocrx_word' id='word_1_665' title='bbox 823 5612 1014 5666; x_wconf 90' lang='lat' dir='ltr'><strong>scribit</strong></span> <span class='ocrx_word' id='word_1_666' title='bbox 1042 5611 1258 5667; x_wconf 75' lang='lat' dir='ltr'><strong>Judteos</strong></span> <span class='ocrx_word' id='word_1_667' title='bbox 1289 5612 1558 5665; x_wconf 88' lang='lat' dir='ltr'><strong>interdum</strong></span> <span class='ocrx_word' id='word_1_668' title='bbox 1596 5624 1780 5664; x_wconf 88' lang='lat' dir='ltr'><strong>mense</strong></span> <span class='ocrx_word' id='word_1_669' title='bbox 1804 5610 2123 5663; x_wconf 86' lang='lat' dir='ltr'><strong>duodecimo</strong></span> 
     </span>
    </p>
   </div>
   <div class='ocr_carea' id='block_1_96' title="bbox 542 5678 2123 5749">
    <p class='ocr_par' dir='ltr' id='par_1_96' title="bbox 542 5678 2123 5749">
     <span class='ocr_line' id='line_1_98' title="bbox 542 5678 2123 5749; baseline -0.001 -14"><span class='ocrx_word' id='word_1_670' title='bbox 542 5682 750 5738; x_wconf 78' lang='lat' dir='ltr'><strong>Pascha</strong></span> <span class='ocrx_word' id='word_1_671' title='bbox 778 5682 1113 5748; x_wconf 85' lang='lat' dir='ltr'><strong>celebrasse,</strong></span> <span class='ocrx_word' id='word_1_672' title='bbox 1151 5683 1202 5735; x_wconf 91' lang='lat' dir='ltr'><strong>id</strong></span> <span class='ocrx_word' id='word_1_673' title='bbox 1229 5690 1334 5745; x_wconf 84' lang='lat' dir='ltr'><strong>est,</strong></span> <span class='ocrx_word' id='word_1_674' title='bbox 1357 5680 1514 5749; x_wconf 79' lang='lat' dir='ltr'><strong>juxta</strong></span> <span class='ocrx_word' id='word_1_675' title='bbox 1549 5680 1770 5735; x_wconf 85' lang='lat' dir='ltr'><strong>Latinos</strong></span> <span class='ocrx_word' id='word_1_676' title='bbox 1800 5681 1884 5734; x_wconf 86' lang='lat' dir='ltr'><strong>vel</strong></span> <span class='ocrx_word' id='word_1_677' title='bbox 1928 5678 2123 5735; x_wconf 86' lang='lat' dir='ltr'><strong>Orien-</strong></span> 
     </span>
    </p>
   </div>
   <div class='ocr_carea' id='block_1_97' title="bbox 542 5751 2121 5823">
    <p class='ocr_par' dir='ltr' id='par_1_97' title="bbox 542 5751 2121 5823">
     <span class='ocr_line' id='line_1_99' title="bbox 542 5751 2121 5823; baseline 0 -18"><span class='ocrx_word' id='word_1_678' title='bbox 542 5752 697 5808; x_wconf 81' lang='lat' dir='ltr'><strong>tales.</strong></span> <span class='ocrx_word' id='word_1_679' title='bbox 733 5752 919 5823; x_wconf 83' lang='lat' dir='ltr'><strong>Neque</strong></span> <span class='ocrx_word' id='word_1_680' title='bbox 945 5755 1091 5811; x_wconf 84' lang='lat' dir='ltr'><strong>enim</strong></span> <span class='ocrx_word' id='word_1_681' title='bbox 1118 5752 1289 5809; x_wconf 69' lang='lat' dir='ltr'><strong>Judaei</strong></span> <span class='ocrx_word' id='word_1_682' title='bbox 1317 5766 1502 5808; x_wconf 88' lang='lat' dir='ltr'><strong>mense</strong></span> <span class='ocrx_word' id='word_1_683' title='bbox 1547 5751 1640 5805; x_wconf 90' lang='lat' dir='ltr'><strong>illo</strong></span> <span class='ocrx_word' id='word_1_684' title='bbox 1672 5754 1761 5821; x_wconf 88' lang='lat' dir='ltr'><strong>qui</strong></span> <span class='ocrx_word' id='word_1_685' title='bbox 1797 5751 1938 5821; x_wconf 84' lang='lat' dir='ltr'><strong>apud</strong></span> <span class='ocrx_word' id='word_1_686' title='bbox 1974 5752 2121 5822; x_wconf 76' lang='lat' dir='ltr'><strong>ipsos</strong></span> 
     </span>
    </p>
   </div>
   <div class='ocr_carea' id='block_1_98' title="bbox 2212 3208 3787 3281">
    <p class='ocr_par' dir='ltr' id='par_1_98' title="bbox 2212 3208 3787 3281">
     <span class='ocr_line' id='line_1_100' title="bbox 2212 3208 3787 3281; baseline 0.022 -19"><span class='ocrx_word' id='word_1_687' title='bbox 2212 3210 2278 3263; x_wconf 82' lang='grc' dir='ltr'>δι’</span> <span class='ocrx_word' id='word_1_688' title='bbox 2306 3209 2470 3280; x_wconf 78' lang='grc' dir='ltr'><strong>εὒχῆς</strong></span> <span class='ocrx_word' id='word_1_689' title='bbox 2502 3208 2645 3281; x_wconf 73' lang='grc' dir='ltr'>ἔχειν</span> <span class='ocrx_word' id='word_1_690' title='bbox 2675 3209 2923 3275; x_wconf 86' lang='grc' dir='ltr'>πάντοτε,</span> <span class='ocrx_word' id='word_1_691' title='bbox 2958 3210 3015 3262; x_wconf 87' lang='grc' dir='ltr'><strong>ἐν</strong></span> <span class='ocrx_word' id='word_1_692' title='bbox 3049 3208 3288 3279; x_wconf 65' lang='grc' dir='ltr'>μηδεμιᾷ</span> <span class='ocrx_word' id='word_1_693' title='bbox 3319 3208 3378 3261; x_wconf 71' lang='grc' dir='ltr'>τὸ</span> <span class='ocrx_word' id='word_1_694' title='bbox 3418 3208 3655 3280; x_wconf 68' lang='grc' dir='ltr'>καθαρὸν</span> <span class='ocrx_word' id='word_1_695' title='bbox 3687 3209 3787 3280; x_wconf 68' lang='grc' dir='ltr'><strong>τῆς</strong></span> 
     </span>
    </p>
   </div>
   <div class='ocr_carea' id='block_1_99' title="bbox 2219 3300 3786 3375">
    <p class='ocr_par' dir='ltr' id='par_1_99' title="bbox 2219 3300 3786 3375">
     <span class='ocr_line' id='line_1_101' title="bbox 2219 3300 3786 3375; baseline -0.002 -19"><span class='ocrx_word' id='word_1_696' title='bbox 2219 3303 2488 3375; x_wconf 85' lang='grc' dir='ltr'>ὑμετέρας</span> <span class='ocrx_word' id='word_1_697' title='bbox 2528 3302 2705 3373; x_wconf 80' lang='grc' dir='ltr'>ψυχῆς</span> <span class='ocrx_word' id='word_1_698' title='bbox 2747 3304 3021 3355; x_wconf 88' lang='grc' dir='ltr'>κοινωνεῖν</span> <span class='ocrx_word' id='word_1_699' title='bbox 3071 3302 3247 3356; x_wconf 88' lang='grc' dir='ltr'>δοκεῖν</span> <span class='ocrx_word' id='word_1_700' title='bbox 3294 3300 3594 3372; x_wconf 82' lang='grc' dir='ltr'>ἀνθρώπων</span> <span class='ocrx_word' id='word_1_701' title='bbox 3639 3300 3786 3356; x_wconf 75' lang='grc' dir='ltr'>ἔθεσι</span> 
     </span>
    </p>
   </div>
   <div class='ocr_carea' id='block_1_100' title="bbox 2220 3393 3785 3466">
    <p class='ocr_par' dir='ltr' id='par_1_100' title="bbox 2220 3393 3785 3466">
     <span class='ocr_line' id='line_1_102' title="bbox 2220 3393 3785 3466; baseline -0.003 -17"><span class='ocrx_word' id='word_1_702' title='bbox 2220 3397 2540 3464; x_wconf 87' lang='grc' dir='ltr'>παγκάκων.</span> <span class='ocrx_word' id='word_1_703' title='bbox 2575 3394 2721 3465; x_wconf 86' lang='grc' dir='ltr'>Πρὸς</span> <span class='ocrx_word' id='word_1_704' title='bbox 2765 3393 2973 3457; x_wconf 88' lang='grc' dir='ltr'>τούτοις</span> <span class='ocrx_word' id='word_1_705' title='bbox 3004 3394 3223 3447; x_wconf 84' lang='grc' dir='ltr'>κάκεῖνο</span> <span class='ocrx_word' id='word_1_706' title='bbox 3264 3395 3494 3466; x_wconf 86' lang='grc' dir='ltr'>πάρεστι</span> <span class='ocrx_word' id='word_1_707' title='bbox 3535 3395 3785 3465; x_wconf 81' lang='grc' dir='ltr'>συνορᾷν,</span> 
     </span>
    </p>
   </div>
   <div class='ocr_carea' id='block_1_101' title="bbox 2217 3486 3787 3559">
    <p class='ocr_par' dir='ltr' id='par_1_101' title="bbox 2217 3486 3787 3559">
     <span class='ocr_line' id='line_1_103' title="bbox 2217 3486 3787 3559; baseline -0.001 -19"><span class='ocrx_word' id='word_1_708' title='bbox 2217 3489 2292 3551; x_wconf 84' lang='grc' dir='ltr'><strong>ὡς</strong></span> <span class='ocrx_word' id='word_1_709' title='bbox 2335 3489 2391 3539; x_wconf 78' lang='grc' dir='ltr'><strong>ἐν</strong></span> <span class='ocrx_word' id='word_1_710' title='bbox 2433 3486 2735 3558; x_wconf 82' lang='grc' dir='ltr'>τηλικούτῳ</span> <span class='ocrx_word' id='word_1_711' title='bbox 2782 3487 3062 3559; x_wconf 88' lang='grc' dir='ltr'>πράγματι</span> <span class='ocrx_word' id='word_1_712' title='bbox 3095 3488 3186 3540; x_wconf 73' lang='grc' dir='ltr'><strong>καὶ</strong></span> <span class='ocrx_word' id='word_1_713' title='bbox 3227 3486 3448 3559; x_wconf 77' lang='grc' dir='ltr'>τοιαύτῃ</span> <span class='ocrx_word' id='word_1_714' title='bbox 3493 3486 3787 3558; x_wconf 85' lang='grc' dir='ltr'>θρησκείας</span> 
     </span>
    </p>
   </div>
   <div class='ocr_carea' id='block_1_102' title="bbox 2219 3579 3789 3652">
    <p class='ocr_par' dir='ltr' id='par_1_102' title="bbox 2219 3579 3789 3652">
     <span class='ocr_line' id='line_1_104' title="bbox 2219 3579 3789 3652; baseline 0 -19"><span class='ocrx_word' id='word_1_715' title='bbox 2219 3582 2379 3651; x_wconf 85' lang='grc' dir='ltr'>ἐορτῇ</span> <span class='ocrx_word' id='word_1_716' title='bbox 2412 3579 2702 3649; x_wconf 81' lang='grc' dir='ltr'>διαφωνίαν</span> <span class='ocrx_word' id='word_1_717' title='bbox 2742 3579 2928 3652; x_wconf 81' lang='grc' dir='ltr'>ἄρχειν</span> <span class='ocrx_word' id='word_1_718' title='bbox 2949 3622 2964 3645; x_wconf 92' lang='grc'><strong>,</strong></span> <span class='ocrx_word' id='word_1_719' title='bbox 2998 3579 3145 3634; x_wconf 74' lang='grc' dir='ltr'>ἐστὶν</span> <span class='ocrx_word' id='word_1_720' title='bbox 3167 3579 3450 3650; x_wconf 80' lang='grc' dir='ltr'>ἀθέμιτον.</span> <span class='ocrx_word' id='word_1_721' title='bbox 3493 3580 3640 3635; x_wconf 84' lang='grc' dir='ltr'>Μίαν</span> <span class='ocrx_word' id='word_1_722' title='bbox 3678 3579 3789 3652; x_wconf 76' lang='grc' dir='ltr'><strong>γὰρ</strong></span> 
     </span>
    </p>
   </div>
   <div class='ocr_carea' id='block_1_103' title="bbox 2217 3780 3787 3850">
    <p class='ocr_par' dir='ltr' id='par_1_103' title="bbox 2217 3780 3787 3850">
     <span class='ocr_line' id='line_1_105' title="bbox 2217 3780 3787 3850; baseline 0.002 -16"><span class='ocrx_word' id='word_1_723' title='bbox 2217 3792 2337 3835; x_wconf 78' lang='lat' dir='ltr'><strong>erat</strong></span> <span class='ocrx_word' id='word_1_724' title='bbox 2362 3781 2743 3843; x_wconf 83' lang='lat' dir='ltr'><strong>duodecimus,</strong></span> <span class='ocrx_word' id='word_1_725' title='bbox 2788 3780 2993 3836; x_wconf 85' lang='lat' dir='ltr'><strong>Pascha</strong></span> <span class='ocrx_word' id='word_1_726' title='bbox 3030 3795 3263 3850; x_wconf 88' lang='lat' dir='ltr'><strong>unquam</strong></span> <span class='ocrx_word' id='word_1_727' title='bbox 3297 3781 3663 3847; x_wconf 90' lang='lat' dir='ltr'><strong>celebrabant,</strong></span> <span class='ocrx_word' id='word_1_728' title='bbox 3693 3784 3787 3837; x_wconf 89' lang='lat' dir='ltr'><strong>sed</strong></span> 
     </span>
    </p>
   </div>
   <div class='ocr_carea' id='block_1_104' title="bbox 2216 3851 3789 3920">
    <p class='ocr_par' dir='ltr' id='par_1_104' title="bbox 2216 3851 3789 3920">
     <span class='ocr_line' id='line_1_106' title="bbox 2216 3851 3789 3920; baseline 0.001 -14"><span class='ocrx_word' id='word_1_729' title='bbox 2216 3854 2426 3906; x_wconf 83' lang='lat' dir='ltr'><strong>decima</strong></span> <span class='ocrx_word' id='word_1_730' title='bbox 2451 3862 2643 3919; x_wconf 86' lang='lat' dir='ltr'><strong>quarta</strong></span> <span class='ocrx_word' id='word_1_731' title='bbox 2674 3852 2761 3906; x_wconf 91' lang='lat' dir='ltr'><strong>die</strong></span> <span class='ocrx_word' id='word_1_732' title='bbox 2783 3852 2939 3920; x_wconf 87' lang='lat' dir='ltr'><strong>primi</strong></span> <span class='ocrx_word' id='word_1_733' title='bbox 2971 3854 3193 3907; x_wconf 90' lang='lat' dir='ltr'><strong>mensis.</strong></span> <span class='ocrx_word' id='word_1_734' title='bbox 3223 3851 3393 3907; x_wconf 89' lang='lat' dir='ltr'><strong>Porro</strong></span> <span class='ocrx_word' id='word_1_735' title='bbox 3413 3853 3528 3906; x_wconf 64' lang='lat' dir='ltr'><strong>haec</strong></span> <span class='ocrx_word' id='word_1_736' title='bbox 3572 3853 3789 3908; x_wconf 88' lang='lat' dir='ltr'><strong>iteratio</strong></span> 
     </span>
    </p>
   </div>
   <div class='ocr_carea' id='block_1_105' title="bbox 2223 3920 3783 3991">
    <p class='ocr_par' dir='ltr' id='par_1_105' title="bbox 2223 3920 3783 3991">
     <span class='ocr_line' id='line_1_107' title="bbox 2223 3920 3783 3991; baseline 0.003 -19"><span class='ocrx_word' id='word_1_737' title='bbox 2223 3938 2382 3988; x_wconf 66' lang='lat' dir='ltr'><strong>«lnam</strong></span> <span class='ocrx_word' id='word_1_738' title='bbox 2445 3921 2645 3977; x_wconf 76' lang='lat' dir='ltr'><strong>.ludzeis</strong></span> <span class='ocrx_word' id='word_1_739' title='bbox 2702 3922 2891 3989; x_wconf 86' lang='lat' dir='ltr'><strong>objicit</strong></span> <span class='ocrx_word' id='word_1_740' title='bbox 2951 3920 3389 3987; x_wconf 81' lang='lat' dir='ltr'><strong>Constantinus,</strong></span> <span class='ocrx_word' id='word_1_741' title='bbox 3446 3937 3783 3991; x_wconf 90' lang='lat' dir='ltr'><strong>nequaquam</strong></span> 
     </span>
    </p>
   </div>
   <div class='ocr_carea' id='block_1_106' title="bbox 2222 3992 3785 4063">
    <p class='ocr_par' dir='ltr' id='par_1_106' title="bbox 2222 3992 3785 4063">
     <span class='ocr_line' id='line_1_108' title="bbox 2222 3992 3785 4063; baseline 0.002 -18"><span class='ocrx_word' id='word_1_742' title='bbox 2222 3992 2399 4063; x_wconf 87' lang='lat' dir='ltr'><strong>magni</strong></span> <span class='ocrx_word' id='word_1_743' title='bbox 2425 3992 2680 4047; x_wconf 87' lang='lat' dir='ltr'><strong>momenti</strong></span> <span class='ocrx_word' id='word_1_744' title='bbox 2737 3993 3123 4063; x_wconf 67' lang='lat' dir='ltr'><strong>mihiquidem</strong></span> <span class='ocrx_word' id='word_1_745' title='bbox 3173 3992 3590 4063; x_wconf 23' lang='lat' dir='ltr'><strong>videturnldcm</strong></span> <span class='ocrx_word' id='word_1_746' title='bbox 3642 3995 3785 4048; x_wconf 89' lang='lat' dir='ltr'><strong>enim</strong></span> 
     </span>
    </p>
   </div>
   <div class='ocr_carea' id='block_1_107' title="bbox 2224 4060 3785 4132">
    <p class='ocr_par' dir='ltr' id='par_1_107' title="bbox 2224 4060 3785 4132">
     <span class='ocr_line' id='line_1_109' title="bbox 2224 4060 3785 4132; baseline 0.002 -18"><span class='ocrx_word' id='word_1_747' title='bbox 2224 4060 2540 4131; x_wconf 76' lang='lat' dir='ltr'><strong>retorquere</strong></span> <span class='ocrx_word' id='word_1_748' title='bbox 2590 4070 2838 4132; x_wconf 83' lang='lat' dir='ltr'><strong>poterant</strong></span> <span class='ocrx_word' id='word_1_749' title='bbox 2876 4060 3045 4117; x_wconf 66' lang='lat' dir='ltr'><strong>Judaei</strong></span> <span class='ocrx_word' id='word_1_750' title='bbox 3099 4064 3363 4118; x_wconf 76' lang='lat' dir='ltr'><strong>adversus</strong></span> <span class='ocrx_word' id='word_1_751' title='bbox 3410 4060 3785 4129; x_wconf 89' lang='lat' dir='ltr'><strong>Christianos;</strong></span> 
     </span>
    </p>
   </div>
   <div class='ocr_carea' id='block_1_108' title="bbox 2225 4131 3789 4200">
    <p class='ocr_par' dir='ltr' id='par_1_108' title="bbox 2225 4131 3789 4200">
     <span class='ocr_line' id='line_1_110' title="bbox 2225 4131 3789 4200; baseline 0.003 -17"><span class='ocrx_word' id='word_1_752' title='bbox 2225 4148 2318 4184; x_wconf 82' lang='lat' dir='ltr'><strong>eos</strong></span> <span class='ocrx_word' id='word_1_753' title='bbox 2343 4133 2555 4187; x_wconf 86' lang='lat' dir='ltr'><strong>scilicet</strong></span> <span class='ocrx_word' id='word_1_754' title='bbox 2585 4131 2692 4185; x_wconf 88' lang='lat' dir='ltr'><strong>uno</strong></span> <span class='ocrx_word' id='word_1_755' title='bbox 2732 4131 3029 4200; x_wconf 89' lang='lat' dir='ltr'><strong>eodemque</strong></span> <span class='ocrx_word' id='word_1_756' title='bbox 3083 4148 3226 4186; x_wconf 89' lang='lat' dir='ltr'><strong>anno</strong></span> <span class='ocrx_word' id='word_1_757' title='bbox 3276 4134 3356 4187; x_wconf 92' lang='lat' dir='ltr'><strong>his</strong></span> <span class='ocrx_word' id='word_1_758' title='bbox 3403 4132 3611 4186; x_wconf 87' lang='lat' dir='ltr'><strong>Pascha</strong></span> <span class='ocrx_word' id='word_1_759' title='bbox 3649 4134 3789 4188; x_wconf 89' lang='lat' dir='ltr'><strong>cele-</strong></span> 
     </span>
    </p>
   </div>
   <div class='ocr_carea' id='block_1_109' title="bbox 2223 4202 3789 4272">
    <p class='ocr_par' dir='ltr' id='par_1_109' title="bbox 2223 4202 3789 4272">
     <span class='ocr_line' id='line_1_111' title="bbox 2223 4202 3789 4272; baseline 0.003 -19"><span class='ocrx_word' id='word_1_760' title='bbox 2223 4202 2435 4265; x_wconf 86' lang='lat' dir='ltr'><strong>brasse,</strong></span> <span class='ocrx_word' id='word_1_761' title='bbox 2461 4203 2503 4257; x_wconf 91' lang='lat' dir='ltr'><strong>si</strong></span> <span class='ocrx_word' id='word_1_762' title='bbox 2542 4217 2751 4257; x_wconf 88' lang='lat' dir='ltr'><strong>annum</strong></span> <span class='ocrx_word' id='word_1_763' title='bbox 2774 4212 3076 4257; x_wconf 84' lang='lat' dir='ltr'><strong>vertentem</strong></span> <span class='ocrx_word' id='word_1_764' title='bbox 3104 4202 3487 4272; x_wconf 88' lang='lat' dir='ltr'><strong>intelligamus.</strong></span> <span class='ocrx_word' id='word_1_765' title='bbox 3521 4202 3789 4258; x_wconf 86' lang='lat' dir='ltr'><strong>Ponamus</strong></span> 
     </span>
    </p>
   </div>
   <div class='ocr_carea' id='block_1_110' title="bbox 2224 4272 3789 4328">
    <p class='ocr_par' dir='ltr' id='par_1_110' title="bbox 2224 4272 3789 4328">
     <span class='ocr_line' id='line_1_112' title="bbox 2224 4272 3789 4328; baseline 0.004 -6"><span class='ocrx_word' id='word_1_766' title='bbox 2224 4274 2369 4326; x_wconf 75' lang='lat' dir='ltr'><strong>enim</strong></span> <span class='ocrx_word' id='word_1_767' title='bbox 2394 4274 2497 4327; x_wconf 88' lang='lat' dir='ltr'><strong>hoc</strong></span> <span class='ocrx_word' id='word_1_768' title='bbox 2530 4288 2672 4327; x_wconf 92' lang='lat' dir='ltr'><strong>anno</strong></span> <span class='ocrx_word' id='word_1_769' title='bbox 2706 4272 2908 4327; x_wconf 88' lang='lat' dir='ltr'><strong>Pascha</strong></span> <span class='ocrx_word' id='word_1_770' title='bbox 2952 4274 3214 4327; x_wconf 87' lang='lat' dir='ltr'><strong>celebrari</strong></span> <span class='ocrx_word' id='word_1_771' title='bbox 3255 4275 3466 4327; x_wconf 83' lang='lat' dir='ltr'><strong>decium</strong></span> <span class='ocrx_word' id='word_1_772' title='bbox 3521 4273 3789 4328; x_wconf 82' lang='lat' dir='ltr'><strong>Kalendas</strong></span> 
     </span>
    </p>
   </div>
   <div class='ocr_carea' id='block_1_111' title="bbox 2224 4341 3783 4410">
    <p class='ocr_par' dir='ltr' id='par_1_111' title="bbox 2224 4341 3783 4410">
     <span class='ocr_line' id='line_1_113' title="bbox 2224 4341 3783 4410; baseline 0.001 -15"><span class='ocrx_word' id='word_1_773' title='bbox 2224 4341 2391 4398; x_wconf 83' lang='lat' dir='ltr'><strong>Maias</strong></span> <span class='ocrx_word' id='word_1_774' title='bbox 2419 4363 2431 4396; x_wconf 88' lang='lat'><strong>:</strong></span> <span class='ocrx_word' id='word_1_775' title='bbox 2464 4353 2723 4410; x_wconf 90' lang='lat' dir='ltr'><strong>sequente</strong></span> <span class='ocrx_word' id='word_1_776' title='bbox 2746 4357 2890 4397; x_wconf 89' lang='lat' dir='ltr'><strong>anno</strong></span> <span class='ocrx_word' id='word_1_777' title='bbox 2922 4344 3083 4398; x_wconf 93' lang='lat' dir='ltr'><strong>citius</strong></span> <span class='ocrx_word' id='word_1_778' title='bbox 3107 4343 3409 4397; x_wconf 88' lang='lat' dir='ltr'><strong>celebretur</strong></span> <span class='ocrx_word' id='word_1_779' title='bbox 3436 4358 3659 4398; x_wconf 91' lang='lat' dir='ltr'><strong>necesse</strong></span> <span class='ocrx_word' id='word_1_780' title='bbox 3680 4353 3783 4397; x_wconf 91' lang='lat' dir='ltr'><strong>est.</strong></span> 
     </span>
    </p>
   </div>
   <div class='ocr_carea' id='block_1_112' title="bbox 2222 4413 3787 4482">
    <p class='ocr_par' dir='ltr' id='par_1_112' title="bbox 2222 4413 3787 4482">
     <span class='ocr_line' id='line_1_114' title="bbox 2222 4413 3787 4482; baseline 0 -15"><span class='ocrx_word' id='word_1_781' title='bbox 2222 4416 2395 4482; x_wconf 86' lang='lat' dir='ltr'><strong>Atque</strong></span> <span class='ocrx_word' id='word_1_782' title='bbox 2434 4414 2508 4468; x_wconf 87' lang='lat' dir='ltr'><strong>ita</strong></span> <span class='ocrx_word' id='word_1_783' title='bbox 2541 4413 2734 4482; x_wconf 78' lang='lat' dir='ltr'><strong>duplex</strong></span> <span class='ocrx_word' id='word_1_784' title='bbox 2768 4413 2976 4468; x_wconf 87' lang='lat' dir='ltr'><strong>Pascha</strong></span> <span class='ocrx_word' id='word_1_785' title='bbox 3018 4415 3157 4468; x_wconf 90' lang='lat' dir='ltr'><strong>intra</strong></span> <span class='ocrx_word' id='word_1_786' title='bbox 3189 4415 3348 4468; x_wconf 91' lang='lat' dir='ltr'><strong>unius</strong></span> <span class='ocrx_word' id='word_1_787' title='bbox 3378 4416 3502 4467; x_wconf 90' lang='lat' dir='ltr'><strong>anni</strong></span> <span class='ocrx_word' id='word_1_788' title='bbox 3530 4416 3787 4475; x_wconf 78' lang='lat' dir='ltr'><strong>vertentis</strong></span> 
     </span>
    </p>
   </div>
   <div class='ocr_carea' id='block_1_113' title="bbox 2223 4482 3785 4552">
    <p class='ocr_par' dir='ltr' id='par_1_113' title="bbox 2223 4482 3785 4552">
     <span class='ocr_line' id='line_1_115' title="bbox 2223 4482 3785 4552; baseline -0.001 -13"><span class='ocrx_word' id='word_1_789' title='bbox 2223 4484 2553 4539; x_wconf 89' lang='lat' dir='ltr'><strong>curriculum</strong></span> <span class='ocrx_word' id='word_1_790' title='bbox 2590 4486 2730 4552; x_wconf 89' lang='lat' dir='ltr'><strong>apud</strong></span> <span class='ocrx_word' id='word_1_791' title='bbox 2753 4482 3097 4539; x_wconf 88' lang='lat' dir='ltr'><strong>Christianos</strong></span> <span class='ocrx_word' id='word_1_792' title='bbox 3124 4484 3385 4538; x_wconf 91' lang='lat' dir='ltr'><strong>occurrit.</strong></span> <span class='ocrx_word' id='word_1_793' title='bbox 3429 4483 3578 4551; x_wconf 83' lang='lat' dir='ltr'><strong>Quod</strong></span> <span class='ocrx_word' id='word_1_794' title='bbox 3608 4492 3785 4538; x_wconf 86' lang='lat' dir='ltr'><strong>tamen</strong></span> 
     </span>
    </p>
   </div>
   <div class='ocr_carea' id='block_1_114' title="bbox 2225 4554 3789 4621">
    <p class='ocr_par' dir='ltr' id='par_1_114' title="bbox 2225 4554 3789 4621">
     <span class='ocr_line' id='line_1_116' title="bbox 2225 4554 3789 4621; baseline 0.001 -14"><span class='ocrx_word' id='word_1_795' title='bbox 2225 4570 2330 4610; x_wconf 90' lang='lat' dir='ltr'><strong>non</strong></span> <span class='ocrx_word' id='word_1_796' title='bbox 2354 4556 2587 4618; x_wconf 83' lang='lat' dir='ltr'><strong>eveniet,</strong></span> <span class='ocrx_word' id='word_1_797' title='bbox 2623 4554 2673 4608; x_wconf 89' lang='lat' dir='ltr'><strong>si</strong></span> <span class='ocrx_word' id='word_1_798' title='bbox 2709 4567 2913 4608; x_wconf 90' lang='lat' dir='ltr'><strong>annum</strong></span> <span class='ocrx_word' id='word_1_799' title='bbox 2945 4556 3312 4609; x_wconf 81' lang='lat' dir='ltr'><strong>numeraveris</strong></span> <span class='ocrx_word' id='word_1_800' title='bbox 3338 4555 3404 4609; x_wconf 89' lang='lat' dir='ltr'><strong>ab</strong></span> <span class='ocrx_word' id='word_1_801' title='bbox 3426 4554 3789 4621; x_wconf 84' lang='lat' dir='ltr'><strong>aequinoctiali</strong></span> 
     </span>
    </p>
   </div>
   <div class='ocr_carea' id='block_1_115' title="bbox 2223 4622 3788 4692">
    <p class='ocr_par' dir='ltr' id='par_1_115' title="bbox 2223 4622 3788 4692">
     <span class='ocr_line' id='line_1_117' title="bbox 2223 4622 3788 4692; baseline 0.002 -15"><span class='ocrx_word' id='word_1_802' title='bbox 2223 4622 2447 4679; x_wconf 72' lang='lat' dir='ltr'><strong>cardine</strong></span> <span class='ocrx_word' id='word_1_803' title='bbox 2469 4631 2535 4678; x_wconf 89' lang='lat' dir='ltr'><strong>ad</strong></span> <span class='ocrx_word' id='word_1_804' title='bbox 2574 4625 2794 4678; x_wconf 86' lang='lat' dir='ltr'><strong>alterius</strong></span> <span class='ocrx_word' id='word_1_805' title='bbox 2826 4626 2951 4679; x_wconf 91' lang='lat' dir='ltr'><strong>anni</strong></span> <span class='ocrx_word' id='word_1_806' title='bbox 2979 4640 3204 4678; x_wconf 85' lang='lat' dir='ltr'><strong>vernum</strong></span> <span class='ocrx_word' id='word_1_807' title='bbox 3240 4624 3788 4692; x_wconf 67' lang='lat' dir='ltr'><strong>:equinOCtiumNide</strong></span> 
     </span>
    </p>
   </div>
   <div class='ocr_carea' id='block_1_116' title="bbox 2225 4695 3787 4765">
    <p class='ocr_par' dir='ltr' id='par_1_116' title="bbox 2225 4695 3787 4765">
     <span class='ocr_line' id='line_1_118' title="bbox 2225 4695 3787 4765; baseline 0 -17"><span class='ocrx_word' id='word_1_808' title='bbox 2225 4696 2581 4765; x_wconf 79' lang='lat' dir='ltr'><strong>Epiphanium</strong></span> <span class='ocrx_word' id='word_1_809' title='bbox 2619 4696 2672 4748; x_wconf 91' lang='lat' dir='ltr'><strong>in</strong></span> <span class='ocrx_word' id='word_1_810' title='bbox 2721 4695 2911 4749; x_wconf 59' lang='lat' dir='ltr'><strong>haeresi</strong></span> <span class='ocrx_word' id='word_1_811' title='bbox 2970 4695 3057 4759; x_wconf 88' lang='lat'><strong>70,</strong></span> <span class='ocrx_word' id='word_1_812' title='bbox 3114 4710 3233 4764; x_wconf 70' lang='lat' dir='ltr'><strong>quas</strong></span> <span class='ocrx_word' id='word_1_813' title='bbox 3288 4704 3371 4749; x_wconf 88' lang='lat' dir='ltr'><strong>est</strong></span> <span class='ocrx_word' id='word_1_814' title='bbox 3417 4696 3787 4765; x_wconf 81' lang='lat' dir='ltr'><strong>Audianorum</strong></span> 
     </span>
    </p>
   </div>
   <div class='ocr_carea' id='block_1_117' title="bbox 2224 4762 3813 4841">
    <p class='ocr_par' dir='ltr' id='par_1_117' title="bbox 2224 4762 3813 4841">
     <span class='ocr_line' id='line_1_119' title="bbox 2224 4762 3813 4841; baseline 0.001 -23"><span class='ocrx_word' id='word_1_815' title='bbox 2224 4762 2347 4837; x_wconf 49' lang='lat' dir='ltr'><strong>pag;</strong></span> <span class='ocrx_word' id='word_1_816' title='bbox 2375 4766 2505 4841; x_wconf 69' lang='lat'><strong>§24_,</strong></span> <span class='ocrx_word' id='word_1_817' title='bbox 2537 4762 3203 4841; x_wconf 51' lang='lat' dir='ltr'><strong>et__aiiiniadversi_¢ine§&#39;b.</strong></span> <span class='ocrx_word' id='word_1_818' title='bbox 3223 4766 3471 4841; x_wconf 29' lang='lat' dir='ltr'><strong>‘Petayii.</strong></span> <span class='ocrx_word' id='word_1_819' title='bbox 3502 4764 3600 4820; x_wconf 91' lang='lat' dir='ltr'><strong>Cui</strong></span> <span class='ocrx_word' id='word_1_820' title='bbox 3624 4762 3813 4841; x_wconf 62' lang='lat' dir='ltr'><strong>jungef</strong></span> 
     </span>
    </p>
   </div>
   <div class='ocr_carea' id='block_1_118' title="bbox 2224 4835 3806 4956">
    <p class='ocr_par' dir='ltr' id='par_1_118' title="bbox 2224 4835 3806 4956">
     <span class='ocr_line' id='line_1_120' title="bbox 2224 4835 3806 4956; baseline 0.001 -68"><span class='ocrx_word' id='word_1_821' title='bbox 2224 4835 2343 4956; x_wconf 57' lang='grc' dir='ltr'><strong>υἱῲ.</strong></span> <span class='ocrx_word' id='word_1_822' title='bbox 2379 4836 2413 4889; x_wconf 80' lang='grc'><strong>5</strong></span> <span class='ocrx_word' id='word_1_823' title='bbox 2440 4836 2640 4904; x_wconf 65' lang='grc' dir='ltr'><strong>Αῐεὶάἰί</strong></span> <span class='ocrx_word' id='word_1_824' title='bbox 2670 4835 2921 4889; x_wconf 86' lang='lat' dir='ltr'><strong>Bucherii</strong></span> <span class='ocrx_word' id='word_1_825' title='bbox 2958 4836 3037 4889; x_wconf 85' lang='lat' dir='ltr'><strong>De</strong></span> <span class='ocrx_word' id='word_1_826' title='bbox 3072 4835 3320 4890; x_wconf 67' lang='lat' dir='ltr'><strong>Paw/tali</strong></span> <span class='ocrx_word' id='word_1_827' title='bbox 3364 4835 3678 4890; x_wconf 75' lang='lat' dir='ltr'><strong>Judworum</strong></span> <span class='ocrx_word' id='word_1_828' title='bbox 3702 4835 3806 4905; x_wconf 62' lang='grc' dir='ltr'>εει-ξ</span> 
     </span>
     <span class='ocr_line' id='line_1_121' title="bbox 2224 4911 3806 4956; baseline -0.001 0"><span class='ocrx_word' id='word_1_829' title='bbox 2224 4923 2249 4956; x_wconf 90' lang='lat' dir='ltr'><strong>c</strong></span> <span class='ocrx_word' id='word_1_830' title='bbox 2276 4923 2324 4956; x_wconf 91' lang='grc' dir='ltr'><strong>ο.</strong></span> <span class='ocrx_word' id='word_1_831' title='bbox 3795 4911 3806 4955; x_wconf 64' lang='grc' dir='ltr'><strong>ξ</strong></span> 
     </span>
    </p>
   </div>
   <div class='ocr_carea' id='block_1_119' title="bbox 2223 4911 3822 4960">
    <p class='ocr_par' dir='ltr' id='par_1_119' title="bbox 2223 4911 3822 4960">
     <span class='ocr_line' id='line_1_122' title="bbox 2223 4911 3822 4960; baseline -0.002 -2"><span class='ocrx_word' id='word_1_832' title='bbox 2223 4911 2324 4960; x_wconf 79' lang='lat' dir='ltr'><strong>clo.</strong></span> <span class='ocrx_word' id='word_1_833' title='bbox 3795 4911 3822 4955; x_wconf 62' lang='grc' dir='ltr'><strong>ξ-</strong></span> 
     </span>
    </p>
   </div>
   <div class='ocr_carea' id='block_1_120' title="bbox 2296 4975 3791 5048">
    <p class='ocr_par' dir='ltr' id='par_1_120' title="bbox 2296 4975 3791 5048">
     <span class='ocr_line' id='line_1_123' title="bbox 2296 4975 3791 5048; baseline 0.001 -18"><span class='ocrx_word' id='word_1_834' title='bbox 2296 4976 2409 5048; x_wconf 85' lang='grc'>(68)</span> <span class='ocrx_word' id='word_1_835' title='bbox 2451 4975 2619 5042; x_wconf 80' lang='grc' dir='ltr'>Τίνος</span> <span class='ocrx_word' id='word_1_836' title='bbox 2662 4976 2858 5046; x_wconf 80' lang='grc' dir='ltr'>χάριν.</span> <span class='ocrx_word' id='word_1_837' title='bbox 2903 4977 3056 5048; x_wconf 85' lang='lat' dir='ltr'><strong>A_pud</strong></span> <span class='ocrx_word' id='word_1_838' title='bbox 3109 4976 3495 5032; x_wconf 88' lang='lat' dir='ltr'><strong>Theodoritnm</strong></span> <span class='ocrx_word' id='word_1_839' title='bbox 3549 4984 3602 5048; x_wconf 78' lang='lat' dir='ltr'><strong>et</strong></span> <span class='ocrx_word' id='word_1_840' title='bbox 3634 4975 3791 5031; x_wconf 85' lang='lat' dir='ltr'><strong>Nice-</strong></span> 
     </span>
    </p>
   </div>
   <div class='ocr_carea' id='block_1_121' title="bbox 2225 5044 3791 5119">
    <p class='ocr_par' dir='ltr' id='par_1_121' title="bbox 2225 5044 3791 5119">
     <span class='ocr_line' id='line_1_124' title="bbox 2225 5044 3791 5119; baseline -0.001 -19"><span class='ocrx_word' id='word_1_841' title='bbox 2225 5044 2452 5119; x_wconf 74' lang='lat' dir='ltr'><strong>phorum</strong></span> <span class='ocrx_word' id='word_1_842' title='bbox 2486 5044 2695 5119; x_wconf 75' lang='lat' dir='ltr'><strong>legitth</strong></span> <span class='ocrx_word' id='word_1_843' title='bbox 2715 5044 2858 5112; x_wconf 90' lang='grc' dir='ltr'>τίνος</span> <span class='ocrx_word' id='word_1_844' title='bbox 2888 5044 2981 5100; x_wconf 82' lang='grc' dir='ltr'><strong>οὖν</strong></span> <span class='ocrx_word' id='word_1_845' title='bbox 3010 5050 3188 5119; x_wconf 87' lang='grc' dir='ltr'>χάριν.</span> <span class='ocrx_word' id='word_1_846' title='bbox 3225 5048 3315 5101; x_wconf 87' lang='lat' dir='ltr'><strong>Sic</strong></span> <span class='ocrx_word' id='word_1_847' title='bbox 3340 5049 3505 5101; x_wconf 87' lang='lat' dir='ltr'><strong>etiam</strong></span> <span class='ocrx_word' id='word_1_848' title='bbox 3538 5047 3791 5102; x_wconf 87' lang='lat' dir='ltr'><strong>Socrates</strong></span> 
     </span>
    </p>
   </div>
   <div class='ocr_carea' id='block_1_122' title="bbox 2224 5116 3789 5188">
    <p class='ocr_par' dir='ltr' id='par_1_122' title="bbox 2224 5116 3789 5188">
     <span class='ocr_line' id='line_1_125' title="bbox 2224 5116 3789 5188; baseline 0.001 -18"><span class='ocrx_word' id='word_1_849' title='bbox 2224 5127 2279 5170; x_wconf 90' lang='lat' dir='ltr'><strong>et</strong></span> <span class='ocrx_word' id='word_1_850' title='bbox 2315 5116 2585 5173; x_wconf 78' lang='lat' dir='ltr'><strong>Gelasius.</strong></span> <span class='ocrx_word' id='word_1_851' title='bbox 2635 5116 2714 5172; x_wconf 74' lang='lat' dir='ltr'><strong>Ex</strong></span> <span class='ocrx_word' id='word_1_852' title='bbox 2761 5121 2957 5186; x_wconf 87' lang='lat' dir='ltr'><strong>quibus</strong></span> <span class='ocrx_word' id='word_1_853' title='bbox 2994 5116 3310 5188; x_wconf 73' lang='lat' dir='ltr'><strong>corrigenda</strong></span> <span class='ocrx_word' id='word_1_854' title='bbox 3360 5128 3508 5179; x_wconf 91' lang='lat' dir='ltr'><strong>sunt,</strong></span> <span class='ocrx_word' id='word_1_855' title='bbox 3546 5134 3665 5186; x_wconf 67' lang='lat' dir='ltr'><strong>qua:</strong></span> <span class='ocrx_word' id='word_1_856' title='bbox 3701 5132 3789 5171; x_wconf 81' lang='lat' dir='ltr'><strong>se-</strong></span> 
     </span>
    </p>
   </div>
   <div class='ocr_carea' id='block_1_123' title="bbox 2226 5188 3796 5260">
    <p class='ocr_par' dir='ltr' id='par_1_123' title="bbox 2226 5188 3796 5260">
     <span class='ocr_line' id='line_1_126' title="bbox 2226 5188 3796 5260; baseline -0.001 -19"><span class='ocrx_word' id='word_1_857' title='bbox 2226 5197 2463 5260; x_wconf 84' lang='lat' dir='ltr'><strong>quuntur</strong></span> <span class='ocrx_word' id='word_1_858' title='bbox 2497 5190 2596 5242; x_wconf 92' lang='lat' dir='ltr'><strong>hoc</strong></span> <span class='ocrx_word' id='word_1_859' title='bbox 2652 5191 2810 5243; x_wconf 87' lang='lat' dir='ltr'><strong>modo</strong></span> <span class='ocrx_word' id='word_1_860' title='bbox 2858 5208 2871 5243; x_wconf 91' lang='lat'><strong>:</strong></span> <span class='ocrx_word' id='word_1_861' title='bbox 2927 5189 3025 5260; x_wconf 83' lang='grc' dir='ltr'>τὴν</span> <span class='ocrx_word' id='word_1_862' title='bbox 3058 5189 3327 5260; x_wconf 84' lang='grc' dir='ltr'>ὑμετέραν</span> <span class='ocrx_word' id='word_1_863' title='bbox 3379 5189 3680 5259; x_wconf 82' lang='grc' dir='ltr'>ἀγχίνοιαν.</span> <span class='ocrx_word' id='word_1_864' title='bbox 3728 5188 3796 5260; x_wconf 82' lang='lat' dir='ltr'><strong>Et</strong></span> 
     </span>
    </p>
   </div>
   <div class='ocr_carea' id='block_1_124' title="bbox 2223 5257 3793 5331">
    <p class='ocr_par' dir='ltr' id='par_1_124' title="bbox 2223 5257 3793 5331">
     <span class='ocr_line' id='line_1_127' title="bbox 2223 5257 3793 5331; baseline -0.002 -20"><span class='ocrx_word' id='word_1_865' title='bbox 2223 5258 2385 5331; x_wconf 82' lang='lat' dir='ltr'><strong>paulo</strong></span> <span class='ocrx_word' id='word_1_866' title='bbox 2418 5268 2539 5326; x_wconf 91' lang='lat' dir='ltr'><strong>post</strong></span> <span class='ocrx_word' id='word_1_867' title='bbox 2574 5261 2632 5313; x_wconf 85' lang='grc' dir='ltr'><strong>ὲν</strong></span> <span class='ocrx_word' id='word_1_868' title='bbox 2680 5259 2917 5331; x_wconf 84' lang='grc' dir='ltr'>μηδεμιᾷ</span> <span class='ocrx_word' id='word_1_869' title='bbox 2949 5257 3244 5331; x_wconf 76' lang='grc' dir='ltr'>ὁμοιότητι.</span> <span class='ocrx_word' id='word_1_870' title='bbox 3282 5257 3603 5331; x_wconf 81' lang='lat' dir='ltr'><strong>Quanquam</strong></span> <span class='ocrx_word' id='word_1_871' title='bbox 3651 5257 3793 5331; x_wconf 79' lang='lat' dir='ltr'><strong>apud</strong></span> 
     </span>
    </p>
   </div>
   <div class='ocr_carea' id='block_1_125' title="bbox 2224 5328 3794 5403">
    <p class='ocr_par' dir='ltr' id='par_1_125' title="bbox 2224 5328 3794 5403">
     <span class='ocr_line' id='line_1_128' title="bbox 2224 5328 3794 5403; baseline -0.001 -20"><span class='ocrx_word' id='word_1_872' title='bbox 2224 5329 2350 5383; x_wconf 90' lang='lat' dir='ltr'><strong>illos</strong></span> <span class='ocrx_word' id='word_1_873' title='bbox 2387 5343 2537 5403; x_wconf 61' lang='lat' dir='ltr'><strong>quos</strong></span> <span class='ocrx_word' id='word_1_874' title='bbox 2555 5328 2993 5403; x_wconf 28' lang='lat' dir='ltr'><strong>dixi‘scripto&#39;res</strong></span> <span class='ocrx_word' id='word_1_875' title='bbox 3014 5328 3212 5403; x_wconf 81' lang='lat' dir='ltr'><strong>legitur</strong></span> <span class='ocrx_word' id='word_1_876' title='bbox 3263 5332 3321 5383; x_wconf 86' lang='grc' dir='ltr'><strong>ἐν</strong></span> <span class='ocrx_word' id='word_1_877' title='bbox 3358 5328 3794 5403; x_wconf 61' lang='grc' dir='ltr'>μηδενὸςῳοιὸ-</span> 
     </span>
    </p>
   </div>
   <div class='ocr_carea' id='block_1_126' title="bbox 2222 5399 3796 5524">
    <p class='ocr_par' dir='ltr' id='par_1_126' title="bbox 2222 5399 3796 5524">
     <span class='ocr_line' id='line_1_129' title="bbox 2222 5399 3796 5524; baseline -0.001 -72"><span class='ocrx_word' id='word_1_878' title='bbox 2222 5416 2367 5524; x_wconf 49' lang='grc' dir='ltr'>τητι.</span> <span class='ocrx_word' id='word_1_879' title='bbox 2400 5401 2455 5453; x_wconf 93' lang='lat' dir='ltr'><strong>ln</strong></span> <span class='ocrx_word' id='word_1_880' title='bbox 2499 5399 2795 5456; x_wconf 80' lang='lat' dir='ltr'><strong>Fuketiano</strong></span> <span class='ocrx_word' id='word_1_881' title='bbox 2834 5399 3094 5469; x_wconf 81' lang='lat' dir='ltr'><strong>scriptum</strong></span> <span class='ocrx_word' id='word_1_882' title='bbox 3129 5411 3215 5455; x_wconf 89' lang='lat' dir='ltr'><strong>est</strong></span> <span class='ocrx_word' id='word_1_883' title='bbox 3258 5404 3316 5455; x_wconf 83' lang='grc' dir='ltr'><strong>ἐν</strong></span> <span class='ocrx_word' id='word_1_884' title='bbox 3361 5399 3610 5482; x_wconf 74' lang='grc' dir='ltr'>μηδεμιᾷ</span> <span class='ocrx_word' id='word_1_885' title='bbox 3664 5414 3796 5469; x_wconf 83' lang='grc' dir='ltr'>προ-</span> 
     </span>
     <span class='ocr_line' id='line_1_130' title="bbox 2224 5470 3796 5524; baseline -0.002 0"><span class='ocrx_word' id='word_1_886' title='bbox 2224 5488 2261 5524; x_wconf 69' lang='lat' dir='ltr'><strong>ea</strong></span> <span class='ocrx_word' id='word_1_887' title='bbox 2307 5488 2407 5524; x_wconf 89' lang='grc' dir='ltr'>σει.</span> <span class='ocrx_word' id='word_1_888' title='bbox 2446 5472 2615 5524; x_wconf 88' lang='lat' dir='ltr'><strong>Porro</strong></span> <span class='ocrx_word' id='word_1_889' title='bbox 2640 5473 2706 5524; x_wconf 91' lang='lat' dir='ltr'><strong>ad</strong></span> <span class='ocrx_word' id='word_1_890' title='bbox 2746 5474 2861 5524; x_wconf 60' lang='lat' dir='ltr'><strong>haec</strong></span> <span class='ocrx_word' id='word_1_891' title='bbox 2893 5476 3057 5524; x_wconf 80' lang='lat' dir='ltr'><strong>verba</strong></span> <span class='ocrx_word' id='word_1_892' title='bbox 3089 5470 3329 5524; x_wconf 86' lang='lat' dir='ltr'><strong>alludere</strong></span> <span class='ocrx_word' id='word_1_893' title='bbox 3355 5474 3572 5524; x_wconf 77' lang='lat' dir='ltr'><strong>Videtur</strong></span> <span class='ocrx_word' id='word_1_894' title='bbox 3604 5480 3796 5524; x_wconf 88' lang='lat' dir='ltr'><strong>auctor</strong></span> 
     </span>
    </p>
   </div>
   <div class='ocr_carea' id='block_1_127' title="bbox 2224 5470 3796 5539">
    <p class='ocr_par' dir='ltr' id='par_1_127' title="bbox 2224 5470 3796 5539">
     <span class='ocr_line' id='line_1_131' title="bbox 2224 5470 3796 5539; baseline -0.002 -15"><span class='ocrx_word' id='word_1_895' title='bbox 2224 5470 2407 5539; x_wconf 82' lang='grc' dir='ltr'>φάσει.</span> <span class='ocrx_word' id='word_1_896' title='bbox 2446 5472 2615 5526; x_wconf 89' lang='lat' dir='ltr'><strong>Porro</strong></span> <span class='ocrx_word' id='word_1_897' title='bbox 2640 5473 2706 5526; x_wconf 90' lang='lat' dir='ltr'><strong>ad</strong></span> <span class='ocrx_word' id='word_1_898' title='bbox 2746 5474 2861 5526; x_wconf 67' lang='lat' dir='ltr'><strong>haec</strong></span> <span class='ocrx_word' id='word_1_899' title='bbox 2893 5476 3057 5526; x_wconf 81' lang='lat' dir='ltr'><strong>verba</strong></span> <span class='ocrx_word' id='word_1_900' title='bbox 3089 5470 3329 5526; x_wconf 85' lang='lat' dir='ltr'><strong>alludere</strong></span> <span class='ocrx_word' id='word_1_901' title='bbox 3355 5470 3572 5526; x_wconf 71' lang='lat' dir='ltr'><strong>ridetur</strong></span> <span class='ocrx_word' id='word_1_902' title='bbox 3604 5480 3796 5524; x_wconf 90' lang='lat' dir='ltr'><strong>auctor</strong></span> 
     </span>
    </p>
   </div>
   <div class='ocr_carea' id='block_1_128' title="bbox 2226 5541 3796 5609">
    <p class='ocr_par' dir='ltr' id='par_1_128' title="bbox 2226 5541 3796 5609">
     <span class='ocr_line' id='line_1_132' title="bbox 2226 5541 3796 5609; baseline -0.001 -14"><span class='ocrx_word' id='word_1_903' title='bbox 2226 5542 2675 5595; x_wconf 75' lang='lat' dir='ltr'><strong>Constitutionum</strong></span> <span class='ocrx_word' id='word_1_904' title='bbox 2718 5554 2887 5609; x_wconf 79' lang='lat' dir='ltr'><strong>apost.</strong></span> <span class='ocrx_word' id='word_1_905' title='bbox 2925 5542 3066 5597; x_wconf 91' lang='lat' dir='ltr'><strong>libro</strong></span> <span class='ocrx_word' id='word_1_906' title='bbox 3120 5557 3171 5606; x_wconf 80' lang='grc' dir='ltr'><strong>ν,</strong></span> <span class='ocrx_word' id='word_1_907' title='bbox 3220 5556 3335 5609; x_wconf 90' lang='lat' dir='ltr'><strong>cap.</strong></span> <span class='ocrx_word' id='word_1_908' title='bbox 3369 5541 3455 5596; x_wconf 87' lang='lat' dir='ltr'><strong>l6.</strong></span> <span class='ocrx_word' id='word_1_909' title='bbox 3488 5542 3639 5606; x_wconf 88' lang='lat' dir='ltr'><strong>Quod</strong></span> <span class='ocrx_word' id='word_1_910' title='bbox 3670 5554 3796 5608; x_wconf 82' lang='lat' dir='ltr'><strong>prn-</strong></span> 
     </span>
    </p>
   </div>
   <div class='ocr_carea' id='block_1_129' title="bbox 2225 5612 3798 5682">
    <p class='ocr_par' dir='ltr' id='par_1_129' title="bbox 2225 5612 3798 5682">
     <span class='ocr_line' id='line_1_133' title="bbox 2225 5612 3798 5682; baseline -0.001 -17"><span class='ocrx_word' id='word_1_911' title='bbox 2225 5614 2367 5666; x_wconf 82' lang='lat' dir='ltr'><strong>l‘ecto</strong></span> <span class='ocrx_word' id='word_1_912' title='bbox 2415 5612 2673 5667; x_wconf 88' lang='lat' dir='ltr'><strong>fatebitur</strong></span> <span class='ocrx_word' id='word_1_913' title='bbox 2726 5612 2971 5682; x_wconf 86' lang='lat' dir='ltr'><strong>quisquis</strong></span> <span class='ocrx_word' id='word_1_914' title='bbox 3017 5628 3141 5669; x_wconf 89' lang='lat' dir='ltr'><strong>eum</strong></span> <span class='ocrx_word' id='word_1_915' title='bbox 3173 5612 3351 5669; x_wconf 91' lang='lat' dir='ltr'><strong>locum</strong></span> <span class='ocrx_word' id='word_1_916' title='bbox 3380 5627 3503 5668; x_wconf 93' lang='lat' dir='ltr'><strong>cum</strong></span> <span class='ocrx_word' id='word_1_917' title='bbox 3535 5613 3619 5666; x_wconf 84' lang='lat' dir='ltr'><strong>his</strong></span> <span class='ocrx_word' id='word_1_918' title='bbox 3649 5613 3798 5667; x_wconf 75' lang='lat' dir='ltr'><strong>Con-</strong></span> 
     </span>
    </p>
   </div>
   <div class='ocr_carea' id='block_1_130' title="bbox 2224 5683 3009 5740">
    <p class='ocr_par' dir='ltr' id='par_1_130' title="bbox 2224 5683 3009 5740">
     <span class='ocr_line' id='line_1_134' title="bbox 2224 5683 3009 5740; baseline 0.003 -2"><span class='ocrx_word' id='word_1_919' title='bbox 2224 5683 2452 5740; x_wconf 88' lang='lat' dir='ltr'><strong>stantini</strong></span> <span class='ocrx_word' id='word_1_920' title='bbox 2486 5683 2668 5739; x_wconf 79' lang='lat' dir='ltr'><strong>verbis</strong></span> <span class='ocrx_word' id='word_1_921' title='bbox 2704 5685 3009 5740; x_wconf 91' lang='lat' dir='ltr'><strong>contulerit.</strong></span> 
     </span>
    </p>
   </div>
  </div>
