4114 6432
296 392 496 450 10⁸1⁸1
1413 391 1504 447 DE
1544 391 1707 449 VITA
1744 388 2211 449 CONSTAN'l‘lNl
2249 387 2385 444 LIB.
2416 389 2510 445 III.
3482 382 3623 441 {078

304 504 391 558 ἑοῖ
408 508 547 579 ρτὴν
569 503 670 579 τὴν
688 506 787 579 τῆς
809 506 1082 581 ἡμετέρας
1102 507 1414 581 ἐλευθερίας
1437 507 1671 581 ἡμέραν,
1692 508 1938 564 τουτέστι

2042 508 2188 580 gotio
2210 516 2265 562 et
2286 506 2339 561 in
2378 503 2686 577 huiusmodi
2715 502 2991 575 religionis
3013 500 3378 568 solemnitate,
3411 498 3621 557 dissen-

304 598 450 668 τὴν
499 597 593 653 τοῦ
636 599 943 667 άγιωτάτου
990 600 1227 666 πάθους,
1274 605 1303 657 ὁ
1348 603 1612 676 ἡμέτερος
1653 603 1938 676 παρέδωκε

2041 597 2125 652 sio
2154 597 2477 668 reperiatur.
2499 594 2679 651 Unum
2702 596 2847 651 enim
2878 594 3148 651 libertatis
3187 604 3390 651 nostra:
3421 593 3618 652 festum

307 688 566 763 Σωτὴρ,
598 691 693 745 mi.
727 691 854 763 μίαν
880 689 1021 747 εἶναι
1048 693 1147 766 τὴν
1181 695 1475 769 καθολικὴν
1502 696 1667 751 αὐτοῦ
1709 694 1938 767 Ἐκκλη-

2041 688 2208 755 diem,
2228 688 2329 744 hoc
2377 696 2458 744 est
2485 686 2626 744 diem
2645 688 3028 744 sacratissima;
3055 688 3346 759 passionis,
3361 686 3625 743 Servator

315 783 478 837 σξαν
508 780 831 856 βεϐούληται
856 824 871 848 ,
904 779 974 858 ἧς
1016 787 1065 839 εί
1114 787 1207 841 καὶ
1236 788 1543 859 ταμάλιστα
1589 791 1669 855 είς
1713 789 1938 855 πολλοὺς

2041 790 2230 837 noster
2261 779 2416 835 nobis
2463 780 2707 851 reliquit,
2744 796 3017 853 unamque
3045 796 3165 837 esse
3184 780 3357 836 voluit
3391 777 3623 836 catholi-

318 870 448 923 καὶ
489 870 781 944 διαφόρους
814 872 1012 939 τόπους
1055 874 1124 929 τά
1155 876 1297 949 μέρη
1334 877 1621 951 διῄρηται,
1652 879 1765 933 ἀλλ’
1789 882 1941 953 ὅμως

324 960 433 1017 ἑνὶ
461 963 755 1035 πνεύματι,
774 968 1020 1023 τουτέστι
1042 968 1120 1040 τῷ
1148 969 1278 1042 θείῳ
1304 970 1625 1044 βουλήματι,
1655 973 1937 1032 θάλπεται.

331 1056 679 1126 Λογισάσθω
721 1059 765 1112 δ’
798 1061 832 1131 ἡ
883 1062 981 1132 τῆς
1031 1061 1304 1135 ὑμετέρας
1349 1064 1626 1138 ὁσιότητος
1666 1067 1936 1139 άγχίνοια,

334 1149 503 1215 ὅπως
533 1150 650 1205 ἐστὶ
678 1150 847 1206 δεινόν
878 1170 939 1206 τε
983 1155 1079 1208 καὶ
1116 1157 1365 1229 ἀπρεπὲς
1386 1194 1403 1222 ,
1446 1159 1588 1213 κατὰ
1623 1159 1724 1224 τὰς
1768 1160 1940 1225 αὐτὰς

336 1240 569 1314 ἡμέρας
612 1242 830 1315 ἐτέρους
880 1245 978 1329 μὲν
1018 1249 1139 1311 ταῖς
1184 1248 1458 1319 νηστείαις
1501 1247 1778 1320 σχολάζειν
1803 1249 1936 1322 (69),

341 1332 578 1405 ἑτέρους
615 1334 675 1388 δὲ
714 1338 991 1409 συμπόσια
1033 1339 1324 1405 συντελεῖν,
1374 1340 1470 1395 κα)⁵
1522 1341 1662 1413 μετὰ
1701 1341 1802 1407 τὰς
1843 1342 1938 1396 τοῦ

343 1424 550 1497 Πάσχα
582 1428 816 1500 ἡμέρας,
854 1428 1047 1494 ἄλλους
1084 1432 1182 1503 μὲν
1210 1434 1269 1486 ὲν
1310 1434 1524 1506 ἑορταῖς
1565 1436 1659 1490 καὶ
1692 1435 1940 1491 ἀνέσεσιν

348 1514 740 1584 ἐξετάζεσθαι,
785 1517 980 1585 ἄλλους
1023 1520 1079 1574 δὲ
1122 1524 1241 1589 ταῖς
1272 1522 1603 1599 ὡρισμέναις
1630 1526 1940 1581 ἐκδεδόσθαι

348 1608 650 1675 νηστείαις.
697 1608 798 1664 Διὰ
837 1611 996 1666 τοῦτο
1037 1613 1168 1683 γοῦν
1206 1616 1305 1689 τῆς
1347 1619 1730 1693 προσηκούσης
1771 1622 1939 1675 ἐπαν-

349 1698 642 1769 ορθώσεως
677 1706 890 1774 τυχεῖν,
940 1707 1033 1760 καὶ
1073 1708 1208 1780 πρὸς
1251 1709 1379 1780 μίαν
1426 1712 1760 1766 διατύπωσιν
1806 1713 1939 1783 ἆγε·

352 1790 482 1846 σθαι
510 1793 670 1846 τοῦτο
700 1796 733 1866 η
759 1794 879 1849 θεία
908 1799 1132 1871 πρόνοια
1172 1801 1416 1872 βούλεται
1439 1842 1454 1867 ,
1479 1803 1554 1868 ὡς
1585 1804 1745 1875 ἔγωγ’
1769 1804 1939 1861 ἄπαν-

348 1906 455 1953 τας
487 1887 621 1961 ἡγοῦ
629 1908 725 1962 μαι
753 1897 1007 1967 συνορᾷν.

879 1987 1275 2045 ΚΕΦΑΛΑΙΟΝ
1314 1990 1415 2045 19'.

392 2071 758 2141 Παραίνεσις
796 2073 1222 2156 ἐξακομουθεξν
1252 2079 1497 2156 μᾶλλον
1526 2081 1609 2149 τῷ
1633 2083 1901 2151 πλείστῳ

780 2150 893 2216 τῆς
931 2150 1287 2220 οἰκουμένης
1324 2152 1509 2222 μέρει.

434 2257 628 2314 «Ὅθεν
648 2258 834 2331 ἐπειδὴ
856 2258 1012 2315 τοῦθ’
1050 2258 1228 2326 οὕτως
1284 2263 1717 2335 ἐπανορθοῦσθαι
1765 2284 1938 2341 προσ·-

348 2337 526 2410 ῆκεν,
564 2342 643 2409 ὡς
676 2346 844 2417 μηδὲν
874 2348 1013 2420 μετὰ
1038 2351 1134 2405 τοῦ
1173 2353 1284 2406 τῶν
1324 2358 1705 2428 πατροκτόνων
1746 2337 1821 2411 τε*
1843 2355 1939 2414 καὶ

351 2435 717 2508 κυριοκτόνων
739 2438 964 2497 ἐκείνων
985 2440 1141 2507 ἔθους
1164 2440 1303 2500 εἶναι
1328 2449 1525 2513 κοινὸν,
1556 2449 1674 2504 ἔστι
1704 2449 1761 2505 δὲ
1785 2450 1940 2518 τάξις

354 2524 655 2602 εὐπρεπὴς,
687 2527 755 2603 ἦν
783 2531 954 2586 πᾶσαι
975 2535 1029 2588 αί
1053 2532 1160 2588 τῶν
1183 2535 1415 2593 δυτικῶν
1437 2556 1497 2593 τε
1520 2540 1613 2594 κα)⁸
1641 2540 1941 2612 μεσημϐρι-

354 2621 465 2675 νῶν
497 2622 592 2677 καὶ
615 2623 878 2696 ἀρκτῴων
904 2626 1001 2697 τῆς
1022 2626 1345 2700 οἰκουμένης
1373 2630 1553 2703 μερῶν
1586 2631 1937 2702 παραφυλάτ-

352 2731 542 2770 τουσιν
579 2716 918 2789 Ἐκκλησίαι,
950 2719 1046 2774 καί
1068 2736 1216 2784 τινες
1246 2722 1354 2775 τῶν
1380 2723 1522 2777 κατά
1549 2724 1650 2797 τὴν
1686 2723 1826 2796 ἑῴαν
1850 2724 1940 2779 τό-

354 2825 494 2872 πων,
539 2808 732 2863 τούτου
780 2809 967 2867 ἕνεκεν
1013 2812 1124 2885 (70)
1160 2814 1252 2867 ἐπὶ
1299 2814 1395 2868 τοῦ
1443 2816 1711 2888 παρόντος
1756 2817 1939 2883 καλῶς

352 2899 501 2970 ἔχειν
530 2899 765 2966 ἅπαντες
812 2905 1119 2975 ἡγήσαντο·
1164 2908 1259 2960 καὶ
1303 2908 1465 2974 αὐτὸς
1506 2910 1563 2964 δὲ
1593 2914 1658 2983 τῇ
1697 2913 1939 2985 ὑμετέρᾳ

354 2993 611 3067 ἀγχινοίᾳ
635 2995 851 3067 άρέσειν
881 2998 1217 3071 ὑπεσχόμην,
1240 3000 1319 3054 -ῖν⁹
1346 3002 1483 3074 ὅπερ
1511 3002 1558 3056 δ’
1581 3003 1647 3057 ἂν
1672 3003 1815 3058 κατὰ
1840 3003 1938 3077 τὴν

353 3086 467 3140 τῶν
502 3086 790 3159 Ῥωμαίων
834 3088 989 3143 πόλιν
1033 3108 1094 3143 τε
1139 3094 1232 3146 καὶ
1266 3093 1560 3166 Ἀφρικὴν,
1608 3095 1835 3151 Ἰταλίαν
1876 3114 1937 3150 τε

2042 888 2162 930 cam
2218 872 2538 929 Ecclesium.
2590 874 2760 946 Cujus
2815 874 3081 939 membra,
3116 872 3241 928 licet
3272 872 3441 928 variis
3487 869 3623 927 locis

2043 967 2288 1038 dispersa
2337 965 2492 1029 sint,
2550 980 2660 1020 uno
2714 973 2890 1020 tamen
2961 963 3195 1034 spiritu,
3252 962 3350 1019 Dei
3400 961 3621 1019 scilicet

2040 1059 2343 1125 voluntate,
2400 1058 2675 1113 fovemur.
2742 1056 3103 1119 Consideret,
3154 1069 3362 1125 quaeso,
3422 1064 3622 1111 vestrae

2039 1150 2347 1207 sanctitatis
2387 1147 2628 1215 solertia,
2677 1162 2841 1218 quam
2892 1160 3057 1217 grave
3086 1145 3157 1201 sit
3191 1152 3247 1201 et
3279 1144 3617 1211 indecorum,

2042 1244 2233 1299 iisdem
2270 1243 2464 1299 diebus
2508 1242 2647 1298 alios
2694 1240 2913 1311 quidem
2940 1238 3165 1311 jejuniis
3203 1239 3445 1296 intentos
3473 1253 3615 1303 esse,

2041 1334 2176 1391 alios
2201 1348 2332 1390 vero
2366 1334 2611 1390 convivia
2642 1332 2963 1389 celebrare:
2994 1338 3049 1386 et
3073 1341 3191 1402 post
3222 1330 3337 1388 dies
3368 1330 3618 1401 Paschae,

2041 1425 2180 1483 alios
2227 1425 2444 1496 quidem
2481 1425 2534 1480 in
2586 1423 2971 1480 festivitatibus
3000 1434 3055 1480 et
3084 1426 3390 1481 animorum
3425 1424 3620 1480 remis-

2041 1521 2195 1577 sione
2231 1518 2458 1587 versari,
2491 1520 2631 1576 alios
2672 1535 2800 1577 vero
2847 1518 3086 1576 deﬁnitis
3119 1532 3321 1575 vacare
3365 1516 3611 1587 ieiuniis.

2040 1611 2157 1669 Hoc
2186 1612 2369 1685 itaque
2414 1614 2758 1671 convenienti
2812 1614 3189 1671 emendatione
3218 1611 3446 1682 corrigi,
3473 1620 3528 1667 et
3552 1611 3624 1667 ad

2040 1721 2202 1762 unam
2237 1707 2593 1781 eamdemque
2626 1707 2856 1765 formam
2888 1709 3082 1780 redigi,
3117 1707 3298 1765 divina
3340 1705 3455 1762 vult
3483 1702 3615 1760 Pro-

2042 1798 2304 1865 videntia,
2322 1801 2780 1871 quemadmodum
2807 1815 2998 1858 omnes
3025 1816 3148 1858 meo
3171 1798 3391 1873 quidem
3407 1796 3614 1867 judicio

1963 1866 2013 1928 Β
2039 1866 2361 1964 intelligitis.

2616 1983 2848 2041 CAPUT
2887 1982 3030 2039 XIX.

2038 2073 2292 2135 Hammo
2326 2082 2387 2133 ut
2425 2078 2715 2134 maximam
2755 2086 2960 2201 pirrt‘em
2990 2078 3131 2132 orbis
3173 2085 3436 2132 terrarum
3466 2075 3610 2146 sequi

2735 2165 2792 2202 ve
2814 2164 2869 2202 ιη
2900 2186 2914 2201 .

2116 2259 2393 2321 «Proinde
2413 2277 2539 2321 cum
2575 2262 2683 2320 hoc
2738 2262 2812 2318 ita
2866 2261 3144 2317 emendari
3205 2269 3508 2330 oporteret,
3556 2269 3618 2315 ut

2040 2350 2179 2409 nihil
2228 2351 2390 2408 nobis
2436 2365 2731 2409 commune
2779 2358 2927 2406 esset
2976 2365 3104 2406 cum
3138 2350 3356 2405 illorum
3399 2348 3616 2407 Domini

2039 2442 2450 2502 interfectorum
2476 2451 2531 2499 et
2553 2444 2958 2513 parricidarum
3004 2442 3435 2509 consuetudine;
3463 2459 3619 2499 cum-

2039 2549 2145 2605 que
2187 2534 2278 2590 hic
2325 2534 2461 2591 ordo
2502 2535 2916 2591 decentissimus
2952 2537 3043 2602 sit,
3075 2549 3236 2606 quem
3282 2549 3475 2590 omnes
3504 2544 3615 2589 tam

2039 2625 2461 2683 occidentalium
2506 2641 2670 2696 quam
2713 2625 3135 2681 meridianorum
3182 2633 3237 2679 et
3283 2625 3615 2694 septentrio-

2039 2721 2244 2777 nalium
2281 2718 2432 2776 orbis
2462 2720 2701 2789 partium
2749 2717 3024 2784 Ecclesiae,
3059 2732 3125 2774 ac
3164 2716 3438 2773 nonnullae
3482 2731 3619 2785 quo-

2039 2830 2147 2886 que
2172 2813 2515 2870 orientalium
2545 2821 2765 2868 servant
2791 2833 2804 2868 :
2827 2812 3036 2869 idcirco
3061 2811 3115 2866 id
3136 2825 3349 2880 aequum
3378 2817 3616 2865 rectum—

2040 2922 2148 2979 que
2184 2922 2307 2964 esse
2347 2922 2539 2964 omnes
2565 2906 2969 2976 iudicaverunt,
2999 2903 3141 2975 quod
3170 2911 3227 2957 et
3257 2902 3415 2959 vobis
3457 2899 3620 2971 placi-

2042 3010 2221 3055 turum
2276 3013 2399 3056 esse
2456 2996 2876 3068 spopondi,,ut
2927 2996 3138 3052 scilicet
3180 2995 3328 3067 quod
3375 2995 3431 3050 in
3486 2994 3620 3049 urbe

2039 3092 2213 3148 Roma
2241 3104 2447 3162 perque
2478 3104 2692 3147 omnem
2717 3088 2952 3157 Italiam,
2980 3089 3249 3153 Africam,
3281 3085 3619 3160 Egyptum;

358 3178 576 3235 ἃπασαν
594 3220 608 3239 ,
644 3180 917 3249 Αἴγυπτον
940 3223 955 3247 ,
984 3183 1223 3237 Σπανίαν
1243 3225 1257 3249 ,
1286 3185 1515 3249 Γαλλίας
1536 3228 1553 3252 ,
1585 3186 1936 3260 Βρεττανίας,

2046 3200 2144 3255 per
2172 3176 2516 3255 Hispaniam,
2566 3183 2795 3251 Gallias,
2853 3182 3188 3249 Britannias,
3239 3180 3470 3253 Libyas;
3521 3193 3622 3251 per

358 3273 565 3337 Διὸύας
600 3273 748 3345 (7i),
802 3274 929 3347 ὃλην
972 3276 1197 3330 Ἐλλάδα
1223 3317 1237 3341 ,
1280 3278 1530 3350 Ἀσιανήν
1575 3297 1634 3334 τε
1679 3282 1938 3354 διοίκησιν

2048 3278 2355 3335 universam
2382 3277 2683 3343 Achaiam;
2720 3292 2819 3346 per
2855 3276 3116 3332 Asianam
3159 3274 3326 3348 494
3355 3283 3411 3330 et
3434 3270 3632 3354 Ponti-f

358 3366 454 3419 καὶ
478 3366 746 3439 Ποντικὴν
765 3406 779 3430 ,
813 3367 909 3421 καὶ
936 3367 1188 3422 Κιλικίαν
1212 3412 1225 3435 ,
1268 3372 1365 3441 μιᾷ
1396 3372 1490 3426 καὶ
1528 3372 1804 3446 συμφώνῳ
1850 3394 1944 3445 φυ·

355 3454 608 3510 λάττεται
670 3456 897 3530 γνώμῃ,
958 3458 1209 3528 ἀσμένως
1260 3458 1417 3513 τοῦτο
1467 3461 1560 3514 καὶ
1613 3464 1646 3532 ἡ
1704 3463 1942 3536 ὑμετέρα

359 3546 717 3620 προσδέξηται
745 3548 978 3615 σύνεσις,
1012 3549 1337 3622 λογιζομὲνη
1366 3552 1441 3616 ὡς
1470 3552 1531 3625 οὐ
1561 3553 1720 3625 μόνον
1742 3554 1942 3609 πλείων

358 3639 508 3693 ἐστὶν
545 3642 573 3695 ὁ
601 3639 709 3694 τῶν
749 3641 893 3695 κατὰ
937 3643 1063 3707 τοὺς
1106 3644 1537 3715 προειρημένους
1574 3646 1772 3711 τόπους
1815 3647 1940 3701 Ἐκ·-

360 3732 598 3804 κλησιῶν
629 3733 895 3805 ἀριθμὸς,
928 3734 1065 3789 ἀλλὰ
1090 3735 1182 3789 καὶ
1208 3735 1285 3801 ὡς
1322 3736 1480 3791 τοῦτο
1522 3738 1756 3810 μάλιστα
1787 3744 1937 3813 κοινῇ

362 3826 569 3891 πάντας
594 3826 888 3881 όσιώτατόν
919 3828 1037 3882 εστι
1074 3828 1379 3900 βούλεσθαι,
1420 3830 1557 3902 ὅπερ
1596 3832 1689 3886 καὶ
1730 3834 1758 3886 ὁ
1792 3834 1945 3906 ἀκρι-

361 3916 465 3989 6ης
505 3916 662 3987 λόγος
701 3918 809 3990 (72)
854 3920 1105 3975 ἀπαιτεῖν
1141 3922 1313 3984 δοκεῖ,
1359 3923 1453 3976 καὶ
1498 3924 1753 3995 οὐδεμίαν
1807 3926 1943 3998 μετὰ

360 4010 461 4079 τῆς
493 4010 758 4066 Ἰουδαίων
805 4012 1089 4085 ἐπιορκίας
1137 4014 1246 4086 (75)
1286 4017 1430 4088 ἔχειν
1478 4018 1781 4071 κοινωνίαν.
1825 4019 1943 4072 Ἵνα

361 4102 419 4156 δὲ
458 4103 518 4157 τὸ
548 4103 1079 4177 κεφαλαιωδέστερον
1109 4108 1391 4178 συντόμως
1419 4109 1587 4173 είπω,
1623 4111 1775 4179 κοινῇ
1808 4111 1944 4163 πάν-

362 4213 469 4249 των
498 4196 664 4267 ἤρεσε
698 4195 900 4267 κρίσει,
934 4198 1035 4269 τὴν
1070 4199 1377 4273 ἁγιωτάτην
1408 4200 1500 4254 τοῦ
1531 4201 1723 4272 Πάσχα
1750 4201 1941 4275 ἑορτὴν

368 4290 467 4360 μιᾷ
494 4290 589 4343 καὶ
618 4292 683 4360 τῇ
713 4289 852 4362 αὐτῇ
878 4291 1065 4364 ἡμέρα
1094 4292 1482 4346 συντελεῖσθαι.
1518 4293 1653 4347 Οὐδὲ
1681 4292 1789 4365 γὰρ
1818 4292 1944 4366 πρέ-

364 4400 455 4435 πει
497 4382 555 4434 ὲν
585 4380 820 4455 τοσαύτῃ
865 4384 1114 4457 ἁγιότητι
1157 4381 1295 4439 εἷναί
1334 4404 1455 4441 τινα
1501 4386 1798 4459 διαφορὰν,
1847 4387 1942 4441 καὶ

362 4476 599 4541 κάλλιον,
628 4477 854 4533 ἕπεσθαι
889 4480 956 4549 τῇ
991 4478 1183 4552 γνώμῃ
1210 4478 1380 4551 ταύτῃ
1412 4478 1541 4550 (74),
1573 4482 1631 4532 ὲν
1715 4479 1939 4550 οὐδεμία

2044 3386 2164 3427 cam
2198 3370 2475 3427 dioecesim
2495 3409 2511 3435 ,
2545 3383 2642 3440 per
2662 3368 2906 3425 Ciliciam
2936 3368 3171 3438 denique
3200 3365 3458 3423 concordi
3490 3353 3632 3421 seu?

2046 3464 2213 3520 tentia
2241 3461 2588 3531 observatur,
2612 3461 2667 3519 id
2688 3471 2872 3518 vestra
2893 3476 3111 3532 quoque
3124 3459 3409 3532 prudentia
3441 3452 3630 3515 liben-'

2046 3556 2190 3613 tibus
2220 3557 2423 3613 animis
2450 3555 2831 3627 amplectatur.
2854 3552 2986 3607 Illud
3011 3550 3273 3608 nimirum
3303 3552 3631 3621 attendens,

2044 3663 2149 3704 non
2188 3648 2350 3704 modo
2390 3646 2651 3718 majorem
2689 3661 2810 3705 esse
2845 3661 3133 3704 numerum
3171 3642 3531 3700 Ecclesiarum
3564 3646 3619 3701 in

2045 3742 2180 3797 locis
2223 3755 2387 3811 supra
2418 3738 2769 3807 memoratis,
2796 3753 2989 3793 verum
3044 3738 3211 3794 etiam
3242 3735 3619 3807 aequissimum

2043 3849 2191 3901 esse,
2222 3842 2282 3889 ut
2313 3848 2504 3890 omnes
2532 3834 2585 3889 in
2623 3848 2914 3890 commune
2942 3832 2995 3888 id
3024 3830 3213 3899 velint,
3252 3832 3397 3904 quod
3426 3831 3619 3887 stricta

2045 3927 2185 3983 ratio
2241 3926 2464 3997 exigere
2527 3924 2780 3992 videtur,
2842 3939 2943 3979 nec
3005 3923 3167 3979 ullam
3231 3902 3354 3979 cum
3402 3902 3633 3979 ludam;

2046 4035 2164 4075 rum
2197 4018 2437 4089 pcrjurio
2464 4018 2785 4074 societatem
2813 4017 3036 4074 habere.
3073 4017 3251 4086 Atque
3282 4024 3343 4070 ut
3380 4010 3631 4071 summa;

2046 4112 2141 4166 tim
2200 4127 2263 4167 ac
2310 4111 2554 4167 breviter
2597 4111 2798 4178 dicam,
2825 4110 3028 4181 placuit
3071 4108 3344 4165 communi
3377 4108 3620 4164 omnium

2037 4204 2263 4273 judicio,
2294 4211 2352 4258 ut
2380 4202 2746 4258 sanctissimae
2790 4202 3015 4258 Paschte
3058 4200 3329 4256 festivitas
3369 4213 3479 4254 uno
3524 4212 3636 4271 eoo.

2044 4298 2273 4366 demque
2301 4294 2388 4350 die
2416 4292 2811 4352 celebraretur.
2829 4293 3016 4364 Neque
3040 4292 3184 4359 enim
3210 4292 3367 4349 decet
3394 4292 3448 4346 in
3471 4298 3620 4346 tanta

2044 4387 2331 4442 sanctitate
2384 4384 2621 4455 aliquam
2667 4398 2789 4440 esse
2824 4384 3241 4447 dissonantiam,
3293 4391 3623 4456 praestatque

2043 4494 2162 4533 eam
2216 4474 2366 4546 sequi
2397 4475 2741 4542 sententiam,
2783 4476 2837 4530 in
2867 4489 2974 4545 qua
3024 4474 3169 4530 nulla
3227 4484 3311 4529 est
3350 4473 3512 4530 alieni
3534 4487 3625 4530 er.

362 4570 512 4625 ἐστὶν
542 4571 825 4644 ἀλλοτρίας
877 4571 1086 4642 πλάνης
1124 4572 1218 4625 καὶ
1250 4571 1643 4643 ἁμαρτήματος
1669 4570 1936 4643 ἐπιμιξία.

2048 4571 2188 4628 roris
2214 4569 2546 4639 scelerisque
2578 4569 2816 4625 societas
2839 4578 3001 4640 atque
3033 4570 3371 4625 communio.

432 4722 542 4795 (69)
557 4723 715 4795 Vulg.
736 4724 1102 4794 ἐτέρουςμὲν
1120 4722 1252 4790 ταῖς
1268 4721 1575 4795 νηστείαις
1597 4720 1933 4795 σχολάζειν.

363 4791 619 4864 lntelligit
650 4791 1052 4865 caputjejunii,
1085 4796 1228 4862 quod
1265 4794 1655 4865 alioitempore
1697 4791 1937 4865 a_Quar-

365 4862 740 4929 tadeciinanis,
775 4862 897 4918 alio
930 4882 958 4918 ιι
1014 4865 1239 4933 reliquis
1272 4862 1608 4933 Christianis
1638 4862 1939 4917 inchoaba-

369 4946 475 4990 tur.
525 4936 688 4991 Certe
736 4936 801 4990 de
832 4936 1010 5005 capite
1057 4931 1244 5005 jejuuii
1281 4934 1396 4989 haac
1439 4931 1752 5005 accipienda
1792 4946 1933 5005 esse,

367 5007 560 5061 docent
584 5023 705 5077 qua:
737 5002 1039 5075 sequuntur
1058 5002 1133 5059 de
1159 5004 1349 5077 diebus
1380 5014 1499 5077 post
1523 5002 1760 5077 Pascha._
1786 5002 1935 5077 Alio-

367 5077 456 5145 qui
490 5072 755 5146 supérﬂua
782 5072 927 5131 esset
954 5077 1223 5142 repetitio.
1282 5076 1343 5131 Si
1370 5072 1490 5146 quis
1522 5072 1796 5146 tamen_t_le
1831 5072 1936 5126 [ine

363 5141 572 5217 jejunii'
595 5141 1092 5217 Quadragesimalis
1123 5146 1239 5201 haec
1280 5144 1586 5217 intelligere
1610 5141 1803 5217 _t_ualit,_
1827 5158 1933 5196 non

368 5212 696 5287 repugnabo.
723 5212 858 5288 Vide
906 5216 1363 5288 Chrysostomumg
1388 5216 1440 5269 in
1468 5212 1717 5288 homilia_
1734 5214 1934 5288 adver-

366 5282 456 5342 sus
480 5282 577 5343 e'os
605 5288 697 5357 qui
730 5286 907 5357 primo
934 5282 1138 5341 Pascha
1161 5285 1504 5357 jejunabant,
1536 5298 1659 5353 pag.

434 5359 546 5426 (70)
582 5351 743 5428 Vulg:
778 5351 848 5412 οὗ
877 5357 1100 5428 ἕνεκεν.
1140 5351 1291 5426 Ᾱρῖιιι
1344 5351 1664 5428 δοριτιιειιὶι
1687 5351 1936 5428 Theodo-

369 5417 550 5493 ritum,
578 5417 858 5485 Gelasium
883 5443 947 5482 ac
976 5417 1339 5493 Nicephorum
1368 5426 1562 5494 legitur
1588 5442 1602 5478 :
1629 5417 1930 5494 (Svaaxav.

366 5492 553 5554 Melius
590 5508 768 5553 tamen
819 5506 963 5555 esset
1017 5492 1221 5551 τούτων
1268 5492 1473 5562 ἕνεκεν,
1527 5496 1607 5550 vel
1638 5492 1847 5557 τούτου,
1879 5504 1933 5547 ut

363 5584 545 5639 supra.
620 5568 675 5623 In
732 5570 1107 5639 manuscripto
1153 5569 1339 5623 codice
1400 5567 1609 5639 Fuketii
1676 5566 1935 5619 scribitur

361 5636 554 5692 τούτου
588 5641 797 5705 ἕνεκεν,
825 5636 1184 5707 neque—aliter
1211 5639 1261 5692 in
1293 5639 1531 5693 Turnebi
1570 5638 1732 5707 libro.

434 5708 547 5780 (71)
581 5711 821 5776 Λιϐύας.
854 5705 1200 5779 Transposita
1230 5709 1317 5764 hic
1343 5724 1461 5780 esse
1488 5705 1748 5780 yocabula
1776 5718 1935 5780 nemo

369 5795 475 5836 non
528 5776 695 5837 'videt.
745 5779 963 5835 Rectius
1006 5776 1191 5849 itaque
1237 5782 1376 5848 apud
1405 5777 1679 5849 Gelasium
1709 5776 1933 5849 Cyaice-

366 5864 492 5904 Itum
528 5848 723 5921 legitur
742 5844 1398 5923 Βρεττανίας,Ἀῖγυπτόν
1443 5866 1501 5902 τε
1554 5846 1647 5901 καὶ
1699 5844 1929 5910 Λιϐύας⁸

2045 4728 2299 4797 Socrates
2325 4740 2454 4779 vero
2475 4724 2898 4797 ΔιιιιικξῑΛιὸύην,
2927 4722 3068 4797 qttod
3104 4724 3276 4797 magis
3299 4725 3493 4797 probo.

2116 4796 2229 4868 (72)
2243 4794 2535 4868 ξἈκριϐὴς
2559 4797 2761 4868 ⁸λόγος.
2788 4793 3439 4868 Apud—Theodoritumet
3465 4793 3625 4849 Gela-

2042 4864 2554 4937 siu'mr'Cyfzicenum
2595 4864 2793 4931 legitur
2818 4865 3100 4937 λογισμός,
3124 4866 3269 4934 quod
3305 4864 3437 4937 mihi
3469 4876 3625 4937 certe

2045 4956 2148 4994 non
2174 4933 2459 5007 displicet;
2498 4944 2555 4989 ut
2608 4936 2866 5007 λογισμός
2901 4933 3042 4992 idem
3100 4933 3171 4991 sit
3217 4950 3280 4991 ac
3317 4933 3620 5007 ψηφισμός,

2044 5009 2096 5063 id
2127 5015 2231 5074 est,
2268 5006 2503 5075 diligens
2552 5006 2897 5075 supputatio;
2932 5009 3077 5061 unde
3104 5015 3158 5061 et
3204 5006 3621 5075 computusPa-

2043 5078 2247 5134 scbalis
2275 5084 2360 5131 est
2378 5074 2718 5147 appellatus.
2742 5076 2918 5132 Aliter
2940 5079 3177 5147 sumitur
3206 5075 3441 5147 ἀκριϐὴς
3463 5074 3624 5146 λόγος

2044 5151 2097 5204 in
2126 5148 2357 5220 epistola
2395 5147 2672 5220 synodica
2698 5149 2928 5220 concilii
2966 5146 3197 5220 Nicmui,
3228 5148 3320 5201 ubi
3346 5146 3523 5215 agitur
3554 5149 3623 5201 de

2044 5214 2207 5276 causa
2232 5214 2457 5274 Meletii.
2479 5214 2612 5272 Nam
2653 5218 2887 5288 ἀκριϐὴς
2917 5218 3076 5287 λόγος
3102 5216 3214 5273 illic
3245 5214 3500 5288 (sumitur
3524 5232 3622 5288 pro

2042 5291 2234 5346 stricto
2253 5290 2396 5358 jure,
2417 5298 2473 5341 et
2492 5286 2787 5355 opponitur
2808 5286 3050 5358 aequitati
3081 5303 3175 5358 seu
3204 5286 3617 5358 dispensatiOni.

2114 5360 2226 5432 (75)
2256 5356 2379 5427 Τῆς
2417 5358 2724 5432 Ἰουδαίων
2770 5356 3095 5432 ἐπιορκίας.
3138 5356 3334 5413 Pcrlidi
3391 5371 3623 5432 ac‘per-

2037 5424 2146 5503 juri
2175 5424 2442 5503 vocantur
2469 5427 2663 5503 Judaei,
2695 5430 2788 5499 qui
2816 5424 2938 5483 cum
2970 5429 3175 5484 nullum
3211 5435 3408 5503 praeter
3450 5424 3618 5480 Deum

2043 5496 2225 5573 regem
2273 5515 2339 5554 ac
2387 5499 2665 5573 dominum
2711 5496 3094 5573 agnoscerent,
3142 5496 3392 5573 eumdem
3430 5507 3618 5573 postea

2041 5564 2550 5643 negaverunt;_nec
2583 5564 2838 5626 alium'se
2865 5585 3046 5641 regem
3080 5569 3285 5623 habere
3312 5564 3475 5635 quam
3505 5564 3621 5621 Cae-

2042 5640 2219 5698 sarem
2263 5640 2441 5695 testati
2473 5650 2621 5694 sunt.

2112 5711 2226 5784 (74)
2263 5709 2566 5784 Τῇγγὼμῃ
2596 5710 2806 5784 ταύτῃ.
2832 5709 2962 5784 Post
2993 5707 3298 5784 luec__verba
3329 5706 3523 5763 deerat
3567 5706 3621 5759 in

2043 5778 2283 5839 editione
2311 5778 2793 5851 Reb.'Stephaui
2838 5778 3274 5851 integrahliuea;
3342 5793 3505 5851 quain
3553 5792 3619 5830 ex

2045 5855 2299 5921 Socrate,
2331 5847 2677 5919 Theodorito,
2701 5850 2916 5908 Gelasio
2940 5847 3002 5905 ac
3029 5848 3331 5920 Nicephoro
3354 5847 3623 5920 supplere,
