4212 6440
519 280 662 341 1079
1282 267 1546 324 EUSEBll
1589 265 2069 323 CESARIENSIS
2108 264 2256 323 OPP.
2290 266 2469 321 PARS
2507 266 2546 327 ι.
2583 296 2651 307 -
2692 260 3080 320 HISTORICA.
3637 266 3774 322 1080

1111 392 1340 448 CAPUT
1382 391 1501 447 XX.

594 514 848 571 Hortatio
885 522 937 565 ut
967 525 1140 561 omnes
1179 504 1403 560 decretis
1432 504 1621 574 synodi
1647 505 2024 558 assentiuntur.

609 652 781 720 «Qua:
801 665 923 705 cum
949 646 1021 702 ita
1069 646 1198 710 sint,
1228 643 1509 699 cmlestem
1549 642 1777 712 gratiam
1828 648 1884 694 et
1943 640 2100 709 plane

517 745 761 801 divinum
824 740 1137 795 mandatum
1193 736 1429 791 libenter
1498 732 1779 802 suscipite.
1830 731 2099 801 Quidquid

516 840 664 892 enim
708 837 762 891 in
802 833 1013 889 sanctis
1055 830 1433 901 episcoporum
1483 824 1734 884 conciliis
1767 825 1997 894 geritur,
2045 825 2097 880 id

518 943 682 984 omne
734 926 802 981 ad
864 924 1105 980 divinam
1166 920 1517 976 referendum
1589 927 1675 973 est
1736 916 2096 973 voluntatem.

518 1019 887 1089 Quamobrem
942 1016 1031 1071 ubi
1076 1028 1139 1068 ea
1169 1028 1290 1083 quze
1322 1020 1471 1083 gesta
1517 1018 1644 1065 sunt
1674 1006 1885 1063 dilectis
1922 1007 2099 1062 fratri-

518 1116 619 1170 bus
653 1114 856 1169 nostris
890 1110 1297 1174 intimaveritis,
1334 1107 1710 1178 supradictam
1745 1105 2013 1160 rationem
2040 1111 2098 1157 et

521 1205 849 1264 sanctissimi
888 1204 993 1260 diei
1028 1200 1433 1258 observantiam
1470 1200 1749 1268 suscipere
1794 1204 1851 1252 et
1895 1195 2092 1252 consti-

519 1313 673 1355 tuere
705 1297 961 1361 debetis;
993 1304 1051 1349 ut
1086 1310 1211 1350 cum
1265 1294 1321 1347 in
1367 1291 1674 1348 dilectionis
1724 1298 1923 1346 vestrae
1961 1303 2094 1344 con-

517 1399 762 1462 spectum
787 1389 1116 1462 jampridem
1147 1402 1176 1440 a
1221 1400 1307 1441 me
1345 1384 1706 1441 desideratum
1739 1396 1957 1446 venero,
1988 1396 2096 1436 uno

514 1480 819 1549 eodemque
841 1479 1135 1534 vobiscum'
1166 1478 1255 1533 die
1298 1484 1539 1532 sanctam
1568 1474 1921 1529 festivitatem
1973 1487 2098 1542 per-

514 1587 680 1641 agere
704 1571 943 1642 possim;
968 1580 1132 1639 utque
1154 1570 1219 1623 de
1244 1568 1497 1623 omnibus
1528 1582 1633 1621 una
1666 1566 1939 1621 vobiscum
1963 1580 2096 1635 gau-

514 1666 698 1730 deam,
728 1677 957 1719 cernens
989 1661 1191 1716 diaboli
1229 1659 1609 1715 crudelitatem
1636 1658 1818 1713 divina
1848 1657 2091 1727 potentia

2729 382 3124 441 ΚΕΦΑΛΑΙΟΝ
3158 379 3241 435 κ’.

2237 480 2592 547 Παραίνεσις
2636 476 2759 541 τοῖς
2806 472 2924 529 ὑπὸ
2966 471 3095 598 θτῇς
3141 471 3407 526 συνόδου
3464 476 3737 545 γραφεῖσι

2822 560 2963 598 πεισ
3004 559 3158 598 urat.
3254 566 3261 571 -

2822 559 3158 612 netounrat.
3254 566 3261 571 ·

2264 639 2509 699 «Τούτων
2538 634 2630 697 οὖν
2649 639 2820 704 οὕτως
2850 637 3115 709 ἐχόντων,
3146 636 3399 707 ἀσμένως
3430 634 3651 708 δέχεσθε
3677 637 3776 709 τὴν

2198 732 2294 788 τοῦ
2326 733 2462 787 Θεοῦ
2499 732 2661 804 χάριν
2700 729 2795 785 καὶ
2828 729 2979 783 θείαν
3008 728 3085 793 ὡς
3111 728 3326 800 ἀληθῶς
3369 730 3587 802 ἐντολήν
3610 748 3624 761 ·
3666 734 3777 785 πᾶν

2199 825 2328 899 γὰρ,
2363 825 2417 879 εί
2443 843 2496 878 τι
2534 825 2580 878 δ’
2607 824 2674 878 ἂν
2714 824 2772 876 ἐν
2803 824 2920 886 τοῖς
2945 820 3122 891 ἁγίοις
3152 820 3261 874 τῶν
3294 822 3609 876 ἐπισκόπων
3653 841 3777 877 συν-

2198 920 2395 993 εδρίοις
2429 918 2543 990 (75)
2572 919 2890 989 πράττεται,
2928 914 3081 968 τοῦτο
3116 913 3255 985 πρὸς
3280 913 3379 985 τὴν
3399 913 3550 968 θείαν
3589 915 3779 989 βούληο

2199 1029 2285 1065 σιν
2316 1012 2439 1083 ,ἔχει
2478 1011 2579 1083 τὴν
2628 1008 2928 1081 ἀναφοράν.
2976 1006 3067 1060 Διὸ
3116 1007 3252 1060 πᾶσι
3303 1008 3418 1070 τοῖς
3472 1008 3774 1079 ἀγαπητοῖς

2197 1100 2355 1172 ἡμῶν
2392 1098 2641 1169 ἀδελφοῖς
2688 1098 3085 1169 ἐμφανίσαντες
3133 1094 3200 1149 τὰ
3240 1098 3622 1169 πεπραγμένα,
3672 1098 3775 1171 ἤδη

2199 1194 2291 1248 καὶ
2330 1194 2424 1247 τὸν
2473 1190 2871 1264 προειρημένον
2916 1188 3070 1257 λόγον
3123 1188 3215 1243 καὶ
3260 1188 3359 1261 τὴν
3397 1191 3777 1262 παρατήρησιν

2195 1289 2295 1358 τῆς
2315 1284 2624 1354 ἁγιωτάτης
2644 1282 2857 1354 ἡμέρας
2888 1280 3241 1352 ὑποδέχεσθαί
3269 1298 3328 1334 τε
3352 1282 3447 1335 καὶ
3470 1282 3776 1339 διατάττειν

2196 1377 2438 1447 ὀφείλετε
2461 1375 2595 1447 (76),
2621 1376 2688 1429 ἶν’
2713 1373 2931 1429 ἐπειδὰν
2956 1373 3094 1446 πρὸς
3130 1375 3229 1445 τὴν
3269 1375 3435 1428 πάλαι
3465 1393 3555 1445 μοι
3589 1376 3775 1430 ποθου-

2200 1471 2369 1541 μένην
2400 1469 2500 1541 τῆς
2542 1469 2809 1539 ὑμετέρας
2842 1467 3133 1533 διαθέσεως
3168 1468 3281 1539 (77)
3314 1468 3435 1539 ὄψιν
3465 1470 3770 1541 ἀφίκωμαι,

2196 1566 2252 1616 ὲν
2295 1561 2395 1635 μιᾷ
2444 1562 2539 1615 καὶ
2586 1564 2653 1633 τῇ
2695 1562 2832 1632 αὐτῇ
2876 1561 3061 1633 ἡμέρᾳ
3107 1558 3207 1632 τὴν
3259 1561 3418 1630 ἁγίαν
3470 1562 3587 1632 μεθ’
3618 1561 3771 1632 ὑμῶν

2197 1657 2388 1729 ἑορτὴν
2423 1656 2731 1711 ἐπιτελέσαι
2777 1655 3022 1726 δυνηθῶ,
3055 1656 3146 1709 καὶ
3179 1654 3397 1710 πάντων
3428 1655 3611 1710 ἕνεκεν
3651 1656 3768 1727 μεθ’

515 1756 672 1811 nobis
715 1768 938 1824 operam
996 1753 1317 1808 navantibus
1374 1766 1495 1807 esse
1526 1749 1831 1815 sublatam;
1863 1748 2093 1803 florente

2195 1753 2348 1825 ὑμῶν
2394 1753 2708 1822 εὐδοκήσω,
2758 1750 2996 1821 συνορῶν
3040 1749 3140 1820 τὴν
3175 1748 3485 1821 διαϐολικὴν
3511 1749 3771 1819 ὠμότητα

516 1849 718 1918 ubique
744 1857 1015 1903 terrarum
1044 1854 1226 1900 vestra
1252 1844 1378 1911 ﬁde,
1414 1857 1469 1899 et
1493 1858 1624 1913 pace
1655 1852 1818 1913 atque
1860 1856 2091 1898 concor-

513 1939 623 1993 dia.
659 1938 802 1993 Deus
845 1953 940 1992 vos
972 1947 1180 2002 servet,
1214 1936 1412 1991 fratres
1439 1933 1951 1990 charissimiaﬂanc
1973 1935 2088 2005 epi-

511 2028 710 2084 stolam
743 2030 1040 2098 imperator
1065 2028 1254 2083 eodem
1284 2027 1532 2096 exemplo
1576 2027 1855 2096 scriptam,
1883 2027 1937 2082 in
1969 2043 2090 2082 om-

514 2137 611 2175 nes
642 2120 953 2190 provincias
1002 2120 1201 2175 direxit
1224 2162 1240 2186 ,
1276 2130 1341 2174 ut
1370 2135 1482 2176 sua:
1510 2135 1639 2191 erga
1669 2120 1835 2174 Deum
1873 2120 2091 2191 pietatis

511 2211 886 2266 sinceritatem
916 2220 1177 2281 tanquam
1209 2212 1261 2265 in
1296 2212 1519 2281 speculo
1550 2209 1786 2281 quodam
1820 2210 2091 2280 aspicien—

511 2302 639 2357 dam
679 2302 990 2373 legentibus
1023 2302 1314 2372 praeberet.

1083 2571 1315 2628 CAPUT
1355 2570 1493 2625 XXI.

513 2664 789 2737 Episcopi:
837 2668 1154 2720 discesseris
1205 2667 1483 2721 consilium
1527 2666 1621 2721 dat
1658 2677 1715 2721 ut
1746 2668 2086 2723 concordiam

1181 2748 1403 2791 servent.

581 2830 756 2883 Porro
786 2844 909 2883 cum
938 2830 1179 2899 synodus
1202 2828 1314 2897 jam
1346 2827 1689 2883 dissolvenda
1714 2838 1881 2894 esset,
1914 2830 2087 2896 impe-

511 2930 661 2975 rator
685 2934 991 2976 sermonem
1015 2935 1139 2976 cum
1163 2922 1433 2991 episc0pis
1452 2920 1637 2977 habuit
1662 2936 1773 2991 quo
1790 2920 1923 2991 ipsis
1944 2921 2090 2976 valo-

2195 1846 2298 1899 ὐπδ
2325 1848 2425 1916 τῆς
2456 1844 2607 1909 θείας
2643 1843 2922 1914 δυνάμεως
2946 1841 3034 1895 διὰ
3074 1842 3183 1896 τῶν
3206 1841 3488 1914 ἡμετέρων
3520 1842 3770 1913 πράξεων

2192 1936 2304 2007 (78)
2336 1936 2685 2008 ἀνῃρημένην
2707 1974 2721 1998 ,
2753 1932 3109 2005 ἀκμαζούσης
3152 1933 3427 2004 πανταχοῦ
3455 1936 3553 2004 τῆς
3582 1934 3772 2004 ἡμετέ-

2193 2046 2293 2102 ρας
2317 2028 2551 2093 πίστεως
2583 2028 2678 2080 καὶ
2708 2028 2929 2099 εἰρήνης
2956 2026 3050 2081 καὶ
3080 2025 3351 2097 ὁμονοίας.
3388 2026 3446 2079 '0
3469 2025 3601 2088 Θεὸς
3627 2027 3771 2095 ὑμᾶς

2190 2117 2538 2189 διαφυλάξοι,
2587 2117 2806 2187 ἀδελφοὶ
2853 2116 3145 2188 ἀγαπητοί.
3180 2135 3198 2168 ι
3248 2116 3467 2187 Ταύτης
3516 2115 3771 2186 βασιλεὺς

2191 2210 2482 2282 ἐπιστολῆς
2532 2208 2958 2281 ίσοδυναμοῢσαν
3007 2208 3224 2281 γραφὴν
3262 2207 3377 2275 (79)
3419 2209 3505 2277 ἐφ’
3534 2207 3771 2279 ἑκάστης

2190 2302 2456 2373 ἐπαρχίας
2504 2300 2859 2372 διεπέμπετο,
2879 2300 3291 2372 ἐνοπτρίζεσθαι
3333 2299 3433 2371 τῆς
3469 2298 3634 2352 αὑτοῦ
3667 2298 3769 2352 δια.-

2190 2395 2340 2458 νοίας
2367 2395 2429 2449 τὸ
2455 2394 2841 2468 καθαρώτατον
2870 2394 2963 2447 καὶ
2993 2396 3094 2467 τῆς
3136 2392 3274 2465 πρὸς
3306 2390 3367 2446 τδ
3396 2392 3552 2446 Θεῖον
3592 2391 3769 2457 ὁσίας,

2191 2486 2445 2559 παρέχων
2474 2490 2587 2551 τοῖς
2619 2484 3025 2556 ἐντυγχάνουσι.

2694 2577 3093 2632 ΚΕΦΑΛΑΙΟΝ
3123 2577 3252 2630 KA'.

2188 2673 2531 2743 Συμὸουλία
2584 2671 2735 2739 πρὸς
2765 2671 2907 2737 τοὺς
2941 2672 3317 2743 ἐπισκόπους
3357 2669 3769 2740 ὑποστρέφον-

2644 2758 2772 2809 τας,
2821 2742 2953 2811 περὶ
3007 2742 3309 2810 ὁμονοίας.

2269 2837 2484 2907 Ἐπειδὴ
2500 2837 2556 2890 δὲ
2575 2836 2760 2889 λοιπὸν
2785 2838 2819 2907 ὴ
2840 2833 3053 2898 σύνοδος
3074 2832 3322 2887 ἀναλύειν
3344 2830 3565 2903 ἧμελλε,
3586 2847 3767 2886 συντα-

2186 2928 2379 3002 κτικὴν
2407 2929 2502 3001 μὲν
2517 2930 2629 2990 τοῖς
2646 2926 2964 2990 ἐπισκόποις
2980 2928 3237 2997 παρεῖχεν
3256 2923 3471 2996 ὁμιλίαν
3487 2924 3620 2997 (80),
3632 2921 3766 2997 ὁμοῦ

511 3123 827 3197 facillimum
866 3122 967 3177 fuit
995 3122 1341 3197 hoc‘modo:
1379 3124 1439 3176 ἐν
1537 3121 1762 3197 οὐδεμία
1802 3124 1917 3197 ἐστὶ
1938 3122 2091 3179 ἀλλο-

2198 3126 2443 3197 ιιίειειξίον
2475 3135 2735 3195 tyrannos
2785 3125 2876 3193 qui
2929 3123 3226 3177 Ecclesium
3278 3122 3763 3197 persequebantur,

507 3195 666 3266 τρίας
708 3193 915 3266 πλᾴνης
961 3194 1057 3248 καὶ
1097 3182 1506 3266 ἁμαρτήματοὲ
1539 3182 1822 3266 ὲπιιὶιξίαν
1880 3195 1932 3250 id
1984 3208 2090 3263 es"

509 3262 623 3319 eam
654 3262 799 3330 sequi
823 3262 1164 3325 sententiam,
1196 3262 1250 3317 in
1276 3262 1379 3333 qua
1411 3266 1557 3318 nulla
1598 3262 1670 3319 est
1711 3264 1871 3318 alieni
1894 3262 2090 3323 erroris

509 3334 821 3402 scelerisque
847 3334 1089 3389 societas.
1129 3333 1239 3388 Hoc
1275 3344 1357 3389 est
1402 3338 1545 3402 quod
1581 3350 1745 3402 supra
1773 3334 1911 3389 dixit
1946 3336 2091 3390 Con-

510 3403 782 3480 stantinus
813 3405 864 3456 in
894 3420 1015 3480 cap.
1051 3404 1140 3471 18,
1170 3404 1275 3480 τῆς
1320 3406 1551 3480 αίσχρᾶς
1595 3404 1810 3477 ἐκείνης
1850 3407 2093 3480 συνειδή-

512 3490 651 3546 σεως
696 3474 1126 3546 ἀποσπάσωμεν.
1178 3475 1278 3533 Ubi
1307 3474 1599 3546 videiqute
1631 3474 1913 3531 annotavi.
1950 3474 2088 3534 Nam

510 3545 1037 3610 Christophorsonus
1072 3549 1185 3601 hate
1218 3545 1527 3601 nullatenus
1560 3546 1839 3601 intellexit.

581 3615 694 3685 (75)
720 3613 878 3687 Vulg.
918 3615 1043 3671 πᾶν
1072 3616 1180 3687 γὰρ
1214 3614 1330 3687 ὅτι
1359 3615 1411 3669 δ’
1434 3615 1590 3672 ἂνέν
1608 3614 1727 3682 τοῖς
1751 3617 1941 3687 ἁγίοις
1970 3616 2090 3675 τῶν

508 3685 859 3740 ἐπισκόπων
873 3685 1231 3756 συνεδρίοις.
1255 3686 1498 3742 Notanda
1524 3698 1609 3743 est
1623 3689 1735 3741 [nec
1748 3685 2086 3745 Cbnstantini

510 3758 775 3812 sententia
829 3758 897 3813 de
952 3758 1280 3827 auctoritate
1342 3758 1669 3827 jndiciorutn
1719 3759 2083 3827 synodaliunt.

509 3828 605 3880 Cui
636 3827 835 3882 similis
860 3839 945 3883 est
974 3828 1125 3883 locus
1151 3826 1290 3881 alter
1314 3826 1367 3882 in
1399 3828 1631 3897 epistola
1667 3826 1907 3895 ejusdem
1938 3828 2085 3885 Con-

508 3898 733 3969 stantini
780 3898 847 3952 ad
892 3899 1179 3969 episcopos
1210 3909 1349 3969 post
1394 3899 1686 3969 concilium
1718 3900 2081 3955 Arelatense:

513 3985 534 4018 s
577 3966 707 4021 Dico
733 3969 903 4031 enim,
923 3966 1000 4023 'ut
1020 3966 1310 4024 severitas
1340 3968 1525 4023 habet.
1562 3968 1915 4024 Sacerdomm
1940 3969 2085 4037 judi-

507 4039 652 4092 cium
683 4040 757 4092 ita
786 4039 946 4094 debet
972 4040 1184 4104 haberi,
1211 4053 1274 4094 ac
1309 4039 1354 4094 si
1402 4040 1518 4107 ipse
1548 4039 1809 4095 Dominus
1841 4044 2085 4097 residens

502 4108 728 4177 judicet.
754 4108 900 4164 Nihil
932 4112 1076 4164 enim
1113 4110 1242 4165 licet
1270 4111 1354 4164 bis
1383 4111 1529 4165 aliud
1565 4110 1794 4174 sentire,
1822 4112 1904 4165 vel
1939 4111 2082 4166 aliud

502 4178 769 4249 judicare,
820 4182 920 4234 nisi
954 4181 1094 4245 quod
1125 4180 1328 4234 Christi
1356 4181 1669 4248 magisterio
1724 4192 1851 4234 sunt
1879 4182 2080 4235 edocti.

579 4248 692 4320 (76)
726 4250 1066 4304 Διατὰττειν
1109 4250 1399 4319 ὀφείλετε.
1431 4252 1538 4320 ᾹΕΧ
1588 4250 1690 4305 hoc
1734 4249 1854 4306 loco
1897 4264 2083 4320 aperte

508 4317 805 4388 colligitur,
848 4317 1155 4389 epistolam
1206 4322 1349 4376 hanc
1416 4318 1765 4375 Constantini
1818 4317 2079 4391 scriptam

507 4403 630 4444 esse
670 4390 748 4461 ad
790 4393 1077 4460 episcopos
1126 4392 1218 4461 qui
1269 4392 1475 4461 synodo
1523 4405 1629 4461 non
1661 4390 2076 4461 interfuerant.

2194 3196 2476 3252 sustulerit
2524 3197 2823 3263 orbemque
2878 3197 3193 3250 universum
3243 3195 3623 3263 superstitioso
3657 3196 3765 3249 da:-

2195 3282 2412 3323 monum
2438 3267 2584 3319 cultu
2616 3265 2947 3320 liberaverit.

2265 3336 2379 3405 (79)
2436 3336 2661 3403 Ταύτης
2710 3334 2823 3403 τῆς
2884 3331 3213 3401 ἐπιστολῆς
3246 3332 3765 3405 γίσγοὸυναμοῦσαν

2190 3405 2449 3478 magnum
2483 3406 2637 3460 Hunc
2663 3406 2841 3478 locum
2862 3420 2982 3478 non
3015 3404 3282 3460 intellexit
3300 3404 3761 3478 _Cbrist0phorso-

2192 3474 2318 3538 nos;
2346 3488 2405 3531 ut
2433 3492 2499 3532 ex
2532 3477 2783 3530 versione
2827 3476 2941 3543 ejus
2992 3475 3349 3544 apparet;sic
3379 3474 3520 3528 enim
3570 3476 3757 3538 vertit,

2190 3551 2459 3612 Edictum,
2492 3548 2628 3617 quod
2654 3547 2790 3599 idem
2820 3544 3024 3614 pondus
3076 3544 3298 3617 habebat
3323 3555 3369 3617 et
3393 3546 3760 3617 auctoritatem

2190 3635 2307 3672 cum
2340 3620 2441 3671 hac
2464 3614 2708 3684 epistola,
2759 3617 3043 3684 imperator
3085 3618 3137 3667 in
3187 3614 3424 3684 singulas
3468 3616 3609 3669 misit
3640 3632 3763 3684 pro-

2190 3690 2413 3745 vincias.
2455 3688 2622 3756 Atqui
2667 3687 2929 3740 Eusebius
2970 3686 3169 3740 nullam
3214 3686 3375 3741 edicti
3433 3685 3763 3741 mentionem

2192 3760 2341 3823 facit,
2375 3760 2467 3813 sed
2495 3766 2701 3811 tantum
2726 3756 2966 3825 epistolae
3008 3760 3074 3810 ad
3102 3758 3388 3826 episcopos
3419 3756 3617 3811 missae.
3652 3757 3762 3812 Sed

2186 3829 2718 3898 ChristOphorsonus
2780 3826 3002 3898 γραφήν
3072 3829 3278 3898 putavit
3323 3840 3444 3898 esse
3500 3828 3759 3898 edictum,

2187 3901 2337 3968 gravi
2385 3896 2605 3969 errore;
2646 3912 2788 3969 cum
2825 3896 3235 3969 Vicobwapoﬁca
3274 3896 3461 3969 γραφὴ
3498 3896 3599 3967 τῆς
3645 3898 3763 3951 ἐπι-

2189 3969 2402 4042 στολῆς,
2439 3968 2753 4042 nihil_aliud
2800 3969 2879 4042 sit
2922 3968 3085 4042 quam
3144 3968 3450 4042 egemplum
3491 3969 3755 4037 epistolae,

2184 4033 2545 4109 quod'ietiam
2575 4033 2693 4092 ἴσον
2737 4054 2830 4094 seu
2868 4033 3121 4092 ἰσότυπον
3169 4033 3344 4094 Graeci
3399 4033 3617 4102 voca—nt,
3652 4054 3763 4109 pos

2184 4107 2396 4191 vulgari
2426 4109 2917 4191 id‘iomatecopiam
2946 4110 3301 4191 appellamus.
3325 4108 3425 4191 .Ait
3453 4109 3621 4191 igitur
3651 4107 3760 4190 Eu-

2183 4178 2396 4242 sebius.
2450 4178 2865 4234 Constantinum
2892 4178 3104 4236 misisse
3127 4181 3430 4249 exemptum
3461 4178 3624 4246 hujus
3646 4180 3761 4248 epi-

2183 4251 2339 4306 stola:
2399 4252 2451 4305 in
2484 4264 2674 4305 omnes
2724 4250 3051 4319 provincias,
3100 4264 3217 4314 seu,
3264 4250 3407 4319 quod
3450 4249 3595 4303 idem
3651 4260 3755 4313 est,

2184 4321 2397 4377 misisse
2420 4323 2563 4376 hanc
2590 4320 2873 4389 epistolam
2910 4321 3098 4375 eodem
3120 4320 3371 4389 exemplo
3404 4320 3661 4389 scriptam
3688 4321 3756 4374 ad

2182 4408 2372 4447 omnes
2391 4391 2720 4462 provincias.
2755 4390 2930 4462 Porro
2950 4390 3247 4446 monendus
3269 4400 3356 4446 est
3384 4389 3575 4455 lector,
3600 4390 3757 4458 hujus

507 4460 773 4541 inscripta
824 4459 1161 4541 quidetnesi
1196 4459 1422 4541 epistula
1453 4462 1520 4541 a_d
1548 4459 1844 4541 Ecclesias.
1877 4462 2076 4541 Verum
2110 4486 2154 4541 Ι)
2184 4459 2406 4541 capitis
2430 4464 2645 4517 titulum
2692 4462 2871 4541 alieno
2920 4460 3040 4540 loco
3071 4462 3315 4541 positum
3340 4474 3481 4541 esse,
3534 4476 3656 4541 cum
3687 4462 3755 4515 ad

508 4528 877 4605 Ecclesiarum
909 4532 1131 4605 nomine
1163 4528 1436 4605 antistites
1480 4530 1986 4605 ititelligendi_sunt.
2018 4533 2075 4588 ιιι
2110 4528 2151 4541 ”
2182 4528 2450 4605 epilogum
2498 4532 2858 4605 praecedentis
2894 4528 3135 4605 epistola:
3182 4532 3471 4605 pertineat,
3502 4540 3559 4585 ut
3597 4546 3756 4587 nemo

506 4601 883 4656 sacerdotibus
912 4603 1055 4655 enim
1083 4602 1324 4658 Ecclesia
1350 4612 1599 4669 constat;
1628 4611 1686 4657 ut
1711 4603 1787 4656 ait
1808 4602 2077 4660 Honorius

508 4669 561 4723 in
594 4675 890 4737 appendice
922 4674 1128 4729 codicis
1161 4672 1545 4728 Theodosiani.

577 4738 688 4812 (77)
719 4742 834 4814 Ἰξῆς
861 4744 1145 4813 ὑμετέρας
1170 4743 1509 4810 διαθέσεως.
1540 4744 1662 4800 Haec
1685 4744 1971 4814 peculiaris
1994 4756 2079 4802 est

507 4811 707 4885 locutio
734 4811 1191 4882 Christianorum,
1232 4817 1324 4885 qui
1366 4830 1487 4869 cum
1519 4811 1755 4882 aliquem
1784 4832 1850 4871 ex
1888 4818 2074 4872 fratri-

508 4883 608 4936 bus
653 4893 755 4955 aut
794 4898 927 4938 voce
976 4894 1070 4939 aut
1115 4901 1211 4955 per
1249 4883 1464 4941 litteras
1508 4886 1935 4954 alloquerentnr,
1984 4904 2076 4943 ve-

505 4961 675 5006 stram
710 4953 1032 5009 charitatem
1065 4953 1162 5012 seu
1207 4957 1552 5012 dilectionem
1596 4953 1775 5013 dicere
1804 4953 2071 5013 solebant.

504 5020 651 5096 iNihil
693 5025 1035 5096 frequentius
1078 5030 1318 5083 occurrit
1366 5029 1419 5081 in
1464 5028 1714 5096 epistolis
1760 5041 2070 5083 sanctorum

507 5092 750 5169 lfatrum,
794 5092 1057 5169 itt_nihil
1102 5112 1325 5169 necesse
1355 5101 1426 5152 sit
1460 5092 1705 5169 eiempla
1756 5115 2070 5169 congerere.

505 5164 598 5241 _S_ic
622 5175 767 5219 certe
798 5166 1132 5241 Athanasius
1162 5168 1213 5222 in
1246 5168 1472 5241 epistola
1507 5168 1575 5223 de
1607 5164 1845 5224 decretis
1864 5164 2074 5241 'synodi

504 5234 774 5308 Nicaeum,
812 5236 969 5306 cujus
1027 5238 1203 5308 locum
1255 5234 1412 5308 paulo
1476 5251 1602 5293 ante
1660 5234 1962 5296 attulimus.
2007 5243 2077 5294 At

504 5300 1033 5379 Christophorsonus
1082 5300 1325 5364 διάθεσιν
1374 5310 1817 5379 dispensationem
1878 5313 2075 5376 vertit,

507 5378 800 5449 nee_linjus
838 5377 941 5431 laci
963 5394 1187 5449 sensum
1215 5377 1509 5449 perspexit.

576 5446 689 5515 (78)
732 5446 911 5518 Vulg.,
948 5447 1047 5503 διὰ
1086 5446 1547 5520 τῶνῶμὲτέρων
1598 5452 1890 5520 πράξεων.
1957 5452 2073 5507 Non

506 5517 870 5595 ilubito__quin
912 5522 1253 5595 scribendum
1284 5517 1373 5576 'sit
1419 5517 1725 5595 ἡμετέρων,
1770 5534 1829 5577 ιιι
1883 5524 2078 5595 legitur

507 5590 647 5652 apud
692 5590 995 5651 Socratem,
1037 5590 1471 5653 Theodoritum,"
1504 5590 1774 5648 Gelasium
1814 5609 1879 5648 ac
1921 5590 2075 5648 Nice-

508 5660 765 5733 phorum.
795 5658 1370 5733 CerteConstantinus
1420 5664 1473 5716 in
1520 5665 1763 5733 epistolis
1791 5665 1904 5719 suis
1932 5680 2076 5719 seni-

510 5742 602 5793 t""'
634 5728 851 5793 K'OI'iari
895 5732 1049 5792 solet.
1102 5734 1222 5790 mod
1256 5733 1438 5789 divina
1476 5728 1729 5801 ma'jcstas
1761 5736 1927 5805 ipsius
1974 5735 2075 5790 mi-

2181 4620 2289 4659 non
2331 4601 2516 4659 'videtI
2559 4601 2850 4658 Ponendus
2899 4612 2985 4672 e_st
3014 4601 3301 4670 igiturhic
3355 4603 3541 4656 titulus
3589 4618 3754 4672 supra

2180 4685 2306 4729 ante
2337 4678 2438 4729 has
2458 4689 2629 4745 voces
2652 4674 2857 4729 τούτων
2884 4668 2978 4727 οὖν
3005 4668 3179 4737 οὕτως
3206 4672 3461 4745 ἐχόντων,
3505 4683 3565 4727 ιιι
3593 4668 3757 4729 habet

2178 4747 2347 4801 codex
2375 4744 2608 4799 Fuketii.

2252 4816 2367 4888 (80)
2406 4814 2822 4888 Συντακτικὴν
2864 4814 3147 4884 παρεῖχεν
3196 4813 3456 4888 ὁμιλίαν.
3478 4813 3635 4888 lianc
3666 4829 3756 4888 vo-

2180 4884 2297 4941 cem
2334 4884 2439 4942 non
2471 4887 2860 4941 intellexerunt
2904 4888 3253 4955 interpretes.
3310 4884 3445 4939 Nam
3475 4884 3755 4941 Portesius

2181 4960 2397 5027 quidem
2430 4962 2612 5023 vertit,
2640 4974 2704 5013 ex
2735 4957 3020 5024 composito
3051 4954 3203 5010 verba
3226 4954 3348 5025 fecit
3370 4958 3438 5009 ad
3463 4957 3751 5024 episc0pos.

2179 5028 2709 5098 Christophorsonus
2738 5042 2866 5082 vero
2896 5028 2975 5082 sic
3002 5028 3401 5091 interpretatus
3427 5034 3531 5091 est,
3556 5042 3755 5080 sermo-

2181 5115 2297 5152 nem
2352 5099 2494 5166 apud
2543 5100 2807 5168 episcopos
2843 5099 2908 5152 de
2962 5098 3114 5168 rebus
3146 5098 3332 5151 ordine
3384 5098 3752 5168 dispensandis

2180 5169 2429 5223 instituit.
2458 5166 2620 5239 Atqui
2658 5167 3017 5241 συντακτικὴν
3047 5170 3307 5241 παρεῖχεν
3354 5166 3571 5239 ὁμιλίαν
3617 5169 3749 5241 nihil

2180 5240 2327 5293 aliud
2383 5249 2469 5295 est
2520 5238 2681 5306 quam
2728 5238 2998 5293 valedixit.
3057 5238 3517 5306 Menattder,’seu
3570 5238 3753 5307 patius

2183 5311 2489 5365 Alexander
2539 5310 2724 5365 rhetor
2769 5310 2823 5381 in
2855 5310 3032 5381 capite
3058 5311 3194 5381 Περὶ
3225 5307 3434 5374 λαλιᾶς,
3466 5325 3586 5379 pag.
3620 5307 3746 5375 624,

2183 5382 2373 5453 scribit
2404 5380 2764 5453 συντακτικὴν
2803 5379 2992 5453 λαλιάν
3028 5395 3060 5434 a
3092 5379 3353 5451 sophistis
3395 5381 3593 5453 dictam
3627 5393 3749 5436 esse

2183 5451 2520 5515 orationem,
2577 5465 2688 5523 qua
2720 5450 3081 5523 scholastici,
3121 5450 3393 5523 cumpleto
3444 5450 3743 5523 studiorum

2182 5536 2404 5575 suorum
2456 5521 2729 5576 curriculo
2783 5522 3014 5577 Athenis
3053 5520 3415 5589 discedentes,
3472 5520 3614 5577 etin
3651 5535 3745 5589 pa-

2185 5592 2343 5645 triam
2378 5606 2533 5646 suam
2584 5592 2890 5656 reversuri,
2934 5591 3175 5647 dolorem
3227 5608 3384 5648 suum
3416 5593 3467 5647 in
3498 5590 3745 5646 abeundo

2186 5671 2487 5716 testantur:
2520 5662 2603 5717 vel
2653 5678 2774 5716 cum
2805 5665 2927 5732 quis
2960 5663 3120 5718 domo
3162 5663 3467 5729 discedens,
3502 5663 3742 5717 Athenas

2184 5732 2571 5801 profectionem
2597 5734 2849 5790 instituit.
2887 5733 3028 5788 Idem
3064 5737 3113 5788 in
3144 5750 3262 5807 cap.
3291 5734 3423 5807 Περὶ
3453 5746 3739 5788 συντακη-

3800 489 3821 677 l
