4114 6432
447 336 588 391 ⁸681

1541 334 1630 389 DE
1664 333 1827 390 VITA
1863 333 2323 390 CONSTANTIM
2363 334 2491 389 LIB.
2534 334 2622 389 111.

3579 337 3720 395 1082

450 455 559 525 μὶν
591 452 836 514 ἅπαντας
870 450 975 505 ὑπὸ
1020 451 1144 522 μίαν
1172 450 1512 520 συγκαλέσας
1535 452 1770 524 ἡμέραν,
1804 452 2021 523 παροῦσ

2147 451 2370 506 diceret.
2392 451 2557 524 495
2587 450 2793 521 Quippe
2814 463 3001 505 omnes
3034 459 3187 507 certo
3213 452 3298 506 die
3316 452 3368 507 in
3390 466 3555 507 unum
3584 466 3715 507 con-

445 545 510 597 δὲ
537 545 633 615 τὴν
658 544 794 613 πρὸς
823 542 1084 613 ἀλλήλους
1124 542 1455 614 ὑποθέμενος
1481 545 1701 616 είρηνην
1740 544 2037 617 περισπού-

445 635 648 689 δαστον
672 633 965 698 ποιεῖσθαι,
996 632 1095 697 τὰς
1118 633 1174 687 δὲ
1199 633 1535 703 φιλονείκους
1562 635 1744 707 ἔριδας
1774 635 2037 707 ἐκτρέπε-

450 726 599 790 σθαι,
625 726 756 797 μηδὲ
782 724 1115 796 βασκαίνειν,
1141 724 1296 790 εἴτις
1312 725 1615 798 εὐδοκιμῶν
1639 728 1697 780 ὲν
1718 727 2038 792 ἐπισκόποις

447 819 693 889 φαίνοιτο
723 818 915 888 σοφίας
961 818 1020 872 ὲν
1054 817 1216 889 λόγῳ,
1246 820 1423 874 κοινὸν
1450 820 1496 873 δ’
1517 822 1769 891 ἡγεῖσθαι
1801 822 2037 891 τάγαθὸν

447 912 549 982 τῆς
586 910 703 973 ἑνὸς
738 910 957 981 ἀρετῆς,
988 909 1122 981 μηδὲ
1154 910 1259 982 μὴν
1297 911 1406 965 τῶν
1432 914 1810 985 μετριωτέρων
1835 932 2039 969 κατεπ-

447 1002 696 1074 αίρεσθαι
737 1003 863 1064 τοὺς
913 1000 1192 1074 κρείττους
1218 1021 1231 1034 ·
1292 1003 1429 1057 Θεοῦ
1462 1005 1573 1077 γὰρ
1603 1002 1821 1060 εἶναιτὸ
1842 1009 2035 1080 κριτή-

450 1114 569 1168 ριον
602 1095 709 1149 τῶν
742 1094 935 1165 ἀληθεῖ
973 1094 1116 1166 λόγῳ
1158 1097 1484 1166 κρειττόνων
1524 1098 1618 1152 καὶ
1660 1101 1774 1163 τοῖς
1811 1101 2035 1154 ἀσθενε-

450 1189 662 1260 στέροις
690 1188 746 1241 δὲ
779 1187 889 1241 δεῖν
932 1188 1458 1243 ὑποκατακλίνεσθαι
1492 1190 1636 1262 λόγῳ
1679 1192 2031 1265 συγγνώμης,

445 1280 525 1352 τῷ
551 1281 611 1333 τὸ
646 1279 852 1332 τέλειον
882 1278 1197 1350 ἁπανταχοῦ
1232 1280 1455 1336 σπάνιον
1483 1282 1791 1353 τυγχάνειν.
1821 1285 1913 1337 Διὸ
1938 1285 2033 1338 καὶ

446 1371 698 1443 ἀλλήλοις
724 1371 803 1425 δεῖ
828 1371 898 1425 τά
926 1370 1138 1443 σμικρά
1172 1372 1425 1427 πταίουσι
1471 1373 1800 1447 συγγνώμην
1827 1376 2030 1448 νέμειν,

446 1463 767 1536 χαρίζεσθαί
812 1481 875 1516 τε
917 1464 1012 1517 καὶ
1055 1468 1358 1537 συγχωρεῖν
1403 1467 1504 1520 ὅσα
1534 1467 1872 1539 ἀνθρώπινα,
1907 1470 2041 1540 περὶ

446 1553 645 1608 πολλοῦ
686 1554 1016 1626 τιμωμένων
1042 1554 1154 1626 (81)
1183 1555 1280 1627 τὴν
1318 1555 1607 1627 σύμφωνον
1640 1559 1929 1630 ἁρμονίαν,
1956 1559 2033 1623 ὠς

442 1644 511 1699 ἂν
566 1645 641 1716 μὴ
680 1644 817 1717 πρὸς
860 1643 1124 1716 ἀλλήλους
1175 1644 1591 1714 στασιαζόντων,
1644 1647 1842 1721 χλεύης
1883 1649 2033 1703 αίτία

444 1734 752 1807 παρέχηται
798 1738 910 1800 τοῖς
960 1736 1052 1789 τὸν
1098 1734 1239 1789 Θεῖον
1300 1735 1639 1809 βλασφημεῖν
1691 1740 1853 1812 νόμον
1896 1758 2033 1813 παρ.

441 1822 864 1893 εσκευασμένοις
884 1840 898 1853 ο
928 1815 1004 1876 ὧν
1026 1822 1262 1893 μάλιστα
1284 1824 1353 1878 τὰ
1369 1826 1547 1880 πάντα
1578 1827 1688 1899 (82)
1717 1828 1826 1883 δεῖν
1850 1829 2028 1901 σωθῆ-
2062 1838 2105 1893 Β

440 1932 528 1968 ναι
566 1914 877 1985 δυναμένων
908 1915 1065 1987 (82'),
1101 1918 1151 1970 εί
1181 1915 1249 1970 τά
1276 1918 1398 1971 καθ’
1425 1920 1573 1990 ἡμᾶς
1610 1920 1793 1984 αὐτοῖς
1815 1919 2031 1992 ζηλωτὰ

439 2009 733 2076 φαίνοιντο,
762 2009 835 2082 μὴ
877 2010 1199 2081 ἀμφιγνοεῖν
1224 2010 1335 2082 (85)
1372 2011 1447 2077 ὡς
1477 2014 1538 2066 οὐ
1568 2016 1682 2077 τοῖς
1704 1995 1871 2069 πᾶσιν
1902 2018 1935 2086 ή
1968 2017 2032 2069 ἐκ

437 2102 613 2169 λόγων
647 2100 883 2170 ὠφέλεια
928 2101 1187 2156 συντελεῖ.
1230 2104 1293 2156 Οἱ
1323 2104 1421 2174 μὲν
1445 2104 1556 2178 γὰρ
1587 2104 1663 2170 ὡς
1683 2104 2031 2178 πρὸςτροφὴν

434 2192 720 2265 χαίρουσιν
743 2195 1034 2266 ἐπικουροὸ
1044 2214 1195 2267 μενοι
1225 2197 1365 2268 (84),
1393 2199 1441 2250 οί
1469 2197 1525 2250 δὲ
1547 2200 1673 2262 τοὺς
1694 2200 2031 2269 προστασίας

436 2289 873 2362 ἐπειλημμένους
912 2289 1238 2363 ὑποτρέχειν
1294 2289 1581 2345 είώθασιντ
1609 2291 1754 2347 ἄλλοι
1785 2294 1911 2356 τοὺς
1944 2293 2031 2347 δε-

435 2513 535 2565 κοῦ
559 2512 741 2581 λόγου,
760 2512 1074 2566 methodum
1109 2512 1273 2566 tradit
1307 2511 1614 2579 hujusmodi
1660 2512 1968 2566 orationum
2008 2527 2024 2565 :

445 2585 509 2637 'U
534 2583 978 2652 συνταττόμενος,
1019 2582 1177 2652 δῆλός
1208 2584 1356 2635 ἐστιν
1379 2582 1675 2653 ἀνιώμενος
1698 2582 1789 2653 ἐπὶ
1818 2582 1895 2652 τῷ
1919 2601 2028 2653 χω-

438 2653 642 2726 ρισμῷ,
680 2655 732 2707 itl
766 2664 871 2726 es_t,
910 2654 1017 2726 Qui
1044 2652 1309 2726 valedicil,
1337 2669 1449 2726 pro:
1469 2652 1529 2707 se,
1573 2652 1673 2722 fert
1702 2652 2027 2707 dolorentob

439 2723 761 2778 discessum.
812 2723 919 2777 Sed
970 2732 1025 2778 et
1061 2724 1113 2777 in
1160 2732 1274 2778 toto
1314 2724 1492 2790 capite
1540 2726 1741 2792 passim
1800 2733 2027 2791 usurpat

438 2794 830 2849 συντάττεσθαι
855 2808 959 2862 pro
1002 2793 1332 2850 valedicere.
1361 2793 1529 2860 quue
1556 2794 1820 2847 orationis
1854 2809 2024 2859 genus

433 2866 504 2921 ab
538 2866 776 2920 llomero
801 2864 1035 2932 primum
1064 2864 1342 2918 inventum
1367 2879 1486 2919 esse
1512 2863 1667 2928 dicit,
1696 2864 1833 2927 apud
1865 2880 2024 2933 quem

438 2936 661 3008 Ulysses
694 2934 1011 3008 theacibus
1039 2934 1314 3008 valedioit.
1335 2936 1426 3008 ΔΑι
1473 2933 1679 2988 Natalis
1710 2934 2025 3008 Comes,qui

434 3004 789 3061 Menandrum
820 3006 1094 3059 rhetorem
1128 3004 1183 3058 in
1225 3004 1479 3059 Latinum
1514 3020 1816 3059 sermonem
1842 3005 2024 3061 trans-

435 3078 582 3142 tulit,
614 3075 972 3130 συντακτικὸν
999 3074 1157 3144 λόγον
1208 3076 1373 3130 vertit
1416 3075 1778 3145 adjunctivum
1818 3078 2025 3129 oration

436 3165 579 3211 nem,
624 3157 679 3201 et
708 3148 870 3201 verba
908 3145 997 3199 illa
1027 3160 1148 3212 quae
1178 3145 1421 3216 citavi,76
1455 3146 1903 3216 συνταττόμενος,
1942 3147 2022 3200 itt-

434 3226 770 3288 terpretalur
818 3216 1138 3288 adjungeus,
1186 3226 1291 3288 etc.
1353 3215 1470 3288 Quo
1523 3216 1653 3269 nihil
1690 3215 1813 3288 tingi
1833 3226 2023 3288 potest

434 3285 691 3357 ineptius.
724 3288 884 3352 Atqui
909 3285 1298 3357 συντάττεσθαι
1341 3287 1549 3341 Grrecis
1577 3294 1659 3357 est
1693 3286 2017 3343 valedicere.

433 3354 737 3429 Heéychius
770 3356 1199 3429 :Xuv‘cdgato’ilat,
1228 3356 1600 3411 ἀσπάσασθαι.
1636 3354 1729 3410 Sic
1760 3357 2023 3429 Eusebius

434 3428 753 3499 usurpatAin
785 3428 894 3482 ﬁne
924 3428 1105 3499 hujus
1136 3429 1355 3497 capitis,
1390 3435 1445 3482 et
1497 3430 1574 3499 in”
1604 3429 1744 3481 libro
1782 3442 1798 3480 1
1826 3428 1925 3499 ubi
1956 3431 2023 3483 de

434 3446 660 3499 usurpat
698 3446 753 3482 Ill
785 3446 894 3482 une
944 3446 1012 3481 nu
1043 3446 1105 3482 US
1136 3446 1355 3497 captus,
1390 3446 1445 3482 Cl.
1497 3446 1549 3482 ΙΙΙ
1604 3446 1744 3481 lllll'O
1782 3446 1798 3480 l
1834 3446 1925 3481 υυι
1956 3446 2022 3483 lle

432 3512 614 3554 morte
648 3496 955 3555 Constantii
994 3446 1182 3553 Chlori
1236 3499 1497 3568 loquitur.
1536 3498 1860 3567 llujusmodi
1896 3514 2022 3551 ora-

437 3571 510 3624 tio
550 3579 728 3624 exstat
771 3568 1015 3637 Gregorii
1064 3568 1417 3635 Nazianzeui,
1451 3569 1634 3624 habita
1676 3569 1728 3622 itt
1761 3583 2019 3623 consessu

433 3650 652 3694 centum
696 3649 751 3694 et
808 3639 1198 3711 quinquaginta
1244 3642 1664 3711 episcoporum,
1722 3654 1845 3709 qua:
1897 3656 2022 3692 συν-

431 3711 726 3782 τακτήριος
749 3712 910 3779 λόγος
938 3710 1293 3782 inscribitur,
1324 3712 1465 3779 quod
1510 3710 1651 3782 idem
1686 3720 1769 3782 est
1796 3724 1861 3764 ac
1892 3726 2020 3764 συν-

434 3780 710 3844 τακτικός.
744 3784 803 3836 111
830 3784 930 3838 hac
959 3781 1225 3849 siquidem
1260 3783 1507 3836 oratione
1538 3780 1833 3849 Gregorius
1866 3782 2017 3835 vale-

436 3853 571 3906 dicit
617 3852 874 3907 Ecclesia:
916 3851 1554 3920 Constantinopolitante.
1625 3851 1791 3921 ﬂecte
1854 3851 2021 3921 igitur

435 3922 653 3993 Suidask
664 3921 886 3978 scribit:
912 3918 1330 3993 Συντακτήριος,
1361 3920 1733 3985 συντακτικός.
1752 3918 1857 3976 Sed
1879 3918 2019 3991 quod

436 3993 583 4046 idem
604 3990 819 4063 iSuidas
849 3994 1003 4063 addit
1028 3990 1319 4061 Origenetn
1345 3995 1547 4047 dictum
1570 4006 1690 4046 esse
1715 3990 2020 4063 συντακτή-

438 4079 575 4135 ριον,
603 4062 759 4131 longe
791 4062 1020 4135 fallitur,
1050 4063 1353 4135 συντάκτης
1382 4064 1524 4117 enim
1546 4063 1739 4135 dictus
1773 4072 1858 4118 est
1888 4062 2016 4119 Ort-

436 4132 602 4204 geues
634 4143 770 4187 teste
804 4132 1133 4204 Epiphanio,
1159 4150 1264 4187 non
1286 4132 1704 4204 ocuvzaxcﬁptog.

507 4170 2019 4327 $63135:235325'ilﬁZﬁéXX'ﬁd‘iﬁé’écriseretur

507 4291 578 4327 ιω
585 4293 623 4327 υ.
654 4292 799 4327 νους.

431 4291 799 4338 τιμωμενους.

493 4291 799 4345 μωμενους.

507 4346 622 4417 (82)
649 4339 764 4401 Ὧν
786 4345 1058 4414 μάλιστα
1084 4344 1160 4399 τὰ
1186 4344 1382 4417 πάντα
1419 4344 1566 4402 δεῖν.
1602 4344 1801 4417 Deesse
1831 4345 2019 4417 viden-

439 4426 526 4472 tur
554 4415 836 4471 nuunulla.
869 4416 1016 4471 Sane
1051 4417 1106 4471 hi
1134 4417 1255 4469 libri
1286 4416 1531 4485 pluribus
1577 4417 1628 4469 in
1664 4415 1797 4469 locis
1842 4416 2014 4470 mutili

436 4496 583 4549 sunt,
619 4487 806 4555 utjatu
840 4486 1129 4554 aliquoties
1158 4487 1487 4541 notavimus.
1526 4486 1623 4539 Hic
1656 4495 1836 4555 autem
1868 4485 2016 4541 locus

435 4573 543 4612 non
595 4550 947 4612 incommode
993 4557 1073 4627 ita
1137 4556 1377 4626 suppleri
1417 4565 1592 4625 potest
1621 4573 1636 4609 :
1668 4550 1759 4627 ὧν,
1782 4556 2015 4627 μάλιστα

435 4631 684 4700 προνοεῖν
720 4627 889 4700 ἡμᾶς,
919 4626 1015 4681 καὶ
1049 4628 1222 4700 ποιεῖν
1248 4627 1315 4680 τὰ
1341 4629 1527 4700 πάντα
1554 4626 1683 4680 δεῖν.
1722 4625 1845 4700 Ha’c
1871 4629 2015 4683 enim

436 4697 503 4769 de
554 4697 778 4769 paganis
810 4700 1085 4769 dicuntur,
1135 4698 1203 4751 de
1263 4699 1458 4768 quibus
1506 4701 1765 4769 proxime
1805 4697 2015 4769 locutus

434 4767 1074 4828 fuerat'Constantinus,
1132 4782 1255 4821 cum
1287 4767 1291 4768 ⁷
1318 4769 1453 4822 dixit
1496 4767 1518 4821 :7
1558 4770 1668 4831 τοῖς
1722 4767 1815 4820 τὸν
1873 4768 2014 4824 θεῖον

437 4838 775 4911 βλασφημεῖν
796 4838 962 4911 νόμον
995 4838 1559 4911 παρεσκευασμένοις.
1584 4839 1844 4911 _Ait_ergo
1875 4838 2015 4894 Con-

435 4908 710 4964 stantiu‘us
738 4910 804 4962 ad
860 4908 1169 4978 episcopos,
1226 4908 1531 4963 cavendum
1582 4908 1827 4978 inprimis
1868 4924 2009 4975 esse,

435 4994 505 5033 ne
537 4995 604 5033 ex
638 4979 879 5048 ipsorum
912 4979 1344 5035 dissensionibus
1374 4980 1441 5033 ad
1466 4980 1914 5034 contemnendam
1945 4997 2011 5035 ac

434 5050 787 5104 deridendam
823 5048 1263 5104 Christianorum
1295 5049 1613 5118 religionem
1650 5059 2011 5119 provocentur

435 5120 653 5190 pagani.
686 5121 883 5174 Eorum
907 5120 1051 5175 enim
1086 5121 1378 5175 maximam
1412 5135 1606 5175 curam
1653 5134 1719 5174 ac
1745 5120 2009 5175 sollicitu-

433 5192 617 5243 dinem
652 5204 841 5259 gerere
864 5205 963 5245 nos
992 5201 1268 5260 oportere,
1290 5191 1582 5261 omniaque
1607 5206 1789 5261 agere,
1814 5190 2008 5261 quibus

433 5261 504 5313 ad
546 5274 728 5314 veram
764 5262 923 5315 ﬁdem
970 5277 1036 5317 ac
1079 5261 1307 5316 salutem
1342 5264 1554 5331 possint
1597 5264 1860 5316 revocari.
1898 5262 2005 5318 Eos

433 5344 566 5404 vero
589 5333 793 5404 servari
826 5331 986 5386 facile
1021 5346 1203 5403 posse,
1238 5341 1294 5387 et
1324 5334 1391 5404 ad
1439 5332 1770 5404 agnitionem
1804 5333 2005 5404 verita-

434 5402 505 5455 tis
535 5403 844 5471 pervenire.
874 5404 919 5456 si
952 5418 1041 5457 res
1079 5414 1278 5457 nostra:
1320 5403 1428 5459 illis
1453 5402 1623 5459 beata:
1653 5412 1707 5456 et
1735 5403 2005 5458 admiran-

431 5472 513 5526 da:
543 5472 850 5544 videantur.
871 5472 1102 5529 Proinde
1130 5488 1566 5544 unumquemque
1595 5474 1809 5530 illorum
1839 5474 2002 5529 variis

431 5543 608 5598 modis
656 5554 821 5614 atque
870 5545 1079 5597 artibus
1132 5543 1493 5599 allicieudutu’
1533 5559 1657 5600 esse
1700 5546 1769 5599 ad
1818 5554 2001 5614 partes

431 5560 608 5598 monts
656 5560 821 5668 alﬂtle
870 5560 1079 5597 arttnus
1132 5560 1480 5599 atucteuuutu
1533 5560 1657 5600 esse
1700 5560 1769 5599 au
1818 5560 2000 5614 partes

431 5621 669 5668 nostras.
752 5615 882 5667 titur
904 5614 1098 5668 deinde
1131 5615 1379 5684 exemplo
1421 5615 1776 5681 medicorum,
1818 5615 1909 5684 qui
1942 5626 2000 5668 ut

429 5684 594 5763 aegris
627 5685 885 5763 __salotetn
943 5686 1256 5763 restituant,
1309 5686 1489 5740 omnia
1542 5684 1998 5763 excogitantquaa

432 5753 538 5807 illis
565 5753 715 5808 utilia
744 5756 858 5808 fore
883 5757 1129 5810 credunt.
1162 5754 1286 5809 Hazc
1312 5768 1458 5809 certe
1488 5771 1590 5810 non
1622 5753 1996 5810 intellexerant

440 5822 782 5896 interpretes,
823 5826 875 5881 in
931 5840 1159 5895 quorum
1210 5827 1454 5883 versione
1484 5829 1650 5883 lector
1678 5826 1780 5881 alia
1811 5829 1992 5883 omnia

2144 544 2371 599 vocavit.
2386 544 2628 613 Cumque
2646 543 2919 611 adessent,
2939 557 3034 599 eos
3050 543 3332 599 admonuit
3345 534 3560 612 utpacis
3577 544 3716 598 inter

2143 652 2201 693 se
2229 637 2511 693 servanda:
2537 636 2765 693 studiosi
2792 645 2994 705 essent,
3026 644 3082 692 et
3119 637 3441 707 pervicaces
3484 647 3713 693 conten-

2142 730 2315 785 tiones
2345 729 2633 800 l'ugerent;
2676 743 2775 785 nec
2812 728 3123 784 inviderent
3160 729 3207 782 si
3244 729 3367 798 quis
3397 730 3538 786 inter
3572 732 3715 801 ipsos

2140 820 2433 890 episcopus
2475 818 2756 889 sapientiae
2803 827 2859 875 et
2909 818 3179 874 facundia
3236 818 3393 875 laude
3441 820 3711 879 ﬂoreret:

2137 911 2233 965 sed
2258 909 2691 981 uniuscujusque
2714 909 2971 967 virtutem
3005 924 3296 964 commune
3335 912 3575 967 omnium
3614 914 3713 967 ho-

2137 1018 2265 1057 num
2298 1016 2423 1058 esse
2447 1002 2823 1058 existimarent
2857 1022 2870 1058 :
2913 1019 3050 1059 neve
3086 1003 3120 1057 ii
3167 1002 3261 1073 qui
3306 1005 3716 1073 praestantiores

2135 1104 2284 1164 sunt,
2317 1110 2483 1166 supra
2512 1095 2801 1151 inferiores
2825 1109 2946 1152 sese
2972 1095 3227 1154 eﬂ‘errent
3255 1112 3269 1148 :
3304 1094 3397 1149 Dei
3423 1094 3567 1149 enim
3593 1109 3716 1151 esse

2137 1190 2206 1245 de
2237 1204 2366 1244 vera
2423 1189 2688 1259 cujusque
2738 1189 2940 1245 virtute
2985 1203 3049 1243 ac
3086 1188 3400 1259 prmstantia
3442 1185 3710 1255 judicare.

2139 1281 2338 1337 Decere
2368 1281 2568 1351 potius,
2604 1289 2666 1335 ut
2696 1282 3110 1351 praestantiores
3167 1278 3560 1335 inﬁrmioribus
3594 1292 3715 1335 sese

2141 1362 2554 1429 accommodent
2580 1388 2702 1427 cum
2732 1373 3063 1444 indulgentia
3083 1373 3316 1443 quadam
3350 1386 3415 1427 ac
3442 1371 3667 1428 lenitate
3694 1388 3710 1426 :

2134 1463 2436 1532 praesertim
2477 1478 2601 1517 cum
2632 1461 2937 1518 absolutum
2968 1462 3223 1518 omnibus
3272 1462 3518 1517 numeris
3552 1465 3713 1532 quid-

2132 1553 2277 1623 piam
2306 1553 2545 1623 reperire
2573 1568 2797 1623 prorsus
2829 1552 3202 1609 diﬁicillimum
3231 1555 3321 1610 sit.
3349 1553 3536 1626 Itaque
3567 1555 3714 1626 ipsos

2133 1653 2268 1710 levis
2298 1653 2528 1709 aliorum
2561 1653 2743 1709 delicti
2786 1664 2977 1709 mutuo
3008 1646 3228 1709 veniam
3288 1654 3605 1727 indulgere;
3657 1666 3715 1712 et

2132 1759 2390 1831 quidquid
2422 1758 2735 1815 humanitus
2764 1770 3049 1830 peccatum
3080 1758 3173 1826 sit,
3199 1759 3510 1815 condonare
3542 1774 3713 1829 opor-

2137 1876 2270 1933 tere,
2306 1880 2559 1938 magnam
2602 1879 2816 1936 semper
2872 1865 3139 1921 rationem
3199 1863 3460 1921 habentes
3510 1875 3713 1921 mutua:

2132 1974 2482 2031 concordiae:
2530 1987 2599 2028 ne
2624 1972 2766 2028 forte
2814 1971 2943 2026 dum
2973 1971 3075 2042 ipsi
3111 1970 3255 2027 inter
3303 1985 3363 2026 se
3415 1970 3711 2028 seditiones

2130 2082 2359 2152 agitant,
2392 2079 2460 2135 iis
2484 2072 2580 2152 qui
2604 2080 2844 2138 divinam
2884 2079 3061 2151 legem
3094 2078 3397 2134 maledictis
3436 2078 3712 2135 incessere

2129 2190 2305 2261 parati
2332 2199 2483 2253 sunt,
2531 2187 2744 2243 ridendi
2804 2188 3114 2258 praebeatur
3172 2185 3410 2243 occasio.
3468 2184 3709 2252 Quorum

2129 2305 2308 2352 tamen
2336 2294 2632 2351 maximam
2664 2293 2935 2350 rationem
2960 2292 3027 2348 ab
3053 2291 3187 2363 ipsis
3221 2290 3527 2347 habendam
3554 2304 3706 2356 esse;

2129 2515 2518 2585 deprehendet.
2552 2513 2751 2569 Eodem
2804 2512 3126 2585 referendus
3184 2520 3267 2567 est
3301 2512 3455 2566 locus
3487 2512 3707 2570 Eusebii

2131 2589 2182 2641 in
2203 2582 2384 2656 capite
2413 2584 2481 2639 56
2508 2585 2663 2652 hujus
2692 2583 2842 2656 libri,
2871 2583 3066 2656 ubiait
3087 2582 3515 2656 constantinum
3546 2584 3710 2652 impe-

2129 2652 2362 2713 ratorem
2403 2670 2655 2724 magnam
2707 2654 2816 2709 vim
2868 2654 2989 2708 auri
3047 2652 3298 2709 ecclesiis
3358 2655 3593 2709 donasse
3636 2656 3708 2709 ad

2127 2742 2435 2799 pauperum
2495 2726 2833 2799 alimoniam,
2903 2739 3027 2799 cum
3089 2739 3287 2799 omnes
3333 2724 3706 2799 hominesad

2126 2794 2528 2865 suseipiendam
2578 2796 2838 2850 salutaris
2895 2794 3019 2848 ﬁdei
3069 2794 3373 2865 doctrinam
3407 2794 3509 2865 hac
3537 2795 3707 2849 etiam

2128 2864 2340 2923 ratione
2390 2867 2623 2921 invitare
2677 2866 2876 2932 vellet;
2930 2864 3182 2933 exemplo
3236 2864 3619 2934 Apostoli,qui
3653 2867 3706 2919 in

2130 2937 2366 3009 Epistola
2398 2939 2463 2992 ad
2498 2936 3022 3009 Philippensesinec
3051 2937 3128 2989 ait
3157 2951 3172 2988 :
3214 2936 3331 2993 Sit-e
3344 2949 3435 3003 per
3465 2934 3704 3009 οεεαεὶοα

2126 3003 2264 3075 rtem,
2298 3010 2404 3064 sive
2430 3024 2524 3078 per
2554 3003 2829 3078 veritatem
2860 3005 3105 3078 Christus
3130 3009 3497 3078 ιιηιιιιηέὶιιιιιι·ἶ
3525 3003 3707 3078 _P_o_rt'o

2126 3080 2184 3135 in
2217 3073 2319 3135 nis.
2367 3073 2527 3133 co'dd.
2574 3076 2712 3131 Fuk.
2765 3086 2821 3131 et
2874 3074 3071 3141 Savil.,
3135 3076 3267 3129 etin
3301 3073 3535 3129 Turuebi
3567 3075 3706 3130 libro

2130 3161 2272 3208 totus
2322 3151 2410 3205 hic
2456 3148 2605 3203 locus
2632 3149 2705 3201 ita
2732 3147 2994 3202 scribitur
3027 3163 3040 3199 :
3074 3145 3181 3210 Οὒς
3229 3146 3320 3199 καὶ
3356 3143 3708 3215 μάλισταοδεῖ

2127 3220 2382 3293 σωθῆναγ
2415 3220 2512 3293 οὐκ
2565 3217 2823 3272 ἀδύνατον
2849 3216 2957 3289 γὰρ
3010 3218 3060 3293 εί
3085 3218 3153 3293 sit
3175 3216 3295 3269 καθ’
3331 3217 3478 3293 ἡμᾶς
3511 3216 3705 3293 αὐτοὺς

2125 3288 2344 3364 ζηλωτὰ
2386 3292 2677 3364 φαίνοιντο·
2706 3303 2847 3364 quas
2889 3288 3007 3342 sine
3031 3289 3194 3341 dubio
3219 3303 3372 3364 vero
3391 3288 3569 3364 lectio
3595 3297 3699 3364 est.

2123 3356 2415 3419 Id'tantuni
2441 3359 2720 3415 emendari
2742 3356 2931 3424 velint,
2967 3367 3027 3411 ut
3055 3373 3150 3425 pro
3179 3358 3280 3412 οὐκ
3309 3356 3570 3412 ἀδύνατον
3594 3357 3702 3428 γάρ

2124 3435 2398 3488 scribatur
2428 3432 2528 3484 οὐκ
2551 3429 2814 3484 ἀδύνατον
2841 3428 2921 3493 δέ,
2956 3439 3011 3484 et
3042 3440 3227 3498 postea
3258 3445 3356 3499 pro
3384 3428 3459 3499 μὴ
3488 3428 3704 3496 ἀγνοεῖν

2126 3505 2333 3576 legatur
2365 3501 2440 3574 μὴ
2470 3503 2685 3576 ἀγ-νοεῖν
2712 3500 2840 3576 γάρ.

2195 3567 2332 3643 ἶὸῒ)
2365 3567 2671 3643 ’Σωθῆναιί
2711 3567 3083 3643 δυίραμένων,
3134 3568 3245 3643 Hoc
3296 3568 3418 3624 loco
3465 3567 3702 3643 σωθῆναι

2125 3645 2263 3699 idem
2296 3640 2402 3709 est,
2431 3640 2574 3714 quod
2599 3642 2856 3714 salutaris
2886 3640 3025 3714 lidei-
3046 3640 3698 3714 doctrinampercipere,

2122 3715 2396 3785 quomodo
2451 3709 2688 3785 sumitur
2717 3712 2863 3785 apud
2892 3709 3146 3785 Paulum,
3196 3710 3284 3763 ubi
3321 3710 3491 3785 _dicit_
3521 3709 3697 3785 _Deuut

2124 3779 2260 3840 velle
2282 3800 2470 3841 omnes
2500 3779 2969 3838 hoorines’salvos
3003 3780 3139 3843 fieri,
3185 3789 3239 3834 et
3269 3779 3337 3833 ad
3370 3780 3697 3848 agnitionem

2126 3855 2372 3909 veritatis
2407 3854 2594 3909 venire
2621 3851 2670 3923 (Ι
2697 3850 2843 3923 ίΤὶηι.
2876 3866 2938 3915 11,
2971 3850 3047 3920 4).
3087 3851 3189 3923 ΙξῖειΔ
3213 3850 3316 3923 hoc
3368 3850 3590 3923 verbum
3640 3850 3695 3903 in

2120 3941 2185 3981 eo
2213 3941 2374 3981 sensu
2392 3919 2665 3995 proprium
2683 3919 3335 3995 Cltristianaa’_rel_igionis_.
3358 3919 3487 3995 AQuo
3517 3928 3695 3995 tamen

2122 3997 2205 4051 usi
2242 4006 2367 4051 sunt
2394 3990 2556 4051 etiam
2590 3990 3400 4063 posteriorisaeviphilosophi,
3431 3998 3489 4043 ut
3518 3990 3694 4061 legere

2122 4067 2342 4121 tuemini
2376 4068 2430 4120 in
2457 4059 2873 4121 Comlttentariis
2903 4061 3082 4116 Procli
3109 4064 3163 4114 in
3205 4059 3481 4114 Timwuut.

2193 4138 2304 4208 (85)
2338 4136 2434 4204 Μὴ
2491 4133 2861 4208 ἀμφιγνοεῖν.
2909 4131 3263 4208 ξςᾼτὶὺοιιιιυηι
3294 4132 3472 4208 potius
3517 4130 3591 4202 μή
3635 4146 3693 4185 τε

2118 4200 2469 4280 ἀμφιγνοεῖν,
2505 4200 3016 4280 subaudiendoeeiv
3054 4204 3198 4272 quod
3222 4200 3382 4280 paulo
3410 4212 3535 4280 ante
3558 4200 3693 4269 pm-

2120 4271 2304 4335 cessit.
2344 4271 2463 4334 Sed’
2484 4278 2655 4332 codex
2701 4273 2911 4330 Fuketii
2956 4271 3136 4327 veram
3190 4271 3350 4326 nobis
3410 4271 3693 4325 lectionem

2121 4352 2335 4419 aperuit
2376 4350 2434 4404 in
2493 4362 2600 4414 quo
2634 4346 2841 4419 legitur
2868 4344 2943 4417 μὴ
2973 4343 3190 4419 ἀγνοεῖν
3240 4340 3284 4394 δ’
3340 4341 3486 4419 υμᾶς
3541 4337 3692 4419 eluet

2122 4413 2219 4489 ὥς,
2251 4430 2359 4475 etc.
2415 4413 2593 4487 Atque
2644 4413 2720 4471 ita
2775 4413 2945 4489 etiarn
2973 4413 3535 4489 Turnebq_s_ad_oram
3570 4413 3689 4466 libri

2121 4481 2217 4545 sui
2256 4481 2572 4545 emendafat
2598 4502 2665 4541 ex
2698 4502 2799 4541 ms.
2827 4486 3036 4540 codice.
3063 4513 3133 4524 —
3165 4482 3299 4536 Aliis
3324 4481 3520 4551 placet,
3560 4496 3691 4538 voce

2050 4544 2090 4599 ί)
2118 4562 2228 4615 δεῖν
2268 4544 2399 4617 ante
2429 4558 2668 4630 σωθῆναι
2703 4557 2897 4623 deleta,
2929 4554 3004 4628 μὴ
3024 4554 3132 4608 δεῖν
3152 4544 3475 4624 ἀμφιγνοεῖν
3494 4544 3688 4623 legere.

2118 4632 2299 4777 E0623)
2327 4702 2485 4769 Vulg.
2513 4699 3009 4777 ἐπικαιρούμενοι.
3063 4693 3298 4777 Verbum
3351 4693 3588 4777 insolens
3638 4704 3686 4777 et

2116 4762 2315 4829 novum
2359 4790 2374 4826 :
2413 4762 2510 4841 pro
2560 4786 2668 4840 quo
2704 4762 3063 4841 scribendum
3106 4766 3319 4819 videtur
3360 4762 3682 4841 ἐπικουρού-

2117 4862 2288 4917 μενοι.
2345 4837 2553 4898 88115118
2578 4837 2768 4917 autem
2830 4841 2875 4917 is
2908 4838 3131 4917 omnino
3158 4844 3244 4917 est
3278 4849 3437 4903 quem
3468 4837 3521 4915 in
3565 4849 3680 4889 ver~

2112 4905 2266 4972 sione
2297 4927 2415 4967 mea
2447 4911 2626 4981 posui.
2664 4910 2752 4965 Ait
2777 4910 2923 4963 enim
2948 4905 3337 4981 Constantinus
3360 4905 3529 4960 variis
3560 4920 3679 4959 cau-

2110 4988 2187 5042 sis
2225 4994 2283 5041 et
2313 4975 2694 5039 occasionibus
2728 4994 2969 5049 paganos
2997 4975 3064 5049 ad
3096 4975 3413 5043 religionem
3441 4986 3684 5049 nostram

2109 5057 2289 5112 solere
2337 5052 2606 5109 converti.
2659 5046 2823 5105 Alios'
2852 5064 2947 5118 spe
2997 5046 3383 5118 alimentorum
3422 5046 3578 5111 duci;
3615 5047 3675 5099 οι

2109 5128 2489 5197 elecmosynas
2540 5121 2751 5197 scilicet
2784 5115 3255 5197 Christianorum.
3286 5115 3439 5197 Alios
3464 5131 3561 5185 spe
3593 5131 3679 5197 pa:

2112 5188 2370 5262 trociniii
2398 5196 2468 5249 ob
2492 5195 2871 5262 episcoporum
2904 5190 3106 5245 scilicet
3129 5188 3563 5262 auctoritatetu,‘
3590 5188 3683 5254 qui

2109 5270 2251 5339 apud
2278 5258 2659 5339 imperatorem
2682 5258 2741 5316 et
2764 5270 3062 5339 summates
3091 5258 3379 5339 plurimum
3408 5266 3681 5339 poterant,

2111 5328 2414 5411 προστασία
2466 5345 2555 5411 est
2596 5332 2958 5411 patrocinium
3006 5328 3104 5411 seu
3136 5328 3475 5398 suﬂragium,
3528 5329 3680 5411 ιιι.εᾴ

2107 5397 2454 5464 Ainmiauum
2506 5397 2876 5477 Marcellinum
2926 5400 3144 5477 notavi,_
3170 5414 3277 5469 qua
3307 5411 3439 5477 voce
3489 5397 3683 5477 crebro

2108 5481 2280 5535 utitur
2330 5478 2572 5533 Joannes
2623 5475 3068 5545 Chrysostomus.
3130 5468 3204 5525 ln’
3238 5469 3444 5539 optimo
3496 5468 3681 5545 codice

2105 5549 2404 5605 Fuketiano
2428 5549 2578 5603 deest
2616 5561 2718 5601 vox
2737 5537 3217 5615 'érrtxatpodpsvm,
3252 5537 3506 5615 totusque
3530 5537 3680 5591 locus

2106 5622 2180 5695 ita
2214 5620 2413 5695 legitur
2442 5635 2455 5672 :
2481 5618 2531 5671 οἱ
2582 5616 2680 5688 μὲν
2708 5616 2816 5695 γὰρ
2844 5616 2920 5695 ως
2946 5607 3110 5695 ’πρὸς
3134 5608 3339 5695 τροφὴν
3370 5607 3676 5695 χαίρουσιν.

2104 5693 2152 5745 οἱ
2210 5678 2429 5754 δὲντοὺς
2486 5678 2818 5761 προστασίας
2879 5678 3312 5755 ἐπειλημμένους
3362 5678 3679 5751 ὑποτρέχειν

2100 5779 2123 5815 ε
2134 5761 2293 5816 ίώθασ
2304 5778 2370 5817 ιν.
