4114 6432
424 371 563 429 1085
1166 372 1441 431 EUSEBII
1484 371 1973 430 CASSARIENSIS
2005 376 2015 426 1

2123 377 2154 426 ’.
2201 374 2379 429 PARS
2417 374 2456 430 I.
2482 406 2548 415 —
2581 372 2972 431 HISTORICA.
3670 356 3832 413 £081

425 488 620 559 quippe
648 504 769 543 cum
805 488 966 546 facile
1006 494 1209 547 servari
1242 494 1471 564 possint,
1524 495 1568 549 si
1596 509 1659 549 ea
1686 510 1806 564 qua:
1854 495 1992 564 apud

2123 494 2314 556 ζιώσεσι
2374 494 2893 567 φιλοφρονουμένους
2952 493 3308 559 ἀσπάζονται,
3360 486 3514 547 καὶ
3589 477 3831 547 ξενίοις

424 596 525 636 nos
554 592 837 653 geruntur,
872 583 976 639 illis
999 584 1199 640 eximia
1247 595 1303 640 et
1329 586 1643 640 admiranda
1694 586 1998 641 videamur.

2123 583 2403 654 τιμώμενοι
2463 585 2747 653 ἀγαπῶσιν
2810 585 3008 656 ἕτεροι·
3048 584 3269 655 βραχεῖς
3328 584 3389 636 δ’
3456 578 3529 632 οἱ
3616 570 3828 637 λότωτ

423 671 609 743 Neque
661 689 788 729 vero
824 675 953 745 ipsis
1010 677 1302 731 obscurum
1336 691 1483 743 esse,
1546 692 1859 732 sermonum
1908 692 2001 732 co-

2123 674 2321 745 ὶληθῶν
2371 674 2588 745 ἀληθεῖς
2645 675 2754 747 (85)
2808 677 3055 747 ἐρασταὶ,
3103 678 3197 730 καὶ
3242 678 3543 734 σπάνιος
3628 660 3718 717 αὖ
3798 661 3831 712 6

428 768 575 838 piam
611 767 1033 837 haudquaquam
1084 769 1336 825 omnibus
1367 768 1678 824 hominibus
1710 758 1999 823 utilitatem

2123 765 2206 836 τῆς
2268 766 2522 837 ἀληθείας
2583 767 2753 837 φίλος.
2822 768 2912 821 Διὺ
2970 768 3107 839 πρὸς
3160 768 3377 832 πάντας
3461 759 3831 832 ἁρμόττε-

422 860 638 916 afferre.
676 862 779 915 Alii
812 862 955 916 enim
988 870 1246 929 tanquam
1281 861 1349 917 ad
1384 862 1550 915 vitam
1587 861 1997 916 sustentandam

2123 858 2233 912 rBat
2271 859 2369 922 δεῖ,
2410 859 2591 931 ίατροῦ
2608 860 2763 933 δίκην
2786 861 3001 930 ἑκάστῳ
3027 858 3098 913 τὰ
3121 860 3379 930 λυσιτελῆ
3434 856 3642 929 πρὸς
3686 868 3817 903 σω·-

421 952 705 1008 commoda
756 952 869 1027 sibi
897 950 1233 1020 suppeditari
1269 950 1507 1020 gaudent
1544 968 1557 1004 :
1596 951 1687 1005 alii
1716 952 1784 1005 ad
1816 960 2001 1021 patro-

2123 967 2163 1021 τη
2177 950 2294 1022 ρίαν
2325 952 2744 1024 ποριζομένουςο
2779 954 2910 1008 ὥστ’
2932 956 2991 1021 ἐξ
3020 955 3259 1019 ἅπαντος
3291 956 3402 1027 τὴν
3446 949 3817 1019 σωτήριον

424 1043 625 1099 ciuium
648 1042 823 1099 solent
857 1026 1167 1113 confugere.
1194 1042 1426 1109 Quidam
1455 1057 1591 1098 eosa
1618 1042 1819 1113 quibus
1844 1042 2001 1097 beni-

2123 1041 2252 1113 ταρά
2288 1044 2399 1107 τοῖς
2422 1046 2554 1097 πᾶσι
2582 1044 2901 1112 δοξάζεσθαι
2925 1046 3290 1101 διδασκαλίαν.
3324 1026 3656 1101 Τοιαῦτα
3690 1042 3811 1110 μὲν

425 1150 529 1207 gne
556 1135 901 1205 excipiuntur
928 1134 1203 1204 diligunt;
1233 1133 1486 1188 nonnulli
1517 1134 1856 1189 munusculis
1899 1134 1999 1190 ho-

2129 1151 2156 1185 ν
2187 1132 2422 1205 πρώτοις
2444 1135 2707 1209 παρῄνει·
2740 1140 2893 1203 τέλος
2930 1138 2975 1192 δ’
3010 1141 3267 1205 ἐπετίθει,
3293 1141 3399 1205 τὰς
3438 1136 3646 1207 ὑπὲρ
3684 1135 3807 1188 αὗ-

424 1225 625 1290 norati,
652 1225 719 1279 ad
748 1224 1046 1277 amicitiam
1079 1224 1369 1278 ineundam
1421 1224 1792 1294 impelluntur.
1832 1224 1997 1280 Pauci

2123 1225 2191 1279 τοῦ
2238 1225 2375 1297 πρὸς
2422 1228 2513 1283 τὸν
2548 1230 2679 1284 Θεὸν
2720 1232 2999 1304 ἱκετηρίας
3041 1234 3548 1305 ἐσπουδασμένιυς
3580 1230 3805 1283 πεκεῖ⁴⁵

425 1316 715 1370 admodum
738 1326 865 1369 sunt
888 1315 999 1369 veri
1032 1329 1345 1369 sermonum
1382 1325 1691 1370 amatores:
1715 1332 1811 1371 nec
1844 1316 2007 1373 facile

2123 1318 2249 1372 r9at.
2273 1319 2429 1373 Οῦτω
2458 1320 2521 1392 δὴ
2547 1323 2967 1394 συνταξάμενος,
2987 1328 3077 1380 ἐπὶ
3098 1326 3165 1381 τὰ
3193 1328 3341 1397 σφῶν
3366 1327 3611 1381 οἰκεῖα
3639 1324 3799 1387 τοὺς

424 1408 720 1474 invenitur,
755 1408 845 1477 qui
883 1410 1132 1465 veritatis
1162 1409 1436 1463 studiosus
1462 1408 1557 1462 sit.
1586 1408 1756 1473 Quam
1784 1409 1852 1462 ob
1877 1423 2008 1463 cau-

2123 1408 2313 1474 τάντας
2353 1412 2630 1467 ἐπανιέναι
2671 1416 2853 1484 ἠφίει·
2886 1419 2932 1469 οἱ
2967 1417 3013 1470 δ’
3038 1417 3343 1489 ἐπανῄεσαν
3378 1420 3509 1472 σὺν
3548 1416 3797 1486 εὐφρο-

424 1512 541 1553 sam
570 1498 822 1554 omnibus
870 1514 989 1553 sese
1020 1500 1431 1554 accommodare
1454 1505 1692 1567 Oportet,
1724 1507 1780 1552 et
1832 1500 2006 1553 instar

2123 1500 2258 1573 τύνῃ,
2289 1503 2509 1574 ἐκράτει
2542 1522 2601 1558 τε
2629 1506 2817 1560 λοιπὸν
2860 1508 3011 1579 παρὰ
3038 1512 3151 1573 τοῖς
3176 1512 3311 1563 πᾶσι
3345 1511 3450 1581 μία
3501 1506 3783 1577 γνώμη.

423 1590 624 1645 medici
660 1590 942 1659 cujusdam
1001 1605 1063 1644 ea
1102 1604 1222 1658 quae
1266 1589 1332 1642 ad
1386 1582 1805 1658 uniuscujuSque
1862 1588 2009 1645 salu-

2123 1595 2239 1663 ταρ’
2298 1594 2447 1665 αὐτῷ
2500 1595 2711 1666 βασιλεί
2772 1600 3212 1671 συμφωνηθεῖσα,
3271 1599 3784 1670 συναπτομένων

426 1688 533 1735 tem
565 1680 715 1735 utilia
749 1689 875 1736 sunt
897 1680 1338 1741 subministrare,
1371 1686 1430 1731 ut
1456 1678 1713 1733 salutaris
1742 1679 1995 1734 doctrina

2123 1682 2291 1755 ὒσπερ
2338 1686 2423 1755 ἐφ’
2457 1688 2537 1741 ἐνὶ
2562 1688 2793 1760 σώματι,
2824 1691 2932 1745 τῶν
2966 1693 3031 1745 ἐκ
3073 1692 3283 1765 μακροῦ
3321 1692 3772 1765 διῃρημένων.

410 1771 572 1826 .omni
601 1787 666 1825 ex
694 1780 847 1837 parte
880 1772 949 1827 ab
996 1772 1253 1847 omnibus
1284 1773 1600 1825 honoretur.
1632 1771 1697 1825 Et
1723 1772 1838 1826 haac
1873 1773 2091 1842 quidem
2154 1777 2330 1845 primo
2377 1781 2498 1835 loco
2565 1784 2869 1851 imperator
2928 1785 3007 1839 eis
3071 1786 3349 1856 prazcepit.
3397 1787 3489 1839 Ad
3537 1797 3768 1840 extre-

425 1877 572 1916 mum
596 1878 729 1919 vero
777 1862 995 1931 adjecit,
1034 1872 1093 1918 ut
1154 1877 1254 1932 pro
1326 1877 1386 1917 se
1445 1878 1659 1933 quoque
1709 1876 1898 1932 preces
1944 1865 2011 1919 ad
2052 1866 2217 1921 Deum
2276 1871 2467 1927 sedulo
2532 1873 2797 1929 facerent.
2831 1874 2966 1930 Cum
2997 1877 3049 1931 in
3078 1878 3220 1931 hunc
3251 1878 3472 1932 modum
3510 1879 3616 1932 eis
3654 1894 3765 1930 va-

426 1952 727 2021 ledixisset,
775 1956 986 2009 cunctis
1048 1963 1172 2023 post
1201 1954 1318 2009 hinc
1377 1955 1430 2009 in
1479 1956 1714 2024 patriam
1765 1958 2022 2014 redeundi
2089 1970 2407 2030 potestatem
2475 1966 2627 2025 fecit.
2656 1968 2731 2023 llli
2782 1970 2949 2041 igitur
2995 1986 3202 2026 summa
3240 1987 3363 2026 cum
3421 1972 3753 2027 hilaritate

425 2046 643 2116 domum
676 2047 879 2101 reversi
943 2056 1104 2111 sunt;
1162 2061 1225 2099 ac
1260 2047 1514 2117 deinceps
1563 2063 1670 2101 una
1727 2050 1867 2120 apud
1906 2065 2097 2108 omnes
2138 2056 2308 2110 valuit
2358 2060 2558 2129 opinio,
2625 2063 2728 2117 sub
2779 2063 2945 2131 ipsius
3010 2063 3356 2133 imperatoris
3408 2063 3743 2135 praesentia

425 2140 704 2194 communi
757 2139 997 2195 omnium
1060 2154 1329 2195 consensu
1379 2142 1622 2208 firmata;
1656 2156 1780 2197 cum
1826 2143 1861 2198 ii
1890 2144 1980 2216 qui
2008 2145 2120 2216 jam
2170 2148 2371 2207 dudum
2399 2168 2429 2207 a
2457 2168 2517 2211 se
2548 2164 2733 2211 mutuo
2783 2156 2978 2212 divulsi
3040 2166 3215 2225 erant,
3245 2158 3299 2212 in
3339 2174 3499 2213 unum
3525 2158 3730 2213 veluti

427 2248 627 2301 corpus
656 2233 1006 2290 coaluissent.

884 2326 1051 2400 496
1096 2326 1326 2383 CAPUT
1374 2325 1536 2380 xxu.

430 2415 706 2484 Quomodo
740 2418 872 2473 alios
900 2422 1108 2491 quidem
1154 2422 1396 2473 hortatus
1441 2421 1525 2482 sit,
1557 2420 1625 2472 ad
1649 2420 1784 2475 alios
1832 2432 2007 2478 autem

638 2492 925 2558 scripserit,
959 2501 1006 2544 et
1043 2494 1105 2543 de
1129 2492 1473 2559 pecuniarum
1515 2492 1789 2546 divisione.

499 2576 675 2634 Tanto
701 2579 868 2647 igitur
896 2594 1147 2634 successu
1185 2580 1480 2648 imperator
1518 2580 1878 2648 exhilaratus,
1930 2581 1997 2636 iis

430 2668 524 2738 qui
556 2671 762 2740 synodo
784 2671 1005 2726 minime
1042 2671 1441 2736 interfuissent,
1471 2672 1838 2741 gratissimum
1891 2674 2009 2728 fru-

428 2776 575 2816 cuum
602 2777 700 2831 per
720 2762 932 2817 litteras
968 2764 1221 2833 praebuit.
1244 2763 1348 2819 Sed
1380 2773 1433 2819 et
1466 2765 1734 2820 universis
1765 2766 2005 2837 populis,

432 2861 541 2906 tam
580 2853 644 2907 iis
678 2854 766 2923 qui
803 2870 899 2923 per
932 2869 1091 2923 agnos
1116 2870 1276 2925 quam
1313 2858 1405 2926 qui
1445 2856 1497 2911 iu
1535 2856 1762 2911 urbibus
1791 2857 2008 2912 habita—

431 2941 585 3007 bant,
612 2939 862 3012 magnam
893 2945 1135 3014 pecuniae
1168 2946 1278 3001 vim
1330 2947 1581 3001 distribui
1616 2946 1803 3015 jussit;
1834 2949 2013 3018 publi-

432 3052 553 3088 ram
583 3035 936 3092 festivitatem
975 3040 1044 3093 ob
1078 3039 1397 3095 vicesimum
1443 3040 1657 3111 imperii
1691 3042 1774 3104 sui
1809 3057 2008 3097 annum

433 3128 534 3184 hac
566 3131 777 3185 ratione
802 3132 1217 3188 concclebrans.

996 3224 1226 3281 CAPUT
1256 3223 1444 3280 XXIII.

438 3310 712 3375 Quomodo
743 3312 813 3365 ad
853 3312 1155 3437 Egypt/bs:
1184 3314 1469 3436 scripse‘rit,
1502 3329 1692 3385 eosque
1725 3314 1793 3367 ad
1833 3330 2013 3383 pacem

1053 3401 1132 3437 tor
1161 3396 1278 3437 atus
1325 3400 1367 3437 si
1397 3422 1411 3437 .

1053 3396 1278 3437 tortatus
1325 3396 1411 3438 δτι.

507 3473 708 3527 νει-ατη
750 3474 961 3529 cunctis
998 3475 1139 3529 inter
1188 3490 1247 3528 se
1280 3491 1465 3546 pacem
1510 3475 1835 3541 colentibus,
1869 3476 2014 3547 apud

438 3563 584 3618 solos
613 3560 901 3635 Egyptios
933 3565 1292 3635 implacabilis
1328 3568 1699 3621 contentionis
1732 3567 1889 3622 furor
1921 3583 2013 3621 ar-

2625 2331 3023 2386 ΚΕΦΑΛᾹΙΟΝ
3070 2332 3197 2386 KB'.

2114 2422 2313 2485 Ὅπως
2348 2419 2456 2486 οὓς
2496 2419 2613 2489 μὲν
2649 2420 3054 2494 προέπεμψεν,
3093 2418 3186 2489 οἷς
3211 2422 3281 2476 δὲ
3321 2424 3550 2494 ἔγραψε,
3584 2422 3703 2477 και

2566 2491 2886 2559 χρημάτων
2912 2491 3231 2560 διαδόσεις.

2184 2581 2402 2653 Χαίρων
2438 2582 2575 2653 δῆτα
2617 2582 2868 2653 βασιλεὺς
2898 2586 2990 2638 ἐπὶ
3023 2586 3101 2656 τῷ
3140 2586 3542 2659 κατορθώματι,
3578 2588 3705 2648 τοῖς

2116 2675 2192 2748 μὴ
2214 2674 2587 2747 παρατυχοῦσι
2618 2678 2685 2746 τῇ
2720 2677 2923 2748 συνόδῳ
2963 2678 3175 2749 καρπὸν
3200 2678 3402 2748 εὐθαλῆ
3429 2677 3714 2749 δεδώρητο

2112 2765 2179 2819 δι’
2206 2764 2537 2818 ἐπιστολῶν·
2588 2763 2738 2827 λαοῖς
2775 2765 2822 2818 θ’
2854 2765 3044 2824 ἅπασι,
3081 2770 3191 2830 τοῖς
3231 2785 3289 2820 τε
3336 2770 3458 2819 κατ’
3492 2768 3709 2838 ἀγροὺς

2114 2860 2207 2912 καὶ
2234 2860 2346 2920 τοῖς
2368 2858 2510 2931 ἀμφὶ
2545 2856 2643 2920 τὰς
2664 2856 2866 2919 πόλεις,
2894 2856 3190 2927 χρημάτων
3227 2857 3492 2926 ἀφθόνους
3518 2857 3707 2911 διαδό·

2119 2967 2232 3015 σεις
2270 2950 2537 3003 ποιεῖσθαι
2580 2948 2997 3019 παρεκελεύετο,
3042 2947 3144 3003 ὧδέ
3177 2968 3252 3022 πη
3291 2951 3565 3023 γεραίρων
3594 2950 3706 3021 τὴν

2118 3042 2309 3114 ἑορτὴν
2337 3042 2435 3113 τῆς
2463 3040 2806 3104 είκοσαετοῦς
2839 3040 3131 3113 βασιλείας.

2620 3214 3017 3268 ΚΕΦΑΛΑΙΟΝ
3069 3216 3195 3269 Kl".

2119 3304 2323 3369 ’Ὅπως
2359 3304 2492 3372 περὶ
2538 3304 2782 3373 εἰρήνης
2826 3306 3172 3393 Α’ίγυπτίοις
3205 3306 3430 3377 ἐπραψέ
3483 3325 3545 3363 τε
3596 3308 3706 3363 καὶ

2729 3392 3094 3445 «appr-war.

2200 3466 2358 3520 Ἀλλά
2392 3466 2501 3539 γὰρ
2544 3468 2800 3522 ἁπάντων
2844 3471 3297 3541 είρηνευομένων,
3328 3472 3496 3541 μόνοις
3520 3474 3697 3540 Αίγυ-

2119 3560 2295 3622 πτίοις
2318 3559 2547 3631 ἄμικτος
2565 3558 2684 3634 ἧνή
2710 3562 2843 3633 πρὸς
2872 3562 3132 3633 ἀλλήλους
3163 3563 3471 3632 φιλονεικία,
3491 3564 3564 3627 ὼς
3595 3566 3697 3617 καὶ

436 3655 603 3715 debat
636 3673 648 3709 :
679 3656 813 3711 adeo
837 3658 1229 3713 ut-molestiam
1255 3660 1470 3727 quidem
1497 3659 1823 3715 exhiberem
1856 3660 2015 3729 impe-

2123 3648 2273 3715 αὖθις
2303 3653 2537 3723 ἐνοχλεῖν
2575 3654 2818 3724 βασιλέα,
2842 3655 2904 3707 οὐ
2939 3655 3043 3725 μὴν
3077 3656 3173 3708 καὶ
3201 3655 3338 3726 πρὸς
3366 3657 3529 3727 ὀργὴν
3552 3654 3697 3723 ἐγει-

439 3750 610 3804 ratori
631 3790 646 3814 ,
681 3766 787 3805 non
820 3751 939 3806 ideo
967 3760 1149 3806 tamen
1176 3767 1300 3807 eum
1326 3754 1393 3808 ad
1426 3754 1769 3811 iracundiam
1804 3753 2014 3807 excita-

441 3853 587 3897 rent.
615 3840 740 3897 lllos
770 3844 913 3897 enim
942 3853 1003 3899 ut
1044 3829 1249 3912 patres,
1283 3854 1379 3899 aut
1408 3846 1590 3914 potius
1622 3856 1680 3902 ut
1721 3845 2016 3916 pmphetas

441 3934 560 4002 Dei,
592 3938 736 3991 omni
763 3937 969 3998 honore
996 3937 1292 4006 imperator
1319 3938 1580 4003 alliciens,
1622 3940 1818 3994 iterum
1860 3938 1925 3992 ad
1960 3952 2018 3993 se

440 4028 693 4091 vocavit;
730 4024 928 4083 iterum
960 4027 1165 4083 arbiter
1188 4030 1501 4085 eOrumdem
1521 4030 1653 4097 fuit;
1687 4029 1886 4084 iterum
1919 4043 2015 4083 eos

441 4117 762 4173 muneribus
800 4132 863 4173 ac
894 4118 1052 4171 donis
1086 4119 1391 4173 honoravit.
1437 4117 1772 4173 Sententiam
1806 4132 2019 4187 quoque

442 4221 606 4275 quam
658 4207 864 4262 arbiter
916 4207 1149 4273 dixerat,
1196 4224 1293 4276 per
1328 4209 1609 4279 epistolam
1656 4209 2018 4281 significavit,

443 4299 777 4355 conﬁrmans
810 4307 865 4354 et
915 4301 1173 4355 sanciens
1208 4316 1269 4355 ea
1319 4316 1441 4370 quae
1474 4317 1504 4354 a
1548 4303 1755 4372 synodo
1802 4301 2021 4356 decreta

444 4387 694 4455 fuerant,
725 4404 928 4459 eosque
958 4390 1254 4444 adhortans
1289 4401 1347 4444 ut
1373 4392 1681 4446 concordia:
1711 4392 2015 4455 studerent,

445 4495 547 4535 nec
572 4479 830 4536 Ecclesiae
866 4496 1067 4552 corpus
1098 4483 1407 4537 distrahere
1452 4497 1516 4535 ac
1546 4481 1857 4552 discerpere
1902 4482 2017 4537 vel—

2129 3762 2260 3815 ρειν.
2286 3740 2385 3799 Οἷα
2407 3745 2537 3815 γοῦν
2560 3748 2822 3819 πατέρας,
2844 3748 2876 3819 ἢ
2900 3748 2993 3800 καὶ
3022 3746 3219 3817 μᾶλλον
3240 3749 3519 3817 προφήτας
3542 3746 3697 3811 Θεοῦ,

2127 3839 2278 3910 πάσῃ
2306 3838 2580 3910 περιέπων
2604 3844 2758 3911 τιμῇ,
2782 3843 2876 3893 καὶ
2900 3838 3148 3909 δεύτερον
3181 3839 3388 3901 ἐκάλει,
3421 3841 3511 3892 καὶ
3542 3840 3701 3893 πάλιν

2128 3936 2409 4005 ἐμεσίτευε
2439 3938 2551 3999 τοῖς
2585 3936 2767 3999 αὐτοῖς
2806 3935 3160 4001 ἀνεξικάκως,
3202 3937 3295 3989 καὶ
3322 3934 3517 4007 δώροις
3544 3936 3705 4006 ἐτίμα

2128 4024 2310 4089 πάλιν,
2346 4025 2533 4097 ἐδήλου
2575 4044 2635 4078 τε
2678 4026 2775 4098 τὴν
2809 4026 3016 4079 δίαιταν
3058 4026 3122 4079 δι’
3154 4025 3462 4095 ἐπιστολῆς.
3502 4027 3607 4079 Καὶ
3638 4026 3709 4078 τά

2127 4116 2226 4186 τῆς
2257 4117 2472 4171 συνόδου
2502 4118 2747 4189 δόγματα
2769 4120 2950 4190 κυρῶν
2980 4118 3431 4190 ἐπεσφραγίζετο,
3461 4118 3708 4188 παρεκά-

2128 4206 2208 4260 λει
2227 4223 2286 4258 τε
2315 4208 2633 4277 συμφωνίας
2658 4208 2915 4282 ἔχεσθαι,³
2935 4208 3067 4279 μηδέ
3100 4209 3330 4279 διασπᾷν
3358 4210 3453 4261 καὶ
3475 4208 3706 4262 κατατέ-

2131 4315 2283 4369 μνειν
2310 4300 2410 4370 τὴν
2444 4300 2789 4369 Ἐκκλησίαν,
2816 4300 2916 4369 τῆς
2935 4301 2992 4353 δὲ
3020 4300 3113 4353 τοῦ
3136 4299 3270 4353 Θεοῦ
3298 4302 3532 4371 κρίσεως
3556 4304 3612 4354 ἐν
3634 4302 3709 4373 νῴ

2128 4392 2228 4462 τὴν
2270 4394 2493 4464 μνήμην
2526 4394 2841 4464 λαμϐάνειν.
2874 4395 2982 4447 Καὶ⁵
3005 4393 3175 4447 ταῦτα
3198 4393 3255 4446 δὲ
3280 4394 3531 4463 βασιλεὺς
3550 4395 3614 4448 δι’
3639 4399 3712 4449 ol-

2131 4482 2284 4547 κείας
2306 4484 2591 4538 ἐπέστελλε
2618 4487 2853 4557 γραφῆς.

442 4570 576 4637 Ient,
608 4573 703 4629 sed
746 4558 984 4629 futurum
1032 4573 1125 4629 Dei
1150 4573 1415 4643 judicium
1448 4574 1634 4629 animo
1675 4584 2017 4645 reputarent.
2057 4572 2122 4629 Et
2160 4576 2276 4632 huic
2309 4577 2526 4646 quidem
2585 4578 2883 4650 imperator
2913 4578 3133 4648 speciali
3182 4578 3412 4647 epistola
3445 4579 3526 4633 eis
3574 4596 3709 4650 sug-

443 4665 631 4734 gessit.

998 4779 1228 4837 CAPUT
1274 4776 1458 4835 XXIV.

507 4870 781 4938 Quomodo
809 4873 1063 4943 episcopis
1097 4884 1144 4927 et
1175 4874 1410 4943 plebibus
1446 4872 1723 4943 religiosas
1751 4874 1953 4928 litteras

1012 4947 1206 5013 swpius
1230 4946 1458 5014 scripsit.

522 5031 627 5086 Sed
666 5040 721 5087 et
771 5032 876 5088 alia
910 5033 1141 5103 plurima
1191 5034 1454 5091 eiusmodi
1503 5034 1742 5103 scripsit,
1780 5049 1844 5089 ac
1887 5047 2023 5102 pene

450 5124 883 5179 innumerabiles
915 5127 1163 5180 exaravit
1216 5125 1516 5195 epistolas;
1562 5141 1705 5180 nunc
1755 5125 2023 5195 episcopis

445 5215 807 5280 pracscribens
841 5230 905 5269 ea
961 5232 1081 5286 qua:
1112 5216 1176 5270 ad
1212 5218 1579 5273 Ecclesiarum
1612 5217 1706 5271 Dei
1735 5218 2021 5272 utilitatem

446 5307 787 5375 spectabant,
844 5323 991 5364 nunc
1028 5308 1173 5377 ipsas
1201 5309 1391 5379 plebes
1424 5325 1522 5380 per
1546 5309 1754 5364 litteras
1780 5308 2021 5378 compel-

515 5512 849 5582 (85)Λότων
863 5509 1103 5579 ἀληθῶν
1117 5512 1565 5581 ἀληθεῖς-,Θοᾶώ
1587 5512 1798 5567 Fuketii
1817 5520 1869 5566 et
1886 5512 2038 5565 Savi-

2054 4793 2100 4850 ι)
2635 4776 3032 4831 ΚΕΦΑΛΑΙΟΝ
3072 4777 3195 4829 ΚΔ’.

2122 4874 2325 4937 ’Ὅπως
2370 4870 2723 4937 ἐπισκόποις
2768 4869 2865 4993 agat
2901 4868 3073 4979 λμοῖς
3110 4866 3377 4934 εὐλαϐῶς
3412 4869 3709 4937 πολλάκις

2804 4957 3053 4993 νοαυεν.

2876 4958 3053 4995 (IIl/'87.

2769 4957 2799 4993 ε
2876 4959 2912 4995 α
2938 4957 3053 4994 ter.

2196 5033 2308 5087 Καὶ
2342 5032 2478 5086 ἀλλὰ
2503 5033 2559 5086 δὲ
2587 4957 3064 5105 τούτοιςγξγρῖφεν
3092 5032 3292 5103 ἀδελφά
3328 5032 3516 5104 μυρία,
3552 5029 3709 5082 πλεί-

2127 5142 2257 5189 στας
2293 5125 2339 5178 θ’
2383 5127 2512 5189 ὅσας
2544 5126 2829 5190 ἐπιστολάς
2860 5124 3135 5187 διετύπου,
3173 5128 3230 5178 ἐν
3265 5124 3421 5197 μέρει
3457 5123 3553 5194 μὲν
3584 5123 3707 5174 ἐπι-

2127 5218 2351 5281 σκόποις
2383 5218 2523 5291 ὑπὲρ
2554 5220 2660 5273 τῶν
2690 5217 3035 5289 Ἐκκλησιῶν
3050 5216 3144 5269 τοῦ
3163 5214 3295 5269 Θεοῦ
3329 5214 3398 5267 τά
3426 5213 3707 5283 πρόσφορα

2124 5310 2570 5382 διαταττόμενος·
2612 5311 2713 5383 ἤδη
2746 5311 2802 5364 δὲ
2849 5311 2946 5365 καὶ
2987 5310 3167 5374 αὐτοῖς
3211 5306 3549 5380 προσεφώνει
3597 5308 3705 5369 τοῖς

2102 5548 2116 5561 .
2146 5511 2363 5585 [τιιιίοιίἰί
2385 5522 2439 5566 et
2480 5515 2691 5569 schedac
2723 5513 2903 5585 Regia:
2948 5516 3147 5569 habent
3185 5532 3199 5569 :
3236 5513 3326 5582 ὑφ’
3366 5509 3707 5585 ὲνὶᾼσώματι

457 5582 525 5655 liii
542 5587 802 5655 scriptum
839 5585 1035 5655 habent
1053 5582 1225 5652 λόγων
1244 5582 1457 5655 ἀληθῶν
1478 5584 1723 5655 ἐρασταί.
1755 5582 2015 5655 Quotnodt

2141 5599 2247 5637 non
2284 5584 2367 5651 ἐφ’
2397 5585 2496 5650 ἐνὶ,
2524 5595 2580 5639 ιιι
2628 5582 2827 5651 legitur
2855 5587 2906 5640 in
2962 5585 3193 5655 vulgatis
3234 5582 3705 5655 editionibusaln

460 5654 621 5733 ﬁliam
665 5655 719 5733 i_n
764 5654 900 5733 libro
936 5654 1174 5733 Turnebi
1224 5658 1291 5733 ad
1344 5654 1641 5733 marginem
1691 5654 2033 5733 emendatur.

1548 5740 1611 5779 ea
1640 5740 1756 5792 qum
1788 5738 2032 5793 proxime

458 5722 568 5775 Sed
597 5724 809 5794 vulgata
842 5724 1003 5778 lectio
1036 5725 1208 5793 magis
1235 5724 1411 5794 placet
1442 5740 1474 5778 o

2138 5655 2564 5731 eodeni_codice
2607 5657 2866 5724 scriptum
2910 5652 3140 5731 inveni”:
3164 5654 3351 5725 διόπερ
3381 5668 3584 5731 natura;
3610 5652 3706 5731 ἀρ-

2140 5723 2427 5806 μόττεσθαι
2461 5726 2558 5794 δεῖ,
2608 5722 2731 5781 ιιοιί
2756 5738 2814 5782 ut
2843 5728 3002 5797 vulgo
3047 5725 3249 5781 editum
3295 5722 3397 5789 est,
3460 5722 3539 5775 διὸ
3574 5722 3706 5791 πρὸς

465 5804 785 5863 sequuntur,
814 5805 872 5849 ut
898 5794 1099 5849 vitetur
1126 5793 1465 5867 ταυτολογία.
1520 5794 1686 5850 Paulo
1714 5803 1836 5864 post
1858 5793 2015 5848 codex

2134 5794 2355 5859 πάντας.
