4114 6432
292 312 475 373 1086

1431 318 1519 374 DE
1560 320 1723 377 VITA
1761 321 2219 379 CONSTANTINI
2255 323 2383 379 LIB.
2426 324 2514 381 Ill.

3425 331 3560 390 1086

300 432 616 502 πλήθεσιν,
635 430 895 498 ἀδελφοὺς
920 433 1206 486 ἀποκαλῶν
1228 435 1319 487 καὶ
1341 435 1772 507 συνθεράποντας
1795 441 1911 493 ἐαυ-

2014 439 2149 504 lans,
2185 441 2489 511 fratresque
2512 448 2565 495 et
2591 456 2884 498 conservos
2910 457 3040 498 suos
3075 444 3360 499 nominans
3385 444 3569 499 Eccle-

295 519 427 572 τοῦ
445 522 569 583 τοὺς
581 520 680 589 τῆς
696 519 1022 592 Ἐκκλησίας
1042 521 1202 586 λαοὺς
1231 525 1260 576 ὁ
1290 526 1703 596 τρισμακάριος.
1734 527 1904 599 Σχολὴ

295 613 373 672 δ’
417 617 482 671 ἂν
520 616 727 686 γένοιτο
767 617 937 670 ταῦτα
974 618 1065 670 ἐπὶ
1096 617 1299 680 οἰκείας
1337 617 1642 682 ὑποθέσεως
1676 637 1906 689 συναγα-

308 712 448 777 γεῖν
470 709 600 780 (86),
635 710 710 773 ὡς
744 709 810 763 ἂν
841 710 915 781 μὴ
938 709 999 762 τὸ
1036 709 1195 779 σῶμα
1223 708 1321 779 τῆς
1347 710 1626 782 παρούσης
1654 712 1783 783 ἡμῖν
1804 712 1906 765 δια-

316 800 586 853 κόπτοιτο
620 801 879 871 ἱστορίας.

842 915 1241 969 ΚΕΦΑΛΑΙΟΝ
1270 917 1396 970 KE'.

325 1004 527 1078 Ὅπως
562 1004 631 1057 ἐν
674 1005 1242 1078 ’ζεροσολρμοιςδέπὶ
1280 1006 1360 1072 τῷ
1410 1008 1554 1077 ἁγίῳ
1592 1010 1752 1074 τόπῳ
1796 1009 1906 1078 τῆς

402 1075 511 1149 τοῦ
546 1074 823 1149 Σωτῆρος
844 1074 1010 1149 ἠμῷν
1032 1078 1440 1149 ἀναστάσεως,
1458 1074 1620 1131 ’ναὸν
1651 1074 1907 1149 προσεύὲ

401 1144 646 1212 κτήριον
666 1145 1101 1215 οἰκοδομεῖσθαι
1122 1147 1476 1215 προσέταξε.

404 1234 621 1289 Τούτων
663 1236 708 1288 δ’
750 1231 838 1290 ὧδ’
871 1238 1121 1307 ἐχόντων,
1159 1239 1376 1311 μνήμης
1405 1240 1531 1294 ἄλλο
1559 1258 1612 1293 τι
1654 1240 1907 1312 μέγιστον

332 1328 447 1397 (87)
485 1330 575 1381 ἐπὶ
605 1329 698 1382 τοῦ
724 1328 1096 1384 Παλαιστινῶν
1118 1330 1301 1395 ἔθνους
1334 1333 1361 1384 ὁ
1393 1332 1639 1404 θεοφιλὴς
1670 1334 1907 1406 εἰργάζε-

335 1435 427 1473 το’
457 1420 510 1472 τί
554 1419 597 1471 δ’
634 1415 703 1490 ἦν
731 1419 921 1485 τοῦτο;
974 1420 1077 1473 Τὸν
1134 1422 1191 1473 ἐν
1230 1425 1342 1485 τοῖς
1382 1424 1769 1495 Ἰεροσολύμοις
1807 1425 1907 1495 τῆς

336 1512 605 1584 σωτηρίου
640 1514 984 1578 ἀναστάσεως
1017 1516 1482 1585 μακαριστότατον
1517 1517 1701 1581 τόπον,
1733 1518 1906 1571 ἐδόκει

331 1605 443 1657 δεῖν
470 1604 618 1675 αὐτῷ
646 1605 913 1681 περιφανῆ
938 1606 1031 1659 καὶ
1056 1607 1251 1660 σεπτὸν
1284 1608 1556 1678 ἀποφῆναι
1579 1611 1689 1672 τοῖς
1718 1610 1903 1662 πᾶσιν.

331 1695 541 1749 Αὐτίκα
564 1694 693 1765 γοῦν
726 1692 870 1748 οἷκον
909 1697 1194 1768 εὐκτήριον
1225 1698 1589 1769 συστήσασθαι
1614 1699 1908 1752 διεκελεύε-

327 1803 417 1847 το,
447 1787 546 1839 οὐκ
579 1785 730 1840 ἀθεεὶ
759 1786 903 1840 τοῦτ’
928 1788 983 1840 ἐν
1010 1787 1217 1860 διανοίᾳ
1249 1788 1442 1857 βαλὼν,
1477 1791 1589 1844 ἀλλ’
1623 1792 1713 1843 ὑπ’
1744 1791 1905 1845 αὑτοῦ

330 1873 429 1931 τοῦ
456 1878 707 1949 Σωτῆρος
732 1879 1075 1951 ἀνακινηθεὶς
1103 1879 1180 1949 τῷ
1210 1879 1497 1951 πνεύματι.

845 1972 1234 2026 ΚΕΦΑΛΑΙΟΝ
1263 1974 1405 2040 ΚΕΓ.

336 2062 458 2114 Ὅτι
498 2061 562 2114 τὸ
595 2060 753 2115 θεῖον
794 2061 1002 2131 μνῆμα
1048 2058 1277 2130 χώμασι
1354 2066 1450 2117 καὶ
1491 2065 1757 2132 εἰδώλοις
1789 2067 1909 2131 τάπ-

859 2131 1136 2201 ἐκρυψαν
1159 2136 1213 2186 οἱ
1238 2133 1421 2188 ἄθεοι.
1736 2131 1740 2132 ί
1818 2154 1821 2155 ⁷

410 2220 635 2290 ’Δνδρες
665 2221 764 2291 μὲν
790 2222 896 2293 γάρ
920 2239 1050 2276 ποτε
1088 2223 1384 2287 δυσσεϐεῖς,
1410 2226 1607 2295 μᾶλλον
1631 2227 1687 2280 δὲ
1716 2229 1822 2281 πᾶν
1850 2229 1910 2282 τὸ

331 2312 604 2383 δαιμόνων
644 2312 730 2365 διά
775 2312 979 2367 τούτων
1011 2314 1185 2382 γένος,
1236 2316 1470 2387 σπουδὴν
1513 2318 1693 2373 ἔθεντο
1736 2320 1909 2391 σκότῳ

336 2403 435 2457 καὶ
463 2402 601 2476 λήθῃ
629 2403 955 2473 παραδοῦναι
983 2405 1044 2458 τὸ
1077 2405 1357 2462 θεσπέσιον
1388 2410 1563 2464 ἐκεῖνο
1592 2411 1689 2481 τῆς
1710 2411 1909 2465 ἀθανα-

338 2496 461 2559 σίας
502 2496 711 2566 μνῆμα,
754 2499 884 2568 παρ’
916 2490 959 2565 ᾦ
999 2498 1113 2567 φῶς
1163 2500 1547 2574 ἐξαστράπτων
1595 2506 1623 2557 ὁ
1669 2505 1910 2569 καταϐὰς

336 2588 627 2659 οὐρανόθεν
659 2587 907 2657 ἄγγελος,
946 2591 1241 2646 ἀπεκύλισε
1271 2595 1363 2649 τὸν
1382 2596 1524 2649 λίθον
1551 2596 1660 2649 τῶν
1684 2596 1781 2659 τὰς
1801 2597 1911 2650 δια-

337 2679 488 2741 νοίας
523 2677 920 2749 λελιθωμένων,
953 2680 1044 2733 καὶ
1077 2681 1167 2736 τὸν
1200 2681 1375 2748 ζῶντα
1411 2685 1547 2757 μετά
1571 2685 1677 2740 τῶν
1705 2686 1911 2757 νεκρῶν

338 2767 416 2821 ἔθ’
444 2768 707 2838 ὑπάρχειν
741 2769 1139 2840 ὑπειληφότωνο
1166 2773 1264 2837 τὰς
1288 2780 1543 2843 γυναῖκας
1574 2775 1904 2844 εὐαγγελιζό-

342 2880 522 2933 μενος,
578 2860 667 2912 τόν
694 2877 751 2913 τε
774 2862 875 2931 τῆς
899 2863 1156 2930 ἀπιστίας
1204 2864 1350 2920 λίθον
1388 2869 1488 2938 τῆς
1522 2869 1700 2922 αὐτῶν
1722 2869 1913 2923 διανοί-

324 2964 407 3036 Ia;
430 2946 538 3017 (88)
562 2948 653 3001 ἐπὶ
674 2948 796 3021 δόξῃ
828 2951 927 3022 τῆς
956 2952 1050 3006 τοῦ
1078 2952 1404 3026 ζητουμένου
1422 2957 1565 3029 ζωῆς
1579 2958 1911 3031 ἀφαιρούμε-

340 3053 451 3100 νος.
486 3038 654 3091 Τοῦτο
688 3040 783 3109 μὲν
821 3036 913 3094 οὖν
955 3042 1016 3095 τὸ
1055 3046 1319 3115 σωτήριον
1354 3047 1546 3117 ἄντρον
1586 3048 1732 3101 ἄθεοι
1768 3066 1912 3114 τινες

342 3128 437 3181 καὶ
465 3129 741 3195 δυσσεϐεῖς
766 3132 969 3201 ἀφανὲς
992 3134 1050 3201 ἐξ
1071 3134 1371 3207 ἀνθρώπων
1391 3140 1714 3211 ποιήσασθαι
1738 3141 1910 3196 διανεα-

341 3214 550 3289 νόηντο,
579 3222 770 3291 ἄφρονι
788 3222 1031 3295 λογισμῷ
1054 3226 1153 3298 τὴν
1183 3226 1438 3298 ἀλήθειαν
1469 3229 1642 3305 ταύτῃ
1671 3249 1747 3302 πη
1780 3234 1911 3305 κρύο

342 3308 444 3377 ψαι
481 3309 842 3382 λογισάμενοι.
875 3314 987 3368 Καὶ
1026 3316 1088 3387 δὴ
1131 3317 1296 3371 πολὺν
1334 3320 1771 3393 είσενεγκάμενοι
1814 3325 1911 3395 μό-

343 3400 489 3470 χθον,
521 3402 624 3472 γῆν
651 3402 848 3468 ἔξωθέν
866 3406 1041 3461 ποθεν
1074 3410 1492 3482 είσφορήσαντες
1509 3412 1643 3484 (89),
1665 3414 1755 3467 τὸν
1776 3415 1912 3469 πάν-

342 3508 413 3545 τα
436 3493 766 3549 καλύπτουσι
792 3496 976 3561 τόπον,
995 3498 1208 3553 κᾶπειτ’
1235 3503 1315 3565 είς
1338 3500 1472 3572 ὕψος
1517 3506 1908 3577 αἰωρήσαντες,

344 3583 475 3655 λίθῳ
506 3603 565 3638 τε
603 3588 1102 3660 καταστρώσαντες,
1139 3592 1287 3646 κάτω
1319 3611 1422 3647 που
1459 3595 1520 3648 τὸ
1549 3596 1689 3650 θεῖον
1718 3599 1911 3671 ἄντρον

346 3676 451 3728 ὑπὸ
480 3677 656 3749 πολλῷ
690 3678 765 3749 τῷ
797 3681 1008 3752 χώματι
1038 3684 1510 3755 κατακρύπτουσιν
1530 3705 1542 3717 ·
1580 3685 1680 3741 εἷθ’
1709 3689 1783 3752 ῶς
1823 3691 1913 3743 ού-

344 3766 491 3830 δενὺς
514 3770 695 3833 αὐτοῖς
717 3771 1057 3843 λειπομένου,
1090 3777 1187 3846 τῆς
1213 3778 1314 3846 γῆς
1352 3776 1606 3849 ὕπερθεν,
1640 3781 1810 3834 δεινὸν
1839 3781 1913 3845 ὡς

344 3858 560 3929 ἀληθῶς
587 3863 837 3931 ταφεῶνα
867 3864 1051 3935 ψυχῶν
1078 3869 1547 3933 ἐπισκευάζουσιν,
1589 3872 1795 3943 νεκρῶν
1839 3876 1914 3926 εί·-

343 3950 524 4004 δώλων
562 3956 769 4008 σκότιον
821 3957 1137 4029 Ἀφροδίτης
1173 3959 1454 4031 ἀκολάστῳ
1497 3961 1708 4032 δαίμονι
1747 3965 1915 4035 μυχὸν

344 4047 855 4119 οἰκοδομησάμενοι·
895 4051 1126 4104 κᾶπειτα
1163 4052 1410 4124 μυσαρὰς
1442 4054 1688 4107 ἐνταυθοῖ
1729 4055 1917 4121 θυσίας

345 4135 439 4186 ἐπὶ
470 4135 709 4207 βεϐήλων
743 4140 835 4191 καὶ
864 4140 1071 4208 ἐναγῶν
1105 4141 1303 4211 βωμῶν
1329 4143 1739 4209 ἐπισπένδοντες
1770 4147 1878 4215 (90)
1897 4165 1909 4178 ’

342 4226 514 4302 ταύτῃ
547 4228 655 4299 γὰρ
692 4232 866 4300 μόνως
904 4232 996 4285 καὶ
1018 4233 1118 4286 οὐκ
1148 4233 1339 4297 ἄλλως,
1370 4235 1430 4287 τὸ
1465 4235 1795 4290 σπουδασθὲν
1834 4241 1913 4303 είς

2007 530 2101 583 sia:
2136 531 2382 598 populos,
2416 531 2501 584 vir
2534 531 2900 587 beatissimus.
2943 531 3142 587 Verum
3174 535 3291 589 haec
3319 543 3567 603 separato

2007 623 2283 677 volumine
2321 624 2599 694 colligere,
2634 623 2772 677 alias
2808 624 3039 680 fortasse
3073 627 3241 680 otium
3287 626 3469 693 fuerit,
3504 640 3571 680 ne

2007 712 2164 781 hujus
2200 712 2452 769 Historiae
2484 724 2683 769 nostra:
2714 715 2884 769 series
2918 716 3356 786 interrtnnpatur.

2475 893 2638 965 (.97
2672 892 2908 949 CAPUT‘
2938 893 3105 949 xxv.

2007 988 2279 1056 Quomodo
2307 988 2684 1057 Hierosolymis
2713 989 2765 1057 iu
2813 998 2994 1041 sancto
3019 985 3317 1057 Dominich
3341 1002 3571 1041 resurre-

2236 1060 2429 1113 ctionis
2460 1056 2573 1111 loco
2604 1056 2852 1125 templum
2878 1056 3075 1135 eagstrui
3101 1056 3362 1123 prwcepit.

2072 1154 2168 1210 His
2192 1154 2262 1208 ita
2282 1151 2465 1224 gestis,
2487 1152 2780 1220 imperator
2801 1148 2909 1204 Deo
2936 1149 3133 1203 charus
3147 1148 3291 1202 aliud
3315 1147 3569 1217 quiddam

2009 1244 2254 1317 inprimis
2309 1241 2666 1297 memorabile
2702 1257 2987 1312 aggressus
3024 1249 3107 1296 est
3157 1242 3210 1295 in
3263 1238 3570 1293 Palaestina.

2005 1335 2274 1401 Quidnam
2326 1348 2460 1390 vero
2492 1333 2623 1388 illud
2645 1333 2769 1388 est?
2797 1333 3173 1388 Beatissimum
3204 1330 3353 1385 illum
3386 1328 3571 1383 Domi-

2005 1427 2142 1482 nica:
2169 1425 2586 1481 resurrectionis
2611 1425 2788 1481 locum
2815 1425 2905 1494 qui
2941 1432 3024 1478 est
3048 1420 3460 1491 Hierosolymis,
3495 1419 3564 1473 il-

2007 1518 2230 1572 lustrem
2255 1531 2319 1572 ac
2347 1517 2717 1571 venerabilem
2748 1515 2964 1571 cunctis
2984 1512 3304 1569 mortalibus
3337 1511 3571 1576 efﬁcere,
3637 1564 3639 1566 .

2007 1608 2166 1665 ollicii
2197 1608 2278 1663 sui
2319 1622 2439 1663 esse
2477 1608 2833 1662 existimavit.
2868 1604 3163 1661 Confestim
3197 1604 3357 1673 igitur
3387 1615 3571 1658 orato-

2009 1703 2145 1755 rium
2169 1699 2366 1755 ibidem
2385 1699 2593 1753 exstrui
2617 1696 2899 1752 mandavit
2925 1714 2939 1749 :
2966 1710 3072 1749 non
3097 1693 3300 1762 absque
3325 1692 3419 1747 Dei
3441 1701 3573 1746 nutu

2007 1808 2071 1848 co
2100 1792 2388 1856 inductus,
2420 1790 2515 1848 sed
2550 1789 2671 1861 ipso
2706 1789 2999 1844 Servatore
3022 1786 3141 1855 ejus
3164 1786 3402 1840 animum
3434 1784 3572 1839 inci-

2010 1892 2177 1939 tante.

2564 1972 2796 2029 CAPUT
2835 1972 3025 2026 XXVI.

2048 2068 2318 2133 Quomodo
2364 2067 2510 2134 impii
2550 2065 2844 2133 sepulcrum
2902 2064 3117 2117 Domini
3157 2062 3435 2115 ruderibus
3481 2069 3531 2113 et

2277 2137 2578 2191 simulacris
2610 2136 2955 2203 superpositis
2980 2134 3305 2186 obtexeranl.

2080 2230 2289 2299 Quippe
2322 2228 2473 2298 impii
2502 2227 2775 2296 quondam
2808 2224 3075 2289 homines,
3113 2238 3208 2277 seu
3244 2224 3424 2291 potius
3455 2222 3578 2276 uni-

2010 2312 2229 2378 versum
2261 2322 2565 2376 daemonum
2595 2333 2787 2389 genus,
2814 2317 3104 2387 impiorum
3134 2315 3413 2370 hominum
3448 2327 3581 2381 ope-

2010 2432 2095 2480 ra,
2125 2412 2493 2470 venerandum
2532 2410 2665 2466 illud
2711 2405 3145 2464 immortalitatis
3168 2416 3575 2462 monumentum

2013 2506 2252 2563 tenebris
2281 2514 2444 2573 atque
2483 2502 2755 2557 oblivione
2788 2501 3005 2570 penitus
3051 2500 3325 2553 involvere
3358 2497 3580 2551 studue~

2012 2607 2155 2652 rant.
2185 2595 2339 2661 Illud,
2372 2595 2614 2663 inquam,
2637 2590 3152 2657 monumentum,ad
3182 2589 3323 2659 quod
3356 2587 3579 2657 angelus

2010 2686 2137 2741 olim
2164 2701 2194 2741 e
2214 2685 2353 2740 coelo
2376 2685 2627 2754 delapsus
2651 2682 2956 2738 admirabili
2982 2682 3100 2735 luce
3124 2680 3576 2743 radians,saxum

2012 2777 2314 2833 revolverat
2342 2792 2409 2830 ex
2438 2774 2639 2829 animis
2675 2788 2863 2829 eorum
2907 2774 2997 2843 qui
3032 2787 3158 2828 vere
3205 2771 3353 2825 saxei
3400 2779 3577 2835 erant,

2012 2877 2065 2925 et
2081 2870 2171 2937 qui
2194 2869 2462 2923 viventem
2479 2865 2754 2921 Christum
2781 2865 2923 2919 inter
2940 2874 3185 2919 mortuos
3201 2864 3378 2916 adhuc
3400 2862 3580 2931 jacere

2012 2961 2462 3015 arbitrabantur:
2501 2956 2713 3013 felicem
2761 2958 3010 3012 nuntium
3056 2955 3290 3011 ail'erens
3335 2955 3578 3010 mulicri~

2012 3050 2132 3115 bus,
2179 3060 2234 3106 et
2273 3049 2673 3105 incredulitatis
2723 3047 2955 3118 lapidem
3004 3062 3034 3100 a
3091 3046 3363 3100 mentibus
3393 3060 3579 3099 earum

2017 3156 2324 3206 removens,
2354 3150 2415 3196 ut
2463 3140 2772 3210 opinionem
2823 3140 2889 3194 de
2928 3138 3039 3193 vita
3085 3138 3201 3208 ejus
3233 3136 3324 3205 qui
3371 3137 3440 3191 ab
3476 3136 3583 3191 illis

2017 3235 2378 3304 quaarebatur,
2404 3232 2736 3288 adstrueret.
2772 3230 2924 3286 Hanc
2953 3232 3120 3301 igitur
3140 3229 3433 3284 salutarem
3452 3243 3579 3298 spe-

2015 3327 2253 3393 luncam,
2287 3327 2437 3397 impii
2469 3326 2689 3396 quidam
2725 3339 2790 3379 ac
2816 3323 3031 3394 profani
3062 3323 3309 3378 homines
3338 3320 3581 3375 funditus

2016 3418 2233 3475 abolere
2278 3419 2332 3473 in
2381 3419 2620 3473 animum
2676 3417 3029 3483 induxerant;
3083 3414 3245 3471 stulte
3290 3413 3585 3469 admodum

2015 3510 2245 3580 opinati,
2279 3525 2338 3565 se
2368 3510 2474 3565 hoc
2505 3509 2664 3565 modo
2703 3509 2988 3564 veritatem
3036 3522 3156 3563 esse
3192 3507 3580 3562 occultaturos.

2013 3598 2199 3669 Itaque
2248 3617 2353 3655 non
2408 3603 2526 3657 sine
2574 3616 2788 3655 summo
2854 3600 3081 3665 labore,
3137 3599 3364 3665 plhrima
3419 3600 3582 3652 humo

2017 3691 2231 3746 aliunde
2254 3693 2481 3747 advecta
2514 3702 2846 3761 aggestaque
2869 3701 3038 3744 tomm
3075 3690 3250 3743 locum
3275 3689 3578 3759 opplevere.

2018 3782 2188 3849 Quem
2218 3797 2337 3837 cum
2364 3783 2628 3838 mediocri
2658 3781 2951 3836 altitudine
2975 3782 3298 3834 extulissent
3327 3790 3380 3833 et
3406 3780 3582 3849 lapide

2018 3873 2467 3936 constravissent,
2501 3873 2602 3926 sub
2642 3872 2742 3925 hac
2769 3878 2915 3923 tanta
2940 3870 3193 3940 congerie
3222 3883 3431 3922 sacram
3461 3882 3584 3937 spe-

2018 3964 2234 4018 luncam
2262 3964 2606 4018 obtexerunt.
2640 3963 2841 4017 Dehinc
2860 3965 3079 4033 perinde
3130 3976 3192 4015 ac
3225 3962 3270 4016 si
3312 3959 3440 4014 nihil
3467 3975 3584 4015 amo

2017 4052 2158 4123 plius
2199 4052 2331 4121 ipsis
2379 4058 2715 4121 superesset,
2775 4066 2939 4120 supra
2991 4049 3121 4103 illud
3164 4050 3358 4115 solum,
3409 4047 3583 4103 infau-

2017 4151 2159 4197 stum
2206 4158 2429 4213 prorsus
2471 4141 2773 4195 animarum
2820 4139 3128 4209 sepulcrum
3156 4148 3578 4205 exstruxerunt;

2021 4235 2309 4291 obscuram
2360 4243 2698 4290 mortuorum
2729 4233 3144 4287 simulacrorum
3183 4245 3472 4285 cavernam
3525 4230 3579 4283 in

411 4434 523 4505 (86)
541 4435 741 4508 fabra
770 4434 869 4489 ἐπὶ
903 4437 1123 4504 οἰκείας
1154 4436 1490 4503 ὑποθέσεως
1521 4440 1907 4508 συναγαγεῖν.

2018 4448 2172 4503 rant,
2221 4436 2558 4493 referendam
2601 4436 2803 4507 putavi.
2840 4435 3578 4508 Christophorsonustamen

347 4506 509 4561 Certe
540 4506 799 4561 Eusebius
833 4508 974 4576 quod
1003 4509 1089 4561 hic
1112 4508 1417 4575 pollicetur,
1444 4517 1627 4575 postea
1649 4506 1910 4576 implevit,

348 4591 643 4643 omnesque
677 4578 930 4643 epistolas
959 4586 1012 4629 et
1041 4578 1348 4631 sanctiones
1385 4579 1511 4643 imp.
1551 4577 1910 4641 Constantini,

345 4662 466 4715 qua!
508 4648 572 4697 ad
603 4647 924 4700 catholicam
956 4647 1116 4701 fidem
1156 4645 1491 4715 spectabant,
1530 4648 1746 4715 speciali
1774 4648 1915 4701 libro

348 4716 666 4784 complexus
714 4725 815 4769 est.
860 4718 913 4769 id
947 4732 1033 4771 me
1076 4718 1257 4771 docuit
1302 4720 1469 4770 codex
1513 4716 1827 4780 Medicreus,
1861 4720 1913 4771 in

350 4800 454 4853 quo
498 4786 562 4837 ad
615 4786 820 4856 calcem
883 4786 1136 4840 Historite
1182 4786 1551 4839 ecclesiastica:
1618 4788 1915 4856 perscripta

352 4866 431 4909 est
463 4855 686 4922 epistola
716 4855 1055 4909 Constantini
1087 4856 1152 4909 ad
1181 4856 1519 4919 Palaestinos,
1552 4871 1712 4924 quam
1740 4858 1790 4910 in
1824 4855 1917 4911 su-

353 4927 563 4993 periore
594 4926 735 4979 libro
761 4926 944 4980 retulit
979 4927 1260 4990 Eusebius,
1293 4936 1346 4979 et
1384 4934 1506 4991 post
1548 4927 1913 4994 supradictam

347 4991 623 5065 epistolam
669 4994 917 5063 leguntur
947 4997 1059 5050 hinc
1090 4998 1249 5049 verba
1278 5014 1289 5048 :
1326 4994 1501 5048 Γαῦτα
1534 4991 1631 5065 μὲν
1679 4992 1771 5051 οὖν
1814 4991 1915 5065 ᾧδέ

346 5080 439 5186 ενοι
468 5064 684 5146 κείσθω.
734 5064 868 5144 Φέρε
910 5066 966 5118 δὲ
999 5066 1215 5119 λοιπόν·
1268 5068 1393 5147 τοὺς
1436 5064 1632 5145 νόμους
1691 5067 1785 5148 καὶ
1819 5067 1918 5129 τὰς

382 5135 483 5186 πὲο
515 5152 613 5186 της
640 5135 870 5186 ἀληθους
911 5136 1185 5186 εὐσεϐείας
1218 5153 1312 5186 του
1340 5136 1618 5186 θεοφιλους
1641 5138 1796 5186 ἡμων
1823 5138 1917 5186 acati.

382 5135 483 5205 πὲρ
515 5137 613 5204 τῆς
640 5135 870 5205 ἀληθοῦς
911 5136 1185 5199 εὐσεϐείας
1218 5136 1312 5189 τοῦ
1340 5136 1618 5203 θεοφιλοῦς
1641 5137 1796 5206 ἡμῶν
1823 5138 1917 5189 καὶ

346 5206 652 5279 πραοτάτου
703 5206 962 5279 βασιλέως
1006 5206 1321 5272 ἐπιστολὰς,
1369 5207 1462 5273 ἀφ’
1521 5206 1710 5277 ἑτέρας
1744 5208 1919 5279 ἀρχῆς

347 5276 483 5345 ὁμοῦ
508 5276 695 5347 πάσας
718 5276 1126 5347 συναγάγωμεν.

412 5346 523 5416 (87)
566 5346 821 5413 Μνήμης
849 5346 1086 5400 ἄλλοτι
1127 5347 1431 5415 μέγιστον.
1463 5346 1645 5400 Prima
1675 5362 1778 5401 vox
1820 5346 1918 5402 de-

348 5414 511 5468 lenda
570 5418 781 5470 videtur
816 5425 999 5484 utpote
1054 5414 1354 5485 superﬂua,
1404 5417 1509 5472 nisi
1550 5418 1685 5470 forte
1720 5418 1918 5472 subau-

349 5484 787 5559 ἀίδιον-μνήμης
822 5486 1003 5559 ἓνεκα.
1055 5484 1240 5541 Ροεεοι
1270 5492 1439 5559 etiam
1479 5487 1610 5559 dici_
1641 5488 1720 5559 είς
1781 5488 1918 5559 μνή-

352 5572 477 5629 μην.
525 5555 810 5611 Turnebus
854 5558 921 5611 ad
952 5572 1103 5611 oram
1147 5559 1231 5611 sui
1266 5558 1387 5613 libri
1421 5556 1728 5612 emendavit
1772 5555 1919 5621 ἄξιον

352 5641 448 5679 nro
481 5626 752 5679 μέγιστον.

351 5641 448 5695 pro
481 5641 752 5696 μέγιστον.

419 5695 530 5765 (88)
565 5695 678 5763 Τῆς
706 5697 904 5751 αὐτῶν
939 5696 1223 5762 διανοίας.
1259 5697 1453 5753 Vocem
1483 5698 1659 5752 αὐτῶν
1694 5698 1760 5753 ad
1803 5713 1919 5751 mu-

352 5765 538 5833 lieres,
564 5782 677 5836 quae
705 5768 875 5837 prima
909 5768 1024 5824 luce
1055 5768 1119 5823 ad
1149 5768 1453 5838 sepulcrum
1500 5769 1709 5825 Domini
1757 5782 1919 5824 vene-

2015 4524 2133 4562 eam
2172 4508 2359 4564 retulit
2389 4510 2454 4561 ad
2495 4503 2687 4562 saxeos
2735 4508 2853 4560 illos
2892 4515 2946 4559 et
2987 4505 3324 4563 incredulos.
3365 4503 3431 4557 de
3462 4504 3583 4572 qui-

2016 4580 2116 4633 bus
2160 4579 2319 4645 paulo
2371 4589 2497 4632 ante
2546 4579 2755 4633 locutus
2803 4587 2888 4632 est
2930 4576 3195 4630 Eusebius
3233 4592 3248 4639 ;
3294 4574 3434 4641 quod
3475 4589 3579 4625 non

2056 4650 2203 4703 robo.

2016 4664 2351 4789 ?r?80$?).l"ﬁr
2378 4718 2596 4783 ἔξωθέν
2635 4711 3341 4789 ποθενᾲεὶσεοορήοναντες.
3402 4710 3582 4764 Malim

2016 4784 2194 4854 legere
2223 4784 2326 4859 γῆν
2354 4789 2411 4854 ἐξ
2437 4789 2557 4842 ὅθεν
2591 4786 2750 4839 ποθέν
2776 4825 2790 4849 ,
2822 4786 2873 4838 id
2902 4796 3004 4848 est,
3040 4785 3201 4837 hutuo
3234 4784 3585 4849 undecunque

2018 4868 2257 4912 θααοειο.
3342 4882 3345 4885 λ

2053 4875 2472 4997 gtg‘fglabvalaq
2509 4926 2605 4979 ἐπὶ
2649 4924 2869 4993 ,ϐωμῶν
2907 4882 3393 4997 ἐπισπένδοντεξ.
3448 4918 3579 4997 Pes-

2017 4992 2151 5051 sime
2169 5000 2310 5051 hunc
2335 4999 2508 5051 locum
2534 4997 3229 5061 vertitChristophorsonus
3255 4993 3357 5045 hoc
3381 4992 3536 5044 modo
3563 5008 3577 5044 :

2021 5067 2153 5120 Tum
2190 5067 2521 5120 detestabiles
2560 5067 2631 5117 ibi
2688 5065 2922 5117 uictimas
2978 5078 3131 5130 super
3180 5064 3412 5128 impuras
3457 5076 3579 5113 aras

2020 5137 2319 5191 immolare.
2362 5137 2522 5204 Atqui
2565 5150 2673 5189 vox
2721 5134 3037 5195 σπένδοντες
3060 5131 3575 5204 satis_iudicat,__non

2018 5211 2083 5261 de
2108 5207 2345 5261 victimis
2377 5200 2464 5260 hic
2487 5205 2775 5259 Eusebium
2804 5205 2973 5271 loqui,
2996 5204 3089 5256 sed
3118 5203 3184 5255 de
3209 5200 3577 5271 libationihus,

2018 5278 2143 5330 vino
2171 5277 2401 5348 scilicet,
2428 5276 2565 5348 lacte
2590 5284 2661 5348 et
2706 5268 3014 5348 similibus,_
3043 5287 3163 5341 quas
3210 5270 3437 5347 gentiles
3476 5268 3583 5348 diis

2018 5349 2131 5400 suis
2172 5346 2493 5418 oll'erebant.
2524 5346 2673 5418 Aidde
2702 5346 2844 5413 quod
2889 5343 3145 5418 victimas
3162 5343 3458 5418 super-aris
3484 5343 3583 5418 im-

2018 5417 2229 5481 molari,
2268 5431 2493 5485 prorsus
2529 5411 2823 5469 absurdum
2852 5422 2951 5467 est.
2996 5411 3197 5485 _Hos_t_ite
3243 5411 3389 5462 enim
3410 5411 3582 5485 juxta

2020 5502 2143 5541 aras
2168 5476 2548 5540 m'aétabantur
2568 5528 2581 5549 ,
2610 5500 2712 5538 non
2749 5498 2907 5554 super
2932 5482 3064 5537 aris.
3095 5480 3267 5535 Notus
3293 5486 3375 5529 est
3405 5476 3581 5530 Ovidii

2018 5571 2229 5623 versus,
2266 5554 2420 5609 Fast.
2449 5556 2541 5610 lib.
2574 5571 2614 5623 l,
2640 5555 2742 5609 557
2767 5564 2820 5608 et
2841 5567 2959 5621 seq.

2026 5670 2189 5736 Rede,
2221 5685 2395 5741 cuper,
2432 5670 2620 5724 vitem.-
2655 5666 2849 5723 Tamen
2894 5665 3010 5717 hinc
3055 5661 3218 5733 [huic]
3248 5675 3380 5741 lcum
3419 5660 3583 5741 stabis

3190 5733 3258 5785 ad
3293 5746 3436 5799 ams,
3473 5738 3584 5787 etc.

3482 5970 3647 6079 Ar
