4114 6432
474 325 501 382 1
512 314 613 381 087

1184 320 1456 378 EUSEBII
1488 322 1968 385 C/ESARIENSIS
2005 326 2158 385 OPP.
2201 326 2381 384 PARS
2431 328 2475 383 Ι.
2510 354 2579 367 —
2605 325 2996 384 HISTORICA.

3586 329 3724 385 MSS

474 444 738 497 honorem
772 436 964 493 lascivi
1010 438 1274 494 daemonis
1310 454 1471 510 quem
1523 439 1792 498 Venerem
1825 455 2047 509 vocant,

2151 443 2310 515 ἔργον
2332 441 2480 508 ἄξειν
2512 441 2779 513 ἐνόμιζον,
2802 442 2851 495 εί
2878 442 2965 495 διὰ
2989 439 3194 494 τούτων
3235 441 3343 495 τῶν
3370 442 3587 510 ἐναγῶν
3624 461 3727 512 μυ-

473 533 821 598 :ndilicantes,
855 531 946 586 ubi
970 534 1299 588 exsecranda
1322 533 1591 589 sacrificia
1620 551 1785 606 super
1810 536 2049 606 profanis

473 634 531 681 et
560 623 791 694 impuris
819 623 1086 679 altaribus
1107 623 1431 680 offerebant.
1464 625 1523 681 ld
1549 628 1693 683 enim
1724 629 1867 698 quod
1895 629 2051 683 insti-

475 723 713 777 tuerant,
750 714 825 768 ita
855 714 1072 768 demum
1119 728 1180 769 se
1218 713 1563 784 perfecturos
1591 730 1714 771 esse
1742 718 2047 785 opinaban-

473 817 585 873 tur,
618 807 664 862 si
696 806 924 876 impuris
948 804 1255 872 huiusmodi
1282 806 1532 863 sordibus
1561 807 1730 879 498
1756 808 2046 864 salutarem

473 901 795 970 speluncam
827 897 1164 953 obruissent.
1192 898 1376 954 Miseri
1404 900 1546 953 enim
1576 901 1712 956 illud
1748 900 2049 972 intelligere

475 1006 583 1045 non
615 999 890 1060 poterant,
935 989 1055 1044 ﬁeri
1106 991 1333 1046 omnino
1377 1007 1482 1047 non
1524 1007 1706 1063 posse,
1742 993 1926 1063 utqui
1981 994 2049 1049 de

475 1090 651 1136 morte
676 1080 960 1136 victoriam
994 1081 1293 1147 retulisset,
1318 1082 1423 1136 hoc
1450 1081 1693 1152 ipsorum
1717 1083 1929 1139 facinus
1950 1097 2047 1140 oc-

473 1177 680 1233 cultum
738 1175 1071 1244 relinqueret
1104 1194 1119 1231 :
1154 1177 1608 1246 quemadmodum
1652 1194 1753 1234 nec
1795 1179 1912 1234 lieri
1947 1194 2045 1249 po-

473 1280 602 1336 test,
628 1277 688 1324 ut
734 1269 818 1324 sol
849 1284 1013 1339 supra
1054 1278 1229 1324 terras
1258 1269 1499 1336 radians,
1538 1280 1593 1325 ct
1631 1282 1950 1327 consuetum
1991 1273 2046 1327 in

471 1364 610 1419 cmlo
638 1378 858 1419 cursum
885 1378 1173 1433 peragens,
1198 1362 1363 1419 totius
1392 1365 1611 1434 generis
1650 1365 1870 1420 humani
1906 1366 2049 1421 noti-

473 1458 601 1511 tiam
630 1455 1012 1525 subterfugiat.
1044 1454 1254 1524 Quippe
1287 1456 1602 1512 Servatoris
1637 1458 1807 1514 nostri
1850 1470 2046 1528 poten-

468 1548 545 1601 tia
570 1547 730 1617 longe
757 1546 1124 1615 praestantiori
1152 1547 1273 1601 luce
1308 1548 1692 1617 resplendens,
1722 1564 1822 1604 nec
1865 1560 1923 1604 ut
1966 1550 2046 1605 sol

468 1654 719 1709 corpora,
741 1638 833 1693 sed
860 1638 1070 1693 animos
1095 1638 1374 1692 hominum
1406 1639 1705 1706 illustrans,
1735 1649 1905 1695 totum
1930 1641 2044 1711 jam

2149 535 2444 605 σαγμάτων
2466 535 2526 588 τὸ
2548 536 2811 605 σωτήριον
2833 534 3025 603 ἄντρον
3056 534 3462 605 κατακρύύειαν
3479 552 3495 563 ·
3524 535 3590 587 ού
3614 535 3727 606 γάρ

2147 620 2249 679 οἷοί
2278 628 2325 679 τ’
2350 621 2491 697 ἦσαν
2520 627 2755 679 συνιέναι
2796 627 2843 678 οἱ
2889 625 3129 689 δείλαιοι,
3157 626 3232 689 ὡς
3260 625 3359 679 ούκ
3400 622 3518 697 εἶχε
3564 626 3727 695 φύσιν

2147 718 2237 771 τὸν
2256 718 2393 772 κατά
2415 717 2507 771 τοῦ
2535 718 2763 772 θανάτου
2788 717 3014 790 βραδεῖα
3039 718 3465 789 ἀναδησάμενον,
3490 718 3728 791 κρύᾳιον

2148 811 2469 865 καταλιπεῖν
2498 811 2561 865 τὸ
2589 812 2938 882 κατόρθωμα,
2975 811 3094 865 οὐδὲ
3134 812 3233 883 τὴν
3277 812 3579 883 σύμπασαν
3620 814 3727 865 τῶν

2132 903 2449 975 ἀνθρώπων
2470 902 2677 976 [φύσιν]
2708 903 2889 957 λαθεῖν
2923 903 3033 975 (91)
3060 903 3291 975 λάμπων
3326 906 3467 976 ὑπὲρ
3499 906 3614 975 γῆς
3639 923 3731 974 γε·

2148 996 2371 1067 νόμενος
2390 998 2417 1049 ὁ
2440 996 2610 1067 ἥλιος,
2644 996 2738 1050 καὶ.
2762 996 2853 1049 τὸν
2881 998 3076 1049 οἰκεῖον
3098 999 3155 1050 ἐν
3179 997 3393 1068 οὐρανῷ
3420 998 3731 1051 διῖππεύων

2146 1088 2374 1160 δρόμον·
2408 1087 2595 1141 τούτου
2647 1088 2754 1160 γὰρ
2799 1086 3139 1160 κρειττόνως“
3169 1088 3349 1160 ψυχὰς
3393 1089 3728 1161 ἀνθρώπιον,

2147 1180 2261 1234 ἀλλ’
2289 1181 2350 1233 ού
2394 1178 2621 1251 σώματα
2662 1181 2695 1251 ἡ
2740 1180 3002 1251 σωτήριος
3033 1182 3427 1249 καταυγάσασα
3473 1181 3729 1251 δύναμις,

2145 1273 2254 1326 τῶν
2296 1272 2511 1326 οἰκείων
2557 1272 2649 1326 τοῦ
2685 1273 2861 1341 φωτὸς
2896 1271 3273 1345 μαρμαρυγῶν
3314 1274 3404 1328 τὸν
3433 1273 3732 1345 σύμπαντα

2146 1361 2490 1435 κατεπλήρου
2524 1361 2746 1433 κόσμον.
2785 1361 2930 1433 Πλὴν
2962 1361 3096 1414 ἀλλά
3122 1360 3232 1413 τῶν
3269 1361 3446 1416 ἀθέων
3477 1362 3577 1416 καὶ
3608 1362 3733 1414 δυσ-

2147 1453 2320 1507 σεὸῶν
2366 1452 2573 1525 ἀνδρῶν
2629 1452 2698 1506 τὰ
2736 1453 2878 1506 κατά
2914 1452 3012 1523 τῆς
3052 1452 3307 1523 ἀληθείας
3350 1454 3729 1524 μηχανήματα

2150 1550 2381 1620 μακροῖς
2406 1547 2755 1622 παρετείνετο
2783 1547 3013 1617 χρόνοις,
3051 1546 3227 1609 οὐδείς
3250 1564 3307 1598 τε
3341 1546 3452 1599 τῶν
3483 1545 3729 1607 πώποτε,

2145 1637 2242 1708 οὐχ
2270 1636 2604 1707 ἡγουμένων,
2637 1638 2696 1689 ού
2727 1635 3066 1707 στρατηγῶν,
3100 1636 3199 1689 οὐκ
3223 1635 3400 1688 αὐτῶν
3435 1636 3723 1706 βασιλέων,

471 1742 741 1786 terrarum
773 1730 961 1784 orbem
991 1729 1160 1784 radiis
1215 1730 1495 1801 implebat.
1523 1732 1631 1787 Sed
1688 1732 2045 1788 nihilominus

2151 1730 2239 1782 ἐπὶ
2261 1729 2574 1800 καθαιρέσει
2590 1728 2697 1782 τῶν
2711 1728 3125 1799 τετολμημένων
3146 1727 3370 1800 εὓρηται
3399 1722 3733 1801 ἐπιτήδειος,

465 1839 532 1879 ea
565 1839 687 1895 qua:
725 1823 873 1891 impii
905 1838 969 1876 ac
1003 1822 1211 1890 profani
1250 1823 1503 1879 homines
1531 1825 1793 1881 adversus
1839 1828 2043 1881 verita-

2151 1822 2178 1893 ἢ
2209 1822 2367 1893 μόνος
2390 1798 2469 1885 εἶς
2489 1823 2518 1874 ὁ
2544 1821 2621 1892 τῷ
2646 1798 2979 1891 παμϐασιλεῖ
3000 1820 3117 1891 Θεῷ
3336 1822 3447 1874 Καὶ
3484 1798 3728 1891 salsitu-

471 1925 579 1972 tem
623 1915 923 1970 machinati
962 1913 1201 1979 fuerant,
1234 1913 1397 1985 longo
1429 1916 1693 1986 temporis
1719 1917 1896 1986 spatio
1926 1932 2051 1985 per-

469 2016 807 2062 manserunt.
832 2004 939 2059 Nec
968 2005 1107 2059 ullus
1132 2020 1199 2060 ex
1226 2006 1571 2074 prmsidibus,
1595 2015 1689 2060 aut
1715 2018 1781 2060 ex
1799 2006 2045 2074 ducibus,

470 2110 564 2156 aut
604 2116 671 2154 ex
707 2100 841 2170 ipsis
881 2101 1044 2154 etiam
1098 2100 1552 2170 imperatoribus,
1594 2101 1687 2169 qui
1723 2101 1791 2157 ad
1834 2110 2044 2155 tantum

467 2194 646 2249 scelus
680 2193 1031 2247 evertendum
1058 2192 1285 2247 idoneus
1314 2194 1475 2260 foret,
1506 2193 1759 2249 inventus
1790 2203 1874 2249 est
1909 2208 2046 2263 prae-

471 2292 553 2337 ter
585 2297 754 2335 unum
795 2281 907 2337 Deo
934 2283 1177 2337 omnium
1219 2283 1333 2353 regi
1366 2284 1809 2353 acceptissimum
1843 2284 2045 2352 princi-

468 2388 612 2444 pem.
638 2373 740 2440 Qui
776 2373 959 2428 divino
990 2374 1264 2429 animatus
1318 2376 1543 2444 spiritu,
1583 2391 1703 2429 cum
1736 2391 1901 2446 supra
1932 2390 2044 2431 me-

468 2476 737 2521 moratum
773 2464 977 2531 locum,
1006 2466 1260 2521 omnibus
1290 2466 1665 2535 purgamentis
1695 2482 1759 2521 ac
1789 2466 2043 2521 sordibus

470 2558 540 2614 ab
569 2557 899 2612 adversariis
923 2557 1300 2613 fraudulenter
1323 2559 1689 2622 obstructum,
1706 2568 1759 2613 et
1779 2557 2040 2612 oblivioni

468 2651 686 2722 penitus
716 2650 975 2705 traditum
1004 2664 1129 2706 esse
1164 2650 1384 2721 indigne
1421 2650 1613 2718 ferret,
1647 2667 1746 2707 nec
1778 2651 2042 2721 improbi-

469 2742 566 2797 tati
594 2757 782 2798 eorum
806 2742 895 2811 qui
925 2741 979 2796 id
1020 2741 1189 2798 moliti
1219 2742 1435 2799 fuerant
1466 2742 1767 2799 cedendum
1799 2756 1919 2797 esse
1952 2756 2044 2796 ar-

468 2834 803 2899 bitraretur;
833 2832 928 2887 Dei
955 2832 1222 2902 adjutoris
1249 2834 1333 2888 sui
1367 2834 1589 2889 numine
1619 2833 1892 2897 invocato,
1917 2848 2047 2903 pur-

468 2923 583 2995 gari
601 2922 862 2994 przecepit
887 2931 1075 2977 :ratus
1097 2937 1216 2977 eam
1233 2922 1469 2978 maxime
1498 2922 1597 2978 soli
1629 2932 1859 2993 partem,
1883 2937 2043 2992 quam

2143 1932 2197 1968 τι
2227 1914 2357 1983 γοῦν
2386 1915 2612 1983 κάτοχος
2641 1913 2791 1984 θείῳ,
2821 1913 2999 1985 χῶρον
3031 1913 3193 1967 αὐτὸν
3220 1914 3421 1967 ἐκεῖνον
3449 1913 3545 1966 τὸν
3577 1914 3728 1985 δεδη-

2142 2007 2405 2078 λωμένον,
2436 2006 2636 2070 πάσαις
2676 2008 2738 2059 ού
2773 2005 3043 2077 καθαραῖς
3075 2005 3228 2069 ὕλαις
3265 2006 3477 2078 ἐχθρῶν
3504 2006 3723 2058 ἐπιδου-

2142 2098 2262 2161 λαῖς
2292 2096 2762 2168 κατακεκρύφθαι,
2808 2095 2946 2170 λήθῃ
2980 2114 3040 2149 τε
3074 2095 3168 2150 καὶ
3204 2097 3396 2167 ἀγνοίᾳ
3438 2096 3725 2167 παραδεδο-

2147 2188 2308 2259 μένον
2337 2188 2397 2241 ού
2433 2186 2696 2258 παριδὼν,
2722 2186 2841 2240 οὐδὲ
2873 2190 2940 2258 τῇ
2971 2188 3076 2240 τῶν
3105 2186 3291 2239 αἰτίων
3314 2188 3719 2258 παραχωρήσας

2143 2280 2470 2351 κακίᾳ,Θεὸν
2494 2279 2585 2333 τὸν
2616 2278 2783 2332 αὑτοῦ
2818 2278 3076 2351 συνεργὸν
3111 2277 3588 2348 ἐπικαλεσάμενος,
3616 2295 3714 2332 κα-

2142 2372 2428 2445 θαίρεσθαι
2451 2372 2796 2443 προστάττει,
2820 2372 2988 2450 αὐτὴν
3015 2371 3078 2442 δὴ
3104 2370 3338 2441 μάλιστα
3366 2370 3463 2442 τὴν
3489 2369 3589 2423 ὑπὸ
3612 2372 3716 2422 τῶν

2139 2465 2347 2535 ἐχθρῶν
2370 2466 2749 2536 μεμιασμένην
2786 2463 3092 2517 ἀπολαῦσαι
3114 2464 3223 2519 δεῖν
3247 2464 3492 2533 οἰόμενος
3517 2464 3613 2533 τῆς
3632 2463 3724 2515 τοῦ

2140 2556 2456 2625 παναγάθου
2486 2557 2551 2610 δι’
2590 2554 2756 2611 αὐτοῦ
2788 2556 3205 2628 μεγαλουργίας.
3240 2557 3389 2626 Ἅμα
3413 2555 3469 2608 δὲ
3494 2557 3731 2627 προσ·τὲ-

2148 2665 2316 2720 γματι
2337 2648 2405 2701 τὰ
2428 2649 2528 2719 τῆς
2560 2649 2776 2720 ἀπάτης
2810 2650 3174 2719 μηχανήματα
3199 2649 3279 2711 είς
3311 2648 3505 2715 ἔδαφος
3526 2648 3733 2701 ἄνωθεν

2149 2739 2243 2807 ἀφ’
2283 2737 2489 2810 ὑψηλοῦ
2524 2739 2937 2811 κατερρίπτετο,
2983 2737 3167 2791 ὲλύετό
3196 2755 3253 2790 τε
3288 2739 3382 2790 καὶ¹
3414 2736 3735 2809 καθῃρεῖτο,

2150 2831 2334 2893 αὐτοῖς
2368 2830 2575 2896 ξοάνοις
2599 2832 2695 2885 καὶ⁹
2719 2831 2957 2902 δαίμοσι,
2993 2830 3087 2884 καὶ
3113 2829 3182 2884 τά
3217 2829 3315 2900 τῆς
3348 2828 3556 2899 πλάνης
3586 2831 3736 2881 οἰκο-

2151 2923 2289 2994 δομή
2299 2939 2464 2993 ματα.

467 3014 773 3071 adversarii
804 3014 1299 3080 contaminassent,
1330 3030 1427 3070 sua
1458 3030 1624 3086 opera
1682 3030 1748 3071 ac
1809 3015 2115 3070 ministerio
2154 3017 2335 3071 divina
2366 3015 2471 3070 frui
2504 3014 2908 3086 magnificentia
2934 3022 3197 3084 oportere.
3238 3014 3412 3069 Simul
3442 3022 3606 3083 atque
3626 3012 3739 3068 hoc

468 3107 535 3161 ab
565 3107 890 3175 imperatore
914 3114 1243 3176 praeceptum
1274 3117 1378 3171 est,
1395 3109 1654 3164 continuo
1677 3123 1839 3177 opera
1872 3108 1959 3164 illa
2008 3108 2074 3163 ad
2109 3107 2352 3163 fraudem
2383 3118 2715 3177 comparata,
2738 3122 2769 3162 e
2791 3106 3004 3163 sublimi
3036 3108 3102 3162 ad
3131 3106 3304 3162 solum
3336 3103 3540 3173 dejecta
3567 3115 3736 3171 sunt;

467 3208 524 3255 ct
545 3199 776 3255 aedilicia
799 3199 866 3254 ad
886 3200 1238 3270 decipiendos
1265 3202 1511 3259 homines
1534 3213 1867 3270 constructa,
1906 3219 2029 3259 cum
2056 3201 2191 3274 ipsis
2222 3202 2418 3260 statuis
2451 3218 2517 3259 ac
2548 3202 2879 3259 damonibus
2905 3202 3083 3255 diruta
3130 3209 3258 3255 sunt
3284 3213 3349 3254 ac
3375 3197 3662 3268 dissipata.

1020 3312 1249 3370 CAPUT
1288 3314 1504 3372 XXVII.

471 3401 747 3469 Quomodo
797 3401 1177 3476 constantiam
1222 3407 1399 3476 templi
1444 3408 1721 3462 materiam
1750 3425 1812 3464 ac
1854 3410 2045 3463 rudera

2151 3411 2341 3476 Ὅπως
2398 3408 2851 3473 Κωνσταντῐνος

841 3473 1144 3542 longissime
1166 3473 1355 3544 projitii
1385 3480 1679 3533 mandarit.

539 3625 727 3698 Neque
770 3637 951 3684 tamen
986 3629 1075 3684 hic
1122 3633 1435 3701 conquievit
1472 3634 1822 3703 imperatoris
1856 3634 2046 3690 alacri.

472 3727 578 3775 tas.
627 3720 734 3775 Sed
765 3729 1029 3791 prteterea
1059 3722 1171 3777 tolli
1201 3734 1325 3778 ruta
1351 3739 1515 3792 causa,
1556 3736 1608 3781 et
1656 3742 1818 3797 quam
1850 3727 2052 3798 longis-

472 3814 610 3868 sime
648 3821 805 3868 extra
856 3814 994 3871 ﬁnes
1038 3817 1279 3889 regionis
1312 3819 1507 3890 projici
1556 3821 1859 3876 mandavit.
1897 3820 2053 3888 Quod

474 3904 660 3960 itidem
713 3919 1041 3979 praeceptum
1078 3910 1325 3980 protinus
1352 3912 1685 3966 exsecutioni
1741 3915 2049 3967 mandatum

472 4002 578 4049 est.
620 3994 914 4067 [lucusque
946 4014 1079 4053 vero
1120 4014 1445 4071 progressus
1485 4002 1799 4071 imperator,
1847 4019 2050 4073 nequa-

474 4102 637 4157 quam
669 4089 774 4145 sibi
801 4090 1088 4145 satisfecit.
1119 4092 1226 4148 Sed
1257 4093 1443 4148 divino
1476 4095 1711 4163 quodam
1750 4106 1883 4150 aestu
1915 4096 2049 4151 inci-

476 4186 641 4243 tatus,
660 4177 825 4246 jussit
872 4191 931 4235 ut
963 4181 1080 4237 loco
1106 4183 1370 4239 altissime
1398 4183 1619 4253 ell‘osso,
1652 4186 1827 4241 solum
1873 4186 2049 4255 ipsum

474 4278 663 4340 utpote
690 4274 993 4328 daemonum
1021 4275 1253 4344 piaculis
1277 4277 1905 4344 contaminatum,simul
1928 4294 2050 4334 cum

476 4372 659 4435 egesta
685 4364 850 4420 humo
881 4380 1045 4434 quam
1078 4366 1393 4438 longissime
1416 4378 1817 4437 cxportaretur.
1858 4373 1866 4384 '

910 4457 1078 4529 499
1104 4457 1331 4514 CAPUT
1370 4458 1607 4515 xxvm.

745 4548 1116 4620 Manifestatio
1137 4552 1459 4608 sanctissimi
1495 4532 1744 4623 sepulcri.

545 4637 657 4695 Nec
694 4656 845 4696 mora
872 4683 887 4708 ,
922 4643 1067 4698 istud
1093 4657 1311 4713 quoque
1366 4654 1422 4699 ut
1470 4644 1681 4713 jussum
1721 4655 1839 4701 erat
1866 4645 2055 4718 imple-

477 4739 589 4786 tum
620 4742 725 4788 est.
762 4733 1051 4805 Postquam
1089 4735 1236 4791 aliud
1264 4736 1460 4805 solum,
1522 4736 1676 4794 locus
1715 4738 1927 4795 scilicet
1961 4740 2054 4809 qui

478 4824 533 4879 in
577 4825 683 4880 imo
709 4836 849 4893 erat,
875 4829 1172 4899 apparuit;
1205 4837 1332 4883 tunc
1363 4845 1490 4885 vero
1539 4831 1713 4901 ipsum
1766 4843 2054 4904 angustum

476 4918 996 4989 sanctissimumque
1052 4920 1349 4978 Dominicte
1402 4925 1823 4980 resurrectionis
1872 4942 2057 4980 monu-

477 5000 716 5070 mentum
747 5024 947 5085 praeter
978 5017 1225 5072 omnium
1259 5033 1409 5087 spem
1449 5019 1695 5087 refulsit,
1720 5028 1774 5074 et
1795 5020 2053 5090 spelunca

478 5105 569 5162 illa
600 5122 719 5177 qua:
746 5116 935 5162 sancta
959 5117 1273 5165 sanctorum
1319 5124 1447 5165 vere
1487 5111 1590 5166 dici
1638 5122 1836 5181 potest,
1877 5127 2059 5167 resur-

476 5198 742 5257 rectionis
763 5199 1074 5256 Servatoris
1106 5202 1277 5257 nostri
1314 5200 1606 5272 quamdam
1661 5202 1929 5273 expressit
1978 5205 2056 5259 si-

548 5380 662 5453 (91)
694 5380 853 5453 Vulg.
898 5380 1041 5436 οὐδὲ
1070 5380 1185 5449 τὴν
1212 5383 1414 5453 νσύμπ.
1455 5380 1621 5453 ἁνμθρ.
1656 5381 1882 5437 λαϐεῖν.
1920 5380 2064 5451 Sup-

477 5451 747 5524 plevimus
788 5451 949 5524 φύσιν
993 5461 1117 5524 post
1159 5451 1719 5524 σύμπασανηΤοιυηι
1756 5454 1934 5508 locum
1961 5453 2065 5524 Asic

479 5521 780 5577 rescribere
802 5523 959 5591 jubet
992 5521 1244 5578 Valesius
1270 5540 1283 5575 :
1325 5523 1401 5586 ὼς
1428 5521 1549 5575 οὐδὲ
1574 5540 1624 5579 τ,
1664 5538 1715 5577 σ.
1744 5524 1862 5577 ἀνθ.
1903 5522 2065 5592 φύσιν

478 5592 681 5665 δυνηθῇ
707 5594 910 5659 λαθεῖν,
941 5603 1043 5649 etc.
1080 5593 1183 5648 Sed
1217 5593 1370 5665 forte
1393 5594 1665 5665 scriptura
1699 5604 1883 5649 nostra
1933 5594 2059 5648 ferri

479 5662 680 5731 potest,
720 5666 883 5719 modo
924 5672 1262 5735 supponatur
1334 5662 1663 5729 Eusebium,
1701 5666 1939 5735 neglecta
1968 5681 2060 5719 ra-

484 5743 628 5788 tione
659 5733 1015 5807 grammatica
1030 5733 1122 5807 ⁷τῷ
1150 5734 1277 5805 εἶχε
1316 5735 1507 5805 φύσιν
1541 5733 1928 5802 consentanea,
1967 5751 2059 5808 ge-

2655 3314 3051 3373 ΚΕΦΑΛΛΙΟΝ
3084 3315 3211 3367 ΚΖ’.

2908 3407 3014 3459 τοῦ
3076 3404 3380 3458 εὶδωιιείου
3436 3402 3544 3469 τὰς
3579 3402 3740 3468 ὕλας

2222 3472 2450 3615 agat—Erit
2502 3479 2743 3548 χώματα
2792 3472 3031 3548 μακράν
3062 3491 3180 3530 που
3204 3472 3493 3543 ριφθῆγαι
3546 3489 3742 3541 προσ-

2264 3568 2337 3604 τα
2376 3566 2464 3603 εν.

2225 3644 2299 3697 Οὐ
2337 3644 2442 3714 μὴν
2483 3645 2540 3696 ὲν
2571 3642 2780 3707 τούτοις
2814 3641 2886 3696 τὰ
2916 3641 3014 3713 τῆς
3046 3638 3281 3710 σπουδῆς
3317 3640 3522 3693 ἵστατο.
3563 3639 3736 3692 Πάλιν

2156 3737 2213 3791 δὲ
2263 3736 2517 3807 βασιλεὺς
2571 3738 2824 3811 αἴρεσθαι
2868 3737 2962 3791 καὶ
3011 3737 3347 3808 πορρωτάτω
3402 3734 3501 3805 τῆς
3551 3731 3738 3804 χώρας

2159 3830 2638 3901 ἀπορριπτεῖσθαι,
2689 3829 2798 3884 τῶν
2838 3829 3283 3900 καθαιρουμένων
3323 3827 3422 3899 τὴν
3470 3829 3529 3880 ὲν
3567 3825 3737 3887 λίθοις

2157 3922 2253 3975 καὶ
2284 3920 2460 3986 ξύλοις
2488 3921 2620 3993 ὓλην
2645 3923 2969 3993 προστάττει
2990 3939 3003 3952 ο
3030 3922 3189 3990 ἔργον
3211 3921 3266 3973 δὲ
3301 3920 3396 3973 καὶ
3441 3918 3575 3989 τῷδε
3597 3934 3739 3988 παρ-

2153 4011 2441 4081 ηκολούθει
2468 4012 2545 4084 τῷ
2583 4012 2744 4083 λόγῳ.
2792 4012 2926 4065 Ἀλλ’
2949 4012 3056 4066 οὐδ’
3088 4014 3179 4066 ἐπὶ
3212 4011 3384 4082 τούτῳ
3416 4010 3573 4081 μόνον
3607 4026 3738 4078 προ-

2158 4103 2330 4157 ελθεῖν
2358 4106 2469 4177 ἀπή
2479 4123 2618 4177 ρκει.
2651 4105 2821 4158 Πάλιν
2842 4106 2886 4158 δ’
2911 4104 3228 4167 ἐπιθειάσας
3253 4102 3525 4174 βασιλεὺς,
3550 4098 3740 4153 τοῦδα-

2158 4212 2257 4263 φος
2290 4196 2439 4261 αὐτὸ,
2481 4196 2614 4249 πολὺ
2644 4196 2735 4249 τοῦ
2764 4194 2942 4268 χώρου
2988 4194 3148 4267 βάθος
3170 4193 3555 4265 ἀνορύξαντας,
3589 4189 3737 4260 αὑτῷ

2157 4284 2242 4356 χοῖ
2276 4285 2465 4357 πόρρω
2506 4303 2609 4339 που
2634 4285 2906 4353 ἐξωτάτω,
2934 4286 3153 4358 λύθροις
3182 4286 3277 4339 ἅτε
3295 4284 3614 4356 δαιμονικῆς
3647 4283 3739 4351 te-

2162 4376 2502 4449 ρυπωμένον,
2526 4377 2873 4449 ἐκφορεῖσθαι
2894 4375 3349 4449 παρακελεύεται.

2659 4470 3059 4523 ΚΕΦΑΛΑΙΟΝ
3103 4469 3239 4522 KH’.

2078 4543 2130 4602 Ῑ)
2243 4560 2585 4631 Φανὲρωσις
2615 4562 2723 4617 τοῦ
2753 4562 2925 4631 ἁγίου
2966 4561 3085 4614 τῶν
3110 4560 3296 4631 ἁγίων
3317 4558 3648 4629 μνήματος.

2229 4655 2579 4726 Παραχρῆμα
2604 4653 2648 4707 δ’
2680 4651 2983 4706 ὲπετελεῖτο
3006 4653 3100 4705 καὶ
3129 4649 3308 4705 τοῦτο.
3358 4651 3445 4714 Ὠς
3479 4650 3523 4702 δ’
3553 4649 3736 4720 ἕτερον

2158 4744 2273 4799 ἀνθ’
2306 4744 2492 4817 ἑτέρου
2523 4746 2781 4815 στοιχεῖον
2812 4745 2839 4796 ὁ
2862 4743 3004 4797 κατά
3030 4742 3222 4814 βάθους
3245 4743 3346 4814 τῆς
3368 4742 3472 4812 γῆς
3497 4740 3733 4809 ἀνεφάνη

2160 4838 2356 4911 χῶρος,
2396 4840 2527 4894 αύτὸ
2560 4839 2624 4910 δὴ
2663 4838 2846 4892 λοιπὸν
2886 4837 2948 4891 τὸ
2992 4837 3186 4907 σεμνὸν
3219 4835 3313 4888 καὶ
3341 4834 3605 4901 πανάγιον
3636 4832 3735 4900 τῆς

2164 4928 2433 5000 σωτηρίου
2466 4930 2811 4993 ἀναστάσεως
2846 4926 3142 5000 μαρτύριον
3174 4926 3305 4998 παρ’
3334 4924 3523 4978 ἐλπίδα
3558 4924 3736 4976 πᾶσαν

2166 5020 2504 5089 ἀνεφαίνετο,
2548 5022 2641 5075 καὶ
2674 5021 2732 5074 τό
2776 5038 2835 5075 τε
2871 5020 3024 5089 ἆγιον
3061 5017 3167 5072 τῶν
3202 5018 3372 5087 ἁγίων
3405 5016 3599 5087 ἄντρον

2166 5114 2361 5184 ὁμοίαν
2382 5113 2483 5182 τῆς
2510 5112 2603 5167 τοῦ
2626 5113 2879 5185 Σωτῆρος
2908 5110 3250 5174 ἀναδιώσεως
3266 5109 3653 5178 ἀπελάμϐανεν
3673 5110 3734 5159 εξ.

2167 5205 2317 5260 κόνα.
2353 5206 2443 5259 Διὸ
2470 5205 2607 5277 μετὰ
2630 5205 2727 5276 τὴν
2757 5207 2814 5259 ὲν
2843 5205 3018 5276 σκότῳ
3050 5203 3361 5265 κατάδυσιν,
3383 5197 3538 5265 αὖθις
3571 5201 3665 5253 ἐπὶ
3685 5200 3735 5251 τὶ

2172 5383 2409 5438 neralem
2446 5383 2609 5453 hujus
2637 5383 2926 5439 locutionis
2957 5396 3172 5438 sensum
3193 5424 3207 5447 ,
3237 5395 3349 5453 quo
3371 5377 3465 5453 sig:
3483 5376 3746 5453 ἐδύκατο

2170 5455 2476 5529 οιιιυίνξιίοι,
2517 5446 2866 5529 respexisse,
2894 5468 3077 5529 eoque
3102 5446 3270 5529 sensu
3304 5451 3366 5529 τὸ
3403 5446 3529 5519 εἶχε
3556 5450 3746 5529 satiati:

2169 5519 2263 5595 (='
2314 5524 2553 5597 ἐδύνατο)
2590 5519 2716 5597 ante
2763 5524 2948 5597 λαθεῖν
2979 5519 3468 5597 'snbimellexisse,
3513 5519 3744 5597 subjecti

2195 5605 2350 5679 {artes
2389 5596 2466 5668 τῷ
2496 5592 2544 5651 δ’
2576 5594 2750 5665 ἥλιος
2794 5594 3101 5652 tribuendo.
3141 5592 3393 5649 Judicent
3435 5595 3742 5663 peritiores.

2215 5682 2325 5723 DI‘I'.
