  <div class='ocr_page' id='page_1' title='image "/cluster/home/n/w/nwhite01/storage/ocr_20150623/20/hvd.32044073501181/558.png"; bbox 0 0 4114 6432; ppageno 0'>
   <div class='ocr_carea' id='block_1_1' title="bbox 264 337 413 397">
    <p class='ocr_par' dir='ltr' id='par_1_1' title="bbox 264 337 413 397">
     <span class='ocr_line' id='line_1_1' title="bbox 264 337 413 397; baseline 0.013 -2"><span class='ocrx_word' id='word_1_1' title='bbox 264 337 413 397; x_wconf 76' lang='grc'><strong>1089</strong></span> 
     </span>
    </p>
   </div>
   <div class='ocr_carea' id='block_1_2' title="bbox 1366 341 2465 405">
    <p class='ocr_par' dir='ltr' id='par_1_2' title="bbox 1366 341 2465 405">
     <span class='ocr_line' id='line_1_2' title="bbox 1366 341 2465 405; baseline 0.005 -8"><span class='ocrx_word' id='word_1_2' title='bbox 1366 341 1453 397; x_wconf 85' lang='lat' dir='ltr'><strong>DE</strong></span> <span class='ocrx_word' id='word_1_3' title='bbox 1491 343 1655 400; x_wconf 78' lang='lat' dir='ltr'><strong>VITA</strong></span> <span class='ocrx_word' id='word_1_4' title='bbox 1694 343 2157 402; x_wconf 76' lang='lat' dir='ltr'><strong>CONSTANTINI</strong></span> <span class='ocrx_word' id='word_1_5' title='bbox 2195 345 2328 405; x_wconf 83' lang='lat' dir='ltr'><strong>LIB.</strong></span> <span class='ocrx_word' id='word_1_6' title='bbox 2373 347 2465 403; x_wconf 80' lang='lat' dir='ltr'><strong>HI;</strong></span> 
     </span>
    </p>
   </div>
   <div class='ocr_carea' id='block_1_3' title="bbox 3392 351 3536 409">
    <p class='ocr_par' dir='ltr' id='par_1_3' title="bbox 3392 351 3536 409">
     <span class='ocr_line' id='line_1_3' title="bbox 3392 351 3536 409; baseline 0.014 -2"><span class='ocrx_word' id='word_1_7' title='bbox 3392 351 3536 409; x_wconf 70' lang='grc' dir='ltr'><strong>ηοω</strong></span> 
     </span>
    </p>
   </div>
   <div class='ocr_carea' id='block_1_4' title="bbox 252 450 1837 541">
    <p class='ocr_par' dir='ltr' id='par_1_4' title="bbox 252 450 1837 538">
     <span class='ocr_line' id='line_1_4' title="bbox 252 450 1837 538; baseline 0.009 -33"><span class='ocrx_word' id='word_1_8' title='bbox 252 453 386 522; x_wconf 76' lang='grc' dir='ltr'>φῶς</span> <span class='ocrx_word' id='word_1_9' title='bbox 416 450 630 526; x_wconf 74' lang='grc' dir='ltr'>προῄει,</span> <span class='ocrx_word' id='word_1_10' title='bbox 665 452 895 521; x_wconf 83' lang='grc' dir='ltr'>καὶτοῖς</span> <span class='ocrx_word' id='word_1_11' title='bbox 924 456 1013 510; x_wconf 72' lang='grc' dir='ltr'><strong>ἐπὶ</strong></span> <span class='ocrx_word' id='word_1_12' title='bbox 1039 455 1171 511; x_wconf 83' lang='grc' dir='ltr'>θέαν</span> <span class='ocrx_word' id='word_1_13' title='bbox 1203 458 1621 534; x_wconf 70' lang='grc' dir='ltr'><strong>ἀφικνουμένοις</strong></span> <span class='ocrx_word' id='word_1_14' title='bbox 1644 464 1837 538; x_wconf 77' lang='grc' dir='ltr'>ἐναργὶ</span> 
     </span>
    </p>
   </div>
   <div class='ocr_carea' id='block_1_5' title="bbox 1938 450 3534 541">
    <p class='ocr_par' dir='ltr' id='par_1_5' title="bbox 1952 466 3534 541">
     <span class='ocr_line' id='line_1_5' title="bbox 1952 466 3534 541; baseline 0.002 -18"><span class='ocrx_word' id='word_1_15' title='bbox 1952 466 2340 535; x_wconf 87' lang='lat' dir='ltr'><strong>militudinem,</strong></span> <span class='ocrx_word' id='word_1_16' title='bbox 2394 483 2517 524; x_wconf 91' lang='lat' dir='ltr'><strong>cum</strong></span> <span class='ocrx_word' id='word_1_17' title='bbox 2563 476 2687 538; x_wconf 89' lang='lat' dir='ltr'><strong>post</strong></span> <span class='ocrx_word' id='word_1_18' title='bbox 2736 467 2903 525; x_wconf 88' lang='lat' dir='ltr'><strong>situm</strong></span> <span class='ocrx_word' id='word_1_19' title='bbox 2937 482 3003 524; x_wconf 87' lang='lat' dir='ltr'><strong>ac</strong></span> <span class='ocrx_word' id='word_1_20' title='bbox 3043 468 3298 526; x_wconf 87' lang='lat' dir='ltr'><strong>tenebras</strong></span> <span class='ocrx_word' id='word_1_21' title='bbox 3333 470 3534 541; x_wconf 88' lang='lat' dir='ltr'><strong>quibus</strong></span> 
     </span>
    </p>
   </div>
   <div class='ocr_carea' id='block_1_6' title="bbox 253 545 1844 627">
    <p class='ocr_par' dir='ltr' id='par_1_6' title="bbox 253 545 1844 627">
     <span class='ocr_line' id='line_1_6' title="bbox 253 545 1844 627; baseline 0.008 -29"><span class='ocrx_word' id='word_1_22' title='bbox 253 546 526 620; x_wconf 73' lang='grc' dir='ltr'>παρεῖχεν</span> <span class='ocrx_word' id='word_1_23' title='bbox 576 545 710 617; x_wconf 79' lang='grc' dir='ltr'>όρᾷν</span> <span class='ocrx_word' id='word_1_24' title='bbox 754 545 863 602; x_wconf 82' lang='grc' dir='ltr'><strong>τῶν</strong></span> <span class='ocrx_word' id='word_1_25' title='bbox 931 548 1115 602; x_wconf 76' lang='grc' dir='ltr'>αὐτόθι</span> <span class='ocrx_word' id='word_1_26' title='bbox 1158 552 1561 623; x_wconf 83' lang='grc' dir='ltr'><strong>πεπραγμένων</strong></span> <span class='ocrx_word' id='word_1_27' title='bbox 1629 554 1844 627; x_wconf 83' lang='grc' dir='ltr'>θαυμά-</span> 
     </span>
    </p>
   </div>
   <div class='ocr_carea' id='block_1_7' title="bbox 250 637 1844 719">
    <p class='ocr_par' dir='ltr' id='par_1_7' title="bbox 250 637 1844 719">
     <span class='ocr_line' id='line_1_7' title="bbox 250 637 1844 719; baseline 0.007 -29"><span class='ocrx_word' id='word_1_28' title='bbox 250 655 375 693; x_wconf 78' lang='grc' dir='ltr'><strong>των</strong></span> <span class='ocrx_word' id='word_1_29' title='bbox 404 637 501 710; x_wconf 83' lang='grc' dir='ltr'>τὴν</span> <span class='ocrx_word' id='word_1_30' title='bbox 528 639 789 710; x_wconf 74' lang='grc' dir='ltr'><strong>ἱστορίαν,</strong></span> <span class='ocrx_word' id='word_1_31' title='bbox 812 638 993 711; x_wconf 74' lang='grc' dir='ltr'>ἔργοις</span> <span class='ocrx_word' id='word_1_32' title='bbox 1042 641 1260 714; x_wconf 87' lang='grc' dir='ltr'>ἀπάσης</span> <span class='ocrx_word' id='word_1_33' title='bbox 1299 645 1688 719; x_wconf 85' lang='grc' dir='ltr'>γεγωνοτέροις</span> <span class='ocrx_word' id='word_1_34' title='bbox 1728 665 1844 717; x_wconf 88' lang='grc' dir='ltr'>φω-</span> 
     </span>
    </p>
   </div>
   <div class='ocr_carea' id='block_1_8' title="bbox 254 727 1845 812">
    <p class='ocr_par' dir='ltr' id='par_1_8' title="bbox 254 727 1845 812">
     <span class='ocr_line' id='line_1_8' title="bbox 254 727 1845 812; baseline -0.008 -18"><span class='ocrx_word' id='word_1_35' title='bbox 254 730 365 801; x_wconf 82' lang='grc' dir='ltr'>νῆς</span> <span class='ocrx_word' id='word_1_36' title='bbox 417 730 528 800; x_wconf 70' lang='grc' dir='ltr'>(9ὶ)</span> <span class='ocrx_word' id='word_1_37' title='bbox 582 727 678 802; x_wconf 85' lang='grc' dir='ltr'>τὴν</span> <span class='ocrx_word' id='word_1_38' title='bbox 744 729 839 784; x_wconf 87' lang='grc' dir='ltr'><strong>τοῦ</strong></span> <span class='ocrx_word' id='word_1_39' title='bbox 878 732 1128 805; x_wconf 83' lang='grc' dir='ltr'><strong>Σωτῆρος</strong></span> <span class='ocrx_word' id='word_1_40' title='bbox 1174 734 1470 791; x_wconf 67' lang='grc' dir='ltr'>ἀνάστασιν</span> <span class='ocrx_word' id='word_1_41' title='bbox 1532 740 1845 812; x_wconf 70' lang='grc' dir='ltr'>μαρτυρού-</span> 
     </span>
    </p>
   </div>
   <div class='ocr_carea' id='block_1_9' title="bbox 264 821 453 891">
    <p class='ocr_par' dir='ltr' id='par_1_9' title="bbox 264 821 453 891">
     <span class='ocr_line' id='line_1_9' title="bbox 264 821 453 891; baseline 0.005 -17"><span class='ocrx_word' id='word_1_42' title='bbox 264 821 453 891; x_wconf 74' lang='grc' dir='ltr'>μένον.</span> 
     </span>
    </p>
   </div>
   <div class='ocr_carea' id='block_1_10' title="bbox 774 1093 1321 1150">
    <p class='ocr_par' dir='ltr' id='par_1_10' title="bbox 774 1093 1321 1150">
     <span class='ocr_line' id='line_1_10' title="bbox 774 1093 1321 1150; baseline 0.005 -3"><span class='ocrx_word' id='word_1_43' title='bbox 774 1093 1169 1149; x_wconf 80' lang='grc' dir='ltr'><strong>ΚΕΦΛΛᾹΙΟΝ</strong></span> <span class='ocrx_word' id='word_1_44' title='bbox 1190 1096 1321 1150; x_wconf 83' lang='grc' dir='ltr'><strong>ΚΘ¹.</strong></span> 
     </span>
    </p>
   </div>
   <div class='ocr_carea' id='block_1_11' title="bbox 263 1184 1846 1260">
    <p class='ocr_par' dir='ltr' id='par_1_11' title="bbox 263 1184 1846 1260">
     <span class='ocr_line' id='line_1_11' title="bbox 263 1184 1846 1260; baseline 0.004 -21"><span class='ocrx_word' id='word_1_45' title='bbox 263 1186 461 1253; x_wconf 83' lang='grc' dir='ltr'><strong>Ὅπως</strong></span> <span class='ocrx_word' id='word_1_46' title='bbox 513 1187 649 1260; x_wconf 74' lang='grc' dir='ltr'>περὶ</span> <span class='ocrx_word' id='word_1_47' title='bbox 694 1184 832 1260; x_wconf 64' lang='grc' dir='ltr'><strong>’τῆςΔ</strong></span> <span class='ocrx_word' id='word_1_48' title='bbox 857 1187 1195 1259; x_wconf 79' lang='grc' dir='ltr'>οἰκοδομῆς,</span> <span class='ocrx_word' id='word_1_49' title='bbox 1239 1190 1335 1243; x_wconf 81' lang='grc' dir='ltr'>καὶ</span> <span class='ocrx_word' id='word_1_50' title='bbox 1371 1190 1520 1257; x_wconf 81' lang='grc' dir='ltr'>πρὸς</span> <span class='ocrx_word' id='word_1_51' title='bbox 1550 1189 1846 1260; x_wconf 79' lang='grc' dir='ltr'>ἄρχοντας</span> 
     </span>
    </p>
   </div>
   <div class='ocr_carea' id='block_1_12' title="bbox 350 1257 1754 1329">
    <p class='ocr_par' dir='ltr' id='par_1_12' title="bbox 350 1257 1754 1329">
     <span class='ocr_line' id='line_1_12' title="bbox 350 1257 1754 1329; baseline 0.001 -16"><span class='ocrx_word' id='word_1_52' title='bbox 350 1260 450 1313; x_wconf 81' lang='grc' dir='ltr'>καὶ</span> <span class='ocrx_word' id='word_1_53' title='bbox 480 1259 631 1327; x_wconf 81' lang='grc' dir='ltr'>πρὸς</span> <span class='ocrx_word' id='word_1_54' title='bbox 664 1257 969 1326; x_wconf 77' lang='grc' dir='ltr'>Μακάριόν</span> <span class='ocrx_word' id='word_1_55' title='bbox 999 1257 1223 1329; x_wconf 68' lang='grc' dir='ltr'>ἔγραψε</span> <span class='ocrx_word' id='word_1_56' title='bbox 1266 1261 1373 1315; x_wconf 81' lang='grc' dir='ltr'><strong>τὸν</strong></span> <span class='ocrx_word' id='word_1_57' title='bbox 1398 1257 1754 1315; x_wconf 59' lang='grc' dir='ltr'>ἐπίσκοπον.</span> 
     </span>
    </p>
   </div>
   <div class='ocr_carea' id='block_1_13' title="bbox 338 1345 1845 1425">
    <p class='ocr_par' dir='ltr' id='par_1_13' title="bbox 338 1345 1845 1425">
     <span class='ocr_line' id='line_1_13' title="bbox 338 1345 1845 1425; baseline 0.004 -22"><span class='ocrx_word' id='word_1_58' title='bbox 338 1350 557 1403; x_wconf 89' lang='grc' dir='ltr'>Τούτων</span> <span class='ocrx_word' id='word_1_59' title='bbox 576 1350 619 1403; x_wconf 87' lang='grc' dir='ltr'><strong>δ’</strong></span> <span class='ocrx_word' id='word_1_60' title='bbox 645 1345 746 1404; x_wconf 83' lang='grc' dir='ltr'><strong>ὧδε</strong></span> <span class='ocrx_word' id='word_1_61' title='bbox 770 1350 1144 1423; x_wconf 83' lang='grc' dir='ltr'>πραχθέντων,</span> <span class='ocrx_word' id='word_1_62' title='bbox 1168 1352 1366 1408; x_wconf 72' lang='grc' dir='ltr'>αὐτίκα</span> <span class='ocrx_word' id='word_1_63' title='bbox 1394 1351 1647 1423; x_wconf 79' lang='grc' dir='ltr'>βασιλεὺς</span> <span class='ocrx_word' id='word_1_64' title='bbox 1665 1354 1845 1425; x_wconf 87' lang='grc' dir='ltr'>νόμων</span> 
     </span>
    </p>
   </div>
   <div class='ocr_carea' id='block_1_14' title="bbox 260 1441 1844 1517">
    <p class='ocr_par' dir='ltr' id='par_1_14' title="bbox 260 1441 1844 1517">
     <span class='ocr_line' id='line_1_14' title="bbox 260 1441 1844 1517; baseline 0.002 -21"><span class='ocrx_word' id='word_1_65' title='bbox 260 1444 507 1497; x_wconf 73' lang='grc' dir='ltr'>εὐσεϐῶν</span> <span class='ocrx_word' id='word_1_66' title='bbox 535 1444 829 1509; x_wconf 75' lang='grc' dir='ltr'>διατάξεσι,</span> <span class='ocrx_word' id='word_1_67' title='bbox 861 1445 1147 1517; x_wconf 83' lang='grc' dir='ltr'>χορηγίαις</span> <span class='ocrx_word' id='word_1_68' title='bbox 1174 1463 1234 1499; x_wconf 89' lang='grc' dir='ltr'><strong>τε</strong></span> <span class='ocrx_word' id='word_1_69' title='bbox 1264 1444 1535 1516; x_wconf 80' lang='grc' dir='ltr'>ἀφθόνοις,</span> <span class='ocrx_word' id='word_1_70' title='bbox 1580 1441 1726 1499; x_wconf 76' lang='grc' dir='ltr'>οἷκον</span> <span class='ocrx_word' id='word_1_71' title='bbox 1752 1447 1844 1499; x_wconf 88' lang='grc' dir='ltr'>εύ-</span> 
     </span>
    </p>
   </div>
   <div class='ocr_carea' id='block_1_15' title="bbox 261 1534 1887 1610">
    <p class='ocr_par' dir='ltr' id='par_1_15' title="bbox 261 1534 1887 1610">
     <span class='ocr_line' id='line_1_15' title="bbox 261 1534 1887 1610; baseline 0.001 -21"><span class='ocrx_word' id='word_1_72' title='bbox 261 1537 489 1606; x_wconf 70' lang='grc' dir='ltr'>κτήριον</span> <span class='ocrx_word' id='word_1_73' title='bbox 517 1534 794 1608; x_wconf 79' lang='grc' dir='ltr'>θεοπρεπῆ</span> <span class='ocrx_word' id='word_1_74' title='bbox 824 1537 967 1608; x_wconf 78' lang='grc' dir='ltr'>ἀμφὶ</span> <span class='ocrx_word' id='word_1_75' title='bbox 994 1537 1055 1590; x_wconf 80' lang='grc' dir='ltr'>τὸ</span> <span class='ocrx_word' id='word_1_76' title='bbox 1080 1540 1343 1610; x_wconf 87' lang='grc' dir='ltr'>σωτήριον</span> <span class='ocrx_word' id='word_1_77' title='bbox 1369 1539 1562 1609; x_wconf 84' lang='grc' dir='ltr'>ἄντρον</span> <span class='ocrx_word' id='word_1_78' title='bbox 1588 1539 1844 1608; x_wconf 84' lang='grc' dir='ltr'>ὲγκελεύ-</span> <span class='ocrx_word' id='word_1_79' title='bbox 1882 1578 1887 1583; x_wconf 59' lang='grc' dir='ltr'><em>ρ</em></span> 
     </span>
    </p>
   </div>
   <div class='ocr_carea' id='block_1_16' title="bbox 261 1628 1845 1706">
    <p class='ocr_par' dir='ltr' id='par_1_16' title="bbox 261 1628 1845 1706">
     <span class='ocr_line' id='line_1_16' title="bbox 261 1628 1845 1706; baseline 0.006 -27"><span class='ocrx_word' id='word_1_80' title='bbox 261 1645 385 1681; x_wconf 83' lang='grc' dir='ltr'>εται</span> <span class='ocrx_word' id='word_1_81' title='bbox 408 1628 639 1699; x_wconf 78' lang='grc' dir='ltr'>πλουσίᾳ</span> <span class='ocrx_word' id='word_1_82' title='bbox 668 1629 763 1683; x_wconf 74' lang='grc' dir='ltr'><strong>καὶ</strong></span> <span class='ocrx_word' id='word_1_83' title='bbox 791 1628 1039 1703; x_wconf 80' lang='grc' dir='ltr'>βασιλικῇ</span> <span class='ocrx_word' id='word_1_84' title='bbox 1072 1630 1357 1702; x_wconf 83' lang='grc' dir='ltr'>δείμασθαι</span> <span class='ocrx_word' id='word_1_85' title='bbox 1402 1633 1736 1706; x_wconf 80' lang='grc' dir='ltr'>πολυτελείᾳ,</span> <span class='ocrx_word' id='word_1_86' title='bbox 1770 1635 1845 1700; x_wconf 90' lang='grc' dir='ltr'>ὡς</span> 
     </span>
    </p>
   </div>
   <div class='ocr_carea' id='block_1_17' title="bbox 262 1718 1843 1795">
    <p class='ocr_par' dir='ltr' id='par_1_17' title="bbox 262 1718 1843 1795">
     <span class='ocr_line' id='line_1_17' title="bbox 262 1718 1843 1795; baseline 0.004 -24"><span class='ocrx_word' id='word_1_87' title='bbox 262 1718 334 1771; x_wconf 83' lang='grc' dir='ltr'>ἂν</span> <span class='ocrx_word' id='word_1_88' title='bbox 381 1722 444 1772; x_wconf 80' lang='grc' dir='ltr'>ἐκ</span> <span class='ocrx_word' id='word_1_89' title='bbox 497 1718 708 1791; x_wconf 79' lang='grc' dir='ltr'>μακροῦ</span> <span class='ocrx_word' id='word_1_90' title='bbox 749 1719 907 1773; x_wconf 85' lang='grc' dir='ltr'>τοῦτο</span> <span class='ocrx_word' id='word_1_91' title='bbox 951 1720 1385 1793; x_wconf 81' lang='grc' dir='ltr'>προ-τεθειμένος,</span> <span class='ocrx_word' id='word_1_92' title='bbox 1434 1724 1525 1776; x_wconf 75' lang='grc' dir='ltr'>καὶ</span> <span class='ocrx_word' id='word_1_93' title='bbox 1554 1723 1616 1776; x_wconf 86' lang='grc' dir='ltr'>τὸ</span> <span class='ocrx_word' id='word_1_94' title='bbox 1651 1723 1843 1795; x_wconf 82' lang='grc' dir='ltr'>μέλλον</span> 
     </span>
    </p>
   </div>
   <div class='ocr_carea' id='block_1_18' title="bbox 1948 558 3617 632">
    <p class='ocr_par' dir='ltr' id='par_1_18' title="bbox 1948 558 3617 632">
     <span class='ocr_line' id='line_1_18' title="bbox 1948 558 3617 632; baseline 0.003 -18"><span class='ocrx_word' id='word_1_95' title='bbox 1948 560 2167 615; x_wconf 88' lang='lat' dir='ltr'><strong>obtecta</strong></span> <span class='ocrx_word' id='word_1_96' title='bbox 2201 558 2401 627; x_wconf 76' lang='lat' dir='ltr'><strong>fuerat,</strong></span> <span class='ocrx_word' id='word_1_97' title='bbox 2439 576 2631 617; x_wconf 86' lang='lat' dir='ltr'><strong>rursus</strong></span> <span class='ocrx_word' id='word_1_98' title='bbox 2679 562 2733 616; x_wconf 93' lang='lat' dir='ltr'><strong>in</strong></span> <span class='ocrx_word' id='word_1_99' title='bbox 2771 560 2947 616; x_wconf 87' lang='lat' dir='ltr'><strong>lucem</strong></span> <span class='ocrx_word' id='word_1_100' title='bbox 2999 563 3223 632; x_wconf 80' lang='lat' dir='ltr'><strong>prodiit,</strong></span> <span class='ocrx_word' id='word_1_101' title='bbox 3273 572 3328 619; x_wconf 89' lang='lat' dir='ltr'><strong>et</strong></span> <span class='ocrx_word' id='word_1_102' title='bbox 3364 565 3533 618; x_wconf 89' lang='lat' dir='ltr'><strong>mira-</strong></span> <span class='ocrx_word' id='word_1_103' title='bbox 3609 614 3617 625; x_wconf 85' lang='lat'><strong>,</strong></span> 
     </span>
    </p>
   </div>
   <div class='ocr_carea' id='block_1_19' title="bbox 1948 650 3529 722">
    <p class='ocr_par' dir='ltr' id='par_1_19' title="bbox 1948 650 3529 722">
     <span class='ocr_line' id='line_1_19' title="bbox 1948 650 3529 722; baseline 0.001 -17"><span class='ocrx_word' id='word_1_104' title='bbox 1948 650 2195 705; x_wconf 90' lang='lat' dir='ltr'><strong>culorum</strong></span> <span class='ocrx_word' id='word_1_105' title='bbox 2228 665 2350 719; x_wconf 74' lang='lat' dir='ltr'><strong>qua:</strong></span> <span class='ocrx_word' id='word_1_106' title='bbox 2376 651 2450 706; x_wconf 86' lang='lat' dir='ltr'><strong>ibi</strong></span> <span class='ocrx_word' id='word_1_107' title='bbox 2480 652 2753 721; x_wconf 89' lang='lat' dir='ltr'><strong>quondam</strong></span> <span class='ocrx_word' id='word_1_108' title='bbox 2778 658 2928 722; x_wconf 88' lang='lat' dir='ltr'><strong>gesta</strong></span> <span class='ocrx_word' id='word_1_109' title='bbox 2964 651 3207 719; x_wconf 79' lang='lat' dir='ltr'><strong>fuerant,</strong></span> <span class='ocrx_word' id='word_1_110' title='bbox 3240 653 3529 709; x_wconf 77' lang='lat' dir='ltr'><strong>historiam</strong></span> 
     </span>
    </p>
   </div>
   <div class='ocr_carea' id='block_1_20' title="bbox 1949 741 3533 814">
    <p class='ocr_par' dir='ltr' id='par_1_20' title="bbox 1949 741 3533 814">
     <span class='ocr_line' id='line_1_20' title="bbox 1949 741 3533 814; baseline 0.003 -17"><span class='ocrx_word' id='word_1_111' title='bbox 1949 741 2017 798; x_wconf 93' lang='lat' dir='ltr'><strong>iis</strong></span> <span class='ocrx_word' id='word_1_112' title='bbox 2053 742 2145 813; x_wconf 85' lang='lat' dir='ltr'><strong>qui</strong></span> <span class='ocrx_word' id='word_1_113' title='bbox 2173 742 2240 797; x_wconf 89' lang='lat' dir='ltr'><strong>ad</strong></span> <span class='ocrx_word' id='word_1_114' title='bbox 2276 745 2631 814; x_wconf 88' lang='lat' dir='ltr'><strong>spectandum</strong></span> <span class='ocrx_word' id='word_1_115' title='bbox 2670 744 3051 799; x_wconf 79' lang='lat' dir='ltr'><strong>conﬂuxerant</strong></span> <span class='ocrx_word' id='word_1_116' title='bbox 3084 746 3533 802; x_wconf 80' lang='lat' dir='ltr'><strong>manifestissime</strong></span> 
     </span>
    </p>
   </div>
   <div class='ocr_carea' id='block_1_21' title="bbox 1948 834 3534 907">
    <p class='ocr_par' dir='ltr' id='par_1_21' title="bbox 1948 834 3534 907">
     <span class='ocr_line' id='line_1_21' title="bbox 1948 834 3534 907; baseline 0.003 -19"><span class='ocrx_word' id='word_1_117' title='bbox 1948 834 2234 889; x_wconf 82' lang='lat' dir='ltr'><strong>videndam</strong></span> <span class='ocrx_word' id='word_1_118' title='bbox 2287 836 2577 902; x_wconf 79' lang='lat' dir='ltr'><strong>exhibuit,</strong></span> <span class='ocrx_word' id='word_1_119' title='bbox 2629 838 2791 892; x_wconf 86' lang='lat' dir='ltr'><strong>rebus</strong></span> <span class='ocrx_word' id='word_1_120' title='bbox 2841 836 2979 907; x_wconf 82' lang='lat' dir='ltr'><strong>ipsis</strong></span> <span class='ocrx_word' id='word_1_121' title='bbox 3022 853 3143 907; x_wconf 62' lang='lat' dir='ltr'><strong>qua</strong></span> <span class='ocrx_word' id='word_1_122' title='bbox 3194 838 3342 893; x_wconf 91' lang='lat' dir='ltr'><strong>omni</strong></span> <span class='ocrx_word' id='word_1_123' title='bbox 3401 852 3534 893; x_wconf 86' lang='lat' dir='ltr'><strong>voce</strong></span> 
     </span>
    </p>
   </div>
   <div class='ocr_carea' id='block_1_22' title="bbox 1948 924 3528 993">
    <p class='ocr_par' dir='ltr' id='par_1_22' title="bbox 1948 924 3528 993">
     <span class='ocr_line' id='line_1_22' title="bbox 1948 924 3528 993; baseline 0.003 -13"><span class='ocrx_word' id='word_1_124' title='bbox 1948 924 2156 983; x_wconf 90' lang='lat' dir='ltr'><strong>clarius</strong></span> <span class='ocrx_word' id='word_1_125' title='bbox 2199 935 2418 993; x_wconf 90' lang='lat' dir='ltr'><strong>sonant,</strong></span> <span class='ocrx_word' id='word_1_126' title='bbox 2473 927 2783 985; x_wconf 87' lang='lat' dir='ltr'><strong>Servatoris</strong></span> <span class='ocrx_word' id='word_1_127' title='bbox 2838 928 3013 984; x_wconf 90' lang='lat' dir='ltr'><strong>nostri</strong></span> <span class='ocrx_word' id='word_1_128' title='bbox 3068 929 3528 985; x_wconf 84' lang='lat' dir='ltr'><strong>resurrectionem</strong></span> 
     </span>
    </p>
   </div>
   <div class='ocr_carea' id='block_1_23' title="bbox 1952 1023 2175 1070">
    <p class='ocr_par' dir='ltr' id='par_1_23' title="bbox 1952 1023 2175 1070">
     <span class='ocr_line' id='line_1_23' title="bbox 1952 1023 2175 1070; baseline 0 0"><span class='ocrx_word' id='word_1_129' title='bbox 1952 1023 2175 1070; x_wconf 88' lang='lat' dir='ltr'><strong>testata.</strong></span> 
     </span>
    </p>
   </div>
   <div class='ocr_carea' id='block_1_24' title="bbox 2508 1101 2970 1164">
    <p class='ocr_par' dir='ltr' id='par_1_24' title="bbox 2508 1101 2970 1164">
     <span class='ocr_line' id='line_1_24' title="bbox 2508 1101 2970 1164; baseline 0.006 -3"><span class='ocrx_word' id='word_1_130' title='bbox 2508 1101 2738 1161; x_wconf 82' lang='lat' dir='ltr'><strong>CAPUT</strong></span> <span class='ocrx_word' id='word_1_131' title='bbox 2776 1104 2970 1164; x_wconf 83' lang='lat' dir='ltr'><strong>XXIX.</strong></span> 
     </span>
    </p>
   </div>
   <div class='ocr_carea' id='block_1_25' title="bbox 1949 1195 3530 1270">
    <p class='ocr_par' dir='ltr' id='par_1_25' title="bbox 1949 1195 3530 1270">
     <span class='ocr_line' id='line_1_25' title="bbox 1949 1195 3530 1270; baseline 0.004 -19"><span class='ocrx_word' id='word_1_132' title='bbox 1949 1195 2321 1270; x_wconf 77' lang='lat' dir='ltr'><strong>Quomodq_de</strong></span> <span class='ocrx_word' id='word_1_133' title='bbox 2347 1204 2699 1270; x_wconf 82' lang='lat' dir='ltr'><strong>construenda</strong></span> <span class='ocrx_word' id='word_1_134' title='bbox 2731 1198 2975 1270; x_wconf 78' lang='lat' dir='ltr'><strong>ecclesia,</strong></span> <span class='ocrx_word' id='word_1_135' title='bbox 3003 1202 3072 1253; x_wconf 85' lang='lat' dir='ltr'><strong>ad</strong></span> <span class='ocrx_word' id='word_1_136' title='bbox 3100 1201 3354 1270; x_wconf 76' lang='lat' dir='ltr'><strong>prresides</strong></span> <span class='ocrx_word' id='word_1_137' title='bbox 3378 1209 3426 1256; x_wconf 86' lang='lat' dir='ltr'><strong>ct</strong></span> <span class='ocrx_word' id='word_1_138' title='bbox 3458 1201 3530 1257; x_wconf 80' lang='lat' dir='ltr'><strong>ad</strong></span> 
     </span>
    </p>
   </div>
   <div class='ocr_carea' id='block_1_26' title="bbox 2193 1266 3278 1339">
    <p class='ocr_par' dir='ltr' id='par_1_26' title="bbox 2193 1266 3278 1339">
     <span class='ocr_line' id='line_1_26' title="bbox 2193 1266 3278 1339; baseline 0.006 -18"><span class='ocrx_word' id='word_1_139' title='bbox 2193 1266 2499 1322; x_wconf 84' lang='lat' dir='ltr'><strong>Macarium</strong></span> <span class='ocrx_word' id='word_1_140' title='bbox 2538 1270 2839 1339; x_wconf 81' lang='lat' dir='ltr'><strong>episcOpum</strong></span> <span class='ocrx_word' id='word_1_141' title='bbox 2867 1269 3075 1325; x_wconf 83' lang='lat' dir='ltr'><strong>litteras</strong></span> <span class='ocrx_word' id='word_1_142' title='bbox 3101 1266 3278 1327; x_wconf 50' lang='lat' dir='ltr'><strong>&#39;dedit.</strong></span> 
     </span>
    </p>
   </div>
   <div class='ocr_carea' id='block_1_27' title="bbox 2019 1359 3531 1434">
    <p class='ocr_par' dir='ltr' id='par_1_27' title="bbox 2019 1359 3531 1434">
     <span class='ocr_line' id='line_1_27' title="bbox 2019 1359 3531 1434; baseline 0.003 -20"><span class='ocrx_word' id='word_1_143' title='bbox 2019 1360 2115 1415; x_wconf 85' lang='lat' dir='ltr'><strong>His</strong></span> <span class='ocrx_word' id='word_1_144' title='bbox 2147 1359 2214 1414; x_wconf 91' lang='lat' dir='ltr'><strong>ad</strong></span> <span class='ocrx_word' id='word_1_145' title='bbox 2251 1362 2397 1415; x_wconf 87' lang='lat' dir='ltr'><strong>bttnc</strong></span> <span class='ocrx_word' id='word_1_146' title='bbox 2427 1361 2643 1415; x_wconf 91' lang='lat' dir='ltr'><strong>modum</strong></span> <span class='ocrx_word' id='word_1_147' title='bbox 2674 1361 2863 1430; x_wconf 87' lang='lat' dir='ltr'><strong>gestis,</strong></span> <span class='ocrx_word' id='word_1_148' title='bbox 2894 1362 3183 1419; x_wconf 81' lang='lat' dir='ltr'><strong>confestim</strong></span> <span class='ocrx_word' id='word_1_149' title='bbox 3230 1364 3531 1434; x_wconf 83' lang='lat' dir='ltr'><strong>imperator</strong></span> 
     </span>
    </p>
   </div>
   <div class='ocr_carea' id='block_1_28' title="bbox 1947 1451 3528 1526">
    <p class='ocr_par' dir='ltr' id='par_1_28' title="bbox 1947 1451 3528 1526">
     <span class='ocr_line' id='line_1_28' title="bbox 1947 1451 3528 1526; baseline 0.003 -21"><span class='ocrx_word' id='word_1_150' title='bbox 1947 1451 2167 1507; x_wconf 89' lang='lat' dir='ltr'><strong>emissis</strong></span> <span class='ocrx_word' id='word_1_151' title='bbox 2196 1452 2683 1509; x_wconf 82' lang='lat' dir='ltr'><strong>constitutionibus</strong></span> <span class='ocrx_word' id='word_1_152' title='bbox 2717 1463 2772 1509; x_wconf 90' lang='lat' dir='ltr'><strong>et</strong></span> <span class='ocrx_word' id='word_1_153' title='bbox 2810 1453 3024 1510; x_wconf 89' lang='lat' dir='ltr'><strong>liberali</strong></span> <span class='ocrx_word' id='word_1_154' title='bbox 3053 1464 3277 1525; x_wconf 89' lang='lat' dir='ltr'><strong>sumptu</strong></span> <span class='ocrx_word' id='word_1_155' title='bbox 3330 1468 3528 1526; x_wconf 55' lang='lat' dir='ltr'><strong>suppev</strong></span> 
     </span>
    </p>
   </div>
   <div class='ocr_carea' id='block_1_29' title="bbox 1948 1543 3527 1617">
    <p class='ocr_par' dir='ltr' id='par_1_29' title="bbox 1948 1543 3527 1617">
     <span class='ocr_line' id='line_1_29' title="bbox 1948 1543 3527 1617; baseline 0.003 -18"><span class='ocrx_word' id='word_1_156' title='bbox 1948 1543 2153 1610; x_wconf 88' lang='lat' dir='ltr'><strong>ditato,</strong></span> <span class='ocrx_word' id='word_1_157' title='bbox 2207 1545 2356 1601; x_wconf 82' lang='lat' dir='ltr'><strong>circa</strong></span> <span class='ocrx_word' id='word_1_158' title='bbox 2414 1546 2711 1601; x_wconf 83' lang='lat' dir='ltr'><strong>salutarem</strong></span> <span class='ocrx_word' id='word_1_159' title='bbox 2761 1546 3080 1616; x_wconf 89' lang='lat' dir='ltr'><strong>speluncam</strong></span> <span class='ocrx_word' id='word_1_160' title='bbox 3139 1547 3252 1603; x_wconf 91' lang='lat' dir='ltr'><strong>Deo</strong></span> <span class='ocrx_word' id='word_1_161' title='bbox 3303 1549 3527 1617; x_wconf 80' lang='lat' dir='ltr'><strong>dignum</strong></span> 
     </span>
    </p>
   </div>
   <div class='ocr_carea' id='block_1_30' title="bbox 1949 1640 3523 1713">
    <p class='ocr_par' dir='ltr' id='par_1_30' title="bbox 1949 1640 3523 1713">
     <span class='ocr_line' id='line_1_30' title="bbox 1949 1640 3523 1713; baseline 0.002 -19"><span class='ocrx_word' id='word_1_162' title='bbox 1949 1640 2204 1712; x_wconf 90' lang='lat' dir='ltr'><strong>templum</strong></span> <span class='ocrx_word' id='word_1_163' title='bbox 2233 1642 2401 1713; x_wconf 80' lang='lat' dir='ltr'><strong>regali</strong></span> <span class='ocrx_word' id='word_1_164' title='bbox 2430 1642 2833 1713; x_wconf 83' lang='lat' dir='ltr'><strong>magniﬁcentia</strong></span> <span class='ocrx_word' id='word_1_165' title='bbox 2862 1644 3077 1698; x_wconf 79' lang='lat' dir='ltr'><strong>exstrui</strong></span> <span class='ocrx_word' id='word_1_166' title='bbox 3106 1644 3279 1713; x_wconf 90' lang='lat' dir='ltr'><strong>jubet.</strong></span> <span class='ocrx_word' id='word_1_167' title='bbox 3313 1643 3523 1713; x_wconf 85' lang='lat' dir='ltr'><strong>Quippe</strong></span> 
     </span>
    </p>
   </div>
   <div class='ocr_carea' id='block_1_31' title="bbox 1942 1733 3525 1805">
    <p class='ocr_par' dir='ltr' id='par_1_31' title="bbox 1942 1733 3525 1805">
     <span class='ocr_line' id='line_1_31' title="bbox 1942 1733 3525 1805; baseline 0.003 -20"><span class='ocrx_word' id='word_1_168' title='bbox 1942 1733 2053 1802; x_wconf 84' lang='lat' dir='ltr'><strong>jam</strong></span> <span class='ocrx_word' id='word_1_169' title='bbox 2095 1734 2304 1803; x_wconf 89' lang='lat' dir='ltr'><strong>pridem</strong></span> <span class='ocrx_word' id='word_1_170' title='bbox 2346 1735 2450 1790; x_wconf 89' lang='lat' dir='ltr'><strong>hoc</strong></span> <span class='ocrx_word' id='word_1_171' title='bbox 2478 1736 2618 1805; x_wconf 88' lang='lat' dir='ltr'><strong>apud</strong></span> <span class='ocrx_word' id='word_1_172' title='bbox 2645 1750 2703 1790; x_wconf 89' lang='lat' dir='ltr'><strong>se</strong></span> <span class='ocrx_word' id='word_1_173' title='bbox 2731 1736 3118 1799; x_wconf 88' lang='lat' dir='ltr'><strong>constituerat,</strong></span> <span class='ocrx_word' id='word_1_174' title='bbox 3171 1736 3336 1804; x_wconf 91' lang='lat' dir='ltr'><strong>idque</strong></span> <span class='ocrx_word' id='word_1_175' title='bbox 3381 1736 3525 1805; x_wconf 87' lang='lat' dir='ltr'><strong>quod</strong></span> 
     </span>
    </p>
   </div>
   <div class='ocr_carea' id='block_1_32' title="bbox 265 1811 1837 1895">
    <p class='ocr_par' dir='ltr' id='par_1_32' title="bbox 265 1811 1834 1889">
     <span class='ocr_line' id='line_1_32' title="bbox 265 1811 1834 1889; baseline 0.003 -24"><span class='ocrx_word' id='word_1_176' title='bbox 265 1812 485 1865; x_wconf 76' lang='grc' dir='ltr'>ἔσεσθαι</span> <span class='ocrx_word' id='word_1_177' title='bbox 506 1811 772 1883; x_wconf 82' lang='grc' dir='ltr'>κρείττονι</span> <span class='ocrx_word' id='word_1_178' title='bbox 810 1811 1088 1885; x_wconf 74' lang='grc' dir='ltr'>προθυμίᾳ</span> <span class='ocrx_word' id='word_1_179' title='bbox 1114 1814 1461 1885; x_wconf 88' lang='grc' dir='ltr'>τεθεαμένος.</span> <span class='ocrx_word' id='word_1_180' title='bbox 1493 1813 1616 1879; x_wconf 85' lang='grc' dir='ltr'>Τοῖς</span> <span class='ocrx_word' id='word_1_181' title='bbox 1642 1816 1743 1887; x_wconf 77' lang='grc' dir='ltr'>μὲν</span> <span class='ocrx_word' id='word_1_182' title='bbox 1771 1816 1834 1889; x_wconf 83' lang='grc' dir='ltr'>δὴ</span> 
     </span>
    </p>
   </div>
   <div class='ocr_carea' id='block_1_33' title="bbox 1938 1811 3528 1895">
    <p class='ocr_par' dir='ltr' id='par_1_33' title="bbox 1943 1821 3528 1895">
     <span class='ocr_line' id='line_1_33' title="bbox 1943 1821 3528 1895; baseline 0.003 -21"><span class='ocrx_word' id='word_1_183' title='bbox 1943 1828 2065 1874; x_wconf 89' lang='lat' dir='ltr'><strong>erat</strong></span> <span class='ocrx_word' id='word_1_184' title='bbox 2102 1821 2370 1889; x_wconf 77' lang='lat' dir='ltr'><strong>futurum,</strong></span> <span class='ocrx_word' id='word_1_185' title='bbox 2414 1823 2597 1878; x_wconf 86' lang='lat' dir='ltr'><strong>divina</strong></span> <span class='ocrx_word' id='word_1_186' title='bbox 2634 1825 2872 1894; x_wconf 90' lang='lat' dir='ltr'><strong>quadam</strong></span> <span class='ocrx_word' id='word_1_187' title='bbox 2924 1825 3213 1880; x_wconf 84' lang='lat' dir='ltr'><strong>alacritate</strong></span> <span class='ocrx_word' id='word_1_188' title='bbox 3263 1826 3528 1895; x_wconf 83' lang='lat' dir='ltr'><strong>praevide-</strong></span> 
     </span>
    </p>
   </div>
   <div class='ocr_carea' id='block_1_34' title="bbox 266 1904 1843 1979">
    <p class='ocr_par' dir='ltr' id='par_1_34' title="bbox 266 1904 1843 1979">
     <span class='ocr_line' id='line_1_34' title="bbox 266 1904 1843 1979; baseline 0.003 -22"><span class='ocrx_word' id='word_1_189' title='bbox 266 1904 376 1957; x_wconf 80' lang='grc' dir='ltr'>τῶν</span> <span class='ocrx_word' id='word_1_190' title='bbox 403 1904 569 1957; x_wconf 80' lang='grc' dir='ltr'>ἐθνῶν</span> <span class='ocrx_word' id='word_1_191' title='bbox 598 1906 691 1959; x_wconf 76' lang='grc' dir='ltr'><strong>ἐπὶ</strong></span> <span class='ocrx_word' id='word_1_192' title='bbox 712 1906 809 1976; x_wconf 90' lang='grc' dir='ltr'><strong>τῆς</strong></span> <span class='ocrx_word' id='word_1_193' title='bbox 835 1904 972 1976; x_wconf 79' lang='grc' dir='ltr'>ἑῴας</span> <span class='ocrx_word' id='word_1_194' title='bbox 998 1907 1275 1977; x_wconf 83' lang='grc' dir='ltr'>ἄρχουσιν,</span> <span class='ocrx_word' id='word_1_195' title='bbox 1306 1907 1557 1977; x_wconf 81' lang='grc' dir='ltr'>ἀφθόνοις</span> <span class='ocrx_word' id='word_1_196' title='bbox 1575 1909 1670 1963; x_wconf 77' lang='grc' dir='ltr'>καὶ</span> <span class='ocrx_word' id='word_1_197' title='bbox 1689 1909 1843 1979; x_wconf 77' lang='grc' dir='ltr'>δαψι-</span> 
     </span>
    </p>
   </div>
   <div class='ocr_carea' id='block_1_35' title="bbox 266 1996 1843 2070">
    <p class='ocr_par' dir='ltr' id='par_1_35' title="bbox 266 1996 1843 2070">
     <span class='ocr_line' id='line_1_35' title="bbox 266 1996 1843 2070; baseline 0.004 -21"><span class='ocrx_word' id='word_1_198' title='bbox 266 1996 378 2050; x_wconf 70' lang='grc' dir='ltr'>λέσι</span> <span class='ocrx_word' id='word_1_199' title='bbox 415 1998 717 2068; x_wconf 76' lang='grc' dir='ltr'>χορηγίαις,</span> <span class='ocrx_word' id='word_1_200' title='bbox 750 1997 1027 2069; x_wconf 78' lang='grc' dir='ltr'>ὑπερφυές</span> <span class='ocrx_word' id='word_1_201' title='bbox 1067 2016 1126 2052; x_wconf 91' lang='grc' dir='ltr'><strong>τε</strong></span> <span class='ocrx_word' id='word_1_202' title='bbox 1168 1999 1260 2052; x_wconf 72' lang='grc' dir='ltr'>καὶ</span> <span class='ocrx_word' id='word_1_203' title='bbox 1294 2000 1434 2070; x_wconf 88' lang='grc' dir='ltr'>μέγα</span> <span class='ocrx_word' id='word_1_204' title='bbox 1468 2001 1562 2054; x_wconf 74' lang='grc' dir='ltr'><strong>καὶ</strong></span> <span class='ocrx_word' id='word_1_205' title='bbox 1591 2001 1843 2057; x_wconf 88' lang='grc' dir='ltr'>πλούσιον</span> 
     </span>
    </p>
   </div>
   <div class='ocr_carea' id='block_1_36' title="bbox 263 2088 1841 2162">
    <p class='ocr_par' dir='ltr' id='par_1_36' title="bbox 263 2088 1841 2162">
     <span class='ocr_line' id='line_1_36' title="bbox 263 2088 1841 2162; baseline 0.003 -19"><span class='ocrx_word' id='word_1_206' title='bbox 263 2089 643 2144; x_wconf 81' lang='grc' dir='ltr'>ἀποδεικνύναι</span> <span class='ocrx_word' id='word_1_207' title='bbox 676 2090 737 2142; x_wconf 85' lang='grc' dir='ltr'>τὸ</span> <span class='ocrx_word' id='word_1_208' title='bbox 768 2089 945 2161; x_wconf 72' lang='grc' dir='ltr'>ἔργον,</span> <span class='ocrx_word' id='word_1_209' title='bbox 970 2088 1047 2160; x_wconf 86' lang='grc' dir='ltr'>τῷ</span> <span class='ocrx_word' id='word_1_210' title='bbox 1069 2090 1125 2143; x_wconf 83' lang='grc' dir='ltr'><strong>δὲ</strong></span> <span class='ocrx_word' id='word_1_211' title='bbox 1152 2091 1251 2162; x_wconf 84' lang='grc' dir='ltr'><strong>τῆς</strong></span> <span class='ocrx_word' id='word_1_212' title='bbox 1267 2090 1594 2162; x_wconf 83' lang='grc' dir='ltr'>Ἐκκλησίας</span> <span class='ocrx_word' id='word_1_213' title='bbox 1619 2094 1841 2148; x_wconf 77' lang='grc' dir='ltr'>ἐπισκό-</span> 
     </span>
    </p>
   </div>
   <div class='ocr_carea' id='block_1_37' title="bbox 264 2180 1841 2256">
    <p class='ocr_par' dir='ltr' id='par_1_37' title="bbox 264 2180 1841 2256">
     <span class='ocr_line' id='line_1_37' title="bbox 264 2180 1841 2256; baseline 0.003 -22"><span class='ocrx_word' id='word_1_214' title='bbox 264 2197 356 2253; x_wconf 83' lang='grc' dir='ltr'>πῳ</span> <span class='ocrx_word' id='word_1_215' title='bbox 399 2181 476 2253; x_wconf 82' lang='grc' dir='ltr'>τῷ</span> <span class='ocrx_word' id='word_1_216' title='bbox 518 2180 816 2251; x_wconf 86' lang='grc' dir='ltr'>τηνικαῦτα</span> <span class='ocrx_word' id='word_1_217' title='bbox 860 2182 959 2254; x_wconf 88' lang='grc' dir='ltr'><strong>τῆς</strong></span> <span class='ocrx_word' id='word_1_218' title='bbox 998 2184 1056 2237; x_wconf 83' lang='grc' dir='ltr'>ἐν</span> <span class='ocrx_word' id='word_1_219' title='bbox 1101 2183 1490 2255; x_wconf 86' lang='grc' dir='ltr'>Ἰεροσολύμοις</span> <span class='ocrx_word' id='word_1_220' title='bbox 1518 2185 1841 2256; x_wconf 78' lang='grc' dir='ltr'>προεστῶτι,</span> 
     </span>
    </p>
   </div>
   <div class='ocr_carea' id='block_1_38' title="bbox 258 2274 1844 2351">
    <p class='ocr_par' dir='ltr' id='par_1_38' title="bbox 258 2274 1844 2351">
     <span class='ocr_line' id='line_1_38' title="bbox 258 2274 1844 2351; baseline 0.002 -21"><span class='ocrx_word' id='word_1_221' title='bbox 258 2276 469 2331; x_wconf 82' lang='grc' dir='ltr'>τοιάνδε</span> <span class='ocrx_word' id='word_1_222' title='bbox 497 2277 815 2348; x_wconf 80' lang='grc' dir='ltr'>κατέπεμπε</span> <span class='ocrx_word' id='word_1_223' title='bbox 836 2276 1074 2348; x_wconf 78' lang='grc' dir='ltr'>γραφὴν,</span> <span class='ocrx_word' id='word_1_224' title='bbox 1106 2277 1174 2330; x_wconf 84' lang='grc' dir='ltr'>δι’</span> <span class='ocrx_word' id='word_1_225' title='bbox 1202 2274 1270 2351; x_wconf 82' lang='grc' dir='ltr'>ἧς</span> <span class='ocrx_word' id='word_1_226' title='bbox 1288 2279 1378 2331; x_wconf 84' lang='grc' dir='ltr'>τὸν</span> <span class='ocrx_word' id='word_1_227' title='bbox 1402 2280 1667 2350; x_wconf 87' lang='grc' dir='ltr'>σωτήριον</span> <span class='ocrx_word' id='word_1_228' title='bbox 1689 2278 1844 2348; x_wconf 91' lang='grc' dir='ltr'>λόγον</span> 
     </span>
    </p>
   </div>
   <div class='ocr_carea' id='block_1_39' title="bbox 258 2368 1845 2443">
    <p class='ocr_par' dir='ltr' id='par_1_39' title="bbox 258 2368 1845 2443">
     <span class='ocr_line' id='line_1_39' title="bbox 258 2368 1845 2443; baseline 0.004 -23"><span class='ocrx_word' id='word_1_229' title='bbox 258 2368 363 2439; x_wconf 86' lang='grc' dir='ltr'><strong>τῆς</strong></span> <span class='ocrx_word' id='word_1_230' title='bbox 396 2368 630 2432; x_wconf 89' lang='grc' dir='ltr'>πίστεως</span> <span class='ocrx_word' id='word_1_231' title='bbox 667 2368 918 2441; x_wconf 82' lang='grc' dir='ltr'>ἐναργέσι</span> <span class='ocrx_word' id='word_1_232' title='bbox 960 2371 1162 2438; x_wconf 74' lang='grc' dir='ltr'>φωναῖς</span> <span class='ocrx_word' id='word_1_233' title='bbox 1194 2371 1453 2443; x_wconf 78' lang='grc' dir='ltr'>παρίστη,</span> <span class='ocrx_word' id='word_1_234' title='bbox 1494 2370 1680 2425; x_wconf 87' lang='grc' dir='ltr'>τοῦτον</span> <span class='ocrx_word' id='word_1_235' title='bbox 1709 2372 1845 2443; x_wconf 83' lang='grc' dir='ltr'>γρά-</span> 
     </span>
    </p>
   </div>
   <div class='ocr_carea' id='block_1_40' title="bbox 261 2458 747 2532">
    <p class='ocr_par' dir='ltr' id='par_1_40' title="bbox 261 2458 747 2532">
     <span class='ocr_line' id='line_1_40' title="bbox 261 2458 747 2532; baseline 0.004 -17"><span class='ocrx_word' id='word_1_236' title='bbox 261 2479 382 2530; x_wconf 75' lang='grc' dir='ltr'><strong>φων</strong></span> <span class='ocrx_word' id='word_1_237' title='bbox 405 2460 497 2514; x_wconf 82' lang='grc' dir='ltr'>τὸν</span> <span class='ocrx_word' id='word_1_238' title='bbox 518 2458 747 2532; x_wconf 85' lang='grc' dir='ltr'>τρόπον.</span> 
     </span>
    </p>
   </div>
   <div class='ocr_carea' id='block_1_41' title="bbox 790 2575 1314 2631">
    <p class='ocr_par' dir='ltr' id='par_1_41' title="bbox 790 2575 1314 2631">
     <span class='ocr_line' id='line_1_41' title="bbox 790 2575 1314 2631; baseline 0 -3"><span class='ocrx_word' id='word_1_239' title='bbox 790 2575 1190 2631; x_wconf 80' lang='grc' dir='ltr'><strong>ΚΕΦΑΛΑΙΟΝ</strong></span> <span class='ocrx_word' id='word_1_240' title='bbox 1234 2576 1314 2630; x_wconf 84' lang='lat' dir='ltr'><strong>A’.</strong></span> 
     </span>
    </p>
   </div>
   <div class='ocr_carea' id='block_1_42' title="bbox 260 2654 1845 2743">
    <p class='ocr_par' dir='ltr' id='par_1_42' title="bbox 260 2654 1845 2743">
     <span class='ocr_line' id='line_1_42' title="bbox 260 2654 1845 2743; baseline 0.003 -20"><span class='ocrx_word' id='word_1_241' title='bbox 260 2654 723 2743; x_wconf 56' lang='grc' dir='ltr'>Κωνσταὴίνου</span> <span class='ocrx_word' id='word_1_242' title='bbox 750 2669 901 2743; x_wconf 78' lang='grc' dir='ltr'>πρός</span> <span class='ocrx_word' id='word_1_243' title='bbox 924 2669 1229 2743; x_wconf 70' lang='grc' dir='ltr'>Μακᾴριον</span> <span class='ocrx_word' id='word_1_244' title='bbox 1261 2669 1395 2743; x_wconf 78' lang='grc' dir='ltr'>περὶ</span> <span class='ocrx_word' id='word_1_245' title='bbox 1430 2669 1541 2743; x_wconf 80' lang='grc' dir='ltr'><strong>τῆς</strong></span> <span class='ocrx_word' id='word_1_246' title='bbox 1574 2671 1679 2727; x_wconf 87' lang='grc' dir='ltr'><strong>τοῦ</strong></span> <span class='ocrx_word' id='word_1_247' title='bbox 1696 2690 1845 2743; x_wconf 84' lang='grc' dir='ltr'>μαρ-</span> 
     </span>
    </p>
   </div>
   <div class='ocr_carea' id='block_1_43' title="bbox 544 2740 1558 2810">
    <p class='ocr_par' dir='ltr' id='par_1_43' title="bbox 544 2740 1558 2810">
     <span class='ocr_line' id='line_1_43' title="bbox 544 2740 1558 2810; baseline 0.002 -17"><span class='ocrx_word' id='word_1_248' title='bbox 544 2742 750 2809; x_wconf 84' lang='grc' dir='ltr'>τυρίου</span> <span class='ocrx_word' id='word_1_249' title='bbox 776 2742 881 2795; x_wconf 82' lang='grc' dir='ltr'><strong>τοῦ</strong></span> <span class='ocrx_word' id='word_1_250' title='bbox 910 2740 1183 2810; x_wconf 78' lang='grc' dir='ltr'>Σωτῆρος</span> <span class='ocrx_word' id='word_1_251' title='bbox 1223 2740 1558 2810; x_wconf 75' lang='grc' dir='ltr'>οἰκοδομῆς.</span> 
     </span>
    </p>
   </div>
   <div class='ocr_carea' id='block_1_44' title="bbox 340 2832 1843 2904">
    <p class='ocr_par' dir='ltr' id='par_1_44' title="bbox 340 2832 1843 2904">
     <span class='ocr_line' id='line_1_44' title="bbox 340 2832 1843 2904; baseline 0.002 -19"><span class='ocrx_word' id='word_1_252' title='bbox 340 2849 361 2885; x_wconf 82' lang='grc' dir='ltr'><strong>ι</strong></span> <span class='ocrx_word' id='word_1_253' title='bbox 385 2832 628 2904; x_wconf 82' lang='grc' dir='ltr'>Νικητὴς</span> <span class='ocrx_word' id='word_1_254' title='bbox 651 2833 1077 2898; x_wconf 80' lang='grc' dir='ltr'>Κωνσταντῖνος,</span> <span class='ocrx_word' id='word_1_255' title='bbox 1109 2832 1398 2902; x_wconf 85' lang='grc' dir='ltr'>Μέγιστος,</span> <span class='ocrx_word' id='word_1_256' title='bbox 1418 2833 1704 2899; x_wconf 74' lang='grc' dir='ltr'>Σεϐαστὸς,</span> <span class='ocrx_word' id='word_1_257' title='bbox 1721 2836 1843 2889; x_wconf 86' lang='grc' dir='ltr'><strong>Μα-</strong></span> 
     </span>
    </p>
   </div>
   <div class='ocr_carea' id='block_1_45' title="bbox 264 2924 471 2996">
    <p class='ocr_par' dir='ltr' id='par_1_45' title="bbox 264 2924 471 2996">
     <span class='ocr_line' id='line_1_45' title="bbox 264 2924 471 2996; baseline 0 -19"><span class='ocrx_word' id='word_1_258' title='bbox 264 2924 471 2996; x_wconf 84' lang='grc' dir='ltr'>καρίῳ.</span> 
     </span>
    </p>
   </div>
   <div class='ocr_carea' id='block_1_46' title="bbox 341 3013 1845 3089">
    <p class='ocr_par' dir='ltr' id='par_1_46' title="bbox 341 3013 1845 3089">
     <span class='ocr_line' id='line_1_46' title="bbox 341 3013 1845 3089; baseline 0.001 -21"><span class='ocrx_word' id='word_1_259' title='bbox 341 3035 361 3068; x_wconf 78' lang='grc' dir='ltr'><strong>ι</strong></span> <span class='ocrx_word' id='word_1_260' title='bbox 400 3013 645 3087; x_wconf 81' lang='grc' dir='ltr'>Τοσαύτη</span> <span class='ocrx_word' id='word_1_261' title='bbox 683 3014 778 3069; x_wconf 87' lang='grc' dir='ltr'><strong>τοῦ</strong></span> <span class='ocrx_word' id='word_1_262' title='bbox 821 3016 1070 3088; x_wconf 86' lang='grc' dir='ltr'>Σωτῆρος</span> <span class='ocrx_word' id='word_1_263' title='bbox 1100 3013 1260 3087; x_wconf 79' lang='grc' dir='ltr'>ἡμῶν</span> <span class='ocrx_word' id='word_1_264' title='bbox 1302 3017 1447 3069; x_wconf 80' lang='grc' dir='ltr'>ἐστιν</span> <span class='ocrx_word' id='word_1_265' title='bbox 1482 3017 1514 3087; x_wconf 80' lang='grc' dir='ltr'>ἡ</span> <span class='ocrx_word' id='word_1_266' title='bbox 1558 3016 1736 3089; x_wconf 84' lang='grc' dir='ltr'>χάρις,</span> <span class='ocrx_word' id='word_1_267' title='bbox 1768 3014 1845 3079; x_wconf 83' lang='grc' dir='ltr'><strong>ὡς</strong></span> 
     </span>
    </p>
   </div>
   <div class='ocr_carea' id='block_1_47' title="bbox 272 3106 1843 3186">
    <p class='ocr_par' dir='ltr' id='par_1_47' title="bbox 272 3106 1843 3186">
     <span class='ocr_line' id='line_1_47' title="bbox 272 3106 1843 3186; baseline -0.006 -16"><span class='ocrx_word' id='word_1_268' title='bbox 272 3110 540 3186; x_wconf 72' lang='grc' dir='ltr'>μηδεμίαν</span> <span class='ocrx_word' id='word_1_269' title='bbox 581 3109 751 3180; x_wconf 90' lang='grc' dir='ltr'>λόγων</span> <span class='ocrx_word' id='word_1_270' title='bbox 790 3106 1081 3180; x_wconf 82' lang='grc' dir='ltr'>θεραπείαν</span> <span class='ocrx_word' id='word_1_271' title='bbox 1115 3109 1229 3180; x_wconf 81' lang='grc'>(95)</span> <span class='ocrx_word' id='word_1_272' title='bbox 1276 3111 1370 3163; x_wconf 80' lang='grc' dir='ltr'><strong>τοῦ</strong></span> <span class='ocrx_word' id='word_1_273' title='bbox 1412 3110 1679 3181; x_wconf 87' lang='grc' dir='ltr'>παρόντος</span> <span class='ocrx_word' id='word_1_274' title='bbox 1712 3108 1843 3163; x_wconf 79' lang='grc' dir='ltr'>θαύο</span> 
     </span>
    </p>
   </div>
   <div class='ocr_carea' id='block_1_48' title="bbox 266 3194 1838 3272">
    <p class='ocr_par' dir='ltr' id='par_1_48' title="bbox 266 3194 1838 3272">
     <span class='ocr_line' id='line_1_48' title="bbox 266 3194 1838 3272; baseline -0.001 -19"><span class='ocrx_word' id='word_1_275' title='bbox 266 3216 437 3272; x_wconf 85' lang='grc' dir='ltr'>ματος</span> <span class='ocrx_word' id='word_1_276' title='bbox 480 3197 634 3264; x_wconf 78' lang='grc' dir='ltr'>ἀξίαν</span> <span class='ocrx_word' id='word_1_277' title='bbox 677 3194 817 3254; x_wconf 73' lang='grc' dir='ltr'>εἶναι</span> <span class='ocrx_word' id='word_1_278' title='bbox 858 3198 1053 3253; x_wconf 83' lang='grc' dir='ltr'>δοκεῖν.</span> <span class='ocrx_word' id='word_1_279' title='bbox 1085 3199 1158 3253; x_wconf 86' lang='grc' dir='ltr'><strong>Τὸ</strong></span> <span class='ocrx_word' id='word_1_280' title='bbox 1192 3198 1301 3271; x_wconf 82' lang='grc' dir='ltr'><strong>γὰρ</strong></span> <span class='ocrx_word' id='word_1_281' title='bbox 1330 3199 1390 3253; x_wconf 85' lang='grc' dir='ltr'>τὸ</span> <span class='ocrx_word' id='word_1_282' title='bbox 1419 3198 1705 3271; x_wconf 86' lang='grc' dir='ltr'>γνώρισμα</span> <span class='ocrx_word' id='word_1_283' title='bbox 1745 3198 1838 3252; x_wconf 87' lang='grc' dir='ltr'><strong>τοῦ</strong></span> 
     </span>
    </p>
   </div>
   <div class='ocr_carea' id='block_1_49' title="bbox 264 3291 1838 3364">
    <p class='ocr_par' dir='ltr' id='par_1_49' title="bbox 264 3291 1838 3364">
     <span class='ocr_line' id='line_1_49' title="bbox 264 3291 1838 3364; baseline -0.002 -17"><span class='ocrx_word' id='word_1_284' title='bbox 264 3291 567 3361; x_wconf 84' lang='grc' dir='ltr'>ἀγιωτάτου</span> <span class='ocrx_word' id='word_1_285' title='bbox 592 3291 801 3347; x_wconf 80' lang='grc' dir='ltr'>ἐκείνου</span> <span class='ocrx_word' id='word_1_286' title='bbox 822 3291 1025 3357; x_wconf 85' lang='grc' dir='ltr'>πάθους</span> <span class='ocrx_word' id='word_1_287' title='bbox 1057 3292 1162 3346; x_wconf 82' lang='grc' dir='ltr'><strong>ὑπὸ</strong></span> <span class='ocrx_word' id='word_1_288' title='bbox 1188 3295 1253 3363; x_wconf 84' lang='grc' dir='ltr'>τῇ</span> <span class='ocrx_word' id='word_1_289' title='bbox 1288 3295 1358 3363; x_wconf 83' lang='grc' dir='ltr'><strong>γῇ</strong></span> <span class='ocrx_word' id='word_1_290' title='bbox 1395 3292 1558 3346; x_wconf 87' lang='grc' dir='ltr'>πάλαι</span> <span class='ocrx_word' id='word_1_291' title='bbox 1602 3291 1838 3364; x_wconf 80' lang='grc' dir='ltr'>κρυπτό-</span> 
     </span>
    </p>
   </div>
   <div class='ocr_carea' id='block_1_50' title="bbox 269 3380 1839 3457">
    <p class='ocr_par' dir='ltr' id='par_1_50' title="bbox 269 3380 1839 3457">
     <span class='ocr_line' id='line_1_50' title="bbox 269 3380 1839 3457; baseline 0.001 -21"><span class='ocrx_word' id='word_1_292' title='bbox 269 3402 450 3456; x_wconf 87' lang='grc' dir='ltr'>μενον,</span> <span class='ocrx_word' id='word_1_293' title='bbox 477 3383 763 3448; x_wconf 76' lang='grc' dir='ltr'>τοσαύταις</span> <span class='ocrx_word' id='word_1_294' title='bbox 783 3384 920 3438; x_wconf 77' lang='grc' dir='ltr'>ἐτῶν</span> <span class='ocrx_word' id='word_1_295' title='bbox 947 3385 1212 3457; x_wconf 87' lang='grc' dir='ltr'>περιόδοις</span> <span class='ocrx_word' id='word_1_296' title='bbox 1242 3384 1444 3450; x_wconf 89' lang='grc' dir='ltr'>λαθεῖν,</span> <span class='ocrx_word' id='word_1_297' title='bbox 1477 3384 1635 3456; x_wconf 81' lang='grc' dir='ltr'>ἄχρις</span> <span class='ocrx_word' id='word_1_298' title='bbox 1662 3380 1722 3439; x_wconf 76' lang='grc' dir='ltr'><strong>οὗ</strong></span> <span class='ocrx_word' id='word_1_299' title='bbox 1750 3384 1839 3438; x_wconf 83' lang='grc' dir='ltr'>διά</span> 
     </span>
    </p>
   </div>
   <div class='ocr_carea' id='block_1_51' title="bbox 264 3478 1838 3551">
    <p class='ocr_par' dir='ltr' id='par_1_51' title="bbox 264 3478 1838 3551">
     <span class='ocr_line' id='line_1_51' title="bbox 264 3478 1838 3551; baseline 0.001 -22"><span class='ocrx_word' id='word_1_300' title='bbox 264 3479 364 3550; x_wconf 85' lang='grc' dir='ltr'><strong>τῆς</strong></span> <span class='ocrx_word' id='word_1_301' title='bbox 394 3478 487 3532; x_wconf 86' lang='grc' dir='ltr'><strong>τοῦ</strong></span> <span class='ocrx_word' id='word_1_302' title='bbox 510 3478 690 3533; x_wconf 90' lang='grc' dir='ltr'>κοινοῦ</span> <span class='ocrx_word' id='word_1_303' title='bbox 717 3480 932 3533; x_wconf 80' lang='grc' dir='ltr'>πάντων</span> <span class='ocrx_word' id='word_1_304' title='bbox 957 3478 1150 3551; x_wconf 80' lang='grc' dir='ltr'>ἐχθροῦ</span> <span class='ocrx_word' id='word_1_305' title='bbox 1178 3479 1509 3551; x_wconf 82' lang='grc' dir='ltr'>ἀναιρέσεως</span> <span class='ocrx_word' id='word_1_306' title='bbox 1542 3478 1650 3549; x_wconf 65' lang='grc'>(94)</span> <span class='ocrx_word' id='word_1_307' title='bbox 1685 3479 1838 3532; x_wconf 75' lang='grc' dir='ltr'>ἐλευ-</span> 
     </span>
    </p>
   </div>
   <div class='ocr_carea' id='block_1_52' title="bbox 264 3569 1836 3644">
    <p class='ocr_par' dir='ltr' id='par_1_52' title="bbox 264 3569 1836 3644">
     <span class='ocr_line' id='line_1_52' title="bbox 264 3569 1836 3644; baseline -0.001 -20"><span class='ocrx_word' id='word_1_308' title='bbox 264 3569 547 3642; x_wconf 83' lang='grc' dir='ltr'>θερωθεῖσι</span> <span class='ocrx_word' id='word_1_309' title='bbox 577 3574 687 3635; x_wconf 84' lang='grc' dir='ltr'>τοῖς</span> <span class='ocrx_word' id='word_1_310' title='bbox 704 3571 895 3625; x_wconf 77' lang='grc' dir='ltr'>ἑαυτοῦ</span> <span class='ocrx_word' id='word_1_311' title='bbox 917 3571 1243 3644; x_wconf 78' lang='grc' dir='ltr'>θεράπουσιν</span> <span class='ocrx_word' id='word_1_312' title='bbox 1265 3572 1603 3643; x_wconf 83' lang='grc' dir='ltr'>ἀναλὰμπειν</span> <span class='ocrx_word' id='word_1_313' title='bbox 1626 3570 1836 3642; x_wconf 80' lang='grc' dir='ltr'>ἔμελλε,</span> 
     </span>
    </p>
   </div>
   <div class='ocr_carea' id='block_1_53' title="bbox 264 3660 1839 3733">
    <p class='ocr_par' dir='ltr' id='par_1_53' title="bbox 264 3660 1839 3733">
     <span class='ocr_line' id='line_1_53' title="bbox 264 3660 1839 3733; baseline -0.001 -19"><span class='ocrx_word' id='word_1_314' title='bbox 264 3662 444 3715; x_wconf 77' lang='grc' dir='ltr'>πᾶσαν</span> <span class='ocrx_word' id='word_1_315' title='bbox 489 3660 749 3733; x_wconf 77' lang='grc' dir='ltr'>ἔκπληξιν</span> <span class='ocrx_word' id='word_1_316' title='bbox 786 3661 1001 3733; x_wconf 83' lang='grc' dir='ltr'>ἀληθῶς</span> <span class='ocrx_word' id='word_1_317' title='bbox 1034 3661 1368 3733; x_wconf 82' lang='grc' dir='ltr'>ύπερόαίνει.</span> <span class='ocrx_word' id='word_1_318' title='bbox 1400 3662 1463 3713; x_wconf 83' lang='grc' dir='ltr'><strong>Εἰ</strong></span> <span class='ocrx_word' id='word_1_319' title='bbox 1497 3661 1604 3730; x_wconf 78' lang='grc' dir='ltr'>γὰρ</span> <span class='ocrx_word' id='word_1_320' title='bbox 1638 3661 1839 3725; x_wconf 84' lang='grc' dir='ltr'>πάντες</span> 
     </span>
    </p>
   </div>
   <div class='ocr_carea' id='block_1_54' title="bbox 264 3748 1835 3824">
    <p class='ocr_par' dir='ltr' id='par_1_54' title="bbox 264 3748 1835 3824">
     <span class='ocr_line' id='line_1_54' title="bbox 264 3748 1835 3824; baseline -0.001 -17"><span class='ocrx_word' id='word_1_321' title='bbox 264 3756 315 3807; x_wconf 81' lang='grc' dir='ltr'>οἱ</span> <span class='ocrx_word' id='word_1_322' title='bbox 350 3753 439 3807; x_wconf 79' lang='grc' dir='ltr'><strong>διὰ</strong></span> <span class='ocrx_word' id='word_1_323' title='bbox 470 3753 649 3823; x_wconf 71' lang='grc' dir='ltr'>πάσης</span> <span class='ocrx_word' id='word_1_324' title='bbox 691 3754 790 3824; x_wconf 80' lang='grc' dir='ltr'><strong>τῆς</strong></span> <span class='ocrx_word' id='word_1_325' title='bbox 816 3752 1139 3823; x_wconf 72' lang='grc' dir='ltr'>οἰκουμένης</span> <span class='ocrx_word' id='word_1_326' title='bbox 1170 3748 1308 3807; x_wconf 84' lang='grc' dir='ltr'>εἶναι</span> <span class='ocrx_word' id='word_1_327' title='bbox 1342 3752 1626 3816; x_wconf 88' lang='grc' dir='ltr'>δοκοῦντες</span> <span class='ocrx_word' id='word_1_328' title='bbox 1662 3753 1835 3822; x_wconf 68' lang='grc' dir='ltr'>σοφοὶ,</span> 
     </span>
    </p>
   </div>
   <div class='ocr_carea' id='block_1_55' title="bbox 264 3846 1838 3919">
    <p class='ocr_par' dir='ltr' id='par_1_55' title="bbox 264 3846 1838 3919">
     <span class='ocr_line' id='line_1_55' title="bbox 264 3846 1838 3919; baseline -0.001 -17"><span class='ocrx_word' id='word_1_329' title='bbox 264 3851 345 3912; x_wconf 86' lang='grc' dir='ltr'><strong>είς</strong></span> <span class='ocrx_word' id='word_1_330' title='bbox 368 3848 427 3902; x_wconf 83' lang='grc' dir='ltr'>ἓν</span> <span class='ocrx_word' id='word_1_331' title='bbox 458 3850 550 3901; x_wconf 76' lang='grc' dir='ltr'>καὶ</span> <span class='ocrx_word' id='word_1_332' title='bbox 573 3848 632 3903; x_wconf 78' lang='grc' dir='ltr'>τὸ</span> <span class='ocrx_word' id='word_1_333' title='bbox 653 3848 787 3902; x_wconf 81' lang='grc' dir='ltr'>αὐτὸ</span> <span class='ocrx_word' id='word_1_334' title='bbox 812 3847 1174 3911; x_wconf 81' lang='grc' dir='ltr'>συνελθόντες,</span> <span class='ocrx_word' id='word_1_335' title='bbox 1200 3846 1348 3911; x_wconf 82' lang='grc' dir='ltr'>ἄξιόν</span> <span class='ocrx_word' id='word_1_336' title='bbox 1374 3864 1427 3899; x_wconf 88' lang='grc' dir='ltr'><strong>τι</strong></span> <span class='ocrx_word' id='word_1_337' title='bbox 1456 3846 1549 3898; x_wconf 87' lang='grc' dir='ltr'><strong>τοῦ</strong></span> <span class='ocrx_word' id='word_1_338' title='bbox 1577 3846 1838 3919; x_wconf 82' lang='grc' dir='ltr'>πράγμα-</span> 
     </span>
    </p>
   </div>
   <div class='ocr_carea' id='block_1_56' title="bbox 261 3938 1837 4013">
    <p class='ocr_par' dir='ltr' id='par_1_56' title="bbox 261 3938 1837 4013">
     <span class='ocr_line' id='line_1_56' title="bbox 261 3938 1837 4013; baseline -0.003 -16"><span class='ocrx_word' id='word_1_339' title='bbox 261 3960 353 4006; x_wconf 85' lang='grc' dir='ltr'><strong>τος</strong></span> <span class='ocrx_word' id='word_1_340' title='bbox 401 3941 742 4013; x_wconf 74' lang='grc' dir='ltr'>ἐθελήσουσιν</span> <span class='ocrx_word' id='word_1_341' title='bbox 772 3942 965 4005; x_wconf 84' lang='grc' dir='ltr'>εἰπεῖν,</span> <span class='ocrx_word' id='word_1_342' title='bbox 998 3940 1105 3993; x_wconf 78' lang='grc' dir='ltr'><strong>οὐδ’</strong></span> <span class='ocrx_word' id='word_1_343' title='bbox 1136 3940 1200 3993; x_wconf 88' lang='grc' dir='ltr'>ἂν</span> <span class='ocrx_word' id='word_1_344' title='bbox 1235 3938 1369 4012; x_wconf 87' lang='grc' dir='ltr'>πρὸς</span> <span class='ocrx_word' id='word_1_345' title='bbox 1408 3939 1471 3992; x_wconf 85' lang='grc' dir='ltr'>τὸ</span> <span class='ocrx_word' id='word_1_346' title='bbox 1503 3939 1837 4010; x_wconf 82' lang='grc' dir='ltr'>βραχύτατον</span> 
     </span>
    </p>
   </div>
   <div class='ocr_carea' id='block_1_57' title="bbox 262 4026 1834 4105">
    <p class='ocr_par' dir='ltr' id='par_1_57' title="bbox 262 4026 1834 4105">
     <span class='ocr_line' id='line_1_57' title="bbox 262 4026 1834 4105; baseline -0.004 -19"><span class='ocrx_word' id='word_1_347' title='bbox 262 4032 620 4105; x_wconf 83' lang='grc' dir='ltr'>ἀμιλληθῆναι</span> <span class='ocrx_word' id='word_1_348' title='bbox 671 4031 1017 4103; x_wconf 72' lang='grc' dir='ltr'>δυνήσαιντοσ</span> <span class='ocrx_word' id='word_1_349' title='bbox 1064 4029 1155 4082; x_wconf 77' lang='grc' dir='ltr'><strong>ἐπὶ</strong></span> <span class='ocrx_word' id='word_1_350' title='bbox 1206 4027 1457 4081; x_wconf 86' lang='grc' dir='ltr'>τοσοῦτον</span> <span class='ocrx_word' id='word_1_351' title='bbox 1505 4029 1685 4080; x_wconf 80' lang='grc' dir='ltr'>πᾶσαν</span> <span class='ocrx_word' id='word_1_352' title='bbox 1724 4026 1834 4097; x_wconf 75' lang='lat'><strong>(93)</strong></span> 
     </span>
    </p>
   </div>
   <div class='ocr_carea' id='block_1_58' title="bbox 260 4119 1835 4196">
    <p class='ocr_par' dir='ltr' id='par_1_58' title="bbox 260 4119 1835 4196">
     <span class='ocr_line' id='line_1_58' title="bbox 260 4119 1835 4196; baseline -0.004 -17"><span class='ocrx_word' id='word_1_353' title='bbox 260 4124 599 4196; x_wconf 79' lang='grc' dir='ltr'>ἀνθρωπίνου</span> <span class='ocrx_word' id='word_1_354' title='bbox 649 4122 909 4193; x_wconf 79' lang='grc' dir='ltr'>λογισμοῦ</span> <span class='ocrx_word' id='word_1_355' title='bbox 951 4122 1263 4194; x_wconf 82' lang='grc' dir='ltr'>χωρητικὴν</span> <span class='ocrx_word' id='word_1_356' title='bbox 1294 4121 1472 4189; x_wconf 79' lang='grc' dir='ltr'>φύσιν,</span> <span class='ocrx_word' id='word_1_357' title='bbox 1508 4122 1539 4191; x_wconf 83' lang='grc' dir='ltr'>ἡ</span> <span class='ocrx_word' id='word_1_358' title='bbox 1574 4119 1667 4172; x_wconf 87' lang='grc' dir='ltr'><strong>τοῦ</strong></span> <span class='ocrx_word' id='word_1_359' title='bbox 1703 4119 1835 4173; x_wconf 81' lang='grc' dir='ltr'>θαύ-</span> 
     </span>
    </p>
   </div>
   <div class='ocr_carea' id='block_1_59' title="bbox 240 4210 1836 4289">
    <p class='ocr_par' dir='ltr' id='par_1_59' title="bbox 240 4210 1836 4289">
     <span class='ocr_line' id='line_1_59' title="bbox 240 4210 1836 4289; baseline -0.001 -22"><span class='ocrx_word' id='word_1_360' title='bbox 240 4235 433 4289; x_wconf 81' lang='grc' dir='ltr'>ματος</span> <span class='ocrx_word' id='word_1_361' title='bbox 478 4216 669 4270; x_wconf 88' lang='grc' dir='ltr'>τούτου</span> <span class='ocrx_word' id='word_1_362' title='bbox 711 4214 1047 4287; x_wconf 77' lang='grc' dir='ltr'>ὑπερϐαίνει,</span> <span class='ocrx_word' id='word_1_363' title='bbox 1105 4215 1214 4283; x_wconf 80' lang='grc' dir='ltr'><strong>ὅσῳ</strong></span> <span class='ocrx_word' id='word_1_364' title='bbox 1241 4212 1350 4265; x_wconf 85' lang='grc' dir='ltr'><strong>τῶν</strong></span> <span class='ocrx_word' id='word_1_365' title='bbox 1387 4210 1741 4284; x_wconf 87' lang='grc' dir='ltr'>ἀνθρωπίνων</span> <span class='ocrx_word' id='word_1_366' title='bbox 1768 4210 1836 4265; x_wconf 78' lang='grc' dir='ltr'><strong>τὰ</strong></span> 
     </span>
    </p>
   </div>
   <div class='ocr_carea' id='block_1_60' title="bbox 261 4301 1835 4379">
    <p class='ocr_par' dir='ltr' id='par_1_60' title="bbox 261 4301 1835 4379">
     <span class='ocr_line' id='line_1_60' title="bbox 261 4301 1835 4379; baseline -0.005 -17"><span class='ocrx_word' id='word_1_367' title='bbox 261 4310 487 4379; x_wconf 85' lang='grc' dir='ltr'>ούράνια</span> <span class='ocrx_word' id='word_1_368' title='bbox 543 4306 929 4377; x_wconf 84' lang='grc' dir='ltr'>συνεστηκέναι</span> <span class='ocrx_word' id='word_1_369' title='bbox 982 4304 1346 4377; x_wconf 85' lang='grc' dir='ltr'>δυνατώτερα.</span> <span class='ocrx_word' id='word_1_370' title='bbox 1382 4304 1479 4358; x_wconf 76' lang='grc' dir='ltr'>Διά</span> <span class='ocrx_word' id='word_1_371' title='bbox 1511 4303 1667 4357; x_wconf 88' lang='grc' dir='ltr'>τοῦτο</span> <span class='ocrx_word' id='word_1_372' title='bbox 1704 4301 1835 4371; x_wconf 87' lang='grc' dir='ltr'>γοῦν</span> 
     </span>
    </p>
   </div>
   <div class='ocr_carea' id='block_1_61' title="bbox 260 4394 1836 4471">
    <p class='ocr_par' dir='ltr' id='par_1_61' title="bbox 260 4394 1836 4471">
     <span class='ocr_line' id='line_1_61' title="bbox 260 4394 1836 4471; baseline -0.006 -15"><span class='ocrx_word' id='word_1_373' title='bbox 260 4398 413 4465; x_wconf 66' lang='grc' dir='ltr'>οὗτος</span> <span class='ocrx_word' id='word_1_374' title='bbox 443 4402 529 4456; x_wconf 72' lang='grc' dir='ltr'>ἀεὶ</span> <span class='ocrx_word' id='word_1_375' title='bbox 563 4403 656 4455; x_wconf 69' lang='grc' dir='ltr'>καὶ</span> <span class='ocrx_word' id='word_1_376' title='bbox 683 4399 897 4471; x_wconf 81' lang='grc' dir='ltr'>πρῶτος</span> <span class='ocrx_word' id='word_1_377' title='bbox 932 4399 1027 4453; x_wconf 71' lang='grc' dir='ltr'><strong>καὶ</strong></span> <span class='ocrx_word' id='word_1_378' title='bbox 1068 4398 1225 4468; x_wconf 84' lang='grc' dir='ltr'>μόνος</span> <span class='ocrx_word' id='word_1_379' title='bbox 1261 4414 1349 4467; x_wconf 90' lang='grc' dir='ltr'><strong>μοι</strong></span> <span class='ocrx_word' id='word_1_380' title='bbox 1375 4397 1593 4459; x_wconf 86' lang='grc' dir='ltr'>σκοπὸς,</span> <span class='ocrx_word' id='word_1_381' title='bbox 1634 4395 1701 4449; x_wconf 81' lang='grc' dir='ltr'><strong>ἵν’</strong></span> <span class='ocrx_word' id='word_1_382' title='bbox 1729 4394 1836 4448; x_wconf 83' lang='grc' dir='ltr'><strong>ὥσ-</strong></span> 
     </span>
    </p>
   </div>
   <div class='ocr_carea' id='block_1_62' title="bbox 265 4488 1833 4565">
    <p class='ocr_par' dir='ltr' id='par_1_62' title="bbox 265 4488 1833 4565">
     <span class='ocr_line' id='line_1_62' title="bbox 265 4488 1833 4565; baseline -0.005 -19"><span class='ocrx_word' id='word_1_383' title='bbox 265 4512 367 4565; x_wconf 72' lang='grc' dir='ltr'><strong>περ</strong></span> <span class='ocrx_word' id='word_1_384' title='bbox 417 4493 611 4565; x_wconf 79' lang='grc' dir='ltr'>ἑαυτὴν</span> <span class='ocrx_word' id='word_1_385' title='bbox 658 4494 927 4563; x_wconf 76' lang='grc' dir='ltr'>ὁσημέραι</span> <span class='ocrx_word' id='word_1_386' title='bbox 975 4490 1306 4560; x_wconf 82' lang='grc' dir='ltr'>καινοτέροις</span> <span class='ocrx_word' id='word_1_387' title='bbox 1339 4488 1611 4559; x_wconf 84' lang='grc' dir='ltr'>θαύμασιν</span> <span class='ocrx_word' id='word_1_388' title='bbox 1661 4489 1694 4558; x_wconf 77' lang='grc' dir='ltr'><strong>ἡ</strong></span> <span class='ocrx_word' id='word_1_389' title='bbox 1734 4488 1833 4557; x_wconf 77' lang='grc' dir='ltr'><strong>τῆς</strong></span> 
     </span>
    </p>
   </div>
   <div class='ocr_carea' id='block_1_63' title="bbox 259 4580 1836 4657">
    <p class='ocr_par' dir='ltr' id='par_1_63' title="bbox 259 4580 1836 4657">
     <span class='ocr_line' id='line_1_63' title="bbox 259 4580 1836 4657; baseline -0.004 -18"><span class='ocrx_word' id='word_1_390' title='bbox 259 4586 518 4657; x_wconf 78' lang='grc' dir='ltr'>ἀληθειας</span> <span class='ocrx_word' id='word_1_391' title='bbox 566 4586 745 4651; x_wconf 78' lang='grc' dir='ltr'>πίστις</span> <span class='ocrx_word' id='word_1_392' title='bbox 801 4584 1185 4647; x_wconf 77' lang='grc' dir='ltr'>ἐπιδείκνυσιν,</span> <span class='ocrx_word' id='word_1_393' title='bbox 1233 4582 1375 4636; x_wconf 79' lang='grc' dir='ltr'>οὕτω</span> <span class='ocrx_word' id='word_1_394' title='bbox 1427 4583 1521 4636; x_wconf 79' lang='grc' dir='ltr'>καὶ</span> <span class='ocrx_word' id='word_1_395' title='bbox 1566 4584 1621 4635; x_wconf 89' lang='grc' dir='ltr'>αἱ</span> <span class='ocrx_word' id='word_1_396' title='bbox 1666 4580 1836 4651; x_wconf 74' lang='grc' dir='ltr'>ψυχαὶ</span> 
     </span>
    </p>
   </div>
   <div class='ocr_carea' id='block_1_64' title="bbox 332 4843 1825 4923">
    <p class='ocr_par' dir='ltr' id='par_1_64' title="bbox 332 4843 1825 4923">
     <span class='ocr_line' id='line_1_64' title="bbox 332 4843 1825 4923; baseline -0.007 -17"><span class='ocrx_word' id='word_1_397' title='bbox 332 4850 444 4923; x_wconf 75' lang='lat'><strong>(92)</strong></span> <span class='ocrx_word' id='word_1_398' title='bbox 461 4850 642 4923; x_wconf 77' lang='lat' dir='ltr'><strong>Vulg.,</strong></span> <span class='ocrx_word' id='word_1_399' title='bbox 688 4850 881 4921; x_wconf 78' lang='grc' dir='ltr'>ἔργοις</span> <span class='ocrx_word' id='word_1_400' title='bbox 907 4848 1150 4917; x_wconf 81' lang='grc' dir='ltr'>ἁπάσης</span> <span class='ocrx_word' id='word_1_401' title='bbox 1184 4845 1584 4923; x_wconf 73' lang='grc' dir='ltr'>τεγωνοτέραν</span> <span class='ocrx_word' id='word_1_402' title='bbox 1600 4843 1825 4923; x_wconf 59' lang='grc' dir='ltr'><strong>φωνῆςἶ</strong></span> 
     </span>
    </p>
   </div>
   <div class='ocr_carea' id='block_1_65' title="bbox 260 4917 1827 4996">
    <p class='ocr_par' dir='ltr' id='par_1_65' title="bbox 260 4917 1827 4996">
     <span class='ocr_line' id='line_1_65' title="bbox 260 4917 1827 4996; baseline -0.007 -16"><span class='ocrx_word' id='word_1_403' title='bbox 260 4917 622 4996; x_wconf 56' lang='lat' dir='ltr'><strong>Scribendufn</strong></span> <span class='ocrx_word' id='word_1_404' title='bbox 663 4917 970 4996; x_wconf 48' lang='lat' dir='ltr'><strong>est&#39;pt‘0cul</strong></span> <span class='ocrx_word' id='word_1_405' title='bbox 1016 4917 1202 4996; x_wconf 45' lang='lat' dir='ltr'><strong>dubii:</strong></span> <span class='ocrx_word' id='word_1_406' title='bbox 1223 4917 1644 4996; x_wconf 74' lang='grc' dir='ltr'>γεγωνοτέροις,</span> <span class='ocrx_word' id='word_1_407' title='bbox 1672 4917 1827 4996; x_wconf 63' lang='lat' dir='ltr'><strong>quod</strong></span> 
     </span>
    </p>
   </div>
   <div class='ocr_carea' id='block_1_66' title="bbox 259 4988 1827 5062">
    <p class='ocr_par' dir='ltr' id='par_1_66' title="bbox 259 4988 1827 5062">
     <span class='ocr_line' id='line_1_66' title="bbox 259 4988 1827 5062; baseline -0.006 -13"><span class='ocrx_word' id='word_1_408' title='bbox 259 5011 367 5049; x_wconf 92' lang='lat' dir='ltr'><strong>non</strong></span> <span class='ocrx_word' id='word_1_409' title='bbox 395 4994 528 5047; x_wconf 81' lang='lat' dir='ltr'><strong>vidit</strong></span> <span class='ocrx_word' id='word_1_410' title='bbox 568 4988 1112 5062; x_wconf 78' lang='lat' dir='ltr'><strong>Christopborsonus.</strong></span> <span class='ocrx_word' id='word_1_411' title='bbox 1160 4988 1262 5062; x_wconf 84' lang='lat' dir='ltr'><strong>Est</strong></span> <span class='ocrx_word' id='word_1_412' title='bbox 1304 5000 1485 5043; x_wconf 90' lang='lat' dir='ltr'><strong>autem</strong></span> <span class='ocrx_word' id='word_1_413' title='bbox 1536 4989 1622 5042; x_wconf 92' lang='lat' dir='ltr'><strong>hic</strong></span> <span class='ocrx_word' id='word_1_414' title='bbox 1670 4988 1827 5062; x_wconf 80' lang='lat' dir='ltr'><strong>hujus</strong></span> 
     </span>
    </p>
   </div>
   <div class='ocr_carea' id='block_1_67' title="bbox 256 5057 1823 5130">
    <p class='ocr_par' dir='ltr' id='par_1_67' title="bbox 256 5057 1823 5130">
     <span class='ocr_line' id='line_1_67' title="bbox 256 5057 1823 5130; baseline -0.007 -11"><span class='ocrx_word' id='word_1_415' title='bbox 256 5065 362 5119; x_wconf 88' lang='lat' dir='ltr'><strong>loci</strong></span> <span class='ocrx_word' id='word_1_416' title='bbox 393 5079 583 5118; x_wconf 89' lang='lat' dir='ltr'><strong>sensus</strong></span> <span class='ocrx_word' id='word_1_417' title='bbox 609 5083 622 5117; x_wconf 92' lang='lat'><strong>:</strong></span> <span class='ocrx_word' id='word_1_418' title='bbox 657 5057 803 5117; x_wconf 84' lang='lat' dir='ltr'><strong>illam</strong></span> <span class='ocrx_word' id='word_1_419' title='bbox 830 5062 1093 5117; x_wconf 89' lang='lat' dir='ltr'><strong>Dominici</strong></span> <span class='ocrx_word' id='word_1_420' title='bbox 1118 5061 1347 5130; x_wconf 86' lang='lat' dir='ltr'><strong>sepulcri</strong></span> <span class='ocrx_word' id='word_1_421' title='bbox 1374 5067 1494 5128; x_wconf 85' lang='lat' dir='ltr'><strong>post</strong></span> <span class='ocrx_word' id='word_1_422' title='bbox 1520 5069 1596 5113; x_wconf 89' lang='lat' dir='ltr'><strong>tot</strong></span> <span class='ocrx_word' id='word_1_423' title='bbox 1628 5057 1823 5113; x_wconf 63' lang='lat' dir='ltr'><strong>saecula</strong></span> 
     </span>
    </p>
   </div>
   <div class='ocr_carea' id='block_1_68' title="bbox 259 5131 1822 5204">
    <p class='ocr_par' dir='ltr' id='par_1_68' title="bbox 259 5131 1822 5204">
     <span class='ocr_line' id='line_1_68' title="bbox 259 5131 1822 5204; baseline -0.006 -15"><span class='ocrx_word' id='word_1_424' title='bbox 259 5134 698 5197; x_wconf 85' lang='lat' dir='ltr'><strong>restitutionem,</strong></span> <span class='ocrx_word' id='word_1_425' title='bbox 747 5136 923 5204; x_wconf 87' lang='lat' dir='ltr'><strong>reipsa</strong></span> <span class='ocrx_word' id='word_1_426' title='bbox 970 5133 1323 5204; x_wconf 62' lang='lat' dir='ltr'><strong>conﬁguasse</strong></span> <span class='ocrx_word' id='word_1_427' title='bbox 1364 5131 1822 5204; x_wconf 81' lang='lat' dir='ltr'><strong>resurrectionem</strong></span> 
     </span>
    </p>
   </div>
   <div class='ocr_carea' id='block_1_69' title="bbox 259 5200 1824 5270">
    <p class='ocr_par' dir='ltr' id='par_1_69' title="bbox 259 5200 1824 5270">
     <span class='ocr_line' id='line_1_69' title="bbox 259 5200 1824 5270; baseline -0.004 -10"><span class='ocrx_word' id='word_1_428' title='bbox 259 5205 472 5260; x_wconf 79' lang='lat' dir='ltr'><strong>Domini</strong></span> <span class='ocrx_word' id='word_1_429' title='bbox 523 5206 717 5260; x_wconf 88' lang='lat' dir='ltr'><strong>nostri.</strong></span> <span class='ocrx_word' id='word_1_430' title='bbox 771 5200 845 5259; x_wconf 53' lang='lat' dir='ltr'><strong>ln&#39;</strong></span> <span class='ocrx_word' id='word_1_431' title='bbox 878 5205 1063 5260; x_wconf 88' lang='lat' dir='ltr'><strong>codice</strong></span> <span class='ocrx_word' id='word_1_432' title='bbox 1119 5202 1251 5257; x_wconf 83' lang='lat' dir='ltr'><strong>Fuk.</strong></span> <span class='ocrx_word' id='word_1_433' title='bbox 1298 5202 1495 5270; x_wconf 79' lang='lat' dir='ltr'><strong>legitur</strong></span> <span class='ocrx_word' id='word_1_434' title='bbox 1524 5200 1824 5268; x_wconf 86' lang='grc' dir='ltr'>γεγωνοτέ-</span> 
     </span>
    </p>
   </div>
   <div class='ocr_carea' id='block_1_70' title="bbox 260 5271 1825 5349">
    <p class='ocr_par' dir='ltr' id='par_1_70' title="bbox 260 5271 1825 5349">
     <span class='ocr_line' id='line_1_70' title="bbox 260 5271 1825 5349; baseline -0.001 -22"><span class='ocrx_word' id='word_1_435' title='bbox 260 5292 393 5349; x_wconf 86' lang='grc' dir='ltr'>ρως,</span> <span class='ocrx_word' id='word_1_436' title='bbox 421 5277 688 5349; x_wconf 86' lang='lat' dir='ltr'><strong>quomodo</strong></span> <span class='ocrx_word' id='word_1_437' title='bbox 713 5278 885 5349; x_wconf 14' lang='lat' dir='ltr'><strong>etiam,</strong></span> <span class='ocrx_word' id='word_1_438' title='bbox 912 5273 1196 5349; x_wconf 80' lang='lat' dir='ltr'><strong>Turnebus</strong></span> <span class='ocrx_word' id='word_1_439' title='bbox 1225 5271 1615 5349; x_wconf 45' lang='lat' dir='ltr'><strong>adoratnnlibri</strong></span> <span class='ocrx_word' id='word_1_440' title='bbox 1646 5271 1727 5349; x_wconf 79' lang='lat' dir='ltr'><strong>sui</strong></span> <span class='ocrx_word' id='word_1_441' title='bbox 1756 5286 1825 5325; x_wconf 78' lang='lat' dir='ltr'><strong>ex</strong></span> 
     </span>
    </p>
   </div>
   <div class='ocr_carea' id='block_1_71' title="bbox 258 5341 1823 5415">
    <p class='ocr_par' dir='ltr' id='par_1_71' title="bbox 258 5341 1823 5415">
     <span class='ocr_line' id='line_1_71' title="bbox 258 5341 1823 5415; baseline -0.003 -15"><span class='ocrx_word' id='word_1_442' title='bbox 258 5341 464 5415; x_wconf 68' lang='lat' dir='ltr'><strong>{scripto</strong></span> <span class='ocrx_word' id='word_1_443' title='bbox 487 5348 671 5400; x_wconf 87' lang='lat' dir='ltr'><strong>codice</strong></span> <span class='ocrx_word' id='word_1_444' title='bbox 694 5348 1032 5402; x_wconf 90' lang='lat' dir='ltr'><strong>emendarat.</strong></span> <span class='ocrx_word' id='word_1_445' title='bbox 1050 5346 1104 5397; x_wconf 90' lang='lat' dir='ltr'><strong>lu</strong></span> <span class='ocrx_word' id='word_1_446' title='bbox 1125 5344 1338 5398; x_wconf 84' lang='lat' dir='ltr'><strong>sehedis</strong></span> <span class='ocrx_word' id='word_1_447' title='bbox 1356 5341 1823 5415; x_wconf 81' lang='lat' dir='ltr'><strong>Regiisscriptum</strong></span> 
     </span>
    </p>
   </div>
   <div class='ocr_carea' id='block_1_72' title="bbox 258 5413 1826 5488">
    <p class='ocr_par' dir='ltr' id='par_1_72' title="bbox 258 5413 1826 5488">
     <span class='ocr_line' id='line_1_72' title="bbox 258 5413 1826 5488; baseline -0.004 -16"><span class='ocrx_word' id='word_1_448' title='bbox 258 5428 341 5488; x_wconf 75' lang='lat' dir='ltr'><strong>est</strong></span> <span class='ocrx_word' id='word_1_449' title='bbox 366 5413 759 5488; x_wconf 77' lang='grc' dir='ltr'>γεγωνοτέρας.</span> <span class='ocrx_word' id='word_1_450' title='bbox 790 5418 1025 5473; x_wconf 87' lang='lat' dir='ltr'><strong>Savilius</strong></span> <span class='ocrx_word' id='word_1_451' title='bbox 1051 5416 1117 5468; x_wconf 88' lang='lat' dir='ltr'><strong>ad</strong></span> <span class='ocrx_word' id='word_1_452' title='bbox 1147 5429 1297 5469; x_wconf 90' lang='lat' dir='ltr'><strong>oram</strong></span> <span class='ocrx_word' id='word_1_453' title='bbox 1324 5413 1447 5468; x_wconf 86' lang='lat' dir='ltr'><strong>libri</strong></span> <span class='ocrx_word' id='word_1_454' title='bbox 1473 5430 1500 5467; x_wconf 91' lang='lat' dir='ltr'><strong>s</strong></span> <span class='ocrx_word' id='word_1_455' title='bbox 1544 5413 1558 5466; x_wconf 93' lang='lat' dir='ltr'><strong>i</strong></span> <span class='ocrx_word' id='word_1_456' title='bbox 1590 5424 1826 5477; x_wconf 80' lang='lat' dir='ltr'><strong>nmarat,</strong></span> 
     </span>
    </p>
   </div>
   <div class='ocr_carea' id='block_1_73' title="bbox 256 5486 816 5561">
    <p class='ocr_par' dir='ltr' id='par_1_73' title="bbox 256 5486 816 5561">
     <span class='ocr_line' id='line_1_73' title="bbox 256 5486 816 5561; baseline 0.002 -19"><span class='ocrx_word' id='word_1_457' title='bbox 256 5486 407 5561; x_wconf 63' lang='lat' dir='ltr'><strong>forte</strong></span> <span class='ocrx_word' id='word_1_458' title='bbox 427 5486 816 5561; x_wconf 72' lang='grc' dir='ltr'>γεγωνότερον.</span> 
     </span>
    </p>
   </div>
   <div class='ocr_carea' id='block_1_74' title="bbox 322 5551 1822 5631">
    <p class='ocr_par' dir='ltr' id='par_1_74' title="bbox 322 5551 1822 5631">
     <span class='ocr_line' id='line_1_74' title="bbox 322 5551 1822 5631; baseline -0.005 -18"><span class='ocrx_word' id='word_1_459' title='bbox 322 5551 628 5631; x_wconf 55' lang='grc' dir='ltr'><strong>(θᾷίΜηδὲ</strong></span> <span class='ocrx_word' id='word_1_460' title='bbox 654 5551 804 5629; x_wconf 76' lang='grc' dir='ltr'>μὶάν</span> <span class='ocrx_word' id='word_1_461' title='bbox 831 5559 1027 5631; x_wconf 71' lang='grc' dir='ltr'>λόγων</span> <span class='ocrx_word' id='word_1_462' title='bbox 1066 5556 1406 5631; x_wconf 70' lang='grc' dir='ltr'>θεραπείαν.</span> <span class='ocrx_word' id='word_1_463' title='bbox 1439 5554 1589 5631; x_wconf 77' lang='lat' dir='ltr'><strong>Apud</strong></span> <span class='ocrx_word' id='word_1_464' title='bbox 1630 5551 1822 5607; x_wconf 85' lang='lat' dir='ltr'><strong>Socra-</strong></span> 
     </span>
    </p>
   </div>
   <div class='ocr_carea' id='block_1_75' title="bbox 259 5625 1824 5698">
    <p class='ocr_par' dir='ltr' id='par_1_75' title="bbox 259 5625 1824 5698">
     <span class='ocr_line' id='line_1_75' title="bbox 259 5625 1824 5698; baseline -0.004 -16"><span class='ocrx_word' id='word_1_465' title='bbox 259 5625 388 5691; x_wconf 84' lang='lat' dir='ltr'><strong>tem,</strong></span> <span class='ocrx_word' id='word_1_466' title='bbox 405 5625 791 5685; x_wconf 81' lang='lat' dir='ltr'><strong>Theodoritum</strong></span> <span class='ocrx_word' id='word_1_467' title='bbox 810 5646 874 5684; x_wconf 89' lang='lat' dir='ltr'><strong>ac</strong></span> <span class='ocrx_word' id='word_1_468' title='bbox 897 5625 1254 5696; x_wconf 80' lang='lat' dir='ltr'><strong>Nicephorum</strong></span> <span class='ocrx_word' id='word_1_469' title='bbox 1284 5630 1482 5698; x_wconf 81' lang='lat' dir='ltr'><strong>legitur</strong></span> <span class='ocrx_word' id='word_1_470' title='bbox 1504 5625 1677 5694; x_wconf 83' lang='grc' dir='ltr'>λόγων</span> <span class='ocrx_word' id='word_1_471' title='bbox 1698 5641 1824 5696; x_wconf 77' lang='grc' dir='ltr'>χορ-</span> 
     </span>
    </p>
   </div>
   <div class='ocr_carea' id='block_1_76' title="bbox 255 5699 1024 5772">
    <p class='ocr_par' dir='ltr' id='par_1_76' title="bbox 255 5699 1024 5772">
     <span class='ocr_line' id='line_1_76' title="bbox 255 5699 1024 5772; baseline 0.003 -21"><span class='ocrx_word' id='word_1_472' title='bbox 255 5699 437 5772; x_wconf 82' lang='grc' dir='ltr'>ηγίαν,</span> <span class='ocrx_word' id='word_1_473' title='bbox 468 5701 612 5772; x_wconf 88' lang='lat' dir='ltr'><strong>quod</strong></span> <span class='ocrx_word' id='word_1_474' title='bbox 648 5702 845 5772; x_wconf 84' lang='lat' dir='ltr'><strong>rectius</strong></span> <span class='ocrx_word' id='word_1_475' title='bbox 876 5710 1024 5769; x_wconf 91' lang='lat' dir='ltr'><strong>puto.</strong></span> 
     </span>
    </p>
   </div>
   <div class='ocr_carea' id='block_1_77' title="bbox 326 5765 1827 5841">
    <p class='ocr_par' dir='ltr' id='par_1_77' title="bbox 326 5765 1827 5841">
     <span class='ocr_line' id='line_1_77' title="bbox 326 5765 1827 5841; baseline -0.004 -16"><span class='ocrx_word' id='word_1_476' title='bbox 326 5771 437 5841; x_wconf 67' lang='lat' dir='ltr'><strong>(9i)</strong></span> <span class='ocrx_word' id='word_1_477' title='bbox 474 5765 577 5824; x_wconf 81' lang='grc' dir='ltr'><strong>Ᾱιὰ</strong></span> <span class='ocrx_word' id='word_1_478' title='bbox 611 5771 722 5841; x_wconf 86' lang='grc' dir='ltr'><strong>τῆς</strong></span> <span class='ocrx_word' id='word_1_479' title='bbox 754 5770 859 5824; x_wconf 84' lang='grc' dir='ltr'><strong>τοῦ</strong></span> <span class='ocrx_word' id='word_1_480' title='bbox 876 5765 1091 5824; x_wconf 58' lang='grc' dir='ltr'>κοινοῦ</span> <span class='ocrx_word' id='word_1_481' title='bbox 1121 5767 1362 5823; x_wconf 78' lang='grc' dir='ltr'>πάντων</span> <span class='ocrx_word' id='word_1_482' title='bbox 1404 5765 1623 5838; x_wconf 53' lang='grc' dir='ltr'>ἐχθροῦ</span> <span class='ocrx_word' id='word_1_483' title='bbox 1660 5766 1827 5841; x_wconf 68' lang='grc' dir='ltr'>ἀναι-</span> 
     </span>
    </p>
   </div>
   <div class='ocr_carea' id='block_1_78' title="bbox 256 5838 1824 5913">
    <p class='ocr_par' dir='ltr' id='par_1_78' title="bbox 256 5838 1824 5913">
     <span class='ocr_line' id='line_1_78' title="bbox 256 5838 1824 5913; baseline -0.005 -16"><span class='ocrx_word' id='word_1_484' title='bbox 256 5838 496 5911; x_wconf 64' lang='grc' dir='ltr'>ρέσεως.</span> <span class='ocrx_word' id='word_1_485' title='bbox 523 5838 743 5899; x_wconf 79' lang='lat' dir='ltr'><strong>Hostem</strong></span> <span class='ocrx_word' id='word_1_486' title='bbox 768 5842 1038 5913; x_wconf 85' lang='lat' dir='ltr'><strong>publicum</strong></span> <span class='ocrx_word' id='word_1_487' title='bbox 1064 5841 1455 5899; x_wconf 85' lang='lat' dir='ltr'><strong>Constantinus</strong></span> <span class='ocrx_word' id='word_1_488' title='bbox 1482 5842 1567 5897; x_wconf 86' lang='lat' dir='ltr'><strong>hic</strong></span> <span class='ocrx_word' id='word_1_489' title='bbox 1592 5838 1824 5907; x_wconf 84' lang='lat' dir='ltr'><strong>appellat</strong></span> 
     </span>
    </p>
   </div>
   <div class='ocr_carea' id='block_1_79' title="bbox 1952 1914 3528 1988">
    <p class='ocr_par' dir='ltr' id='par_1_79' title="bbox 1952 1914 3528 1988">
     <span class='ocr_line' id='line_1_79' title="bbox 1952 1914 3528 1988; baseline 0.006 -23"><span class='ocrx_word' id='word_1_490' title='bbox 1952 1922 2053 1968; x_wconf 88' lang='lat' dir='ltr'><strong>rat.</strong></span> <span class='ocrx_word' id='word_1_491' title='bbox 2082 1914 2160 1970; x_wconf 83' lang='lat' dir='ltr'><strong>Ac</strong></span> <span class='ocrx_word' id='word_1_492' title='bbox 2189 1916 2494 1972; x_wconf 91' lang='lat' dir='ltr'><strong>rectoribus</strong></span> <span class='ocrx_word' id='word_1_493' title='bbox 2516 1917 2737 1987; x_wconf 86' lang='lat' dir='ltr'><strong>quidem</strong></span> <span class='ocrx_word' id='word_1_494' title='bbox 2768 1919 3177 1988; x_wconf 86' lang='lat' dir='ltr'><strong>provinciarum</strong></span> <span class='ocrx_word' id='word_1_495' title='bbox 3207 1934 3306 1988; x_wconf 89' lang='lat' dir='ltr'><strong>per</strong></span> <span class='ocrx_word' id='word_1_496' title='bbox 3331 1919 3528 1974; x_wconf 76' lang='lat' dir='ltr'><strong>Orien-</strong></span> 
     </span>
    </p>
   </div>
   <div class='ocr_carea' id='block_1_80' title="bbox 1949 2007 3519 2078">
    <p class='ocr_par' dir='ltr' id='par_1_80' title="bbox 1949 2007 3519 2078">
     <span class='ocr_line' id='line_1_80' title="bbox 1949 2007 3519 2078; baseline 0.003 -18"><span class='ocrx_word' id='word_1_497' title='bbox 1949 2015 2053 2060; x_wconf 92' lang='lat' dir='ltr'><strong>tem</strong></span> <span class='ocrx_word' id='word_1_498' title='bbox 2091 2007 2372 2075; x_wconf 78' lang='lat' dir='ltr'><strong>praecepit,</strong></span> <span class='ocrx_word' id='word_1_499' title='bbox 2407 2008 2762 2077; x_wconf 88' lang='lat' dir='ltr'><strong>ut,impensis</strong></span> <span class='ocrx_word' id='word_1_500' title='bbox 2790 2009 3015 2078; x_wconf 90' lang='lat' dir='ltr'><strong>copiose</strong></span> <span class='ocrx_word' id='word_1_501' title='bbox 3057 2009 3519 2074; x_wconf 87' lang='lat' dir='ltr'><strong>subministratis,</strong></span> 
     </span>
    </p>
   </div>
   <div class='ocr_carea' id='block_1_81' title="bbox 1948 2097 3522 2172">
    <p class='ocr_par' dir='ltr' id='par_1_81' title="bbox 1948 2097 3522 2172">
     <span class='ocr_line' id='line_1_81' title="bbox 1948 2097 3522 2172; baseline 0.004 -21"><span class='ocrx_word' id='word_1_502' title='bbox 1948 2097 2142 2168; x_wconf 88' lang='lat' dir='ltr'><strong>ingens</strong></span> <span class='ocrx_word' id='word_1_503' title='bbox 2182 2099 2531 2169; x_wconf 87' lang='lat' dir='ltr'><strong>amplumque</strong></span> <span class='ocrx_word' id='word_1_504' title='bbox 2563 2108 2618 2155; x_wconf 89' lang='lat' dir='ltr'><strong>et</strong></span> <span class='ocrx_word' id='word_1_505' title='bbox 2639 2101 2989 2172; x_wconf 89' lang='lat' dir='ltr'><strong>magniﬁcum</strong></span> <span class='ocrx_word' id='word_1_506' title='bbox 3013 2116 3149 2172; x_wconf 90' lang='lat' dir='ltr'><strong>opus</strong></span> <span class='ocrx_word' id='word_1_507' title='bbox 3182 2101 3310 2156; x_wconf 89' lang='lat' dir='ltr'><strong>illud</strong></span> <span class='ocrx_word' id='word_1_508' title='bbox 3341 2101 3522 2157; x_wconf 83' lang='lat' dir='ltr'><strong>eﬁice-</strong></span> 
     </span>
    </p>
   </div>
   <div class='ocr_carea' id='block_1_82' title="bbox 1946 2191 3521 2263">
    <p class='ocr_par' dir='ltr' id='par_1_82' title="bbox 1946 2191 3521 2263">
     <span class='ocr_line' id='line_1_82' title="bbox 1946 2191 3521 2263; baseline 0.003 -20"><span class='ocrx_word' id='word_1_509' title='bbox 1946 2197 2087 2245; x_wconf 86' lang='lat' dir='ltr'><strong>rent.</strong></span> <span class='ocrx_word' id='word_1_510' title='bbox 2121 2191 2200 2244; x_wconf 83' lang='lat' dir='ltr'><strong>Ad</strong></span> <span class='ocrx_word' id='word_1_511' title='bbox 2228 2191 2546 2262; x_wconf 89' lang='lat' dir='ltr'><strong>epise0pum</strong></span> <span class='ocrx_word' id='word_1_512' title='bbox 2576 2208 2709 2248; x_wconf 85' lang='lat' dir='ltr'><strong>vero</strong></span> <span class='ocrx_word' id='word_1_513' title='bbox 2737 2194 2826 2261; x_wconf 91' lang='lat' dir='ltr'><strong>qui</strong></span> <span class='ocrx_word' id='word_1_514' title='bbox 2860 2204 2990 2247; x_wconf 91' lang='lat' dir='ltr'><strong>tunc</strong></span> <span class='ocrx_word' id='word_1_515' title='bbox 3038 2196 3301 2263; x_wconf 90' lang='lat' dir='ltr'><strong>temporis</strong></span> <span class='ocrx_word' id='word_1_516' title='bbox 3330 2192 3521 2248; x_wconf 82' lang='lat' dir='ltr'><strong>Hiero-</strong></span> 
     </span>
    </p>
   </div>
   <div class='ocr_carea' id='block_1_83' title="bbox 1944 2281 3525 2354">
    <p class='ocr_par' dir='ltr' id='par_1_83' title="bbox 1944 2281 3525 2354">
     <span class='ocr_line' id='line_1_83' title="bbox 1944 2281 3525 2354; baseline 0.001 -17"><span class='ocrx_word' id='word_1_517' title='bbox 1944 2281 2281 2353; x_wconf 86' lang='lat' dir='ltr'><strong>solymorum</strong></span> <span class='ocrx_word' id='word_1_518' title='bbox 2342 2283 2567 2352; x_wconf 86' lang='lat' dir='ltr'><strong>regebat</strong></span> <span class='ocrx_word' id='word_1_519' title='bbox 2609 2282 2934 2349; x_wconf 86' lang='lat' dir='ltr'><strong>Ecclesiam,</strong></span> <span class='ocrx_word' id='word_1_520' title='bbox 2988 2284 3253 2354; x_wconf 88' lang='lat' dir='ltr'><strong>ejusmodi</strong></span> <span class='ocrx_word' id='word_1_521' title='bbox 3308 2284 3525 2338; x_wconf 86' lang='lat' dir='ltr'><strong>litteras</strong></span> 
     </span>
    </p>
   </div>
   <div class='ocr_carea' id='block_1_84' title="bbox 1944 2372 3522 2445">
    <p class='ocr_par' dir='ltr' id='par_1_84' title="bbox 1944 2372 3522 2445">
     <span class='ocr_line' id='line_1_84' title="bbox 1944 2372 3522 2445; baseline 0.001 -18"><span class='ocrx_word' id='word_1_522' title='bbox 1944 2372 2114 2438; x_wconf 89' lang='lat' dir='ltr'><strong>dedit,</strong></span> <span class='ocrx_word' id='word_1_523' title='bbox 2162 2372 2360 2441; x_wconf 86' lang='lat' dir='ltr'><strong>quibus</strong></span> <span class='ocrx_word' id='word_1_524' title='bbox 2398 2373 2657 2427; x_wconf 86' lang='lat' dir='ltr'><strong>salutaris</strong></span> <span class='ocrx_word' id='word_1_525' title='bbox 2715 2373 2836 2427; x_wconf 91' lang='lat' dir='ltr'><strong>ﬁdei</strong></span> <span class='ocrx_word' id='word_1_526' title='bbox 2869 2374 3175 2429; x_wconf 90' lang='lat' dir='ltr'><strong>doctrinam</strong></span> <span class='ocrx_word' id='word_1_527' title='bbox 3237 2373 3522 2445; x_wconf 79' lang='lat' dir='ltr'><strong>apertissi-</strong></span> 
     </span>
    </p>
   </div>
   <div class='ocr_carea' id='block_1_85' title="bbox 1945 2463 3056 2531">
    <p class='ocr_par' dir='ltr' id='par_1_85' title="bbox 1945 2463 3056 2531">
     <span class='ocr_line' id='line_1_85' title="bbox 1945 2463 3056 2531; baseline 0.003 -12"><span class='ocrx_word' id='word_1_528' title='bbox 1945 2463 2052 2519; x_wconf 91' lang='lat' dir='ltr'><strong>mis</strong></span> <span class='ocrx_word' id='word_1_529' title='bbox 2083 2465 2269 2520; x_wconf 85' lang='lat' dir='ltr'><strong>verbis</strong></span> <span class='ocrx_word' id='word_1_530' title='bbox 2294 2466 2633 2531; x_wconf 84' lang='lat' dir='ltr'><strong>adstruebat,</strong></span> <span class='ocrx_word' id='word_1_531' title='bbox 2663 2464 2736 2518; x_wconf 87' lang='lat' dir='ltr'><strong>ita</strong></span> <span class='ocrx_word' id='word_1_532' title='bbox 2764 2465 3013 2521; x_wconf 91' lang='lat' dir='ltr'><strong>scribens</strong></span> <span class='ocrx_word' id='word_1_533' title='bbox 3043 2486 3056 2522; x_wconf 92' lang='lat'><strong>:</strong></span> 
     </span>
    </p>
   </div>
   <div class='ocr_carea' id='block_1_86' title="bbox 2521 2576 2967 2635">
    <p class='ocr_par' dir='ltr' id='par_1_86' title="bbox 2521 2576 2967 2635">
     <span class='ocr_line' id='line_1_86' title="bbox 2521 2576 2967 2635; baseline -0.007 -1"><span class='ocrx_word' id='word_1_534' title='bbox 2521 2577 2753 2635; x_wconf 85' lang='lat' dir='ltr'><strong>CAPUT</strong></span> <span class='ocrx_word' id='word_1_535' title='bbox 2795 2576 2967 2632; x_wconf 82' lang='lat' dir='ltr'><strong>XXX.</strong></span> 
     </span>
    </p>
   </div>
   <div class='ocr_carea' id='block_1_87' title="bbox 1945 2668 3521 2737">
    <p class='ocr_par' dir='ltr' id='par_1_87' title="bbox 1945 2668 3521 2737">
     <span class='ocr_line' id='line_1_87' title="bbox 1945 2668 3521 2737; baseline 0 -12"><span class='ocrx_word' id='word_1_536' title='bbox 1945 2668 2285 2725; x_wconf 85' lang='lat' dir='ltr'><strong>Constantini</strong></span> <span class='ocrx_word' id='word_1_537' title='bbox 2329 2671 2399 2725; x_wconf 88' lang='lat' dir='ltr'><strong>ad</strong></span> <span class='ocrx_word' id='word_1_538' title='bbox 2450 2669 2748 2724; x_wconf 83' lang='lat' dir='ltr'><strong>Macarium</strong></span> <span class='ocrx_word' id='word_1_539' title='bbox 2790 2672 3016 2734; x_wconf 64' lang='lat' dir='ltr'><strong>epistota</strong></span> <span class='ocrx_word' id='word_1_540' title='bbox 3064 2671 3128 2721; x_wconf 79' lang='lat' dir='ltr'><strong>de</strong></span> <span class='ocrx_word' id='word_1_541' title='bbox 3156 2669 3521 2737; x_wconf 71' lang='lat' dir='ltr'><strong>aediﬁcatione</strong></span> 
     </span>
    </p>
   </div>
   <div class='ocr_carea' id='block_1_88' title="bbox 2328 2740 3138 2810">
    <p class='ocr_par' dir='ltr' id='par_1_88' title="bbox 2328 2740 3138 2810">
     <span class='ocr_line' id='line_1_88' title="bbox 2328 2740 3138 2810; baseline -0.002 -16"><span class='ocrx_word' id='word_1_542' title='bbox 2328 2742 2576 2810; x_wconf 81' lang='lat' dir='ltr'><strong>martyrii</strong></span> <span class='ocrx_word' id='word_1_543' title='bbox 2610 2740 2913 2795; x_wconf 70' lang='lat' dir='ltr'><strong>Servatoris</strong></span> <span class='ocrx_word' id='word_1_544' title='bbox 2947 2740 3138 2794; x_wconf 79' lang='lat' dir='ltr'><strong>nostri.</strong></span> 
     </span>
    </p>
   </div>
   <div class='ocr_carea' id='block_1_89' title="bbox 2020 2832 3524 2903">
    <p class='ocr_par' dir='ltr' id='par_1_89' title="bbox 2020 2832 3524 2903">
     <span class='ocr_line' id='line_1_89' title="bbox 2020 2832 3524 2903; baseline 0.001 -18"><span class='ocrx_word' id='word_1_545' title='bbox 2020 2851 2040 2885; x_wconf 81' lang='grc' dir='ltr'><strong>ι</strong></span> <span class='ocrx_word' id='word_1_546' title='bbox 2076 2834 2265 2890; x_wconf 81' lang='lat' dir='ltr'><strong>Victor</strong></span> <span class='ocrx_word' id='word_1_547' title='bbox 2298 2833 2710 2897; x_wconf 83' lang='lat' dir='ltr'><strong>Constantinus,</strong></span> <span class='ocrx_word' id='word_1_548' title='bbox 2743 2833 3035 2894; x_wconf 80' lang='lat' dir='ltr'><strong>Maximus,</strong></span> <span class='ocrx_word' id='word_1_549' title='bbox 3062 2832 3339 2903; x_wconf 85' lang='lat' dir='ltr'><strong>Augustus</strong></span> <span class='ocrx_word' id='word_1_550' title='bbox 3361 2872 3378 2901; x_wconf 91' lang='lat'><strong>,</strong></span> <span class='ocrx_word' id='word_1_551' title='bbox 3410 2832 3524 2887; x_wconf 72' lang='lat' dir='ltr'><strong>Ila-</strong></span> 
     </span>
    </p>
   </div>
   <div class='ocr_carea' id='block_1_90' title="bbox 1944 2942 2118 2983">
    <p class='ocr_par' dir='ltr' id='par_1_90' title="bbox 1944 2942 2118 2983">
     <span class='ocr_line' id='line_1_90' title="bbox 1944 2942 2118 2983; baseline -0.006 0"><span class='ocrx_word' id='word_1_552' title='bbox 1944 2942 2118 2983; x_wconf 90' lang='lat' dir='ltr'><strong>carto.</strong></span> 
     </span>
    </p>
   </div>
   <div class='ocr_carea' id='block_1_91' title="bbox 2021 3014 3518 3086">
    <p class='ocr_par' dir='ltr' id='par_1_91' title="bbox 2021 3014 3518 3086">
     <span class='ocr_line' id='line_1_91' title="bbox 2021 3014 3518 3086; baseline 0.002 -17"><span class='ocrx_word' id='word_1_553' title='bbox 2021 3035 2040 3069; x_wconf 78' lang='grc' dir='ltr'><strong>ι</strong></span> <span class='ocrx_word' id='word_1_554' title='bbox 2077 3017 2249 3071; x_wconf 88' lang='lat' dir='ltr'><strong>Tanta</strong></span> <span class='ocrx_word' id='word_1_555' title='bbox 2269 3025 2355 3071; x_wconf 89' lang='lat' dir='ltr'><strong>est</strong></span> <span class='ocrx_word' id='word_1_556' title='bbox 2378 3014 2689 3071; x_wconf 86' lang='lat' dir='ltr'><strong>Servatoris</strong></span> <span class='ocrx_word' id='word_1_557' title='bbox 2716 3014 2886 3070; x_wconf 92' lang='lat' dir='ltr'><strong>nostri</strong></span> <span class='ocrx_word' id='word_1_558' title='bbox 2927 3016 3121 3086; x_wconf 87' lang='lat' dir='ltr'><strong>gratia,</strong></span> <span class='ocrx_word' id='word_1_559' title='bbox 3145 3026 3205 3071; x_wconf 90' lang='lat' dir='ltr'><strong>ut</strong></span> <span class='ocrx_word' id='word_1_560' title='bbox 3231 3015 3374 3070; x_wconf 82' lang='lat' dir='ltr'><strong>nulla</strong></span> <span class='ocrx_word' id='word_1_561' title='bbox 3407 3030 3518 3072; x_wconf 88' lang='lat' dir='ltr'><strong>ser-</strong></span> 
     </span>
    </p>
   </div>
   <div class='ocr_carea' id='block_1_92' title="bbox 1945 3107 3520 3177">
    <p class='ocr_par' dir='ltr' id='par_1_92' title="bbox 1945 3107 3520 3177">
     <span class='ocr_line' id='line_1_92' title="bbox 1945 3107 3520 3177; baseline 0.001 -15"><span class='ocrx_word' id='word_1_562' title='bbox 1945 3109 2123 3162; x_wconf 88' lang='lat' dir='ltr'><strong>mOnis</strong></span> <span class='ocrx_word' id='word_1_563' title='bbox 2173 3107 2326 3177; x_wconf 90' lang='lat' dir='ltr'><strong>c0pia</strong></span> <span class='ocrx_word' id='word_1_564' title='bbox 2381 3109 2447 3163; x_wconf 87' lang='lat' dir='ltr'><strong>ad</strong></span> <span class='ocrx_word' id='word_1_565' title='bbox 2492 3107 2780 3177; x_wconf 72' lang='lat' dir='ltr'><strong>pmsentis</strong></span> <span class='ocrx_word' id='word_1_566' title='bbox 2826 3107 3081 3162; x_wconf 85' lang='lat' dir='ltr'><strong>miraculi</strong></span> <span class='ocrx_word' id='word_1_567' title='bbox 3143 3108 3520 3164; x_wconf 82' lang='lat' dir='ltr'><strong>narrationem</strong></span> 
     </span>
    </p>
   </div>
   <div class='ocr_carea' id='block_1_93' title="bbox 1867 3188 3521 3270">
    <p class='ocr_par' dir='ltr' id='par_1_93' title="bbox 1867 3188 3521 3270">
     <span class='ocr_line' id='line_1_93' title="bbox 1867 3188 3521 3270; baseline 0 -16"><span class='ocrx_word' id='word_1_568' title='bbox 1867 3188 1908 3245; x_wconf 83' lang='lat' dir='ltr'><strong>C</strong></span> <span class='ocrx_word' id='word_1_569' title='bbox 1942 3198 2188 3255; x_wconf 80' lang='lat' dir='ltr'><strong>sulﬁcere</strong></span> <span class='ocrx_word' id='word_1_570' title='bbox 2222 3198 2489 3252; x_wconf 83' lang='lat' dir='ltr'><strong>videatur.</strong></span> <span class='ocrx_word' id='word_1_571' title='bbox 2523 3198 2657 3253; x_wconf 86' lang='lat' dir='ltr'><strong>Nam</strong></span> <span class='ocrx_word' id='word_1_572' title='bbox 2690 3199 3081 3253; x_wconf 64' lang='lat' dir='ltr'><strong>sacratissima:</strong></span> <span class='ocrx_word' id='word_1_573' title='bbox 3113 3198 3261 3254; x_wconf 88' lang='lat' dir='ltr'><strong>illius</strong></span> <span class='ocrx_word' id='word_1_574' title='bbox 3306 3200 3521 3270; x_wconf 87' lang='lat' dir='ltr'><strong>passio-</strong></span> 
     </span>
    </p>
   </div>
   <div class='ocr_carea' id='block_1_94' title="bbox 1942 3290 3521 3361">
    <p class='ocr_par' dir='ltr' id='par_1_94' title="bbox 1942 3290 3521 3361">
     <span class='ocr_line' id='line_1_94' title="bbox 1942 3290 3521 3361; baseline 0 -14"><span class='ocrx_word' id='word_1_575' title='bbox 1942 3292 2026 3347; x_wconf 86' lang='lat' dir='ltr'><strong>nis</strong></span> <span class='ocrx_word' id='word_1_576' title='bbox 2052 3298 2479 3352; x_wconf 90' lang='lat' dir='ltr'><strong>monumentum,</strong></span> <span class='ocrx_word' id='word_1_577' title='bbox 2512 3291 2612 3345; x_wconf 90' lang='lat' dir='ltr'><strong>sub</strong></span> <span class='ocrx_word' id='word_1_578' title='bbox 2645 3300 2790 3345; x_wconf 89' lang='lat' dir='ltr'><strong>terra</strong></span> <span class='ocrx_word' id='word_1_579' title='bbox 2822 3290 3148 3361; x_wconf 83' lang='lat' dir='ltr'><strong>jampridem</strong></span> <span class='ocrx_word' id='word_1_580' title='bbox 3183 3293 3521 3347; x_wconf 83' lang='lat' dir='ltr'><strong>occultatum</strong></span> 
     </span>
    </p>
   </div>
   <div class='ocr_carea' id='block_1_95' title="bbox 1942 3381 3524 3452">
    <p class='ocr_par' dir='ltr' id='par_1_95' title="bbox 1942 3381 3524 3452">
     <span class='ocr_line' id='line_1_95' title="bbox 1942 3381 3524 3452; baseline 0.001 -15"><span class='ocrx_word' id='word_1_581' title='bbox 1942 3392 2018 3438; x_wconf 91' lang='lat' dir='ltr'><strong>tot</strong></span> <span class='ocrx_word' id='word_1_582' title='bbox 2047 3397 2315 3438; x_wconf 85' lang='lat' dir='ltr'><strong>annorum</strong></span> <span class='ocrx_word' id='word_1_583' title='bbox 2359 3383 2542 3452; x_wconf 87' lang='lat' dir='ltr'><strong>spatio</strong></span> <span class='ocrx_word' id='word_1_584' title='bbox 2572 3382 2877 3445; x_wconf 84' lang='lat' dir='ltr'><strong>delituisse,</strong></span> <span class='ocrx_word' id='word_1_585' title='bbox 2932 3381 3097 3452; x_wconf 83' lang='lat'><strong>500</strong></span> <span class='ocrx_word' id='word_1_586' title='bbox 3144 3384 3325 3451; x_wconf 84' lang='lat' dir='ltr'><strong>quoad</strong></span> <span class='ocrx_word' id='word_1_587' title='bbox 3370 3400 3524 3439; x_wconf 86' lang='lat' dir='ltr'><strong>com-</strong></span> 
     </span>
    </p>
   </div>
   <div class='ocr_carea' id='block_1_96' title="bbox 1939 3472 3523 3545">
    <p class='ocr_par' dir='ltr' id='par_1_96' title="bbox 1939 3472 3523 3545">
     <span class='ocr_line' id='line_1_96' title="bbox 1939 3472 3523 3545; baseline 0 -15"><span class='ocrx_word' id='word_1_588' title='bbox 1939 3475 2087 3530; x_wconf 90' lang='lat' dir='ltr'><strong>muni</strong></span> <span class='ocrx_word' id='word_1_589' title='bbox 2118 3476 2363 3529; x_wconf 91' lang='lat' dir='ltr'><strong>omnium</strong></span> <span class='ocrx_word' id='word_1_590' title='bbox 2389 3476 2546 3529; x_wconf 90' lang='lat' dir='ltr'><strong>hoste</strong></span> <span class='ocrx_word' id='word_1_591' title='bbox 2579 3474 2820 3540; x_wconf 79' lang='lat' dir='ltr'><strong>sublato,</strong></span> <span class='ocrx_word' id='word_1_592' title='bbox 2854 3472 3074 3530; x_wconf 81' lang='lat' dir='ltr'><strong>famulis</strong></span> <span class='ocrx_word' id='word_1_593' title='bbox 3108 3476 3225 3545; x_wconf 89' lang='lat' dir='ltr'><strong>ejus</strong></span> <span class='ocrx_word' id='word_1_594' title='bbox 3268 3476 3321 3530; x_wconf 92' lang='lat' dir='ltr'><strong>in</strong></span> <span class='ocrx_word' id='word_1_595' title='bbox 3355 3476 3523 3532; x_wconf 79' lang='lat' dir='ltr'><strong>liber-</strong></span> 
     </span>
    </p>
   </div>
   <div class='ocr_carea' id='block_1_97' title="bbox 1941 3562 3517 3635">
    <p class='ocr_par' dir='ltr' id='par_1_97' title="bbox 1941 3562 3517 3635">
     <span class='ocr_line' id='line_1_97' title="bbox 1941 3562 3517 3635; baseline -0.001 -14"><span class='ocrx_word' id='word_1_596' title='bbox 1941 3575 2103 3621; x_wconf 89' lang='lat' dir='ltr'><strong>tatem</strong></span> <span class='ocrx_word' id='word_1_597' title='bbox 2136 3566 2424 3621; x_wconf 90' lang='lat' dir='ltr'><strong>vindicatis</strong></span> <span class='ocrx_word' id='word_1_598' title='bbox 2454 3562 2761 3635; x_wconf 85' lang='lat' dir='ltr'><strong>all‘ulgeret,</strong></span> <span class='ocrx_word' id='word_1_599' title='bbox 2791 3580 3009 3620; x_wconf 90' lang='lat' dir='ltr'><strong>omnem</strong></span> <span class='ocrx_word' id='word_1_600' title='bbox 3041 3580 3233 3621; x_wconf 85' lang='lat' dir='ltr'><strong>revera</strong></span> <span class='ocrx_word' id='word_1_601' title='bbox 3268 3567 3517 3620; x_wconf 74' lang='lat' dir='ltr'><strong>adrnira-</strong></span> 
     </span>
    </p>
   </div>
   <div class='ocr_carea' id='block_1_98' title="bbox 1941 3656 3522 3727">
    <p class='ocr_par' dir='ltr' id='par_1_98' title="bbox 1941 3656 3522 3727">
     <span class='ocr_line' id='line_1_98' title="bbox 1941 3656 3522 3727; baseline -0.001 -14"><span class='ocrx_word' id='word_1_602' title='bbox 1941 3662 2141 3714; x_wconf 89' lang='lat' dir='ltr'><strong>tionem</strong></span> <span class='ocrx_word' id='word_1_603' title='bbox 2168 3666 2412 3727; x_wconf 84' lang='lat' dir='ltr'><strong>superat.</strong></span> <span class='ocrx_word' id='word_1_604' title='bbox 2448 3656 2582 3710; x_wconf 90' lang='lat' dir='ltr'><strong>Nam</strong></span> <span class='ocrx_word' id='word_1_605' title='bbox 2620 3657 2832 3711; x_wconf 88' lang='lat' dir='ltr'><strong>tametsi</strong></span> <span class='ocrx_word' id='word_1_606' title='bbox 2858 3672 3047 3712; x_wconf 91' lang='lat' dir='ltr'><strong>omnes</strong></span> <span class='ocrx_word' id='word_1_607' title='bbox 3093 3667 3366 3727; x_wconf 86' lang='lat' dir='ltr'><strong>quotquot</strong></span> <span class='ocrx_word' id='word_1_608' title='bbox 3400 3658 3522 3712; x_wconf 87' lang='lat' dir='ltr'><strong>ubi-</strong></span> 
     </span>
    </p>
   </div>
   <div class='ocr_carea' id='block_1_99' title="bbox 1938 3748 3518 3820">
    <p class='ocr_par' dir='ltr' id='par_1_99' title="bbox 1938 3748 3518 3820">
     <span class='ocr_line' id='line_1_99' title="bbox 1938 3748 3518 3820; baseline 0.001 -18"><span class='ocrx_word' id='word_1_609' title='bbox 1938 3766 2044 3820; x_wconf 91' lang='lat' dir='ltr'><strong>que</strong></span> <span class='ocrx_word' id='word_1_610' title='bbox 2077 3760 2343 3804; x_wconf 88' lang='lat' dir='ltr'><strong>terrarum</strong></span> <span class='ocrx_word' id='word_1_611' title='bbox 2381 3748 2655 3817; x_wconf 87' lang='lat' dir='ltr'><strong>sapientes</strong></span> <span class='ocrx_word' id='word_1_612' title='bbox 2692 3748 2983 3815; x_wconf 84' lang='lat' dir='ltr'><strong>habentur,</strong></span> <span class='ocrx_word' id='word_1_613' title='bbox 3020 3750 3073 3802; x_wconf 88' lang='lat' dir='ltr'><strong>in</strong></span> <span class='ocrx_word' id='word_1_614' title='bbox 3106 3764 3272 3803; x_wconf 83' lang='lat' dir='ltr'><strong>unum</strong></span> <span class='ocrx_word' id='word_1_615' title='bbox 3318 3750 3518 3814; x_wconf 89' lang='lat' dir='ltr'><strong>coacti,</strong></span> 
     </span>
    </p>
   </div>
   <div class='ocr_carea' id='block_1_100' title="bbox 1938 3839 3517 3912">
    <p class='ocr_par' dir='ltr' id='par_1_100' title="bbox 1938 3839 3517 3912">
     <span class='ocr_line' id='line_1_100' title="bbox 1938 3839 3517 3912; baseline 0 -16"><span class='ocrx_word' id='word_1_616' title='bbox 1938 3841 2141 3912; x_wconf 88' lang='lat' dir='ltr'><strong>aliquid</strong></span> <span class='ocrx_word' id='word_1_617' title='bbox 2169 3855 2267 3910; x_wconf 88' lang='lat' dir='ltr'><strong>pro</strong></span> <span class='ocrx_word' id='word_1_618' title='bbox 2300 3839 2456 3908; x_wconf 80' lang='lat' dir='ltr'><strong>hujus</strong></span> <span class='ocrx_word' id='word_1_619' title='bbox 2487 3839 2566 3893; x_wconf 89' lang='lat' dir='ltr'><strong>rei</strong></span> <span class='ocrx_word' id='word_1_620' title='bbox 2593 3839 2868 3908; x_wconf 75' lang='lat' dir='ltr'><strong>dignitate</strong></span> <span class='ocrx_word' id='word_1_621' title='bbox 2918 3840 3104 3895; x_wconf 91' lang='lat' dir='ltr'><strong>dicere</strong></span> <span class='ocrx_word' id='word_1_622' title='bbox 3151 3841 3517 3908; x_wconf 84' lang='lat' dir='ltr'><strong>instituerint,</strong></span> 
     </span>
    </p>
   </div>
   <div class='ocr_carea' id='block_1_101' title="bbox 1937 3929 3520 4003">
    <p class='ocr_par' dir='ltr' id='par_1_101' title="bbox 1937 3929 3520 4003">
     <span class='ocr_line' id='line_1_101' title="bbox 1937 3929 3520 4003; baseline -0.001 -14"><span class='ocrx_word' id='word_1_623' title='bbox 1937 3948 2006 3989; x_wconf 90' lang='lat' dir='ltr'><strong>ne</strong></span> <span class='ocrx_word' id='word_1_624' title='bbox 2037 3933 2103 3988; x_wconf 88' lang='lat' dir='ltr'><strong>ad</strong></span> <span class='ocrx_word' id='word_1_625' title='bbox 2136 3932 2415 3987; x_wconf 89' lang='lat' dir='ltr'><strong>minimam</strong></span> <span class='ocrx_word' id='word_1_626' title='bbox 2443 3930 2661 3999; x_wconf 90' lang='lat' dir='ltr'><strong>quidem</strong></span> <span class='ocrx_word' id='word_1_627' title='bbox 2696 3929 2813 3999; x_wconf 89' lang='lat' dir='ltr'><strong>ejus</strong></span> <span class='ocrx_word' id='word_1_628' title='bbox 2835 3941 3047 4000; x_wconf 88' lang='lat' dir='ltr'><strong>partem</strong></span> <span class='ocrx_word' id='word_1_629' title='bbox 3082 3932 3329 4002; x_wconf 76' lang='lat' dir='ltr'><strong>aSpirare</strong></span> <span class='ocrx_word' id='word_1_630' title='bbox 3359 3948 3520 4003; x_wconf 85' lang='lat' dir='ltr'><strong>posse</strong></span> 
     </span>
    </p>
   </div>
   <div class='ocr_carea' id='block_1_102' title="bbox 1939 4022 3517 4094">
    <p class='ocr_par' dir='ltr' id='par_1_102' title="bbox 1939 4022 3517 4094">
     <span class='ocr_line' id='line_1_102' title="bbox 1939 4022 3517 4094; baseline -0.003 -12"><span class='ocrx_word' id='word_1_631' title='bbox 1939 4027 2074 4082; x_wconf 92' lang='lat' dir='ltr'><strong>mihi</strong></span> <span class='ocrx_word' id='word_1_632' title='bbox 2105 4027 2376 4081; x_wconf 82' lang='lat' dir='ltr'><strong>videntur.</strong></span> <span class='ocrx_word' id='word_1_633' title='bbox 2415 4023 2625 4093; x_wconf 87' lang='lat' dir='ltr'><strong>Quippe</strong></span> <span class='ocrx_word' id='word_1_634' title='bbox 2653 4022 2814 4094; x_wconf 90' lang='lat' dir='ltr'><strong>hujus</strong></span> <span class='ocrx_word' id='word_1_635' title='bbox 2846 4024 3091 4079; x_wconf 92' lang='lat' dir='ltr'><strong>miraculi</strong></span> <span class='ocrx_word' id='word_1_636' title='bbox 3116 4026 3275 4091; x_wconf 88' lang='lat' dir='ltr'><strong>ﬁdes,</strong></span> <span class='ocrx_word' id='word_1_637' title='bbox 3299 4040 3517 4081; x_wconf 76' lang='lat' dir='ltr'><strong>omnem</strong></span> 
     </span>
    </p>
   </div>
   <div class='ocr_carea' id='block_1_103' title="bbox 1937 4118 3517 4186">
    <p class='ocr_par' dir='ltr' id='par_1_103' title="bbox 1937 4118 3517 4186">
     <span class='ocr_line' id='line_1_103' title="bbox 1937 4118 3517 4186; baseline -0.002 -10"><span class='ocrx_word' id='word_1_638' title='bbox 1937 4122 2189 4176; x_wconf 80' lang='lat' dir='ltr'><strong>huiuanae</strong></span> <span class='ocrx_word' id='word_1_639' title='bbox 2228 4118 2457 4173; x_wconf 89' lang='lat' dir='ltr'><strong>rationis</strong></span> <span class='ocrx_word' id='word_1_640' title='bbox 2488 4131 2743 4186; x_wconf 89' lang='lat' dir='ltr'><strong>capacem</strong></span> <span class='ocrx_word' id='word_1_641' title='bbox 2793 4128 3049 4173; x_wconf 86' lang='lat' dir='ltr'><strong>naturam</strong></span> <span class='ocrx_word' id='word_1_642' title='bbox 3102 4126 3313 4173; x_wconf 86' lang='lat' dir='ltr'><strong>tantum</strong></span> <span class='ocrx_word' id='word_1_643' title='bbox 3353 4132 3517 4173; x_wconf 79' lang='lat' dir='ltr'><strong>exce-</strong></span> 
     </span>
    </p>
   </div>
   <div class='ocr_carea' id='block_1_104' title="bbox 1936 4208 3511 4282">
    <p class='ocr_par' dir='ltr' id='par_1_104' title="bbox 1936 4208 3511 4282">
     <span class='ocr_line' id='line_1_104' title="bbox 1936 4208 3511 4282; baseline -0.003 -13"><span class='ocrx_word' id='word_1_644' title='bbox 1936 4215 2037 4279; x_wconf 88' lang='lat' dir='ltr'><strong>dit,</strong></span> <span class='ocrx_word' id='word_1_645' title='bbox 2074 4220 2338 4282; x_wconf 86' lang='lat' dir='ltr'><strong>quautum</strong></span> <span class='ocrx_word' id='word_1_646' title='bbox 2371 4212 2623 4266; x_wconf 88' lang='lat' dir='ltr'><strong>humanis</strong></span> <span class='ocrx_word' id='word_1_647' title='bbox 2649 4211 2835 4266; x_wconf 84' lang='lat' dir='ltr'><strong>divina</strong></span> <span class='ocrx_word' id='word_1_648' title='bbox 2866 4208 3207 4281; x_wconf 82' lang='lat' dir='ltr'><strong>praecellunt.</strong></span> <span class='ocrx_word' id='word_1_649' title='bbox 3245 4210 3511 4278; x_wconf 87' lang='lat' dir='ltr'><strong>Quocirca</strong></span> 
     </span>
    </p>
   </div>
   <div class='ocr_carea' id='block_1_105' title="bbox 1936 4306 3517 4375">
    <p class='ocr_par' dir='ltr' id='par_1_105' title="bbox 1936 4306 3517 4375">
     <span class='ocr_line' id='line_1_105' title="bbox 1936 4306 3517 4375; baseline -0.003 -13"><span class='ocrx_word' id='word_1_650' title='bbox 1936 4309 2025 4363; x_wconf 87' lang='lat' dir='ltr'><strong>hic</strong></span> <span class='ocrx_word' id='word_1_651' title='bbox 2050 4322 2189 4363; x_wconf 89' lang='lat' dir='ltr'><strong>unus</strong></span> <span class='ocrx_word' id='word_1_652' title='bbox 2221 4306 2352 4362; x_wconf 91' lang='lat' dir='ltr'><strong>mihi</strong></span> <span class='ocrx_word' id='word_1_653' title='bbox 2376 4320 2440 4361; x_wconf 89' lang='lat' dir='ltr'><strong>ac</strong></span> <span class='ocrx_word' id='word_1_654' title='bbox 2468 4306 2777 4375; x_wconf 85' lang='lat' dir='ltr'><strong>praecipuus</strong></span> <span class='ocrx_word' id='word_1_655' title='bbox 2802 4320 3020 4375; x_wconf 88' lang='lat' dir='ltr'><strong>semper</strong></span> <span class='ocrx_word' id='word_1_656' title='bbox 3054 4314 3138 4360; x_wconf 90' lang='lat' dir='ltr'><strong>est</strong></span> <span class='ocrx_word' id='word_1_657' title='bbox 3182 4320 3403 4375; x_wconf 86' lang='lat' dir='ltr'><strong>scopus,</strong></span> <span class='ocrx_word' id='word_1_658' title='bbox 3455 4314 3517 4358; x_wconf 91' lang='lat' dir='ltr'><strong>ut</strong></span> 
     </span>
    </p>
   </div>
   <div class='ocr_carea' id='block_1_106' title="bbox 1934 4395 3517 4468">
    <p class='ocr_par' dir='ltr' id='par_1_106' title="bbox 1934 4395 3517 4468">
     <span class='ocr_line' id='line_1_106' title="bbox 1934 4395 3517 4468; baseline -0.002 -18"><span class='ocrx_word' id='word_1_659' title='bbox 1934 4396 2392 4468; x_wconf 89' lang='lat' dir='ltr'><strong>quemadmodum</strong></span> <span class='ocrx_word' id='word_1_660' title='bbox 2420 4395 2673 4451; x_wconf 87' lang='lat' dir='ltr'><strong>veritatis</strong></span> <span class='ocrx_word' id='word_1_661' title='bbox 2702 4396 2837 4451; x_wconf 89' lang='lat' dir='ltr'><strong>ﬁdes</strong></span> <span class='ocrx_word' id='word_1_662' title='bbox 2873 4396 3029 4453; x_wconf 86' lang='lat' dir='ltr'><strong>novis</strong></span> <span class='ocrx_word' id='word_1_663' title='bbox 3070 4395 3314 4465; x_wconf 90' lang='lat' dir='ltr'><strong>quotidie</strong></span> <span class='ocrx_word' id='word_1_664' title='bbox 3346 4396 3517 4450; x_wconf 60' lang='lat' dir='ltr'><strong>mira-</strong></span> 
     </span>
    </p>
   </div>
   <div class='ocr_carea' id='block_1_107' title="bbox 1937 4486 3511 4554">
    <p class='ocr_par' dir='ltr' id='par_1_107' title="bbox 1937 4486 3511 4554">
     <span class='ocr_line' id='line_1_107' title="bbox 1937 4486 3511 4554; baseline -0.003 -10"><span class='ocrx_word' id='word_1_665' title='bbox 1937 4488 2071 4544; x_wconf 84' lang='lat' dir='ltr'><strong>culis</strong></span> <span class='ocrx_word' id='word_1_666' title='bbox 2103 4487 2437 4554; x_wconf 87' lang='lat' dir='ltr'><strong>inclarescit,</strong></span> <span class='ocrx_word' id='word_1_667' title='bbox 2460 4486 2545 4543; x_wconf 90' lang='lat' dir='ltr'><strong>sic</strong></span> <span class='ocrx_word' id='word_1_668' title='bbox 2568 4490 2731 4543; x_wconf 90' lang='lat' dir='ltr'><strong>etiam</strong></span> <span class='ocrx_word' id='word_1_669' title='bbox 2759 4499 2970 4545; x_wconf 91' lang='lat' dir='ltr'><strong>mentes</strong></span> <span class='ocrx_word' id='word_1_670' title='bbox 2990 4489 3234 4544; x_wconf 89' lang='lat' dir='ltr'><strong>omnium</strong></span> <span class='ocrx_word' id='word_1_671' title='bbox 3266 4496 3511 4542; x_wconf 79' lang='lat' dir='ltr'><strong>nostrum</strong></span> 
     </span>
    </p>
   </div>
   <div class='ocr_carea' id='block_1_108' title="bbox 1939 4580 3516 4652">
    <p class='ocr_par' dir='ltr' id='par_1_108' title="bbox 1939 4580 3516 4652">
     <span class='ocr_line' id='line_1_108' title="bbox 1939 4580 3516 4652; baseline -0.003 -17"><span class='ocrx_word' id='word_1_672' title='bbox 1939 4580 2006 4635; x_wconf 89' lang='lat' dir='ltr'><strong>ad</strong></span> <span class='ocrx_word' id='word_1_673' title='bbox 2035 4581 2397 4636; x_wconf 75' lang='lat' dir='ltr'><strong>sanctissima:</strong></span> <span class='ocrx_word' id='word_1_674' title='bbox 2430 4580 2565 4652; x_wconf 87' lang='lat' dir='ltr'><strong>legis</strong></span> <span class='ocrx_word' id='word_1_675' title='bbox 2590 4581 2996 4637; x_wconf 86' lang='lat' dir='ltr'><strong>observantiam</strong></span> <span class='ocrx_word' id='word_1_676' title='bbox 3034 4596 3159 4636; x_wconf 92' lang='lat' dir='ltr'><strong>cum</strong></span> <span class='ocrx_word' id='word_1_677' title='bbox 3200 4581 3349 4638; x_wconf 88' lang='lat' dir='ltr'><strong>omni</strong></span> <span class='ocrx_word' id='word_1_678' title='bbox 3396 4594 3516 4633; x_wconf 90' lang='lat' dir='ltr'><strong>mo-</strong></span> 
     </span>
    </p>
   </div>
   <div class='ocr_carea' id='block_1_109' title="bbox 1931 4838 3511 4912">
    <p class='ocr_par' dir='ltr' id='par_1_109' title="bbox 1931 4838 3511 4912">
     <span class='ocr_line' id='line_1_109' title="bbox 1931 4838 3511 4912; baseline 0.003 -19"><span class='ocrx_word' id='word_1_679' title='bbox 1931 4838 2221 4912; x_wconf 86' lang='lat' dir='ltr'><strong>Licinium,</strong></span> <span class='ocrx_word' id='word_1_680' title='bbox 2255 4850 2374 4910; x_wconf 87' lang='lat' dir='ltr'><strong>post</strong></span> <span class='ocrx_word' id='word_1_681' title='bbox 2392 4842 2549 4912; x_wconf 88' lang='lat' dir='ltr'><strong>cujus</strong></span> <span class='ocrx_word' id='word_1_682' title='bbox 2580 4842 2802 4898; x_wconf 80' lang='lat' dir='ltr'><strong>exitium</strong></span> <span class='ocrx_word' id='word_1_683' title='bbox 2832 4843 2909 4898; x_wconf 88' lang='lat' dir='ltr'><strong>ait</strong></span> <span class='ocrx_word' id='word_1_684' title='bbox 2932 4858 3144 4899; x_wconf 87' lang='lat' dir='ltr'><strong>sacrum</strong></span> <span class='ocrx_word' id='word_1_685' title='bbox 3175 4841 3384 4897; x_wconf 89' lang='lat' dir='ltr'><strong>Domini</strong></span> <span class='ocrx_word' id='word_1_686' title='bbox 3420 4858 3511 4898; x_wconf 83' lang='lat' dir='ltr'><strong>se-</strong></span> 
     </span>
    </p>
   </div>
   <div class='ocr_carea' id='block_1_110' title="bbox 1930 4910 3512 5036">
    <p class='ocr_par' dir='ltr' id='par_1_110' title="bbox 1930 4910 3512 5036">
     <span class='ocr_line' id='line_1_110' title="bbox 1930 4910 3512 5036; baseline 0.003 -71"><span class='ocrx_word' id='word_1_687' title='bbox 1930 4910 2197 5036; x_wconf 63' lang='lat' dir='ltr'><strong>ruierum,</strong></span> <span class='ocrx_word' id='word_1_688' title='bbox 2216 4914 2358 4981; x_wconf 91' lang='lat' dir='ltr'><strong>quod</strong></span> <span class='ocrx_word' id='word_1_689' title='bbox 2383 4910 2510 4969; x_wconf 85' lang='lat' dir='ltr'><strong>ante</strong></span> <span class='ocrx_word' id='word_1_690' title='bbox 2534 4914 2786 4979; x_wconf 86' lang='lat' dir='ltr'><strong>latuerat,</strong></span> <span class='ocrx_word' id='word_1_691' title='bbox 2806 4914 2857 4967; x_wconf 90' lang='lat' dir='ltr'><strong>in</strong></span> <span class='ocrx_word' id='word_1_692' title='bbox 2887 4916 3063 4969; x_wconf 91' lang='lat' dir='ltr'><strong>lucem</strong></span> <span class='ocrx_word' id='word_1_693' title='bbox 3085 4925 3139 4967; x_wconf 92' lang='lat' dir='ltr'><strong>et</strong></span> <span class='ocrx_word' id='word_1_694' title='bbox 3156 4925 3512 4983; x_wconf 78' lang='lat' dir='ltr'><strong>conSpectum</strong></span> 
     </span>
     <span class='ocr_line' id='line_1_111' title="bbox 1950 4981 3512 5036; baseline 0.001 -1"><span class='ocrx_word' id='word_1_695' title='bbox 1950 4981 2207 5035; x_wconf 73' lang='lat' dir='ltr'><strong>nominum</strong></span> <span class='ocrx_word' id='word_1_696' title='bbox 2231 4984 2520 5036; x_wconf 87' lang='lat' dir='ltr'><strong>nrodiisse.</strong></span> <span class='ocrx_word' id='word_1_697' title='bbox 2548 4984 2773 5036; x_wconf 88' lang='lat' dir='ltr'><strong>Occisus</strong></span> <span class='ocrx_word' id='word_1_698' title='bbox 2802 4994 2887 5036; x_wconf 88' lang='lat' dir='ltr'><strong>est</strong></span> <span class='ocrx_word' id='word_1_699' title='bbox 2915 4984 3155 5036; x_wconf 88' lang='lat' dir='ltr'><strong>Licinius</strong></span> <span class='ocrx_word' id='word_1_700' title='bbox 3184 5000 3330 5036; x_wconf 87' lang='lat' dir='ltr'><strong>anno</strong></span> <span class='ocrx_word' id='word_1_701' title='bbox 3348 4983 3512 5036; x_wconf 81' lang='lat' dir='ltr'><strong>Chri-</strong></span> 
     </span>
    </p>
   </div>
   <div class='ocr_carea' id='block_1_111' title="bbox 1950 4981 3512 5051">
    <p class='ocr_par' dir='ltr' id='par_1_111' title="bbox 1950 4981 3512 5051">
     <span class='ocr_line' id='line_1_112' title="bbox 1950 4981 3512 5051; baseline 0.002 -16"><span class='ocrx_word' id='word_1_702' title='bbox 1950 4981 2207 5035; x_wconf 79' lang='lat' dir='ltr'><strong>iominum</strong></span> <span class='ocrx_word' id='word_1_703' title='bbox 2231 4984 2520 5051; x_wconf 86' lang='lat' dir='ltr'><strong>prodiisse.</strong></span> <span class='ocrx_word' id='word_1_704' title='bbox 2548 4984 2773 5038; x_wconf 87' lang='lat' dir='ltr'><strong>Occisus</strong></span> <span class='ocrx_word' id='word_1_705' title='bbox 2802 4994 2887 5039; x_wconf 90' lang='lat' dir='ltr'><strong>est</strong></span> <span class='ocrx_word' id='word_1_706' title='bbox 2915 4984 3155 5039; x_wconf 86' lang='lat' dir='ltr'><strong>Licinius</strong></span> <span class='ocrx_word' id='word_1_707' title='bbox 3184 4981 3330 5037; x_wconf 76' lang='lat' dir='ltr'><strong>anno</strong></span> <span class='ocrx_word' id='word_1_708' title='bbox 3348 4983 3512 5038; x_wconf 81' lang='lat' dir='ltr'><strong>Chri-</strong></span> 
     </span>
    </p>
   </div>
   <div class='ocr_carea' id='block_1_112' title="bbox 1929 5052 3513 5123">
    <p class='ocr_par' dir='ltr' id='par_1_112' title="bbox 1929 5052 3513 5123">
     <span class='ocr_line' id='line_1_113' title="bbox 1929 5052 3513 5123; baseline 0.001 -17"><span class='ocrx_word' id='word_1_709' title='bbox 1929 5052 1998 5106; x_wconf 88' lang='lat' dir='ltr'><strong>sti</strong></span> <span class='ocrx_word' id='word_1_710' title='bbox 2023 5052 2150 5114; x_wconf 75' lang='grc'><strong>526,</strong></span> <span class='ocrx_word' id='word_1_711' title='bbox 2178 5064 2246 5123; x_wconf 63' lang='grc' dir='ltr'><strong>ιιι</strong></span> <span class='ocrx_word' id='word_1_712' title='bbox 2279 5053 2537 5107; x_wconf 86' lang='lat' dir='ltr'><strong>scribitur</strong></span> <span class='ocrx_word' id='word_1_713' title='bbox 2568 5056 2621 5107; x_wconf 93' lang='lat' dir='ltr'><strong>in</strong></span> <span class='ocrx_word' id='word_1_714' title='bbox 2653 5052 2833 5109; x_wconf 84' lang='lat' dir='ltr'><strong>Fastis</strong></span> <span class='ocrx_word' id='word_1_715' title='bbox 2866 5055 3047 5111; x_wconf 87' lang='lat' dir='ltr'><strong>ldatii.</strong></span> <span class='ocrx_word' id='word_1_716' title='bbox 3074 5056 3385 5123; x_wconf 83' lang='lat' dir='ltr'><strong>Eodemque</strong></span> <span class='ocrx_word' id='word_1_717' title='bbox 3411 5070 3513 5108; x_wconf 86' lang='lat' dir='ltr'><strong>au-</strong></span> 
     </span>
    </p>
   </div>
   <div class='ocr_carea' id='block_1_113' title="bbox 1929 5121 3509 5192">
    <p class='ocr_par' dir='ltr' id='par_1_113' title="bbox 1929 5121 3509 5192">
     <span class='ocr_line' id='line_1_114' title="bbox 1929 5121 3509 5192; baseline 0.001 -16"><span class='ocrx_word' id='word_1_718' title='bbox 1929 5138 1999 5176; x_wconf 95' lang='lat' dir='ltr'><strong>no</strong></span> <span class='ocrx_word' id='word_1_719' title='bbox 2020 5138 2143 5177; x_wconf 90' lang='lat' dir='ltr'><strong>cum</strong></span> <span class='ocrx_word' id='word_1_720' title='bbox 2174 5121 2375 5177; x_wconf 85' lang='lat' dir='ltr'><strong>Helena</strong></span> <span class='ocrx_word' id='word_1_721' title='bbox 2402 5123 2828 5192; x_wconf 79' lang='lat' dir='ltr'><strong>Hierosolymam</strong></span> <span class='ocrx_word' id='word_1_722' title='bbox 2857 5126 3181 5189; x_wconf 88' lang='lat' dir='ltr'><strong>advenisset,</strong></span> <span class='ocrx_word' id='word_1_723' title='bbox 3201 5121 3509 5192; x_wconf 85' lang='lat' dir='ltr'><strong>sepulcrum</strong></span> 
     </span>
    </p>
   </div>
   <div class='ocr_carea' id='block_1_114' title="bbox 1928 5192 3510 5264">
    <p class='ocr_par' dir='ltr' id='par_1_114' title="bbox 1928 5192 3510 5264">
     <span class='ocr_line' id='line_1_115' title="bbox 1928 5192 3510 5264; baseline 0 -17"><span class='ocrx_word' id='word_1_724' title='bbox 1928 5192 2139 5264; x_wconf 86' lang='lat' dir='ltr'><strong>Domini</strong></span> <span class='ocrx_word' id='word_1_725' title='bbox 2192 5204 2468 5261; x_wconf 87' lang='lat' dir='ltr'><strong>repertum</strong></span> <span class='ocrx_word' id='word_1_726' title='bbox 2511 5204 2612 5249; x_wconf 89' lang='lat' dir='ltr'><strong>est.</strong></span> <span class='ocrx_word' id='word_1_727' title='bbox 2644 5192 2835 5250; x_wconf 83' lang='lat' dir='ltr'><strong>Posset</strong></span> <span class='ocrx_word' id='word_1_728' title='bbox 2886 5198 3049 5251; x_wconf 86' lang='lat' dir='ltr'><strong>etiam</strong></span> <span class='ocrx_word' id='word_1_729' title='bbox 3085 5195 3284 5264; x_wconf 86' lang='lat' dir='ltr'><strong>publici</strong></span> <span class='ocrx_word' id='word_1_730' title='bbox 3335 5196 3510 5250; x_wconf 87' lang='lat' dir='ltr'><strong>hostis</strong></span> 
     </span>
    </p>
   </div>
   <div class='ocr_carea' id='block_1_115' title="bbox 1927 5262 3513 5337">
    <p class='ocr_par' dir='ltr' id='par_1_115' title="bbox 1927 5262 3513 5337">
     <span class='ocr_line' id='line_1_116' title="bbox 1927 5262 3513 5337; baseline 0 -20"><span class='ocrx_word' id='word_1_731' title='bbox 1927 5262 2149 5337; x_wconf 87' lang='lat' dir='ltr'><strong>nomine</strong></span> <span class='ocrx_word' id='word_1_732' title='bbox 2179 5264 2388 5319; x_wconf 64' lang='lat' dir='ltr'><strong>daemon</strong></span> <span class='ocrx_word' id='word_1_733' title='bbox 2441 5264 2847 5337; x_wconf 15' lang='lat' dir='ltr'><strong>bie‘intelligi,</strong></span> <span class='ocrx_word' id='word_1_734' title='bbox 2895 5268 2999 5322; x_wconf 92' lang='lat' dir='ltr'><strong>nisi</strong></span> <span class='ocrx_word' id='word_1_735' title='bbox 3040 5262 3163 5335; x_wconf 62' lang='lat' dir='ltr'><strong>quas</strong></span> <span class='ocrx_word' id='word_1_736' title='bbox 3206 5276 3513 5335; x_wconf 84' lang='lat' dir='ltr'><strong>sequuntur</strong></span> 
     </span>
    </p>
   </div>
   <div class='ocr_carea' id='block_1_116' title="bbox 1929 5334 3508 5405">
    <p class='ocr_par' dir='ltr' id='par_1_116' title="bbox 1929 5334 3508 5405">
     <span class='ocr_line' id='line_1_117' title="bbox 1929 5334 3508 5405; baseline -0.001 -18"><span class='ocrx_word' id='word_1_737' title='bbox 1929 5335 2093 5387; x_wconf 81' lang='lat' dir='ltr'><strong>verba</strong></span> <span class='ocrx_word' id='word_1_738' title='bbox 2115 5344 2494 5404; x_wconf 89' lang='lat' dir='ltr'><strong>repugnarent.</strong></span> <span class='ocrx_word' id='word_1_739' title='bbox 2513 5334 2697 5405; x_wconf 82' lang='lat' dir='ltr'><strong>Neque</strong></span> <span class='ocrx_word' id='word_1_740' title='bbox 2718 5334 2863 5391; x_wconf 79' lang='lat' dir='ltr'><strong>enim</strong></span> <span class='ocrx_word' id='word_1_741' title='bbox 2881 5334 3128 5393; x_wconf 80' lang='lat' dir='ltr'><strong>diabolus</strong></span> <span class='ocrx_word' id='word_1_742' title='bbox 3146 5347 3273 5391; x_wconf 88' lang='lat' dir='ltr'><strong>tunc</strong></span> <span class='ocrx_word' id='word_1_743' title='bbox 3288 5334 3508 5405; x_wconf 82' lang='lat' dir='ltr'><strong>demum</strong></span> 
     </span>
    </p>
   </div>
   <div class='ocr_carea' id='block_1_117' title="bbox 1929 5404 3507 5478">
    <p class='ocr_par' dir='ltr' id='par_1_117' title="bbox 1929 5404 3507 5478">
     <span class='ocr_line' id='line_1_118' title="bbox 1929 5404 3507 5478; baseline -0.003 -18"><span class='ocrx_word' id='word_1_744' title='bbox 1929 5404 2106 5478; x_wconf 78' lang='lat' dir='ltr'><strong>victus</strong></span> <span class='ocrx_word' id='word_1_745' title='bbox 2129 5415 2293 5478; x_wconf 85' lang='lat' dir='ltr'><strong>atque</strong></span> <span class='ocrx_word' id='word_1_746' title='bbox 2326 5404 2625 5478; x_wconf 80' lang='lat' dir='ltr'><strong>oppressus</strong></span> <span class='ocrx_word' id='word_1_747' title='bbox 2654 5417 2762 5471; x_wconf 91' lang='lat' dir='ltr'><strong>est,</strong></span> <span class='ocrx_word' id='word_1_748' title='bbox 2788 5424 2910 5462; x_wconf 86' lang='lat' dir='ltr'><strong>cum</strong></span> <span class='ocrx_word' id='word_1_749' title='bbox 2949 5408 3260 5478; x_wconf 88' lang='lat' dir='ltr'><strong>sepulcrum</strong></span> <span class='ocrx_word' id='word_1_750' title='bbox 3297 5404 3507 5478; x_wconf 78' lang='lat' dir='ltr'><strong>Domini</strong></span> 
     </span>
    </p>
   </div>
   <div class='ocr_carea' id='block_1_118' title="bbox 1930 5474 3511 5545">
    <p class='ocr_par' dir='ltr' id='par_1_118' title="bbox 1930 5474 3511 5545">
     <span class='ocr_line' id='line_1_119' title="bbox 1930 5474 3511 5545; baseline -0.001 -17"><span class='ocrx_word' id='word_1_751' title='bbox 1930 5474 2130 5544; x_wconf 87' lang='lat' dir='ltr'><strong>egestis</strong></span> <span class='ocrx_word' id='word_1_752' title='bbox 2176 5474 2467 5532; x_wconf 84' lang='lat' dir='ltr'><strong>ruderibus</strong></span> <span class='ocrx_word' id='word_1_753' title='bbox 2517 5478 2789 5532; x_wconf 89' lang='lat' dir='ltr'><strong>detectum</strong></span> <span class='ocrx_word' id='word_1_754' title='bbox 2842 5487 2946 5531; x_wconf 87' lang='lat' dir='ltr'><strong>est.</strong></span> <span class='ocrx_word' id='word_1_755' title='bbox 2995 5474 3148 5532; x_wconf 73' lang='lat' dir='ltr'><strong>Adde</strong></span> <span class='ocrx_word' id='word_1_756' title='bbox 3184 5476 3325 5545; x_wconf 87' lang='lat' dir='ltr'><strong>quod</strong></span> <span class='ocrx_word' id='word_1_757' title='bbox 3360 5474 3511 5529; x_wconf 83' lang='grc' dir='ltr'>ἀναι-</span> 
     </span>
    </p>
   </div>
   <div class='ocr_carea' id='block_1_119' title="bbox 1931 5545 3505 5671">
    <p class='ocr_par' dir='ltr' id='par_1_119' title="bbox 1931 5545 3505 5671">
     <span class='ocr_line' id='line_1_120' title="bbox 1931 5545 3505 5671; baseline 0.001 -73"><span class='ocrx_word' id='word_1_758' title='bbox 1931 5562 2101 5671; x_wconf 53' lang='grc' dir='ltr'>ρεαδς,</span> <span class='ocrx_word' id='word_1_759' title='bbox 2123 5545 2292 5669; x_wconf 70' lang='lat' dir='ltr'><strong>lidlest</strong></span> <span class='ocrx_word' id='word_1_760' title='bbox 2343 5549 2540 5615; x_wconf 71' lang='lat' dir='ltr'><strong>caedes,</strong></span> <span class='ocrx_word' id='word_1_761' title='bbox 2568 5549 2763 5604; x_wconf 90' lang='lat' dir='ltr'><strong>melius</strong></span> <span class='ocrx_word' id='word_1_762' title='bbox 2789 5549 2856 5605; x_wconf 91' lang='lat' dir='ltr'><strong>de</strong></span> <span class='ocrx_word' id='word_1_763' title='bbox 2885 5548 3096 5605; x_wconf 85' lang='lat' dir='ltr'><strong>Licinio</strong></span> <span class='ocrx_word' id='word_1_764' title='bbox 3122 5548 3320 5602; x_wconf 88' lang='lat' dir='ltr'><strong>dicitur</strong></span> <span class='ocrx_word' id='word_1_765' title='bbox 3341 5562 3505 5615; x_wconf 87' lang='lat' dir='ltr'><strong>quam</strong></span> 
     </span>
     <span class='ocr_line' id='line_1_121' title="bbox 1968 5631 2263 5670; baseline 0 0"><span class='ocrx_word' id='word_1_766' title='bbox 1968 5632 1997 5670; x_wconf 91' lang='lat' dir='ltr'><strong>e</strong></span> <span class='ocrx_word' id='word_1_767' title='bbox 2069 5633 2114 5667; x_wconf 76' lang='lat' dir='ltr'><strong>ia</strong></span> <span class='ocrx_word' id='word_1_768' title='bbox 2138 5631 2189 5669; x_wconf 79' lang='lat'><strong>)0</strong></span> <span class='ocrx_word' id='word_1_769' title='bbox 2212 5632 2263 5670; x_wconf 90' lang='grc' dir='ltr'><strong>ο.</strong></span> 
     </span>
    </p>
   </div>
   <div class='ocr_carea' id='block_1_120' title="bbox 1968 5631 2263 5670">
    <p class='ocr_par' dir='ltr' id='par_1_120' title="bbox 1968 5631 2263 5670">
     <span class='ocr_line' id='line_1_122' title="bbox 1968 5631 2263 5670; baseline 0 0"><span class='ocrx_word' id='word_1_770' title='bbox 1968 5632 1997 5670; x_wconf 89' lang='lat' dir='ltr'><strong>e</strong></span> <span class='ocrx_word' id='word_1_771' title='bbox 2030 5631 2263 5670; x_wconf 75' lang='grc' dir='ltr'>σιιιυοιο.</span> 
     </span>
    </p>
   </div>
   <div class='ocr_carea' id='block_1_121' title="bbox 1998 5686 3509 5758">
    <p class='ocr_par' dir='ltr' id='par_1_121' title="bbox 1998 5686 3509 5758">
     <span class='ocr_line' id='line_1_123' title="bbox 1998 5686 3509 5758; baseline 0 -18"><span class='ocrx_word' id='word_1_772' title='bbox 1998 5686 2110 5758; x_wconf 80' lang='grc'>(95)</span> <span class='ocrx_word' id='word_1_773' title='bbox 2155 5687 2286 5758; x_wconf 73' lang='grc' dir='ltr'><strong>Ἐπὶ</strong></span> <span class='ocrx_word' id='word_1_774' title='bbox 2334 5688 2628 5744; x_wconf 79' lang='grc' dir='ltr'>τοσοῦτον</span> <span class='ocrx_word' id='word_1_775' title='bbox 2678 5691 2907 5747; x_wconf 79' lang='grc' dir='ltr'>πᾶσαν.</span> <span class='ocrx_word' id='word_1_776' title='bbox 2966 5689 3323 5744; x_wconf 79' lang='lat' dir='ltr'><strong>Srribendum</strong></span> <span class='ocrx_word' id='word_1_777' title='bbox 3377 5697 3509 5757; x_wconf 88' lang='lat' dir='ltr'><strong>puto</strong></span> 
     </span>
    </p>
   </div>
   <div class='ocr_carea' id='block_1_122' title="bbox 1933 5757 3508 5838">
    <p class='ocr_par' dir='ltr' id='par_1_122' title="bbox 1933 5757 3508 5838">
     <span class='ocr_line' id='line_1_124' title="bbox 1933 5757 3508 5838; baseline -0.005 -19"><span class='ocrx_word' id='word_1_778' title='bbox 1933 5757 2324 5838; x_wconf 56' lang='lat' dir='ltr'><strong>{ﬁel_=oco&#39;3_rc;&gt;</strong></span> <span class='ocrx_word' id='word_1_779' title='bbox 2354 5762 2555 5825; x_wconf 80' lang='grc' dir='ltr'>πᾶσαν,</span> <span class='ocrx_word' id='word_1_780' title='bbox 2576 5771 2683 5819; x_wconf 87' lang='lat' dir='ltr'><strong>etc.</strong></span> <span class='ocrx_word' id='word_1_781' title='bbox 2719 5764 2773 5817; x_wconf 91' lang='lat' dir='ltr'><strong>In</strong></span> <span class='ocrx_word' id='word_1_782' title='bbox 2806 5765 2946 5819; x_wconf 84' lang='lat' dir='ltr'><strong>libro</strong></span> <span class='ocrx_word' id='word_1_783' title='bbox 2973 5759 3105 5815; x_wconf 82' lang='lat' dir='ltr'><strong>Fuk.</strong></span> <span class='ocrx_word' id='word_1_784' title='bbox 3137 5760 3395 5815; x_wconf 84' lang='lat' dir='ltr'><strong>scribitur</strong></span> <span class='ocrx_word' id='word_1_785' title='bbox 3415 5758 3508 5811; x_wconf 72' lang='grc' dir='ltr'><strong>ἐπὶ</strong></span> 
     </span>
    </p>
   </div>
   <div class='ocr_carea' id='block_1_123' title="bbox 1932 5829 2448 5903">
    <p class='ocr_par' dir='ltr' id='par_1_123' title="bbox 1932 5829 2448 5903">
     <span class='ocr_line' id='line_1_125' title="bbox 1932 5829 2448 5903; baseline 0.01 -22"><span class='ocrx_word' id='word_1_786' title='bbox 1932 5829 2152 5882; x_wconf 83' lang='grc' dir='ltr'>τοσοῦτο</span> <span class='ocrx_word' id='word_1_787' title='bbox 2181 5829 2309 5903; x_wconf 81' lang='grc' dir='ltr'>γάρ,</span> <span class='ocrx_word' id='word_1_788' title='bbox 2344 5842 2448 5886; x_wconf 88' lang='lat' dir='ltr'><strong>etc.</strong></span> 
     </span>
    </p>
   </div>
  </div>
