4114 6432
560 247 694 353 toan

1328 283 1600 342 EUSEBll
1643 281 2122 338 ΟίΕδΑῐὶΙΕΝδίδ
2161 281 2309 340 ΟΡΡ.
2340 283 2520 339 PARS
2560 287 2595 340 l.
2639 315 2706 325 ——
2747 283 3144 341 lllSTOBlCA.

3711 292 3910 346 1099

561 409 734 466 destia
762 417 816 462 et
847 402 1102 461 concordi
1135 400 1419 456 alacritate
1451 401 1768 454 incitentur.
1813 398 1965 464 Quod
2003 413 2136 467 quo-

2256 399 2456 452 τάντων
2489 399 2644 469 ἡμῶν
2675 397 2802 470 περὶ
2827 396 2918 451 τὸν
2946 399 3100 467 ἅγιον
3129 399 3290 469 νόμον
3324 400 3650 473 σωφροσύνῃ
3691 403 3905 479 πάσῃ

563 503 708 559 niam
735 500 987 558 omnibus
1017 496 1528 567 perspectissimum
1571 507 1693 548 esse
1734 491 1974 557 conﬁdo,
2005 491 2138 544 illud

565 598 662 654 tibi
713 598 766 651 in
815 596 1006 662 primis
1055 604 1380 660 persuasum
1430 587 1614 653 velim,
1643 585 1784 640 nihil
1829 585 1962 639 mihi
2000 585 2140 639 anti-

563 689 724 759 quius
745 701 888 752 esse,
915 700 1077 755 quam
1101 692 1160 737 ut
1195 695 1410 736 sacrum
1439 679 1590 734 illum
1625 681 1802 732 locum
1844 691 2006 746 quem
2047 679 2140 733 Dei

559 781 714 852 jussu
755 777 1070 848 turpissima
1116 774 1422 844 adjectione
1467 770 1747 825 simulacri
1792 769 1944 824 velut
1988 769 2139 840 gravi

563 872 796 942 quodam
832 869 1066 940 pondere
1103 863 1503 934 exoneravi,|et
1549 863 1644 932 qui
1695 862 1766 917 ab
1829 860 1988 916 initio
2025 861 2143 930 qui-

565 967 687 1019 dem
734 963 826 1018 Dei
855 961 1060 1032 judicio
1098 969 1324 1016 sanctus
1372 955 1497 1020 fuit,
1541 964 1730 1026 postea
1783 968 1915 1010 vero
1969 953 2142 1008 multo

566 1054 805 1110 sanctior
831 1050 1059 1108 effectus
1091 1058 1194 1116 est,
1252 1064 1319 1103 ex
1379 1061 1487 1117 quo
1534 1045 1828 1099 Dominicae
1869 1041 2143 1114 passionis

566 1148 728 1202 fidem
774 1147 828 1201 in
883 1145 1056 1199 lucem
1092 1141 1361 1211 protulit;
1401 1155 1549 1204 eum,
1581 1138 1826 1208 inquam,
1860 1136 2038 1191 locum
2069 1135 2143 1188 fa-

565 1238 837 1293 bricarum
883 1234 1286 1305 pulchritudine
1317 1245 1671 1287 exorucn'aus.

1117 1410 1345 1466 CAPUT
1388 1408 1581 1463 XXXI.

567 1501 721 1569 Quod
753 1502 887 1556 hanc
923 1501 1110 1566 cedem,
1147 1502 1417 1561 manium,
1469 1500 1861 1566 columnarum,
1905 1509 1951 1552 et
2002 1517 2146 1552 mar-

639 1589 845 1694 riorum
887 1581 1174 1631 venustate,
1213 1584 1434 1624 cceteras
1477 1569 1723 1624 ecclesias
1762 1586 2012 1640 superare
2050 1587 2145 1624 vo-

663 1654 817 1694 uent.

663 1654 817 1697 uertt.

647 1735 852 1788 :Decet
878 1733 1061 1802 itaque
1102 1729 1444 1800 prudentiam
1505 1739 1651 1784 tuam
1689 1730 1900 1800 singula
1929 1731 1995 1785 ad
2013 1747 2145 1800 opus

570 1825 875 1880 necessaria
927 1825 1000 1878 ita
1040 1824 1331 1892 disponere
1383 1833 1438 1878 et
1487 1838 1710 1890 curare,
1745 1833 1804 1878 ut
1847 1839 1953 1878 non
1983 1826 2145 1880 modo

568 1915 800 1974 basilica
850 1917 962 1985 ipsa
1012 1916 1254 1970 omnium
1309 1929 1430 1983 quae
1468 1914 1666 1984 ubique
1719 1924 1847 1970 sunt
1894 1917 2147 1986 pulcher-

568 2010 733 2073 rima.
783 2009 877 2063 sed
919 2017 974 2062 et
1019 2007 1225 2076 reliqua
1274 2008 1516 2061 membra
1596 2007 1861 2077 ejusmodi
1910 2010 2039 2074 sint,
2090 2019 2148 2063 ut

567 2115 756 2158 omnes
787 2101 1140 2170 quantumvis
1185 2098 1400 2153 eximite
1443 2098 1781 2169 singularum
1817 2101 2034 2155 urbium
2067 2101 2149 2154 fa-

565 2193 733 2248 bricae
760 2196 828 2247 ab
863 2193 966 2248 hac
1002 2208 1106 2246 una
1152 2191 1315 2247 facile
1350 2200 1709 2262 superentur.
1746 2193 1826 2248 Ac
1873 2196 1939 2248 de
1968 2195 2149 2264 parie-

567 2294 683 2340 tum
710 2285 924 2356 quidem
959 2286 1372 2341 substructione
1402 2295 1458 2341 et
1486 2287 1788 2358 elegantia,
1831 2285 2146 2342 Draciliano

569 2380 748 2433 amico
784 2389 997 2442 nostro,
1028 2380 1210 2448 agenti
1255 2380 1403 2433 vices
1453 2381 1835 2451 prafectorum
1866 2380 2145 2450 praatorio,

567 2479 624 2525 et
648 2470 867 2540 praesidi
892 2470 1205 2538 provinciae,
1255 2473 1399 2526 scias
1429 2487 1457 2525 a
1507 2486 1594 2528 me
1631 2487 1820 2528 curam
1853 2487 1975 2526 esse
2001 2486 2150 2526 com-

570 2563 816 2617 missam.
846 2559 1313 2630 Jussitsiquidem
1347 2563 1520 2632 pietas
1569 2575 1780 2628 nostra,
1813 2575 1873 2617 ut
1909 2564 2150 2619 artiﬁces

567 2663 624 2709 et
657 2653 920 2722 operarii,
960 2661 1016 2706 et
1058 2667 1394 2722 quacunque
1425 2654 1492 2707 ad
1532 2655 1638 2709 boc
1663 2669 1800 2724 opus
1844 2655 2148 2709 necessaria

568 2761 688 2802 esse
737 2763 804 2801 ex
855 2748 1142 2817 prudentia
1195 2755 1286 2800 tua
1338 2749 1712 2815 cognoverint,
1765 2748 2018 2817 protinus
2066 2748 2150 2802 in-

573 2847 756 2895 stante
787 2838 998 2893 illorum
1031 2838 1399 2894 sollicitudine
1423 2840 1754 2910 dirigantur.
1786 2842 1862 2896 De
1885 2841 2150 2898 columnis

569 2950 701 2990 vero
730 2943 781 2988 et
809 2934 1194 3002 marmoribus,
1237 2949 1576 3004 quaecunque
1621 2944 1676 2990 et
1729 2936 2055 3005 pretiosiora
2095 2947 2152 2991 et

577 3028 798 3084 utiliora
834 3044 958 3083 esse
1007 3028 1124 3097 ipso
1170 3035 1391 3098 aspectu
1442 3026 1792 3096 iudicaveris,
1826 3045 1956 3084 cura
1989 3039 2049 3084 ut
2081 3031 2148 3085 ad

2247 491 2339 542 καὶ
2373 489 2710 561 ὁμογνώμονι
2747 489 3028 562 προθυμίᾳ
3056 491 3470 560 σπουδαιότεραι
3510 493 3898 560 γίγνωνται.

2251 584 2425 654 Ὅπερ
2456 584 2499 636 δ’
2533 579 2624 642 οὖν
2659 581 2766 654 (96)
2795 583 2961 635 πᾶσιν
2997 576 3135 634 εἶναι
3173 581 3381 652 νομίζω
3400 584 3663 654 φανερὸν,
3695 585 3896 636 ἐλεεῖς

2247 693 2306 730 νο
2337 674 2568 746 μάλιστα
2598 674 2888 729 πεπεῖσθαι
2924 673 3204 743 βούλομαι,
3237 673 3313 736 ὡς
3352 673 3461 744 ἄρα
3487 675 3722 728 πάντων
3777 693 3890 743 μοι

2252 767 2448 837 μᾶλλον
2476 767 2646 838 μέλει,
2680 767 2828 828 ὅπως
2851 763 2942 818 τὸν
2977 763 3121 834 ἱερὸν
3146 764 3355 817 ἐκεῖνον
3387 763 3578 828 τόπον,
3606 765 3672 817 ὃν
3709 764 3890 818 εδεοῦ

2249 861 2649 933 προστάγματι,
2695 857 2978 929 αἰσχίστης
3023 855 3240 909 εἰδώλου
3282 856 3607 927 προσθήκης
3654 855 3887 926 ὥσπερ

2249 954 2393 1018 τινὸς
2449 951 2795 1023 ἐπικειμένου
2865 950 3092 1022 βάρους,
3159 948 3454 1017 ὲκούφισα,
3517 949 3686 1017 ἅγιον
3765 952 3885 1018 μὲν

2250 1046 2309 1111 ἐξ
2363 1045 2533 1118 ἀρχῆς
2595 1044 2728 1097 Θεοῦ
2783 1043 2963 1114 κρίσει
3012 1041 3398 1114 γεγενημένον,
3454 1040 3791 1112 ἀγιώτερον
3827 1042 3880 1095 δ’

2250 1137 2652 1208 ἁποφανθὲντα,
2677 1138 2768 1206 ἀφ’
2794 1131 2854 1190 οὗ
2889 1135 2981 1189 τοῦ
3015 1136 3280 1207 σωτηρίου
3307 1134 3514 1198 πάθους
3548 1133 3760 1186 πίστιν
3787 1136 3880 1196 εἰς

2251 1230 2367 1300 φῶς
2417 1230 2750 1302 προήγαγεν,
2798 1224 3243 1296 οἰκοδομημάτων
3299 1223 3485 1277 κάλλει
3545 1222 3878 1291 κοσμήσῃ»

2297 1340 2353 1375 εν
2365 1366 2379 1379 .

2297 1341 2353 1375 εν
2365 1366 2379 1379 .

2253 1341 2294 1394 μ
2763 1410 3159 1463 ΚΕΦΑᾹΑΙΟΝ
3198 1410 3322 1462 AA'.

2255 1505 2391 1573 Περὶ
2419 1504 2524 1558 τοῦ
2555 1502 2674 1557 τῶν
2699 1503 2769 1556 ἐν
2787 1501 2858 1571 τῇ
2875 1501 3196 1570 οἰκουμένῃ
3235 1501 3449 1558 πασῶν
3483 1497 3869 1573 ἐκκτιησιῶν

2323 1571 2782 1643 οἰκοδομηθῆναι
2815 1573 3109 1627 καλλίονα
3142 1573 3366 1641 τοίχοις
3408 1573 3508 1625 καὶ
3540 1571 3720 1623 κίοσι
3757 1571 3869 1622 καὶ

2317 1645 2667 1716 μαρμάροις·

2330 1739 2636 1810 «Προσήκει
2669 1737 2847 1790 τοίνυν
2883 1735 2981 1807 τὴν
3014 1734 3110 1807 σὴν
3134 1735 3411 1805 ἀγχίνοιαν
3437 1730 3864 1796 οὖτωδιατάξαι

2249 1844 2310 1882 τε
2343 1831 2436 1884 καὶ
2468 1831 2697 1883 ἑκάστου
2721 1829 2827 1881 τῶν
2856 1827 3168 1896 ἀναγκαίων
3195 1825 3528 1897 ποιήσασθαι
3560 1824 3856 1895 πρόνοιαν,

2248 1925 2324 1988 ὡς
2374 1923 2434 1976 οὐ
2481 1923 2638 1992 μόνον
2695 1922 2983 1992 βασιλικὴν
3025 1919 3135 1974 τῶν
3187 1916 3507 1990 ἁπανταχοῦ
3571 1916 3855 1987 βελτίονα.

2247 2015 2384 2069 ἀλλά
2415 2017 2508 2068 καὶ
2539 2014 2609 2069 τὰ
2635 2015 2797 2068 λοιπὰ
2840 2013 3062 2069 τοιαῦτα
3099 2012 3404 2082 γίγνεσθαι,
3444 2011 3522 2074 ὡς
3558 2011 3749 2064 πάντα
3783 2011 3857 2061 τά

2248 2107 2333 2176 ἐφ’
2379 2106 2616 2178 ἑκάστης
2653 2105 3074 2160 καλλιστεύοντα
3106 2105 3316 2167 πόλεως
3345 2103 3451 2156 ὑπὸ
3485 2103 3584 2156 τοῦ
3611 2102 3854 2171 κτίσμα-

2249 2217 2340 2263 τος
2378 2198 2569 2252 τούτου
2607 2198 2882 2253 νικᾶσθαι.
2914 2198 3026 2252 Καὶ
3069 2197 3198 2267 περὶ
3232 2197 3330 2267 μὲν
3363 2195 3464 2266 τῆς
3493 2195 3605 2247 τῶν
3640 2194 3852 2262 τοίχων

2249 2290 2518 2364 ὲγέρσεὼς
2565 2308 2624 2345 τε
2660 2291 2752 2345 καὶ
2791 2289 3163 2362 καλλιεργίας,
3202 2286 3552 2360 Δρακιλιανῷ
3587 2285 3656 2355 τῷ
3689 2288 3842 2355 ἡμε-

2248 2381 2391 2452 τέρῳ
2421 2381 2579 2452 φίλῳ,
2611 2381 2690 2452 τῷ
2713 2381 2951 2434 διέποντι
2976 2379 3046 2432 τὰ
3074 2379 3182 2431 τῶν
3214 2377 3492 2449 ἐπαρχιῶν
3527 2375 3667 2446 μέρη
3701 2374 3843 2444 (97),

2251 2475 2344 2527 κα).
2371 2473 2448 2544 τῷ
2481 2474 2578 2544 τῆς
2612 2473 2881 2545 ἐπαρχίας
2913 2473 3156 2542 ἄρχοντι,
3195 2470 3323 2540 παρ’
3354 2468 3511 2539 ἡμῶν
3540 2468 3643 2538 τὴν
3680 2483 3848 2536 φρον-

2248 2565 2367 2619 τίδα
2403 2563 2804 2635 ἐγκεχειρίσθαι
2837 2564 3092 2632 γίνωσκε.
3120 2561 3454 2614 Κεκέλευται
3481 2548 3594 2628 γάρ
3619 2558 3732 2613 ὑπὸ
3752 2558 3850 2630 τῆς

2251 2655 2391 2727 ὲμῆς
2417 2655 2725 2719 εὐσεϐείας,
2755 2656 2849 2708 καὶ
2875 2653 3246 2731 τεχνίταςῠκαὶ
3272 2651 3530 2723 ἐργάτας,
3561 2649 3660 2703 καὶ
3687 2647 3848 2702 πάνθ’

2252 2750 2394 2821 άπερ
2439 2751 2518 2812 είς
2561 2747 2851 2819 οἰκοδομὴν
2890 2748 3162 2816 ἀναγκαία
3209 2747 3497 2816 τυγχάνειν
3544 2743 3708 2816 παρὰ
3753 2744 3852 2814 τῆς

2254 2843 2352 2913 σῆς
2405 2840 2774 2912 καταμάθοιεν
2829 2840 3130 2910 ἀγχινοίας,
3195 2838 3539 2909 παραχρῆμα
3601 2836 3694 2890 διὰ
3753 2835 3851 2906 τῆς

2251 2931 2475 2984 ἐκείνων
2521 2931 2780 3001 προνοίας
2827 2929 3224 2998 ἀποσταλῆναι.
3264 2928 3401 2998 Περὶ
3426 2926 3483 2979 δὲ
3511 2924 3624 2978 τῶν
3653 2925 3850 2978 κιόνων

2252 3022 2430 3077 είτουν
2466 3023 2793 3094 μαρμάρων,
2827 3020 2863 3074 ἃ.
2891 3021 2936 3073 δ’
2963 3019 3029 3074 ἂν
3061 3018 3344 3090 νομίσειας
3374 3013 3510 3070 εἶναι
3538 3014 3851 3087 τιμιώτερά

572 3138 672 3178 nos
699 3122 1004 3193 perscribas
1041 3138 1056 3175 :
1095 3130 1155 3174 ut
1196 3135 1318 3174 cum
1349 3134 1417 3174 ex
1462 3119 1662 3175 litteris
1689 3122 1796 3177 tuis
1830 3122 2149 3192 cognoveri-

2256 3136 2313 3171 τε
2335 3117 2427 3170 καὶ
2447 3115 2859 3189 χρησιμώτερα,
2889 3115 3057 3186 αὐτῆς
3084 3112 3360 3182 συνόψεως
3379 3110 3682 3182 γενομένης
3711 3108 3842 3178 (98),

572 3231 694 3272 Inus
733 3224 866 3285 quot
914 3223 968 3268 et
1008 3213 1264 3283 qualibus
1308 3227 1444 3282 opus
1489 3213 1580 3275 sit,
1623 3229 1686 3268 ea
1721 3214 1958 3286 undique
1990 3215 2147 3285 501

573 3309 785 3377 possint
827 3307 1179 3376 comportari.
1239 3305 1477 3375 quuum
1525 3313 1611 3359 est
1649 3305 1794 3359 enim
1833 3309 2010 3376 utqui
2043 3323 2154 3376 pra:

579 3399 745 3453 totius
776 3398 924 3453 orbis
947 3399 1083 3454 locis
1113 3398 1352 3453 maxime
1383 3396 1720 3452 admirabilis
1743 3407 1828 3452 est
1856 3397 2030 3462 locus,
2057 3411 2154 3466 pro

579 3493 840 3559 dignitate
869 3506 964 3545 sua
997 3499 1318 3546 exornetur.

1125 3670 1354 3726 CAPUT
1394 3669 1610 3725 XXXII.

581 3757 651 3813 Ut
685 3760 748 3814 de
783 3750 1177 3827 pulcltrititdine
1213 3763 1445 3826 conclia,
1481 3774 1528 3817 et
1559 3763 1624 3815 de
1671 3763 1962 3830 artificibus
1993 3779 2055 3816 ac
2091 3764 2155 3816 de

793 3833 1014 3884 materia
1046 3832 1315 3886 Macarius
1345 3835 1414 3886 ad
1451 3833 1702 3901 prwsides
1725 3834 1940 3885 scribat.

674 3939 694 3973 ι
727 3921 898 3976 Porro
925 3938 1195 3977 cameram
1217 3923 1468 3992 basilicas,
1503 3933 1680 3979 utrum
1718 3926 2046 3991 laqueatum,
2086 3939 2153 3978 an

582 4010 688 4066 alio
747 4011 1002 4081 quopiam
1058 4011 1245 4080 operis
1292 4025 1494 4080 genere
1543 4010 1848 4065 faciendam
1901 4025 2153 4074 censeas,

582 4102 786 4162 certior
819 4118 847 4154 a
880 4111 931 4155 te
963 4101 1077 4154 ﬁeri
1110 4099 1294 4156 velim.
1328 4098 1463 4154 Nam
1493 4102 1537 4153 si
1593 4100 1844 4170 laqueata
1877 4100 1988 4166 ﬂet,
2021 4116 2156 4156 auro

637 4274 763 4344 '(96)
796 4274 981 4341 Ὅπερ
1012 4273 1064 4326 δ’
1098 4267 1230 4328 οὖν.
1258 4272 1359 4330 llic
1381 4273 1532 4330 locus
1557 4289 1622 4329 ex
1654 4275 1878 4330 Socrate
1902 4283 1956 4329 et
1978 4274 2155 4329 Theo-

583 4345 762 4400 dorito
795 4344 1162 4398 eluendamius
1191 4354 1295 4399 est.

654 4413 766 4485 (97)
797 4413 1158 4485 Δρακιζιανῷ
1202 4413 1282 4480 τῷ
1305 4414 1569 4468 διέποντι
1605 4413 1679 4468 τὰ
1704 4415 1823 4469 τῶν
1855 4413 2156 4485 ἐπαρχιῶν

2255 3210 2392 3279 πρὸς
2422 3211 2569 3282 ἡμᾶς
2597 3209 2806 3281 γράψαι
2831 3207 3152 3270 σπούδασον,
3176 3206 3242 3259 ἵν’
3266 3207 3405 3258 ὅσων
3430 3204 3495 3257 ἂν
3521 3203 3620 3257 καὶ
3644 3202 3843 3256 ὁποίων

2254 3301 2443 3371 χρείαν
2500 3295 2640 3353 εἶναι
2683 3299 2770 3352 διὰ
2821 3298 2916 3352 τοῦ
2972 3296 3064 3351 σοῦ
3125 3296 3452 3368 γράμματος
3503 3294 3839 3365 ὲπιγνῶμεν,

2254 3390 2428 3444 ταῦτα
2481 3390 2819 3462 πανταχόθεν
2881 3389 3268 3461 μετενεχθῆναι
3315 3388 3551 3460 δυνηθῇο
3591 3388 3687 3441 τὸν
3734 3387 3837 3458 γὰρ

2252 3483 2348 3538 τοῦ
2396 3483 2603 3555 κόσμου
2652 3482 3100 3556 θαυμασιώτερον
3153 3482 3318 3534 τόπον
3362 3481 3481 3533 κατ’
3515 3480 3674 3546 ἀξίαν
3719 3497 3838 3551 φαι-

2254 3574 2544 3646 δρύνεσθαι
2575 3574 2807 3629 δίκαιον.

2769 3665 3165 3719 ΚΕΦΑΛΑΙΟΝ
3205 3663 3328 3719 AB'.

2261 3759 2380 3812 Ὀτι
2410 3759 2508 3812 καὶ
2543 3757 2674 3826 περὶ
2710 3755 2816 3808 τοῦ
2847 3756 3118 3823 κάλλους
3145 3756 3253 3824 τῆς
3279 3757 3526 3826 κόγχης,
3556 3756 3654 3809 καὶ
3682 3757 3831 3825 ἐργπ-

2437 3827 2554 3882 τῶν
2592 3811 2697 3881 θεαὶ
2728 3827 2894 3881 ὑλῶν
2931 3811 3664 3894 ἑδήλῶσέῖτοῖξῖίρέουσι.

2332 3940 2349 3971 ι
2373 3922 2482 3992 Τὴν
2505 3921 2563 3975 δὲ
2588 3921 2686 3992 τῆς
2707 3920 2989 3990 βασιλικῆς
3015 3919 3303 3991 καμάραν,
3338 3921 3568 3991 πότερον
3599 3919 3827 3973 λακωνα·

2262 4014 2381 4087 ρίαν
2402 4013 2533 4083 (99),
2558 4014 2590 4086 ἢ
2613 4013 2678 4066 δι’
2704 4013 2897 4084 ἐτέρας
2917 4012 3061 4077 τινος
3095 4011 3352 4084 ἐργασίας
3381 4012 3632 4081 γενέσθαι
3656 4029 3732 4065 σοι
3759 4011 3826 4064 δα

2257 4107 2362 4169 κεῖ,
2405 4103 2554 4175 παρά
2588 4103 2683 4157 σοῦ
2718 4102 2922 4172 γνῶναι
2965 4102 3241 4173 βούλομαι.
3291 4103 3355 4156 Ei
3385 4101 3493 4174 γάρ
3531 4102 3824 4173 λακωναρία

2257 4277 2516 4333 occurrit.
2568 4277 2863 4343 Caeterum,
2911 4287 2970 4333 ut
3027 4277 3269 4349 praefecti
3323 4279 3581 4348 praetorio
3629 4288 3821 4332 tantum

2259 4349 2546 4404 clarissimi
2581 4359 2737 4402 erant
2767 4349 3117 4404 Constantini
3145 4358 3326 4413 aetate,
3366 4349 3437 4401 ita
3475 4350 3659 4403 vicarii
3691 4364 3821 4416 pra:-

2263 4422 2487 4474 l'ecturae
2533 4421 2877 4488 praetorianae
2923 4420 3163 4487 ejusdem
3205 4418 3551 4473 Constantini
3580 4420 3818 4484 tempori-

580 4465 763 4558 μέξωιί
782 4465 848 4538 Ei
873 4485 962 4538 hic
996 4465 1145 4558 locus
1171 4465 1520 4558 exTSocrate,
1552 4485 1882 4558 'l‘ltcodorito
1910 4465 2154 4558 ac'Nicg-
2187 4465 2232 4520 υ
2264 4465 3818 4558 ἱῆἷςξἓνῖἷιιῖιόἶιῖυιίἶ’ῤ’ἔτιὲἓίῖξεῖὦῶ]ἶὶῐᾶὲέϊέρῖἐίὂὶἶ’έά

585 4557 755 4622 phoro
805 4556 1176 4609 emendandus
1220 4565 1302 4610 est
1348 4556 1401 4609 in
1450 4556 1590 4609 hunc
1630 4556 1894 4609 modum:
1943 4554 2013 4608 τὰ
2043 4555 2152 4609 τῶν

581 4623 978 4706 λαμπροτάτων
1030 4624 1286 4706 επάρχων
1343 4627 1518 4697 μέρη,
1584 4627 1635 4706 id
1687 4637 1788 4690 cst,
1845 4626 2152 4706 Draciliano

584 4697 759 4764 agenti
807 4697 942 4749 vices
993 4697 1410 4750 clarissimorum
1462 4697 1829 4764 praefectorum
1881 4698 2152 4764 prcetorio.

634 4774 814 4818 xstant
839 4773 988 4819 certe
1009 4768 1124 4819 dua:
1152 4767 1489 4821 Constantini
1519 4767 1729 4835 legesin
1758 4767 1947 4822 codice
1973 4767 2152 4821 Theo-

585 4835 834 4896 dosiano,
860 4835 1028 4888 altera
1070 4838 1120 4890 in
1151 4837 1304 4892 titulo
1333 4839 1406 4891 De
1441 4842 1651 4900 usuris,
1683 4839 1851 4891 altera
1885 4837 1958 4892 De
1984 4838 2154 4891 haere-

585 4905 732 4966 ticis,
762 4906 828 4958 ad
861 4905 1007 4959 hunc
1033 4908 1394 4962 Dracilianum
1424 4908 1658 4975 scriptae.
1695 4907 1853 4962 Prior
1883 4908 2022 4961 hanc
2059 4909 2154 4960 Ita-

586 4975 679 5048 bet
709 4975 1113 5042 inscriptionem
1142 4995 1156 5030 :
1192 4977 1329 5048 Imp.
1357 4977 1731 5030 Constantinus
1761 4980 1894 5048 Aug.
1921 4979 1988 5031 ad
2015 4976 2152 5030 Dra-

585 5046 836 5099 cilianum
864 5056 1099 5112 agentem
1130 5046 1653 5116 vices'prwfectorum
1689 5046 2152 5115 nra’tJProposita

587 5126 766 5168 autem
791 5123 875 5168 est
897 5116 1150 5170 Caesarei:
1174 5119 1224 5170 in
1252 5118 1534 5171 Palaestina
1559 5133 1627 5172 xv
1676 5117 1794 5172 Kal.
1824 5119 1990 5173 Maias
2012 5117 2155 5171 Pau-

589 5185 697 5258 lino
720 5184 1009 5258 cthuliauo
1052 5203 1190 5258 cies.
1219 5187 1470 5242 Secunda
1497 5202 1626 5242 vero
1651 5193 1923 5258 proposita
1959 5191 2156 5243 dicitur

587 5254 846 5328 Kalendis
869 5255 1141 5328 Septemb.
1165 5258 1491 5320 Generasto,
1509 5254 1867 5314 Constantino
1890 5262 2027 5328 Aug.
2053 5275 2152 5321 vn,

589 5339 641 5379 et
665 5324 982 5381 Constantio
1013 5326 1221 5382 Caesare
1247 5344 1418 5392 coss.,
1445 5330 1496 5382 id
1519 5341 1602 5384 est
1627 5346 1772 5384 anno
1799 5324 2004 5385 Christi
2028 5330 2152 5385 ὅτιὸ.

588 5397 706 5463 Quo
730 5397 895 5468 etiam
926 5412 1069 5452 anno
1100 5397 1483 5453 Constantinus
1517 5400 1654 5456 hanc
1690 5402 1971 5468 epistolam
2020 5402 2157 5455 scri-

590 5469 696 5536 psit
719 5467 784 5519 ad
815 5466 1106 5543 Macarium
1139 5473 1451 5543 episcopum
1483 5466 2001 5543 Hierosolymorum.
2035 5473 2158 5543 Por-

591 5552 652 5610 ro
685 5540 979 5610 notandum
1036 5550 1120 5595 cst
1154 5542 1444 5610 praefectos
1492 5540 1746 5610 praetorio
1796 5545 1882 5596 hic
1913 5543 2018 5597 dici
2047 5542 2158 5597 cla-

592 5606 855 5662 rissimos.
891 5608 1139 5684 Nondum
1161 5606 1325 5684 enim
1351 5606 1808 5684 illustrissimatus
1838 5614 2155 5684 dignitatem

593 5689 936 5755 acceperant.
963 5682 1150 5755 Sedet
1166 5682 1382 5755 inaliis
1401 5679 1750 5755 Constantini
1784 5679 1992 5753 legibus
2015 5701 2157 5752 pra:-

588 5743 1011 5824 ‘fecti‘prtetori-o
1043 5753 1330 5810 clarissimi
1381 5753 1661 5821 dicuntur,
1703 5763 1763 5809 ut
1811 5743 1865 5810 in
1893 5755 1976 5812 his
2005 5743 2157 5811 libris

2261 4560 2590 4613 Probianum
2625 4561 3004 4628 proconsulem
3040 4559 3257 4613 Africae.
3292 4560 3446 4628 Apud
3477 4561 3815 4612 Athanasium

2262 4633 2315 4683 in
2341 4629 2676 4698 Apologetico
2705 4631 2772 4683 ad
2795 4631 3195 4692 Constantium;
3220 4643 3340 4697 pag.
3376 4629 3499 4684 791:
3540 4629 3816 4698 Ἀντωνίνῳ

2263 4699 2492 4774 βιάρχῳ,
2527 4701 2864 4774 κεντηναρίῳ
2896 4700 3002 4753 τῶν
3027 4699 3423 4772 λαμπροτάτων
3460 4699 3706 4771 ἐπάρχων
3732 4699 3814 4752 τοῦ

2264 4771 2425 4843 ἱεροῦ,
2438 4771 2794 4842 πραιτωρίου.

2328 4841 2438 4913 (98)
2471 4838 2792 4913 Συνόψεως
2819 4839 3164 4912 γενομένης.
3193 4840 3317 4913 Ηοο
3335 4838 3455 4913 loco
3481 4838 3696 4908 σύνοψις
3721 4839 3812 4913 ior-

2264 4909 2716 4980 mam‘siguilicat
2744 4929 2806 4965 ac
2827 4909 3250 4967 'dclineationem
3295 4909 3458 4980 inituri
3490 4914 3688 4978 operis.
3715 4912 3812 4977 Quo

2263 4997 2424 5036 sensu
2470 4979 2704 5035 sumitur
2731 4983 2895 5036 etiam
2933 4985 2984 5035 iu
3030 4981 3263 5051 epistola
3303 4979 3530 5033 llimerii
3559 4982 3812 5035 rationalis

2266 5053 2610 5105 Alexandria:
2662 5052 2728 5105 ad
2776 5052 3091 5120 praefectum
3136 5052 3425 5115 Μαι-ροισι,
3459 5066 3622 5118 quam
3673 5053 3810 5105 refert

2263 5123 2598 5192 Athanasius
2639 5122 2690 5176 in
2735 5121 3018 5191 Apologia,
3058 5139 3179 5192 pag.
3212 5122 3336 5176 805.
3364 5121 3660 5187 Posmuam
3691 5126 3807 5176 enim

2263 5191 2400 5244 dixit
2444 5195 2744 5261 Augustum
2779 5203 2833 5247 et
2864 5193 3104 5247 Caesares
3136 5191 3469 5260 permisisse
3516 5193 3737 5261 Ischyrae
3761 5203 3807 5243 ut

2262 5263 2550 5316 ecclesiam
2582 5264 2634 5316 in
2667 5279 2806 5334 pago
2828 5279 2926 5319 suo
2958 5265 3273 5326 aediﬁcaret,
3307 5264 3528 5316 mandat
3549 5263 3806 5330 praeposito

2263 5334 2384 5400 pagi
2420 5333 2586 5398 illius,
2632 5333 2690 5388 ut
2722 5337 2950 5388 formam
2997 5335 3167 5388 futuri
3213 5335 3393 5401 operis
3436 5335 3804 5400 quamprimum

2263 5403 2519 5465 deliueet,
2554 5413 2608 5456 et
2633 5407 2696 5456 ad
2723 5403 2952 5458 ollicium
2983 5420 3136 5458 suum
3165 5404 3339 5457 mittat
3366 5421 3380 5457 :
3409 5403 3692 5473 Φρόντισον
3720 5401 3806 5454 τοί-

2261 5490 2356 5556 νυν
2388 5475 2445 5525 ὲν
2477 5473 2628 5543 τάχει
2656 5475 2754 5544 τὴν
2792 5474 3008 5544 σύνοψιν
3049 5474 3431 5546 ποιησάμενος,
3456 5472 3535 5536 εἰς
3559 5473 3654 5542 τὴν
3680 5472 3805 5535 τάξιν

2264 5547 2594 5612 ἀνενεγκεῖν.

2309 5613 2434 5684 ’(99)
2480 5613 2599 5680 Τὴν
2623 5614 2690 5668 δὲ
2723 5614 2833 5683 τῆς
2877 5613 3204 5683 βασιλικῆς
3238 5613 3545 5684 καμάραν,
3585 5615 3805 5680 πότερον

2261 5685 2658 5752 λακωναρίαν.
2692 5686 3044 5740 Basilicarum
3074 5703 3305 5739 camera:
3340 5687 3548 5739 duobus
3580 5685 3684 5737 fere
3711 5698 3802 5734 mo-

2265 5759 2346 5810 dis
2375 5758 2818 5827 disponebantur.
2861 5759 2966 5812 Aut
2997 5759 3141 5812 enim
3188 5758 3531 5812 lacunaribus
3562 5756 3798 5810 ornaban-
