4114 6432
359 276 496 331 1105

1409 276 1499 332 DE
1533 275 1695 334 VITA
1727 277 2191 336 CONSTANTINI
2231 277 2358 333 LIB.
2399 277 2491 332 III.
3149 311 3184 342 ,ι

3477 268 3618 324 ιιοσ

356 393 532 446 πάντα
573 394 674 470 τῆς
703 394 849 466 ζωῆς
886 397 1076 470 χρόνον
1106 398 1192 451 ἐπ’
1234 398 1382 470 αὐτῷ
1409 401 1616 471 γήραος
1659 403 1796 474 οὐδῷ
1829 403 1912 456 δια

2041 419 2212 472 usque
2238 402 2302 456 ad
2334 401 2507 473 prima
2560 395 2854 454 senectutis
2894 395 3080 451 limina
3110 395 3165 451 in
3200 409 3408 452 summa
3450 393 3620 450 lebet-

353 487 742 557 περαναμένη,
792 488 970 557 λόγοις
1014 490 1072 544 δὲ
1130 489 1224 543 καὶ
1262 489 1444 562 ἔργοις
1491 490 1601 544 τῶν
1653 495 1936 566 σωτηρίων

351 579 827 650 παραγγελμάτων
893 581 1139 646 εὐθαλεῖς
1206 584 1600 657 παρασχομένη
1663 589 1932 658 καρποὺς,

351 666 568 722 κᾶπειθ’
614 669 754 723 οὕτω
807 670 919 742 βίον
971 673 1203 745 εὐσταλῆ
1257 674 1352 728 καὶ
1402 673 1629 739 ἄλυπον,
1686 667 1934 747 σώματος

349 759 486 830 ὁμοῦ
522 760 616 814 καὶ
649 761 828 833 ψυχῆς
860 765 917 816 ὲν
946 766 1242 838 ἐρρωμένῳ
1273 769 1580 839 φρονήματι
1613 767 1928 824 διανύσασα·

350 857 436 926 ἐφ’
464 851 544 922 οἷς
573 860 666 912 καὶ
692 858 844 924 τέλος
866 860 1147 924 εὐσεϐείας
1170 861 1412 928 ἐπάξιον,
1443 860 1667 930 ἀγαθῶν
1695 880 1756 916 τε
1784 864 1934 937 παρά

348 949 485 1006 Θεοῦ
513 950 747 1024 ἀμοιϐὴν
785 952 923 1006 κάπὶ
950 952 1043 1005 τοῦ
1080 952 1345 1024 παρόντος
1376 951 1573 1026 εὕρατο
1601 953 1739 1024 βίου.

855 1045 1253 1099 ΚΕΦΑΛΑΙΟΝ
1285 1047 1419 1103 ΜΔΖ.

348 1137 486 1204 Περὶ
523 1139 983 1209 μεγαλοψυχίας
1029 1139 1129 1192 καὶ
1182 1141 1455 1207 εὐποιίας
1497 1141 1608 1210 τῆς
1663 1143 1927 1211 Ἑλένης.

415 1229 528 1302 Τήν
558 1230 748 1301 γάρτοι
783 1230 1078 1303 σύμπασαν
1135 1231 1277 1302 ἑῴαν
1310 1233 1756 1306 μεγαλοπρεπείᾳ
1787 1235 1932 1306 βασιο

344 1319 501 1394 λικῆς
550 1323 797 1388 ἐξουσίας
837 1324 1302 1396 ἐμπεριελθοῦσα,
1355 1325 1525 1397 μυρία
1575 1326 1672 1397 μὲν
1719 1326 1930 1400 ἀθρόως

346 1415 628 1478 τοῖς.κατά
673 1416 827 1470 πόλιν
865 1417 1116 1488 ἐδωρεῖτο
1139 1417 1351 1490 δήμοις,
1391 1418 1497 1490 ἰδίᾳ
1536 1436 1595 1470 τε
1630 1419 1738 1472 τῶν
1766 1437 1929 1492 προσ·

345 1505 532 1562 ιόντων
605 1509 850 1581 ἑκάστῳ·
902 1508 1068 1580 μυρία
1118 1508 1170 1562 δὲ
1229 1514 1342 1573 τοῖς
1384 1515 1795 1582 στρατιωτικοῖς
1841 1512 1930 1566 τά·

346 1615 516 1671 γμασι
551 1600 701 1672 δεξιᾷ
745 1602 1153 1673 μεγαλοπρεπεῖ
1198 1603 1434 1674 διένεμε,
1478 1604 1706 1659 πλεῖστά
1749 1605 1797 1658 θ’
1827 1607 1928 1660 ὅσα

345 1691 536 1765 πένησι
580 1697 805 1762 γυμνοῖς
856 1695 950 1748 καὶ
1005 1695 1394 1767 ἀπεριστάτοις
1439 1697 1640 1761 ἐδίδου,
1675 1701 1787 1762 τοῖς
1829 1699 1927 1770 μὲν

2037 505 2148 548 tate
2199 493 2547 557 traduxisset,
2580 500 2636 546 et
2663 488 2967 544 divinorum
3009 487 3386 543 mandatorum
3420 488 3616 542 uberes

2036 585 2245 642 fructus
2298 596 2412 640 tum
2463 581 2648 638 verbis
2697 589 2809 635 tant
2865 579 3120 649 operibus
3169 579 3519 651 protulisset,
3549 592 3614 632 ac

2036 685 2319 748 propterea
2350 674 2513 730 vitam
2547 673 2748 729 doloris
2777 681 3052 741 expertem
3075 685 3196 725 cum
3224 685 3437 726 summa
3465 683 3614 724 men-

2039 771 2106 826 tis
2135 779 2189 824 et
2227 769 2484 840 corporis
2535 767 2769 822 sanitate
2811 763 3134 838 peregisset,
3160 764 3374 817 tandem
3407 761 3611 817 exitum

2033 862 2250 932 pietatis
2281 861 2391 917 suae
2440 859 2876 922 convenientem,
2916 865 2970 912 et
3010 855 3313 912 mercedem
3337 855 3614 936 bonorum

2035 970 2256 1027 operum
2284 955 2336 1008 in
2363 953 2466 1008 hac
2495 953 2659 1010 etiam
2682 951 2792 1006 vita
2824 967 2853 1006 a
2889 951 2998 1005 Deo
3037 937 3344 1004 consecuta
3363 940 3496 1017 est,‘

2606 1039 2835 1099 CAPUT
2874 1036 3056 1095 XLIV.

2122 1139 2201 1195 De
2226 1138 2590 1209 magnitudine
2622 1135 2791 1190 animi
2827 1143 2874 1190 et
2907 1131 3245 1202 beneﬁcentia
3283 1128 3522 1185 Helenae.

2102 1233 2310 1304 Quippe
2336 1232 2460 1287 dum
2494 1239 2664 1285 totum
2697 1227 2974 1284 Orientem
3004 1239 3126 1280 cum
3161 1221 3334 1292 regali
3366 1219 3615 1292 magnid-

2031 1328 2206 1380 centia
2241 1332 2516 1397 peragrat,
2569 1333 2680 1376 tum
2718 1318 3056 1382 civitatibus,
3093 1325 3205 1370 tum
3255 1311 3482 1383 privatis
3521 1313 3612 1382 qui

2031 1421 2203 1490 ipsam
2241 1419 2483 1482 adibant,
2510 1415 2795 1470 innumera
2845 1410 3103 1468 beneﬁcia
3137 1408 3434 1464 acervatim
3484 1421 3615 1462 con-

2032 1511 2197 1565 tulit:
2236 1510 2520 1564 innumera
2573 1520 2789 1578 quoque
2846 1503 3174 1559 militaribus
3199 1503 3447 1558 numeris
3475 1500 3611 1557 libe-

2029 1605 2129 1660 rali
2161 1619 2326 1658 manu
2360 1601 2654 1657 distribuit.
2683 1598 3018 1668 Pauperibus
3063 1604 3244 1650 autem
3270 1609 3335 1650 ac
3371 1593 3531 1651 nudis
3557 1604 3612 1649 et

2027 1698 2175 1753 omni
2203 1711 2304 1767 ope
2329 1711 2393 1751 ac
2423 1693 2623 1750 solatio
2641 1691 2912 1748 destitutis
2943 1689 3339 1760 quamplurima
3367 1687 3609 1768 donavit,

344 1787 640 1858 χρημάτων
665 1787 838 1852 δόσεις
868 1788 1185 1860 ποιουμένη,
1215 1792 1327 1853 τοῖς
1354 1789 1409 1842 δὲ
1437 1789 1506 1844 τὰ
1538 1789 1676 1862 πρὸς
1704 1789 1804 1864 τήν
1831 1793 1912 1846 τοῐ

2029 1790 2136 1846 illis
2175 1788 2483 1859 pecuniam,
2521 1787 2607 1841 bis
2652 1793 2896 1850 vestem,
2929 1783 2996 1838 ad
3053 1781 3335 1852 tegendam
3367 1779 3612 1852 corporis

344 1878 594 1950 σώματος
626 1880 835 1952 σκέπην
867 1880 1102 1950 δαψιλῶς
1131 1881 1476 1954 ὲπαρκοῦσα’
1513 1884 1730 1956 ἐτέρους
1760 1885 1927 1956 ἀπήλ-

343 1970 498 2025 λαττε
547 1971 781 2044 δεσμῶν,
842 1975 1119 2044 μετάλλων
1166 1992 1227 2027 τε
1273 1976 1617 2048 κακοπαθείᾳ
1661 1976 1927 2031 ταλαιπω-

341 2063 636 2135 ρουμένους
656 2080 669 2094 °
696 2063 988 2136 ἠλευθέρου
1015 2084 1073 2119 τε
1105 2067 1628 2140 πλεονεκτουμένους
1648 2087 1660 2100 ⁸
1703 2069 1797 2124 καὶ
1828 2069 1926 2124 πά·

341 2163 420 2210 λιν
448 2157 640 2222 ἄλλους
673 2157 888 2231 ὲξορίας
925 2159 1262 2214 ἀνεκαλεῖτο.

843 2251 1143 2306 ΚΕΦΑΛΑΙ
1151 2254 1242 2307 ΟΝ
1280 2251 1415 2307 ME'.

333 2345 530 2412 Ὅπως
564 2343 832 2410 εὐλαϐῶς
863 2345 933 2398 ἐν
963 2344 1481 2469 τιξέςέκκλησίαις
1536 2349 1837 2420 συνήγετο
1879 2351 1918 2419 ἠ

1056 2453 1096 2469 ιν
1151 2434 1248 2469 νη.

1056 2434 1248 2484 uetera).

403 2502 676 2570 Τοιούτοις
709 2504 842 2577 δῆτα
878 2504 1326 2579 λαμπρυνομένη,
1361 2508 1480 2562 οὐδὲ
1513 2509 1614 2580 τῆς
1648 2509 1784 2582 πρὸς
1831 2512 1919 2566 τὸν

337 2594 464 2650 Θεὸν
496 2595 648 2660 ὁσίας
682 2597 1078 2670 κατωλιγὼρει,
1117 2599 1387 2669 φοιτῶσαν
1423 2603 1520 2673 μὲν
1554 2604 1726 2676 αὐτὴν
1759 2606 1817 2658 ὲν
1849 2607 1914 2677 τῇ

331 2687 596 2762 ἐκκλησία
627 2689 720 2743 τοῦ
747 2690 884 2745 Θεοῦ
918 2690 1006 2744 διὰ
1040 2691 1241 2756 παντὸς
1303 2694 1539 2767 ὁρᾶσθαι
1574 2696 1912 2770 παρέχουσα,

330 2779 602 2851 λαμπροῖς
643 2781 700 2834 δὲ
742 2782 1164 2854 κατακοσμοῦσα
1208 2786 1513 2856 κειμηλίοις
1547 2789 1675 2852 τοὺς
1717 2790 1915 2862 εὐκτη-

333 2871 481 2942 ρίους
512 2873 714 2936 οἴκους,
748 2873 880 2944 μηδὲ
911 2875 1038 2939 τούς
1073 2877 1130 2928 ὲν
1160 2879 1281 2940 ταῖς
1316 2877 1684 2950 βραχυτάταις
1724 2880 1914 2932 πόλεσι

329 2966 626 3035 παρορῶσα
659 2965 838 3030 ναούς.
882 2961 991 3020 ’Ἦν
1026 2963 1120 3021 οὖν
1153 2970 1287 3040 ὁρᾷν
1336 2969 1433 3042 τὴν
1475 2969 1809 3042 θαυμασίαν,
1855 2975 1913 3027 ἐν

329 3057 501 3126 σεμνῇ
530 3057 625 3109 καὶ
657 3057 907 3111 εὐσταλεῖ
938 3059 1195 3141 περιϐολῇ
1221 3059 1297 3131 τῷ
1322 3061 1514 3133 πλήθει
1559 3063 1913 3133 συναγελαζο-

2029 1883 2323 1938 nuditatem
2352 1879 2560 1950 prolixe
2590 1876 2966 1948 suppeditans.
2996 1872 3147 1929 Alios
3196 1873 3326 1929 item
3355 1873 3609 1939 vinculis,

2025 1985 2120 2030 aut
2149 1972 2491 2030 metallorum
2515 1973 2773 2027 aerumnis
2794 1968 3023 2026 alIlictos
3048 1966 3320 2034 exsolvit;
3347 1966 3609 2037 quosdam

2023 2065 2278 2122 violentia
2307 2064 2670 2135 potentiorum
2700 2075 2990 2134 oppressos
3021 2059 3292 2124 liberavit,
3320 2059 3610 2114 nonnullos

2022 2161 2185 2216 etiam
2217 2162 2284 2215 ab
2313 2158 2506 2215 exsilio
2533 2156 2826 2213 revocavit.
2850 2217 2852 2220 ,

2598 2248 2826 2306 CAPUT
2863 2246 3030 2304 XLV.

2023 2345 2296 2412 Quomodo
2347 2344 2551 2402 Helena
2589 2345 2644 2399 in
2693 2343 2929 2400 ecclesiis
2977 2342 3221 2415 religiose
3274 2352 3483 2398 versata
3510 2343 3602 2397 sit.

2090 2499 2409 2573 Hujusmodi
2451 2499 2712 2570 operibus
2757 2514 2878 2555 cum
2935 2513 3187 2570 magnam
3235 2498 3336 2555 sibi
3375 2497 3603 2569 gloriam

2017 2603 2410 2664 comparasset,
2435 2595 2694 2665 pietatem
2719 2607 2847 2663 erga
2873 2591 3040 2649 Deum
3065 2591 3290 2648 minime
3319 2592 3558 2664 neglexit
3584 2612 3600 2648 :

2019 2705 2143 2745 nam
2174 2698 2231 2744 et
2282 2689 2520 2754 assidue,
2571 2685 2786 2743 cunctis
2823 2684 3151 2749 videntibus,
3209 2685 3260 2741 in
3310 2686 3602 2743 ecclesiam

2015 2784 2335 2848 ventitabat,
2385 2792 2439 2838 el
2484 2797 2672 2837 sacras
2707 2782 2853 2838 aedes
2882 2778 3101 2836 eximiis
3140 2779 3479 2834 ornamentis
3506 2775 3603 2834 de-

2013 2877 2257 2944 corabat,
2284 2891 2352 2930 ne
2381 2874 2734 2930 minimarum
2764 2872 2982 2944 quidem
3012 2871 3228 2927 urbium
3271 2869 3471 2927 sacella
3503 2870 3604 2926 de-

2013 2969 2269 3040 spiciens.
2289 2967 2473 3038 Itaque
2492 2966 2674 3022 videre
2695 2975 2814 3022 erat
2832 2965 3114 3020 mulierem
3133 2977 3357 3034 prorsus
3373 2963 3601 3018 admira-

2012 3062 2195 3128 bilem,
2213 3061 2457 3117 modesto
2474 3076 2537 3115 ac
2554 3059 2768 3116 decenti
2784 3058 2968 3113 habitu
2985 3071 3091 3112 una
3105 3072 3227 3112 cum
3243 3055 3447 3128 reliqua
3469 3048 3600 3111 mul-

331 3146 519 3218 μένην,
558 3149 658 3219 τήν
691 3166 748 3202 τε
795 3150 927 3220 πρὸς
975 3151 1035 3204 τὸ
1066 3151 1219 3204 Θεῖον
1271 3153 1553 3208 εὐλάϐειαν
1593 3155 1682 3209 διὰ
1729 3157 1910 3228 πάσης

2017 3154 2247 3210 titudine
2274 3163 2606 3217 versantem,
2640 3166 2903 3219 suamque
2926 3149 3088 3221 506
3113 3164 3241 3220 erga
3273 3148 3442 3204 Deum
3469 3147 3600 3204 reli-

327 3239 610 3308 θεοεριλοῦς
638 3241 906 3310 πράξεως.
926 3243 1399 3315 ἐπιδεικνυμένην.

823 3335 1220 3390 ΚΕΦΑΛΑΙΟΝ
1260 3339 1409 3405 ΜΤ.

332 3424 529 3484 ὀπως
559 3421 1056 3550 ὀγδοηκοντοῦτῇι
1083 3423 1242 3515 οὖσα
1273 3428 1372 3480 καὶ
1418 3427 1753 3498 διαθεμένη,
1783 3430 1906 3484 ἐτε-

765 3517 774 3528 ·
1053 3515 1214 3550 eum.

765 3517 774 3528 ‘
1009 3515 1214 3553 Αευτα.

409 3586 562 3640 Ἐπεὶ
585 3587 641 3641 δὲ
669 3587 850 3642 λοιπὸν
869 3589 937 3643 τά
963 3591 1060 3661 τῆς
1083 3591 1390 3663 αὐτάρκους
1411 3592 1711 3647 διανύσασα
1735 3593 1902 3665 ζωῆς,

327 3679 416 3732 ἐπὶ
456 3677 552 3750 τὴν
603 3679 888 3752 κρείττονα
935 3681 1087 3754 λῆξιν
1134 3682 1400 3746 ἐκαλεῖτο,
1438 3684 1624 3754 σχεδόν
1656 3703 1758 3738 που
1806 3686 1907 3757 τῆς

322 3769 535 3842 ἡλικίας
568 3772 711 3842 ἀμφὶ
733 3773 860 3837 τούς
882 3773 1210 3846 ὀγδοήκοντα
1239 3777 1518 3840 ἐνιαυτοὺς
1545 3777 1902 3850 διάρκέσασα,

324 3863 460 3934 πρὸς
491 3865 639 3936 αὐτῷ
672 3867 936 3939 γενομένη
971 3868 1048 3938 τῷ
1087 3867 1255 3933 τέλει,
1316 3885 1668 3923 συνεταττετο
1699 3872 1794 3924 καὶ
1827 3871 1906 3924 δι-

325 3952 636 4008 ετίθετοὲπὶ
663 3961 942 4026 μονογενεῖ
957 3959 1056 4029 υἱῷ
1082 3958 1292 4030 βασιλεῖ
1319 3962 1574 4033 μονάρχῳ
1601 3963 1905 4033 κοσμοκρά-

320 4063 457 4115 τορι,
495 4046 653 4102 παισί
674 4066 731 4101 τε
757 4049 943 4102 τούτου
969 4050 1258 4124 καίσαρσιν
1281 4053 1479 4123 ἑαυτῆς
1508 4054 1771 4122 ἐκγόνοις,
1803 4055 1901 4126 τήν

322 4139 555 4210 ὑστάτην
614 4139 807 4213 βουλὴν
861 4141 1224 4216 διοριζομένη,
1295 4145 1626 4217 διανέμουσά
1684 4165 1742 4200 τε
1791 4147 1900 4202 τῶν

322 4226 558 4296 ἐκγόνων
599 4230 810 4301 ἑκάστῳ
854 4231 921 4284 τά
967 4232 1067 4303 τῆς
1095 4235 1298 4296 οἰκείας
1332 4234 1640 4306 ὑπάρξεως,
1673 4236 1772 4308 ὅση
1815 4252 1901 4298 τις

320 4318 451 4388 αὐτῇ
467 4318 568 4372 καθ
579 4328 586 4341 ’
597 4319 723 4390 ὅλης
740 4322 946 4392 ὑπῆρξε
961 4323 1062 4392 τῆς
1074 4325 1221 4376 οἰκου
1231 4325 1416 4394 μένης.
1436 4327 1544 4379 Καὶ
1556 4326 1612 4378 δὲ
1632 4326 1763 4394 (29‘)
1777 4325 1900 4380 τοῦ-

316 4425 406 4462 τον
437 4409 727 4483 διαθεμένη
757 4413 847 4465 τὸν
876 4413 1100 4485 τρόπον,
1135 4415 1320 4468 λοιπὸν
1345 4415 1444 4488 τὴν
1489 4418 1582 4471 τοῦ
1609 4417 1726 4488 βίου
1762 4436 1896 4472 κατ-

2015 3247 2227 3317 gionem
2255 3247 2398 3300 omni
2429 3245 2638 3314 piorum
2667 3259 2892 3312 operum
2923 3257 3125 3314 genere
3153 3242 3547 3298 declarantem.

2585 3335 2813 3393 CAPUT
2845 3335 3033 3396 XLVI.

2083 3434 2357 3502 Quomodo
2407 3436 2777 3558 octogenar‘iia,
2815 3410 3126 3516 testamento
3161 3431 3322 3500 facto,
3358 3447 3386 3486 e
3418 3430 3550 3510 vita

2719 3514 2924 3558 ecesstl.

2719 3514 2924 3559 ecesstl.

2078 3596 2376 3664 1³11116ιό
2411 3613 2548 3652 tcum
2596 3587 2730 3652 satis
2767 3595 2927 3667 longo
2975 3593 3100 3650 vitae
3148 3593 3321 3664 spatio
3370 3587 3598 3648 decurso

2007 3693 2073 3747 ad
2107 3691 2400 3748 feliciorem
2421 3700 2626 3747 sortem
2657 3701 2968 3756 vocaretur,
3003 3704 3204 3744 annum
3233 3687 3408 3743 aetatis
3433 3702 3598 3758 agens

2006 3787 2226 3841 circiter
2248 3785 2664 3856 octogesimum,
2683 3784 2736 3838 in
2766 3783 2883 3854 ipso
2913 3784 3105 3836 mortis
3135 3781 3374 3837 conlinio
3399 3782 3594 3851 posita,

2009 3885 2334 3932 testamento
2389 3874 2556 3940 facto,
2594 3874 2843 3929 ultimam
2892 3873 3223 3928 voluntatem
3259 3873 3589 3939 declaravit,

2007 3971 2276 4026 Ineredem
2301 3967 2614 4040 relinquens
2645 3967 2865 4022 unicum
2897 3959 3088 4033 lilium,
3125 3965 3300 4021 solum
3347 3964 3592 4036 impera-

2007 4073 2178 4118 torem
2209 4077 2274 4117 ac
2305 4061 2586 4116 dominum
2623 4059 2775 4115 orbis
2813 4068 3106 4123 terrarum,
3137 4072 3260 4112 cum
3285 4056 3412 4112 (iliis
3437 4057 3591 4112 nobi-

2004 4153 2226 4210 lissimis
2269 4151 2561 4208 cresaribus
2588 4152 2881 4223 nepotibus
2909 4150 3040 4206 suis.
3070 4150 3309 4218 Quorum
3338 4149 3584 4218 singulis,

2002 4248 2142 4303 bona
2173 4261 2294 4316 qua:
2325 4260 2420 4317 per
2450 4245 2766 4325 universum
2801 4243 2987 4298 orbem
3019 4241 3348 4312 possidebat,
3380 4241 3582 4297 divisit.

2004 4337 2059 4391 In
2089 4337 2233 4392 hunc
2286 4337 2505 4392 modum
2553 4346 2881 4392 testamento
2919 4335 3086 4398 laeto,
3139 4334 3281 4390 diem
3333 4332 3584 4389 ultimum

2002 4429 2217 4494 clausit,
2241 4438 2508 4498 praesente
2534 4437 2590 4484 et
2610 4428 2862 4484 adstante
2897 4425 2998 4496 ipsi
3027 4425 3122 4481 tali
3150 4435 3411 4498 tantoque
3448 4425 3583 4493 lilio,

320 4500 440 4554 έλυε
481 4502 753 4574 τελευτὴν,
802 4504 1067 4576 παρόντος
1099 4505 1232 4578 αὐτῇ
1275 4508 1370 4562 καὶ
1408 4509 1751 4581 παρεστῶτος
1776 4510 1892 4564 υἱοῦ

2013 4531 2053 4578 ει
2075 4523 2220 4577 omni
2243 4521 2630 4592 obsequiorum
2671 4535 2872 4591 genere
2914 4528 3146 4576 matrem
3190 4522 3424 4588 loveute,
3459 4536 3579 4578 ma-

315 4591 592 4656 τοσούτου,
637 4591 1032 4665 θεραπεύοντός
1058 4613 1116 4648 τε
1153 4598 1247 4650 καὶ
1277 4597 1384 4652 τῶν
1425 4599 1624 4671 χειρῶν
1658 4601 1897 4669 ἐφαπτο-

321 4683 508 4750 μένουο
552 4683 627 4745 ὡς
675 4685 750 4756 μὴ
795 4686 1045 4740 τεθνάναι
1087 4690 1312 4754 εἰκότως
1350 4691 1449 4761 τὴν
1491 4693 1894 4766 τρισμακαρίαν

309 4775 422 4837 τοῖς
446 4770 504 4827 εὖ
533 4776 792 4845 φρονοῦσι
821 4777 1017 4843 δοκεῖν,
1049 4779 1348 4852 μεταϐολήν
1377 4781 1433 4835 δὲ
1474 4783 1569 4835 κα)⁸
1606 4782 1894 4853 μετάθεσιν

309 4867 502 4940 ἀληθεῖ
555 4869 698 4941 λόγῳ
738 4871 839 4942 τῆς
884 4871 1118 4940 γεώδους
1168 4873 1315 4946 ζωῆς
1361 4874 1454 4928 ἐπὶ
1497 4875 1596 4947 τὴν
1644 4877 1894 4948 οὐράνιον

308 4962 619 5033 ὑπομεῖναι.
668 4960 1120 5038 Ἀνεστοιχειοῦτο
1149 4967 1280 5036 γοῦν
1307 4969 1444 5039 αὐτῇ
1464 4967 1609 5040 ψυχῇ
1632 4969 1744 5042 (30)
1800 4971 1891 5024 ἐπὶ

303 5052 407 5124 τὴν
434 5055 712 5126 ἄφθαρτον
744 5057 836 5110 καὶ
855 5053 1162 5130 ’ἀγγελικὴν
1191 5059 1404 5126 οὐσίαν,
1435 5061 1576 5129 πρὸς
1608 5062 1698 5116 τὸν
1719 5061 1892 5133 αὐτῆς

299 5146 796 5221 ἀναλαμϐανομένη
829 5149 983 5220 Σωτῆ
991 5167 1079 5222 ρα.
1416 5163 1420 5166 ’

822 5244 1222 5299 ΚΕΦΑΛΑΙΟΝ
1259 5243 1392 5300 MZ'.

300 5328 502 5397 Ὅπως
548 5330 664 5400 τὴν
682 5332 918 5405 μητέρα
959 5336 1412 5405 Κωνστοιντῖνος
1453 5336 1754 5405 κατέθετο,
1788 5339 1889 5394 καὶ

585 5403 700 5470 πρὸ
722 5405 936 5460 τούτου
962 5405 1061 5460 καὶ
1088 5404 1282 5465 ζῶσαν
1300 5408 1605 5477 ἐτίμησεν.

377 5494 490 5547 Καὶ
519 5493 582 5549 τὸ
619 5495 816 5566 σκῆνος
841 5496 898 5549 δὲ
929 5497 1028 5567 τῆς
1059 5498 1353 5570 μακαρίας,
1388 5499 1450 5553 οὐ
1481 5501 1583 5573 τῆς
1617 5501 1883 5576 τυχούσης

378 5624 510 5700 (29⁸)
541 5625 634 5700 Δέ.
672 5626 813 5696 Lege
840 5629 927 5700 δή.
951 5629 1124 5700 ίΕωτ.

379 5697 524 5777 φο),
554 5697 1044 5777 Ἀῇνεσζοιχεὶοῦτο
1091 5701 1240 5777 Τοιῗοξρ
1286 5703 1443 5772 αὐτῇ
1502 5705 1697 5776 ψυχῇ.
1759 5705 1882 5762 IIazc

311 5769 556 5838 Origenis
582 5769 883 5826 doctrinam
910 5769 1107 5842 sapere
1138 5769 1532 5842 videntur,"cu'i
1572 5769 1732 5848 supra
1767 5793 1880 5833 mo-

1997 4631 2207 4685 nusque
2241 4615 2356 4684 ejus
2390 4615 2770 4684 amplectente,
2803 4613 2937 4669 adeo
2967 4621 3027 4668 ut
3069 4627 3411 4685 nequaquant
3440 4616 3577 4670 mori

1994 4706 2193 4762 mulier
2238 4706 2576 4772 beatissima,
2618 4705 2712 4761 sed
2763 4705 2944 4774 potius
3001 4705 3262 4768 caducam
3318 4706 3458 4761 bane
3495 4705 3578 4760 vi-

1998 4807 2106 4853 tam
2166 4815 2288 4854 cum
2327 4797 2619 4855 immortali
2671 4798 2782 4854 vita
2831 4808 3172 4854 commutare
3227 4808 3378 4854 recte
3449 4813 3579 4854 sen-

1995 4891 2251 4946 tientibus
2279 4891 2572 4947 videretur.
2605 4891 2801 4946 Anima
2843 4890 3007 4961 igitur
3045 4889 3212 4957 illius,
3241 4891 3296 4946 in
3333 4890 3579 4946 incorru-

1993 4983 2234 5053 ptibilem
2270 4994 2324 5039 et
2374 4983 2676 5055 angelicam
2730 4983 3091 5039 substantiam
3146 4982 3477 5050 reformata,
3506 4984 3574 5038 ad

1992 5075 2161 5132 Deum
2192 5074 2539 5133 Servatorem
2565 5092 2725 5133 suum
2760 5087 3036 5150 assumpta
3062 5084 3165 5134 est.

2533 5252 2763 5310 CAPUT
2804 5253 3008 5311 XLVII.

1991 5341 2265 5408 Quomodo
2295 5341 2668 5397 Constantinus
2706 5353 2926 5413 matrem
2950 5345 3189 5413 deposuit
3215 5360 3234 5399 :
3263 5352 3314 5399 et
3341 5342 3568 5413 qualiter

2409 5414 2559 5467 illam
2591 5413 2756 5468 coluit
2787 5415 2916 5468 dum
2937 5417 3150 5470 uiueret.

2057 5504 2308 5561 Cadaver
2358 5515 2540 5561 autem
2567 5505 2738 5577 ipsius
2768 5506 2975 5562 honore
3004 5506 3422 5578 haudquaquam
3452 5504 3570 5561 vul-

1987 5642 2113 5697 dum
2166 5641 2416 5697 addictus
2443 5641 2558 5713 fuit,
2600 5640 2866 5713 Eusebius
2911 5650 3120 5699 noster.
3181 5641 3374 5713 Neque
3414 5642 3564 5698 enim

1985 5713 2180 5770 animae
2209 5713 2493 5771 beatorum
2547 5712 2601 5770 in
2635 5712 2936 5784 angelicam
2977 5712 3336 5772 substantiam
3384 5712 3564 5770 reler-
