4212 6440
564 319 704 377 ιιοτ

1311 317 1579 376 EUSEBII
1617 316 2096 377 CAESARIENSIS
2132 320 2283 377 OPP.
2327 317 2507 376 PARS
2544 318 2582 374 I.
2625 352 2696 362 ——
2733 318 3117 377 HISTORICA.

3677 317 3830 376 H08

561 438 675 507 gari
710 435 963 492 affectum
993 434 1117 490 fuit.
1149 433 1280 489 Nam
1307 450 1429 491 cum
1472 436 1675 506 ingenti
1706 438 2000 494 satellitum
2036 452 2135 495 nu-
2166 489 2168 496 .

2242 434 2461 507 ἠξιοῦτο
2502 437 2774 508 σπουδῆς·
2817 436 3047 509 πλείστῃ
3080 434 3209 505 γοῦν
3239 431 3532 507 δορυφορίᾳ
3578 430 3669 486 ἐπι
3712 433 3831 503 τὴν

562 544 713 585 mero
735 528 790 585 in
827 528 1029 598 regiam
1060 526 1247 581 urbem
1275 536 1612 598 pervectum,
1642 528 1841 585 ibidem
1873 530 1927 584 in
1963 528 2132 599 regali

562 628 915 675 monumento
952 618 1261 687 depositum
1304 628 1409 675 est.
1456 618 1571 676 Hoc
1604 621 1764 676 modo
1793 621 2136 692 imperatoris

562 722 740 767 mater
762 712 975 768 vivendi
1012 711 1173 765 tinem
1221 710 1382 778 fecit;
1421 712 1618 767 mulier
1651 712 1982 783 sempiterna
2016 727 2134 768 me-

563 801 739 858 moria
788 800 1121 870 dignissima,
1156 807 1268 853 tum
1308 801 1377 856 ob
1432 799 1714 871 religiosos
1761 810 1915 859 actus
1938 803 2136 873 quibus

560 895 777 959 enituit,
803 901 917 947 tum
947 892 1015 947 ob
1036 892 1541 963 praestantissimum
1573 892 1723 948 illum
1749 903 1805 949 et
1840 892 2138 949 admirabi-

565 989 667 1040 lem
703 987 895 1042 lmtum
924 985 1016 1056 qui
1062 1000 1129 1039 ex
1178 984 1268 1039 illa
1298 993 1451 1041 ortus
1475 994 1580 1041 est.
1626 987 1795 1052 Quem
1822 986 2037 1051 quidem
2068 985 2139 1043 ob

563 1088 790 1132 caeteras
812 1091 923 1143 res,
958 1077 1197 1132 maxime
1224 1091 1353 1131 vero
1384 1077 1453 1132 ob
1492 1075 1747 1145 pietatem
1783 1076 1838 1132 in
1880 1086 2134 1144 matrem,

564 1169 781 1221 beatum
826 1169 1081 1224 convenit
1109 1167 1424 1237 praedicare.
1456 1166 1665 1238 Quippe
1697 1166 1865 1235 illam,
1889 1185 2013 1224 cum
2042 1185 2138 1223 an-

566 1269 652 1313 tea
692 1258 785 1314 Dei
814 1258 1010 1314 cultrix
1039 1273 1144 1313 non
1183 1267 1345 1323 esset,
1379 1266 1489 1311 tam
1520 1257 1663 1328 piam
1713 1274 1778 1313 ac
1830 1258 2137 1328 religiosam

565 1349 918 1418 prastititmt
947 1364 977 1402 a
1004 1350 1277 1405 communi
1301 1349 1543 1404 omnium
1574 1348 1868 1405 Servatore
1892 1350 2138 1405 instituta

564 1442 733 1497 fulssc
745 1441 1036 1496 videretur.
1055 1430 1350 1508 Regalibus
1374 1449 1551 1495 autem
1573 1440 1870 1496 honoribus
1895 1440 1964 1496 ita
1993 1456 2141 1497 eant-

567 1535 687 1587 clem
716 1532 955 1598 ornavit,
978 1540 1038 1585 ut
1086 1530 1139 1587 in
1172 1532 1425 1589 omnibus
1470 1532 1785 1602 provinciis,
1822 1542 1933 1588 tum
1964 1549 2018 1588 'a
2048 1548 2142 1601 pa-

566 1622 724 1693 ganis
749 1632 859 1677 tum
885 1636 916 1675 a
950 1621 1220 1678 militibus
1258 1630 1483 1691 augusta
1518 1629 1573 1678 et
1600 1622 1913 1693 imperatrix
1939 1639 2143 1679 nuncu-

569 1719 811 1778 paretur,
843 1719 899 1763 et
938 1710 1089 1765 aurei
1119 1710 1322 1764 nummi
1354 1707 1468 1778 ejus
1510 1710 1747 1782 imagine
1777 1711 2139 1784 signarentur.

568 1799 731 1872 507
753 1799 1060 1868 Quinetiam
1090 1801 1469 1857 thesaurorum
1519 1803 1781 1874 regalium
1820 1814 2142 1874 potestatem
2174 1796 2217 1851 Β

568 1896 618 1948 ei
643 1892 1032 1949 Constantinus
1065 1904 1429 1961 concesserat,
1464 1894 1660 1966 quibus
1703 1910 1802 1965 pro
1828 1896 2060 1953 arbitrio
2091 1906 2146 1954 et

567 2002 636 2038 ex
675 1984 841 2040 animi
859 1985 940 2041 sui
964 1985 1258 2053 sententia,
1283 1994 1448 2057 prout
1480 1986 1690 2043 libitum
1709 1995 1852 2043 esset
1875 1997 2142 2044 uteretur.

568 2073 705 2130 Nam
734 2087 789 2130 et
815 2074 870 2131 in
905 2077 1007 2132 hac
1051 2085 1208 2145 parte
1240 2085 1471 2132 matrem
1519 2092 1675 2134 suam
1709 2078 2054 2150 conspicuam
2092 2089 2148 2136 et

571 2170 786 2223 beatam
803 2170 1044 2223 omnium
1056 2166 1261 2237 judicio
1284 2167 1545 2224 reddidit.
1570 2168 1834 2237 Quocirca
1856 2186 1923 2228 ex
1940 2172 2008 2226 iis
2030 2185 2149 2242 qua:

571 2261 641 2315 ad
697 2260 1013 2315 memoriam
1076 2259 1226 2315 illius
1252 2260 1631 2317 illustrandatn
1682 2264 1991 2335 pertinent,
2040 2279 2147 2319 non

572 2352 845 2409 Immerito
870 2351 982 2406 haec
1027 2349 1189 2406 etiam
1243 2352 1660 2422 assumpsimus,
1703 2369 1825 2424 quae
1857 2354 2151 2425 imperator

574 2458 671 2511 pro
728 2442 988 2515 singulari
1030 2458 1127 2498 sua
1162 2442 1369 2513 pietate
1418 2444 1472 2498 in
1504 2443 1770 2500 honorem
1820 2446 2011 2501 matris
2036 2462 2150 2503 sua

572 2534 766 2601 gessit,
796 2536 924 2590 dum
972 2534 1174 2589 divinis
1220 2536 1567 2605 obtemperat
1617 2536 1851 2608 legibus,
1884 2553 2002 2608 quae
2028 2538 2149 2593 llliis

573 2625 754 2680 debita
778 2624 831 2679 in
865 2633 1119 2695 parentes
1147 2622 1321 2679 olIicia
1353 2624 1660 2695 iniungunt.
1693 2626 2006 2696 Huiusmodi
2033 2628 2149 2698 pul-

573 2718 845 2774 cherrima
869 2732 1035 2788 opera
1064 2717 1119 2773 in
1135 2716 1422 2773 Palaestina
1446 2718 1759 2788 imperator,
1781 2720 1860 2774 uti
1893 2719 2148 2783 diximus,

575 2813 870 2870 exstruxit.
908 2812 1014 2868 Sed
1044 2821 1099 2867 et
1126 2812 1181 2866 in
1211 2808 1440 2880 reliquis
1466 2810 1759 2881 provinciis
1778 2826 1946 2867 novas
1965 2827 1995 2865 a
2032 2811 2152 2866 fun-

576 2906 843 2960 damentis
894 2904 1168 2960 aediﬁcans
1222 2905 1521 2971 ecclesias,
1576 2905 1747 2961 multo
1812 2904 2152 2974 augustiores

577 3010 737 3066 quam
772 3011 892 3066 qua:
932 3006 1092 3051 antea
1118 3005 1298 3061 erant,
1334 2994 1538 3051 eil'ecit.

1114 3084 1345 3143 CAPUT
1375 3084 1605 3142 XLVIII.

652 3179 929 3248 Quomodo
964 3176 1429 3248 Constantinopoli
1468 3178 1728 3248 martyrio
1763 3176 2055 3248 construxit

819 3263 1129 3317 omnemque
1152 3246 1413 3301 idolorum
1439 3246 1638 3301 cultum
1668 3246 1913 3301 abolevit.

647 3344 785 3399 Cum
816 3356 943 3398 vero
966 3343 1243 3398 civitatem
1277 3341 1512 3397 nominis
1540 3341 1624 3395 sui
1659 3342 1725 3396 ad
1752 3357 2017 3397 summam
2045 3342 2155 3413 glo-

582 3435 716 3491 riam
744 3433 1007 3490 extollere
1054 3433 1418 3501 instituisset,
1451 3433 1702 3503 plurimis
1748 3448 1869 3489 eam
1899 3435 2156 3491 oratoriis

580 3527 906 3593 exornavit,
931 3525 1389 3596 amplissimisque
1420 3526 1704 3597 martyriis
1741 3535 1797 3583 et
1828 3526 2154 3595 splendidis-

580 3618 737 3673 simis
765 3617 972 3673 aedibus
1010 3618 1209 3689 partim
1266 3617 1322 3672 in
1357 3616 1635 3672 suburbiis
1661 3658 1679 3685 ,
1724 3618 1926 3687 partim
1957 3618 2010 3673 in
2039 3618 2155 3689 ipsa

579 3710 801 3767 civitate
828 3710 1174 3766 constructis.
1205 3708 1382 3779 Atque
1412 3708 1516 3765 hoc
1560 3717 1722 3767 modo
1751 3710 1911 3766 simul
1946 3723 2156 3783 marty-

582 3818 703 3862 rum
744 3803 1029 3860 honoravit
1073 3803 1427 3867 memoriam,
1473 3801 1635 3858 simul
1684 3803 1955 3859 civitatem
2001 3820 2154 3860 suam

584 3897 687 3969 ipsi
726 3907 1027 3968 martyrum
1055 3894 1166 3949 Deo
1210 3893 1583 3949 consecravit.
1613 3889 1782 3949 Totus
1813 3895 2043 3964 denique
2068 3908 2158 3949 sa-

581 3991 784 4062 pientia
808 3989 901 4046 Dei
940 3997 1251 4044 exmstuans
1271 4024 1287 4051 ,
1315 3984 1502 4040 urbem
1543 3984 1690 4040 illam
1724 4001 1888 4056 quam
1918 3986 2158 4057 appella-

587 4087 733 4141 tione
759 4083 995 4140 nominis
1030 4084 1111 4138 sui
1144 4082 1406 4152 insignire
1447 4082 1786 4147 decreverat,
1811 4079 1958 4136 omni
1988 4070 2169 4136 idolo?

582 4193 707 4232 rum
737 4174 883 4234 cultu
933 4188 1104 4245 usque
1135 4178 1272 4231 adeo
1298 4188 1528 4229 vacuam
1554 4186 1676 4229 esse
1704 4171 1913 4242 voluit,
1948 4184 2157 4229 utnus—

576 4283 743 4341 quam
802 4266 856 4322 ln
888 4265 977 4321 illa
1015 4265 1272 4322 falsorum
1302 4263 1582 4319 numinum
1614 4262 1902 4319 simulacra
1938 4263 1992 4318 in
2020 4272 2157 4320 tem-

585 4431 821 4480 tnantur.
850 4421 1009 4478 Certe
1039 4421 1301 4487 Origenes
1326 4421 1383 4477 in
1416 4419 1816 4476 resurrectione
1841 4434 2067 4489 corpora
2104 4422 2155 4476 in

586 4494 822 4560 animas,
856 4503 912 4548 et
935 4496 1145 4547 animas
1172 4492 1225 4547 in
1259 4492 1482 4561 angelos
1506 4499 1768 4546 mutatum
1802 4490 1868 4543 iri
1906 4492 2152 4559 credidit,

584 4574 648 4618 ut
668 4563 869 4634 alicubi
903 4563 1046 4634 dicit
1063 4562 1443 4634 Hieronymus.

655 4631 769 4706 (ει)
798 4632 937 4706 fligi
984 4630 1100 4706 τὴν
1139 4627 1601 4706 ,βασιλεύουσαν
1634 4629 1896 4706 πόλεις..
1925 4627 2153 4706 Romam

585 4699 855 4775 lnt'elligit.
885 4703 963 4757 Eo
990 4699 1135 4775 enim
1158 4704 1514 4775 delatumest
1548 4700 1779 4775 cadaver
1804 4699 2017 4775 llelena:
2041 4702 2157 4753 Au-

584 4771 794 4842 κηειτιί,
826 4782 882 4829 et
912 4783 1034 4843 post
1081 4773 1354 4843 biennium
1386 4771 1909 4843 Constantinopolim
1957 4773 2154 4843 depor-

583 4841 777 4906 tatum,
832 4853 892 4898 ttt
916 4841 1108 4897 'tradit
1134 4842 1474 4913 Nicepltorns
1510 4843 1559 4895 in
1600 4841 2037 4913 librogvm,cnp.
2062 4841 2151 4895 50.

586 4920 659 4973 At
688 4914 944 4968 Socrates
975 4913 1029 4967 in
1060 4912 1154 4967 lib.
1183 4928 1222 4975 ι.
1255 4911 1374 4981 cap.
1411 4912 1499 4976 17,
1544 4913 1708 4965 verba
1744 4911 1962 4981 Eusebii
2002 4921 2153 4964 tran-

585 4984 870 5047 scribens,
912 4982 1015 5055 τὴν
1056 4982 1469 5055 βασιλεύουσαν
1492 4981 1646 5035 πόλιν
1689 4996 1880 5035 novam
1928 4980 2153 5055 Romam

587 5053 993 5124 interpretatur.
1041 5053 1214 5120 Quem
1260 5053 1796 5124 Socratiserrorem
1847 5053 2039 5124 merito
2064 5066 2152 5108 re-

586 5122 875 5196 prehendit
904 5122 1167 5177 Baronius
1186 5160 1202 5185 ,
1229 5137 1351 5196 cum
1372 5122 2015 5196 Eusebius_regia:_u_rbis
2060 5137 2155 5196 no-_

588 5191 733 5250 initae
766 5195 993 5249 Romam
1032 5208 1247 5262 semper
1268 5194 1554 5263 designare
1596 5192 1787 5248 soleat.
1827 5191 1977 5246 Adde
2011 5193 2151 5263 quod

588 5266 829 5321 nondum
869 5263 1120 5318 dedicata
1154 5270 1272 5315 erat
1292 5262 1812 5331 Constantinopolis,
1841 5276 1904 5315 ac
1930 5262 2154 5331 proinde

586 5340 717 5391 urbs
746 5335 897 5405 regia
925 5332 1109 5388 vocari
1142 5346 1280 5405 non_
1295 5343 1505 5405 poterat
1529 5374 1544 5397 ,
1576 5347 1697 5405 cum
1729 5334 2154 5401 tunetemporis

584 5414 732 5462 esset
786 5401 993 5459 tantum
1044 5410 1199 5457 vetus
1250 5401 1584 5472 Byzantium.
1642 5401 1921 5457 Socratem
1974 5412 2149 5457 tamen

585 5486 805 5533 secutus
832 5486 913 5531 est
934 5474 1235 5537 Cedrenus,
1266 5472 1535 5540 quietiam
1567 5475 1668 5527 hoc
1699 5475 1869 5540 addit,
1896 5473 2151 5527 Helenam

588 5547 874 5600 duodecim
910 5560 1068 5598 annis
1091 5556 1216 5597 ante
1244 5543 1656 5597 Constantinum
1679 5559 1708 5598 e
1737 5544 1873 5597 vivis
1901 5543 2099 5597 abiisse
2134 5560 2147 5594 :

589 5618 699 5672 Καὶ
738 5614 978 5686 ἀπετέθη
1020 5616 1079 5666 ὲν
1115 5614 1347 5686 λάρνακι
1385 5614 1639 5686 πορφυρᾷ
1678 5613 1839 5686 goes;
1883 5629 1941 5686 τε
1981 5614 2073 5686 καὶ
2115 5616 2147 5685 ή

635 5689 777 5767 ήτηρ
802 5682 977 5767 αὐτῷ
1004 5682 1230 5767 Ἑλένηζι
1241 5683 1351 5767 πρὸ
1378 5682 1742 5767 δῴδεκαέτῷν
1758 5685 1856 5753 τῆς
1878 5684 2039 5737 αὑτοῦ
2064 5682 2150 5737 τεὲ

802 5704 967 5740 αυτου
1022 5704 1215 5766 ιξΛενη,
1246 5704 1351 5756 προ
1378 5704 1584 5765 οιυοεκα
1609 5704 1742 5736 ετων
1758 5704 1856 5753 της
1878 5704 2039 5737 αυτου
2064 5704 2142 5737 τε·

655 5772 785 5824 ντης
810 5755 1172 5813 ἀποθανοῦσα.
1217 5755 1324 5810 Ilac
1353 5765 1561 5811 ratione
1595 5756 1842 5809 Helenam
1880 5766 2142 5811 mortuam

2238 527 2630 601 βασιλεύουσαν
2679 528 2835 582 πόλιν
2881 526 2991 600 (51)
3044 525 3414 597 ἀνεκομίζετο,
3461 523 3708 578 ἐνταυθοῖ
3759 523 3830 576 δὲ

2238 617 2418 690 ἠρίοις
2449 615 2750 689 βασιλικοῖς
2788 617 3095 672 ἀπετίθετο.
3130 616 3238 669 Τοῦ
3277 616 3372 687 μὲν
3407 609 3499 668 οῦν
3548 612 3831 685 βασιλέως

2243 708 2541 765 ἐτελειοῦτο
2572 709 2608 781 ή
2636 711 2839 782 μήτηρ,
2867 708 2993 775 ἀξία
3017 708 3283 781 γενομένη
3314 706 3531 779 μνήμης
3550 706 3827 777 ἀλήστου,

2238 802 2347 857 τῶν
2376 820 2437 857 τε
2479 801 2653 873 αὐτῆς
2689 802 2873 856 εἵνεκα
2912 801 3176 871 θεοφιλῶν
3217 799 3488 873 πράξεων,
3533 796 3628 853 τοῦ
3658 798 3711 852 τ’
3760 801 3831 864 ἐς

2237 895 2411 968 αὐτῆς
2454 895 2650 968 φύντος
2698 892 3009 968 ύπρφυοῦς
3055 895 3147 948 κα)⁸
3188 892 3485 967 παραδόξου
3532 888 3726 962 φυτοῦο
3761 891 3832 945 ὃν

2237 987 2377 1062 πρὸς
2406 990 2518 1053 τοῖς
2549 989 2739 1050 ἆπασι,
2784 988 2879 1041 καὶ
2910 988 3009 1059 τῆς
3050 987 3129 1050 είς
3170 985 3269 1057 τὴν
3305 984 3627 1055 γειναμένην
3658 983 3830 1047 ὁσίας

2242 1079 2566 1154 μακαρίζειν
2597 1072 2939 1144 ἄξιον,⁷οῦτω
2965 1076 3062 1149 μὲν
3089 1077 3257 1149 αὐτὴν
3287 1075 3514 1146 θεοσεϐῆ
3540 1075 3833 1145 καταστή-

2241 1190 2430 1237 σαντα,
2465 1171 2565 1225 ούκ
2587 1166 2751 1239 οὖσαν
2784 1170 3069 1242 πρότερον,
3105 1169 3181 1234 ὡς
3207 1168 3356 1241 αύτῷ
3389 1169 3568 1223 δοκεῖν
3601 1167 3715 1237 (52)
3759 1167 3835 1221 ἐκ

2241 1256 2467 1330 πρώτης
2511 1256 2592 1328 τῷ
2622 1256 2783 1328 κοινῷ
2816 1254 3029 1328 Σωτῆρι
3081 1254 3545 1327 μεμαθητεῦσθαιο
3579 1253 3723 1307 οῦτω
3766 1252 3833 1306 δὲ

2242 1348 2511 1421 ἀξιώματι
2536 1347 2797 1420 βασιλικῷ
2822 1349 3173 1420 τετιμηκότα,
3200 1348 3277 1412 ὡς
3298 1348 3357 1401 ἐν
3388 1347 3590 1403 ἅπασιν
3614 1344 3829 1407 ἔθνεσι,

2243 1445 2373 1515 παρ’
2406 1443 2590 1507 αὐτοῖς
2620 1459 2681 1496 τε
2713 1444 2823 1506 τοῖς
2855 1443 3264 1513 στρατιωτικοῖς
3308 1441 3580 1512 τάγμασιν
3612 1437 3829 1508 αὐγού-

2246 1550 2374 1589 σταν
2411 1534 2655 1606 βασιλίδα
2693 1531 3136 1605 ἀναγορεύεσθαι,
3171 1534 3391 1606 χρυσοῖς
3421 1548 3480 1585 τε
3515 1532 3832 1604 νομίσμασι

2244 1625 2339 1681 καὶ
2370 1624 2468 1698 τὴν
2498 1624 2669 1695 αὐτῆς
2706 1621 3068 1677 ἐκτυποῦσθαι
3100 1623 3316 1677 εἰκόναο
3352 1620 3459 1695 ήδη
3494 1622 3551 1675 δὲ
3595 1622 3691 1675 καὶ
3718 1622 3831 1693 θη-

2248 1716 2462 1789 σαυρῶν
2508 1716 2799 1773 βασιλικῶν
2845 1716 3073 1786 παρεῖχε
3118 1714 3214 1786 τὴν
3258 1713 3526 1780 ἐξουσίαν,
3579 1714 3832 1785 χρῆσθαι

2245 1808 2388 1863 κατὰ
2435 1808 2749 1880 προαίρεσιν
2783 1805 2877 1861 καὶ
2921 1807 3141 1861 διοικεῖν
3186 1805 3326 1860 κατὰ
3371 1804 3617 1877 γνώμην,
3668 1806 3833 1870 ὅπως

2247 1898 2314 1952 ἂν
2339 1897 2510 1952 ἐθέλοι
2539 1899 2634 1952 καὶ⁵
2665 1898 2740 1963 ὡς
2772 1898 2837 1952 ἂν
2866 1892 2925 1952 εὖ
2956 1897 3098 1971 ἔχειν
3127 1900 3265 1970 αὐτῇ
3289 1898 3561 1971 νομίζοιτο
3588 1900 3828 1965 ἕκαστα,

2245 1984 2339 2037 τοῦ
2376 1985 2564 2050 παιδὸς
2608 1986 2781 2058 αὐτὴν
2810 1987 2914 2041 κάν
2941 1985 3150 2053 τούτοις
3182 1988 3454 2061 διαπρεπῆ
3481 1990 3574 2043 καὶ
3602 1991 3832 2063 ἀξιοζή-

2246 2075 2415 2131 λωτον
2445 2078 2830 2150 πεποιημένου.
2860 2078 2950 2133 Διὸ
2998 2080 3107 2134 τῶν
3133 2082 3211 2144 εἰς
3236 2080 3399 2135 αύτοῦ
3431 2084 3647 2154 μνήμην
3685 2085 3830 2138 ἀνα·-

2250 2170 2584 2242 φερομένων,
2620 2171 2713 2224 καὶ
2740 2170 2891 2225 ταῦτ’
2915 2171 3138 2236 εἰκότως
3160 2173 3291 2244 ἡμῖν
3317 2172 3660 2247 ἁνείληπται,
3684 2176 3725 2230 ἃ.
3755 2174 3830 2229 δι’

2250 2261 2529 2325 εὐσεϐείας
2573 2262 2876 2335 ὑπερϐολήν
2922 2265 3134 2337 μητέρα
3178 2266 3373 2338 τιμῶν,
3423 2267 3658 2339 θεσμοὺς
3715 2268 3833 2323 ἀπ-

2250 2353 2488 2427 επλήρου
2519 2354 2713 2419 θείους,
2749 2354 2890 2426 ἀμφὶ
2914 2355 3116 2424 γονέων
3136 2357 3299 2427 τιμῆς
3320 2356 3388 2410 τὰ
3409 2356 3687 2430 πρέποντα
3715 2356 3835 2412 δια·

2250 2446 2627 2518 ταττομένους.
2659 2446 2770 2510 Τὰς
2800 2447 2903 2518 μὲν
2922 2441 3015 2501 οὖν
3057 2447 3338 2519 λεχθείσας
3377 2448 3695 2519 φιλοκαλίας
3724 2449 3832 2521 βα-

2253 2537 2431 2602 σιλεὺς
2464 2538 2599 2611 πρὸς
2622 2538 2699 2610 τῷ
2727 2538 3099 2595 Παλαιστινῶν
3138 2539 3278 2596 ἔθνει
3300 2540 3449 2596 τόνδε
3478 2542 3701 2615 συνίστη
3733 2541 3830 2598 τὸν

2249 2629 2450 2704 τρόπον
2471 2649 2484 2661 ·
2518 2631 2615 2685 καὶ
2646 2630 2789 2685 κατὰ
2817 2631 3000 2697 πάσας
3030 2633 3087 2687 δὲ
3119 2632 3218 2697 τὰς
3244 2633 3510 2706 ἐπαρχίας
3537 2638 3833 2706 νεοπαγεῖς

2252 2722 2549 2795 ἐκκλησίας
2590 2723 2986 2789 ἐπισκευάζων,
3045 2723 3242 2797 μακρῷ
3271 2724 3379 2779 τῶν
3412 2725 3699 2798 προτέρων
3744 2743 3832 2779 τι·

2256 2814 2529 2887 μιωτέρας
2554 2814 2839 2885 ἀπέφαινε.

2714 3088 3111 3143 ΚΕΦΑΛΑῘΟΝ
3150 3088 3289 3143 MH’.

2258 3182 2450 3248 Ὅπως
2475 3180 2543 3235 ἐν
2557 3182 3017 3236 Κωνσταντίνου
3034 3181 3221 3251 πόλει
3239 3181 3529 3251 μαρτύρια
3539 3180 3656 3251 μὲν
3678 3180 3831 3247 ᾠκο-

2349 3252 2596 3322 δόμησε,
2633 3251 2841 3307 πᾶσαν
2867 3251 2935 3304 δὲ
2966 3250 3731 3320 εὶδωτίολατρίανπεριεῖλε.
3816 3306 3819 3311 ,

2324 3342 2434 3415 Τὴν
2465 3342 2521 3395 δέ
2550 3342 2600 3411 γ’
2632 3340 2919 3413 ἐπώνυμον
2960 3340 3125 3395 αὐτοῦ
3160 3340 3312 3395 πόλιν
3351 3340 3520 3413 ἐξόχῳ
3553 3343 3683 3413 τιμῇ
3736 3357 3831 3411 γε-

2257 3436 2481 3510 ραίρων,
2518 3434 2829 3507 εύκτηρίοις
2860 3433 3103 3488 πλείοσιν
3153 3433 3462 3507 ἐφαίδρυνε,
3508 3431 3831 3506 μαρτυρίοις

2254 3544 2315 3581 τε
2350 3526 2628 3599 μεγίστοις
2660 3526 2755 3580 καὶ
2796 3523 3282 3598 περιφανεστάτοις
3326 3524 3517 3588 οἴκοις,
3560 3525 3672 3588 τοῖς
3730 3521 3832 3593 μὲν

2256 3617 2363 3691 πρὸ
2394 3617 2489 3672 τοῦ
2515 3616 2725 3681 ἄστεος,
2756 3618 2869 3679 τοῖς
2906 3615 2951 3668 δ’
2990 3616 3047 3669 ἐν
3080 3614 3229 3687 αύτῷ
3265 3615 3611 3686 τυγχάνουσιθ
3654 3614 3723 3668 δι’
3753 3607 3830 3667 ὧν

2256 3708 2391 3782 ὁμοῦ
2426 3709 2520 3764 καὶ
2551 3707 2653 3771 τὰς
2680 3708 2788 3762 τῶν
2820 3705 3111 3779 μαρτύρων
3141 3708 3357 3779 μνήμας
3385 3708 3569 3779 ἐτίμα,
3604 3706 3701 3760 καὶ
3730 3704 3832 3777 τὴν

2256 3802 2423 3856 αὑτοῦ
2458 3800 2612 3856 πόλιν
2635 3800 2714 3872 τῷ
2750 3799 2857 3853 τῶν
2886 3799 3179 3872 μαρτύρων
3211 3798 3464 3871 καθιέρου
3500 3798 3636 3870 Θεῷ.
3670 3799 3831 3862 ’Ὀλος

2254 3891 2301 3945 δ’
2337 3891 2588 3963 ἐμπνέων
2622 3890 2733 3964 (55)
2758 3890 2893 3945 Θεοῦ
2931 3889 3142 3960 σοφίας,
3175 3890 3244 3963 ἣν
3272 3889 3372 3963 τῆς
3399 3890 3700 3962 ἐπηγορίας
3728 3890 3831 3961 τῆς

2255 3984 2420 4040 αὐτοῦ
2451 3984 2604 4038 πόλιν
2644 3980 2937 4054 ἐπώνυμον
2962 3982 3236 4053 ἀποφῆναι
3269 3980 3469 4053 ἔκρινε,
3506 3980 3831 4051 καθαρεύειν

2257 4073 2667 4146 εἰδωλολατρίας
2696 4073 2914 4145 ἁπάσης
2955 4072 3213 4136 ἐδικαίου,
3246 4072 3323 4136 ὡς
3354 4071 3603 4143 μηδαμοῦ
3641 4071 3829 4141 φαίνε-

2263 4167 2385 4222 σθαι
2429 4169 2488 4223 ἐν
2519 4166 2657 4239 αὐτῇ
2709 4164 2818 4220 τῶν
2857 4163 3228 4238 νομιζομένων
3276 4163 3415 4217 θεῶν
3448 4164 3739 4235 ἀγάλματα
3772 4164 3831 4217 ἐν

2260 4259 2425 4330 ἱεροῖς
2468 4256 2899 4330 θρησκευόμενα,
2933 4256 3048 4310 ἀλλ’
3085 4257 3206 4310 ούδέ
3240 4254 3456 4327 βωμοὺς
3493 4254 3710 4326 λύθροις
3738 4255 3827 4308 αἱ·

2259 4436 2380 4477 esse
2422 4429 2703 4491 oporteret
2746 4406 2892 4491 anno
2933 4418 3139 4491 Christi
3190 4416 3294 4475 325
3362 4427 3455 4491 aut
3508 4426 3655 4471 certe
3700 4413 3827 4491 $26.

2187 4479 2231 4534 Ῑ)
2262 4492 2380 4559 Quo
2406 4479 2588 4547 tamen
2617 4504 2761 4545 anno
2792 4489 3224 4560 Hierosolymam
3264 4488 3507 4560 profecta
3544 4485 3828 4560 esse_dici:

2258 4553 2346 4616 tur
2389 4562 2459 4614 ab
2484 4561 2718 4616 Eusebio
2748 4570 2803 4615 et
2834 4553 3058 4615 Ruﬁno:
3092 4561 3244 4615 Adde
3265 4553 3436 4627 'quod
3476 4566 3617 4627 post,
3651 4553 3828 4623 Crispi

2255 4633 2473 4688 caesaris
2503 4640 2560 4687 et
2585 4631 2797 4686 Faustae
2829 4640 3072 4699 augusta:
3108 4645 3293 4684 necem
3318 4626 3532 4699 'llelena
3574 4626 3824 4699 aliquan-

2255 4703 2344 4756 diu
2391 4702 2723 4770 supervixit,
2778 4708 2839 4753 ttt
2890 4694 3121 4754 téstatur
3182 4700 3431 4756 Zosimus
3478 4698 3531 4753 in
3580 4694 3719 4749 libro
3765 4710 3823 4747 ιι.
3860 4694 3875 4717 ⁹

2256 4772 2425 4827 Porro
2453 4772 2675 4842 Crispus
2728 4770 2942 4826 occisus
2983 4779 3066 4826 εει
3101 4770 3465 4842 Constantino
3493 4778 3723 4842 augusto
3752 4780 3824 4842 _vn

2256 4853 2311 4897 et
2342 4835 2657 4897 Constantio
2685 4855 2887 4897 cazsare
2933 4854 3248 4903 coss.,anno
3269 4840 3468 4894 Christi
3493 4835 3598 4892 526
3621 4877 3636 4902 ,
3665 4845 3724 4889 ιιι
3752 4835 3827 4889 leo

2255 4915 2399 4982 gitur
2432 4914 2483 4966 in
2514 4911 2693 4967 Fastis
2716 4911 2891 4965 ldatii.
2916 4909 3058 4965 Mors
3091 4911 3276 4979 igitur'
3307 4908 3521 4982 Helena:
3553 4922 3697 4960 anno
3728 4905 3829 4958 Do-

2256 4984 2385 5036 mini
2413 4983 2517 5037 527
2548 4993 2693 5038 recte
2713 4982 3198 5052 assignari_p0test,
3233 4981 3681 5052 quemadmodum
3700 4990 3826 5030 sen-

2259 5058 2320 5106 tit
2351 5054 2601 5123 Sigonius
2633 5054 2684 5107 in
2716 5048 2853 5106 libro
2882 5066 2951 5123 ιιιΔ
2971 5049 3047 5103 De
3069 5048 3659 5123 imperioioccidentali.

2328 5114 2441 5192 (52]
2478 5121 2633 5193 Vulg.
2662 5123 2743 5189 ὡς
2763 5121 2909 5193 αὺτρ
2925 5114 3152 5193 δοκεῖτί
3170 5120 3521 5193 Scrihendum
3548 5128 3631 5172 est
3649 5114 3825 5193 αὐτῷ.

2258 5187 2514 5249 ΙίεΪθτιιιι·
2538 5187 2683 5248 enim
2717 5187 2810 5245 ad
2842 5190 2919 5261 τῷ
2962 5191 3126 5261 κοινῷ
3172 5192 3405 5261 Σωτῆρι.
3444 5190 3619 5257 Atque
3648 5187 3823 5261 ita__in

2254 5263 2395 5316 libro
2423 5262 2607 5318 Morari
2632 5265 2699 5317 ad
2744 5256 3043 5330 marginem
3091 5256 3435 5316 emendatum
3483 5256 3684 5330 inveni.
3718 5256 3825 5330 Nec

2256 5333 2416 5388 aliter
2457 5335 2714 5388 scribitur
2745 5333 2797 5386 in
2852 5328 2970 5387 cod.
3004 5330 3213 5386 Fuketii
3268 5343 3324 5386 et
3390 5328 3615 5393 Savilii,
3665 5336 3721 5383 et
3771 5328 3824 5381 in

2256 5401 2442 5470 Regiis
2463 5405 2699 5476 schedis.
2899 5473 2937 5476 __
3004 5472 3015 5476 Α
3167 5470 3178 5476 _
3352 5470 3392 5476 __
3434 5469 3468 5476 ,,
3674 5467 3687 5476 .

2327 5467 2438 5547 (35)
2478 5474 2631 5544 Vulg.
2694 5476 2843 5540 ὅλως
2887 5473 2940 5527 δ’
2991 5470 3321 5547 citaretur;
3350 5467 3824 5547 Malim_scrihcre

2257 5544 2398 5615 ὅλος,
2420 5539 2757 5615 'quodlonge
2791 5539 3096 5613 elegantius
3119 5553 3222 5615 est.
3266 5541 3521 5615 Siccerte
3550 5540 3602 5595 in
3639 5539 3824 5594 codice

2259 5614 2396 5671 Fuit.
2431 5611 2561 5671 etin
2595 5611 2781 5686 Regiis
2817 5611 3033 5672 schedis
3071 5614 3332 5683 scriptum
3362 5611 3609 5667 habetur.
