4212 6440
611 312 742 367 illi

1357 307 1620 364 EUSEBII
1658 307 2135 364 CESARIENSIS
2173 305 2321 361 OPP.
2364 308 2544 364 PARS
2582 311 2623 366 Ι.
2649 307 3124 363 —-HlST0lilCA.

3729 309 3873 363 1H9.

611 437 982 488 constructam
1000 476 1013 499 ,
1048 431 1293 501 plurimis
1317 447 1446 486 vero
1476 431 1897 501 circumquaque
1923 429 2187 485 cubiculis

2299 432 2522 498 ταγείων
2554 431 2897 502 χωρημάτων
2944 430 3054 500 (40)
3108 426 3477 498 ἁπανταχόθεν
3504 443 3871 499 περιεστοιχι-

548 533 558 541 ’
610 537 666 580 et
693 525 931 591 exedris,
976 534 1029 578 et
1077 533 1184 578 tam
1212 523 1588 576 subterraneis
1617 524 1748 578 locis
1779 538 1940 591 quam
1973 523 2187 576 solariis

613 618 850 686 undique
873 618 1289 672 circumdatam.
1312 615 1480 682 Quam
1509 615 1738 686 quidem
1756 615 2030 670 basilicam
2055 629 2189 670 auro

613 684 843 770 plurimo
872 714 924 759 et
950 719 1057 758 aere
1077 744 1092 768 ,
1123 704 1352 772 aliisque
1389 684 1647 772 pretiosis
1680 684 1965 773 speciebus
2002 704 2190 775 cepio-

612 795 828 850 sissime
851 796 1154 851 exornavit.

1227 881 1456 937 CAPUT
1491 883 1573 936 LI.

670 1001 824 1068 Quod
849 1002 902 1053 in
930 1001 1043 1056 loco
1071 1001 1211 1052 dicto
1242 998 1480 1053 Mambre
1531 999 1805 1053 ecclesiam
1831 999 2131 1068 wdiﬁcavit.

681 1137 747 1190 Et
774 1139 889 1189 bzec
921 1135 1138 1204 quidem
1172 1144 1300 1188 sunt
1329 1136 1777 1204 praestantissima
1810 1148 2186 1204 monumenta,

607 1248 728 1302 qua:
780 1232 1081 1297 imperator
1116 1227 1227 1281 Deo
1261 1229 1622 1283 consecravit.
1665 1228 1800 1283 (‘um
1833 1238 2014 1283 autem
2049 1231 2191 1284 didi-

610 1323 777 1375 cisset
808 1319 956 1374 illum
989 1319 1168 1388 ipsum
1205 1318 1576 1383 Servatorem,
1623 1322 1715 1389 qui
1744 1335 1916 1389 nuper
1945 1321 1998 1376 in
2032 1321 2194 1378 terris

610 1422 862 1467 versatus
906 1410 1139 1477 fuisset,
1176 1411 1502 1480 jampridem
1549 1412 1682 1465 viris
1729 1412 2052 1482 quibusdam
2101 1415 2192 1469 Dei

611 1502 1006 1557 amantissimis
1057 1502 1400 1570 praesentiam
1439 1501 1744 1555 Divinitatis
1779 1518 1891 1556 sua:
1934 1504 1986 1557 in
2026 1503 2196 1559 Palat-

612 1593 751 1647 stina
787 1593 1107 1647 exhibuisse
1146 1591 1302 1658 juxta
1335 1591 1609 1658 Quercum
1640 1608 1760 1660 quze
1791 1594 1990 1649 dicitur
2021 1595 2194 1649 Mam-

615 1685 708 1735 bre
734 1721 749 1746 ,
784 1682 894 1736 illic
923 1682 1088 1736 etiam
1115 1681 1396 1735 basilicam
1437 1680 1693 1735 zediﬁcari
1745 1683 2018 1752 praecepit.
2056 1684 2193 1739 Pro-

2296 523 2519 593 σμένον·
2555 523 2614 575 ὃν
2652 526 2744 575 καὶ
2773 521 2982 593 χρυσοῦ
3019 521 3260 584 πλείονος
3295 521 3407 591 (41)
3445 519 3694 591 ἀφθονίᾳ,
3732 522 3870 590 χαλ-

2295 615 2392 667 κοῦ
2417 633 2474 668 τε
2503 616 2597 668 καὶ
2614 617 2724 677 τοῖς
2745 615 2844 685 τῆς
2859 615 3052 685 λοιπῆς
3077 611 3394 675 πολυτελοῦς
3415 611 3547 682 ὕλης
3572 613 3870 681 ἐστεφάνου

2291 707 2529 760 κάλλεσι.

2803 885 3196 941 ΚΕΦΑΛΑΙΟΝ
3231 885 3361 938 ΝΑ¹.

2298 978 2424 1030 Ὀτι
2478 975 2576 1030 καὶ
2624 976 2693 1030 ἐν
2731 976 2805 1046 τῇ
2832 975 3084 1060 Μαμϐρῆ
3115 973 3487 1101 ἶροσέταξεν
3531 973 3876 1040 ἐκκλησίαν

2935 1062 3116 1101 τενεσ
3155 1062 3234 1098 αι.

2935 1062 3234 1115 γενεσθαι.

2369 1138 2507 1192 Τάδε
2557 1138 2655 1210 μὲν
2700 1133 2792 1193 οὖν
2829 1138 2897 1191 τὰ
2933 1135 3236 1207 ἐξοχώτατα
3271 1134 3530 1206 βασιλέως
3577 1132 3875 1204 ἐτύγχανεν

2301 1231 2682 1302 ἁφιερώματα.
2729 1229 3038 1300 Πυθόμενὸς
3083 1228 3146 1297 γέ
3178 1245 3260 1280 τοι
3286 1227 3380 1280 ἐνα
3429 1225 3521 1280 καὶ
3565 1223 3655 1277 τὸν
3705 1224 3878 1277 αὐτὸν

2299 1321 2548 1392 Σωτῆρα,
2593 1322 2683 1374 τόν
2734 1338 2796 1373 τε
2842 1320 3069 1390 ἔναγχος
3115 1317 3444 1387 ἐπιφανέντα
3485 1315 3564 1387 τῷ
3613 1316 3732 1386 βίῳ,
3777 1317 3880 1368 καὶ

2301 1411 2575 1484 πρόπαλαι
2619 1411 2936 1480 θεοφανείας
2969 1408 3300 1477 πεποιῆσθαι
3346 1407 3614 1479 φιλοθέοις
3646 1405 3880 1478 ἀνδράσι

2297 1503 2397 1573 τῆς
2426 1503 2786 1573 Παλαιστίνης
2806 1502 2948 1573 ἀμφὶ
2970 1500 3067 1572 τὴν
3090 1499 3430 1574 καλουμένην
3451 1499 3577 1572 δρῦν
3601 1497 3876 1569 Μαμϐρῆ,

2302 1594 2578 1649 κάνταῦθα
2603 1589 2750 1647 οἷκον
2779 1594 3062 1666 εὐκτήριον
3091 1594 3366 1663 ἀνεγεῖραι
3399 1590 3476 1661 τῷ
3502 1590 3719 1660 ὀφθέντι
3752 1590 3877 1660 Θεῷ

2299 1687 2688 1741 διακελεύεται.
2737 1688 2861 1750 Τοῖς
2909 1687 3006 1756 μὲν
3056 1680 3149 1739 οῦν
3197 1683 3304 1737 τῶν
3357 1683 3524 1736 ἐθνῶν
3590 1684 3874 1754 ἄρχουσιν,

617 1775 739 1828 inde
786 1775 853 1828 ad
899 1784 1140 1828 rectores
1175 1774 1392 1843 quidem
1440 1775 1850 1842 provinciarum
1896 1779 2062 1832 missa
2110 1787 2194 1834 est

2299 1779 2553 1832 αὑθεντία
2601 1778 2849 1849 βασιλικὴ
2900 1776 2988 1832 διὰ
3024 1777 3132 1831 τῶν
3165 1777 3298 1849 πρὸς
3347 1777 3576 1831 ἕκαστον
3619 1777 3879 1830 ἐπισταλ-

618 1864 962 1932 imperatoris
994 1865 1288 1918 auctoritas
1306 1901 1321 1927 ,
1348 1866 1489 1921 datis
1511 1869 1576 1920 ad
1595 1868 1839 1936 singulos
1857 1869 2054 1924 litteris
2074 1871 2198 1938 qui-

619 1955 715 2006 bus
737 1952 1045 2018 jubebatur,
1108 1963 1168 2006 ut
1213 1954 1511 2024 injunctum
1556 1957 1656 2010 sibi
1700 1973 1835 2027 opus
1877 1958 1943 2012 ad
1989 1960 2194 2014 exitum

618 2047 918 2115 perducere
953 2052 1318 2102 maturarent.
1353 2046 1520 2102 Nobis
1561 2062 1689 2102 vero
1723 2052 1818 2119 qui
1853 2052 1993 2106 hanc
2026 2053 2199 2107 histo-

620 2136 756 2189 riam
809 2135 1143 2200 scribimus,
1199 2135 1409 2205 plenam
1463 2138 1739 2206 sapientia:
1794 2140 1995 2195 direxit
2037 2141 2200 2212 509

619 2226 1076 2295 praedicationem.
1106 2225 1271 2296 Cujus
1304 2228 1613 2297 exemplum
1660 2232 1764 2284 boc
1799 2231 1918 2287 loco
1948 2233 2079 2286 mihi
2111 2234 2196 2286 iu-

617 2318 904 2373 serendum
949 2319 1186 2385 videtur,
1227 2333 1336 2389 quo
1381 2321 1645 2389 principis
1685 2321 1782 2378 Dei
1837 2326 2198 2380 amantissimi

618 2425 745 2464 cura
779 2425 843 2465 ac
879 2411 1156 2482 diligentia
1208 2412 1413 2467 certius
1463 2415 1643 2483 possit
1688 2415 1930 2484 agnosci.
1985 2415 2198 2486 Expro-

621 2503 784 2556 brans
814 2504 979 2574 igitur
1030 2505 1192 2559 nobis
1231 2520 1294 2560 ea
1331 2521 1454 2575 qua:
1500 2505 1554 2558 in
1593 2518 1892 2562 memorato
1943 2507 2060 2563 loco
2087 2512 2195 2580 geri

617 2605 924 2666 acceperat,
955 2596 1069 2652 haec
1099 2597 1168 2652 ad
1195 2599 1419 2652 verbum
1451 2600 1690 2668 scripsit.

1221 2690 1451 2746 CAPUT
1486 2691 1593 2747 LII.

708 2778 1043 2834 Constantini
1065 2781 1287 2849 epistola
1318 2782 1388 2836 ad
1421 2781 1711 2838 Eusebium
1747 2785 1812 2838 de
1853 2784 2113 2842 Mambre.

698 2894 718 2924 ι
747 2872 934 2926 Victor
949 2871 1340 2930 Constantinus
1359 2873 1946 2946 MaximusAugustus,
1969 2878 2200 2935 Macario

622 2977 676 3020 et
701 2967 916 3020 caeteris
944 2966 1216 3036 episcopis
1237 2965 1560 3024 Palmstinze.

705 3075 725 3109 ι
747 3058 1120 3113 Sanctissimae
1137 3074 1325 3115 socrus
1343 3074 1476 3115 mete
1493 3060 1577 3114 vel
1597 3060 1696 3116 hoc
1709 3077 1875 3115 unum
1903 3065 2196 3119 maximum

2303 1869 2502 1922 θέντων
2535 1871 2873 1941 γραμμάτων
2905 1869 3188 1938 ἐπεφοίτα,
3223 1870 3303 1932 εἰς
3337 1868 3509 1938 πέρας
3542 1869 3771 1935 ἀγαγεῖν
3808 1866 3876 1920 τὸ

2303 1962 2644 2034 προσταχθὲν
2683 1962 3100 2032 διακελευομένη
3123 1979 3135 1992 ·
3169 1964 3302 2032 ἡμῖν
3335 1959 3391 2013 δὲ
3420 1963 3532 2025 τοῖς
3553 1961 3710 2031 τήνδε
3735 1961 3876 2030 γρά-

2304 2072 2462 2126 φουσι
2507 2054 2602 2126 τὴν
2651 2055 2907 2127 ἱστορίαν,
2950 2054 3314 2126 λογικωτέραν
3361 2053 3684 2123 κατέπεμπε
3727 2052 3874 2105 διδα-

2303 2146 2527 2201 σκαλίαν
2559 2146 2692 2215 (42),
2736 2141 2803 2216 ἦς
2834 2145 3020 2217 ἔμοιγε
3063 2145 3208 2200 δοκεῖ
3248 2145 3310 2198 τὸ
3352 2147 3465 2198 ἴσον
3512 2144 3746 2216 γράμμα
3793 2142 3875 2213 τῷ

2305 2238 2530 2310 παρόντι
2563 2237 2793 2306 συνάψαι
2815 2239 2980 2308 λόγῳ,
3016 2239 3095 2302 εἰς
3122 2237 3322 2309 ἀκριϐῆ
3341 2237 3630 2306 διάγνωσιν
3651 2238 3751 2308 τῆς
3773 2235 3871 2290 τοῦ

2306 2329 2585 2399 θεοφιλοῦς
2629 2329 2964 2400 ἐπιμελείας.
3009 2330 3524 2400 Καταμεμψάμενος
3565 2328 3696 2398 γοῦν
3736 2329 3870 2399 ἡμῖν

2301 2425 2388 2493 ἐφ’
2413 2418 2496 2486 οἷς
2523 2421 2750 2475 ἐπύθετο
2785 2420 3177 2494 πραττομένοις
3212 2420 3417 2486 αὐτόθι,
3445 2421 3570 2474 τάδε
3604 2420 3745 2474 κατὰ
3779 2418 3868 2471 λέ-

2302 2515 2383 2580 ξιν
2415 2515 2639 2586 ἔγραψε.

2810 2685 3203 2740 ΚΛΦΑΛΑΙΟΝ
3239 2685 3364 2741 ΝΒν.

2305 2779 2760 2832 Κωνσταντίνου
2799 2777 2948 2846 πρὸς
2971 2776 3264 2831 Εὑσέϐιον
3295 2777 3426 2845 περὶ
3457 2777 3565 2844 τῆς
3596 2776 3861 2847 Μαμϐρῆ.

2381 2889 2398 2920 ι
2441 2869 2682 2940 Νικητὴς
2717 2871 3140 2933 Κωνσταντῖνος,
3158 2868 3429 2936 Μέγιστος
3445 2869 3867 2934 Σεϐαστὸς,Μα-

2301 2963 2475 3033 καρίῳ
2507 2963 2601 3015 καὶ
2632 2965 2742 3026 τοῖς
2767 2961 2974 3025 λοιποῖς
3005 2961 3323 3024 ἐπισκόποις
3348 2960 3726 3034 Παλαιστίνης.

2376 3075 2393 3105 ι
2435 3057 2530 3109 ’Ἑν
2563 3055 2829 3109 καὶτοῦτο
2848 3053 3098 3126 μέγιστον
3112 3053 3212 3124 τῆς
3227 3054 3527 3125 ὁσιοηάτης
3550 3072 3649 3125 μου
3674 3054 3855 3126 κηδεσ-

623 3163 750 3219 erga
783 3162 876 3205 vos
925 3148 1246 3205 beneﬁcium
1278 3158 1406 3217 est,
1449 3153 1594 3222 quod
1627 3153 2015 3210 sceleratorum
2064 3173 2195 3225 quo-

2299 3151 2454 3222 τρίας
2482 3149 2590 3221 (45)
2611 3150 2829 3218 γέγονεν
2855 3151 2932 3213 εἰς
2966 3151 3110 3220 ἡμᾶς
3131 3147 3471 3219 εὐεργέτημα
3501 3147 3631 3219 (Μ),
3664 3146 3725 3201 τδ
3743 3147 3868 3202 λαν-

627 3305 824 3378 dicitur
846 3303 1082 3378 anesi];
1112 3305 1216 3371 ἔξω
1253 3306 1436 3378 ἕδρας.
1494 3305 1701 3378 Quippe
1752 3307 1823 3360 ita
1878 3308 2197 3364 dicebantur

627 3377 770 3429 a-dvs
798 3377 1098 3430 exteriores
1122 3418 1136 3442 ,
1172 3379 1225 3430 in
1259 3377 1487 3431 circuitu
1540 3377 1774 3432 basilica!
1822 3380 2063 3432 construi
2105 3395 2196 3432 so-

631 3448 771 3510 litae,
817 3446 867 3499 iu
914 3448 1110 3514 quibus
1147 3449 1336 3502 sedere
1367 3463 1432 3502 ac
1490 3448 1831 3515 requiescere
1891 3449 2102 3515 licebat,
2139 3459 2199 3504 ut

631 3521 788 3570 ducet
841 3515 1128 3588 Eusebius.
1194 3517 1268 3588 De
1315 3518 1400 3572 his
1463 3519 1796 3588 Augustinus
1851 3518 1905 3572 in
1956 3519 2093 3574 libro
2122 3519 2199 3573 De

629 3588 785 3652 gestis
817 3602 933 3639 cum
963 3585 1197 3640 Emerita
1230 3586 1502 3640 Donatista
1541 3585 1569 3640 τ’
1598 3607 1616 3638 ι
1651 3588 1796 3641 Caesa
1810 3604 1910 3642 reae
1940 3589 1992 3642 in
2022 3589 2194 3644 eccle-

633 3659 710 3709 sia
739 3657 961 3728 majori,
1005 3671 1128 3710 eum
1169 3657 1457 3712 Deuterius
1493 3658 1944 3726 metropolitanus
1985 3660 2198 3728 episco-

632 3742 732 3795 pus
759 3727 1131 3797 Caesariensis,
1161 3743 1266 3779 una
1299 3742 1420 3782 cum
1451 3729 1629 3796 Alipio
1651 3769 1665 3790 ,
1691 3729 1993 3797 Augustino
2020 3727 2034 3791 ,
2065 3729 2198 3784 Pos—

633 3797 791 3861 sidio,
825 3795 1044 3851 Rustico
1071 3810 1124 3850 et
1153 3798 1366 3869 caeteris
1405 3798 1674 3869 episcopis
1707 3799 1757 3851 in
1783 3795 2032 3852 exedram
2077 3817 2201 3869 pro-

635 3871 949 3930 cessissent,
984 3885 1003 3918 ι
1035 3877 1140 3920 etc.
1177 3866 1230 3920 In
1259 3869 1486 3922 concilio
1511 3866 1882 3932 Nainnetensi,
1915 3866 2122 3922 canone
2144 3869 2198 3934 6,

637 3939 838 3990 mentio
864 3937 923 3991 ﬁt
956 3937 1196 3991 exedrze:
1224 3956 1242 3988 ι
1265 3937 1661 3993 Probibendum
1681 3938 1869 4002 etiam,
1903 3941 2198 3993 secundum

638 4007 900 4074 majorum
929 4007 1206 4078 instituta,
1253 4019 1309 4061 ut
1351 4007 1402 4061 in
1442 4008 1673 4063 ecclesia
1712 4008 2022 4062 nullatenus
2051 4024 2202 4078 sepe-

637 4079 870 4142 liantur,
905 4078 999 4131 sed
1032 4077 1084 4130 in
1115 4078 1254 4132 atrio
1296 4087 1389 4130 aut
1441 4079 1681 4146 porticu,
1733 4089 1828 4131 aut
1881 4079 1933 4132 in
1993 4077 2201 4133 exedris

634 4147 900 4200 ecclesiae.
937 4167 954 4198 ι
979 4148 1054 4200 lta
1084 4148 1280 4215 legitur
1312 4149 1363 4200 in
1394 4148 1578 4204 codice
1598 4163 1697 4201 ms.
1728 4147 2065 4204 bibliotheca:
2099 4149 2201 4202 Pu-

638 4229 826 4270 tcanzc.
869 4217 1226 4287 Hieronymus
1277 4217 1330 4270 in
1365 4229 1529 4286 caput
1559 4234 1625 4273 χι.
1670 4216 2009 4287 Ezechielis:
2045 4237 2064 4270 ‹
2099 4219 2201 4274 Pro

638 4287 894 4357 thalamis
945 4287 1163 4354 triginta
1217 4303 1353 4357 quos
1400 4299 1615 4342 vertere
1671 4286 2055 4355 Scptuaainta,
2087 4291 2201 4343 sive

636 4356 1039 4426 κειιιυριιῖιτιοὶἰε
1084 4356 1248 4426 atque
1280 4357 1539 4423 cellariis,
1585 4367 1641 4410 ut
1699 4360 2078 4426 interpretatus
2120 4371 2203 4413 est

635 4428 861 4494 Aquila,
916 4427 1276 4499 Symmachus
1334 4429 1512 4495 posuit
1559 4427 1980 4499 ἐξέδραςννΕι
2043 4431 2201 4499 paulo

2378 3306 2484 3377 (ίὲ)
2502 3305 2922 3374 Λογικωτέραν.
2935 3347 2970 3363 ..
2993 3305 3407 3377 διδασκαλίαν.
3427 3304 3516 3361 Sir
3532 3305 3692 3361 etiam
3708 3319 3866 3377 supra

2306 3374 2521 3431 vocavit
2570 3378 2836 3430 Eusebius
2884 3379 3142 3440 epistolas
3187 3376 3559 3437 Constantini,
3608 3391 3673 3428 eo
3730 3374 3868 3440 quod

2305 3448 2696 3501 Constantinus
2727 3447 2778 3500 in
2827 3446 2933 3500 illis
2959 3447 3204 3515 epistolis
3236 3446 3550 3515 concionari
3606 3447 3867 3515 ψιοιιτιιιιτ

2309 3519 2468 3572 modo
2516 3517 2814 3571 videretur.
2870 3513 3018 3571 Talis
3069 3527 3152 3571 est
3201 3513 3746 3571 oratioConstantini
3801 3513 3866 3567 ad

2307 3586 2630 3642 Sanctorum
2677 3595 2901 3652 coetum,
2953 3598 3009 3640 et
3052 3587 3164 3640 fere
3204 3601 3392 3640 omnes
3442 3588 3560 3654 ejus
3605 3583 3865 3652 epistolae,

2307 3673 2423 3720 qum
2453 3658 2642 3726 partim
2678 3657 2745 3710 ab
2771 3656 3019 3718 Eusebio.
3053 3656 3246 3724 partim
3272 3658 3339 3710 ab
3369 3655 3490 3709 aliis
3537 3655 3865 3726 referuntur.

2307 3730 2360 3780 In
2410 3724 2496 3782 bis
2537 3727 2682 3780 enim
2725 3728 2978 3782 omnibus
3007 3726 3408 3790 Constantinus,
3444 3724 3657 3778 tametsi
3699 3725 3869 3778 adhuc

2307 3800 2394 3851 vix
2428 3797 2884 3863 catcebumenus,
2913 3799 3185 3851 doctorem
3214 3797 3344 3864 agit.
3376 3797 3498 3849 Fuit
3545 3805 3698 3848 certe
3728 3793 3866 3848 Con-

2307 3869 2605 3929 stantinus,
2644 3866 2785 3934 quod
2811 3867 2992 3935 negari
3027 3883 3132 3920 non
3174 3863 3385 3934 potest,
3425 3866 3507 3918 vir
3550 3865 3659 3917 Deo
3685 3863 3869 3931 plenus

2307 3947 2359 3991 et
2390 3953 2418 3990 a
2453 3937 2560 3990 Deo
2588 3937 2787 3990 missus
2817 3939 2882 3990 ad
2909 3936 3228 3991 Christianae
3254 3936 3375 3990 ﬁdei
3409 3935 3867 4002 propagationem,

2307 4008 2392 4059 cui
2432 4007 2521 4059 uni
2571 4016 2693 4074 post
2746 4006 3018 4071 apostolos
3068 4007 3354 4074 plurimum
3402 4006 3679 4059 debemus.
3731 4002 3866 4074 idem

2309 4088 2490 4130 tamen
2523 4071 2586 4128 iii
2611 4077 2842 4144 negotiis
2871 4071 3258 4130 ecclesiasticis
3289 4076 3566 4144 aliquanto
3604 4074 3723 4140 plus
3768 4071 3868 4126 sibi

2307 4146 2627 4209 vindicavit,
2661 4161 2820 4210 quam
2844 4144 2984 4200 laico
3011 4146 3237 4215 principi
3268 4146 3586 4200 conveniret
3613 4160 3628 4209 ;
3664 4145 3870 4212 episco-

2309 4218 2392 4286 pis
2418 4222 2614 4271 cuncta
2645 4215 2716 4268 illi
2750 4216 3181 4286 permittentibus
3204 4259 3217 4278 ,
3248 4215 3588 4284 multumque
3617 4215 3716 4268 sibi
3745 4229 3867 4286 gra-

2312 4283 2610 4340 iulantibus
2661 4283 2804 4355 quOd
2839 4284 3208 4340 Christianum
3265 4283 3646 4354 imperatorem
3716 4283 3867 4336 vide.-

2309 4367 2449 4410 Γυιιι.

2383 4425 2495 4496 (45)
2530 4425 2644 4494 Τῆς
2668 4424 3000 4493 ὀσιωτάτης
3023 4444 3141 4494 μου
3179 4424 3552 4493 κηδεστρίας.
3607 4421 3664 4477 In
3717 4421 3872 4490 hujus

638 4507 760 4565 post
800 4514 813 4548 :
859 4497 1108 4567 (Statim
1142 4498 1367 4551 intuitus
1399 4509 1482 4552 est
1530 4497 1745 4567 triginta
1791 4497 2088 4563 thalamos,
2117 4503 2200 4554 vel
2233 4501 2277 4556 Ι)
2309 4499 2408 4553 loci
2440 4498 2882 4567 interpretatione
2920 4498 3054 4565 lapsi
3077 4507 3242 4567 “sunt
3286 4511 3474 4550 omnes
3529 4497 3869 4567 interpretes,

639 4566 1046 4635 gazOpbylacia,
1076 4567 1213 4632 sive,
1239 4566 1673 4637 utSynimacbus
1692 4570 2078 4635 interpretatus
2098 4581 2201 4635 est,

642 4642 891 4700 exedras,
935 4652 1054 4706 qua:
1095 4638 1419 4692 habitationi
1452 4638 1734 4691 levitarum
1762 4648 1926 4706 atque
1958 4641 2211 4696 sacerdo-

643 4719 753 4777 tum
805 4706 1019 4760 tuerant
1065 4720 1400 4777 praeparata).
1460 4726 1480 4759 ι
1537 4707 1708 4777 Porro
1767 4711 1924 4763 codd.
1976 4708 2110 4764 Fuk.
2157 4721 2211 4765 et

638 4776 952 4850 Savnrecte
983 4778 1071 4850 hic
1097 4779 1357 4845 scriptum
1390 4779 1592 4850 habent
1616 4776 1861 4850 ἐξέδραις
1896 4795 1977 4832 τε.

713 4844 825 4916 (40)
871 4846 1169 4919 Ὑπερῴῳν
1211 4844 1276 4902 τε
1324 4849 1424 4902 καὶ
1470 4844 1794 4917 καταγείών
1833 4849 2209 4919 χωρημάτων.

645 4917 738 4990 Sic
771 4931 935 4990 supra
964 4938 1013 4990 ιτζ
1044 4918 1111 4970 57
1145 4920 1196 4971 in
1216 4920 1597 4990 descriptione
1634 4917 1876 4989 martyrii
1905 4917 2217 4990 llierosoly-

645 4986 1053 5058 iuitani'tit'crt‘bv
1099 4989 1268 5040 στοῶν
1316 4986 1587 5056 ἀναγείων
1629 5006 1687 5042 τε
1749 4986 1841 5042 καὶ
1887 4986 2214 5058 καταγείων,

645 5057 734 5111 ubi
769 5056 891 5110 vide
923 5072 1044 5130 qua:
1072 5060 1274 5111 notavi.
1322 5059 1604 5126 Κατάγεια
1646 5061 1918 5130 οἰκήματα
1967 5056 2218 5114 dicuntur

646 5130 711 5180 ad
739 5126 1075 5198 quasnullis
1119 5131 1374 5195 gradibus
1426 5126 1788 5183 ascenditur?
1833 5132 2025 5197 quibus
2053 5146 2220 5198 0pth-

648 5210 848 5250 mintur
873 5195 1102 5272 ἀνάγεια
1139 5214 1232 5250 seu
1271 5197 1514 5272 ὑπερῷα,
1564 5200 1732 5272 idest
1771 5195 1989 5253 solaria.
2039 5195 2219 5272 Quan-

644 5284 808 5337 quam
874 5267 1180 5334 καταγείων
1228 5267 1444 5323 nomine
1507 5270 1682 5338 possis
1745 5280 1960 5340 cryptas
2021 5271 2219 5324 intelli-

681 5355 793 5390 ere.

646 5354 833 5477 86(Ξῖ)
886 5409 996 5461 Ὃν
1036 5406 1137 5461 καὶ
1185 5409 1418 5477 χρυσοῦ
1462 5411 1766 5476 πλείονος.
1813 5410 1960 5464 Hanc
1996 5411 2064 5464 ob
2097 5426 2223 5464 cau-

643 5492 762 5533 eam
820 5479 1056 5534 ecclesia
1120 5479 1210 5532 illa
1257 5480 1400 5533 dicta
1450 5491 1534 5535 est
1580 5481 1921 5534 Dominicum
1972 5497 2217 5534 aureum.

648 5548 1010 5619 Hieronymus
1061 5550 1113 5602 in
1163 5548 1456 5617 Chronico,
1509 5566 1654 5606 anno
1683 5566 1793 5605 xxn
1830 5551 2169 5606 ConStantini
2207 5569 2219 5603 :

653 5634 674 5668 ι
711 5620 1015 5674 Antiochiae
1059 5619 1399 5674 Dominicum
1429 5623 1574 5688 qttod
1601 5632 1798 5675 vocant
1822 5635 2048 5675 aureum
2097 5622 2224 5676 tedi-

649 5689 801 5760 tjcari
843 5701 1104 5757 coeptum.
1143 5709 1161 5742 ι
1213 5689 1531 5746 Dedicatum
1588 5699 1878 5760 estautem
1931 5693 2225 5760 imperante

647 5757 984 5827 Constantio,
1011 5775 1150 5814 anno
1183 5777 1214 5814 v
1245 5771 1364 5830 post
1395 5771 1624 5817 mortem
1658 5757 2018 5816 Constantini.

2314 4562 2627 4631 l’ortesius,
2661 4566 2935 4620 Masculus
2975 4562 3030 4619 et
3059 4565 3622 4635 Christ0pborsonus,
3662 4562 3750 4631 qui
3783 4577 3875 4614 cu-

2312 4656 2426 4691 ram
2469 4648 2524 4689 et
2563 4637 2969 4690 sollicitudinem
3021 4633 3337 4700 verterunt,
3389 4635 3542 4704 quasi
3607 4633 3874 4704 legeretur

2313 4707 2654 4780 κηδεμονίας.
2707 4708 2870 4780 Atqui
2916 4706 3302 4780 Constantinus
3349 4702 3420 4759 de
3455 4719 3615 4758 socru
3649 4719 3743 4756 sua
3795 4702 3875 4780 lo-

2314 4772 2529 4848 quitur,
2581 4772 2835 4846 Eutropia
2890 4775 3137 4848 videlicet
3171 4774 3340 4848 Syra,
3416 4789 3637 4848 εις-(μω
3690 4772 3866 4848 geni-ta

2316 4843 2432 4902 erat
2487 4848 2690 4901 Fausta
2736 4843 2871 4899 uxor
2920 4843 3259 4900 Constantini
3321 4862 3333 4897 :
3388 4844 3680 4915 κηδέστρια
3730 4843 3871 4895 enim

2317 4920 2502 4973 Graece
2532 4934 2738 4971 socrum
2771 4916 3077 4985 signiﬁcat,
3121 4927 3179 4967 ut
3219 4916 3414 4970 docent
3445 4916 3874 4985 glossmvetercs

2320 4991 2370 5042 in
2397 4989 2590 5056 quibus
2647 4989 2718 5040 ita
2771 4983 2968 5053 legitur
3007 4985 3294 5056 κηδεστής,
3343 4983 3520 5047 socer,
3563 4983 3873 5056 κηδέστρια,

2319 5055 2517 5113 socrus.
2553 5058 2712 5112 Certe
2741 5073 2860 5126 qua:
2890 5055 3376 5126 sequunturjerba
3400 5097 3415 5120 ,
3463 5055 3872 5126 explicatietieiii

2324 5139 2564 5182 nostram
2596 5121 2780 5195 aperte
2811 5127 3160 5179 conﬁrmant.
3190 5124 3449 5193 Sequitur
3482 5121 3625 5178 enim
3655 5121 3874 5195 Stti‘ftftb‘v

2322 5197 2457 5268 πρὸς
2487 5191 2644 5269 ἡμᾶς’
2670 5195 2931 5266 γνωρίσαι
2968 5191 3330 5269 γραμμάτων.
3358 5195 3614 5269 Litteras
3634 5191 3879 5261 intelligit

2321 5262 2456 5336 quas
2481 5262 2738 5334 Eutropia
2769 5262 2958 5320 socrus
2988 5262 3054 5318 ad
3083 5262 3266 5332 ipsum
3298 5268 3543 5318 miserat.
3579 5262 3760 5336 Quare
3793 5277 3878 5336 re-

2324 5331 2590 5406 pudianda
2629 5331 2710 5390 est
2742 5337 3051 5389 emendatio
3079 5331 3587 5403 Cliristopborsoni,
3621 5334 3712 5401 qui
3739 5331 3878 5404 πρὸς

2324 5411 2466 5478 ὑμᾶς
2491 5409 2729 5475 corrigit.
2753 5407 2857 5478 Sed
2884 5414 2938 5478 et
2967 5421 3083 5474 qua:
3106 5406 3348 5478 proxime
3369 5409 3873 5478 sequuntur‘verbla,

2325 5471 2554 5543 iiiipsum
2601 5471 2733 5531 satis
2772 5471 3080 5547 signiﬁcant
3107 5471 3141 5530 ξ
3183 5476 3218 5546 ἡ
3249 5471 3623 5547 προειρημένη
3664 5471 3754 5547 διά
3780 5471 3878 5547 τῂν

2327 5551 2462 5620 πρὸς
2492 5548 2554 5601 τὸ
2577 5544 3059 5620 Θεῖονεύλάὅειαν,
3089 5544 3364 5620 clm—Quis
3401 5544 3546 5599 etum
3582 5544 3779 5620 dixerit
3812 5544 3878 5594 de

2327 5613 2454 5673 cura
2491 5631 2544 5691 et
2573 5617 2934 5691 sollicit_udine
2959 5619 2993 5687 ὴ
3021 5614 3393 5691 προειρημένῃ
3414 5613 3717 5684 supradicta
3749 5625 3878 5691 cura

2328 5704 2371 5744 et
2399 5690 2716 5744 sollicitudo.
2751 5684 3024 5755 Frigidum
3057 5684 3280 5756 prorsus
3317 5684 3550 5756 idesset
3589 5693 3751 5751 atque
3783 5684 3878 5736 jn-

2332 5773 2533 5826 t-ptum.
2577 5765 2643 5814 At
2675 5760 2726 5814 in
2755 5758 3001 5813 versione
3031 5755 3218 5812 nostra
3261 5756 3440 5811 omnia
3483 5755 3637 5823 plana
3668 5763 3793 5808 sunt
3829 5760 3884 5805 et
