4114 6432
328 367 462 424 “21

1390 367 1479 421 DE
1524 367 1684 422 VITA
1720 366 2190 422 CONSTANTINI
2227 366 2356 423 LIB.
2396 369 2490 421 ιιι.

3438 379 3580 434 1122

328 489 484 559 ρητοι
504 480 752 554 πράξεις,
771 483 847 544 ὼς
867 481 924 534 ὲν
944 480 1129 553 ἀνόμῳ
1143 481 1240 535 καὶ
1261 481 1579 554 άπροστάτῃ
1599 479 1761 552 χώρῳ
1787 479 1894 551 (62)

2003 481 2213 536 dicendi
2256 495 2418 551 quam
2476 480 2601 546 viri,
2635 481 2880 538 abdicata
2933 499 3095 541 sexus
3149 485 3230 542 sui
3287 493 3573 558 gravitate,

325 576 469 632 κατὰ
498 575 645 630 τόνδε
675 573 766 626 τὸν
791 572 926 626 νεῶν
957 573 1354 644 ἐπεχειροῦντο.
1391 573 1625 645 Ἔφορός
1646 588 1704 623 τε
1730 571 1903 634 οὐδεὶς

323 663 393 738 ἦν
424 667 532 720 τῶν
555 663 962 737 πραττομένων,
998 661 1077 733 τῷ
1102 663 1304 734 μηδένα
1334 661 1546 733 σεμνῶν
1570 661 1782 733 ἀνδρῶν
1807 661 1903 714 αύ-

321 759 442 814 τόθι
500 756 704 828 τολμᾷν
759 755 1031 826 παριέναι.
1083 755 1218 808 Ἀλλ’
1267 755 1387 825 οὐχὶ
1426 757 1520 808 καὶ
1557 754 1780 824 βασιλέα
1811 754 1902 807 τὸν

328 851 506 924 μέγαν
533 845 622 903 οἷά
652 849 700 901 τ’
733 844 800 919 ἦν
843 849 910 902 τὰ
953 847 1078 918 τῇδε
1105 845 1358 918 δρώμενα
1397 845 1704 899 λανθάνεινο
1741 846 1902 899 αύτο-

325 943 539 1013 πτήσας
569 941 625 994 δὲ
658 939 945 994 καὶταῦτα
969 939 1217 1010 βασιλικῇ
1258 938 1587 1010 προμηθείᾳ,
1621 940 1721 992 οὐκ
1753 940 1903 1004 ἄξιον

326 1030 465 1088 εἶναι
498 1033 648 1105 ἡλίου
693 1030 874 1100 αὐγῶν
905 1031 995 1083 τὸν
1028 1029 1230 1083 τοιόνδε
1277 1029 1412 1082 νεὼν
1451 1029 1684 1101 ἔκρινεν,
1720 1031 1903 1094 αὐτοῖς

322 1127 372 1179 δ’
407 1123 782 1195 ἀφιερῶμασιν
822 1125 884 1175 ὲκ
926 1121 1142 1194 βάθρων
1172 1121 1232 1174 τὸ
1272 1123 1379 1174 πᾶν
1417 1121 1779 1192 ἀφανισθῆναι
1815 1141 1904 1175 κε-

324 1217 491 1271 λεύει.
542 1215 756 1269 Ἐλύετο
793 1214 850 1267 δὲ
886 1213 1086 1267 αὐτίκα
1128 1212 1388 1283 βασιλικῷ
1417 1212 1667 1282 νεύματι,
1703 1213 1770 1266 τά
1807 1213 1902 1283 τῆς

325 1309 624 1364 ἀκολάστου
651 1305 854 1374 πλάνης
888 1305 1274 1375 μηχανήματα,
1299 1304 1420 1375 χείρ
1448 1321 1508 1356 τε
1544 1303 1903 1375 στρατιωτικὴ

324 1405 391 1474 τῇ
439 1400 533 1455 τοῦ
580 1401 748 1454 τόπου
794 1398 1058 1470 καθάρσει
1097 1397 1416 1468 διηκονεῖτο,
1465 1395 1816 1467 σωφροσύνην
1858 1395 1902 1448 δ’

328 1492 628 1562 ἐμάνθανον
662 1489 856 1562 ἀπειλῇ
908 1488 1187 1560 βασιλέως,
1223 1489 1270 1541 οἰ
1316 1488 1478 1560 μέχρι
1524 1488 1666 1541 τοῦδ’
1705 1487 1905 1541 ἀκόλα-

328 1599 465 1645 στοι,
501 1581 686 1653 ῶσπερ
727 1577 819 1634 οὖν
850 1581 943 1634 καὶ
988 1579 1096 1633 τῶν
1135 1580 1353 1652 δοκήσει
1402 1579 1581 1648 σοφῶν
1640 1580 1904 1652 Ἑλλήνων

326 1674 377 1725 οἰ
399 1671 811 1742 δεισιδαίμονες,
847 1670 896 1724 οἳ
923 1671 1018 1724 καὶ
1062 1671 1215 1724 αὐτοὶ
1237 1671 1335 1742 τῆς
1363 1671 1514 1741 σφῶν
1549 1672 1904 1742 ματαιότητος

326 1762 475 1836 ἔργῳ
505 1762 602 1834 τὴν
636 1766 828 1835 πεῖραν
859 1761 1184 1835 ἐμάνθανον.
1858 1778 1860 1781 ·

2006 573 2292 628 muliebria
2326 575 2629 644 patientes,
2663 576 2962 633 daemonem
3008 581 3314 650 placabant.
3344 584 3425 639 Ad
3460 587 3574 643 haec

2003 664 2269 735 illegitimi
2303 666 2590 720 mulierum
2623 669 2949 747 concubitus
2976 681 3032 725 et
3066 672 3328 728 adulteria
3352 717 3366 743 ,
3402 677 3574 731 finda-

2003 773 2112 828 que
2140 774 2205 812 ac
2235 757 2444 812 nefaria
2470 757 2670 828 ﬂagitia
2705 759 2758 812 in
2783 775 2847 814 eo
2873 761 3071 831 templo
3100 773 3353 833 tauquam
3380 767 3431 819 in
3457 765 3577 820 loco

2004 852 2070 905 ab
2099 852 2244 905 omni
2280 851 2398 920 lege
2430 867 2494 906 ac
2535 862 2750 908 rectore
2789 869 2982 918 vacuo,
3018 857 3436 925 peragebantur.
3466 857 3577 913 Nec

2003 946 2285 1013 quisquam
2315 954 2435 997 erat
2461 944 2552 1012 qui
2578 959 2641 998 ea
2671 960 2790 1013 qua:
2822 945 2932 1000 illic
2957 948 3287 1014 gerebantur
3314 950 3571 1004 observa-

2009 1043 2108 1095 ret,
2141 1045 2422 1102 propterea
2451 1034 2596 1103 quod
2625 1049 2787 1089 nemo
2832 1035 2916 1088 vir
2951 1036 3133 1105 gravis
3181 1052 3246 1092 ac
3303 1041 3580 1094 modestus

2003 1141 2068 1178 eo
2109 1129 2368 1179 accedere
2400 1125 2658 1180 audebat.
2705 1126 2775 1179 At
2820 1142 2925 1180 non
2977 1127 3141 1180 etiam
3199 1128 3576 1198 imperatorem

2005 1216 2299 1269 maximum
2328 1216 2497 1270 latere
2530 1226 2828 1286 potuerunt
2861 1232 2982 1286 quae
3022 1218 3092 1272 ibi
3126 1220 3579 1287 perpetrabantur

2005 1306 2234 1361 scelera.
2268 1305 2372 1361 Sed
2396 1322 2520 1360 cum
2553 1321 2614 1360 ea
2645 1306 2872 1376 ipsemet
2900 1307 3264 1376 imperatoriae
3286 1313 3576 1380 providen-

2007 1399 2093 1452 tia:
2111 1398 2269 1452 oculo
2297 1397 2645 1467 insliexisset,
2666 1399 2972 1467 hujusmodi
2995 1402 3256 1469 templum
3290 1403 3574 1474 indignum

2005 1492 2215 1546 censuit
2241 1491 2383 1561 quod
2417 1491 2548 1546 solis
2573 1493 2740 1547 radiis
2770 1492 3161 1548 illustraretur.
3183 1493 3419 1551 Proinde
3445 1497 3574 1551 illud

2006 1596 2111 1634 una
2164 1596 2286 1635 cum
2344 1579 2656 1635 simulacris
2711 1595 2774 1635 ac
2821 1581 3062 1637 donariis
3122 1591 3291 1636 totum
3338 1582 3580 1639 funditus

2005 1672 2172 1728 everti
2204 1671 2389 1742 jussit.
2415 1672 2714 1727 Confestim
2744 1673 2910 1743 igitur
2945 1675 3184 1744 protervi
3225 1676 3430 1729 erroris
3461 1692 3578 1730 ma-

2007 1763 2358 1819 chinamenta
2395 1765 2740 1834 imperatoris
2771 1775 3046 1834 przecepto
3097 1765 3356 1834 dissipata
3405 1779 3574 1836 sunt,

330 1861 587 1915 militibus
626 1860 693 1914 ad
738 1860 1070 1929 purgandum
1132 1858 1308 1914 locum
1354 1873 1572 1928 cperam
1642 1875 1793 1915 suam
1872 1861 2277 1929 prrestantihus.
2340 1860 2408 1914 Et
2452 1863 2544 1929 qui
2596 1860 2830 1915 lascivia:
2877 1869 3037 1915 antea
3091 1859 3258 1915 dediti
3329 1859 3576 1926 fuerant,

329 1954 674 2025 imperatoris
718 1954 879 2008 minis
943 1954 1264 2018 conterriti,
1329 1955 1572 2009 modeste
1611 1969 1669 2010 se
1743 1969 1933 2024 gerere
1992 1957 2323 2012 didicerunt.
2376 1957 2496 2010 Pari
2573 1957 2732 2012 modo
2798 1957 3158 2026 superstitiosi
3209 1957 3434 2028 gentiles
3476 1957 3581 2026 illi,

325 2046 417 2116 qui
448 2047 553 2100 sibi
583 2045 809 2100 multum
853 2061 1044 2116 sapere
1087 2048 1363 2112 videntur,
1411 2049 1706 2103 modestius
1746 2065 1909 2120 agere
1958 2061 2082 2104 sunt
2142 2050 2340 2105 edocti.
2379 2049 2482 2115 Qui
2536 2049 2749 2119 quidem
2771 2049 2934 2103 etiam
2985 2050 3084 2119 ipsi
3113 2065 3266 2105 suam
3297 2051 3581 2107 stultitiam

328 2156 392 2195 ac
427 2141 721 2195 vanitatem
755 2141 928 2203 reipsa
952 2139 1282 2196 didicerunt.
1363 2203 1371 2208 ,

817 2232 1211 2286 ΚΕΦΑΛΑΙΟΝ
1263 2235 1407 2301 Nq'.

535 2321 898 2390 Ἀσκληπιοῦ
928 2323 1034 2377 τοῦ
1056 2325 1126 2378 ἐν
1143 2326 1348 2394 Αἰγαῖς
1375 2325 1725 2393 κατάλυσις.

409 2412 627 2484 Ἐπειδὴ
655 2413 762 2484 γὰρ
801 2414 966 2478 πολὺς
997 2411 1066 2486 ἦν
1097 2417 1126 2469 ό
1161 2415 1270 2470 τῶν
1304 2416 1524 2488 δοκήσει
1568 2416 1746 2485 σοφῶν
1777 2417 1903 2488 περὶ

323 2505 417 2561 τὸν
449 2507 556 2561 τῶν
586 2507 822 2561 Κιλίκων
842 2507 1069 2580 δαίμονα
1083 2508 1299 2575 πλάνος,
1321 2510 1526 2581 μυρίων
1559 2509 1903 2580 ὲπτοημένων

325 2601 414 2653 ἐπ’
441 2599 588 2670 αὐτῷ
618 2599 693 2663 ὡς
723 2599 788 2654 ἂν
822 2601 914 2653 ἐπὶ
939 2601 1140 2673 σωτῆρι
1170 2601 1265 2655 καὶ
1299 2601 1484 2674 ἰατρῷ,
1509 2602 1637 2654 ποτὲ
1661 2603 1757 2672 μὲν
1780 2603 1902 2654 ἐπι-

328 2694 636 2765 φαινομὲνῳ
653 2695 765 2756 τοῖς
794 2692 1180 2762 ἐγκαθεύδουσι
1198 2693 1330 2766 (65),
1358 2694 1488 2747 ποτὲ
1513 2693 1568 2746 δὲ
1589 2694 1697 2747 τῶν
1720 2694 1787 2748 τὰ
1809 2694 1905 2747 σώ-

331 2802 474 2856 ματα
506 2787 821 2857 καμνόντων
869 2785 1082 2856 ἰωμένῳ
1122 2785 1221 2848 τὰς
1261 2785 1481 2848 νόσους·
1530 2784 1716 2855 ψυχῶν
1754 2785 1799 2838 δ’
1835 2781 1901 2857 ἦν

325 2880 522 2953 όλετὴρ
552 2882 808 2954 ἄντικρυς
828 2874 1004 2946 οὗτος,
1033 2879 1126 2932 τοῦ
1150 2879 1247 2956 μὲν
1276 2879 1507 2952 ἀληθοῦς
1533 2880 1782 2950 ἀφέλκων
1799 2881 1904 2932 Σω-

324 2977 510 3047 τῆρος,
531 2976 622 3027 ἐπὶ
639 2974 696 3027 δὲ
735 2973 832 3045 τὴν
865 2972 1023 3026 ἄθεον
1051 2971 1258 3043 πλάνην
1289 2971 1581 3046 κατασπῶν
1606 2973 1732 3037 τοὺς
1767 2972 1902 3043 πρὸς

326 3071 542 3138 ἀπάτην
571 3069 817 3140 εὐχερεῖς
839 3085 850 3097 ·
881 3068 1062 3121 εἰκότα
1089 3068 1151 3139 δὴ
1183 3065 1432 3138 βασιλεὺς
1473 3066 1726 3137 πράττων
1765 3066 1897 3139 (64),

325 3162 460 3215 Θεὸν
488 3160 732 3231 ζηλωτὴν
793 3157 1008 3229 ἀληθῶς
1041 3159 1268 3230 Σωτῆρα
1318 3157 1777 3230 προϐεϐλημένος,
1807 3161 1900 3213 καὶ

324 3253 514 3306 τοῦτον
551 3254 630 3315 εἰς
654 3251 846 3320 ἔδαφος
883 3251 972 3304 τὸν
1009 3249 1143 3304 νεὼν
1185 3249 1436 3303 ἐκέλευσε
1467 3250 1895 3323 καταϐληθῆναι.

337 3346 451 3398 Ἐν).
485 3344 541 3398 δὲ
591 3343 820 3415 νεύματι
871 3343 1013 3397 κατὰ
1060 3345 1161 3414 γῆς
1208 3343 1465 3414 ήπλοῦτο,
1509 3342 1659 3414 δεξιᾷ
1698 3347 1901 3418 καταρ-

327 3437 684 3508 ῥιπτούμενος
725 3439 1091 3508 στρατιωτικῇ
1135 3435 1194 3488 τὸ
1232 3435 1340 3489 τῶν
1398 3437 1660 3504 γενναίων
1689 3436 1900 3505 φιλοσό-

327 3549 441 3599 φων
472 3531 738 3601 βοώμενον
761 3527 945 3600 θαῦμα
969 3527 1103 3598 (65),
1126 3527 1219 3580 καὶ
1243 3529 1271 3580 ὁ
1294 3527 1418 3597 τῇδε
1439 3525 1547 3598 (66)
1567 3527 1894 3599 ἑνδομυχῶν,

325 3621 388 3673 οὐ
435 3620 662 3690 δαίμων,
711 3619 831 3673 ούδὲ
885 3636 948 3688 γε
1005 3618 1158 3681 θεὸς,
1209 3617 1407 3682 πλάνος
1457 3619 1512 3671 δέ
1560 3637 1645 3683 τις
1689 3621 1894 3690 ψυχῶν,

331 3714 558 3782 μακροῖς
620 3712 713 3763 καὶ
769 3710 984 3781 μυρίοις
1041 3707 1388 3780 ἐξαπατήσας
1429 3711 1658 3781 χρόνοις.
1715 3708 1827 3764 Εἴθ’
1871 3714 1899 3764 ό

327 3803 510 3856 κακῶν
533 3803 747 3874 ἑτέρους
782 3799 1108 3865 ἀπαλλάξειν
1141 3801 1234 3854 καὶ
1260 3819 1322 3853 συ
1333 3802 1544 3871 μφορᾶς
1580 3803 1901 3874 προϊσχόμε-

326 3912 435 3959 νος,
461 3895 610 3947 ούδὲν
648 3895 806 3958 αὐτὸς
833 3893 1010 3964 ἑαυτῷ
1050 3892 1186 3964 πρὸς
1224 3893 1432 3963 ἄμυναν
1459 3892 1658 3964 εὕρατο
1683 3895 1901 3966 φάρμα-

328 4000 422 4038 κον
455 3985 651 4055 μᾶλλον
685 3983 815 4056 (67),
842 3984 874 4055 ἦ
905 3985 992 4037 ὅτε
1024 3983 1273 4054 κεραυνῷ
1297 3983 1558 4054 βληθῆναι
1583 3986 1893 4055 μυθεύεται.

397 4138 672 4210 (62)Vulg.
701 4139 779 4205 ὡς
803 4139 872 4191 ἐν
885 4139 1086 4210 ἀνόμῳ
1098 4138 1194 4190 καὶ
1213 4137 1524 4210 ἀποστάτῃ
1537 4137 1720 4206 χώρῳ.
1744 4139 1894 4194 Scri-

327 4209 558 4267 beudum
605 4211 784 4279 procul
810 4209 969 4262 dubio
1002 4209 1338 4279 ἁπροστάτῃ,
1373 4220 1428 4261 ut
1453 4209 1895 4279 legituriupane-

327 4281 512 4354 gyrico
535 4278 726 4354 pagina
752 4278 876 4354 628,
901 4279 989 4354 ubi
1016 4278 1158 4332 totus
1181 4281 1266 4354 hic
1290 4279 1683 4354 Iocus_l_egit_nr.
1710 4278 1895 4354 codex

332 4349 508 4421 tamen
539 4349 669 4402 Fuk.
709 4351 874 4402 etiam
901 4349 954 4421 in
991 4350 1320 4421 panegyrieo
1359 4349 1547 4421 scribit
1577 4350 1891 4421 ἀποστάτη.

332 4420 500 4492 Paulo
534 4431 657 4492 ante
691 4420 1038 4472 scribendum
1062 4418 1483 4490 estxksq/lyapoi
1503 4435 1562 4471 τε
1587 4420 1814 4492 φθοραί,
1839 4418 1896 4474 ut

331 4489 526 4559 legitur
547 4490 598 4542 in
631 4492 975 4556 panegyrico.

399 4560 508 4631 (63)
551 4559 676 4631 Τοζς
713 4558 1160 4628 ἐγκαθεύδουσι.
1203 4559 1372 4631 Hujus
1421 4559 1574 4613 verbi
1620 4560 1748 4631 vim,
1783 4576 1890 4614 non

328 4628 591 4684 intellexit
621 4628 1170 4696 Christ0phorsomis,
1218 4628 1315 4684 nec
1355 4629 1652 4684 Portesius.
1709 4630 1895 4699 Neque

326 4699 470 4755 enim
525 4699 829 4752 decumbere
874 4714 936 4751 ac
969 4701 1200 4752 dormire
1231 4700 1550 4768 simpliciter
1580 4715 1640 4754 ea
1672 4716 1772 4755 vox
1820 4703 1896 4755 si-

369 4771 571 4831 nilicat,
597 4771 687 4822 sed
716 4769 948 4821 dormire
972 4770 1025 4821 in
1047 4769 1260 4839 templo.
1293 4770 1422 4822 Erat
1449 4769 1543 4840 hic
1570 4786 1685 4824 mos
1715 4772 1892 4840 genti-

327 4786 571 4894 fmucat,
597 4786 687 4822 seu
716 4786 948 4821 aormire
972 4786 1025 4821 ιη
1047 4786 1260 4839 tempto.
1293 4786 1422 4822 mat
1454 4786 1543 4824 me
1570 4786 1685 4824 mos
1715 4786 1892 4840 genu-

350 4843 476 4901 ium,
503 4848 560 4892 ut
582 4849 957 4907 pernoctantes
983 4841 1035 4892 in
1062 4840 1260 4908 templo
1284 4839 1494 4894 somnia
1522 4851 1574 4893 et
1597 4841 1830 4895 remedia
1863 4857 1892 4895 a

328 4911 432 4964 diis
457 4910 570 4963 suis
600 4917 994 4978 exspectarent.
1017 4909 1184 4977 Cujus
1217 4912 1290 4965 rei
1350 4910 1561 4963 inﬁnita
1594 4923 1886 4978 occurrunt

328 4981 571 5050 exempla
622 4981 761 5048 apud
817 4980 1067 5050 antiquos
1110 4982 1425 5050 scriptores,
1467 4980 1561 5050 sed
1617 4982 1884 5049 praecipue

329 5049 468 5119 apud
495 5050 790 5103 Aristidem
809 5049 877 5119 fin
921 5048 1258 5104 orationibus
1293 5050 1483 5104 sacris.
1517 5048 1696 5103 Latini
1729 5048 1882 5105 dice-

331 5118 461 5172 bant
494 5120 762 5172 incubare.
805 5118 1030 5172 Plautus
1079 5121 1132 5172 in
1171 5119 1534 5173 Curculione:
1566 5139 1584 5170 ‹
1636 5121 1759 5174 Ideo
1800 5122 1878 5184 lit,

327 5191 452 5260 quia
478 5190 568 5245 hic
594 5189 714 5244 leno
738 5199 972 5259 aegrotus
988 5190 1223 5260 incubat
1262 5191 1313 5244 in
1342 5190 1638 5258 Aisculapii
1675 5189 1819 5245 fano.
1859 5211 1877 5244 ι

329 5258 548 5330 Solinus
581 5261 632 5313 in
670 5258 808 5328 cap.’
831 5259 860 5310 7
889 5277 901 5330 ξ
936 5279 954 5310 ι
985 5258 1256 5330 Epidauro
1277 5262 1439 5330 decus
1469 5272 1550 5314 est
1578 5260 1881 5330 {Esculapii

329 5329 610 5400 sacellum,
642 5332 730 5384 cui
763 5329 1101 5400 incubantes,
1130 5351 1148 5383 ι
1171 5339 1275 5385 etc.
1299 5329 1661 5400 Hieronymus
1683 5333 1732 5384 in
1755 5347 1876 5400 cap.

329 5401 398 5456 65
436 5399 607 5465 Isaiae,
641 5400 708 5454 ad
748 5399 839 5453 illa
869 5402 1054 5464 verba,
1079 5401 1316 5455 habitant
1359 5402 1414 5452 in
1452 5399 1728 5467 sepulcris,
1765 5420 1783 5452 ι
1826 5399 1878 5456 lu

330 5471 592 5534 delubris,
645 5470 839 5538 inquit,
874 5469 1135 5524 idolorum
1186 5471 1458 5525 dormiens
1501 5489 1514 5524 :
1567 5475 1656 5524 ubi
1691 5473 1880 5525 atratis

332 5540 558 5612 pellibus
586 5542 884 5595 hostiarum
917 5540 1179 5596 incubare
1199 5541 1341 5612 soliti
1373 5550 1638 5612 eranum
1657 5543 1880 5595 somniis

331 5611 513 5664 futura
548 5619 952 5682 cognoscerent.
980 5612 1132 5677 Quod
1161 5612 1212 5664 in
1237 5611 1362 5666 ratio
1391 5611 1686 5682 {Esculapii
1710 5627 1880 5682 usque

332 5683 491 5752 hodie
547 5680 703 5736 error
761 5680 1134 5752 etlmicorumg
1169 5682 1423 5744 celebrat,
1480 5680 1880 5752 multorumque

329 5751 559 5806 aliorum
598 5773 610 5807 :
644 5765 763 5822 quae
788 5763 894 5804 non
936 5761 1064 5807 sunt
1088 5749 1230 5806 aliud
1271 5752 1373 5806 nisi
1413 5752 1599 5807 tumuli
1639 5749 1878 5807 unortuo-

331 5836 467 5876 rum.
502 5837 527 5873 ο

1928 2241 1977 2300 Β

2445 2246 2449 2250 ι
2490 2227 2649 2299 513
2689 2227 2918 2285 CAPUT
2960 2229 3096 2287 LVI.

2251 2323 2546 2378 Destructio
2588 2321 2765 2389 templi
2798 2321 3100 2392 /Esculapii
3151 2323 3328 2395 ngis.

2073 2415 2208 2470 Nam
2243 2425 2366 2470 cum
2397 2413 2665 2468 maximus
2693 2427 2757 2468 ac
2784 2398 3191 2484 vulga'tissimus
3236 2416 3578 2487 superstitio-

2005 2510 2090 2564 nis
2120 2523 2273 2564 error
2306 2508 2455 2562 circa
2493 2506 2644 2560 illum
2676 2503 2880 2560 Ciliciae
2928 2509 3228 2562 daemonem
3259 2509 3578 2564 vanissimas

2005 2601 2249 2657 homines
2280 2606 2618 2668 occupasset,
2647 2611 2710 2652 ac
2734 2613 2902 2668 prope
2932 2599 3128 2654 inﬁniti
3163 2615 3285 2654 eum
3325 2610 3575 2671 tanquam

2004 2704 2339 2750 servatorem
2373 2710 2435 2749 ac
2462 2692 2728 2748 medicqu
2766 2692 3202 2759 admirarentur,
3252 2695 3446 2764 quippe
3484 2695 3577 2765 qui

2003 2807 2147 2846 nunc
2195 2791 2250 2846 in
2308 2789 2509 2861 templo
2557 2791 2953 2846 dormientibus
3018 2799 3356 2860 appareret,
3434 2805 3577 2844 nunc

2003 2886 2221 2941 morbos
2246 2884 2629 2952 mgrotantium
2653 2893 2871 2940 curaret
2900 2883 3039 2955 (erat
3066 2893 3241 2938 tamen
3272 2882 3361 2938 ille
3387 2897 3572 2938 revera

1983 2977 2258 3046 {seductor
2319 2976 2666 3042 animarum,
2726 2985 2908 3046 utpote
2960 2975 3050 3045 qui
3107 2975 3352 3030 homines
3401 2975 3575 3046 decipi

2004 3067 2213 3132 faciles,
2249 3083 2278 3122 a
2305 3082 2438 3122 vero
2464 3067 2757 3123 Servatore
2779 3070 3039 3124 abductos
3074 3069 3140 3122 ad
3163 3067 3354 3123 falsum
3385 3068 3576 3138 impie-

2006 3164 2133 3216 tatis
2190 3175 2432 3215 errorem
2491 3160 2889 3232 pertraheret),-
2929 3163 3223 3229 imperator
3277 3174 3374 3229 pro
3425 3173 3576 3213 more

2002 3261 2166 3319 atque
2203 3251 2453 3304 instituto
2486 3265 2606 3315 suo,
2665 3253 2864 3320 quippe
2898 3252 2990 3320 qui
3018 3250 3304 3305 zelatorem
3353 3264 3415 3303 ac
3445 3263 3575 3304 vere

2004 3341 2345 3395 Servalorem
2373 3341 2536 3394 Deum
2562 3340 2665 3394 sibi
2700 3342 2986 3396 colendum
3028 3350 3428 3411 proposuerat,
3469 3341 3572 3396 hoc

2001 3432 2166 3486 etiam
2197 3429 2457 3500 templum
2478 3429 2593 3485 solo
2616 3431 2818 3499 aequari
2849 3430 3128 3500 praecepit.
3167 3428 3278 3484 Nec
3305 3443 3476 3496 mora,
3507 3433 3574 3484 ad

2003 3539 2166 3576 unum
2197 3523 2545 3592 imperatoris
2575 3532 2762 3575 nutum
2791 3522 2939 3576 humi
2963 3521 3138 3590 jacuit
3168 3537 3328 3575 manu
3355 3521 3574 3576 militari

2001 3620 2317 3670 Subversum
2348 3617 2634 3686 templum,
2670 3616 2812 3685 quod
2847 3613 3058 3670 nobiles
3104 3614 3404 3684 phi1050phi
3449 3623 3573 3669 tan-

2004 3714 2187 3775 topere
2205 3716 2562 3775 suspexerant
2597 3725 2611 3762 :
2639 3717 2694 3764 et
2722 3725 2826 3763 una
2849 3723 2970 3763 cum
3001 3706 3202 3775 templo
3225 3705 3313 3760 ille
3333 3708 3448 3776 ipse
3480 3708 3570 3777 qui

2001 3798 2151 3852 intus
2191 3785 2464 3864 latitabat,
2491 3815 2599 3854 non
2634 3802 2841 3856 damon
2868 3809 2962 3854 aut
2990 3801 3145 3864 deus,
3190 3798 3282 3853 sed
3323 3799 3573 3867 deceptor

1999 3892 2215 3960 quidam
2263 3891 2595 3957 animarum,
2634 3892 2726 3963 qui
2762 3892 3060 3961 longissimi
3116 3890 3369 3959 temporis
3397 3889 3574 3960 spatio

1997 3983 2249 4040 homines
2281 3983 2334 4038 in
2368 3983 2616 4041 fraudem
2650 3985 2960 4040 induxerat.
3006 3982 3097 4039 Sic
3148 3983 3309 4055 igitur
3350 3982 3442 4037 ille
3477 3981 3569 4052 qui

2034 4138 2142 4211 (64)
2161 4139 2316 4209 Vulg.
2348 4140 2546 4211 εἰκότα
2560 4139 2635 4207 δὴ
2650 4137 3182 4211 πράττωνᾚεεεῑηιθ
3195 4136 3574 4211 Christopltor-

1998 4206 2162 4264 sonus
2191 4206 2304 4264 haec
2330 4213 2396 4265 ad
2426 4206 2802 4279 ZEsculapium
2831 4209 3032 4273 retulit,
3060 4224 3182 4279 cum
3211 4209 3277 4262 de
3299 4206 3569 4261 Constan-

1999 4282 2120 4333 tino
2147 4282 2476 4344 imperatore
2519 4277 2790 4344 dicantur,
2832 4289 2889 4332 ut
2921 4279 2977 4333 in
3028 4277 3276 4332 versione
3315 4291 3432 4330 mea
3469 4292 3567 4330 ex-

1997 4351 2190 4415 pressi.
2209 4349 2440 4404 Certein
2467 4349 2600 4404 Fuk.
2622 4358 2677 4404 et
2697 4348 2935 4404 Turnehi
2957 4348 3112 4404 codd.
3151 4348 3347 4419 legitur
3378 4347 3564 4402 εἰκότα

1995 4421 2059 4492 δὴ
2097 4420 2346 4492 βασιλεὺς
2386 4420 2659 4491 πράττων.

2067 4485 2178 4560 (65)
2213 4485 2516 4544 Γενναίὶυν
2541 4490 2958 4559 φιλοσόφων...
2982 4486 3194 4556 θαῦμα.
3209 4485 3564 4560 Apollonium

1998 4555 2337 4630 Tyanensem
2378 4555 2664 4630 intelligit,
2711 4555 2940 4630 deuquo
2973 4555 3168 4630 scribi}
3207 4555 3568 4630 Philostratus

1999 4626 2058 4683 in
2089 4631 2182 4685 lib.
2212 4645 2226 4683 ι
2258 4646 2380 4683 eum
2434 4631 2483 4684 in
2527 4626 2726 4699 templo
2757 4627 3053 4697 1Esculapii
3101 4626 3271 4694 IEgis,
3311 4636 3565 4696 tanquam

1997 4701 2169 4771 ipsius
2205 4701 2288 4754 dei
2315 4701 2615 4771 hospitem,
2644 4702 2732 4771 d_iu
2761 4710 3039 4771 versatum
3073 4711 3211 4771 esse.

2068 4773 2179 4838 (66)
2220 4769 2329 4823 Καὶ
2371 4765 2614 4838 δ’τῇδε.
2668 4768 2854 4838 Longe
2886 4767 3061 4838 aliter
3112 4767 3346 4836 optimus
3394 4765 3566 4838 codex

1996 4836 2231 4895 Fuketii.
2263 4839 2396 4893 Nam
2433 4836 2554 4908 post
2581 4853 2768 4895 vocem
2796 4836 2993 4908 θαῦμα
3024 4847 3280 4908 punctum
3321 4837 3562 4908 apponit.

2001 4912 2200 4965 Deinde
2234 4911 2305 4980 ita
2329 4905 2609 4980 scriptum
2655 4911 2857 4980 habet:
2896 4905 3018 4980 ᾭτι
3065 4906 3121 4980 δε
3161 4905 3465 4980 ὲνδομυχῶν
3502 4909 3563 4980 οὐ

1919 4963 1962 5016 D
1989 4963 2194 5056 δαίμων
2221 4979 2341 5056 οὐδὲ
2359 5052 2370 5056 _
2389 4963 2474 5056 γε’
2491 4979 2609 5056 θεός
2627 4996 2642 5010 ’
2671 4978 2868 5056 πλάνος
2894 4978 2951 5030 δέ
2981 4963 3295 5056 τιςψυχῶν,
3323 4963 3564 5056 μακροῖς

1991 5034 2094 5122 καὶέ
2114 5050 2324 5122 μυρίοις
2355 5034 2702 5118 ἐξαπατήσας
2733 5034 3245 5122 χρόνοις,λδῆλόν’ἒκ
3279 5034 3386 5098 τῶν
3407 5034 3564 5122 at.qu

1990 5116 2235 5193 γμάτων.
2267 5116 2517 5193 Quatuor
2553 5116 2830 5193 postrema
2869 5119 3030 5172 verba
3066 5132 3184 5185 quae
3219 5117 3281 5193 _iu
3330 5116 3564 5193 vulgatis

1992 5187 2190 5246 desum
2221 5187 2570 5255 editionibus,
2606 5189 2893 5245 Turnebus
2924 5201 3136 5257 quoque
3170 5188 3235 5242 ad
3277 5199 3429 5257 oram
3477 5187 3563 5257 sui

1990 5262 2117 5316 libri
2174 5261 2449 5330 adiecerat
2485 5275 2552 5314 ex
2609 5255 2979 5330 manuscripto
3027 5257 3248 5330 codice:
3299 5255 3431 5330 mox.
3471 5256 3560 5309 ubi

1990 5323 2540 5402 vulgatre'editiones
2593 5331 2835 5402 habent,
2878 5323 3041 5402 εἶθ’ᾼὸ
3096 5325 3281 5402 κακῶν
3346 5323 3566 5402 ετρρους

1986 5395 2336 5463 ἀπαλλάξειν,
2371 5409 2501 5464 etc.,
2529 5401 2698 5454 codex
2739 5397 2947 5452 Fuketii
2981 5399 3052 5451 ita
3090 5397 3322 5468 scribit:
3367 5396 3422 5448 '0
3441 5395 3562 5468 γᾴρ

1985 5473 2167 5526 κακῶν
2193 5472 2410 5541 ἐτέρους
2426 5471 2524 5541 ἀπ.
2552 5471 2646 5541 καὶ
2677 5471 2958 5541 συμφορᾶς
2980 5465 3390 5541 προϊσχόμενος,
3409 5464 3565 5541 ούδὲν

1984 5543 2143 5595 αὑτὸν
2175 5537 2351 5610 ἐαυτῷ
2381 5540 2515 5611 πρὸς
2546 5537 2757 5612 ἄμυναν
2786 5537 3004 5612 εὕρατο,
3029 5537 3147 5612 etc.
3185 5537 3559 5612 Quagquidem

1985 5613 2144 5667 lectio
2171 5604 2345 5680 aptior
2378 5604 2508 5664 mihi
2539 5604 2751 5665 videtur
2777 5618 2833 5664 e't
2854 5604 3072 5680 melior.
3105 5607 3159 5660 lu
3185 5604 3370 5676 Regiis
3395 5607 3559 5660 etiam

1986 5676 2430 5753 schedis'ei'opa-co
2456 5681 2717 5753 scriptum
2754 5678 2960 5753 inve_ni.
3334 5745 3351 5753 _
3458 5752 3462 5753 ν
3506 5744 3520 5753 _
3593 5676 3603 5753 ς

2059 5715 3146 5821 υιῗόειιῖθιηο
3175 5760 3282 5800 vox
3321 5745 3471 5821 de_est
3505 5744 3558 5798 in
3596 5715 3612 5794 Ῐ

1991 5817 2180 5878 codice
2221 5817 2410 5892 nega»,
2448 5831 2502 5878 et
2535 5817 2768 5876 fortasse
2803 5818 3077 5875 subaudiri
3132 5825 3327 5888 potest.
3363 5817 3558 5872 Caneri
