4114 6432
641 365 778 423 HQ"

1346 365 1616 422 EUSEBII
1656 362 2134 421 CESARIENSIS
2171 361 2321 418 UPP.
2366 362 2546 420 PARS
2585 363 2624 418 l.
2665 394 2734 404 ——
2774 362 3164 419 HISTORICA.

3779 368 3894 426 ΗΞΒ

641 492 824 554 petum
853 481 1268 553 repressissent.
1286 483 1464 553 Atque
1488 484 1578 540 hic
1620 499 1808 540 rursus
1830 483 2092 553 principis
2117 498 2224 536 cte-

2334 483 2526 552 ὁρμὰς.
2559 482 2728 535 Πάλιν
2769 481 2816 533 θ’
2848 483 2881 551 ἡ
2908 481 3171 552 βασιλέως
3194 479 3540 546 ἁνεξικακία,
3570 477 3725 549 δίκην
3749 482 3900 553 Σωτῆ·

640 577 866 643 mentia,
919 578 1094 632 instar
1120 576 1434 632 Servatoris
1462 578 1511 632 ei
1547 577 1858 630 anitnorum
1895 575 2113 640 medici,

640 669 752 738 gris
772 667 1081 723 hominibus
1108 667 1437 722 medicinam
1458 667 1725 722 orationis
1741 667 2227 736 adhibuit.Quippe

640 775 809 815 unum
833 775 899 814 ex
933 760 999 814 iis
1029 774 1166 829 quos
1199 759 1349 814 circa
1374 774 1432 814 se
1457 769 1732 827 spectatos
1760 759 2016 823 habebat,
2050 762 2225 813 comi-

641 853 714 906 tis
744 851 953 906 honore
1006 851 1348 916 decoratmn,
1404 851 1679 905 hominem
1733 848 2132 913 fidelissimum,
2163 866 2227 902 co

645 941 817 1006 misit,
862 939 1072 1010 plebem
1120 939 1274 1010 quasi
1319 939 1586 1009 legatione
1640 939 1840 994 blanda
1869 940 2226 1008 compellans.

641 1034 886 1104 Aliisque
911 1049 1077 1104 super
1123 1033 1261 1088 alias
1309 1032 1533 1102 scriptis
1562 1033 1784 1097 litteris,
1841 1033 2089 1087 hortatus
2147 1042 2230 1087 est

626 1109 738 1182 eos
769 1136 828 1181 ut
867 1127 988 1196 paci
1047 1127 1353 1186 studerent.
1404 1128 1604 1182 docens
1654 1142 1759 1195 qua
1792 1127 2002 1181 ratione
2031 1126 2228 1181 divinae

647 1220 896 1290 religioni
929 1219 1284 1289 congruentia
1311 1228 1588 1288 gererent.
1625 1218 1704 1272 Ae
1749 1219 1964 1273 tandem
1995 1219 2060 1274 iis
2103 1236 2225 1289 per-

646 1310 842 1376 suasit,
901 1308 1298 1376 excusavitque
1349 1321 1444 1362 eos
1486 1307 1539 1360 in
1574 1307 1688 1361 suis
1723 1306 1941 1368 litteris,
1975 1320 2230 1360 asserens

645 1416 706 1457 se
742 1417 928 1458 coram
957 1400 1197 1456 audiisse
1220 1401 1399 1469 ipsum
1434 1400 1526 1468 qui
1569 1399 1735 1454 totius
1788 1399 2076 1454 seditionis
2135 1415 2230 1453 an-

645 1501 766 1550 ctor
792 1493 1009 1549 fuisset.
1073 1492 1256 1561 Atque
1286 1493 1386 1546 has
1433 1491 1548 1558 ejus
1592 1491 1852 1560 epistolas
1881 1505 1986 1545 non
2019 1488 2224 1561 vulgari

647 1586 894 1641 doctrina
931 1593 986 1639 et
1017 1584 1252 1639 utilitate
1273 1584 1524 1648 refertas,
1567 1584 1670 1638 hoc
1695 1583 1810 1638 loco
1833 1586 2224 1652 apposuissem,

635 1678 750 1744 nisi
784 1678 892 1732 reis
927 1677 1239 1747 ignominia:
1270 1687 1452 1732 notam
1495 1678 1796 1731 inurerent.
1829 1675 2097 1742 Quocirca
2129 1675 2228 1729 has

646 1773 866 1842 quidem
902 1773 1269 1841 impraesentia
1295 1772 1564 1836 omittam,
1605 1770 1808 1839 quippe
1836 1770 1930 1839 qui
1963 1769 2225 1824 malormn

649 1865 968 1919 memoriam
998 1866 1418 1934 haudquaquam
1442 1877 1703 1919 renovare
1728 1861 2064 1917 decreverim
2089 1883 2102 1916 :
2136 1878 2228 1917 eas
2264 1849 2303 1902 Β

647 1971 780 2011 vero
819 1956 966 2011 solas
1019 1957 1107 2011 hic
1144 1957 1410 2020 inseram,
1441 1971 1576 2026 quas
1622 1954 1712 2010 ille
1743 1956 1810 2011 de
1838 1954 2067 2018 aliorum
2100 1969 2229 2022 pace

648 2059 703 2102 et
731 2047 1020 2103 concordia
1056 2047 1222 2119 516
1255 2049 1496 2118 gaudens
1551 2057 1607 2103 et
1665 2047 1944 2118 gratulans
1990 2049 2229 2103 conscri-

648 2138 779 2208 psit.
814 2137 1021 2204 Quibus
1057 2141 1274 2208 quidem
1311 2141 1504 2195 litteris
1535 2141 1788 2195 hortatur
1813 2154 1932 2206 eos,
1983 2149 2046 2193 ut
2097 2140 2232 2193 alte-

651 2229 764 2283 rius
799 2229 904 2283 loci
963 2231 1266 2286 antistitem
1305 2271 1320 2297 ,
1371 2232 1524 2302 cujus
1574 2233 1886 2285 interventu
1926 2244 2112 2298 pacem
2149 2230 2231 2284 in-

647 2330 731 2375 ter
756 2335 813 2374 se
849 2321 1127 2386 fecissent,
1177 2337 1521 2392 nequaquam
1571 2322 1676 2378 sibi
1698 2321 1980 2377 vindicare
2010 2321 2180 2376 velint
2213 2339 2226 2375 :

649 2413 741 2466 sed
776 2412 955 2482 potius
982 2413 1140 2482 juxta
1202 2413 1460 2468 Ecclesia:
1511 2414 1698 2478 ritum,
1731 2429 1854 2469 eum
1913 2414 2225 2484 episc0pum

2333 589 2424 643 ρος
2475 574 2566 625 καὶ
2607 573 2796 643 ψυχῶν
2853 571 3061 643 ἰατροῦ,
3109 571 3209 634 τὰς
3264 569 3350 624 διὰ
3405 571 3593 639 λόγων
3634 570 3899 642 θεραπείας

2332 666 2575 738 προσῆγε
2626 669 2739 730 τοῖς
2785 665 3118 737 νενοσηκόσι·
3167 664 3594 732 διεπρεσϐεύετο
3646 665 3776 734 δῆτα
3813 672 3905 731 τοῖς

2330 759 2478 823 λαοῖς
2523 760 2909 830 ἡμερωτέρως,
2962 759 3072 811 τῶν
3127 760 3259 828 παρ’
3310 756 3462 827 αὐτῷ
3527 756 3789 826 δοκίμων,
3830 764 3908 814 καὶ

2329 854 2395 922 τῇ
2448 849 2556 903 τῶν
2623 853 2879 922 κομήτων
2938 850 3064 916 ἀξία
3119 850 3510 922 τετιμημένων
3576 849 3785 920 ἀνδρῶν
3836 854 3909 906 τὶν

2333 941 2651 995 πιστότατον
2701 943 3023 1014 ἐκπέμψας·
3060 946 3275 1015 φρονεῖν
3313 960 3372 995 τε
3415 942 3491 995 τὰ
3536 942 3681 1012 πρὸς
3718 943 3912 1014 εἰρήνην

2333 1033 2653 1104 ἐπαλλήλοις
2699 1035 2933 1106 παρῄνει
2974 1034 3317 1107 γράμμασιν,
3353 1035 3620 1090 ἐδίδασκέ
3660 1053 3719 1087 τε
3762 1038 3916 1106 πράτο

2331 1143 2443 1178 τειν
2480 1125 2760 1195 θεοσεϐείᾳ
2785 1127 3122 1198 πρεπόντως·
3154 1127 3339 1182 ἔπειθέ
3382 1146 3440 1181 τε
3471 1131 3574 1182 καὶ
3620 1127 3915 1196 ἀπελογεῖτο

2329 1220 2394 1274 δι’
2448 1213 2521 1272 ὧν
2569 1220 2705 1290 πρὸς
2752 1220 2949 1284 αὐτοὺς
3001 1220 3259 1291 ἔγραφεν,
3296 1221 3371 1286 ὼς
3395 1220 3497 1274 τοῦ
3542 1221 3648 1292 τῆς
3698 1222 3915 1285 στάσεως

2331 1313 2505 1365 αἰτίου
2558 1311 2864 1383 διακηκοὼς
2924 1311 3034 1383 (76)
3084 1313 3244 1376 αὐτὸς
3297 1314 3405 1384 εἴη.
3461 1313 3583 1366 Καὶ
3640 1312 3839 1377 ταύτας
3878 1315 3912 1367 δ’

2331 1403 2494 1458 αὑτοῦ
2518 1405 2619 1468 τὰς
2647 1403 2958 1469 ἐπιστολὰς,
2985 1406 3047 1458 οὐ
3071 1407 3172 1476 τῆς
3195 1409 3468 1477 τυχούσης
3499 1405 3841 1468 παιδεύσεως
3866 1423 3913 1460 τε

2331 1497 2426 1550 καὶ
2470 1495 2734 1564 ὠφελείας
2781 1496 3027 1569 πλήρεις,
3087 1498 3404 1570 παρεθέμην
3435 1497 3506 1551 ἂν
3543 1500 3642 1551 ἐπὶ
3678 1497 3770 1550 τοῦ
3797 1515 3914 1568 παρ-

2330 1589 2502 1652 όντος,
2530 1591 2579 1641 εί
2639 1589 2716 1660 μὴ
2742 1588 2996 1661 διαϐολὴν
3033 1591 3236 1661 ἐπῆγον
3258 1593 3373 1654 τοῖς
3403 1590 3908 1663 κατηγορουμένοις·

2331 1680 2410 1732 διὸ
2449 1679 2652 1744 ταύτας
2688 1679 2785 1751 μὲν
2816 1680 3179 1752 ἀναϐήσομαι,
3223 1683 3417 1752 κρίνας
3457 1682 3540 1752 μὴ
3577 1680 3912 1736 ἀνανεοῦσθαι

2333 1769 2517 1824 κακῶν
2556 1772 2797 1842 μνήμην,
2837 1771 3004 1840 μόνας
3034 1772 3094 1826 δὲ
3139 1761 3361 1841 συνάψω
3401 1772 3482 1842 τῷ
3528 1771 3702 1841 λόγῳ,
3747 1770 3808 1834 ἃς
3837 1774 3911 1826 ἐπί

2332 1864 2598 1935 συναφείᾳ
2644 1862 2737 1916 καὶ
2781 1863 2970 1933 εἰρήνῃ
3020 1862 3128 1916 τῶν
3175 1862 3348 1917 ἄλλων
3378 1862 3910 1933 εὑθυμούμενοςῦῑι

2333 1954 2658 2026 συνέγραψεο
2703 1953 2770 2006 δι’
2805 1945 2880 2006 ὧν
2933 1953 3168 2026 παρῄνει
3205 1953 3487 2025 ἀλλοτρίου
3531 1954 3637 2024 μὲν
3679 1953 3907 2024 ἄρχοντος

2332 2048 2416 2116 ἐφ’
2449 2039 2491 2114 ᾧ
2528 2048 2627 2112 τὴν
2661 2047 2883 2118 εἰρήνην
2910 2047 3227 2117 πεποίηντο,
3271 2045 3547 2117 μηδαμῶς
3595 2045 3800 2098 ἐθέλειν
3842 2063 3910 2116 με·

2330 2139 2705 2204 ταποιεῖσθαι,
2749 2139 2938 2211 θεσμῷ
2980 2140 3023 2192 δ’
3070 2139 3362 2209 ἐκκλησίας
3414 2139 3616 2192 τοῦτον
3667 2138 3904 2209 αξρεῖσθαι

2331 2233 2585 2304 ποιμένα.
2611 2234 2668 2286 ὃν
2694 2233 2854 2296 αὐτὸς
2889 2233 3218 2297 ἀναδείξειεν
3239 2235 3266 2286 ό
3293 2233 3471 2295 κοινὸς
3502 2232 3619 2285 τῶν
3645 2233 3780 2285 ὅλων
3806 2233 3907 2284 Σω-

2335 2323 2464 2394 τήρ.
2493 2323 2700 2394 Γράφει
2729 2323 2786 2374 δὲ
2816 2321 2963 2392 αὐτῷ
3001 2339 3062 2375 τε
3097 2321 3176 2392 τῷ
3198 2320 3310 2392 λαῷ
3339 2322 3434 2374 καὶ
3460 2324 3584 2384 τοῖς
3614 2321 3906 2384 ἐπισκόποις

2336 2417 2608 2489 διαφόρως
2636 2417 2704 2470 τὰ
2736 2416 3158 2487 ὑποτεταγμένα
3177 2429 3190 2444 ⁸

645 2502 868 2572 eligant,
902 2520 1062 2573 quem
1100 2506 1212 2574 ipse
1239 2507 1543 2562 communis
1573 2506 1818 2562 omnium
1869 2506 2129 2562 Servator
2187 2510 2578 2580 designaverit.
2611 2510 2814 2565 Scribit
2837 2520 3021 2565 autem
3054 2519 3164 2564 tum
3227 2509 3295 2565 ad
3347 2511 3640 2579 populum,
3698 2519 3801 2562 tum
3853 2508 3906 2562 ad

646 2596 950 2666 episcopos,
976 2597 1087 2652 haec
1111 2613 1230 2666 qua:
1261 2599 1597 2667 sequuntur:

1241 2689 1469 2746 CAPUT
1505 2688 1620 2744 LX.

679 2780 1012 2838 Constantini
1045 2783 1266 2848 epistola
1301 2783 1370 2837 ad
1401 2782 1774 2849 Antiochenos,
1812 2800 1875 2838 ne
1901 2783 2190 2839 Eusebium

718 2852 964 2906 Cwsareu
1001 2854 1396 2919 ebura/terant,
1423 2854 1514 2907 sed
1547 2865 1600 2906 ut
1627 2853 1791 2906 alium
1837 2867 2154 2923 qua'rerent.

721 2958 742 2993 ι
789 2939 977 2996 Victor
1021 2941 1415 2998 Constantinus
1464 2942 1758 3011 Maximus,
1794 2942 2099 3015 Augustus,
2136 2959 2230 3014 po-

637 3029 766 3101 pulo
793 3029 1167 3088 Antiochensi.

720 3135 743 3171 ι
780 3118 951 3186 Quam
983 3134 1139 3191 grata
1187 3129 1269 3176 est
1291 3129 1346 3177 et
1366 3137 1526 3192 quam
1555 3123 1791 3193 jucunda
1824 3125 2037 3182 cunctis
2068 3127 2229 3195 hujus

648 3209 831 3264 saeculi
891 3211 1248 3278 prmlentibus
1317 3229 1381 3268 ac
1448 3217 1786 3283 sapientibus
1845 3217 1979 3272 viris
2040 3231 2219 3274 vestra

645 3302 960 3356 concordia.
990 3302 1104 3372 Ego
1138 3313 1286 3360 certe
1340 3320 1460 3373 vos,
1505 3308 1721 3373 fratres,
1762 3310 2098 3380 sempiterna
2130 3312 2225 3367 be-

2879 2690 3272 2744 KE‘I’AAAION
3310 2687 3383 2742 Ξ’.

2337 2783 2792 2838 Κωνῦ-ταντίνου
2823 2783 2974 2850 πρὸς
2997 2781 3348 2851 Ἀντιοχέας,
3369 2781 3456 2851 μὴ
3488 2778 3782 2847 ἀποσπᾷν
3812 2780 3904 2833 eo.

2478 2853 2684 2908 σέϐων
2713 2853 3090 2922 Καισαρείας,
3120 2854 3260 2907 ἀλλ’
3279 2853 3487 2921 ἕτερον
3511 2851 3787 2919 ζητῆσαι.

2421 2966 2438 2998 ι
2481 2946 2725 3016 Νικητὴς
2750 2946 3176 3009 Κωνσταντῖνος,
3217 2944 3506 3014 Μέγιστος,
3523 2940 3806 3003 Σεϐαστὸς,
3838 2937 3899 3008 τῴ

2337 3035 2450 3107 λαῷ
2481 3035 2817 3106 Ἀντιοχέων.

2415 3149 2434 3180 ι
2488 3129 2575 3192 Ὡς
2609 3127 2978 3198 κεχαρισμένη
3023 3144 3086 3196 γε
3116 3130 3182 3199 τῇ
3221 3125 3314 3180 τοῦ
3355 3127 3567 3198 κόσμου
3625 3126 3823 3179 συνέσει
3851 3139 3898 3176 τε

2332 3222 2426 3276 καὶ
2473 3221 2638 3292 σοφίᾳ
2688 3222 2722 3292 ἡ
2768 3223 2895 3292 παρ’
2930 3220 3081 3291 ὑμῶν
3117 3221 3372 3292 ὁμόνοιαι
3424 3221 3521 3274 καὶ
3555 3219 3719 3287 ἔγωγ’
3749 3217 3891 3286 ὑμᾶς,

2334 3314 2572 3384 ἀδελφοὶ,
2601 3312 2864 3367 ἀθάνατον
2895 3311 3076 3382 φιλίαν
3108 3313 3281 3382 φιλεῖν
3318 3311 3558 3381 ἔγνωκα,
3594 3309 3894 3383 προκληθεὶς

718 3416 831 3512 (Ζθ)
861 3417 986 3512 Ξοςῦ
1007 3417 1133 3512 ,τῇς
1156 3419 1458 3512 ,οἷάοςεως
1489 3423 1683 3477 αἰτίου
1723 3424 2076 3505 διακηκοώς.
2115 3427 2215 3480 Ειι-

2331 3429 2464 3484 Nam
2503 3431 2570 3511 de
2594 3429 2803 3512 Fausta
2846 3429 3068 3484 omnino
3105 3430 3217 3512 haec
3259 3429 3480 3511 intelligi
3519 3439 3893 3512 non_possunt,

647 3489 910 3564 stathinm
947 3489 1196 3564 intelligit
1226 3493 1649 3564 Antiochensem
1684 3489 2111 3564 episcopum—ut
2153 3513 2215 3550 ex

650 3559 807 3612 titulo
844 3559 1044 3627 capitis
1067 3572 1311 3628 apparet.
1343 3562 1512 3628 Quem
1538 3579 1660 3617 cum
1702 3559 1994 3620 Eusebiani
2030 3567 2220 3620 fraude

645 3639 702 3708 et
736 3628 1000 3708 calumnia
1026 3645 1056 3684 e
1081 3629 1210 3685 sede
1237 3647 1333 3685 sua
1364 3633 1708 3708 deiecissem,
1736 3637 1926 3708 ingens
1960 3637 2221 3690 tumultus

644 3699 951 3774 Antiochia:
1000 3711 1226 3774 extortus
1287 3699 1494 3774 εδοξῑά
1547 3699 1772 3774 contigit
1796 3699 1964 3760 'anno
2017 3708 2216 3761 Christi

645 3769 870 3847 5'29,_t_t_t
903 3785 966 3824 ex
1000 3769 1472 3847 Philostorgiilib.
1507 3790 1542 3827 ιι
1574 3769 1867 3847 manifeste
1910 3777 2215 3847 colligitur;

648 3851 742 3894 aut
771 3839 896 3906 530,
942 3849 1002 3894 ut
1037 3839 1300 3895 astruere
1330 3844 1540 3897 videtur
1586 3844 1952 3901 Tlteodoritus
1991 3839 2220 3902 invlibro

647 3925 724 3973 ιι,
759 3925 878 3978 cap.
923 3911 1013 3964 51.
1056 3910 1156 3963 Hic
1185 3913 1329 3968 enim
1379 3913 1652 3969 Meletium
1693 3919 1760 3970 ad
1803 3917 1988 3972 sedem
2031 3919 2220 3973 Antio-

647 3981 880 4058 chenam
914 3983 1236 4058 translatum
1270 3997 1391 4058 esse
1422 3985 1614 4058 scribit
1641 3988 1863 4056 triginta
1908 3989 2065 4042 annis
2095 3999 2217 4058 post

647 4050 1046 4126 abdicationem
1101 4052 1400 4109 Eustathii.
1474 4050 1750 4112 hleletium
1814 4073 1978 4126 porro
2026 4050 2222 4112 Antio-

647 4120 825 4173 chiam
869 4123 1186 4176 translatum
1231 4139 1352 4178 esse
1402 4135 1617 4180 constat
1662 4120 2048 4183 anno'b‘hristi
2092 4129 2217 4182 560.

648 4190 1010 4270 Quatnobretn
1074 4196 1328 4270 assentiri
1389 4211 1495 4270 non
1532 4212 1781 4270 possunt
1847 4198 2224 4254 illustrissimo

647 4262 911 4338 cardinali
945 4262 1199 4338 Baronio,
1238 4265 1354 4333 qui,
1388 4262 1621 4321 Eusebio
1664 4279 1849 4322 nostro
1880 4285 2118 4338 semper
2141 4271 2223 4324 in-

649 4329 853 4411 fensus,
882 4331 1007 4412 dum
1039 4333 1154 4412 ejus
1184 4329 1549 4412 narrationem
1586 4339 1744 4412 sequi
1773 4329 2014 4412 recusat;
2033 4341 2222 4412 omnia

648 4403 986 4468 permiscuit.
1040 4403 1131 4457 Ait
1175 4406 1318 4460 enim
1374 4410 1515 4462 hunc
1578 4403 1866 4462 tumultum
1917 4403 2222 4466 Antiochiae

2331 3511 2458 3555 ante
2494 3500 2689 3572 _v_iginti
2723 3499 2837 3572 fere
2863 3515 3057 3572 annos,
3090 3500 3135 3553 si
3172 3499 3892 3572 Baruniutitsequimur,oc-

2330 3573 2465 3625 cisa.
2492 3569 2806 3641 Hieronymi
2836 3586 2964 3625 vero
2993 3570 3146 3641 locus
3183 3585 3248 3624 ex
3282 3571 3420 3624 libro
3453 3569 3532 3624 De
3575 3569 3890 3638 Scriptorum:

2328 3639 2727 3704 ecclesiasticis,
2772 3656 2960 3708 parum
3031 3639 3159 3694 facit
3206 3656 3305 3709 pro
3357 3641 3622 3708 Baronio,
3682 3656 3794 3695 cum
3849 3642 3892 3691 in

2330 3712 2565 3781 antiquis
2613 3711 2960 3771 editionibus.
3007 3712 3253 3779 adeoque
3301 3712 3352 3765 in
3400 3711 3747 3782 Lugdunensi
3788 3725 3889 3782 quae

2331 3796 2496 3849 penes
2532 3796 2618 3835 me
2655 3791 2766 3844 est,
2798 3782 3004 3836 diserte
3037 3783 3297 3849 scriptum
3327 3783 3418 3845 sit,
3445 3781 3543 3834 sub
3573 3781 3888 3837 Constantino

2329 3851 2563 3920 principe
2612 3853 2805 3905 missus
2833 3863 2907 3906 est
2943 3852 2996 3904 in
3027 3854 3290 3906 exsilium.
3335 3853 3700 3919 Quamobrem
3741 3851 3887 3903 Euse-

2326 3921 2472 3975 h;um
2505 3921 2592 3976 hic
2615 3923 2766 3991 sequi
2808 3921 2988 3976 malim
3017 3936 3181 3990 quam
3212 3923 3526 3976 Baronium.
3557 3922 3738 3990 Neque
3762 3920 3884 3974 enim

2326 3993 2504 4054 video,
2540 4006 2637 4045 cur
2677 3993 2810 4046 tanti
2851 4003 3028 4048 motus
3062 3994 3116 4046 in
3167 3994 3442 4048 creatione
3488 3992 3753 4046 Eustathii
3785 4004 3885 4043 esse

2328 4062 2634 4133 potuerint,
2683 4064 2750 4116 de
2802 4065 2998 4131 quibus
3045 4063 3097 4117 in
3131 4063 3356 4133 epistola
3392 4063 3740 4130 imperatoris
3765 4060 3886 4133 8on-

2328 4133 2549 4185 stantini
2587 4132 2645 4185 fit
2676 4137 2906 4195 mentio,
2930 4143 2989 4186 ut
3039 4135 3106 4186 ad
3157 4132 3249 4188 eos
3297 4134 3566 4188 sedandos
3620 4132 3883 4186 mittendus

2328 4201 2492 4255 fuerit
2529 4217 2735 4266 comes,
2763 4212 2948 4272 totque
2974 4203 3230 4271 epistolas
3261 4205 3328 4259 ab
3372 4204 3700 4273 imperatore
3740 4201 3880 4273 scribi

2326 4273 2650 4341 oportuerit.
2676 4273 2826 4344 Adde
2856 4270 3424 4342 {luod’Constantinus
3449 4270 3506 4328 in
3567 4273 3782 4344 epistola
3817 4270 3882 4321 ait

2330 4359 2388 4396 se
2416 4356 2598 4397 coram
2628 4343 2903 4398 audivisse
2936 4359 3059 4398 eum
3089 4345 3179 4412 qui
3217 4345 3382 4398 totius
3411 4343 3691 4400 seditionis
3721 4350 3882 4395 auctor

2331 4413 2638 4475 exstiterant,
2665 4413 3012 4468 Eustathium
3041 4415 3268 4479 scilicet,
3305 4429 3464 4482 quem
3489 4415 3557 4467 ad
3585 4414 3875 4482 comitatum

647 4471 942 4555 contigisse
978 4542 990 4555 .
1015 4489 1185 4555 anno"
1229 4477 1437 4530 Domini
1495 4477 1634 4543 5'24,
1691 4479 1742 4531 id
1794 4488 1908 4544 est,
1977 4481 2223 4555 proximo
2260 4503 2302 4555 τι
2332 4483 2520 4537 venire
2565 4471 2794 4555 jussum,
2840 4483 3226 4555 inr'l‘hraciam
3253 4471 3548 4554 're'legavit.
3589 4486 3759 4555 Atque
3793 4479 3878 4555 hoc

650 4551 776 4613 ante
818 4542 1086 4613 synodum
1126 4545 1398 4601 Niczenam
1449 4542 1635 4602 anno:
1672 4559 1798 4603 tunc
1844 4542 1993 4611 cuut'
2027 4550 2224 4604 Eusta-

651 4611 797 4664 thius
834 4611 1120 4685 episcopus
1153 4616 1523 4671 Antiochenus
1555 4627 1771 4673 creatus
1807 4630 1923 4685 est;
1951 4635 2072 4674 cum
2124 4620 2222 4675 So-

650 4690 848 4762 crates,
877 4684 1216 4762 Sp;ome_nu§
1266 4684 1916 4762 ae_Theotloritushune
1937 4691 2220 4744 tumultum

650 4752 703 4833 in
737 4752 1076 4833 depositione
1104 4757 1276 4833 ipsius
1307 4759 1574 4833 Eustathii
1606 4761 1903 4833 contigisse
1933 4770 2220 4815 testentur.

649 4822 755 4904 Sed
805 4823 1072 4904 liaronitts
1113 4822 1456 4904 certissimis,
1507 4839 1564 4884 ut
1602 4822 1823 4904 quidemn
1874 4833 1988 4900 ipse
2036 4842 2220 4904 ptttat,

647 4894 968 4972 rationibus,
1003 4894 1342 4972 Eustathium
1375 4915 1482 4972 non
1520 4894 1639 4972 sub~
1668 4894 2218 4972 Constantino'imp.,

647 4964 740 5016 sed
787 4965 888 5017 sub
919 4965 1258 5042 Con_s_tan_t_io,
1293 4984 1361 5024 ex
1404 4969 1744 5042 Antiochena
1790 4973 1923 5026 sede
1952 4964 2222 5042 deiectum

647 5035 1112 5115 esmycontendit.
1152 5036 1442 5115 Videamus
1463 5041 1658 5115 _igitur
1707 5042 1906 5115 quibus
1951 5035 2222 5115 idiargu-

651 5110 850 5157 mentis
892 5114 1140 5160 astruere
1186 5111 1414 5165 nitatur.
1463 5110 1908 5167 Primum’allert.
1939 5110 2221 5167 Athanasii

649 5171 827 5253 locum
861 5190 927 5229 ex
949 5177 1180 5253 epistola
1207 5181 1274 5232 ad
1307 5182 1582 5253 solitarios
1612 5184 1712 5237 sub
1750 5184 1997 5236 initium:
2027 5202 2045 5234 ι
2077 5183 2221 5243 Fuit.

649 5247 845 5325 inquit,
869 5247 1087 5325 quidam
1121 5248 1437 5306 Eustathius
1470 5255 1754 5325 episcopus
1787 5253 2107 5318 Antiochia},
2145 5256 2225 5307 vir

652 5314 988 5396 confessi-one
1012 5319 1209 5396 clarus,
1235 5314 1524 5396 [ὥρη-ᾇ
1551 5314 1710 5392 quem
1745 5324 1991 5396 homines
2013 5314 2225 5378 Ariana:

649 5391 922 5451 opinionis
961 5391 1033 5441 ita
1067 5394 1207 5460 apud
1238 5391 1613 5447 Constantium
1649 5396 1772 5448 ficta
1816 5395 2090 5449 calumnia
2133 5410 2224 5447 ae-

649 5466 928 5534 cu'sarunt,
947 5463 1109 5534 quasi
1139 5461 1193 5513 in
1231 5471 1459 5516 matrem
1482 5533 1490 5534 ί
1511 5465 1776 5534 principis
1799 5468 2223 5519 contumeliosus

649 5523 858 5604 fuisset.
885 5545 918 5604 i_
947 5523 1284 5604 Veruin__ego
1333 5548 1430 5601 pro
1464 5523 1779 5590 constantia
1808 5537 2222 5590 Constantinum

651 5597 704 5646 in
743 5597 842 5651 hoc
892 5599 1174 5654 Athanasii
1223 5597 1360 5656 vinco
1426 5606 1771 5660 scribendum
1821 5621 1942 5660 esse
1993 5606 2221 5660 allirmo.

649 5667 819 5747 Quam
863 5672 1295 5727 emendationem
1317 5675 1759 5747 confirmant__ea
1806 5691 1925 5747 quae
1959 5677 2023 5730 de
2057 5678 2227 5745 impe-

649 5744 846 5815 ratoris
889 5750 1066 5815 matre
1096 5757 1218 5815 mox
1245 5744 1625 5814 subjiciuntur.
1655 5744 1914 5801 Helenam
1955 5747 2097 5802 enim
2137 5744 2225 5799 in-

651 5807 861 5876 telligit,
877 5823 995 5878 qua:
1018 5812 1069 5866 in
1091 5807 1366 5871 Orientem
1385 5815 1531 5874 circa
1555 5817 1658 5873 hoc
1681 5827 1890 5888 tempus
1908 5822 2219 5875 advenerat.

2330 4550 2577 4622 primum
2595 4552 2806 4608 facinus
2829 4554 3159 4608 Arianorum
3198 4550 3447 4608 recenset
3475 4550 3793 4608 Athanasius
3834 4550 3875 4599 in

2325 4623 2556 4692 epistola
2604 4627 2861 4691 superius
2914 4635 3244 4690 memorata,
3289 4626 3434 4692 quod
3475 4625 3760 4678 notandum
3791 4629 3876 4671 est.

2328 4693 2554 4768 idenim
2575 4703 2810 4768 gestum
2845 4705 2928 4749 est
2959 4705 3083 4768 ante
3111 4695 3392 4768 synodum
3438 4695 3599 4765 Tyri,
3650 4695 3873 4768 adversus

2325 4765 2681 4818 Athanasium
2731 4775 3012 4827 coactam,
3073 4765 3122 4819 id
3161 4763 3251 4820 est
3279 4775 3405 4818 ante
3437 4763 3640 4818 annum
3694 4763 3871 4816 Domini

2328 4835 2449 4888 554.
2490 4835 2666 4904 Recte
2699 4835 2860 4904 igitur
2898 4835 3229 4890 Athanasius
3263 4834 3548 4888 hiStoriam
3592 4834 3711 4890 belli
3738 4827 3872 4904 quod

2325 4906 2511 4959 Ariani
2548 4903 2801 4958 Ecclesiae
2833 4904 3124 4959 Catholica:
3159 4907 3478 4966 intulerunt,
3510 4921 3540 4957 a
3573 4903 3870 4974 depositione

2328 4976 2599 5029 Eustathii
2635 4975 2936 5038 exorditur,
2989 4984 3245 5045 tanquam
3279 4990 3309 5028 a
3353 4977 3545 5044 primo
3575 4977 3868 5045 Arianorum

2329 5047 2571 5100 facinore
2598 5061 2613 5099 :
2645 5046 2788 5114 quod
2824 5062 2946 5100 cum
2981 5043 3116 5115 ipsis
3137 5061 3202 5099 ex
3236 5043 3509 5116 sententia
3534 5043 3868 5116 successisse}.

2327 5127 2521 5170 caetera
2559 5112 2729 5184 prona
2773 5117 2874 5170 sibi
2920 5112 3179 5185 deinceps
3226 5129 3289 5168 ac
3324 5114 3503 5169 facilia
3557 5131 3676 5170 esse
3716 5112 3870 5185 existi-

2329 5197 2564 5240 marunt.
2592 5186 2858 5240 Caeterum
2894 5184 3429 5253 Baroniisententia,
3466 5197 3576 5238 tum
3605 5203 3670 5240 ex
3699 5184 3756 5236 iis
3776 5192 3870 5254 qna?

2327 5272 2488 5323 supra
2500 5257 2627 5328 _tlixi
2664 5257 2944 5319 refellitur,
2965 5269 3085 5328 tum
3112 5271 3177 5310 ex
3210 5270 3283 5328 eo
3291 5257 3441 5328 quod
3474 5254 3769 5313 Flaccillus,
3798 5261 3868 5328 qut

2328 5336 2447 5394 post
2499 5325 2784 5380 Paulinum
2832 5337 2886 5381 el
2937 5326 3206 5382 Eulaliutn
3265 5327 3552 5380 Eustathio
3609 5325 3864 5381 successit.

2327 5399 2468 5451 inter
2499 5398 2783 5468 episcopos
2829 5397 2921 5466 qui
2973 5396 3200 5468 Tyrensi
3245 5399 3450 5468 synodo
3505 5395 3868 5468 interfuerunt.

2327 5463 2663 5521 memoratur
2687 5463 2756 5520 ab
2793 5463 3096 5524 Athanasio
3124 5469 3176 5521 in
3225 5463 3473 5536 apologia
3505 5469 3573 5520 ad
3608 5463 3865 5536 imp.U¢_'ll'

2327 5538 2614 5601 stantium,
2648 5546 2707 5590 ut
2748 5547 2895 5592 recte
2926 5538 3237 5592 observavit
3260 5531 3508 5592 'Jacobus
3540 5531 3865 5592 (Ξοιιιὶιιιεάυέ

2328 5609 2381 5661 in
2407 5609 2876 5677 dissertationibus
2899 5609 2967 5661 ad
2997 5610 3089 5664 lib.
3116 5624 3150 5662 ll
3183 5609 3549 5677 Philostorgii.

2396 5679 2507 5749 (⁷7)
2527 5676 2685 5749 Υυιιιο,
2699 5677 2818 5732 τῶν
2842 5678 3048 5732 ἄλλων
3058 5671 3516 5748 ἐνθυμούμενοῇ
3537 5671 3863 5749 νδοιίιιειιιιιιω

2325 5744 2415 5803 est
2454 5744 2890 5820 εὖθυμούμενος,
2933 5760 2990 5805 ιιι
3023 5744 3219 5819 legisse
3260 5744 3468 5806 videtur
3515 5744 3864 5818 Christoth-

2326 5837 2509 5876 ευιιιιε.
