4212 6440
721 323 855 383 ιιει

1429 325 1699 383 EUSEBll
1739 323 2220 382 CAESARIENSIS
2259 323 2408 380 OPP.
2451 323 2633 380 PARS
2669 325 2712 380 Ι.
2752 355 2821 365 ——
2857 324 3248 383 HlSTORlCA.

3829 332 3967 388 “5!

719 459 776 503 et
807 446 1152 512 arcessimus,
1185 462 1304 516 qua;
1329 447 1488 502 [idem
1517 447 1791 517 Opinionis
1818 457 2016 502 nostra:
2034 462 2269 502 eversor;

2367 505 2368 511 η
2395 441 2486 499 οὖν
2509 445 2716 500 ἐπαινῶ
2739 447 2830 500 τὸν
2859 445 3048 519 ἄνδρα,
3075 447 3136 510 ὃς
3165 446 3259 499 καὶ
3287 445 3425 516 ὑμῖν,
3447 445 3611 515 τιμῆς
3639 462 3697 498 τε
3734 445 3828 500 καὶ
3855 448 3970 502 δια-

717 539 886 592 sunt?
915 538 1176 608 Equidem
1220 539 1395 592 virum
1434 538 1580 591 illum
1611 552 1771 605 quem
1806 553 1896 591 vos
1925 547 1980 591 et
2011 537 2216 591 honore
2235 546 2288 590 et

721 629 1094 685 benevolentia
1149 630 1368 698 dignum
1420 629 1718 697 iudicatis,
1774 628 2062 696 plurimum
2105 628 2286 682 laudo.

719 721 833 777 Non
859 731 1040 776 tamen
1071 721 1207 775 adeo
1239 721 1445 789 despici
1496 729 1715 789 oportet
1759 721 1811 776 id
1839 719 1979 788 quod
2007 719 2146 788 apud
2177 719 2287 773 sin-

717 813 874 882 gulos
907 821 1082 866 ratum
1137 811 1466 880 ﬁrmumque
1505 824 1728 866 manere
1775 809 2054 874 debuerat,
2085 817 2143 863 ut
2173 809 2288 864 sin-

713 906 826 976 guli
851 904 1094 960 contenti
1119 919 1222 958 non
1251 904 1360 956 sint
1387 903 1677 957 sententiis
1694 902 1828 966 suis,
1857 917 1953 955 nec
1976 901 2285 955 domesticis

715 999 875 1054 bonis
905 1012 1096 1053 omnes
1127 996 1504 1065 perfruantur,
1540 1005 1709 1066 utque
1738 996 1790 1050 in
1826 994 2188 1063 disquirendis
2221 993 2285 1047 iis

715 1093 806 1163 qui
839 1107 905 1146 ex
937 1105 1091 1159 inquo
1120 1087 1263 1158 digni
1292 1090 1402 1143 sint
1431 1090 1768 1157 episcopatu,
1803 1103 1909 1143 non
1943 1088 2117 1141 dicam
2144 1102 2283 1141 unus

712 1195 806 1241 aut
837 1185 991 1247 alter,
1016 1183 1109 1237 sed
1145 1181 1361 1250 plurimi
1410 1181 1642 1234 Eusebio
1673 1195 1831 1250 pares
1863 1194 1968 1234 non
2009 1178 2283 1246 proferan-

712 1289 818 1334 tur.
845 1277 1058 1333 Etenim
1107 1291 1230 1331 eum
1262 1274 1531 1344 asperitas
1562 1282 1617 1327 et
1648 1272 1907 1327 violentia
1942 1272 2143 1326 nullam
2194 1288 2282 1327 ec-

709 1370 1031 1428 clesiasticis
1059 1372 1351 1426 honoribus
1395 1365 1694 1422 molestiam
1759 1364 2034 1431 lacessat,
2060 1380 2281 1445 .omnes

708 1466 916 1521 similes
947 1466 1087 1520 inter
1115 1478 1174 1517 se
1207 1469 1353 1524 sunt,
1401 1469 1459 1514 et
1496 1458 1692 1525 mquali
1722 1456 1774 1510 in
1800 1455 1976 1524 pretio
2021 1455 2275 1510 habendi.

704 1559 892 1626 Neque
919 1561 1062 1612 enim
1093 1555 1286 1610 rationi
1310 1559 1739 1609 consentaneum
1776 1549 1963 1615 fuerit,
2001 1558 2059 1602 ut
2088 1547 2276 1616 hujus-

704 1653 853 1707 modi
879 1649 1162 1720 inquisitio
1189 1650 1256 1702 ad
1303 1647 1536 1701 aliorum
1579 1645 1674 1698 ﬁat
1723 1643 2025 1713 injuriam:
2078 1641 2278 1710 quippe

704 1761 826 1798 cum
850 1744 1090 1796 omnium
1126 1750 1351 1804 mentes,
1393 1741 1506 1794 sive
1556 1735 1875 1791 humiliores
1905 1736 2033 1799 sint,
2069 1734 2182 1790 sive
2207 1733 2274 1786 il-

2396 538 2596 602 θέσεως
2627 538 2775 602 ἄξιος
2821 539 3170 610 δοκιμάζεται
3195 555 3208 569 ³
3245 539 3304 592 οὑ
3356 537 3462 609 μὴν
3495 535 3637 589 οὕτω
3669 539 3720 606 γ’
3749 538 3968 609 ἐξησθε-

2392 630 2612 701 νηκέναι
2668 631 2728 682 τὸ
2783 631 2912 704 παρ’
2963 631 3214 694 ἑκάστοις
3264 629 3450 702 κύριόν
3500 645 3561 682 τε
3605 630 3699 682 καὶ
3753 629 3966 700 βέϐαιον

2390 721 2599 794 ὀφεῖλον
2630 722 2810 792 μένειν
2834 721 2960 794 χρὴ,
2997 722 3073 786 ὡς
3105 721 3178 794 μὴ
3205 724 3325 785 ταῖς
3357 721 3516 786 ίδίαις
3555 720 3802 790 γνώμαις
3835 721 3964 772 ἐκαο

2397 831 2560 878 στους
2592 815 2878 886 ἀρκεῖσθαι
2923 814 3054 886 (84),
3083 815 3178 868 καὶ
3207 815 3314 868 τῶν
3336 814 3551 868 οἰκείων
3587 815 3795 878 πάντας
3827 815 3964 869 ἀπο-

2389 906 2592 971 λαύειν,
2633 906 2690 959 ἐν
2728 924 2785 960 τε
2814 905 3094 978 ἐφαμίλλῳ
3125 907 3427 977 διασκέψει,
3465 909 3543 970 εἰς
3571 907 3723 960 τοῦδε
3748 907 3841 960 τοῦ
3869 909 3964 962 ἀν-

2389 1002 2516 1072 δρὸς
2569 1000 2856 1071 σύγκρισιν
2906 1001 3005 1070 οὑχ
3043 1001 3139 1055 ἕνα
3197 1001 3378 1070 μόνον,
3415 998 3552 1053 ἀλλά
3601 1001 3696 1052 καὶ
3751 1001 3964 1064 πλείους

2387 1095 2638 1166 ἐκφῆναι.
2673 1094 2764 1146 Διὸ
2790 1094 2853 1164 δὴ
2876 1094 3026 1146 οὐδὲν
3058 1092 3168 1146 οὔτ’
3195 1093 3510 1164 ἐκπλήξεως
3546 1091 3668 1145 οὕτε
3694 1092 3965 1164 τραχύτηο

2385 1205 2475 1251 τος
2523 1185 2841 1257 ἐνοχλούσης
2873 1189 2990 1249 ταῖς
3027 1187 3154 1257 περὶ
3205 1186 3302 1256 τὴν
3362 1183 3688 1256 Ἐκκλησίαν
3740 1187 3961 1256 τιμαῖς,

2383 1278 2576 1348 ὁμοίας
2592 1293 2650 1329 τε
2669 1277 2762 1329 καὶ
2795 1277 2884 1330 διὰ
2901 1275 3116 1329 πάντων
3134 1274 3328 1344 ἐπίσης
3347 1272 3636 1344 ἀγαπητὰς
3657 1268 3794 1325 εἶναι
3828 1292 3891 1326 συ
3900 1292 3965 1343 μ-

2381 1370 2576 1424 ϐαίνει.
2605 1371 2738 1425 Ούδέ
2755 1371 2862 1443 γὰρ
2878 1369 3114 1438 εὔλογον,
3139 1370 3216 1432 εἰς
3237 1370 3440 1439 ἐτέρων
3458 1368 3834 1438 πλεονέκτημα
3852 1368 3963 1440 (85)

2385 1465 2653 1518 ποιεῖσθαι
2701 1465 2800 1535 τὴν
2853 1464 2979 1536 περὶ
3023 1463 3213 1516 τούτου
3262 1462 3570 1532 ἐπίσκεψιν,
3608 1463 3708 1532 τῆς
3744 1463 3965 1516 πάντων

2381 1556 2616 1620 διανοίας
2632 1557 2844 1628 ἐπίσης,
2862 1556 2925 1610 ἄν
2940 1557 2985 1607 τ’
3001 1554 3270 1617 ἐλάττους,
3292 1554 3355 1607 ἄν
3371 1571 3430 1606 τε
3451 1553 3670 1625 μείζους
3691 1553 3802 1623 (86)
3823 1550 3964 1610 εἶναι

2379 1648 2602 1711 δοκοῖεν,
2618 1649 2686 1702 τὰ
2719 1650 2839 1703 θεῖα
2862 1648 3106 1719 δόγματα
3131 1645 3534 1717 ὑποδεχομένης
3557 1663 3615 1698 τε
3641 1647 3735 1699 καὶ
3759 1646 3967 1714 φυλατ-

2380 1742 2596 1811 τούσης,
2629 1741 2704 1805 ὼς
2731 1741 2873 1794 κατά
2923 1741 3090 1812 μηδὲν
3119 1741 3244 1803 τοὺς
3283 1739 3504 1810 ἐτέρους
3542 1740 3620 1802 είς
3650 1738 3741 1791 τὸν
3776 1739 3959 1793 κοινὸν

704 1835 1010 1900 lustriores,
1038 1833 1216 1888 divina
1249 1832 1465 1887 decreta
1498 1845 1562 1884 ex
1594 1843 1750 1897 aequo
1777 1827 2082 1896 suscipiant
2117 1835 2269 1894 atque

2377 1833 2536 1904 νόμον
2573 1833 2945 1886 ἐλαττοῦσθαι.
3001 1834 3064 1885 Εἰ
3116 1832 3179 1903 δὴ
3229 1831 3464 1903 τάληθές
3515 1831 3626 1900 (87)
3678 1830 3956 1902 γνώριμον

705 1927 1018 1984 cusmdiant
1046 1944 1060 1980 ι
1097 1926 1231 1980 adeo
1251 1933 1308 1978 ut
1331 1923 1445 1988 alii,
1479 1925 1619 1993 quod
1663 1925 1878 1992 quidem
1909 1922 1974 1976 ad
2026 1934 2273 1974 commu-

707 2035 829 2074 nem
864 2022 1032 2087 legem
1071 2019 1328 2086 pertinet,
1355 2015 1664 2070 nullatenus
1689 2015 1808 2069 aliis
1834 2013 2120 2067 inferiores
2144 2011 2272 2066 sint.

705 2112 858 2181 Quod
905 2115 948 2165 si
999 2111 1284 2164 veritatem
1319 2118 1505 2179 aperte
1556 2107 1804 2177 proferre
1851 2105 2118 2171 volumus,
2153 2103 2274 2172 jure

701 2207 826 2275 quis
870 2204 1067 2258 dixerit
1119 2204 1221 2256 hoc
1266 2217 1370 2255 non
1419 2215 1539 2254 esse
1570 2199 1842 2252 hominem
1875 2199 2135 2260 retinere,
2179 2195 2273 2250 sed

701 2296 1040 2358 abstrahere,
1070 2304 1124 2347 et
1154 2291 1422 2346 violentia:
1461 2291 1638 2360 potius
1668 2291 1719 2344 id
1754 2291 1896 2358 quod
1924 2288 2103 2358 agitur
2137 2277 2272 2354 opus

698 2405 842 2454 esse,
872 2403 1034 2458 quam
1065 2386 1309 2453 justitize.
1341 2387 1406 2440 Et
1442 2388 1557 2439 sive
1589 2385 1689 2437 hoc
1722 2383 1878 2436 modo
1902 2421 1918 2445 ,
1950 2382 2063 2436 sive
2116 2380 2274 2434 aliter

701 2483 867 2537 sentit
897 2480 1205 2542 multitudo,
1232 2493 1330 2548 ego
1359 2479 1573 2546 quidem
1603 2475 1805 2544 liquido
1829 2483 1882 2528 et
1907 2473 2167 2526 audacter
2189 2471 2274 2524 af-

702 2574 882 2635 firmo,
908 2587 1027 2624 eam
1065 2586 1176 2624 rem
1213 2568 1688 2624 criminationibus
1722 2581 1941 2621 causam
1981 2564 2224 2633 praebere
2253 2601 2267 2625 ,

697 2678 752 2722 et
782 2666 1018 2734 ingentis
1049 2663 1312 2717 tumultus
1351 2669 1728 2729 tempestatem
1760 2657 2022 2711 excitare.
2065 2653 2194 2706 Nam
2217 2663 2272 2707 et

696 2756 819 2824 agni
856 2754 1094 2809 dentium
1131 2765 1349 2806 suorum
1381 2749 1488 2802 vim
1528 2764 1590 2802 ac
1621 2750 1786 2800 robur
1807 2753 2103 2810 ostentant,
2135 2757 2271 2812 quo-

697 2849 798 2901 ties
831 2845 1066 2914 pastoris
1124 2858 1252 2898 cura
1312 2857 1375 2896 ac
1416 2839 1782 2894 sollicitudine
1828 2839 1879 2891 in
1917 2836 2151 2891 deterius
2187 2835 2270 2889 la-

697 2940 878 3002 bente,
923 2937 1152 3006 pristina
1201 2934 1595 3004 gubernatione
1648 2946 1706 2986 se
1741 2931 2032 2985 destitutos
2060 2931 2263 2983 vident.

694 3027 850 3096 Quod
880 3029 924 3084 si
953 3030 1068 3082 haec
1101 3030 1170 3081 ita
1201 3043 1259 3081 se
1288 3027 1488 3080 habent
1517 3035 1573 3079 et
1597 3039 1699 3079 nos
1746 3023 2002 3092 opinione
2028 3038 2131 3076 non
2169 3021 2268 3074 fal-

693 3123 875 3186 limur,
937 3121 1039 3175 hoc
1095 3121 1328 3190 primum
1377 3116 1614 3170 onmium
1653 3115 2015 3178 considerate,
2050 3114 2262 3176 fratres,

693 3216 887 3288 (multa
915 3215 1058 3268 enim
1083 3223 1137 3266 et
1168 3212 1399 3264 maxima
1431 3210 1569 3264 bona
1600 3207 1783 3262 statim
1811 3206 1880 3259 ab
1912 3205 2066 3259 initio
2112 3206 2265 3259 vobis

692 3304 1007 3375 nascentur)
1066 3319 1192 3359 num
1251 3305 1461 3358 sincera
1511 3303 1652 3356 inter
1684 3316 1777 3354 vos
1819 3299 2060 3354 charitas
2107 3310 2271 3367 atque

689 3398 934 3458 dilectio,
986 3397 1203 3464 aliquod
1236 3398 1316 3448 sui
1367 3393 1752 3448 detrimentum
1783 3407 2010 3462 passura
2045 3393 2139 3445 sit.
2169 3391 2270 3444 De-

688 3491 820 3546 inde
871 3505 1002 3544 vero
1040 3490 1169 3543 illud
1221 3489 1562 3557 perpendite,
1605 3489 1778 3540 virum
1821 3486 1967 3540 illum
1999 3485 2091 3553 qui
2139 3484 2266 3538 boni

687 3582 900 3635 consilii
927 3596 1092 3635 causa
1122 3580 1191 3633 ad
1219 3594 1315 3633 vos
1349 3587 1593 3642 venerat,
1639 3579 1879 3632 debitum
1910 3578 2012 3631 sibi
2045 3577 2268 3631 honoris

688 3670 924 3726 fructum
983 3685 1051 3724 ex
1103 3671 1286 3724 divino
1311 3670 1515 3738 judicio
1561 3670 1891 3739 percipere;
1931 3669 2127 3738 quippe
2169 3668 2264 3737 qui

694 3778 798 3818 non
832 3763 1042 3833 vulgari
1072 3761 1298 3818 ail‘ectus
1325 3762 1397 3816 sit
1430 3762 1715 3827 beneﬁcio,
1765 3777 1887 3815 cum
1915 3762 1982 3816 de
2007 3761 2125 3830 ejus
2149 3759 2262 3813 vir-

758 4027 868 4100 (84)
885 4025 1038 4095 Vulg.
1059 4025 1188 4100 ταῖς
1200 4024 1376 4100 ἰδίαις
1390 4025 1646 4100 γνώμαις
1656 4022 2230 4100 ἕκαστοςάρξιεῖσθαι
2244 4063 2258 4086 ,

686 4097 741 4154 id
769 4097 875 4160 εει,
907 4101 1016 4150 suis
1044 4098 1258 4167 quisque
1291 4098 1542 4150 limitibus
1573 4107 1842 4150 contentus
1866 4097 1962 4167 sit.
1998 4097 2089 4167 Est
2117 4099 2260 4147 enim

684 4169 879 4240 γνώμη
918 4166 1403 4240 limesagrorum,
1455 4168 1594 4221 unde
1639 4166 1926 4235 gnomatici
1969 4166 2262 4240 scriptores

686 4235 1002 4306 a'lieti,'qui
1075 4237 1141 4288 de
1218 4237 1480 4290 limitibus
1574 4252 1824 4304 agrorum
1903 4235 2257 4306 Scripserunt.

688 4310 888 4361 Eadem
930 4304 1177 4360 iratione
1256 4306 1381 4376 ὅρος
1453 4306 1592 4374 apud
1654 4307 1872 4361 Grazcos
1956 4304 2260 4376 promiscue

685 4379 940 4437 soluitur.
990 4386 1097 4428 tum
1155 4390 1252 4444 pro
1293 4375 1572 4430 ’setttentia
1625 4392 1785 4444 quam
1822 4391 1919 4444 pro
1970 4375 2156 4428 limite.
2195 4375 2260 4429 Ut

682 4451 827 4501 enim
862 4448 1020 4500 limes
1074 4461 1264 4514 agros,
1312 4446 1385 4498 ita
1435 4449 1704 4500 sententia
1760 4445 1882 4498 lites
1929 4455 1981 4498 et
2031 4454 2253 4514 contro-

683 4520 889 4571 versias
911 4513 1185 4572 terminat.
1210 4514 1380 4567 Porro
1398 4517 1740 4569 scribendum
1763 4516 1973 4566 videtur
1993 4513 2256 4577 ἑκάστους

685 4587 1004 4660 ἀρκεῖσθαι⁹
1040 4587 1290 4654 sequitur
1317 4586 1462 4660 enim
1493 4585 1742 4660 καὶ-τῶν
1785 4583 1999 4660 οίκείων
2047 4584 2252 4648 πάντας

681 4650 992 4712 ἀπολαύειν.
1027 4650 1348 4723 Quanquam
1369 4650 1586 4708 Fuluio
1602 4653 1839 4709 Turnebi
1866 4654 2022 4710 codd.
2056 4656 2255 4708 habent

683 4730 901 4781 πάντων
935 4727 1244 4781 ἀπολαύειν.

753 4800 866 4871 (85)
912 4800 1062 4871 Vulg.
1095 4801 1182 4871 εὶς
1209 4797 1412 4871 ἕτερον
1429 4796 1860 4871 πλεονέκτημα.
1894 4793 2252 4871 Scribentlum

678 4865 772 4924 est'
795 4865 876 4932 είς
895 4865 1093 4939 ἐτέρὶυν
1116 4869 1512 4939 πλεονέκτημα.
1535 4870 1647 4920 him
1693 4870 1874 4927 decet,
1909 4865 2083 4939 inquit
2109 4865 2252 4939 Con-

677 4935 1066 5005 stantinasfut
1104 4935 1430 5006 hujusmodi
1458 4939 1771 4992 deliberatio
1805 4939 1870 4989 de
1905 4935 2150 5006 eligendo
2196 4937 2249 4988 in

677 5011 947 5064 Eustatliii
1000 5009 1174 5061 locum
1233 5009 1514 5078 episcopo,
1543 5009 1661 5062 aliis
1719 5008 1968 5078 iniuriam
2016 5005 2244 5078 allo-rat;

677 5097 776 5135 nec
829 5080 964 5133 alias
1024 5075 1290 5132 Ecclesias
1351 5075 1580 5146 spoliare
1627 5079 1854 5130 debetis.
1914 5075 2081 5128 Paulo
2133 5089 2251 5142 post

677 5154 950 5206 assentior
1013 5151 1289 5218 Sealigero
1329 5161 1383 5202 et
1426 5149 1953 5218 Christopborsono,
2002 5146 2119 5218 qi_ii_
2148 5147 2247 5216 τῆς

676 5225 895 5276 πάντων
931 5215 1186 5283 διανοίας
1210 5221 1586 5272 emendarunt.
1628 5220 1803 5285 Atque
1838 5217 1908 5270 ita
1948 5219 1997 5268 in
2029 5215 2160 5270 lt‘ult.
2197 5215 2250 5269 et

678 5294 863 5347 Savilii
893 5293 1054 5346 codd.
1100 5303 1154 5345 et
1203 5292 1254 5343 in
1295 5292 1566 5343 veteribus
1608 5290 1823 5342 schedis
1857 5288 2122 5355 scriptum
2168 5288 2249 5340 in-

676 5377 817 5418 Velit.

747 5435 856 5505 (86)
901 5435 1003 5488 Ἀν
1027 5434 1076 5488 τ’
1100 5431 1409 5499 ἐλάττους,
1437 5430 1516 5482 ἄν
1541 5429 1894 5505 τιξμείζόυς.Δ
1915 5427 1972 5482 1d
2008 5437 2108 5505 est,
2129 5430 2249 5505 Asive

676 5501 903 5560 minoris
941 5507 1111 5568 urbis,
1144 5506 1440 5571 cuiusmodi
1471 5512 1554 5554 est
1585 5501 1852 5561 Czesaroa,
1885 5501 2070 5553 incola:
2097 5503 2241 5563 sint;

674 5578 790 5630 sive
831 5577 1048 5638 maioris
1108 5576 1378 5635 civitatis,
1439 5572 1740 5640 cujusmodi
1792 5580 1876 5624 est
1931 5571 2240 5624 Antiochia.

677 5646 895 5711 Omnes,
925 5648 1119 5716 inquit,
1163 5656 1270 5698 tam
1309 5641 1689 5714 μικροπολῖται
1732 5656 1892 5716 quam
1929 5656 2242 5716 magnarum

679 5710 890 5770 urliiuui
938 5710 1113 5781 cives,
1156 5710 1565 5783 acquales'stttit
1621 5718 1761 5779 apud
1828 5710 2016 5765 Deum.
2063 5713 2244 5776 Quare

679 5791 882 5842 minora
922 5792 1117 5851 oppida
1155 5803 1259 5840 non
1303 5796 1428 5839 sunt
1477 5783 1757 5852 spolianda
1806 5787 1918 5837 suis
1949 5783 2238 5851 episcopis.

2373 1926 2664 1998 διαρρήδην
2690 1924 3121 1995 ἀποφαινόμεθα,
3170 1923 3244 1986 ὡς
3272 1924 3333 1975 οὑ
3362 1921 3602 1986 κάθεξιν,
3630 1923 3765 1975 ἀλλὰ
3791 1923 3956 1991 άφαέ-

2377 2036 2525 2090 ρεσιν
2560 2019 2756 2090 μᾶλλον
2789 2019 2852 2072 ἂν
2883 2019 3026 2072 εἴποι
3057 2035 3139 2080 τις
3169 2016 3386 2070 ἔσεσθαι
3431 2015 3678 2086 τάνδρὸς,
3710 2017 3803 2070 καὶ
3832 2018 3953 2080 βίας

2374 2112 2554 2183 ἔργον,
2589 2114 2648 2166 οὑ
2678 2112 3024 2180 δικαιοσύνης
3050 2109 3375 2180 γενήσεσθαι
3401 2110 3461 2161 τὸ
3482 2108 3783 2178 γινόμενον·
3811 2106 3876 2158 ἄν
3905 2108 3952 2161 θ’

2374 2203 2571 2267 οὑτως,
2600 2205 2663 2258 ἄν
2687 2201 2733 2254 θ’
2766 2202 2965 2273 ἑτέρως
2981 2201 3048 2255 τά
3077 2200 3252 2272 πλήθη
3279 2201 3470 2270 φρονῇ,
3503 2199 3577 2259 ώς
3603 2197 3774 2268 ἔγωγε
3795 2198 3950 2270 διαρ-

2376 2295 2542 2364 ρήδην
2574 2295 2666 2347 καὶ⁵
2699 2293 2972 2363 εὐτόλμως
2995 2291 3387 2361 ἀποφαίνομαι,
3415 2289 3724 2360 ἐγκλήσεως
3757 2289 3952 2342 ὑπόθε-

2376 2401 2457 2438 σιν
2491 2380 2628 2438 εἶναι
2677 2383 2871 2446 τοῦτο,
2925 2381 3370 2453 προκαλουμένην
3417 2383 3486 2434 εοὺ
3534 2382 3631 2450 τῆς
3680 2379 3951 2451 τυχούσης

2375 2477 2615 2540 στάσεως
2641 2477 2884 2546 ταραχήν
2904 2494 2916 2506 ο
2947 2474 3365 2545 ἐπισημαίνουσι
3391 2474 3520 2542 γοῦν
3549 2474 3647 2544 τὴν
3669 2472 3778 2525 τῶν
3807 2473 3950 2526 ὁδόν-

2362 2585 2477 2621 των
2515 2567 2675 2636 φύσιν
2707 2585 2763 2619 τε
2821 2567 2912 2619 καὶ
2957 2566 3206 2637 δύναμιν,
3263 2567 3355 2618 καὶ
3402 2566 3630 2637 ἀρνειοὶ,
3681 2566 3806 2618 ὃταν
3851 2561 3948 2617 τοῦ

2372 2658 2627 2728 ποιμένος
2653 2658 2752 2727 τῆς
2783 2657 3068 2729 συνηθείας
3094 2675 3154 2710 τε
3183 2656 3277 2710 καὶ
3301 2656 3596 2728 θεραπείας
3632 2654 3950 2709 ὑπολισθού-

2372 2770 2472 2824 σης
2493 2752 2584 2804 ἐπὶ
2600 2749 2668 2804 τά
2683 2751 2868 2822 χείρω,
2898 2751 2994 2821 τῆς
3021 2751 3149 2820 πρὶν
3168 2749 3445 2818 διαγωγῆς
3479 2747 3944 2821 ἀποστερηθῶσιν.

2369 2844 2434 2897 Ei
2462 2843 2524 2914 δὴ
2553 2843 2708 2896 ταῦθ’
2735 2843 2908 2906 οὕτως
2958 2841 3092 2912 ἔχει,
3135 2841 3227 2895 καὶ
3274 2842 3335 2894 οὐ
3376 2841 3744 2912 σφαλλόμεθα,
3793 2840 3948 2894 τοῦτο

2371 2937 2584 3007 πρῶτον
2626 2934 2914 2998 θεάσασθε,
2969 2933 3222 3003 ἀδελφοίο
3279 2933 3448 2988 πολλά
3502 2933 3611 3006 γὰρ
3667 2935 3795 3004 ὑμῖν
3854 2935 3947 2988 καὶ

2373 3029 2581 3098 μεγάλα
2608 3032 2672 3082 ἐκ
2700 3026 2924 3099 πρώτης
2955 3028 3326 3097 ἀπαντήσεται
3345 3043 3358 3057 °
3400 3027 3615 3095 πρῶτον
3667 3027 3946 3084 ἁπάντων.

2369 3122 2402 3190 ἠ
2438 3120 2572 3192 πρὸς
2596 3119 2856 3189 ἀλλήλους
2884 3117 3173 3189 γνησιότης
3201 3135 3261 3170 τε
3292 3118 3387 3170 καὶ
3409 3117 3668 3181 διάθεσις,
3700 3118 3748 3170 εί
3783 3116 3947 3187 μηδὲν

2373 3211 2543 3281 αὑτῆς
2583 3210 2883 3264 ἐλαττωθὲν
2929 3209 3276 3280 αἰσθήσεταγ
3308 3205 3405 3260 εἷθ’
3437 3209 3517 3262 ὅτι
3547 3208 3642 3261 καὶ
3680 3209 3749 3259 δι’
3780 3208 3946 3279 ὀρθὴν

2376 3302 2682 3374 συμϐουλὴν
2718 3303 3045 3373 ἀφικόμενος
3091 3300 3236 3372 (88),
3289 3299 3350 3352 τὸ
3393 3301 3512 3352 κατ’
3542 3300 3698 3365 ἀξίαν
3749 3300 3812 3350 ἐκ
3843 3299 3947 3370 τῆς

2374 3396 2520 3460 θείας
2569 3397 2802 3470 κρίσεως
2835 3394 3172 3468 καρποῦται,
3207 3395 3268 3446 οὑ
3314 3393 3412 3464 τὴν
3465 3392 3736 3464 τυχοῦσαν
3786 3394 3947 3464 χάριν

2372 3487 2628 3559 εἰληφὼς,
2677 3488 2754 3558 τῷ
2791 3488 2918 3560 περὶ
2960 3485 3123 3541 αὑτοῦ
3144 3485 3410 3556 τοσαύτην
3454 3487 3597 3556 ὑμᾶς
3646 3487 3948 3548 ἐπιεικείας

2369 3580 2544 3651 ψῆφον
2577 3579 2920 3649 ἐνέγκασθαι·
2947 3581 3038 3634 ἐπὶ
3063 3578 3289 3642 τούτοις,
3326 3578 3354 3632 ὃ
3392 3579 3489 3648 τῆς
3523 3578 3790 3648 ὑμετέρας
3824 3594 3947 3630 aov-

2375 3673 2562 3746 ηθείας
2613 3674 2723 3744 (89)
2750 3675 2895 3728 ἐστὶν
2927 3675 3106 3745 ἀγαθὴ
3141 3673 3367 3744 γνώμη,
3419 3669 3779 3742 σπουδὴνπὴν
3812 3670 3948 3740 πρέ·-

2368 3781 2575 3817 πουσαν
2601 3763 2978 3833 είσενὲγκασθε
3009 3766 3088 3828 είς
3119 3763 3442 3834 ἐπιζήτησιν
3475 3761 3665 3832 ἀνδρὸς
3708 3754 3769 3812 οὗ
3808 3760 3946 3830 χρῄ-

2361 4029 2507 4081 idem
2568 4026 2727 4097 paulo
2779 4037 2904 4080 ante
2955 4026 3168 4081 dixerat
3224 4025 3650 4084 Constantinus;
3703 4027 3944 4080 honores

2365 4100 2760 4153 ecclesiasticos
2794 4099 3001 4153 similes
3027 4113 3146 4152 esse
3169 4112 3357 4151 omnes
3384 4107 3440 4150 et
3463 4098 3653 4165 :eqnati
3685 4098 3735 4149 in
3763 4111 3941 4164 pretm

2369 4171 2664 4224 habendos.

2433 4241 2543 4310 (87)
2567 4240 2839 4310 νυιῳείς
2869 4237 2945 4306 δὴ
2970 4235 3252 4304 τάληθές.
3284 4233 3408 4291 ίῐαξιι
3435 4237 3498 4289 ad
3541 4238 3935 4310 prmredentem

2362 4309 2638 4380 periodum
2660 4309 2852 4364 relerri
2873 4321 3113 4378 possunt.
3134 4309 3311 4374 Atque
3329 4311 3398 4360 ita
3420 4320 3537 4380 post
3556 4309 3776 4380 verbum
3803 4311 3941 4360 ἀπο-

2362 4378 2662 4450 φαινόμεθα
2716 4392 2972 4447 punctum
3006 4378 3508 4450 “mitandumerit,
3554 4389 3605 4432 et
3655 4379 3807 4431 loeus
3856 4383 3939 4431 sic

2367 4448 2653 4504 vertendus
2679 4468 2692 4504 :
2722 4452 2870 4504 Adeo
2897 4448 3080 4508 utalii,
3103 4448 3241 4515 quod
3265 4449 3478 4514 quidem
3511 4450 3572 4499 ad
3591 4463 3935 4501 emnmuncm

2293 4517 2332 4570 D
2364 4520 2520 4574 fidem
2553 4521 2807 4589 pertinet,
2840 4520 3145 4572 nullatenus
3185 4518 3464 4571 inleriores
3504 4518 3630 4581 sint,
3663 4521 3934 4584 siquidem

2360 4606 2541 4644 verum
2576 4603 2757 4658 aperte
2791 4591 3033 4641 volumus
3062 4591 3260 4641 dicere.
3291 4591 3651 4652 Quanmbrem
3693 4591 3796 4640 hoc
3829 4605 3934 4641 nun

2355 4672 2438 4713 est
2482 4661 2754 4713 hominem
2797 4665 3050 4719 retinere.
3082 4661 3176 4712 sed
3209 4659 3478 4726 abripere,
3509 4671 3612 4711 et'e.
3646 4659 3829 4725 Atque
3861 4673 3932 4710 ita

2355 4729 2503 4784 locus
2530 4732 2616 4785 hic
2645 4732 2999 4797 distinguitur
3030 4732 3079 4782 in
3119 4730 3387 4781 veteribus
3412 4730 3646 4782 sehedis.

2427 4801 2536 4868 (88)
2575 4802 2650 4852 Δι’
2695 4801 2880 4868 ὀρθὴν
2921 4798 3278 4868 συμϐουλὴν
3315 4799 3696 4866 ἀφικόμενος.
3738 4799 3816 4852 Εἰ
3853 4800 3933 4852 his

2356 4873 2650 4940 colligitur,
2700 4872 2990 4924 Eusebium
3048 4879 3290 4923 nostrum
3328 4870 3680 4940 Antiochiam
3719 4875 3930 4923 venisse

2355 4957 2458 4994 una
2488 4937 2614 4995 eum
2668 4944 2889 5010 reliquis
2934 4941 3238 5008 episcopis,
3279 4941 3372 5008 qui
3421 4937 3768 4992 Eustathium
3819 4943 3926 4992 Λιι-

2354 5013 2665 5065 tioehenum
2721 5015 3033 5081 epiSCOpum
3086 5011 3137 5062 in
3188 5013 3390 5079 synodo
3453 5013 3926 5075 condemnant-1;

2352 5091 2406 5136 et
2459 5083 2826 5138 Antiocltenos
2878 5092 2997 5150 post
3050 5081 3442 5148 deposuionem
3496 5081 3766 5134 Eustathii
3805 5098 3924 5133 eum

2353 5167 2517 5220 penes
2567 5169 2626 5206 se
2673 5155 2918 5206 detinere
2972 5151 3223 5220 voluisse.
3273 5150 3402 5220 lloci
3448 5164 3532 5204 εει
3579 5152 3720 5216 quod
3765 5167 3924 5218 supra

2352 5218 2487 5275 dixit
2525 5222 2932 5284 Censtautinus,
2966 5223 3027 5273 οὑ
3052 5218 3288 5283 κάθεξιν,
3325 5219 3440 5272 ἀλλ’
3467 5220 3755 5292 ἀφαίρεσιν
3795 5221 3930 5291 μᾶλ-

2350 5291 2460 5345 λον.
2490 5292 2632 5347 ldem
2669 5295 2826 5346 tradit
2855 5292 3218 5346 Tlieodot'itus
3250 5293 3300 5343 in
3331 5292 3421 5344 liii.
3452 5308 3488 5353 I,
3524 5309 3642 5358 cap.
3673 5292 3765 5344 2|.

2419 5365 2531 5430 (89)
2595 5365 2664 5415 Ὃ
2692 5361 2799 5428 τῆς
2847 5361 3131 5430 ὑμετέρας
3179 5362 3522 5428 συνηθείας.
3569 5363 3918 5417 Scribendun.

2351 5444 2497 5502 puto,
2528 5435 2605 5486 ὅτι
2629 5435 2725 5502 τῆς
2746 5433 3014 5504 ὑμετέρας
3042 5432 3325 5504 συνηθείας
3349 5434 3498 5484 ἐστὶν
3524 5433 3700 5504 ἀγαθῇ
3731 5433 3924 5502 γνώμη

2351 5501 2582 5574 σπουδὴν
2621 5501 2723 5576 τὴν
2770 5501 2864 5574 πρ.
2916 5501 3349 5576 είσενέγκασθαι.
3387 5501 3735 5576 Subauditur
3772 5501 3920 5558 enim

2347 5575 2454 5626 ἀπὸ
2485 5573 2661 5627 κοινοῦ
2677 5573 2909 5628 ’νει-υυιιι
2938 5573 3220 5626 θεάσασθε.
3249 5575 3402 5639 Quod
3429 5575 3473 5627 si
3501 5574 3622 5642 quis
3655 5574 3923 5644 vulgatam

2350 5647 2635 5770 lecliHILtglt
2669 5648 2808 5701 tueri
2840 5646 2987 5709 velit,
3030 5644 3282 5714 equidem
3334 5660 3438 5698 non
3481 5660 3811 5715 magnopere
3836 5660 3925 5700 re-

2350 5732 2520 5770 οιιιῐηςι
2599 5754 2612 5770 ο

2345 5732 2612 5787 pugnabo.
