4212 6440
661 395 792 455 H59

1384 386 1653 447 EUSEBH
1693 391 2170 448 cmsameusrs
2194 388 2342 446 ore.
2385 387 2565 441 PARS
2604 387 2642 439 ι.
2676 418 2746 426 -
2785 365 3172 441 ιιιεῒοῖιιοει.

3768 389 3914 443 “1:0

655 533 834 602 piens,
894 531 1381 594 hortabatur.cos,
1440 541 1494 585 nt
1543 534 1608 584 ad
1640 532 1846 586 laudem
1897 533 2092 587 divina:
2117 533 2209 585 reli

2338 545 2429 587 νος
2467 526 2743 596 βασιλεὺς,
2768 524 2944 578 πάντα
2973 523 3232 594 πράττειν
3260 525 3344 576 ἐπ’
3380 524 3622 596 εὐφημίᾳ
3647 525 3740 578 τοῦ
3765 526 3914 582 θείου

642 628 830 696 'gionis
862 624 1258 694 propagandam
1285 634 1476 677 cuncta
1504 633 1750 692 agerent.
1783 623 2074 692 Postquam
2099 640 2229 680 vero

651 717 936 774 sublatise
973 716 1150 769 medio
1189 716 1634 778 dissensionibus,
1687 715 1983 769 Ecclesiam
2028 717 2118 772 Dei
2163 718 2230 770 ad

653 809 1030 871 concordiam,
1056 816 1109 861 et
1141 807 1450 859 unanimem
1479 807 1740 859 doctrinae
1785 817 2104 860 concentum
2145 823 2230 860 re-

652 897 893 960 vocavit;
924 895 1048 948 inde
1075 904 1477 964 transgressus,
1508 895 1654 947 aliud
1695 895 1986 964 impiorum
2032 912 2224 966 genus,

651 995 835 1054 utpote
886 984 1144 1054 peStilens
1193 985 1414 1038 humani
1477 985 1694 1053 generis
1750 999 2040 1048 venenum,
2091 989 2227 1040 abo-

651 1074 867 1129 lendum
907 1089 1028 1128 esse
1081 1075 1314 1128 censuit.
1365 1075 1533 1127 Erant
1589 1075 1639 1127 hi
1682 1077 1968 1145 perniciosi
2003 1079 2225 1145 quidam

647 1167 915 1230 homines,
949 1166 1038 1234 qui
1070 1166 1169 1219 sub
1197 1165 1328 1218 falsa
1362 1165 1640 1219 modestia:
1662 1177 1713 1219 et
1739 1167 2022 1236 gravitatis
2044 1171 2227 1237 specie

645 1257 811 1312 nrbes
837 1258 1142 1312 vastabant.
1171 1256 1319 1323 Quos
1360 1258 1879 1327 pseinlo-prophetas
1924 1270 1976 1312 et
2003 1275 2224 1327 rapaces

646 1348 802 1418 lupos
828 1349 1024 1403 alicubi
1053 1350 1314 1403 Servator
1351 1349 1587 1419 appellat
1618 1350 1703 1404 his
1737 1351 1918 1405 verbis
1972 1369 1986 1405 :
2038 1351 2224 1406 Cavete

641 1457 676 1494 α
716 1439 868 1511 falsis
905 1442 1190 1509 prophetis,
1225 1441 1315 1511 qui
1342 1442 1541 1495 venient
1587 1441 1653 1494 ad
1699 1460 1786 1497 vos
1816 1444 1868 1497 in
1908 1446 2221 1499 vestimentis

642 1531 862 1597 ovium;
894 1532 1037 1584 intus
1072 1541 1246 1584 autem
1282 1539 1403 1583 sunt
1432 1530 1544 1597 lupi
1575 1547 1808 1598 rapaces.
1841 1531 1928 1586 Ex
1964 1531 2221 1599 fructibus

639 1638 819 1675 eorum
849 1624 1171 1692 cognoscetis
1222 1640 1329 1677 eos.
1376 1622 1541 1691 igitur
1592 1624 1758 1678 misso
1811 1626 1874 1678 ad
1915 1627 2222 1692 provincia-

641 1729 760 1766 rum
789 1714 1046 1782 praesides
1069 1725 1360 1781 przccepto,
1402 1715 1711 1781 lmjusmodi
1746 1715 2024 1770 hominum
2049 1733 2220 1786 genus

639 1804 823 1872 abegit
845 1819 908 1857 ac
939 1804 1165 1875 fugavit.
1195 1805 1397 1860 Praeter
1427 1806 1601 1875 ipsam
1637 1816 1818 1860 autem
1854 1807 2047 1878 legem,
2104 1811 2219 1862 im-

2333 619 2491 688 λόγου
2542 617 2793 689 παρῄνει.
2862 616 3014 668 Ἐπεὶ
3061 609 3118 668 δὲ
3163 615 3260 678 τὰς
3311 615 3616 679 διαστάσεις
3667 618 3914 672 ἐκποδὼν

2334 709 2722 780 ποιησάμενος,
2764 706 2867 759 ὑπὸ
2910 706 3196 777 σύμφωνον
3239 705 3501 776 ἁρμονίαν
3545 707 3642 778 τὴν
3680 709 3912 782 Ἐκκληο

2334 801 2449 853 σίαν
2482 799 2577 852 τοῦ
2616 799 2750 851 Θεοῦ
2788 799 3179 868 κατεστήσατο,
3212 797 3360 850 ἔνθεν
3397 799 3657 868 μεταϐὰς,
3695 801 3820 854 ἄλλο
3855 818 3913 856 τι

2330 890 2484 957 γένος
2518 888 2692 942 ἀθέων
2719 887 2926 959 ἀνδρῶν
2942 887 3092 958 ᾠήθη
3110 887 3240 951 δεῖν,
3257 888 3444 958 ὥσπερ
3472 889 3794 961 δηλητήριον
3811 890 3912 945 τοῦ

2328 980 2434 1033 τῶν
2465 978 2762 1050 ἀνθρώπων
2788 978 2990 1048 ἀφανὲς
3043 979 3377 1048 καταστῆσαι
3424 979 3565 1049 βίου·
3613 979 3802 1054 φθόροι
3846 979 3914 1036 δέ

2328 1091 2470 1136 τινες
2498 1073 2738 1142 ὑπῆρχον
2771 1067 2936 1132 οὗτοι,
2981 1074 3326 1141 προσχήματι
3369 1071 3550 1142 σεμνῷ
3577 1073 3914 1144 λυμαινόμε-

2328 1183 2407 1217 νοι
2433 1163 2528 1227 τὰς
2559 1165 2742 1227 πόλεις
2764 1181 2776 1194 ·
2811 1163 3257 1233 ψευδοπροφήτας
3292 1164 3488 1228 αὐτοὺς
3513 1165 3544 1236 ἦ
3574 1164 3770 1230 λύκους
3807 1165 3912 1239 ἆρ-

2329 1273 2509 1325 παγας
2543 1256 2806 1326 σωτήριος
2833 1254 3097 1307 ἀπεκάλει
3119 1247 3221 1306 ὧδέ
3243 1271 3342 1306 που
3369 1254 3696 1318 θεσπίζουσα
3728 1257 3907 1328 φωνή·

2327 1345 2657 1415 Προσέχετε
2723 1346 2840 1398 ἀπὸ
2890 1344 3008 1397 τῶν
3068 1344 3614 1413 ψευδοπροφητῶν,
3687 1348 3910 1415 οἵτινες

2323 1438 2677 1492 ἐλεύσονται
2717 1437 2868 1506 πρὸς
2909 1435 3066 1506 ὑμᾶς
3116 1438 3186 1490 ἐν
3221 1438 3512 1506 ἐνδύμασι
3561 1439 3911 1507 προϐάτων,

2323 1534 2548 1588 ἔσωθεν-
2577 1532 2643 1585 δέ
2667 1536 2786 1586 εισι
2822 1534 2998 1586 λύκοι
3035 1532 3317 1602 ἅρπαγεςο
3350 1532 3467 1586 ἀπὸ
3508 1532 3626 1586 τῶν
3662 1535 3912 1603 καρπῶν

2322 1627 2520 1680 αὐτῶν
2596 1624 3001 1694 ἐπιγνώσεσθε
3062 1627 3303 1692 αὐτούς.
3372 1627 3776 1698 Καταπεμξθὲν
3838 1629 3907 1702 δὴ

2321 1721 2433 1780 τοῖς
2461 1718 2582 1771 κατ’
2612 1717 2763 1780 ἔθνος
2799 1718 3028 1788 ἡγεμόσι
3056 1718 3404 1790 πρόσταγμα,
3437 1721 3543 1772 πᾶν
3575 1721 3634 1772 τὸ
3656 1720 3762 1773 τῶν
3793 1738 3899 1774 τοι·

2320 1811 2492 1863 ούτων
2527 1810 2691 1880 φῦλον
2715 1810 2932 1882 ἤλαυνε·
2965 1812 3100 1883 πρὸς
3131 1811 3188 1864 δὲ
3222 1810 3298 1882 τῷ
3321 1811 3490 1882 νόμῳ,
3520 1813 3612 1866 καὶ
3642 1814 3909 1878 ζωοποιὲν

639 1907 858 1963 perator
881 1900 1176 1952 salutarem
1215 1915 1430 1968 quoque
1462 1901 1856 1954 institutionem
1889 1902 1953 1954 ad
1987 1917 2081 1957 eos
2119 1919 2210 1955 no-

2320 1901 2668 1955 διδασκαλίαν
2705 1903 2782 1966 εἰς
2812 1901 2988 1954 αὑτῶν
3021 1901 3310 1972 πρόσωπον
3345 1902 3620 1967 διετίθετο,
3651 1905 3907 1959 σπεύδειν

639 1988 884 2040 minutim
916 1989 1462 2054 direxit,exhortans
1522 1991 1770 2046 homines
1799 2001 1857 2043 ut
1892 1992 2216 2060 quantocius

634 2081 1013 2149 pcenitentiam
1070 2093 1344 2149 agerent:
1395 2081 1694 2136 Ecclesium
1753 2085 1896 2136 enim
1949 2083 2038 2137 Dei
2087 2085 2216 2152 ipsis

635 2182 846 2239 portum
884 2173 1075 2227 salutis
1101 2174 1239 2229 fore.
1268 2174 1405 2229 Audi
1442 2191 1572 2244 ergo
1598 2177 1866 2246 quomodo
1897 2175 1948 2228 in
1980 2176 2094 2231 suis
2142 2178 2211 2230 ad

634 2279 728 2319 eos
759 2264 956 2319 litteris
980 2267 1359 2322 concinnatur.

1190 2359 1420 2416 CAPUT
1468 2359 1652 2417 LXIV.

778 2445 1116 2502 Constantini
1144 2452 1448 2505 constitutio
1485 2453 1738 2508 adversus
1779 2455 2072 2510 luereticos.

708 2558 730 2594 ι
768 2540 952 2596 νίιιοι·
977 2543 1368 2600 Constantinus
1402 2544 1668 2601 Maximus
1699 2546 1971 2618 Augustus
1993 2589 2008 2614 ,
2042 2550 2214 2604 hcet-c-

631 2631 774 2688 tieis.

705 2743 727 2777 ι
750 2727 1040 2795 Agnoscite
1095 2743 1237 2781 nunc
1265 2727 1423 2796 hujus
1453 2729 1589 2799 legis
1618 2730 1906 2794 beneficio,
1953 2747 1988 2786 ο
2021 2732 2216 2787 Nova—

631 2817 788 2881 tiani,
816 2817 1204 2883 Valentiniani,
1255 2821 1642 2887 Marcionistae,
1694 2822 1970 2888 Pauliani,
2002 2835 2049 2880 et
2094 2826 2214 2894 qui-

631 2911 731 2963 bus
757 2909 1159 2982 Cataphrygum
1190 2927 1384 2966 nomen
1446 2921 1531 2966 est
1583 2914 1851 2981 inditum,
1890 2931 2080 2970 onmes
2117 2918 2209 2971 de-

633 3001 797 3072 nique
830 3004 920 3072 qui
984 3003 1218 3059 haereses
1267 3005 1498 3074 privatis
1532 3007 1770 3062 canibus
1824 3009 2104 3064 instruitis
2131 3020 2215 3063 at-

630 3110 736 3164 que
769 3095 1033 3164 impletis,
1061 3105 1192 3165 quot
1227 3098 1525 3152 mendaciis
1573 3100 1846 3168 opinionis
1888 3111 2084 3156 vestra:
2116 3118 2216 3156 va-

629 3191 772 3241 nitas
803 3187 1131 3256 implicetur,
1163 3199 1218 3242 et
1280 3204 1442 3258 quam
1478 3176 1804 3258 perniciosis
1831 3194 2053 3248 venenis
2109 3194 2210 3248 im-

630 3279 759 3332 bula
812 3279 884 3332 sit
937 3289 1116 3333 vestra
1174 3281 1465 3334 doctrina:
1520 3281 1655 3337 adeo
1719 3292 1775 3336 ut
1804 3284 1951 3338 sanis
1986 3286 2208 3340 morbus

627 3371 1002 3439 gravissimus,
1031 3372 1334 3428 viventibus
1359 3384 1619 3443 perpetua
1659 3391 1806 3430 mors
1853 3390 1950 3444 per
1974 3392 2070 3431 vos
2106 3377 2207 3431 im-

625 3473 890 3533 portetur.
946 3462 992 3517 0
1058 3465 1305 3519 veritatis
1369 3466 1596 3532 inimici,
1639 3465 1823 3521 hostes
1855 3469 1997 3536 vitai,
2051 3470 2206 3524 exitii

626 3553 924 3608 consiliarii
961 3572 974 3608 :
1009 3566 1204 3610 cuncta
1233 3557 1372 3624 apud
1405 3572 1500 3611 vos
1544 3568 1669 3611 sunt
1714 3559 1924 3613 veritati
1989 3570 2208 3614 contra-

627 3645 742 3710 ria;
781 3645 1116 3714 turpissiruts
1167 3647 1388 3716 ﬂagitiis
1427 3663 1663 3718 congrua
1718 3667 1733 3706 :
1793 3651 2010 3720 ineptiis
2053 3661 2106 3705 et
2141 3651 2205 3704 ii-

625 3739 861 3806 gmentis
921 3737 1078 3808 521
1131 3740 1332 3794 referta
1357 3758 1377 3794 ι·
1404 3741 1598 3808 quibus
1643 3756 1742 3796 vos
1769 3743 2048 3798 mendacia
2075 3746 2209 3814 qui-

626 3832 749 3886 dem
793 3833 1070 3899 astruitis;
1130 3832 1450 3888 innocentes
1526 3843 1708 3890 autem
1779 3837 2106 3905 Opprimitis,
2155 3847 2209 3893 et

625 3924 976 3980 credentibus
1001 3925 1176 3979 lucem
1206 3926 1439 3995 negatis.
1468 3925 1548 3980 Ac
1579 3928 1682 3982 sub
1721 3929 1947 3982 obtentu
1987 3931 2204 3997 quidem

625 4017 930 4072 divinitatis
990 4019 1212 4072 assidue
1268 4029 1602 4087 peccantes,
1667 4031 1862 4074 cuncta
1920 4023 2208 4090 polluitis:

625 4125 791 4177 puras
834 4126 962 4164 vero
997 4120 1046 4163 et
1093 4111 1326 4164 itlibatas
1385 4112 1664 4166 hominum
1720 4116 2087 4170 conscientias
2117 4115 2208 4169 le—

627 4201 864 4255 thalibus
919 4202 1091 4269 plagis
1122 4201 1448 4266 vulneratis,
1485 4213 1651 4271 atque
1701 4203 1876 4273 ipsum
1906 4220 2207 4274 propemo-

624 4291 751 4343 dum
778 4292 920 4345 diem
946 4292 1256 4345 mortalium
1282 4293 1454 4346 oculis
1488 4295 1840 4364 intercipitis.
1873 4295 1939 4349 Et.
1968 4298 2093 4364 quid
2125 4307 2207 4350 at-

626 4384 759 4438 tinet
803 4385 1017 4454 singula
1077 4401 1424 4455 percensere,
1466 4401 1590 4441 cum
1647 4403 1746 4442 nec
1785 4388 2028 4443 brevitas
2072 4401 2206 4444 tem-

624 4476 794 4544 poris,
832 4492 929 4532 nec
961 4480 1275 4547 magnitudo
1298 4480 1720 4549 occupationum
1745 4491 2058 4535 nostrarum
2095 4498 2206 4550 pa—

2321 1993 2410 2046 ἐπὶ
2438 1995 2722 2063 μετάνοιαν
2757 1993 3054 2066 παρορμῶν
3084 1995 3207 2057 τοὺς
3241 1994 3458 2064 ἄνδραςι
3493 1997 3762 2066 σωτηρίας
3793 1997 3906 2068 γὰρ

2318 2085 2487 2154 ὅρμον
2514 2084 2697 2149 αὑτοῖς
2727 2085 2944 2138 ἔσεσθαι
2967 2085 3065 2155 τὴν
3096 2085 3420 2156 Ἐκκλησίαν
3442 2086 3533 2138 τοῦ
3563 2087 3717 2140 Θεοῦ.
3737 2088 3905 2142 Ἐπά-

2319 2193 2510 2229 κουσον
2551 2176 2595 2228 δ’
2640 2178 2788 2240 ὅπως
2839 2178 2933 2230 καὶ
2975 2176 3183 2240 τούτοις
3236 2177 3324 2231 διὰ
3373 2178 3466 2231 τοῦ
3517 2177 3654 2247 πρὸς
3701 2179 3903 2243 αὐτοὺς

2320 2267 2512 2338 ὡμίλει
2542 2269 2888 2339 γράμματος.

2840 2360 3236 2413 ΚΞΦΛΔΛΙΟΝ
3274 2359 3388 2414 ΞΔἏ

2323 2453 2782 2505 [iamcerta-717ml;
2830 2449 3119 2520 διάταγμα
3164 2451 3314 2519 πρὸς
3357 2451 3499 2518 τοὺς
3539 2456 3890 2521 ιιὶρετικοὺς.

2395 2565 2411 2594 ι
2446 2546 2688 2617 Νικητὴς
2713 2548 3117 2610 Κωνσταντῖνος
3144 2549 3412 2615 Μέγιστος
3439 2549 3724 2614 Σεϐαστὸς,
3745 2555 3891 2623 αἱρε-

2318 2642 2508 2702 τικοῐς.

2394 2749 2411 2780 ‹
2454 2730 2747 2798 Ἐπίγνωτε
2794 2731 2887 2784 νῦν
2937 2731 3023 2784 διά
3067 2732 3164 2802 τῆς
3214 2733 3533 2803 νομοθεσίας
3578 2734 3798 2807 ταύτης.
3844 2730 3891 2789 ὦ

2315 2823 2664 2887 Ναυατιανοὶ,
2702 2823 3061 2888 Οὑαλεντῖνοι,
3099 2826 3540 2896 Μαρκιωνισταὶ,
3575 2827 3891 2892 Παυλιανοὶ,

2315 2915 2367 2968 οἱ
2394 2931 2453 2965 τε
2482 2915 2622 2968 κατά
2650 2915 2868 2985 Φρύγας
2891 2916 3335 2987 ἐπικεκλημένοι,
3364 2911 3458 2970 καὶ
3487 2917 3685 2982 πάντες
3707 2919 3890 2983 ἁπλῶς

2315 3005 2362 3056 οἱ
2388 3002 2485 3066 τὰς
2524 3003 2766 3075 αἱρέσεις
2804 3005 2891 3058 διὰ
2927 3005 3034 3058 τῶν
3083 3006 3294 3059 οἰκείων
3332 3006 3662 3078 πληροῦντες
3692 3025 3889 3081 συσσηο

2319 3095 2524 3164 μάτων,
2559 3097 2672 3148 ὅσοι
2701 3095 2952 3165 ψεύδεσιν
2985 3099 3016 3168 ἡ
3059 3099 3187 3168 παρ’
3217 3098 3342 3168 ὑμῖν
3390 3099 3684 3170 ματαιότης
3716 3101 3887 3170 ὲμπέ-

2317 3185 2564 3245 πλεκται.
2591 3188 2686 3240 καὶ
2712 3188 2857 3251 ὅπως
2883 3188 3104 3252 ἰοϐόλοις
3121 3191 3231 3243 τισὶ
3258 3191 3569 3260 φαρμάκοις
3594 3194 3625 3263 ἡ
3652 3193 3890 3264 ὑμετέρα
3943 3228 3946 3229 ν

2315 3279 2591 3349 συνέχεται
2621 3279 2967 3334 διδασκαλία·
3007 3281 3082 3344 ὡς
3126 3283 3250 3344 τοὺς
3299 3281 3397 3352 μὲν
3437 3283 3775 3350 ὑγιαίνοντας
3809 3286 3890 3346 εἰς

2311 3371 2632 3439 ἀσθένειαν,
2680 3374 2807 3437 τοὺς
2855 3374 2914 3426 δὲ
2975 3373 3184 3438 ζῶντας
3239 3376 3319 3438 εἰς
3380 3375 3600 3447 διηνεκῆ
3660 3377 3890 3431 θάνατον

2311 3463 2616 3532 ἀπάγεσθαι
2644 3465 2707 3516 δι’
2739 3464 2911 3536 ὑμῶν.
2946 3461 3017 3517 Ὦ
3040 3467 3138 3537 τῆς
3166 3467 3261 3537 μὲν
3282 3466 3538 3538 ἀληθείας
3560 3467 3762 3539 ἐχθροὶ,
3787 3472 3888 3541 τῆς

2309 3555 2365 3607 δὲ
2401 3555 2540 3626 ζωῆς
2587 3557 2856 3628 πολέμιοι,
2899 3558 2993 3611 καὶ
3043 3558 3322 3620 ἀπολείας’
3349 3558 3669 3629 σύμϐουλοιι
3711 3562 3888 3614 πάντα

2311 3650 2439 3719 παρ’
2469 3649 2595 3718 ὑμῖν
2626 3648 2724 3718 τῆς
2749 3647 3007 3718 ἀληθείας
3043 3648 3189 3700 ἐστὶν
3224 3648 3461 3712 ἐναντία,
3507 3649 3752 3718 αίσχροῖς
3786 3666 3890 3702 πο-

2310 3741 2615 3813 νηρεύμασι
2657 3741 2976 3809 συνᾴδοντα,
3030 3741 3280 3804 ἀτοπίαις
3323 3741 3416 3794 καὶ
3465 3740 3706 3811 δράμασι
3752 3741 3888 3812 χρῆ-

2314 3849 2388 3901 μα
2424 3831 2521 3904 (8),
2556 3831 2621 3884 δι’
2645 3825 2719 3885 ὧν
2755 3833 2910 3902 ὑμεῖς
2955 3833 3024 3886 τά
3055 3832 3152 3902 μὲν
3199 3831 3367 3903 ψευδῆ
3426 3830 3886 3895 κατασκευάζετε,

2310 3925 2435 3986 τοὺς
2455 3924 2497 3976 δ’
2514 3925 2928 3995 ἀναμαρτήτους
2944 3923 3173 3988 θλίϐετε,
3189 3923 3249 3976 τὸ
3274 3924 3387 3994 φῶς
3404 3927 3513 3987 τοῖς
3544 3924 3887 3990 πιστεύουσιν

2309 4013 2580 4085 ἀρνεῖσθε.
2609 4015 2730 4066 Ἐπὶ
2759 4015 3107 4084 προσχήματι
3135 4013 3263 4082 γοῦν
3297 4014 3568 4084 θειότητος
3595 4015 3681 4066 ἀεὶ
3713 4015 3815 4086 πλη
3825 4033 3885 4084 μ·

2315 4107 2624 4179 μελοῦντες,
2648 4108 2823 4190 πάντα
2865 4106 3126 4177 μιαίνετε,
3158 4107 3254 4170 τὰς
3287 4106 3496 4170 ἀθώους
3525 4106 3616 4160 καὶ
3642 4107 3886 4178 καθαράς

2312 4201 2644 4270 συνειδήσεις
2698 4200 3092 4270 θανατηφόροις
3151 4199 3385 4269 πληγαῖς
3457 4201 3878 4272 τραυματίζετε,

2266 4303 2272 4310 ·
2309 4290 2445 4360 αὑτὴ
2465 4308 2478 4340 t
2502 4290 2582 4351 δὲ,
2616 4289 2799 4360 σχεδὸν
2828 4290 3021 4353 εἰπεῖν,
3053 4288 3150 4360 τὴν
3168 4288 3380 4360 ἡμέραν
3409 4288 3516 4341 τῶν
3531 4286 3882 4359 ἀνθρωπείων

2307 4380 2600 4453 ὀφθαλμῶν
2629 4380 3033 4449 καθαρπάζετε.
3081 4381 3191 4436 Καὶ
3216 4380 3265 4433 τί
3299 4381 3380 4433 δεῖ
3417 4380 3751 4435 καθέκαστον
3793 4381 3882 4434 λέ-

2307 4490 2455 4542 γειν;
2489 4474 2660 4526 Ὅπου
2693 4491 2754 4541 γε
2785 4475 2912 4545 περ)⁹
2948 4472 3056 4526 τῶν
3091 4472 3368 4544 ὑμετέρων
3408 4473 3590 4526 κακῶν
3619 4474 3792 4526 εἰπεῖν
3827 4490 3883 4528 τι

625 4569 829 4621 tiantnr
892 4586 990 4624 nos
1021 4571 1086 4624 de
1117 4570 1441 4626 criminibus
1471 4573 1670 4627 vestris
1698 4587 1796 4641 pro
1833 4573 2030 4628 merito
2061 4575 2206 4644 ipso-

2317 4569 2428 4620 κατ’
2455 4567 2630 4632 ἀξίαν,
2659 4566 2780 4620 οὔτε
2806 4567 3033 4638 βραχέος
3063 4567 3184 4619 ἐστὶ
3207 4567 3419 4636 χρόνου,
3459 4566 3581 4620 οὗτε
3613 4566 3722 4619 τῶν
3749 4568 3868 4638 ἡμεο

623 4675 743 4718 rum
777 4663 941 4715 verba
979 4663 1200 4717 facere?
1231 4663 1440 4733 Quippe
1479 4673 1586 4717 tam
1615 4666 1800 4734 gravia
1839 4675 1963 4719 sunt
1993 4675 2047 4720 et
2083 4668 2200 4720 ini-

621 4766 806 4806 mensa
839 4754 1043 4808 scelera
1101 4767 1324 4823 vestra;
1378 4756 1516 4811 adeo
1541 4755 1682 4812 {uada
1723 4765 1779 4811 ct
1803 4759 1950 4812 omni
1987 4762 2201 4816 atroci—-

619 4856 734 4899 tate
786 4847 1161 4912 exuberantia,
1221 4858 1281 4903 ut
1325 4865 1394 4905 ne
1458 4850 1574 4904 dies
1631 4851 1848 4918 quidem
1893 4853 2100 4922 integer
2131 4855 2198 4908 ad

617 4953 809 4992 eorum
843 4940 1262 5008 explicationem
1315 4941 1565 4998 sullicial.
1629 4942 1692 4997 Et
1726 4943 1926 5012 alioqui
1983 4946 2051 4999 ab
2083 4945 2201 4998 hn-

616 5031 852 5095 iusmodi
907 5034 1067 5086 rebus
1124 5049 1288 5090 aures
1340 5051 1593 5091 amovere
1648 5045 1702 5090 ct
1732 5037 1921 5091 oculos
1950 5049 2200 5092 avertere

618 5128 796 5190 decet,
847 5139 917 5177 ne
976 5142 1105 5194 pura
1155 5141 1219 5181 ac
1253 5127 1466 5182 sincera
1511 5128 1634 5182 ﬁdei
1693 5138 1891 5183 nostrae
1945 5129 2200 5184 alacritas

617 5214 935 5283 particulari
999 5230 1190 5269 earum
1239 5217 1574 5284 expositione
1628 5218 1881 5270 violetur.
1947 5218 2199 5282 Quid-est

619 5309 783 5378 igitur
839 5309 986 5378 quod
1045 5307 1349 5375 huiusmodi
1410 5309 1551 5364 mala
1609 5311 1812 5364 diutius
1865 5311 2202 5364 toleremus?

621 5400 859 5454 maxime
881 5416 1005 5453 cum
1034 5400 1290 5454 diuturna
1328 5401 1590 5468 patientia
1632 5401 1821 5463 faciat,
1851 5409 1906 5454 ut
1941 5401 1992 5454 hi
2049 5416 2199 5468 quo—

615 5512 651 5586 ἢ
683 5513 1007 5586 ὑποϐάλλειν
1040 5515 1227 5585 ὄνομα.
1260 5515 1333 5567 De
1361 5517 1643 5570 catholicis
1667 5531 1797 5569 vero
1825 5515 2198 5569 sacerdotibus

617 5585 709 5654 qui
756 5601 813 5639 se
860 5602 1026 5656 puros
1072 5603 1099 5637 ιι
1154 5586 1350 5639 Meletii
1398 5588 1693 5640 schismate
1745 5595 2074 5649 Servassvnt,
2126 5588 2194 5637 ita

619 5655 913 5728 sanciunt;
953 5655 1246 5728 Ἑξουσίανγ
1277 5657 1423 5727 ἔχειν
1463 5659 1556 5710 καὶ
1588 5655 2056 5728 προχειρίζεσθαι,
2106 5657 2198 5708 καὶ

618 5731 786 5799 ὑνομα
811 5727 1157 5799 ἐπιλέγεσθαι
1183 5727 1291 5799 τῷν
1319 5728 1484 5794 ἀξίων
1516 5727 1609 5781 τοὺ
1642 5727 1747 5799 ίκλή
1758 5727 1868 5799 ρου.

693 5796 766 5864 (8)
801 5798 1024 5868 Χρῆμα.
1065 5799 1116 5851 In
1163 5797 1322 5861 Fuk.,
1368 5802 1496 5852 Sav.
1547 5812 1602 5851 et
1652 5796 1885 5851 Turnehi
1920 5797 2196 5851 codicibus

622 5869 880 5940 scriptum
907 5870 1088 5924 inveni
1122 5868 1399 5942 χαίροντα,
1443 5879 1602 5941 prout
1645 5869 1908 5936 Scaliger,
1945 5868 2192 5922 Christo-

2308 4663 2481 4732 τέρων
2513 4661 2809 4732 ἀσχολιῶνι
2841 4661 2983 4714 οὕτω
3015 4660 3125 4730 γάρ
3168 4661 3284 4712 ἐστι
3323 4660 3509 4731 μακρὰ
3540 4659 3633 4713 καὶ
3667 4660 3876 4730 ἄμετρα

2302 4753 2370 4806 τά
2397 4757 2527 4825 παρ’
2556 4756 2683 4825 ὑμῖν
2709 4755 3054 4824 ἀτοπήματα,
3091 4752 3264 4817 οὕτως
3294 4753 3537 4824 εἰδεχθῆ,
3569 4755 3662 4807 καὶ
3702 4754 3876 4823 nam;

2305 4846 2574 4918 ἀπηνείας
2621 4848 2822 4918 πλήρη,
2859 4847 2936 4910 ὡς
2983 4847 3103 4918 μηδ’
3144 4846 3433 4917 ὁλόκληρον
3477 4846 3692 4918 ἡμέραν
3745 4846 3880 4916 πρὸς

2303 4937 2566 5008 ἔκφρασιν
2581 4939 2784 4991 τούτων
2798 4940 3016 5010 ἀρκεῖν*
3048 4937 3220 5001 ἄλλως
3266 4956 3323 4990 τε
3362 4941 3454 4991 καὶ
3486 4939 3752 4992 ἐκκλίνειν
3772 4939 3880 4990 τῶν

2301 5031 2553 5083 τοιούτων
2577 5033 2840 5103 προσήκει
2872 5030 2969 5093 τὰς
3000 5028 3187 5092 ἀκοὰς,
3206 5030 3330 5094 τοὺς
3346 5033 3390 5084 τ’
3413 5031 3724 5103 ὀφθαλμοὺς
3741 5034 3878 5086 ἀπο-

2303 5125 2719 5196 στρέφειν,ὑπὲρ
2739 5122 2828 5176 τοῦ
2850 5123 2922 5194 μὴ
2942 5122 3254 5194 χραίνεσθαι
3270 5125 3335 5193 τῇ
3353 5123 3883 5197 καθέκαστονδιηγή-

2304 5216 2496 5286 σειτὴν
2533 5217 2630 5285 τῆς
2658 5215 2928 5285 ἡμετέρας
2962 5215 3197 5280 πίστεως
3228 5216 3493 5288 εἰλικρινῆ
3513 5219 3606 5270 καὶ
3623 5217 3876 5289 καθαρὰν

2302 5307 2633 5378 προθυμίαν.
2671 5309 2736 5360 Τί
2769 5303 2882 5369 οὖν,
2906 5307 3206 5378 ἀνεξόμεθα
3239 5309 3543 5380 περαιτέρω
3572 5300 3676 5362 τῶν
3709 5308 3902 5364 τοιοὺο,

2299 5417 2407 5453 των
2442 5401 2658 5466 κακῶν;
2685 5401 2868 5473 Ἀλλ’-ἠ
2889 5403 3073 5474 μακρὰ
3094 5402 3539 5473 παρεπιθύμησις
3566 5402 3661 5473 (9),
3685 5403 3876 5475 ὥσπερ

2299 5516 2602 5583 phorsonns
2628 5515 2825 5583 aliique
2853 5517 2902 5570 in
2935 5518 3046 5570 Suis
3074 5517 3226 5570 libris
3259 5527 3591 5584 repererunt.

2371 5587 2445 5654 (9)
2472 5586 2682 5652 Μαχμὰ
2715 5589 3211 5656 παρεπιθύμησις.
3249 5586 3870 5658 Ροτιιιγπαρενθύμᾉηστς,

2300 5655 2351 5705 id
2382 5666 2480 5720 est,
2521 5657 2831 5724 negligentia
2881 5669 2933 5712 el
2994 5655 3366 5711 dissimulatio.
3412 5657 3466 5711 In
3513 5655 3871 5722 «malum.

2301 5723 2467 5778 Savil.
2518 5723 2854 5780 ac’Turnebi
2913 5729 3207 5796 ὑπέρθεσις
3261 5730 3473 5796 legitur.
3528 5727 3696 5781 Paulo
3753 5739 3873 5796 post

2302 5747 2467 5778 D‘dYIt.
2518 5747 2580 5780 {lC
2633 5747 2854 5780 ιυιίιυυι
2913 5747 3015 5782 υπε
3059 5747 3207 5793 υεσις
3261 5747 3473 5796 ιρςιιιιν.
3528 5747 3696 5781 ramo
3753 5747 3825 5796 μα

2300 5797 2477 5852 scribo
2504 5813 2569 5853 ex
2605 5799 2787 5854 codice
2821 5797 2980 5866 Fuk.,
3011 5747 3097 5854 gul:
3120 5799 3380 5872 δημοσίας
3421 5798 3825 5872 ἐπιστρεφείας.
