4114 6432
247 315 454 373 ’1157
1412 330 1497 385 DE
1534 332 1692 387 VlTA
1730 333 2191 390 CONSTANTINI
2232 333 2357 391 LIB.
2404 335 2490 392 IV.

850 449 1240 504 ΚΕΦΑΛΑΙΟΝ
1279 451 1357 504 H'.
1920 461 1965 515 Α

294 537 454 596 Ὀτι
493 538 590 593 καί
645 541 1145 612 πρεσϐευσαμένῳ
1195 543 1314 596 τῶν
1345 545 1592 612 Περσῶν
1621 545 1891 610 βασιλεῖ,

531 610 663 679 περὶ
693 611 810 664 τῶν
844 613 969 665 ἐκεῖ
1002 612 1372 680 Χριστιανῶν
1398 610 1679 686 ἔγραψεν.

3429 353 3566 408 H33

2588 456 2816 512 CAPUT
2857 459 2990 514 Vill.
3545 461 3548 464 ’

2004 546 2155 624 Quod
2188 544 2473 624 [femorum
2500 548 2754 624 '.regiiqui_
2785 549 2987 615 legatos
3023 554 3090 604 ad
3127 555 3297 619 ipsum
3331 559 3568 624 miserat,

403 702 622 773 Ἐπειδὴ
662 703 720 755 δὲ
755 704 848 758 καὶ
876 706 904 757 ό
941 705 1165 777 Περσῶν
1205 705 1456 776 βασιλεὺς
1500 707 1893 779 Κωνσταντίνῳ

295 795 681 867 γνωρίζεσθαι
723 796 812 850 διὰ
855 799 1274 870 πρεσϐείαςῶιί)
1311 801 1485 869 ἠξίου,
1521 801 1670 872 δῶρά
1699 819 1759 854 τε
1797 802 1908 855 καὶε

297 879 471 951 οὗτος
499 889 740 942 σπονδῶν
769 889 994 959 φιλικῶν
1015 891 1346 962 διεπέμπετο
1367 892 1629 964 σύμϐολα,
1657 893 1891 964 ἔπραττε

297 976 372 1032 δι
411 979 509 1043 τὰς
557 980 830 1053 συνθήκας
884 983 1018 1036 κάπὶ
1059 983 1232 1055 τούτῳ
1289 985 1568 1055 βασιλεὺς,
1619 987 1887 1060 ὑπερϐολῇ

304 1069 586 1142 φιλοτίμῳ
635 1073 724 1125 τὸν
771 1075 869 1144 τῆς
915 1076 1078 1146 τιμῆς
1125 1079 1534 1150 προαρξάμενον
1577 1082 1740 1134 νικῶν
1773 1087 1890 1146 ταῖς

300 1162 636 1218 ἀντιδόσεσι.
667 1167 977 1238 Πυθόμενος
1001 1170 1063 1234 γέ
1097 1187 1177 1223 τοι
1208 1171 1356 1243 παρὲι
1387 1172 1464 1242 τῷ
1497 1174 1718 1246 Περσῶν
1745 1175 1890 1243 γένει

301 1255 577 1326 ’πληθύειν
605 1258 704 1322 τὰς
731 1259 826 1312 τοῦ
855 1259 989 1313 Θεοῦ
1020 1261 1364 1332 Ἐκκλησίας,
1393 1263 1553 1328 λαούς
1580 1283 1639 1318 τε
1667 1265 1892 1335 μυριάν-

305 1347 476 1418 δρους
500 1353 620 1413 ταῖς
663 1352 898 1422 Χριστοῦ
926 1352 1178 1424 ποίμναις
1215 1355 1656 1423 ἐναγελάζεσθαι,
1685 1359 1890 1429 χαίρων

307 1441 410 1494 ἐπὶ
442 1444 508 1511 τῇ
557 1441 761 1496 τούτων
803 1445 960 1516 ἀκοῇ,
995 1441 1084 1499 οἷὰ
1113 1464 1196 1510 τις
1230 1449 1405 1511 κοινὸς
1445 1447 1552 1500 τῶν
1579 1450 1888 1520 ἁπανταχοῦ

310 1533 591 1604 κηδεμὼν,
627 1536 789 1589 πάλιν
833 1539 1108 1593 κάνταῦθα
1155 1541 1254 1612 τὴν
1307 1541 1448 1613 ὑπὲρ
1493 1541 1599 1595 τῶν
1638 1543 1889 1597 ἁπάντων

312 1623 506 1694 εἰσῆγε
539 1629 812 1700 πρόνοιαν.

843 1895 1237 1950 ΚΕΦΑΛΑΙΟΝ
1284 1897 1360 1951 6'.

317 1981 1136 2060 Kqurar:¢'rov_m)rode‘tov
1160 1990 1318 2060 ,πρὸς
1344 1992 1632 2060 Σαπώρην
1659 1992 1765 2047 τὸν
1778 1994 1894 2057 ,Βα-

387 2052 564 2133 σιλέα
593 2055 860 2133 asperior,
886 2052 1308 2128 ὅμολογιο-ὗιίτιι
1326 2065 1413 2128 εἰς
1460 2052 1607 2117 Θὲὸίὶο
1631 2064 1731 2118 καὶ
1764 2052 1895 2133 Χρι-

387 2123 539 2176 στὸν
558 2123 978 2180 εὐσεϐέστατα.

403 2210 754 2285 Ἀντίγραφον
797 2219 932 2292 πρὸς
955 2219 1046 2272 τὸν
1079 2220 1301 2290 βασιλέα
1329 2223 1574 2294 Περσῶν.

395 2323 417 2356 «ι
441 2306 552 2376 Τὴν
573 2306 722 2360 θείαν
750 2310 929 2363 πίστιν
949 2311 1256 2380 φυλάσσων,
1278 2314 1371 2367 τοῦ
1389 2316 1488 2386 τῆς
1508 2316 1762 2388 ἀληθείας
1781 2335 1892 2384 φω-

309 2396 408 2460 τὸς
431 2399 838 2470 μεταλαγχάνω,
863 2401 939 2472 τῷ
963 2404 1059 2474 τῆς
1081 2404 1336 2475 ἀληθείας
1365 2408 1501 2474 φωτὶ
1513 2405 1892 2480 ὁδηγούμενος,

313 2489 415 2562 τὴν
446 2489 593 2545 θείαν
641 2495 821 2546 πίστιν
850 2495 1215 2563 ἐπιγινώσκω·
1268 2499 1542 2569 τοιγάρτοι
1573 2499 1780 2562 τούτοις
1819 2500 1895 2563 ὼς

316 2584 386 2636 τὰ
435 2584 732 2656 πράγματα
799 2587 1021 2658 βεϐαιοῖ,
1084 2589 1181 2660 τὴν
1238 2591 1543 2662 ἁγιωτάτην
1601 2590 1893 2662 θρησκείαν

316 2675 586 2746 γνωρίζω,
615 2677 929 2732 διδάσκαλον
959 2681 1054 2751 τῆς
1085 2679 1431 2749 ἐπιγνώσεως
1461 2680 1553 2734 τοῦ
1573 2680 1726 2750 ἁγίου
1758 2681 1892 2734 Θεοῦ

316 2767 520 2839 ταύτην
567 2769 664 2839 τὴν
712 2770 965 2842 λατρείαν
1015 2771 1157 2842 ἔχειν
1216 2772 1496 2844 ὁμολογῶ·
1556 2772 1746 2826 τούτου
1799 2773 1891 2827 τοῦ

315 2858 451 2913 Θεοῦ
491 2861 587 2932 τὴν
609 2859 834 2934 δύναμιν
861 2863 998 2936 ἔχων
1037 2864 1342 2935 σύμμαχον,
1397 2867 1460 2918 ὲκ
1486 2865 1594 2918 τῶν
1645 2865 1893 2938 περάτων

315 2953 408 3006 τοῦ
456 2954 707 3007 Ὠκεανοῦ
747 2955 1070 3026 ἀρξάμενος,
1102 2960 1280 3010 πᾶσαν
1305 2958 1500 3028 ἐφεξῆς
1531 2958 1629 3030 τὴν
1649 2959 1895 3030 οἰκουμέ-

317 3061 415 3114 νην
471 3044 705 3114 βεϐαίοις
763 3047 1048 3118 σωτηρίοις
1093 3047 1272 3100 ἐλπίσι
1335 3048 1446 3118 (ὖῦ)
1502 3048 1772 3119 διήγειρα,
1819 3049 1893 3112 ὡς

315 3134 534 3188 ἅπαντα
577 3137 674 3190 ’όσα
721 3138 825 3190 ὑπὸ
863 3137 1135 3200 τοσούτοις
1176 3137 1456 3208 τυράννοις
1499 3136 1885 3207 δεδουλωμένα,

316 3228 438 3289 ταῖς
465 3227 856 3299 καθημεριναῖς
892 3232 1196 3300 συμφοραῖς
1244 3228 1479 3292 ἐνδόντα,
1529 3228 1746 3300 ἐξίτηλα
1774 3231 1891 3297 ἐγε-

315 3316 605 3387 γόνει.(56)
648 3318 842 3388 [ταῦτα
865 3317 960 3390 τὴν
987 3321 1078 3372 ἐπὶ
1127 3320 1184 3372 τὸ
1217 3322 1460 3390 κρεῖττον
1487 3320 1551 3372 δι’
1601 3319 1732 3390 ἐμοῦ
1775 3319 1893 3389 βελ-

311 3406 502 3460 τίωτιν
544 3408 841 3481 ὄέξασθαι].
883 3410 1080 3463 Τοῦτον
1126 3411 1215 3465 τὸν
1259 3411 1388 3462 Θεὸν
1418 3410 1668 3481 ἀθανάτῳ
1703 3427 1892 3484 μνημῃ

313 3503 479 3570 τιμᾷν
516 3503 780 3572 ὁμολογῶ,
815 3503 1002 3556 τοῦτον
1051 3506 1342 3575 ἀκραιφνεί
1397 3505 1488 3557 καὶ
1541 3505 1756 3575 καθαρᾷ.
1777 3504 1892 3556 δια-

315 3591 433 3662 νοίᾳ
456 3593 512 3646 ἐν
536 3596 644 3656 τοῖς
669 3593 928 3647 ἀνωτάτω
960 3596 1245 3663 τυγχάνειν
1279 3592 1749 3664 ὑπεραυγάζομαι.

2051 617 2259 682 scripsit
2293 619 2345 669 in
2375 617 2602 685 gratiam
2627 616 3056 673 Christianorum
3086 616 3198 676 illic
3221 631 3512 695 agentium.

2070 706 2188 762 Jam
2220 721 2348 762 vero
2392 722 2514 760 cum
2569 723 2659 760 rex
2695 709 2860 761 etiam
2911 709 3200 766 Persarqu
3232 731 3328 784 per
3361 717 3570 787 legatos

1999 800 2246 854 notitiam
2275 800 2506 854 ambiret
2539 798 2900 864 Constantini,
2935 802 3188 874 donaque
3210 809 3276 861 ad
3306 825 3428 864 cum
3469 813 3571 864 mi-

1999 893 2178 954 sisset,
2214 893 2364 960 pacis
2386 901 2442 944 et
2477 892 2728 946 amicitiae
2755 893 2942 961 signa;
2983 895 3033 948 iul
3068 911 3238 965 agens
3268 902 3481 956 scilicet
3508 914 3567 958 ut

1997 1001 2118 1038 cum
2159 984 2249 1036 illo
2285 982 2460 1038 l'mdus
2497 984 2698 1049 iniret;
2733 985 2818 1039 hic
2866 987 3030 1039 etiam
3067 992 3360 1057 imperator
3389 996 3570 1048 excel-

1998 1073 2126 1127 lenti
2183 1075 2416 1142 quadam
2464 1074 2627 1126 animi
2681 1085 2838 1129 utens
2881 1080 3273 1145 magnitudine,
3305 1098 3426 1135 etim
3476 1088 3567 1153 qui

1998 1167 2144 1235 prior
2168 1166 2372 1220 honore
2406 1167 2578 1232 ipsum
2603 1165 2879 1232 aﬂ‘ecerat,
2904 1185 3186 1223 nutuerum
3219 1175 3571 1242 magniﬁcen-

1999 1259 2069 1310 tia
2100 1257 2256 1326 longe
2308 1258 2602 1326 superavit.
2639 1256 2881 1328 Cumque
2929 1262 3074 1328 apud
3116 1260 3309 1318 Persas
3344 1269 3570 1321 crebras

1997 1365 2116 1404 esse
2161 1350 2425 1405 Ecclesias
2461 1352 2550 1406 Dei
2590 1353 2908 1422 accepisset,
2935 1363 2988 1406 et
3025 1370 3363 1411 numerosam
3397 1374 3568 1429 papu-

1998 1442 2173 1496 lorum
2203 1445 2598 1498 nmltitmliucm
2630 1446 2768 1499 intra
2793 1445 2996 1501 Christi
3021 1448 3183 1501 ovilia
3211 1453 3525 1520 congregari
3549 1468 3564 1514 ;

1997 1534 2102 1587 hoc
2135 1535 2327 1598 nuntio
2352 1551 2676 1604 magnopere
2702 1536 3024 1600 delectatus,
3050 1549 3238 1608 utpote
3259 1545 3567 1595 COtlttttttni-s

1990 1623 2212 1689 quidam
2249 1626 2488 1677 omnium
2531 1627 2732 1694 ubique
2784 1629 3060 1697 agentium
3113 1632 3385 1684 hominum
3424 1643 3569 1686 tutor

1993 1720 2049 1765 et
2073 1726 2312 1773 curator.
2332 1717 2396 1768 ad
2425 1717 2511 1769 illa
2534 1719 2697 1771 etiam
2725 1718 2838 1774 loca
2862 1723 3260 1790 providentiam
3289 1740 3439 1778 suam
3471 1741 3569 1795 pro

1923 1834 1966 1888 Β
1996 1815 2315 1860 cunctorum
2345 1811 2644 1864 commodis
2673 1811 3009 1865 laborantem
3041 1815 3308 1869 extendit.

1999 1983 2235 2046 Epistula
2273 1988 2606 2064 Constantini
2647 1995 2714 2045 (ιιι
2754 1993 3007 2060 Saporem
3058 1997 3340 2052 Persarum
3377 2018 3563 2064 regem,

2064 2076 2265 2110 simium
2287 2077 2401 2112 cum
2426 2063 2616 2128 pietate
2641 2067 2802 2116 Deum
2823 2075 2868 2117 et
2890 2065 3157 2121 Christum
3181 2072 3493 2137 t‘ottﬁ.t‘ttit8.

2168 2213 2481 2282 Exemplum
2504 2215 2750 2283 epistolae
2781 2216 2846 2268 ad
2873 2234 3053 2284 regem
3088 2218 3397 2275 Pexsarum.

2065 2322 2088 2355 ι
2134 2305 2243 2374 Ego
2271 2307 2482 2374 quidem
2504 2307 2738 2359 divinam
2772 2310 3086 2364 custodiens
3107 2312 3287 2375 ﬁderit,
3315 2314 3450 2367 lucis
3478 2329 3562 2368 ve-

1997 2397 2177 2450 ritatis
2210 2400 2480 2466 particeps
2510 2403 2606 2468 lio;
2642 2414 2696 2456 et
2729 2403 2979 2458 veritatis
3011 2404 3166 2456 ﬁdem
3196 2405 3450 2472 pt':t)\'i;tltt
3477 2421 3564 2461 se-

1994 2503 2187 2554 quens,
2243 2489 2309 2542 atl
2360 2490 2514 2561 531
2555 2495 2750 2549 divina:
2811 2495 2932 2549 ﬁdei
2984 2497 3235 2548 notitiam
3288 2499 3564 2564 pervenio.

1999 2578 2103 2633 llac
2136 2581 2343 2635 ratione
2375 2586 2796 2650 sanctissimam,
2827 2597 2886 2639 ut
2931 2603 3015 2640 res
3051 2589 3178 2655 ἰνδιι·
3220 2591 3565 2654 conﬁrmant,

1999 2671 2310 2740 religionem
2346 2690 2616 2743 agnosco;
2651 2677 2804 2745 cujus
2843 2679 3046 2731 cultum
3079 2680 3209 2732 inihi
3248 2665 3564 2747 magistrum

1995 2778 2113 2816 esse
2140 2765 2396 2832 proﬁteor
2423 2767 2488 2817 ad
2522 2771 2851 2821 sanctissimi
2881 2767 3130 2822 Numinis
3158 2772 3404 2823 notitiam
3433 2774 3566 2825 hau-

1998 2855 2252 2921 riendam.
2295 2855 2463 2922 llujus
2492 2874 2619 2928 ergo
2667 2860 2756 2912 Dei
2803 2861 3006 2913 auxilio
3042 2861 3229 2924 fultus,
3262 2864 3327 2916 ab
3358 2863 3566 2917 ultimis

1997 2963 2164 3014 usque
2185 2947 2383 3002 Oceani
2414 2965 2737 3018 progressus
2770 2951 2990 3016 ﬁnibus,
3025 2955 3341 3006 universum
3374 2955 3562 3009 orbem

1999 3050 2260 3094 terrarum
2289 3045 2354 3095 ad
2376 3044 2580 3094 ﬁrmam
2602 3060 2751 3110 spem
2783 3045 2978 3098 salutis
2995 3046 3165 3099 erexi.
3192 3045 3342 3102 Adeo
3361 3056 3419 3099 ut
3443 3063 3567 3114 pro~

2000 3135 2188 3188 vincia:
2241 3151 2452 3198 otnues,
2486 3151 2604 3203 quae
2653 3148 2728 3190 tot
2791 3150 3142 3207 tyrannorum
3199 3127 3568 3201 dominatione

1996 3242 2286 3294 oppressze,
2315 3240 2369 3280 et
2407 3229 2682 3282 coutinuis
2712 3232 2911 3284 attrita.-
2937 3221 3339 3288 Calatnilatibus
3373 3251 3567 3304 pmpe-

1998 3319 2212 3370 modum
2272 3319 2604 3384 defecerant,
2654 3324 2967 3392 reipublica:
3025 3323 3294 3378 vindiCem
3348 3317 3563 3380 tandem

1997 3419 2184 3472 nactae,
2215 3411 2357 3464 velut
2379 3415 2697 3480 quihusdam
2719 3416 3000 3469 medicina:
3025 3415 3278 3470 fomentis
3303 3419 3568 3471 restituta:

1996 3501 2122 3553 sint.
2156 3501 2307 3555 llune
2336 3518 2435 3571 ego
2471 3505 2634 3558 Deum
2669 3507 2913 3574 przedico.
2941 3527 2954 3560 :
2988 3508 3144 3575 cujus
3174 3509 3425 3562 vexillum
3460 3510 3567 3562 Deo

1998 3593 2209 3646 dicatus
2267 3596 2538 3649 exercitus
2595 3613 2767 3658 uicus,
2820 3601 3063 3652 humeris
3112 3610 3304 3668 gestat,
3363 3611 3417 3652 et
3459 3614 3569 3667 quo

314 3686 583 3752 aequitatis
613 3687 750 3739 ratio
774 3686 1008 3753 postulat
1043 3689 1248 3752 fertur;
1282 3695 1336 3739 et
1367 3686 1438 3739 ob
1496 3686 1611 3739 htec
1673 3686 1785 3754 ipsa
1835 3686 1974 3739 illico
2001 3687 2385 3740 celeberrimas
2438 3689 2693 3742 victorias
2749 3690 2916 3744 refert
2967 3709 3062 3760 pro
3105 3696 3376 3750 mercede.
3413 3692 3568 3748 llum:

317 3779 484 3834 Deum
537 3781 868 3849 sempiterna
937 3782 1194 3835 memoria
1236 3781 1340 3839 coli
1388 3795 1420 3834 a
1472 3795 1558 3834 me
1606 3781 1910 3850 proﬁteor:
1947 3781 2092 3837 hunc
2161 3784 2214 3837 in
2262 3784 2522 3839 altissima
2576 3788 2702 3841 sede
2747 3789 2984 3853 positum
3066 3805 3200 3858 pura
3244 3800 3298 3844 et
3342 3793 3568 3847 candida

319 3890 497 3930 tuente
521 3877 876 3944 contemplor.

864 3969 1265 4022 ΚΕΦΑΛΛΙΟΝ
1284 3966 1344 4022 Ι’.

385 4063 503 4115 ’Ότι
528 4061 972 4126 καῖὰείδώλων,
990 4063 1086 4116 καί
1113 4065 1242 4130 περὶ
1270 4061 1417 4117 Θεοῦ
1444 4061 1819 4132 δοξολογίας.

393 4172 411 4205 ι
433 4153 630 4207 Τοῦτον
648 4154 1012 4224 ἐπικαλοῦμαι
1036 4155 1162 4223 γόνυ
1183 4155 1388 4219 κλίνας,
1417 4155 1630 4224 φεύγων
1662 4157 1760 4226 μὲν
1785 4157 1893 4210 πᾶν

315 4242 452 4318 αἷμα
481 4247 779 4318 βδελυκτὸν,
811 4249 904 4300 καὶ
926 4248 1103 4318 ὀσμὰς
1125 4248 1314 4319 ἀηδεῖς
1337 4249 1429 4302 καὶ
1467 4249 1888 4319 ἀποτροπαίους,

315 4341 491 4392 πᾶσαν
523 4339 579 4391 δὲ
611 4338 786 4409 γεώδη
815 4339 1130 4411 λαμπηδόνα
1160 4340 1270 4407 (57)
1318 4339 1594 4392 ἐκκλίνων·
1631 4336 1710 4403 οἷς
1748 4339 1890 4392 ἅπα-

2609 3969 2841 4026 CAPUT
2887 3969 2952 4025 Χ.

2136 4063 2333 4118 Contra
2364 4064 2676 4130 simulacra,
2709 4075 2754 4117 et
2791 4065 2854 4117 de
2885 4064 3272 4133 glori/icotione
3307 4063 3422 4118 Dei.

2067 4175 2087 4208 ι
2134 4157 2282 4210 liuuc
2301 4156 2452 4210 flexis
2475 4156 2700 4226 genibus
2723 4157 2947 4221 invoco;
2991 4171 3205 4208 onmem
3244 4155 3562 4209 abmuinan-

1995 4249 2119 4302 dum
2147 4263 2392 4302 cruorem
2418 4263 2696 4310 aversaus,
2728 4259 2776 4300 et
2808 4249 3266 4302 odoresinsuaves
3297 4263 3359 4302 ac
3391 4249 3565 4300 detes-

1995 4342 2182 4395 taudos
2199 4362 2211 4398 -.
2228 4356 2440 4393 omnem
2455 4341 2684 4406 denique
2703 4350 2972 4394 terrenum
2995 4339 3253 4402 fulgorem
3281 4339 3462 4404 procul
3484 4340 3563 4391 fu-

321 4517 471 4583 cQui
536 4533 727 4584 nuper,
775 4526 830 4570 ut
881 4518 1109 4586 primum
1159 4517 1415 4586 augenda:
1455 4517 1749 4588 barbarica:
1800 4517 1877 4568 vi-

2054 4515 2164 4588 (56)
2218 4514 2491 4581 Ἐξίτηλα
2532 4516 2816 4588 ἐγεγόνει.
2875 4513 3037 4588 liturae
3081 4514 3257 4588 locum
3318 4514 3561 4588 mutilum

316 4587 798 4641 litatis-auctorem
840 4588 1192 4642 iuuuoderate
1258 4598 1539 4642 notaverat
1608 4587 1878 4640 Constan-

318 4659 507 4711 tiuum.
542 4677 560 4708 ι

385 4729 496 4799 (54)
527 4726 629 4780 Διὰ
659 4728 998 4795 πρεσϐείας.
1032 4727 1104 4780 De
1141 4728 1239 4782 hac
1274 4728 1535 4796 legatione
1566 4725 1786 4799 Saporis
1815 4725 1880 4778 ad

313 4796 746 4859 Constantinum,
795 4801 962 4854 solus.
998 4799 1136 4863 quod
1195 4801 1382 4860 sciam,
1440 4799 1678 4866 loquitur
1717 4796 1881 4849 Liba-

318 4872 435 4922 nius
466 4871 514 4921 in
541 4872 781 4922 oratione
806 4883 923 4937 qua:
950 4870 1275 4933 Βασιλικός
1297 4869 1735 4936 iuserihiturpag.
1766 4867 1881 4930 ll9,

316 4942 400 4990 uhi
436 4942 623 4992 scribit
657 4940 918 5006 Saporem
955 4939 1239 4992 Persarum
1292 4954 1492 5007 regem,
1523 4954 1642 4990 cum
1681 4937 1880 4992 bellum

318 5011 570 5063 Romanis
633 5010 832 5062 inferre
879 5010 1290 5070 constituisset,
1339 5011 1594 5077 terraque
1635 5011 1698 5059 ad
1760 5023 1877 5060 eam

315 5093 426 5132 rem
446 5093 581 5146 Opus
607 5079 844 5144 haberet,
870 5079 1214 5132 fraudulento
1243 5095 1397 5132 usum
1424 5080 1651 5132 consilio
1676 5079 1881 5148 legatos

314 5149 380 5203 ad
410 5147 824 5204 Constantinum
864 5151 1097 5211 misisse,
1150 5151 1240 5218 qui
1295 5150 1443 5202 illum
1492 5147 1749 5217 tanquam
1783 5152 1881 5200 do-

315 5222 516 5272 mimnn
557 5222 864 5283 adorarent,
892 5219 1125 5287 ferrique
1157 5221 1444 5272 maximam
1475 5220 1682 5286 copiam
1718 5219 1786 5270 ab
1815 5235 1878 5272 eo

318 5300 596 5358 peterent;
629 5291 807 5358 specie
835 5291 1075 5358 quidem,
1107 5299 1166 5342 nt
1200 5291 1458 5344 barbaros
1482 5291 1741 5358 quosdam
1774 5288 1876 5342 sibi

315 5361 524 5414 vicinos
553 5364 719 5414 armis
750 5363 1136 5422 ulcisceretur;
1170 5362 1264 5414 sed
1308 5376 1517 5428 revera,
1550 5370 1607 5412 ut
1639 5375 1704 5413 eo
1735 5361 1877 5414 ferro

315 5431 569 5483 adversus
584 5429 873 5483 Romanos
907 5440 1169 5482 uteretur.

384 5501 497 5569 (55)
538 5499 1168 5566 Βεϐαιοιςτσωτηρίοις
1233 5499 1463 5554 ἐλπίσι.
1514 5499 1872 5554 Scribendum

315 5569 430 5640 sine
460 5571 618 5624 dubio
646 5570 936 5640 σωτηρίας,
969 5584 1275 5637 (ptanquam
1312 5574 1447 5634 apud
1484 5569 1874 5624 Theodoritum

316 5639 366 5692 in
398 5641 531 5693 libro
566 5657 603 5702 ι,
637 5656 752 5709 cap.
779 5639 868 5701 25.
898 5656 960 5694 ea
995 5655 1089 5692 vox
1125 5643 1294 5692 deest.
1329 5641 1654 5710 Epiphanius
1696 5649 1874 5693 tamen

227 5723 234 5730 ·
316 5713 672 5765 scholasticus
720 5727 837 5765 eam
891 5724 1073 5763 vocem
1128 5713 1409 5776 agnoscit,
1453 5723 1511 5766 ut
1555 5714 1712 5766 docet
1762 5712 1877 5777 ejus

316 5783 488 5836 versio
518 5783 570 5836 iu
600 5783 688 5836 lib.
722 5799 778 5837 Ill
810 5779 1062 5835 Historia:
1093 5779 1370 5847 tripartin

1986 4585 2107 4642 esse
2147 4585 2310 4640 nemo
2342 4602 2443 4638 non
2495 4587 2635 4639 videt
2663 4604 2674 4638 :
2707 4602 2868 4653 quem
2907 4586 2957 4636 in
2996 4585 3171 4636 Morzri
3207 4585 3343 4636 libro
3374 4587 3562 4638 eodem

1990 4658 2148 4726 plane
2193 4657 2350 4708 modo
2379 4671 2485 4722 quo
2512 4656 2584 4726 Vin
2631 4657 2868 4708 editione
2909 4655 3212 4726 Geucveusi
3259 4658 3560 4726 suppletum

1993 4723 2167 4780 inveni
2196 4743 2209 4778 :
2243 4726 2426 4778 Ταῦτα
2473 4725 2584 4796 τὴν,
2615 4726 2704 4778 ἐπὶ
2749 4726 2810 4777 τὺ
2859 4727 3104 4794 κρεῖττον
3149 4724 3215 4776 δι’
3255 4723 3387 4794 ἐμοῦ
3439 4724 3562 4794 βελ-

1989 4798 2174 4850 τίωσιν
2240 4795 2745 4862 resumat-eum.
2778 4797 3024 4864 quisquis
3083 4797 3225 4848 hunc
3277 4796 3450 4848 locum
3488 4797 3561 4848 ita

1993 4868 2318 4928 etueudavit,
2344 4866 2784 4930 malusprofecto
2802 4865 3074 4931 conjector
3096 4866 3193 4917 fuit
3212 4873 3372 4932 atque
3401 4868 3563 4932 impe-

1991 4939 2146 4995 ritus.
2181 4938 2312 5000 Quis
2348 4938 2490 4987 enim
2528 4952 2762 5003 unquam
2801 4937 3122 5005 italocutus
3172 4947 3287 4998 est,
3337 4936 3435 5005 τὴν
3467 4936 3561 4990 ἐπὶ

1988 5008 2048 5062 τὸ
2076 5009 2320 5078 κρεῖττον
2347 5005 2643 5076 βελτίωσιν.
2676 5007 2884 5078 Quatt_t_u
2915 5003 3126 5078 facilius
3153 5015 3268 5057 erat.
3300 5022 3361 5057 ac
3393 5003 3560 5076 tutius

1986 5073 2128 5133 hanc
2160 5073 2404 5130 lacunam
2438 5078 2686 5143 stqiplere
2727 5092 2792 5129 ex
2827 5073 3177 5137 Theodorito,
3208 5079 3350 5140 apud
3397 5073 3557 5141 quein

1990 5153 2103 5202 inec
2130 5149 2355 5215 epistola
2402 5147 2738 5199 (iniistautiui
2788 5147 2852 5196 ad
2885 5144 3141 5212 Saporem
3193 5145 3454 5215 integrior
3484 5145 3562 5199 le-

1987 5221 2130 5287 gitur
2165 5214 2233 5270 iet
2285 5218 2645 5287 cinemlatior.
2690 5215 2874 5269 Codex
2924 5228 3100 5287 tamen
3144 5214 3278 5268 Fuk.
3319 5218 3557 5287 etASav.

1984 5284 2170 5342 eodem
2229 5288 2384 5340 tundo
2431 5286 2680 5353 supplent
2747 5288 2885 5338 hanc
2934 5285 3180 5339 lacunam
3237 5302 3341 5352 quo
3381 5284 3558 5338 Gene-

1987 5361 2166 5413 vensis
2223 5359 2408 5409 editio.
2442 5355 2549 5408 Nec
2602 5373 2816 5408 morere
2865 5370 2962 5409 nos
3011 5356 3203 5412 debet.
3254 5357 3393 5422 quod
3446 5357 3559 5408 haec

1984 5430 2188 5482 locutio
2214 5428 2438 5481 barbara
2467 5441 2568 5480 est.
2598 5426 2729 5478 l‘tam
2776 5426 3002 5494 cpistola
3040 5429 3152 5478 hasc
3185 5423 3556 5487 Constantini,

1984 5501 2214 5567 primum
2264 5497 2458 5551 Latine
2505 5500 2571 5550 ab
2605 5498 2720 5563 ipso
2751 5499 2952 5564 scripta
2989 5495 3205 5567 fuerat:
3255 5497 3556 5567 denudent

1981 5565 2227 5624 Graecum
2277 5583 2583 5622 sermonem
2629 5583 2892 5621 conversa
2933 5575 3016 5619 cst
3063 5566 3131 5617 ab
3169 5565 3422 5631 imperito
3473 5565 3556 5618 in-

1986 5650 2242 5705 terprete.
2295 5636 2440 5692 Idem
2494 5639 2720 5708 contigit
2769 5636 2992 5704 reliquis
3045 5633 3384 5689 Constantini
3435 5635 3552 5703 epio

1985 5711 2135 5764 stolis
2147 5747 2149 5749 -
2161 5715 2231 5762 et'
2248 5709 2608 5763 orationibus.

2056 5781 2165 5851 (57)
2195 5778 2393 5847 Γεώδη
2415 5778 2798 5848 λαμπηδόνα.
2834 5774 3351 5845 Cln'istophorsotms
3381 5778 3546 5832 saui-
