4114 6432
323 334 476 392 1165

1417 332 1505 390 DE
1543 335 1701 391 VITA
1739 334 2193 390 CONSTANTINI
2232 337 2361 392 LIB.
2403 333 2494 391 IV.

3421 336 3562 390 H66

315 468 435 506 ςτον
481 450 588 523 (51)
625 450 851 516 διέθετο,
889 453 1088 525 σπουδῇ
1118 453 1357 526 ἐξάρχων
1405 455 1567 518 αὐτὸς
1590 455 1697 508 τῶν
1749 454 1883 508 ἕνδοι

1996 456 2281 523 quamdam
2308 454 2453 510 velut
2497 452 2794 508 Ecclesiam
2837 451 2926 505 Dei
2976 449 3277 506 constituit.
3319 449 3392 504 Ae
3441 455 3560 506 dili-

313 544 856 616 ὲκκλησιαζομένωψ
885 545 1020 616 μετὰ
1057 547 1240 617 χεῖράς
1272 546 1337 614 γέ
1364 563 1442 599 τοι
1465 546 1752 617 λαμϐάνων
1796 545 1895 608 τὰς

319 635 564 706 βίϐλους,
601 639 666 706 τῇ
703 635 810 689 τῶν
860 635 1228 689 θεοπνεύστων
1261 635 1454 705 λογίων
1487 636 1685 708 θεωρίᾳ
1729 654 1894 707 προσ-

314 729 506 796 ανεῖχε
525 724 614 778 τὸν
631 725 770 778 νοῦν·
806 721 903 780 εἶτ’
926 727 1088 797 εὐχὰς
1112 727 1402 797 ὲνθέσμους
1429 729 1524 780 σὺν
1547 729 1658 790 τοῖς
1689 726 1778 780 τὸν
1804 726 1897 796 βα-

321 813 526 868 σίλειον
553 811 698 868 οἶκον
727 814 1023 887 πληροῦσιν
1046 815 1156 886 (52)
1190 816 1461 871 ἀπεδίδου.

843 1002 1235 1054 ΚΕΦΑΛΑΙΟΝ
1269 1001 1373 1054 IH'.

332 1092 449 1160 Τῆς
468 1091 768 1161 Κιιριακῆς
795 1091 906 1160 τὴν
931 1091 1159 1160 ἡμέραν
1189 1092 1285 1146 καὶ
1311 1089 1698 1160 παρασκευῆς
1725 1107 1896 1160 νομο-

919 1163 1091 1215 θεσία
1112 1162 1306 1231 τιμᾷν.

397 1257 506 1309 Καὶ
532 1254 742 1327 ἡμέραν
781 1253 825 1307 δ’
876 1254 1052 1325 εὐχῶν
1095 1253 1344 1324 ἡγεῖσθαι
1395 1247 1743 1322 κατάλληλον,
1796 1251 1896 1323 τὴν

318 1349 519 1421 κυρίαν
547 1346 760 1417 ἀληθῶς
800 1346 894 1399 καὶ
925 1345 1144 1418 πρώτην
1182 1346 1348 1409 ὅντως
1376 1345 1657 1416 Κυριακήν
1690 1360 1752 1396 τε
1802 1343 1895 1396 καὶ

320 1441 610 1510 σωτήριον,
639 1437 910 1491 διετύπου’
949 1437 1181 1491 διάκονοι
1229 1437 1272 1489 δ’
1307 1435 1457 1506 αὑτῷ
1496 1435 1588 1488 καὶ
1621 1433 1892 1506 ὑπηρέται

315 1529 442 1601 Θεῷ
462 1530 868 1600 καθιερωμένοι,
902 1529 1016 1599 βίου
1043 1545 1102 1581 τε
1125 1529 1408 1598 σεμνότητι
1440 1529 1530 1580 καὶ
1560 1528 1725 1597 ἀρετῇ
1743 1527 1893 1599 πάσῃ

314 1622 540 1691 κόσμιοι
573 1622 778 1693 ἄνδρες,
810 1621 1045 1690 φύλακες
1073 1619 1166 1672 τοῦ
1195 1619 1391 1681 παντὸς
1410 1618 1557 1671 οἴκου
1594 1617 1705 1687 (55)
1758 1615 1892 1669 καθ-

324 1715 590 1768 ίστανται’
627 1714 910 1784 δορυφόροι
947 1730 1005 1764 τε
1040 1711 1225 1764 πιστοὶ
1251 1708 1725 1781 σωματοφύλακες,
1769 1708 1892 1779 τρό-

1996 535 2172 612 gentia
2228 546 2442 615 quidem
2471 554 2526 598 et
2554 544 2833 597 alacritate
2879 543 3101 610 praeibat
3130 543 3340 600 cunctis
3382 543 3473 611 qui
3505 544 3558 597 in

1995 636 2289 689 Ecclesiatn
2357 635 2502 689 illam
2533 643 2689 688 erant
2718 634 2936 703 ascripti
2970 651 2984 688 :
3020 644 3076 687 et
3099 649 3293 688 sacros
3331 633 3560 689 Codices

1997 730 2047 782 iu
2093 744 2285 782 manus
2328 742 2548 782 sumens
2575 727 2794 781 oracula
2825 741 2851 778 a
2887 729 2996 780 Deo
3032 726 3172 779 edita
3203 735 3408 780 attento
3444 724 3560 778 ani-

1997 835 2084 872 mo
2113 821 2494 872 meditabatur.
2521 818 2756 871 Posthac
2779 817 3050 870 solemnes
3081 832 3269 886 preces
3297 833 3421 872 eum
3444 833 3560 871 um-

1995 927 2150 967 verso
2180 913 2478 968 aulicorum
2513 923 2656 966 coetu
2685 911 2973 964 recitabat.

2546 1000 2771 1056 CAPUT
2807 997 2987 1054 XVIII.

2086 1091 2238 1147 Diem
2279 1092 2607 1146 Dominicum
2646 1101 2695 1146 et
2727 1102 2928 1173 acastum
2975 1091 3162 1160 feriam
3201 1093 3454 1148 honorari

2646 1174 2904 1229 prwctptt.

2065 1252 2216 1307 Diem
2244 1268 2370 1307 vero
2398 1236 2801 1322 precationibus
2835 1267 3133 1321 congruum
3186 1255 3374 1309 haberi
3430 1271 3560 1310 con-

1993 1343 2202 1408 stituit,
2233 1359 2351 1397 eum
2386 1346 2474 1411 qui
2523 1347 2726 1415 primus
2755 1355 2840 1400 est
2865 1356 2920 1398 et
2947 1357 3106 1414 caput
3138 1357 3478 1409 eaeterorum,
3507 1354 3560 1402 et

1993 1436 2082 1503 qui
2136 1451 2322 1489 revera
2377 1435 2690 1491 Dominicus
2725 1449 2807 1492 est
2856 1454 2918 1493 ac
2962 1439 3240 1492 salutaris.
3292 1437 3557 1494 Przeterea

1992 1525 2256 1581 diaconos
2298 1538 2352 1581 et
2399 1529 2508 1582 Deo
2548 1540 2890 1584 consecratos
2931 1530 3206 1584 ministros
3232 1571 3246 1594 ,
3297 1533 3386 1599 qui
3436 1533 3559 1586 vita:

1993 1620 2264 1688 gravitate
2299 1629 2355 1675 et
2381 1621 2601 1690 reliquis
2627 1623 2920 1676 virtutibus
2949 1624 3126 1676 ornati
3157 1632 3358 1687 essent,
3391 1627 3559 1680 totius

1994 1711 2185 1766 domus
2232 1713 2485 1767 custodes
2517 1715 2815 1768 ordinavit.
2869 1715 3110 1785 Denique
3144 1725 3480 1784 protectores
3507 1725 3558 1770 et

316 1825 447 1871 ποις
500 1807 706 1869 εὐνοίας
756 1803 896 1877 [καὶ]
931 1805 1108 1857 πίστει
1159 1803 1613 1873 καθωπλισμένοι,
1657 1801 1878 1872 βασιλέα

1993 1802 2282 1870 stipatores
2311 1802 2399 1858 ﬁdi
2430 1844 2444 1868 ,
2476 1807 2865 1861 benevolentia:
2904 1819 2958 1860 et
2998 1809 3119 1864 ﬁdei
3153 1809 3323 1864 armis
3350 1809 3558 1864 instru-

314 1895 636 1950 διδάσκαλον
668 1893 903 1948 εὐσεϐῶν
932 1894 1266 1947 ἐδιδάσκοντο
1285 1892 1395 1962 (5.4)
1425 1891 1660 1961 τρόπων,
1684 1891 1890 1961 τιμῶν-

314 2002 415 2048 τες
445 1985 540 2054 οὐχ
575 1981 735 2055 ἧττον
780 1984 872 2036 καὶ
893 1983 1043 2035 αὐτοὶ
1067 1983 1162 2052 τὴν
1193 1983 1456 2052 σωτήριον
1487 1981 1578 2034 καὶ
1608 1981 1891 2052 Κυριακὴν

314 2077 552 2147 ἡμέραν,
583 2075 745 2145 εὐχάς
770 2093 828 2128 τε
861 2077 920 2127 ὲν
953 2074 1142 2136 αὐταῖς
1171 2072 1545 2135 συντελοῦντες
1570 2071 1669 2135 τὰς
1687 2069 1896 2141 βασιλεῖ

317 2169 498 2238 φίλας.
531 2167 738 2220 Ταυτὺν
770 2167 826 2219 δὲ
851 2165 1108 2238 πράττειν
1141 2163 1235 2217 καὶ
1257 2164 1458 2226 πάντας
1472 2163 1662 2234 ἐνῆγεν
1687 2159 1892 2232 ἀνθρὼ-

316 2277 453 2322 πους
481 2261 510 2312 ὁ
537 2260 822 2330 μακάριος,
851 2258 1038 2328 ὥσπερ
1065 2257 1229 2327 εὐχὴν
1271 2255 1472 2325 ταύτην
1503 2253 1886 2326 πεποιημένος,

317 2352 497 2423 ἡρέμα
535 2351 851 2420 σύμπαντας
899 2347 1217 2419 ἀνθρώπους
1266 2347 1533 2410 θεοσεϐεῖς
1577 2345 1890 2416 ἀπεργάσα-

321 2444 466 2497 σθαι.
493 2443 584 2496 Διὸ
622 2447 733 2506 τοῖς
763 2443 868 2496 ὑπὸ
897 2443 995 2514 τὴν
1037 2441 1324 2511 Ῥωμαίων
1347 2440 1520 2511 ἀρχὴν
1544 2439 1890 2510 πολιτευομέ-

319 2554 430 2599 νοις
452 2537 642 2599 ἆπασι,
674 2535 865 2606 σχολὴν
888 2535 1037 2604 ἄγειν
1056 2537 1174 2598 ταῖς
1197 2533 1372 2587 ὲπωνύ
1383 2551 1502 2604 μοις
1529 2533 1621 2585 τοῦ
1644 2532 1889 2603 Σωτῆρος

319 2628 553 2699 ἡμέραις
590 2626 877 2690 ἐνουθέτει,
910 2627 1109 2696 ὁμοίως
1158 2625 1216 2679 δὲ
1255 2625 1469 2689 καὶτὰς
1497 2624 1590 2684 τοῦ
1621 2624 1886 2677 σαϐϐάτου

317 2723 482 2790 τιμᾷν
509 2719 640 2790 (55)’
680 2721 894 2790 μνήμης
919 2719 1080 2771 ἕνεκά
1109 2735 1196 2789 μοι
1235 2719 1408 2771 δοκεῖν
1445 2717 1552 2770 τῶν
1583 2717 1640 2768 ὲν
1666 2715 1888 2778 ταύταις

315 2812 396 2882 τῷ
415 2811 575 2882 κοινῷ
592 2811 800 2883 Σωτῆρι
823 2809 1128 2881 πεπράχθαι
1166 2810 1664 2881 μνημονευομένων.
1694 2809 1802 2878 Τὴν
1832 2807 1888 2861 δέ

314 2919 382 2971 γε
422 2904 682 2973 σωτήριον
732 2901 964 2972 ἡμέραν,
1011 2901 1077 2971 ἢν
1107 2902 1197 2954 καὶ
1228 2901 1402 2970 φωτὸς
1434 2896 1570 2952 εἶναι
1598 2901 1688 2952 καὶ
1738 2901 1885 2971 ἡλίου

317 2991 605 3063 ἐπώνυμον
656 2991 962 3062 συμϐαίνει,
1020 2990 1086 3043 τὰ
1148 2988 1511 3060 στρατιωτικὰ
1571 2990 1745 3043 πάντα
1802 2989 1887 3041 διὰ

318 3082 554 3152 σπουδῆς
592 3082 753 3151 τιμᾷν
796 3081 1079 3147 διδάσκων,
1126 3084 1235 3142 τοῖς
1271 3080 1367 3149 μὲν
1393 3079 1490 3149 τῆς
1530 3079 1711 3131 ἐνθέου
1756 3095 1884 3148 μετοι

319 3172 502 3245 έχουσι
519 3174 770 3236 πίστεως,
791 3173 1077 3235 ἀκωλύτως
1101 3175 1166 3242 τῇ
1184 3171 1474 3242 Ἐκκλησία
1489 3170 1582 3222 τοῦ
1606 3169 1736 3222 Θεοῦ
1755 3187 1887 3240 καρ-

317 3268 491 3336 τερεῖν
527 3266 793 3336 μετεδίδου
839 3265 1052 3335 σχολῆς,
1097 3266 1179 3332 ἐφ’
1215 3257 1258 3331 ᾧ
1299 3264 1396 3326 τὰς
1435 3261 1617 3332 εὐχὰς,
1659 3261 1885 3332 μηδενὸς

318 3357 502 3420 αὐτοῖς
527 3357 772 3428 ἐμποδὼν
796 3357 1134 3427 γιγνομένου,
1166 3354 1456 3409 συντελεῖν.

1992 1895 2090 1956 cli,
2133 1895 2517 1964 imperatorem
2557 1899 2732 1968 ipsum
2766 1901 2982 1965 pietatis
3018 1901 3335 1970 magistrum
3389 1902 3557 1955 habe-

1992 1988 2156 2052 bant;
2207 1995 2262 2041 et
2297 1988 2590 2043 salutarem
2642 2006 2706 2044 ac
2755 1991 3090 2044 Dominicmn
3136 1993 3278 2044 diem
3333 1992 3555 2061 perinde

1990 2079 2358 2145 honorabant;
2390 2096 2561 2150 eoque
2592 2082 2677 2136 die
2701 2085 3042 2151 precationes
3072 2083 3386 2152 imperatori
3420 2100 3553 2154 gra-

1994 2179 2077 2222 tas
2107 2169 2172 2222 ad
2222 2171 2388 2224 Deum
2420 2172 2737 2227 fundebant.
2775 2173 3032 2244 Reliquos
3059 2174 3221 2227 etiam
3251 2174 3506 2228 mortales
3534 2214 3552 2238 ,

1991 2263 2056 2314 ad
2085 2262 2224 2316 idem
2255 2263 2566 2320 faciendum
2601 2268 2848 2322 incitavit
2887 2269 3139 2337 princeps
3170 2269 3550 2333 beatissimus;

1993 2363 2174 2421 utpote
2203 2355 2291 2422 qui
2342 2357 2393 2410 id
2425 2358 2659 2412 maxime
2689 2359 2742 2411 iu
2777 2361 2912 2413 votis
2943 2361 3203 2422 haberet,
3239 2368 3296 2413 ιιι
3326 2360 3547 2412 univer-

1989 2461 2081 2500 sos
2111 2448 2358 2503 homines
2388 2449 2645 2518 paulatim
2687 2449 2776 2502 Dei
2808 2451 3043 2504 cultores
3093 2450 3350 2506 clliceret.
3379 2452 3555 2520 Atque

1989 2541 2058 2593 ob
2091 2542 2226 2594 hanc
2259 2557 2476 2596 causam
2511 2543 2721 2596 eunetis
2759 2544 2858 2597 sub
2901 2543 3126 2610 imperio
3175 2542 3421 2597 Romano
3454 2544 3552 2598 de-

1990 2633 2239 2700 gentibus
2283 2635 2577 2701 prmeepit,
2624 2645 2683 2687 ut
2731 2634 3007 2687 Dominico
3056 2634 3142 2689 die
3184 2635 3552 2701 feriarcntur;

1989 2731 2154 2788 utque
2198 2723 2337 2776 diem
2377 2724 2466 2791 qui
2503 2734 2586 2776 est
2623 2725 2796 2792 pridie
2837 2727 3046 2779 sabbati
3097 2726 3349 2781 similiter
3379 2727 3554 2781 honu-

1988 2822 2176 2866 rarent
2207 2830 2221 2866 :
2257 2813 2310 2867 in
2344 2815 2657 2870 memoriam
2686 2854 2700 2876 ,
2733 2825 2789 2869 ut
2832 2817 3066 2884 videtur,
3111 2833 3293 2872 earum
3331 2834 3507 2872 rerum
3535 2861 3550 2883 ,

1987 2914 2105 2968 quae
2134 2916 2163 2955 a
2209 2905 2480 2958 communi
2516 2905 2754 2958 omnium
2790 2904 3081 2960 Servatore
3113 2907 3216 2960 illis
3252 2908 3441 2962 diebus
3466 2925 3553 2979 ge-

1987 3002 2084 3044 sue
2110 3006 2231 3045 esse
2259 2993 2631 3061 perhibentur.
2665 2993 2832 3046 Porro
2858 3009 2979 3049 cum
3015 2997 3314 3050 exercitum
3339 3013 3552 3052 omnem

1989 3080 2052 3131 ad
2086 3082 2338 3136 salutaris
2373 3083 2517 3149 diei,
2559 3085 2647 3153 qui
2681 3086 2816 3138 lueis
2850 3100 2913 3140 ac
2943 3087 3074 3140 solis
3122 3087 3424 3156 appellatur
3456 3071 3553 3142 no—

1995 3169 2177 3234 mine,
2212 3169 2521 3240 religiosum
2568 3173 2773 3227 cultum
2819 3174 3164 3242 institueret;
3218 3177 3284 3232 iis
3334 3179 3552 3247 quidem

1991 3259 2080 3327 qni
2117 3262 2274 3315 tidem
2301 3262 2560 3317 divinitus
2586 3265 2903 3334 inspiratam
2939 3265 3171 3334 amplexi
3200 3281 3376 3334 erant,
3397 3285 3551 3324 exer-

1991 3351 2157 3408 cendi
2184 3370 2242 3409 se
2266 3372 2331 3411 ex
2360 3372 2508 3411 more
2539 3358 2894 3428 institutoque
2931 3359 3187 3425 Ecclesia:
3214 3361 3308 3417 Dei
3346 3373 3552 3432 tempus

321 3460 489 3520 atque
520 3453 687 3506 otium
715 3452 960 3514 indulsit,
990 3467 1098 3518 quo
1124 3452 1329 3518 absque
1353 3451 1462 3504 ullo
1492 3450 1877 3518 impedimento
1916 3450 2254 3505 orationibus
2280 3461 2556 3506 vacarent.

837 3548 1230 3601 ΚΕΦΑΛΑΙΟΝ
1268 3545 1368 3599 ιεγ.

323 3638 518 3706 Ὅπως
555 3638 653 3693 καὶ
687 3640 826 3705 τοὺς
863 3640 1132 3706 ἐθνικοὺς
1155 3639 1539 3706 στρατιώτας,
1569 3639 1638 3691 ἐν
1669 3643 1882 3707 Κυρια-

700 3709 832 3776 κιιῖς
852 3711 1129 3780 εὔχεσθαι
1147 3709 1497 3777 προσέταξε.

390 3799 510 3864 Τοῖς
562 3802 654 3856 καί¹
709 3805 874 3873 μήπω
912 3800 1005 3856 τοῦ
1045 3802 1189 3856 θείου
1217 3801 1395 3883 λόγου.
1422 3799 1795 3871 μετασχοῦσιν,
1825 3802 1881 3852 ἐν

387 3977 496 4048 (δί)
549 3979 903 4047 Ἐκκλησίας
956 3979 1102 4035 Θεοῦ
1152 3984 1391 4050 τρόπον.
1446 3979 1774 4050 Sozomenus
1819 3979 1868 4050 in

320 4049 413 4104 Iib.
444 4047 490 4110 ι,
525 4065 573 4104 c.
601 4051 651 4112 7,
697 4053 760 4103 de
803 4053 1154 4105 Constantino
1179 4047 1329 4119 ⁷ξιιψ.
1374 4052 1446 4104 ita
1496 4049 1724 4104 scribit:
1761 4047 1870 4101 Καὶ

320 4121 375 4172 ὲν
410 4121 523 4192 τοῖς
554 4119 836 4189 βασιλείοις
869 4120 1150 4192 εὐκτὴριον
1175 4117 1319 4174 οἶκον
1349 4121 1732 4192 κατεσκεύασε.
1768 4124 1875 4192 Ap-

321 4199 465 4256 paret
497 4191 850 4242 Sozomcnum
885 4191 934 4242 id
974 4189 1049 4245 ei
1088 4192 1315 4245 Eusebio
1357 4202 1560 4250 nostro,
1596 4189 1671 4241 uti
1705 4189 1869 4251 solet,

322 4260 579 4313 hausisse.
622 4260 726 4312 Sed
765 4259 1026 4313 Eusebius
1055 4276 1158 4314 non
1188 4261 1318 4314 dicit
1361 4259 1774 4315 Constantinum
1817 4258 1869 4310 in

321 4329 512 4395 palatio
537 4329 817 4384 ecclesiam
840 4331 1149 4384 azdilicasse.
1179 4330 1288 4384 lloc
1315 4339 1518 4383 tantum
1547 4330 1696 4388 dicit,
1723 4329 1868 4380 illum

319 4399 553 4469 ecclesiae
598 4400 880 4467 quamdam
918 4401 1148 4466 speciem
1199 4403 1252 4452 in
1305 4401 1504 4469 palatio
1547 4398 1868 4469 instituisse.

319 4467 448 4522 Vide
503 4469 882 4537 panegyricmu
934 4469 1143 4522 Eusebii
1193 4471 1244 4522 in
1299 4467 1680 4523 iricennalibus
1725 4469 1867 4520 Con-

318 4515 709 4608 debitoris}?
719 4515 863 4603 iis;
871 4515 1362 4593 aliisaiteaaaa.‘
1372 4515 1649 4592 “53551.:
1656 4515 1943 4606 'aiie'iieD

318 4609 619 4662 conﬁrmat.

386 4677 495 4749 (5'2)
540 4677 666 4744 Τοῖς
692 4677 799 4749 τὸν
834 4677 1150 4749 βασίλειον
1176 4674 1342 4732 οἷκον
1372 4675 1726 4749 πληροῦσιν.
1754 4675 1873 4730 Vox

317 4744 562 4818 ambigua
596 4761 678 4801 est
730 4747 994 4818 βασίλειος
1038 4744 1211 4812 οἶκος,
1250 4763 1368 4818 qua!
1400 4759 1453 4800 et
1485 4744 1766 4818 ecclesiam
1820 4757 1873 4797 et

319 4817 569 4887 palatium
611 4816 898 4888 signiﬁcat.
941 4821 1016 4872 Ae
1063 4820 1272 4870 videtur
1302 4817 1566 4871 Eusebius
1612 4817 1678 4869 de
1718 4816 1873 4888 inilu-f

319 4890 448 4941 stria
494 4888 544 4940 in
579 4886 735 4956 hujus
782 4891 928 4943 vocis
972 4891 1318 4956 ambiguitate
1369 4889 1579 4949 lusisse,
1623 4900 1686 4956 eo
1731 4886 1872 4953 quod

317 4955 654 5013 Constantini
685 4961 942 5027 palatium
971 4959 1143 5011 simile
1170 4969 1309 5011 esset
1325 4958 1600 5027 ecclesias
1641 4955 1704 5027 Et
1734 4969 1871 5024 quos

317 5027 402 5082 hic
461 5040 612 5082 vocat
675 5023 796 5093 τοὺς
842 5030 931 5082 τὸν
983 5027 1249 5098 βασίλειον
1299 5023 1442 5098 οἷκον
1501 5023 1870 5097 πληροῦντας,

317 5114 473 5165 supra
497 5101 707 5152 vocavit
731 5101 854 5163 τοὺς
883 5097 1025 5152 ἔνδον
1053 5097 1590 5167 ὲκκλησιαζομένους.

384 5169 493 5239 (55)
532 5171 798 5237 Φύλακες
840 5170 946 5224 τοῦ
993 5170 1216 5234 παντὸς
1244 5166 1431 5221 οἴκου.
1475 5169 1740 5239 Interpres
1772 5166 1872 5239 So-

319 5237 522 5292 zomeui
576 5243 897 5295 sententiam
955 5249 1168 5294 secutus
1229 5239 1512 5293 ecclesiam
1574 5237 1870 5300 intellexit,

318 5310 396 5361 cui
425 5324 526 5361 non
555 5313 839 5365 assentior.
865 5309 997 5362 Nam
1022 5308 1280 5362 Eusebius
1310 5325 1422 5377 ipse
1450 5309 1500 5361 in
1518 5305 1870 5375 Panegyrico,

318 5393 433 5445 pag.
467 5378 598 5440 628.
646 5382 733 5433 ubi
781 5382 894 5434 haec
931 5382 995 5432 ad
1049 5380 1270 5431 verbum
1321 5376 1587 5447 leguntur,
1628 5376 1758 5447 nihil
1808 5377 1874 5429 de

317 5447 534 5501 ecclesia
573 5451 720 5504 dicit.
766 5451 968 5504 Sensus
1019 5448 1180 5516 igitur
1217 5446 1390 5514 hujus
1426 5449 1524 5500 loci
1571 5456 1687 5508 est,
1730 5446 1873 5499 Con-

320 5519 605 5572 stantinum
652 5520 913 5573 ministris
939 5533 1000 5571 ac
1030 5517 1245 5570 l‘amulis
1271 5518 1368 5570 Dei
1409 5527 1464 5569 et
1503 5517 1873 5570 sacerdmibns

321 5603 497 5641 curam
532 5599 584 5643 et
613 5590 910 5649 custodiam
945 5587 1110 5640 totius
1151 5589 1332 5652 palatii
1377 5587 1459 5642 sui
1488 5587 1825 5639 commisisse
1854 5603 1868 5638 :

324 5657 389 5711 ita
448 5668 501 5712 ut
555 5661 859 5714 sacerdotes
911 5668 1090 5712 essent
1151 5658 1303 5726 quasi
1357 5659 1572 5725 quidam
1645 5656 1873 5720 majores

318 5729 537 5852 :OIDUS,
589 5739 679 5784 aut
751 5743 886 5801 quos
946 5726 1172 5783 Romani
1233 5742 1392 5782 curas
1445 5726 1632 5796 palatii
1707 5740 1871 5781 voea-

353 5809 461 5852 ant.

353 5809 461 5852 ant.

2463 3547 2622 3618 535
2676 3547 2901 3604 CAPUT
2934 3547 3080 3602 XIX.

2029 3637 2306 3702 Quomodo
2355 3641 2514 3693 etiam
2547 3643 2762 3707 gentiles
2791 3643 2978 3692 milites
3014 3640 3194 3694 diebus
3225 3639 3516 3694 Dominicis

2544 3727 2697 3763 orare
2734 3712 2987 3763 docuerit.

2058 3800 2299 3870 Reliquis
2329 3815 2456 3856 vero
2481 3802 2572 3871 qui
2598 3801 2791 3855 divina:
2819 3801 2939 3855 ﬁdei
2971 3801 3273 3855 doctrinam
3307 3803 3542 3854 nondum
3609 3841 3612 3846 .

2047 3979 2161 4050 (54)
2199 3979 2576 4034 Διδάσκαλον
2604 4049 2608 4050 ν
2632 3977 2897 4050 εὐσεϐῶν
2941 3977 3347 4033 ἐδιδάσκοντο.
3403 3978 3551 4050 Scri-

1977 4048 2208 4102 bendum
2253 4061 2378 4118 puto
2410 4049 2801 4122 ἐπεγράφοντο.
2835 4049 2967 4102 Nam
2995 4065 3194 4122 excusa
3228 4050 3386 4122 lectio
3415 4048 3542 4104 ferri

1979 4134 2083 4171 non
2122 4116 2320 4184 potest.
2351 4116 2532 4188 Atque
2553 4116 2644 4173 ita
2664 4121 2713 4171 in
2751 4116 3098 4188 Panegyrico.
3129 4132 3250 4185 pag.
3281 4118 3406 4172 6'28.

2049 4189 2162 4258 (55)
2208 4191 2315 4242 Kal
2358 4187 2464 4255 τὰζ-
2493 4190 2599 4242 τοῦ
2631 4187 2938 4258 σαϐϐάτου
2960 4187 3156 4256 τιμᾷν.
3188 4189 3547 4258 Scribeudum

1976 4256 2065 4311 est
2089 4261 2273 4326 procul
2304 4262 2466 4313 dubio
2511 4260 2609 4330 τὴν
2640 4259 2745 4330 πρὸ
2777 4256 2870 4310 τοῦ
2915 4258 3208 4310 σαϐϐάτου.
3257 4257 3430 4330 Atque
3475 4259 3546 4312 ita

1976 4338 2196 4396 apparet
2245 4329 2437 4398 legisse
2494 4326 2618 4382 eum
2671 4326 2763 4397 qui
2823 4330 3003 4381 titulos
3056 4330 3244 4380 horum
3294 4326 3542 4398 capitum

1975 4397 2312 4466 composuit.
2334 4398 2439 4453 Sed
2479 4410 2533 4452 et
2566 4398 2903 4453 Sozomenus
2948 4399 3000 4450 in
3039 4399 3175 4451 libro
3226 4397 3420 4466 primo.
3456 4413 3545 4449 ca.

1974 4468 2082 4535 pite
2103 4465 2163 4530 7,
2184 4469 2413 4536 idipsum
2443 4469 2751 4529 conﬁrmat,
2790 4468 2915 4519 dum
2951 4467 3137 4520 scribit
3166 4486 3176 4519 :
3209 4466 3319 4536 Τὴν
3351 4465 3408 4519 δὲ
3437 4467 3548 4519 Κυ-

1974 4536 2167 4609 ριακὴν
2204 4539 2538 4609 καλουμένην
2567 4538 2799 4609 ἡμέραν,
2829 4538 2894 4606 ἣν
2922 4537 3158 4609 Ἑϐραῖοι
3188 4536 3427 4609 πρώτηνΔ
3446 4537 3548 4607 τῆς

1975 4605 2262 4677 ἑϐδομάδος
2287 4605 2659 4678 ὀνομάζουσιν,
2685 4605 3031 4678 Ἕλληνεςδὲ
3050 4606 3201 4678 ήλίῳᾼ
3213 4605 3545 4678 ἀνατιθέασι,

1974 4680 2067 4730 καὶ
2095 4675 2194 4750 τὴν
2221 4679 2326 4750 πρὸ
2356 4675 2454 4745 τῆς
2483 4679 2734 4750 ἑϐδόμης,
2783 4675 3139 4750 ἐνομοθέτησε
3162 4675 3548 4750 δικαστηρίων

1975 4750 2066 4817 καὶ
2087 4745 2194 4800 τῶν
2223 4745 2396 4801 ἄλλων
2410 4748 2600 4817 σχολὴν
2628 4745 2779 4817 ἄγειν
2793 4745 3018 4817 πάντας,
3043 4747 3135 4817 καὶ
3163 4748 3219 4798 ὲν
3244 4745 3428 4817 εὐχαῖς
3451 4747 3550 4799 καὶ

1973 4816 2140 4881 λιταῖς
2152 4819 2212 4871 τὸ
2235 4819 2388 4888 Θεῖον
2418 4815 2759 4888 θεραπεύειν,
2795 4816 2951 4888 idest
2977 4833 2996 4888 _:
3036 4815 3129 4867 Die
3154 4815 3337 4888 autem
3366 4815 3547 4888 Domi-

1976 4888 2090 4957 nico
2115 4905 2265 4957 quem
2290 4885 2498 4940 Hebnri
2523 4889 2756 4957 primunt
2785 4885 3006 4957 sabbati,
3032 4885 3246 4952 gentiles
3270 4901 3385 4957 vero
3410 4886 3546 4957 diem

1975 4956 2114 5010 Solis
2127 4954 2414 5026 appellant;
2438 4959 2558 5009 item
2573 4965 2715 5008 seata
2731 4954 2881 5021 feria,
2896 4965 3106 5006 cunctos
3120 4972 3149 5005 η
3163 4956 3384 5022 judiciis
3408 4955 3547 5007 aliis-

1972 5035 2071 5096 que
2104 5027 2342 5093 operibus
2381 5027 2566 5094 feriari
2599 5026 2860 5096 praecepit,
2890 5026 3216 5096 etprgcibzts
3252 5041 3312 5076 ac
3344 5026 3547 5096 suppli-

1975 5091 2262 5148 cationibus
2318 5091 2482 5147 Deum
2539 5091 2789 5147 venerari.
2825 5094 2876 5144 lu
2914 5094 2996 5145 his
3031 5091 3319 5147 Sozomeni
3369 5095 3547 5146 verbis

1977 5167 2219 5226 nonnihil
2269 5164 2599 5232 dillieultatis
2647 5164 2921 5224 occurrit,
2969 5165 3110 5230 quod
3163 5164 3378 5232 quidem
3428 5178 3547 5227 spe-

1976 5246 2086 5288 etat
2132 5235 2198 5288 ad
2235 5235 2376 5288 diem
2412 5231 2656 5288 Veneris.
2690 5233 2786 5286 Vix
2835 5236 2977 5285 enim
3030 5231 3193 5286 mihi,
3219 5233 3547 5300 persuadere

1975 5321 2213 5373 possum,
2263 5305 2673 5358 Constantinum
2709 5303 3074 5373 praecepisse,
3098 5311 3154 5355 ut
3193 5299 3258 5356 eo
3287 5303 3373 5355 die
3403 5318 3430 5373 a
3455 5299 3548 5369 ju-

1976 5371 2133 5427 iliciis
2181 5376 2537 5427 abstinerent.
2564 5374 2724 5426 Certe
2768 5373 3032 5425 Eusebius
3065 5372 3116 5425 id
3161 5389 3267 5425 non
3311 5371 3441 5424 dicit
3478 5373 3546 5426 de

1976 5443 2203 5498 Veneris
2239 5447 2345 5503 die,
2384 5445 2475 5498 sed
2526 5452 2731 5494 tantum
2776 5445 2842 5494 de
2877 5443 2962 5495 die
3013 5443 3310 5495 Dominico.
3358 5441 3545 5494 Exstat

1975 5514 2317 5568 Constantini
2359 5514 2439 5565 lex
2472 5512 2522 5564 in
2572 5514 2758 5565 codice
2791 5511 3188 5575 Theodosiano,
3235 5511 3413 5574 titulo,
3463 5509 3542 5567 De

1975 5583 2159 5653 feriis,
2208 5585 2260 5637 in
2309 5599 2414 5652 qua
2468 5584 2584 5635 dies
2633 5592 2838 5635 tantum
2897 5582 3204 5634 Dominicus
3255 5581 3540 5653 excipitur.

1974 5650 2160 5723 itaque
2189 5655 2241 5707 id
2272 5650 2344 5706 de
2365 5667 2466 5706 suo
2491 5655 2778 5705 admensus
2799 5662 2884 5704 est
2909 5653 3260 5723 Sozomenus.
3290 5650 3391 5723 Qui
3420 5667 3541 5703 cum

1977 5720 2263 5778 sua‘atate
2297 5725 2346 5776 id
2375 5725 2651 5776 observari
2691 5724 2896 5775 videret
2925 5720 3388 5785 Constantinopoli
3422 5724 3543 5779 (luit

1977 5797 2120 5849 enim
2150 5796 2440 5848 advocatus
2470 5794 2523 5846 in
2551 5809 2615 5847 ea
2649 5795 2804 5855 urbe,
2837 5805 2939 5842 una
2971 5804 3093 5842 cum
3121 5793 3372 5860 Aquilino
3406 5807 3541 5859 quo-
