4114 6432
244 447 399 502 1173

1348 447 1438 502 DE
1479 445 1645 505 VlTA
1679 443 2136 502 CONSTANTINI
2174 443 2302 502 LIB.
2341 434 2432 520 Π..

3368 448 3509 504 1171

243 564 368 617 ’πᾶν
406 562 467 616 τὸ
507 561 614 615 τῶν
652 561 988 632 ἀνδρογύνων
1030 564 1184 633 γένος
1233 563 1425 636 ὥσπερ
1466 583 1518 618 τι
1560 563 1829 632 κίϐδηλον,

1951 563 2116 617 )mnis
2147 564 2588 635 androgynorum
2632 563 2781 618 natio
2817 572 3073 636 tanquam
3117 565 3439 629 adulterina,
3476 584 3508 623 e

246 655 460 723 ἀφανὲς
488 655 767 722 γίγνεσθαι
794 657 883 710 τοῦ
915 657 1048 727 βίου,
1089 658 1209 730 μηδ’
1246 657 1446 722 ἐξεῖναί
1484 675 1572 710 ποι
1600 655 1830 728 ὁρᾶσθαι

245 747 384 810 τοὺς
423 747 520 818 τὴν
561 747 846 817 ἀσέλγειαν
887 751 1088 820 ταύτην
1145 751 1520 822 νενοσηκότας.
1597 749 1747 802 Ἐπεὶ
1786 749 1829 801 δ’

249 837 526 892 ὑπέλαϐον
558 839 608 891 oi
640 839 1047 910 δεισιδαίμονες,
1089 841 1282 912 μηκέτι
1317 841 1406 895 τὸν
1435 841 1676 912 ποταμὸν
1712 840 1832 912 ῥεύ-

254 947 374 983 σειν
397 931 578 995 αὐτοῖς
622 931 901 1003 συνήθως,
942 934 1050 986 πᾶν
1088 933 1392 988 τούναντίον
1433 935 1466 1006 ἢ
1503 934 1834 1007 προσεδόκη-

253 1039 360 1075 σαν
385 1021 514 1085 Θεὸς
543 1021 620 1093 τῷ
665 1022 925 1093 βασιλέως
966 1025 1332 1096 συμπράττων
1371 1026 1518 1096 νόμῳ
1547 1025 1834 1096 κατειργά-

252 1109 420 1175 ζετοο
452 1115 501 1165 oi
550 1113 648 1182 μὲν
693 1112 801 1184 γὰρ
845 1113 1028 1166 οὐκέτι
1082 1109 1220 1184 ἦσαν
1259 1115 1308 1167 οί
1353 1118 1418 1187 τῇ
1454 1115 1601 1184 σφῶν
1653 1114 1835 1184 βδελυ-

256 1204 357 1274 ρίᾳ
388 1202 486 1268 τὰς
515 1203 696 1267 πόλεις
726 1204 1046 1276 μιαίνοντες,
1080 1206 1109 1258 ὁ
1134 1205 1188 1258 δέ
1221 1205 1423 1258 ὡσανεὶ
1465 1205 1834 1278 καθαρθείσης

253 1293 411 1365 αὐτῷ
461 1295 556 1365 τῆς
601 1294 810 1368 χώρας,
844 1295 1068 1367 ἐφέρετο
1104 1292 1215 1361 οἷος
1249 1298 1540 1363 οὐδέποτε,
1585 1297 1833 1352 ἀνέϐαινέ

255 1404 318 1440 τε
357 1387 588 1460 πλουσίῳ
611 1387 689 1458 τῷ
717 1388 945 1459 ῥεύματι
1007 1391 1184 1454 πάσας
1213 1389 1515 1455 ἐπικλύζων
1549 1391 1647 1454 τάς
1674 1390 1836 1463 ἀρού-

259 1496 400 1550 ρας,
452 1479 596 1552 ἔργῳ
656 1479 927 1534 παιδεύων
957 1482 1085 1545 τοὺς
1137 1483 1415 1556 ἄφρονας,
1455 1486 1680 1556 μιαροὺς
1739 1484 1834 1555 μὲν

257 1572 625 1645 ἐκτρέπεσθαι
655 1573 763 1626 δεῖν
799 1574 1016 1646 ἄνδρας,
1057 1575 1201 1646 μόνῳ
1247 1575 1304 1628 δέ
1337 1575 1415 1646 τῷ
1447 1577 1647 1640 παντὸς
1698 1577 1834 1644 ἀγα-

257 1665 358 1718 θοῦ
386 1665 566 1737 δοτῆρι
595 1665 690 1738 τὴν
713 1666 820 1719 τῶν
849 1665 1028 1720 καλῶν
1057 1667 1364 1722 ἀνατιθέναι
1395 1669 1593 1722 αἰτίαν.

783 1943 1174 1998 ΚΕΦΑΛΑΙΟΝ
1209 1931 1346 2012 Κῷ.

261 2035 463 2105 Νόμου
496 2034 603 2089 τοῦ
666 2035 814 2087 κατὰ
860 2037 1126 2089 ἀτέκνων
1159 2037 1334 2103 ὄντος
1381 2037 1694 2105 διόρθωσις
1715 2080 1728 2102 ,
1752 2039 1838 2092 ἔτι

335 2104 404 2159 δὲ
443 2104 538 2158 καὶ
570 2105 674 2159 τοῦ
699 2107 828 2173 περὶ
865 2106 1164 2175 διαθηκῶν
1198 2110 1408 2178 ὁμοίως
1436 2104 1765 2178 διεῖρθωσις.

347 2199 506 2254 Ἀλλὰ
538 2201 645 2272 γὰρ
689 2201 854 2272 μυρία
903 2201 1125 2256 τοιαῦτα
1160 2203 1368 2274 βασιλεῖ
1408 2203 1716 2276 πραχθέντα
1752 2206 1836 2274 ἐφ’

261 2291 502 2363 ἑκάστης
540 2293 823 2362 ἐπαρχίας,
858 2292 1079 2366 πλείστη
1128 2293 1323 2362 γένοιτ’
1352 2293 1416 2347 ἂν
1442 2293 1688 2366 ῥᾳστώνη
1728 2294 1837 2367 (72)

260 2384 378 2446 τοῖς
404 2383 634 2455 γράφειν
668 2384 804 2438 αύτά
850 2385 1348 2458 φιλοτιμουμένοιςο
1381 2386 1568 2458 ὥσπερ
1613 2383 1704 2441 οὖν
1748 2388 1840 2440 καὶ

265 2473 464 2544 νόμους
513 2473 603 2538 οὓς
641 2477 703 2528 ἐκ
742 2475 986 2530 παλαιῶν
1014 2477 1106 2530 ἐπὶ
1137 2477 1196 2530 τὸ
1245 2475 1533 2550 ὁσιώτερον
1577 2478 1843 2550 μεταϐάλ-

267 2565 376 2620 λων
405 2567 700 2621 ἀνενεοῦτο.
729 2570 838 2622 Καὶ
867 2569 1066 2622 τούτων
1094 2569 1139 2622 δ’
1162 2571 1219 2624 ἐν
1253 2569 1416 2642 ὀλίγῳ
1449 2572 1577 2642 ῥᾷον
1612 2571 1842 2642 ἐκφῆναι

267 2659 358 2713 τὸν
380 2661 592 2732 τρόπον.
639 2662 777 2725 Τοὺς
811 2663 1042 2727 ἄπαιδας
1071 2663 1186 2734 (73)
1221 2663 1440 2717 παλαιοὶ
1469 2664 1619 2736 νόμοι
1650 2666 1841 2736 στερή-

271 2769 354 2806 σει
381 2753 478 2824 τῆς
498 2753 606 2808 τῶν
632 2756 868 2826 γονίμων
913 2755 1162 2827 διαδοχῆς
1207 2756 1597 2827 ἐτιμωροῦντω
1650 2757 1741 2810 καὶ
1775 2753 1844 2828 ῆν

268 2836 426 2909 οὗτος
453 2846 593 2901 κατά
630 2846 736 2901 τῶν
768 2846 1008 2900 ἀτέκνων
1038 2847 1249 2919 ἀπηνὴς
1279 2848 1439 2918 νόμος
1464 2889 1478 2912 ,
1516 2849 1716 2902 ὡσανεὶ
1749 2865 1848 2901 πε-

271 2938 736 3012 πλημμεληκότας
785 2939 980 3004 αὐτοὺς
1031 2939 1204 3012 ζημίᾳ
1243 2939 1504 3004 κολάζων.
1558 2940 1740 3004 Λύσας
1781 2941 1846 3011 δὴ

272 3033 544 3104 συγχωρεῖ
563 3032 915 3104 κληρονομεῖν
942 3033 1068 3096 τοὺς
1096 3034 1490 3104 προσήκοντας.
1531 3031 1704 3086 Τοῦτο
1733 3033 1844 3104 (74)

274 3122 526 3194 βασιλεὺς
582 3123 674 3177 ἐπὶ
706 3124 767 3177 τὸ
807 3125 950 3178 ὅσιον
991 3123 1300 3198 μεθήρμοξε
1326 3165 1341 3190 ,
1375 3126 1501 3190 τοὺς
1533 3125 1672 3179 κατά
1717 3124 1850 3196 γνώ-

278 3232 386 3286 μην
431 3215 880 3288 πλημμελοῦντας
937 3216 1134 3282 είπὼν,
1185 3221 1252 3291 τῇ
1319 3220 1670 3294 προσηκούσῃ
1737 3221 1848 3275 δεῖν

1936 657 2110 712 medio
2166 657 2478 723 tolleretur;
2528 673 2629 713 nec
2695 674 2922 728 usquam
2975 660 3417 728 conspicerentur
3471 663 3506 717 ii

1935 751 2027 820 qui
2057 749 2367 820 huiusmodi
2399 749 2751 821 impudicitia:
2787 738 2978 806 morbo
3007 751 3372 810 laborassent.
3401 754 3508 809 Sed

1936 840 2198 911 quoniam
2223 841 2588 910 superstitiosi
2620 841 2868 896 homines
2897 842 3302 908 existimabant,
3331 843 3509 899 Nilum

1935 934 2161 1002 posthac
2208 948 2358 988 more
2403 933 2562 988 solito
2613 949 2772 1004 agros
2819 949 2948 988 suos
2994 934 3216 990 minime
3244 936 3510 1007 irrigatu-

1936 1041 2090 1091 rum,
2127 1025 2474 1094 imperatoris
2540 1025 2643 1096 legi
2705 1025 2896 1081 favens
2955 1024 3132 1091 Deus,
3175 1029 3509 1082 contrarium

1936 1132 2161 1187 prorsus
2188 1133 2351 1188 quam
2393 1127 2746 1187 speraverant
2777 1117 3049 1186 priestitit.
3101 1116 3235 1170 Nam
3271 1116 3346 1171 illi
3388 1117 3511 1187 qui-

1934 1212 2055 1265 dem
2096 1211 2186 1281 qui
2239 1211 2403 1266 urbes
2448 1209 2810 1266 obscuznitate
2869 1224 2966 1264 sua
3019 1207 3356 1275 polluebant,
3389 1221 3513 1264 esse

1937 1303 2220 1357 desierunt
2257 1342 2272 1366 ,
2303 1300 2419 1373 ipse
2481 1311 2660 1358 autem
2696 1299 2914 1366 ﬂuvius,
2946 1301 3101 1370 quasi
3131 1301 3344 1371 expiata
3377 1315 3513 1370 pur-

1939 1405 2172 1464 gataque
2202 1392 2306 1462 ipsi
2340 1402 2452 1447 tota
2504 1393 2751 1462 regione,
2792 1392 3011 1446 uberior
3059 1406 3225 1460 quam
3275 1405 3512 1458 unquam

1937 1496 2095 1539 antea
2133 1482 2361 1548 adluxit,
2399 1493 2456 1539 et
2486 1483 2719 1553 largiore
2746 1498 3010 1553 aquarum
3043 1483 3196 1552 copia
3211 1483 3514 1545 exundans,

1935 1592 2098 1644 agros
2133 1591 2320 1630 omnes
2347 1575 2598 1644 irrigavit
2634 1596 2646 1630 :
2679 1574 2873 1629 stultos
2924 1574 3181 1629 homines
3212 1574 3387 1643 reipsa
3420 1571 3515 1626 do-

1940 1684 2068 1722 cens
2121 1679 2285 1736 atque
2323 1666 2643 1728 admonens,
2696 1666 2942 1736 impuros
2993 1664 3218 1734 quidem
3277 1661 3516 1718 aversari

1938 1770 2222 1828 oportere,
2267 1758 2364 1814 soli
2419 1767 2600 1813 autem
2657 1758 2765 1813 Deo
2821 1757 3060 1812 omnium
3121 1757 3384 1811 bonorum
3418 1771 3517 1809 au-

1940 1851 2101 1916 ctori,
2142 1865 2434 1922 prosperos
2473 1864 2636 1904 casus
2657 1864 2777 1904 esse
2807 1849 3181 1904 ascribendos.

2497 1939 2729 1996 CAPUT
2769 1938 2961 1996 XXVI.

1944 2058 2216 2113 Correotio
2242 2057 2373 2126 legis
2393 2055 2642 2111 adversus
2665 2056 2912 2118 orbos,'et
2935 2054 3065 2124 legis
3087 2056 3151 2110 de
3173 2054 3520 2110 testamentis.

2020 2196 2214 2250 Verum
2241 2196 2521 2250 enimvero
2544 2209 2668 2249 cum
2702 2192 3008 2262 huiusmodi
3058 2208 3149 2248 res
3189 2208 3326 2264 pene
3361 2194 3522 2249 innu-

1945 2287 2234 2342 merabiles
2265 2287 2315 2339 in
2354 2286 2582 2356 singulis
2621 2285 2920 2356 provinciis
2950 2285 3018 2340 ab
3047 2284 3381 2355 imperatore
3429 2299 3522 2356 ge-

1951 2389 2049 2434 Sta":
2106 2381 2232 2445 sint,
2293 2381 2603 2450 quicunque
2654 2394 2748 2433 eas
2797 2379 3068 2434 curiosius
3139 2379 3381 2434 scribere
3428 2394 3523 2449 ag-

1947 2469 2118 2538 gressi
2143 2469 2363 2534 fuerint,
2388 2468 2780 2539 amplissimam
2806 2478 2956 2524 certe
2975 2468 3258 2523 materiam
3284 2467 3519 2523 habituri

1950 2571 2100 2616 sunt.
2143 2561 2462 2631 Cuiusmodi
2505 2571 2591 2615 est
2613 2561 2755 2630 quod
2787 2559 3052 2631 plurimas
3086 2560 3228 2631 leges
3255 2561 3323 2615 ad
3355 2561 3523 2630 maio-

1950 2667 2061 2706 rem
2090 2652 2433 2706 sanctitatem
2463 2651 2776 2716 traducens,
2809 2665 2908 2719 pro
2955 2651 3194 2720 antiquis
3239 2666 3410 2707 novas
3442 2652 3522 2705 fe-

1946 2743 2043 2798 cit.
2079 2744 2255 2812 Atque
2295 2741 2453 2809 huius
2483 2741 2560 2795 rei
2589 2739 2762 2795 forma
2793 2754 2902 2795 uno
2946 2750 3039 2794 aut
3071 2741 3244 2796 altero
3276 2741 3524 2812 exemplo

1947 2834 2218 2892 declarari
2250 2843 2449 2904 potest.
2477 2831 2680 2889 Orbos.
2705 2833 2947 2901 antiquae
2995 2832 3138 2904 leges
3185 2833 3525 2889 hareditatis

1950 2939 2165 3002 patrum
2194 2928 2542 2999 ademptione
2573 2927 2903 2998 plectebant.
2937 2926 3103 3000 538
3147 2927 3389 2997 Eratque
3435 2927 3524 2981 lex

1949 3022 2064 3077 haec
2091 3036 2222 3077 sane
2247 3021 2592 3076 atrocissima
2612 3061 2627 3086 ,
2661 3021 2862 3091 quippe
2892 3036 3013 3090 quae
3055 3021 3304 3076 homines
3337 3019 3526 3075 liberis

1951 3113 2265 3179 destitutos,
2320 3120 2576 3183 tanquam
2625 3111 2853 3181 alicuius
2901 3111 3148 3166 criminis
3196 3127 3336 3176 reos,
3363 3123 3523 3181 pmna

1954 3203 2219 3261 alliceret.
2270 3202 2570 3274 Imperator
2594 3216 2743 3267 vero,
2779 3201 2880 3256 hoc
2915 3201 3178 3272 abrogato
3223 3201 3367 3271 iure,
3399 3215 3526 3254 sar-

281 3286 630 3381 σωφρονίζείν
674 3311 922 3365 κολάσει·
971 3311 1204 3377 ἄπαιδας
1227 3286 1374 3383 ⁷’μένν
1391 3286 1510 3386 ςγὰρ
1552 3286 1776 3377 πολλοὺς
1812 3316 1846 3386 ἡ

1951 3308 2094 3352 ctam
2119 3312 2183 3352 ac
2205 3295 2517 3365 religiosam
2550 3293 2722 3365 legem
2756 3293 2895 3348 tulit.
2923 3292 3028 3348 Eos
3045 3293 3186 3347 enim
3221 3291 3311 3361 qui
3334 3301 3527 3361 sponte

279 3401 441 3470 φύσις
476 3402 760 3470 ἀνέδειξεν,
796 3402 1125 3476 εὐξαμένους
1163 3406 1260 3477 μὲν
1293 3407 1652 3472 πολυπαιδίας
1696 3407 1851 3461 εὐτυ-

274 3495 464 3567 χῆσαι,
499 3495 860 3568 στερηθέντας
908 3497 964 3551 δὲ
1020 3498 1235 3569 φύσεως
1291 3500 1578 3574 ἀσθενείᾳο
1616 3500 1766 3556 ἄλλοι
1805 3500 1849 3554 δ’

273 3585 499 3650 ἄπαιδες
529 3587 834 3656 γεγόνασιν,
864 3589 924 3642 οὐ
965 3593 1290 3663 παραιτήσει
1336 3593 1540 3646 παίδων
1579 3591 1849 3664 διαδοχῆς,

274 3677 590 3744 γυναικείας
613 3678 656 3731 δ’
687 3679 1002 3750 ἀποστροφῇ
1038 3677 1255 3751 μίξεως,
1296 3682 1362 3753 ἣν
1394 3681 1738 3754 σφοδροτάτῳ
1773 3699 1854 3750 φι-

275 3767 531 3836 λοσοφίας
559 3767 722 3840 ἔρωτι
753 3769 1087 3840 προείλοντοο
1134 3771 1353 3840 ἁγνείαν
1383 3771 1440 3825 δὲ
1481 3772 1575 3826 καὶ
1613 3771 1851 3841 πάντελῆ

279 3853 572 3924 παρθενίαν
621 3857 879 3924 γυναῖκες
927 3855 1191 3928 ἱερωσύνῃ
1259 3856 1394 3910 Θεοῦ
1451 3857 1853 3930 καθιερωμέναι

283 3946 566 4018 μετῆλθον,
596 3945 746 4017 ἁγνῷ
778 3945 873 4000 καὶ⁹
903 3946 1150 4018 παναγίῳ
1177 3948 1298 4017 βίῳ,
1328 3948 1472 4018 ψυχῇ
1501 3950 1596 4002 καὶ
1621 3949 1851 4021 σώματι,

282 4041 422 4108 σφᾶς
447 4037 616 4102 αὑτὰς
643 4037 1067 4111 καθιερώσασαι.
1098 4039 1162 4092 Τί
1205 4036 1297 4094 οὖν
1316 4079 1330 4104 ,
1378 4041 1654 4114 τιμωρίας
1704 4040 1852 4108 ἄξιον

279 4135 458 4199 τοῦτο,
489 4136 523 4208 ἦ
557 4135 833 4206 θαύματος
856 4137 947 4191 καὶ
980 4138 1248 4210 ἀποδοχῆς
1274 4141 1439 4210 ἐχρῆν
1464 4140 1744 4212 ήγείσθαι;
1792 4143 1855 4195 Ἡ

286 4230 383 4299 μὲν
417 4228 522 4302 γὰρ
549 4229 856 4301 προθυμία,
899 4230 1092 4284 πολλοῦ
1120 4231 1246 4297 ἀξία
1266 4272 1280 4296 ,
1317 4232 1378 4284 τὸ
1417 4232 1474 4285 δὲ
1503 4233 1852 4305 κατόρθωμα,

283 4322 528 4390 κρεῖττον
583 4322 814 4390 φύσεως.
863 4323 1001 4386 Τοὺς
1037 4322 1136 4394 μὲν
1185 4319 1278 4376 οὖν
1311 4323 1563 4395 ἀσθενείᾳ
1621 4324 1853 4394 φύσεως,

215 4399 220 4404 ’
283 4412 488 4465 παίδων
525 4412 818 4484 ἐπιθυμίας
848 4415 1268 4486 στερουμένους,
1309 4413 1571 4469 ἐλεεῖσθαι
1596 4455 1611 4480 ,
1659 4414 1771 4468 ἀλλ’
1793 4417 1854 4469 οὐ

283 4503 636 4575 τιμωρεῖσθαι
659 4507 945 4577 προσήκει,
969 4506 1060 4559 τὸν
1076 4505 1132 4559 δὲ
1149 4505 1242 4559 τοῦ
1266 4505 1570 4577 κρείττονος
1599 4507 1854 4578 ἐραστὴν,

1951 3405 2015 3445 ac
2047 3388 2227 3444 dedita
2271 3401 2435 3458 opera
2487 3396 2797 3456 peccarent,
2835 3399 3075 3456 congruo
3105 3384 3367 3454 supplicio
3411 3381 3526 3437 nili-

1952 3481 2172 3536 ciendos
2198 3495 2318 3535 esse
2349 3479 2546 3534 aiebat.
2597 3480 2670 3532 At
2707 3493 2838 3534 vero
2865 3477 3048 3533 multis
3079 3486 3275 3531 natura
3325 3475 3526 3536 liberos

1951 3573 2274 3644 denegavit;
2302 3573 2394 3642 qui
2427 3587 2554 3627 cum
2605 3584 2950 3625 numerosam
2999 3568 3242 3624 sobolem
3290 3568 3392 3623 sibi
3425 3582 3524 3637 op-

1956 3672 2182 3729 tassent,
2217 3672 2399 3719 tamen
2428 3665 2497 3718 ob
2535 3661 2782 3731 corporis
2825 3661 3194 3715 infirmitatem
3221 3659 3404 3715 liberis
3434 3675 3528 3713 ca-

1953 3764 2202 3812 ruerunt.
2242 3755 2350 3810 Alii
2381 3755 2500 3810 sine
2530 3753 2716 3808 liberis
2765 3753 2887 3808 ideo
2934 3755 3210 3818 vixerunt,
3246 3766 3352 3806 non
3383 3751 3526 3820 quod

1954 3862 2301 3904 successores
2334 3848 2537 3903 habere
2591 3844 2792 3900 liberos
2838 3846 3065 3912 nollent,
3099 3845 3192 3900 sed
3223 3845 3368 3914 quod
3407 3859 3527 3898 mu-

1955 3939 2179 3994 liebrem
2215 3938 2461 4010 copulam
2498 3948 2920 4005 aversarentur,
2975 3951 3086 4006 prae
3145 3936 3526 3991 ardentissimo

1955 4049 2141 4089 amore
2185 4030 2536 4103 philosophia:
2566 4031 2619 4084 id
2658 4029 3008 4085 continentiae
3059 4043 3229 4098 genus
3268 4025 3524 4096 amplexi.

1957 4123 2136 4178 Multae
2169 4129 2433 4193 praeterea
2465 4120 2719 4175 mulieres
2750 4120 2932 4174 divino
2966 4118 3132 4174 cultui
3170 4127 3524 4179 consecrata,

1956 4220 2268 4276 castitatem
2315 4216 2480 4288 a‘tque
2523 4215 2892 4271 omnimodam
2924 4212 3292 4285 virginitatem
3345 4208 3529 4265 colae.

1958 4321 2084 4367 runt
2150 4319 2205 4366 et
2242 4321 2350 4365 tam
2396 4307 2613 4363 animos
2660 4322 2788 4362 suos
2842 4319 3002 4374 quam
3055 4317 3322 4371 corpora,
3345 4300 3528 4370 puris-

1957 4408 2108 4462 sinus
2159 4419 2223 4459 ac
2276 4401 2640 4458 sanctissimae
2684 4399 2808 4453 vitae
2860 4397 3335 4466 mancipaverunt.
3387 4393 3527 4460 Quid

1959 4498 2126 4571 ergo?
2151 4496 2347 4552 Utrum
2395 4495 2500 4550 hoc
2531 4491 2816 4562 supplicio,
2847 4505 2913 4543 an
2955 4489 3134 4560 potius
3166 4478 3527 4541 admiratione

283 4595 431 4661 ἄξιον
465 4591 602 4649 εἶναι
631 4597 1092 4670 ὑπερθαυμάξειν,
1123 4598 1237 4651 ἀλλ’
1281 4599 1340 4651 οὐ
1385 4597 1649 4663 κολάζειν.
1700 4599 1847 4652 Οὕτω

1960 4603 2014 4647 et
2044 4589 2437 4661 approbatione
2479 4587 2698 4658 dignum
2751 4583 2937 4639 haberi
2989 4580 3269 4651 oportuit?
3317 4578 3530 4634 Etenmt

282 4688 374 4741 τὸν
399 4689 558 4760 νόμον
579 4688 828 4760 βασιλεὺς
857 4693 953 4746 σὺν
982 4691 1125 4763 ὀρθῷ
1151 4690 1395 4762 λογισμῷ
1436 4691 1851 4763 μετερρύθμιζε.

283 4777 536 4835 Κάπειτα
568 4781 674 4836 τῶν
705 4783 794 4837 τὸν
835 4783 948 4854 βίον
982 4783 1446 4855 μεταλλαττόντων
1479 4783 1708 4853 ὁμοίως,
1755 4801 1858 4837 πα-

283 4871 423 4927 λαιοὶ
453 4875 551 4947 μὲν
594 4877 768 4949 νόμοι,
813 4879 899 4931 ἐπ’
933 4878 1101 4949 αὐτῆς
1151 4878 1382 4950 ἐσχάτης
1431 4879 1542 4950 (75)
1582 4879 1856 4950 ἀναπνοῆς

358 5081 469 5149 (72)
499 5080 764 5151 Πλείστη
801 5081 1013 5150 γένοιτ’
1039 5081 1117 5136 ἂν
1145 5081 1447 5151 ῥᾳστώνη.
1496 5081 1705 5149 Melius,
1739 5100 1859 5140 meo

287 5151 504 5224 quidem
536 5153 757 5224 judicio,
795 5152 1289 5224 dixissetsbmpia.

360 5223 472 5287 (75)
509 5222 655 5289 Τοὺς
685 5223 960 5289 ἄπαιδας.
1012 5222 1147 5278 Vide
1185 5222 1554 5278 ‘Sozomenttm
1608 5225 1660 5279 in
1692 5226 1783 5280 lib.
1817 5242 1855 5290 t,

288 5308 410 5366 cap.
439 5295 616 5366 9,9ui
660 5304 718 5347 ut
764 5303 886 5362 pote
920 5295 1228 5366 causidicus
1280 5296 1559 5366 Byzantini
1608 5295 1728 5352 fori.
1763 5298 1859 5350 hos

289 5363 480 5435 [egunt
516 5362 883 5435 Romanarum
932 5364 1101 5419 nodos
1151 5362 1352 5435 clarius
1406 5365 1642 5434 explicat
1697 5383 1857 5435 quam

290 5432 881 5506 Eusebitts._Videtjdtts
911 5443 1229 5506 quoque_est
1255 5432 1542 5506 Lipsittsiin
1569 5432 1861 5491 Commen-

290 5505 429 5576 tario
450 5504 524 5576 ad
555 5503 650 5558 lib.
686 5491 764 5558 ιη’
799 5491 1085 5558 Annalium
1113 5503 1284 5560 Taciti
1319 5491 1417 5562 'ubi
1448 5509 1515 5561 de
1547 5507 1661 5576 lege
1694 5507 1859 5576 Papia

289 5573 406 5628 fuse
430 5573 667 5629 disserit.

361 5644 474 5712 (74)
506 5644 761 5726 Λύος-ᾳςρ
770 5643 802 5712 ὴ
815 5645 1514 5726 σιέγχωρεζκληρργομεζν
1531 5645 1672 5726 103‘);-
1683 5661 1864 5726 προσ-

289 5713 574 5789 ἥκοντας.
619 5715 818 5769 Τοῦτο.
1059 5713 1246 5779 λύσας
1275 5717 1339 5789 δὴ
1379 5713 1553 5770 ’τοῦτο
1585 5713 1857 5788 βασιλεὺς,

289 5787 577 5852 expunctis
606 5797 840 5856 quatuor
865 5785 967 5856 illis
999 5790 1242 5851 vocibus,
1273 5785 1391 5856 quae
1432 5803 1499 5840 ex
1538 5785 1776 5856 margine
1809 5789 1861 5841 in

293 5863 499 5926 textum
530 5857 880 5926 irrepserunt.
922 5855 1094 5912 Porro
1124 5858 1244 5912 haec
1290 5855 1603 5912 constitutio
1633 5855 1863 5926 impera-

297 5925 432 5984 toris
463 5925 802 5984 Constantini
829 5937 1007 5984 exstat
1038 5928 1092 5984 in
1119 5926 1214 5983 lib.
1254 5941 1352 5984 vut
1381 5928 1582 5984 codicis
1615 5925 1863 5984 Theodo-

1960 4687 2120 4758 huius
2153 4687 2229 4740 rei
2271 4683 2359 4739 vel
2381 4692 2610 4739 conatus
2637 4680 2752 4752 ipse
2783 4678 3076 4760 maximam
3102 4676 3312 4730 laudem
3348 4689 3532 4728 mere-n

1957 4791 2046 4834 tur
2083 4794 2100 4831 :
2130 4777 2358 4834 cﬂ‘ectus
2385 4789 2514 4832 vero
2543 4784 2754 4829 naturae
2808 4770 3062 4826 humanae
3112 4769 3259 4823 vires
3289 4767 3526 4822 excedit.

1961 4872 2066 4927 Eos
2098 4870 2261 4941 igitur
2290 4869 2487 4940 quibus
2504 4863 2772 4923 naturalis
2795 4861 3110 4928 inﬁrmitas,
3141 4861 3265 4916 licet
3295 4861 3530 4915 maxime

1957 5070 2116 5136 siani,
2151 5069 2306 5126 titulo
2344 5069 2421 5124 De
2470 5070 2805 5139 inﬁrmandis
2855 5071 3034 5140 poenis
3069 5067 3342 5140 crelibattts
3367 5077 3530 5140 etar-

1959 5143 2158 5196 bitalis.
2186 5141 2241 5195 lu
2269 5143 2457 5196 codice
2483 5138 2618 5195 Fuk.
2648 5153 2702 5197 et
2734 5138 2862 5196 Sav.
2898 5157 2994 5210 pro
3026 5139 3191 5203 λύσας
3217 5138 3302 5209 δή,
3332 5138 3530 5207 legitur

1958 5211 2321 5275 τελευτῶντας
2362 5211 2442 5274 δέ,
2474 5209 2907 5279 etc.,quomodo
2960 5213 3122 5265 etiam
3159 5212 3209 5263 in
3242 5209 3527 5278 Scaligeri,

1958 5283 2242 5354 Bongarsii
2295 5293 2348 5336 et
2377 5283 2852 5354 Christ0pho_rsoui
2904 5283 3059 5336 libris
3096 5281 3361 5354 scriptum
3408 5295 3530 5332 esse

1961 5351 2648 5424 nmuinerunt_typographi
2679 5351 3040 5424 Genevcuses.
3095 5351 3304 5424 Mallem
3346 5359 3528 5424 tamen

1960 5425 2138 5496 legere
2173 5439 2240 5478 ex
2289 5421 2585 5496 So'zomeno
2636 5421 2708 5494 μὴ
2741 5422 3034 5496 συγχωρῶν
3085 5421 3436 5492 κληρονομεῖν
3482 5421 3530 5472 εἰ

1963 5495 2036 5565 μὴ
2059 5493 2498 5566 κτοὺςῗέγγυτάτω
2531 5493 2924 5566 προσήκοντας.

2029 5561 2141 5648 βξ)
2175 5561 2325 5648 Vulg.
2360 5565 2428 5630 ἐξ
2474 5561 2782 5648 ἐῖςέάᾧτῆς
2805 5563 3156 5648 ἐσχάτης.....
3193 5561 3530 5642 Ἀκριϐοᾷο-
3621 5565 3633 5615 ί

1960 5633 2207 5707 νεῖσθαι.
2251 5633 2600 5705 Ττοιιεροεὶιιι
2630 5638 2714 5690 hic
2747 5633 3329 5707 sttnt‘vocaltulapqtue
3372 5633 3532 5707 mini-

1963 5703 2048 5761 ino
2071 5707 2280 5777 negotio
2321 5707 2390 5777 ita
2428 5703 2632 5760 restitui
2656 5717 2872 5777 possunt
2906 5706 3028 5759 εὲπ’
3078 5703 3312 5774 ἐσχάτης
3336 5704 3536 5777 ἀναπ-

1963 5723 2048 5761 tuo
2071 5723 2134 5760 ne
2171 5723 2280 5761 ouo
2321 5723 2390 5760 tta
2428 5723 2632 5760 resutut
2656 5723 2872 5777 possunt
2906 5723 3015 5759 εεπ
3078 5723 3312 5774 εσχατης
3360 5723 3532 5756 αναπ-

1960 5778 2088 5849 νοῆς
2111 5723 2658 5850 ἐξακριϐολογεῖσθαι.
2690 5778 2856 5832 Porro
2873 5793 2933 5850 ea
2958 5779 3038 5830 lex
3069 5775 3404 5850 Constantini
3429 5789 3532 5850 qua

1961 5845 2124 5917 prisci
2146 5845 2284 5917 juris
2313 5850 2703 5913 morositatem,
2745 5855 2799 5900 et
2826 5848 3111 5901 verborum
3157 5847 3416 5917 lbrmnlas
3478 5845 3534 5898 itt

1964 5916 2256 5977 Condeudis
2302 5919 2636 5977 testamentis
2659 5918 2907 5986 abolevit,
2939 5917 3118 5987 hodie,
3135 5919 3188 5973 ni
3220 5916 3392 5982 fallor,
3426 5929 3534 5970 non
