4212 6440
577 326 715 383 H75

1271 327 1542 385 EUSEBII
1578 315 2243 386 CESARIENSIS'OPP.
2281 326 2463 385 PARS
2501 327 2541 383 Ι.
2578 356 2651 369 -
2684 318 3069 381 HISTORICA.

3650 312 3797 369 H76

573 446 931 517 cupientibus,
962 446 1159 502 liberos
1193 447 1496 517 denegavit,
1543 448 1891 503 miseratione
1939 463 2128 518 prose—
2154 449 2236 509 Δί

2154 451 2201 509 Α
2228 443 2753 519 ὲξακριθολογεῖσθαι
2776 440 3032 512 ῥημάτων
3048 434 3222 502 λέξεσι
3255 434 3351 498 τὰς
3365 433 3791 503 συνταττομενας

570 539 661 609 qui
689 538 864 606 potius
887 554 1045 607 quam
1072 554 1225 608 paena
1260 538 1475 593 allicere
1504 540 1678 594 decet.
1710 539 1811 606 Qui
1838 554 1968 595 vero
2001 541 2130 594 sub-

569 630 796 685 limioris
851 629 1207 699 philosophia:
1255 645 1440 684 amore
1481 631 1731 694 ducitur,
1770 631 1815 685 is
1847 648 1952 687 non
1991 632 2129 685 mul—

566 732 680 783 cta,
736 721 829 776 sed
872 722 1227 775 admiratione
1252 723 1487 778 omnium
1519 722 1709 791 dignus
1739 731 1840 778 est.
1872 724 1952 779 Ad
1987 724 2129 780 hunc

572 813 788 867 modum
833 813 1129 881 imperator
1201 826 1409 864 summa
1465 828 1586 867 cum
1645 815 1899 881 aequitate
1958 815 2127 883 legem

570 900 716 954 illam
750 902 1007 957 correxit.
1054 901 1317 956 Praeterea
1381 904 1616 972 antiquis
1666 903 1868 972 legibus
1918 915 2133 959 cautum

571 990 788 1055 fuerat,
848 1000 905 1044 ut
962 993 1252 1045 morientes
1293 999 1347 1045 et.
1379 990 1665 1056 ultimum,
1705 1003 1763 1046 ut
1816 995 1887 1045 ita
1939 994 2133 1057 dicam,

573 1082 832 1134 ducentes
876 1080 1147 1147 spiritum,
1184 1081 1348 1133 certis
1383 1080 1706 1147 quibusdam
1738 1082 1919 1136 verbis
1969 1093 2136 1138 testa—

532 1182 756 1227 ‘tnenta
836 1170 1153 1237 scrupulose
1216 1180 1640 1239 componerent;
1704 1174 2136 1242 praescriptaeque

564 1273 728 1314 erant
758 1260 1004 1315 formula:
1059 1270 1114 1315 et
1141 1261 1534 1324 solemnitates,
1565 1278 1629 1316 ac
1661 1263 1825 1318 verba
1858 1279 1978 1333 qum
2012 1264 2132 1319 addi

569 1361 864 1420 oporteret.
903 1352 981 1406 Ex
1023 1368 1133 1421 quo
1183 1353 1431 1420 plurima:
1462 1354 1678 1408 fraudes
1711 1355 2137 1410 admittebantur

2236 537 2514 608 διαθήκας,
2537 535 2767 606 τρόπους
2790 533 2847 587 δέ
2873 549 3023 594 τινας
3048 530 3140 585 καὶ
3167 528 3325 591 ποίας
3349 528 3428 582 δεῖ
3456 528 3639 595 φωνὰς
3671 528 3800 578 ἐπι-

2232 628 2487 697 λέγεσθαι
2509 626 2702 698 ὥριζον
2726 643 2740 656 ·
2766 626 2859 679 καὶ
2884 622 3052 676 πολλὰ
3076 622 3140 674 ὲκ
3160 618 3362 672 τούτων
3385 618 3797 687 ὲκακουργεῖτο,

2235 720 2329 774 ἐπὶ
2350 721 2658 791 περιγραφῇ
2686 718 2784 789 τῆς
2818 716 2926 769 τῶν
2960 711 3351 782 κατοιχομένων
3399 708 3798 779 προαιρέσεως.

2237 811 2272 866 ἂ
2300 812 2363 883 δὴ
2393 810 2615 863 συνιδὼν
2650 808 2917 879 βασιλεὺς,
2947 806 3039 861 καὶ
3069 804 3254 858 τοῦτον
3280 801 3553 873 μετεποίει
3584 800 3674 853 τὸν
3716 797 3798 853 νό-

2242 919 2358 972 μον,
2385 901 2557 971 ψιλοῖς
2589 901 2873 972 ῥηματίοις
2896 899 2989 952 καὶ
3014 900 3133 960 ταῖς
3160 893 3447 967 τυχούσαις
3472 893 3673 961 φωναῖς
3704 890 3795 944 τὸν

2237 994 2567 1048 τελευτῶντα
2592 995 2701 1047 δεῖν
2738 992 2806 1047 τὰ
2841 992 2981 1046 κατὰ
3021 988 3242 1059 γνώμην
3292 986 3658 1041 διατάττεσθαι
3697 985 3798 1054 φή-

2239 1100 2356 1146 σας,
2380 1085 2481 1136 κάν
2509 1082 2583 1153 τῷ
2608 1082 2817 1153 τυχόντι
2838 1081 3120 1152 γράμματι
3147 1078 3243 1149 τὴν
3274 1076 3439 1131 αὑτοῦ
3469 1074 3623 1140 δόξαν
3652 1073 3798 1127 εκτε-

2239 1175 2453 1240 θεσθαι,
2497 1176 2597 1230 κᾶν
2639 1175 2897 1247 ἀγράφως
2943 1171 3136 1241 ἐθέλῃ,
3176 1169 3333 1241 μόνον
3379 1168 3471 1221 ἐπὶ
3507 1164 3796 1237 μαρτύρων

2240 1267 2395 1321 τοῦτο
2452 1266 2779 1339 πράττεσθαι
2830 1262 3152 1335 ἀξιοχρέων,
3195 1262 3292 1332 τὴν
3346 1260 3524 1313 πίστιν
3557 1257 3797 1315 δυνατῶν

2243 1359 2338 1411 σὺν
2370 1357 2595 1430 ἀληθείᾳ
2619 1358 2920 1427 φυλάττειν.

573 1447 640 1499 ad
679 1446 1224 1501 circnmscribendam
1267 1448 1611 1502 morientium
1645 1449 2001 1505 voluntatem.
2049 1451 2202 1522 Quod
2254 1453 2543 1521 imperator
2582 1468 2703 1506 cum
2747 1447 3231 1511 animadvertisset.
3269 1447 3410 1501 hanc
3435 1446 3594 1499 θιῖίιηι
3623 1445 3792 1514 ιεεθηι

569 1541 879 1596 emendavit
928 1585 942 1610 ,
1005 1552 1244 1597 statuens
1314 1552 1373 1596 ut
1438 1544 1597 1599 nudis
1661 1545 1839 1601 verbis
1890 1554 1943 1601 et
2001 1548 2362 1620 qualicunque
2420 1550 2662 1604 oratione
2728 1554 3102 1602 testamentum
3161 1545 3392 1600 condere
3443 1540 3795 1596 morientibus

572 1634 779 1701 liceret,
830 1646 887 1693 et.
944 1653 1251 1707 supremam
1319 1639 1650 1694 voluntatem
1722 1640 1913 1708 quovis
1966 1643 2172 1711 scripto
2223 1643 2526 1711 declarare;
2578 1652 2671 1696 aut
2714 1643 2756 1696 si
2810 1640 3029 1695 mallent
3084 1638 3200 1693 sine
3263 1636 3461 1707 scripto
3485 1635 3686 1700 testari,
3741 1633 3794 1689 id

576 1734 818 1788 facerent
864 1733 1114 1787 adhibitis
1156 1735 1418 1788 duntaxat
1462 1734 1686 1789 testibus
1742 1735 1967 1805 idoneis,
2004 1739 2096 1807 qui
2127 1737 2282 1794 fidem
2309 1753 2527 1793 servare
2555 1738 2756 1806 absque
2787 1735 3065 1789 mendacio
3092 1739 3328 1801 possent.

1103 1828 1328 1883 CAPUT
1368 1828 1582 1884 XXVII.
2170 1835 2214 1894 Β
2742 1832 2766 1882 l

2170 1835 2214 1894 Β
2742 1821 3129 1882 ΚΕΦΑΛΑΙΟΝ
3151 1827 3274 1879 ΚΖ’.

574 1918 729 1993 Quod
768 1919 930 1984 legem
963 1917 1081 1971 tulit
1116 1936 1177 1971 ne
1214 1919 1396 1972 Judari
1428 1919 1786 1976 Christianum
1814 1922 2137 1990 mancipium

2128 1943 2137 1978 ι
2249 1925 2374 1981 Ὅτι
2423 1925 2773 1993 Χριστιανὸν
2818 1922 2933 1992 μὲν
2988 1919 3286 1993 Ἰουδαίοις
3331 1915 3424 1993 μὴ
3463 1913 3791 1993 δουλεύειν,

639 1988 906 2050 haberent,
927 1999 1082 2055 utque
1109 1993 1458 2042 conciliorum
1482 1992 1693 2046 decreta
1722 2003 1839 2046 rata
1871 1988 2061 2056 essent,
2089 2004 2136 2050 et

2125 2004 2136 2046 t
2329 1996 2447 2049 τῶν
2465 1988 2540 2048 δὲ
2571 1988 2845 2048 συνόδωῶ
2865 1991 3145 2055 ,ϐεϐαίους
3197 1991 3327 2056 τοὺς
3389 1988 3568 2058 ὅρους
3639 1990 3788 2048 εἶναι

639 2068 849 2111 cetera.

642 2147 780 2211 Quin
807 2148 966 2200 etiam
987 2146 1154 2215 legem
1177 2146 1320 2211 tulit,
1340 2163 1408 2203 ne
1439 2148 1782 2205 Christianus
1804 2153 1942 2208 ullus
1970 2154 2140 2209 servi-

571 2249 657 2294 ret
680 2238 876 2292 Iudaeis
908 2249 1106 2307 :ni-que
1137 2239 1280 2292 enim
1312 2240 1391 2295 las
1418 2256 1560 2308 esse,
1592 2253 1649 2295 ut
1677 2244 1711 2296 ii
1738 2245 1879 2311 quia
1912 2247 2138 2302 Domino

574 2329 838 2398 redempti
874 2329 1038 2401 539
1079 2338 1280 2395 essent,
1311 2334 1695 2402 prophetarum
1720 2350 1782 2389 ac
1815 2336 2023 2391 Domini
2053 2340 2134 2392 iii-

586 2421 967 2475 terl‘ectoribus
1004 2423 1281 2476 servitutis
1320 2423 1450 2493 jugo
1498 2427 1879 2481 subderentur.
1912 2430 2061 2496 Quod
2090 2431 2137 2485 si

574 2512 697 2581 quis
742 2512 1063 2568 Christiana.-
1094 2514 1386 2583 religionis,
1432 2531 1623 2570 servus
1681 2534 1843 2587 penes
1888 2519 2131 2576 Judaeum

576 2604 1087 2672 deprehenderetur,
1126 2605 1277 2659 illum
1336 2607 1550 2676 quidem
1606 2608 1852 2663 libertate
1904 2613 2132 2676 donari,

573 2691 818 2749 Judreum
871 2710 1001 2749 vero
1058 2696 1309 2750 mulctari
1360 2698 1584 2763 pecunia
1619 2699 1800 2770 jussit.
1858 2701 1975 2756 Jam
2010 2719 2136 2760 vero

574 2784 956 2853 episcoporum
1016 2788 1317 2857 sententias
1340 2803 1459 2858 qua:
1494 2790 1549 2842 in
1601 2791 1849 2861 conciliis
1900 2795 2139 2862 promul-

579 2883 721 2944 gatte
750 2884 950 2939 essent,
982 2876 1309 2932 auctoritate
1355 2892 1451 2931 sua
1499 2879 1874 2948 conﬁrmavit;
1919 2886 2051 2939 adeo
2081 2894 2139 2940 ut

575 2966 984 3034 provinciarum
1038 2966 1343 3021 rectoribus
1382 2982 1485 3021 non
1543 2968 1733 3024 liceret
1762 2974 2134 3041 episcoporum

579 3060 799 3113 decreta
830 3057 1138 3112 rescindere
1169 3059 1378 3112 :cuivis
1406 3061 1551 3113 enim
1575 3060 1744 3128 jndici
1773 3065 2137 3133 prmferendos

576 3164 701 3204 use
747 3151 1060 3204 sacerdotes
1112 3150 1228 3205 Dei.
1278 3149 1597 3218 Huiusmodi
1653 3169 1793 3222 pene
1828 3157 2138 3214 innumeras
2167 3194 2211 3255 Ο

579 3242 725 3311 leges
774 3242 1002 3296 subditis
1036 3242 1149 3295 suis
1183 3243 1577 3313 promulgavit:
1614 3260 1748 3315 quas
1783 3248 1997 3317 quidem
2048 3266 2140 3321 pe-

582 3331 773 3385 culiari
809 3332 1080 3387 volumine
1129 3332 1364 3397 tradere,
1427 3333 1491 3387 ad
1553 3337 1977 3404 perspiciendam
2041 3343 2141 3398 bac

582 3425 745 3478 etiam
796 3425 849 3479 in
911 3435 1064 3494 parte
1116 3426 1461 3494 imperatoris
1500 3432 1861 3499 prudentiam,
1924 3433 2142 3502 majoris

580 3516 678 3570 etii
708 3515 889 3570 fuerit.
917 3518 1054 3584 Quid
1085 3535 1228 3573 nunc
1251 3519 1441 3575 attinet
1464 3537 1910 3586 commemorare,
1954 3540 2143 3594 quent-

586 3611 875 3665 admodum
933 3627 1142 3666 summo
1208 3613 1447 3668 omnium
1493 3615 1602 3670 Deo
1665 3630 1784 3671 sese
1848 3618 2139 3687 applicans,

2322 2064 2669 2134 ἐνομοθέτει,
2704 2063 2800 2117 καὶ
2830 2059 3027 2116 λοιπά.

2325 2155 2482 2208 Ἀλλὰ
2508 2156 2598 2208 καὶ
2631 2153 2901 2216 Ἰουδαίοις
2949 2149 3148 2222 μηδένα
3188 2146 3508 2219 Χριστιανὸν
3551 2141 3799 2214 ἐνομοθέ-

2241 2266 2324 2302 τει
2356 2246 2621 2301 δουλεύειν
2647 2264 2661 2277 ’
2701 2245 2775 2317 μὴ
2818 2246 2924 2319 γὰρ
2969 2244 3185 2315 θεμιτὸν
3228 2237 3398 2303 εἶναι,
3431 2235 3795 2310 προφητοφόν-

2242 2357 2358 2403 ταις
2398 2338 2491 2392 καὶ
2522 2338 2910 2407 κυριοκτόνοις,
2945 2337 3067 2400 τοὺς
3099 2334 3203 2389 ὑπὸ
3237 2332 3330 2385 τοῦ
3370 2330 3617 2401 Σωτῆρος
3647 2327 3797 2378 λελυ-

2241 2430 2547 2502 τρωμένους
2571 2426 2718 2497 ζυγῷ
2748 2425 2987 2489 δουλείας
3009 2422 3312 2492 ὑπάγεσθαι
3339 2437 3352 2452 ’
3384 2421 3433 2472 εἰ
3479 2417 3525 2470 δ’
3551 2414 3792 2486 εὑρεθείη

2241 2538 2325 2585 τις
2355 2519 2609 2583 τοιοῦτος,
2640 2518 2729 2571 τὸν
2764 2518 2859 2590 μὲν
2889 2515 3129 2571 ἀνεῖσθαι
3164 2513 3464 2583 ἐλεύθερον,
3496 2508 3585 2562 τὸν
3617 2507 3675 2561 δὲ
3706 2506 3799 2576 ζη-

2246 2614 2343 2684 μίᾳ.
2369 2612 2662 2685 χρημάτων
2699 2609 3038 2675 κολάζεσθαι.
3081 2608 3189 2661 Καὶ
3211 2608 3336 2669 τοὺς
3354 2604 3461 2656 τῶν
3490 2600 3797 2671 ὲπρσκόπων

2241 2704 2298 2758 δὲ
2329 2707 2489 2777 ὅρους
2516 2703 2628 2775 (76)
2669 2705 2795 2766 τοὺς
2824 2705 2880 2755 ὲν
2941 2700 3176 2763 συνόδοις
3215 2694 3621 2765 ἀποφανθέντας
3640 2733 3654 2756 ,
3687 2693 3783 2743 ἑπ-

2242 2796 2620 2869 εσφραγίζετο,
2653 2795 2729 2859 ὡς
2763 2794 2837 2866 μὴ
2860 2794 3059 2861 ἐξεῖναι
3086 2793 3198 2855 τοῖς
3224 2789 3330 2843 τῶν
3356 2787 3522 2841 ἐθνῶν
3555 2786 3798 2855 ἄρχουσι,

2240 2889 2310 2944 τὰ
2346 2889 2572 2956 δόξαντα
2614 2886 2906 2955 παραλύειν
2929 2905 2943 2918 ο
2989 2885 3189 2947 παντὸς
3225 2881 3333 2954 γὰρ
3377 2875 3512 2934 εἶναι
3548 2873 3798 2931 δικαστοῦ

2240 2982 2363 3045 τοὺς
2388 2982 2550 3053 ἱερεῖς
2585 2978 2680 3033 τοῦ
2710 2978 2844 3032 Θεοῦ
2888 2976 3302 3047 δοκιμωτέρους.
3346 2970 3565 3032 Τούτοις
3603 2964 3801 3035 ἀδελφὰ

2246 3072 2413 3145 μυρία
2456 3074 2567 3135 τοῖς
2621 3071 2725 3125 ὑπὸ
2753 3070 2851 3141 τὴν
2889 3067 3060 3141 ἀρχὴν
3099 3065 3381 3119 διετύπου·
3419 3060 3454 3114 ἃ
3500 3058 3564 3129 δὴ
3608 3056 3802 3129 σχολῆς

2242 3164 2306 3220 ἂν
2336 3164 2508 3218 δέοιτο
2537 3162 2715 3217 δοῦναι
2745 3162 2995 3215 ὑποθέσει
3026 3160 3219 3231 οἰκείᾳ,
3246 3159 3325 3221 είς
3348 3155 3545 3226 ἀκριϐῆ
3574 3150 3801 3218 διάγνω-

2243 3274 2326 3310 σιν
2367 3256 2466 3328 τῆς
2508 3256 2609 3311 κάν
2652 3256 2862 3318 τούτοις
2904 3251 3183 3325 βασιλικῆς
3226 3249 3553 3321 φρονήσεως.
3602 3242 3667 3296 Τί
3699 3238 3803 3311 Χρὴ

2242 3346 2335 3400 νῦν
2365 3345 2639 3410 διεξιέναι,
2674 3346 2748 3410 ὡς
2794 3345 2871 3415 τῷ
2912 3344 3003 3396 ἐπὶ
3056 3342 3270 3395 πάντων
3322 3335 3559 3404 συνάψας
3613 3330 3803 3386 ἑαυτὸν

2242 3437 2392 3509 Θεῷ,
2427 3436 2486 3501 ἐξ
2514 3436 2651 3507 ἑῴας
2677 3438 2756 3500 εἰς
2786 3435 3021 3505 ἑσπέραν
3041 3473 3057 3496 ,
3100 3431 3251 3493 τίνας
3298 3423 3356 3481 εὖ
3404 3425 3674 3495 ποιήσειεν
3707 3421 3801 3474 ἀν·-

2244 3528 2474 3601 θρώπων
2500 3528 2784 3600 περιενόει,
2810 3526 2902 3580 καὶ
2925 3524 3001 3588 ὼς
3034 3525 3165 3577 πᾶσι
3202 3521 3300 3593 μὲν
3334 3518 3443 3581 ἴσος
3468 3511 3536 3588 ῆν
3566 3515 3661 3570 καὶ
3692 3529 3805 3565 κοι-

2244 3620 2334 3683 νὸς
2364 3620 2498 3693 πρὸς
2520 3620 2761 3673 εὐποιίαν
2783 3635 2797 3684 ;

587 3722 617 3759 a
679 3708 853 3777 prima
899 3706 1020 3762 luce
1069 3708 1134 3761 ad
1191 3724 1468 3778 vesperam
1530 3726 1667 3779 quos
1722 3728 1786 3765 ex
1834 3714 1977 3765 omni
2016 3715 2287 3768 hominum
2314 3730 2537 3769 numero
2578 3712 2852 3770 beneﬂciis
2918 3710 3173 3773 alliceret,
3201 3705 3430 3762 sollicite
3457 3700 3802 3773 inquirebat;

586 3810 752 3864 seque
806 3808 934 3865 erga
983 3811 1170 3851 omnes
1228 3813 1440 3864 aequum
1490 3814 1555 3853 ac
1611 3800 1849 3867 civilem,
1885 3803 2017 3858 bene
2043 3804 2111 3857 de
2143 3806 2352 3860 cunctis
2382 3805 2639 3860 merendo
2677 3796 2981 3873 prmbebat?

1130 3888 1355 3957 CAPUT
1394 3890 1625 3946 xxvru.

587 3999 738 4055 Dona
774 4003 830 4056 in
856 3999 1118 4054 Ecclesias
1162 4005 1375 4065 collata,
1408 4017 1455 4057 et
1490 4009 1723 4070 pecunia’
1766 4008 2051 4077 rirginibus
2082 4027 2144 4064 ac

1076 4076 1389 4140 pauper.’bus
1409 4087 1653 4142 erogatu'.

660 4183 766 4237 Sed
798 4184 1066 4252 praecipue
1093 4184 1145 4237 in
1180 4183 1450 4239 Ecclesias
1496 4189 1587 4241 Dei
1651 4187 1881 4241 nlurinia
1918 4189 2147 4243 euntnlit

597 4415 796 4463 exstat.
816 4407 947 4475 Ejus
979 4401 1237 4461 tamenlit
1258 4408 1460 4461 mentio
1488 4407 1540 4461 in
1568 4407 1681 4474 lege
1709 4409 1744 4462 5
1773 4408 1893 4463 cod.
1915 4408 2141 4474 Tlteod.,

585 4474 665 4529 De
696 4474 1099 4545 testamentisdn
1134 4477 1292 4530 codd.
1322 4477 1451 4530 Fuit.
1482 4487 1535 4530 et
1565 4478 1689 4530 Sav.
1711 4479 1861 4532 deest
1887 4479 1964 4545 ἐξ.

802 4546 948 4613 Τοὺς
967 4547 1312 4600 ἐπισκόπων
1330 4545 1405 4617 δὲ
1452 4546 1645 4614 ὄρους.
1672 4547 1869 4617 Exstat
1896 4544 1977 4603 lex
2006 4548 2147 4603 Con-

587 4615 810 4668 stantini
836 4617 890 4673 in
909 4617 1062 4671 calce
1086 4617 1291 4670 codicis
1327 4615 1683 4672 Theodosiani
1718 4620 1816 4671 sub
1864 4620 2018 4672 titulo
2066 4619 2146 4672 De

587 4686 876 4756 opiscOpali
911 4686 1201 4750 audienda,
1232 4685 1282 4739 in
1304 4702 1408 4755 qua
1433 4686 1587 4754 jubet
1616 4689 1905 4756 imperator
1936 4698 1995 4742 ut
2022 4704 2147 4743 sen-

588 4755 793 4816 tentiae,
830 4755 896 4810 ab
940 4758 1190 4823 episcopo
1224 4759 1445 4824 prolatae
1473 4758 1632 4811 etiam
1673 4759 1724 4810 in
1769 4759 1948 4817 causis
1974 4760 2147 4812 miun-

586 4840 730 4898 rum,
758 4825 992 4898 vigorem
1016 4826 1155 4893 juris
1186 4826 1480 4898 obtineant.
1524 4826 1659 4898 Male
1690 4829 1853 4897 igitur
1884 4831 2148 4898 interpres

592 4894 694 4948 hoc
719 4895 839 4967 loco
872 4895 1032 4967 ὄρους
1062 4894 1270 4967 regulas
1297 4897 1475 4951 vertit.
1522 4894 1875 4966 Nequc’enim
1908 4898 1993 4952 hic
2027 4894 2148 4967 agi-

590 4973 678 5015 tur
704 4964 771 5037 de
800 4964 1438 5037 regulisecclesiasticis.
1473 4983 1593 5035 qua:
1618 4964 1685 5020 in
1715 4969 1914 5037 synodo
1945 4969 2009 5023 ab
2032 4964 2149 5034 epi-

592 5033 770 5100 scopis
819 5033 1254 5104 promulgantur;
1305 5039 1399 5089 sed
1452 5033 1517 5090 de
1567 5033 1850 5091 sententiis
1875 5038 2014 5093 inter
2040 5033 2147 5091 liti-

590 5103 1054 5177 gautes_prola_tis,
1097 5114 1153 5156 ut
1182 5114 1326 5172 patet
1352 5123 1419 5160 ex
1448 5106 1624 5177 verbis
1676 5123 1795 5174 quae
1829 5117 2145 5177 sequuntur.

589 5173 893 5239 Quinetiam
935 5173 1274 5227 Sozomenus
1306 5179 1463 5229 verba
1498 5175 1710 5231 Eusebii
1743 5192 1844 5231 non
1879 5173 2033 5231 aliter
2068 5177 2150 5230 in-

590 5243 818 5297 tellexit.
847 5242 951 5297 Sed
975 5242 1339 5297 tlilIicultatem
1364 5245 1508 5307 facit,
1526 5246 1666 5312 quod
1690 5244 1952 5302 Eusebius
1972 5247 2106 5300 dixit
2131 5265 2143 5299 :

587 5314 744 5384 ὄρους
774 5314 900 5377 τοὺς
929 5316 985 5366 ὲν
1008 5312 1239 5375 συνόδοις
1264 5313 1683 5383 ἀποφανθέντας.
1714 5317 1908 5371 Verum
1939 5315 2001 5369 σύ
2016 5316 2149 5380 ιοδος

589 5384 703 5456 hic
738 5398 833 5452 pro
894 5398 1149 5456 consessu
1215 5384 1580 5440 ecclesiastico
1626 5386 1863 5453 ponitur,
1912 5387 2147 5456 episcopi

587 5454 802 5507 scilicet
847 5467 909 5507 ac
957 5454 1418 5522 presbyterorum.
1468 5456 1717 5509 Eamdem
1761 5454 1959 5509 vocem
1994 5454 2152 5511 habet

595 5525 933 5595 Sozomenus
960 5526 1013 5595 in
1038 5524 1172 5577 libro
1199 5539 1240 5595 ι,
1262 5538 1380 5592 cap.
1417 5524 1471 5587 9,
1498 5526 1588 5578 ubi
1625 5528 1689 5579 de
1722 5528 1819 5581 hac
1857 5525 1970 5595 lege
2004 5524 2149 5580 Con-

596 5593 820 5646 stantini
850 5593 1109 5662 loquitur,
1140 5593 1293 5659 cujus
1332 5600 1494 5649 verba
1526 5610 1588 5646 eo
1644 5595 1900 5652 libentius
1919 5593 2149 5662 adduco,

595 5664 811 5731 quoties
838 5662 905 5716 de
923 5664 1127 5736 legibus
1148 5667 1343 5734 agitur.
1368 5665 1508 5734 quod
1528 5666 1607 5721 vir
1636 5664 1731 5718 luit
1755 5665 1927 5736 legum
1956 5667 2152 5720 Roma-

598 5748 786 5787 narum
821 5734 1200 5803 peritissimus,
1226 5744 1285 5789 ut
1310 5749 1374 5790 ex
1396 5738 1511 5806 ejus
1546 5736 1696 5793 libris
1728 5734 1947 5807 apparot
1983 5755 1998 5793 :
2032 5736 2149 5792 Τῶν

2743 3890 3133 3947 ΚΕΦΑΛΑΙΟΝ
3164 3887 3293 3942 KH'.

2292 4007 2668 4071 Ἐκκλησίαις
2705 4003 2909 4125 δωρεαέ
2932 4042 2945 4065 ,
2970 4000 3292 4125 gnpdérorc
3320 4015 3385 4052 τε
3426 3997 3523 4051 καὶ
3556 3994 3774 4061 πένησι

2911 4091 2967 4125 ta
3042 4087 3189 4125 σεισ.

2911 4087 3189 4137 ιαοόσεις.

2322 4192 2362 4243 Τ
2367 4192 2454 4253 αῖς
2480 4187 2879 4257 δ”Εκκλησίαις
2910 4187 3001 4239 τοῦ
3030 4184 3164 4238 Θεοῦ
3197 4184 3315 4239 καθ’
3347 4181 3617 4254 ὑπεροχὴν
3658 4179 3805 4248 ἐξαί-

2248 4409 2305 4462 δὲ
2328 4405 2639 4461 επισκόπων
2664 4404 3033 4476 ἐπικαλεῖσθαι
3069 4404 3168 4475 τὴν
3196 4405 3374 4476 κρίσιν
3411 4401 3672 4476 ἐπέτρεψε
3690 4402 3806 4466 τοῖς

2245 4477 2634 4555 δικαζομένοις,
2657 4476 2735 4555 ῆν
2766 4473 3245 4555 βούλωνται-τοξις
3270 4473 3572 4555 πολιτικούς
3618 4473 3807 4555 ἦρχον·

2240 4566 2340 4612 τας
2367 4541 2782 4616 παραιτεῖσθαιῖ
2815 4546 3007 4616 κυρίαν
3043 4545 3098 4599 δὲ
3130 4541 3386 4613 εἶναιτὴν
3407 4542 3583 4616 αὐτῶν
3603 4541 3804 4616 ψῆξρον,

2245 4619 2339 4672 καὶ
2351 4612 2579 4688 κρείττω
2590 4617 2693 4688 τῆς
2707 4617 2813 4688 τῷν
2831 4612 3001 4669 ἄλλων
3016 4612 3511 4688 δικαστῶν,ᾃῲσανεὶ
3535 4612 3683 4688 παρᾷ
3700 4612 3804 4666 τοῦ

2247 4684 2508 4771 βασιλέως
2552 4684 2916 4771 ἐξενεχθεῖσαν
2940 4701 2976 4771 ⁸.
3004 4687 3091 4771 εἰς.
3114 4686 3271 4771 ἔργον
3300 4686 3355 4738 δὲ
3390 4684 3475 4771 τὰ,
3511 4684 3807 4771 κρινόμενα

2245 4755 2393 4827 ἄγειν
2423 4760 2545 4828 τοὺς
2576 4755 2858 4828 ἄρχοντας,
2893 4755 2986 4828 καὶ
3016 4755 3601 4828 τοὺςδιακονουμένους
3625 4755 3808 4828 αυτοῖς

2248 4821 2579 4915 στρατιώτας
2600 4821 3105 4915 δίζᾶμετατρέπτους
3152 4843 3238 4915 τε,
3266 4821 3549 4915 εἷιέαείτῷν
3577 4825 3807 4915 συνόδων

2245 4894 2369 4960 τοὺς
2396 4899 2575 4968 ὄρους.
2627 4894 2925 4968 Quinetiam
2962 4896 3268 4968 episcopale
3313 4895 3576 4968 judicium
3621 4894 3807 4963 eligere

2248 4966 2571 5035 litigantibus
2627 4967 2883 5031 permisit,
2927 4967 2970 5017 si
3002 4970 3283 5019 swculares
3326 4966 3533 5035 judices
3562 4978 3805 5018 recusare

2249 5037 2433 5092 vellent
2461 5053 2479 5090 :
2497 5037 2757 5105 jussitque
2796 5044 2849 5086 ut
2882 5037 3238 5103 episcoporum
3284 5037 3537 5089 sententia
3574 5045 3690 5087 rata
3715 5049 3802 5086 es-

2248 5120 2344 5171 set,
2380 5123 2482 5160 non
2512 5123 2656 5160 secus
2695 5122 2755 5158 ac
2783 5107 2828 5157 si
2858 5107 2922 5157 ab
2966 5106 3076 5172 ipso
3104 5106 3413 5172 imperatore
3446 5105 3626 5172 [uisset
3679 5120 3804 5170 pro-

2249 5179 2402 5230 lata:
2440 5186 2595 5245 utque
2634 5185 2876 5233 rectores,
2909 5191 3185 5243 eorumque
3216 5176 3478 5245 amelli/es,
3520 5174 3805 5228 sententias

2249 5250 2312 5300 ab
2338 5243 2591 5313 episcopis
2612 5247 2843 5313 prolatas
2883 5245 3199 5297 exsecutioni
3228 5243 3558 5306 mandarent,
3616 5252 3674 5296 ut
3710 5245 3803 5294 de-

2250 5318 2402 5384 nique
2430 5316 2741 5368 inconcussa
2777 5324 2941 5366 essent
2967 5325 3019 5384 et
3058 5314 3306 5368 inviolata
3338 5315 3805 5384 ecclesiasticarum

2251 5379 2579 5439 consessuum
2604 5383 2833 5453 judicia.
2874 5383 3023 5451 Quod
3054 5386 3097 5436 si
3136 5384 3257 5452 quis
3286 5385 3513 5438 συνόδων
3541 5379 3805 5437 vocabulo

2249 5457 2474 5511 concilia
2517 5452 2890 5522 episcoporum
2934 5453 3062 5507 velit
3104 5454 3349 5524 intelligi,
3397 5465 3507 5507 tum
3538 5452 3652 5524 ὅροι
3682 5466 3804 5505 sen-

2253 5530 2446 5579 tentias
2473 5526 2850 5596 siguiticabunt
2886 5524 3143 5596 adversus
3202 5526 3388 5578 noxios
3419 5526 3724 5596 sacerdotes
3747 5528 3805 5575 et

2251 5593 2615 5651 haereticos'in
2645 5597 2848 5666 synodo
2885 5594 3147 5666 prolatas;
3194 5610 3329 5664 quas
3358 5593 3649 5666 sententias
3675 5607 3804 5666 cou-

2253 5667 2466 5720 lirmant
2502 5660 2851 5731 imperatores
2880 5660 2932 5720 in
2969 5664 3082 5734 lege
3108 5678 3169 5731 tt,
3199 5660 3387 5720 eodem
3411 5663 3564 5720 titulo
3599 5662 3674 5716 De
3697 5660 3823 5731 epi-.

2252 5736 2451 5807 scopuli
2479 5736 2767 5790 audientia.
