4212 6440
669 282 805 337 “87

1168 401 1396 459 CAPUT
1437 404 1729 459 XXXVIII.

668 494 943 561 Quomodo
984 493 1287 560 Emporium
1315 495 1650 558 Castrorum,
1678 497 1740 549 ob
1782 494 2227 549 christianismuni

809 566 928 617 urbs
963 564 1103 632 facta
1150 577 1222 619 est
1269 576 1317 619 et
1352 565 1659 620 Constantia
1705 566 2091 636 cognominata.

736 740 857 798 Jam
889 750 1007 796 tum
1050 740 1316 811 siquidem
1361 742 1414 796 in
1448 740 1734 796 Palaestina
1765 742 1894 796 urbs
1922 739 2229 796 Constantia

668 829 959 885 salutarem
989 829 1305 899 religionem
1339 830 1609 897 amplexa,
1660 838 1771 884 tum
1802 846 1832 884 a
1868 830 1977 885 Deo
2024 838 2134 883 tum
2164 828 2232 880 ab

667 922 995 990 imperatore
1014 924 1214 975 summi
1240 922 1461 977 honoris
1486 923 1838 992 prmrogativa
1857 906 2230 976 decorabatur.

668 1011 804 1067 Nam
840 1022 898 1066 et
929 1011 1166 1066 civitatis
1195 1026 1389 1067 nomen
1433 1013 1660 1082 accepit,
1716 1027 1837 1066 cum
1882 1020 2040 1065 antea
2082 1012 2234 1066 vicus

666 1111 852 1168 esset,
885 1111 942 1155 et
975 1102 1267 1170 pristinum
1299 1115 1490 1156 nomen
1528 1117 1646 1155 cum
1674 1102 2049 1172 praestantiore
2079 1116 2236 1154 voea-

666 1190 829 1255 bulo,
898 1190 1322 1261 religiosissima!
1366 1190 1623 1247 videlicet
1680 1192 1885 1247 sororis
1942 1190 2231 1260 principis,

668 1280 1044 1338 commutavit.

1105 1371 1264 1444 545
1297 1370 1523 1427 CAPUT
1559 1369 1804 1425 XXXIX.

669 1464 819 1533 Quod
861 1466 915 1519 in
962 1463 1199 1520 Phoenice
1244 1465 1367 1519 urbs
1402 1466 1547 1535 facta
1588 1474 1663 1516 est
1703 1462 2068 1535 Constantina.
2099 1472 2144 1516 et
2183 1463 2237 1516 in

736 1535 858 1590 aliis
894 1538 1103 1589 urbibus
1137 1537 1278 1589 idola
1316 1538 1493 1588 diruta
1531 1542 1581 1589 et
1608 1534 1834 1588 ecclesia:
1870 1543 2162 1587 exstructas

742 1692 882 1746 Idem
944 1707 1156 1761 quoque
1186 1691 1424 1760 pluribus
1465 1690 1517 1742 in
1567 1688 1698 1743 locis
1730 1688 2026 1743 factitatum
2053 1686 2227 1745 :verbi

666 1786 838 1853 gratia
864 1784 916 1837 in
954 1787 1085 1838 urbe
1115 1785 1347 1850 quadam
1384 1780 1692 1843 Phoenices,
1736 1794 1856 1847 qua:
1887 1778 2229 1847 imperatoris

667 1874 885 1927 nomine
919 1873 1214 1942 appellatur
1242 1889 1253 1924 :
1281 1873 1435 1941 cujus
1466 1871 1654 1927 incolae
1683 1869 1939 1938 conjectis
1960 1870 2012 1923 in
2053 1868 2227 1939 ignem

668 1965 1153 2019 innumerabilibus
1191 1964 1532 2026 simulacris,
1576 1962 1865 2017 salutarem
1917 1960 2230 2028 religionem

666 2054 898 2124 amplexi
941 2063 1086 2108 sunt.
1119 2051 1223 2107 Sed
1265 2064 1320 2108 et
1369 2055 1420 2108 in
1455 2053 1673 2124 reliquis
1716 2051 2033 2122 provinciis.
2069 2051 2228 2105 innu-

669 2145 803 2198 meri
834 2143 1119 2198 confertim
1151 2145 1217 2196 ad
1259 2142 1550 2197 salutarem
1581 2142 1671 2197 Dei
1720 2141 2083 2211 cognitionem
2111 2154 2233 2193 sese

667 2235 1074 2297 transferentes,
1120 2249 1215 2304 per
1258 2238 1421 2288 urbes
1463 2243 1518 2288 et
1547 2249 1707 2304 agros
1744 2234 1891 2286 varia
1941 2230 2230 2286 simulac-ra

664 2341 731 2380 ex
762 2326 939 2380 omnis
963 2328 1174 2396 generis
1208 2327 1433 2382 materia
1481 2325 1794 2386 fabrefacta,
1819 2340 1936 2394 quae
1957 2323 2107 2393 prius
2134 2338 2232 2392 pro

666 2419 839 2472 sacris
877 2418 1199 2484 habuerant,
1246 2419 1598 2473 aboleverunt
1642 2433 1655 2481 ;
1700 2418 1898 2485 templa
1933 2431 2119 2472 eorum
2168 2430 2232 2471 ac

664 2507 886 2562 delubra
921 2509 971 2560 in
997 2509 1310 2563 immensam
1341 2508 1676 2563 altitudinem
1710 2509 1947 2575 sublata,
1979 2507 2124 2561 nullo
2145 2504 2233 2574 ju-

665 2601 827 2655 bente
871 2602 1267 2664 destruxerunt,
1326 2603 1586 2657 ecclesias
1631 2619 1758 2658 vero
1796 2619 1825 2656 a
1872 2582 2245 2657 fundamentis

665 2692 1015 2757 mdilicantes,
1065 2693 1352 2762 pristinam
1388 2708 1539 2747 suam
1572 2693 1893 2748 sententiam
1935 2703 2027 2746 aut
2051 2693 2231 2762 potius

666 2798 906 2838 errorem
947 2795 1313 2838 mutaverunt.
1342 2783 1542 2838 Verum
1572 2786 1683 2839 Deo
1709 2785 1958 2840 amabilis
2000 2784 2231 2854 impera-

668 2875 801 2928 toris
829 2889 918 2928 res
951 2885 1128 2943 gestas
1154 2875 1468 2943 singillatim
1504 2890 1954 2938 commemorare,
1984 2891 2090 2930 non
2125 2886 2230 2929 tant

667 2975 910 3019 nostrum
945 2977 1048 3027 est,
1083 2982 1242 3034 quant
1278 2967 1488 3021 illorum
1511 2968 1599 3037 qui
1630 2968 1847 3023 assidue
1872 2983 1993 3023 cum
2020 2984 2084 3023 eo
2108 2985 2230 3023 ver-

1356 280 1641 339 ‘EUSEBII
1683 275 2156 337 CAESARlENSlS
2194 275 2344 331 OPP.
2385 276 2563 334 PARS
2597 278 2640 334 1.
2679 311 2748 323 —
2782 279 3171 337 HISTORICA.

2257 405 2306 460 Δ

3771 287 3911 345 H88

2834 401 3229 455 ΚΕΦΑΛΑῐυΝ
3288 370 3416 457 ΑΠ’.

2335 487 2524 557 Ὅπως
2559 490 2636 562 Δτό
2675 489 3299 562 ΓαζὶιίωνἘμπόριον,
3337 494 3435 549 διὰ
3484 511 3592 548 τον
3633 496 3909 562 Χριστια-

2398 560 2616 685 negor
2664 561 2959 629 ἐπολίσθη
2982 604 2998 628 ,
3016 560 3128 616 καί
3163 567 3579 620 Κωνστάντεια
3603 560 3908 636 προσηγο-

2393 645 2503 697 ρευ
2541 648 2601 698 η.

2401 720 2540 791 Ἤδη
2572 720 2671 792 μὲν
2700 716 2794 775 οὖν
2829 721 2924 774 ἐπὶ
2948 721 3043 774 τοῦ
3074 721 3443 779 Παλαιπινῶν
3474 723 3659 788 ἔθνους
3679 725 3713 795 ἡ
3744 724 3906 779 Κων-

2336 808 2586 864 στάντεια
2610 812 2710 882 τὴν
2741 813 3003 883 σωτήριον
3024 813 3439 885 ὲπιγραψαμένη
3465 814 3788 879 θεοσέϐειαν,
3810 815 3908 868 καὶ

2334 903 2463 974 παρ’
2487 902 2633 972 αὐτῷ
2657 903 2806 975 Θεῷ,
2843 907 2944 959 καὶ
2968 904 3115 976 παρὰ
3146 905 3352 975 βασιλεῖ
3390 906 3557 977 τιμῆς
3597 907 3907 978 κρείττονος

2332 993 2568 1064 ἠξιοῦτο,
2597 995 2749 1060 πόλις
2780 996 2880 1067 μὲν
2922 997 3280 1067 ἀποφανεῖσα,
3326 997 3355 1052 ὃ
3403 998 3477 1070 μὴ
3519 999 3783 1071 πρότερον
3809 994 3902 1071 ἦν,

2333 1084 2612 1156 ἀμείψασα
2653 1087 2709 1140 δὲ
2775 1087 2872 1161 τὴν
2907 1089 3278 1161 προσηγορίαν
3328 1089 3598 1162 ἐπωνύμῳ
3630 1090 3906 1163 κρείττονι

2336 1175 2620 1242 θεοσεϐοῦς
2644 1178 2877 1251 ἀδελφῆς
2905 1176 3186 1250 βασιλέως.

2839 1358 3235 1414 ΚΕΦΑΛΑΙΟΝ
3270 1359 3391 1416 ΛΘ’.

2336 1452 2467 1505 Ὀτι
2495 1450 2602 1522 ἐπί
2622 1449 2732 1518 τῆς
2760 1453 3044 1517 Φοινίκης
3083 1452 3375 1522 ἐπολίσθη
3412 1452 3547 1522 μένΔ
3575 1471 3693 1520 τις,
3728 1454 3799 1506 ἐν
3833 1454 3908 1509 δὲ

2402 1521 2531 1587 ταῖς
2562 1520 2780 1595 Marc
2811 1522 3065 1595 πόλεσιν
3088 1521 3344 1575 εἰδώλων
3364 1520 3497 1595 ’ί
3522 1520 3597 1595 ἦν
3627 1525 3906 1593 καθαίρε-

2405 1608 2522 1657 σις,
2549 1590 2890 1659 ἐκκλησιῶν
2915 1591 2983 1644 δὲ
3011 1590 3391 1647 κατασκευαί.

2406 1680 2610 1732 Ταυτὸν
2638 1679 2693 1732 δὲ
2718 1681 2812 1732 καὶ
2838 1679 3020 1748 ἕτεραι
3050 1679 3267 1743 πλείους
3296 1680 3671 1751 διεπράττοντο
3700 1683 3907 1755 χῶραι,

2330 1772 2458 1842 ὼςὴ
2495 1771 2587 1823 ἐπὶ
2625 1770 2718 1824 τοῦ
2750 1758 3007 1826 Φοινίκων
3060 1772 3261 1837 ἔθνους,
3289 1773 3450 1827 αὑτοῦ
3496 1773 3757 1844 βασιλέως
3804 1778 3914 1831 ἑπ-

2328 1864 2436 1917 ὠνυ
2445 1859 2655 1935 μοςνῆς
2669 1866 2716 1916 οἱ
2734 1864 2941 1918 πολῖται
2959 1865 3020 1918 δυ
3029 1865 3241 1936 σεξαρὶθ
3250 1884 3391 1937 μητα
3415 1865 3613 1929 ξοάνων
3634 1868 3748 1939 ἱδρύ
3758 1887 3910 1938 ματα

2331 1954 2462 2025 πυρὶ
2509 1953 2878 2024 παραδόντες,
2918 1952 3010 2006 τὸν
3052 1956 3316 2021 σωτήριον
3378 1954 3910 2024 ἀντικατηλλάξαντο

2328 2043 2510 2113 νόμον.
2552 2044 2661 2097 Καὶ
2695 2044 2778 2113 ἐφ’
2813 2045 3012 2116 ἐτέρων
3053 2046 3095 2096 δ’
3148 2044 3459 2115 ἐπαρχιῶν,
3498 2046 3783 2115 αὐτόμολοι
3826 2044 3906 2110 τῇ

2332 2135 2582 2207 σωτηρίῳ
2614 2135 2926 2207 προσιόντες
2952 2133 3147 2203 γνώσει
3173 2173 3188 2199 ,
3222 2134 3406 2206 ἀθρόοι
3432 2133 3571 2189 κατὰ
3595 2135 3780 2209 χώρας
3804 2142 3910 2192 καὶ

2331 2226 2471 2279 κατὰ
2492 2226 2689 2289 πόλεις,
2705 2225 2772 2278 τὰ
2798 2226 2895 2296 μὲν
2918 2225 3155 2297 πρότερα
3177 2227 3361 2290 αὐτοῖς
3383 2225 3504 2298 ἱερὰ
3517 2228 3904 2297 νενομισμένα,

2330 2321 2387 2371 ἐν
2417 2317 2519 2390 ὕλῃ
2553 2316 2819 2370 παντοίων
2849 2316 3046 2381 ξοάνων
3072 2316 3220 2379 ὄντα,
3252 2317 3447 2369 ὡσανεὶ
3469 2316 3528 2369 τὺ
3558 2302 3719 2387 μηδὲν
3747 2316 3908 2382 ὅντα,

2330 2410 2617 2473 ἠφάνιζον,
2647 2406 2806 2471 ναούς
2850 2408 2896 2460 τ’
2942 2407 3119 2462 αὐτῶν
3149 2409 3246 2462 καὶ
3286 2408 3485 2479 τεμένη
3518 2409 3598 2472 εἰς
3635 2407 3765 2477 ὕψος
3800 2413 3909 2482 ἠρ-

2331 2498 2490 2572 μένα.
2524 2499 2749 2571 μηδενὸς
2774 2498 3176 2563 ἐπικελεύοντος
3206 2498 3499 2570 καθῄρουν,
3529 2499 3824 2572 ἐκκλησίας
3850 2500 3906 2555 δ’

2331 2592 2395 2645 ὲκ
2427 2591 2690 2649 θεμελίων
2730 2590 3051 2653 ἀνιστῶντες
3077 2631 3092 2655 ,
3137 2590 3234 2661 τῆς
3275 2591 3543 2663 προτέρας
3578 2590 3909 2663 ἀντικατηλ-

2330 2680 2589 2737 λάσσυντο
2613 2681 2857 2753 γνώμης,
2890 2683 3006 2751 ἦτοι
3040 2681 3264 2748 πλάνης.
3306 2681 3464 2734 Ἀλλὰ
3492 2681 3601 2754 γὰρ
3626 2682 3744 2737 καθ’
3769 2683 3907 2736 ἕκα-

2333 2789 2431 2828 στα
2463 2774 2694 2846 γράφειν
2720 2772 2829 2841 (95)
2871 2772 2976 2824 τῶν
3023 2773 3116 2825 τοῦ
3161 2771 3441 2842 θεοφιλοῦς
3478 2773 3764 2845 πράξεων,
3802 2774 3909 2845 οὐχ

2329 2865 2594 2937 ἡμέτερον
2631 2866 2696 2919 ἂν
2734 2867 2820 2936 εἴη
2864 2864 3090 2934 μᾶλλον,
3129 2866 3161 2935 ἢ
3201 2864 3310 2916 τῶν
3351 2864 3441 2917 τὸν
3488 2866 3665 2919 πάντα
3710 2865 3909 2937 χρόνον

2333 2959 2566 3011 συνεῖναι
2598 2953 2751 3025 αὐτῷ
2785 2954 3202 3027 κατηξιωμένων
3227 2972 3240 2985 ⁸
3277 2956 3437 3027 ἡμεῖς
3467 2956 3512 3009 δ’
3545 2957 3601 3008 ὲν
3645 2955 3808 3026 ὀλίγῳ
3832 2956 3911 3012 τὰ

668 3044 774 3107 sari
813 3065 1144 3109 meruerunt.
1165 3054 1272 3109 Nos
1293 3071 1419 3111 vero
1444 3058 1658 3124 quando
1672 3072 1734 3112 ea
1756 3073 1873 3127 quae
1900 3059 1964 3112 ad
1993 3069 2226 3114 nostram

2330 3049 2461 3119 ἡμῖν
2501 3046 2868 3115 διεγνωσιιένα
2904 3046 3028 3117 τῇδε
3081 3046 3406 3117 παραδόντες
3444 3049 3508 3117 τῇ
3543 3049 3726 3118 γραφῇ
3765 3047 3904 3118 (94),

668 3147 910 3200 notitiam
943 3158 1332 3216 pervenerunt.
1364 3149 1416 3202 in
1455 3149 1560 3204 hoc
1605 3165 1767 3219 opere
1805 3151 2042 3206 breviter
2065 3166 2230 3221 etpo-

664 3235 960 3303 suerimus,
986 3234 1052 3289 ad
1072 3247 1375 3291 extremum
1397 3237 1517 3308 ejus
1544 3237 1668 3294 vita:
1699 3248 1907 3312 tempus
1951 3248 2225 3313 transgre-

665 3324 894 3379 diemur.

1260 3398 1490 3454 CAPUT
1527 3398 1639 3454 XL.

665 3487 818 3554 Quod
869 3508 986 3567 cum
1051 3493 1217 3567 trinis
1250 3494 1622 3550 derennalibns
1672 3505 1773 3551 tres
1822 3498 1960 3567 ﬁlios
1994 3499 2229 3557 δίεισι-ες

731 3563 1006 3683 ενῖαέἱδεει
1036 3602 1052 3629 ,
1098 3566 1480 3620 dedicationem
1538 3568 1781 3638 martyrii
1822 3563 2228 3641 Hierosolymis

735 3646 792 3681 re
815 3648 840 3683 ε
878 3643 1023 3683 raptt.

735 3643 1023 3684 celebravit.

735 3721 924 3777 Annus
949 3721 1059 3788 jam
1103 3722 1317 3791 imperii
1348 3724 1491 3781 illius
1519 3724 1823 3782 tricesimus
1849 3726 2227 3799 peragebatur.

666 3811 801 3867 Tres
826 3825 1007 3868 autent
1048 3814 1163 3884 ejus
1210 3816 1304 3870 lilii
1355 3818 1521 3872 variis
1570 3818 1904 3887 temporibus
1946 3831 2227 3876 consortes

665 3906 876 3976 imperii
917 3906 1134 3963 fuerant
1184 3909 1498 3964 renuntiati.
1529 3909 1743 3964 Primus
1790 3911 1882 3980 qui
1934 3912 2073 3981 patri
2109 3920 2229 3966 erat

664 3998 1032 4067 cognominis,
1057 4000 1269 4055 decimo
1310 4000 1530 4056 circiter
1554 4003 1775 4071 paterni
1824 4003 2029 4071 imperii
2062 4018 2223 4070 anno,

660 4090 807 4145 hunc
847 4091 1104 4145 honorem
1156 4092 1398 4148 sortitus.
1453 4091 1736 4148 Secundus
1778 4094 1862 4148 avi
1902 4095 1982 4151 sui
2030 4110 2224 4150 nomen

662 4180 904 4235 referens
925 4182 1071 4236 circa
1107 4185 1351 4250 parentis
1381 4183 1461 4237 sui
1494 4184 1792 4238 vicennalia
1823 4185 2004 4240 Caesar
2023 4196 2105 4242 est
2135 4187 2225 4241 de-

662 4266 912 4325 claratus.
958 4271 1172 4326 Tertius
1217 4270 1509 4337 Constans,
1540 4274 1631 4342 qui
1668 4276 2003 4343 praesentiam
2033 4284 2087 4330 et
2113 4283 2224 4331 sta-

661 4358 921 4414 bilitatem
958 4375 1069 4423 .suo
1118 4361 1335 4415 nomine
1369 4362 1650 4433 designat,
1696 4364 1970 4419 tricesimo
2006 4368 2224 4421 circiter

662 4453 866 4520 paterni
898 4452 1233 4522 principatus
1277 4469 1419 4508 anno
1446 4455 1511 4508 ad
1559 4456 1661 4511 hoc
1691 4455 1961 4524 fastigium
1986 4469 2068 4512 est
2096 4473 2219 4513 eve-

663 4553 799 4599 ctus.
831 4544 906 4599 lla
933 4558 1050 4601 cum
1072 4548 1152 4601 ~ad
1191 4548 1477 4615 quamdam
1507 4548 1788 4604 Trinitatis
1815 4551 2220 4606 similitudinem

663 4643 775 4691 tres
796 4636 931 4693 filios
950 4640 1057 4693 Deo
1079 4638 1335 4693 amabiles
1347 4639 1675 4703 sustulisset,
1691 4640 2018 4712 eosdemque
2039 4644 2222 4712 singu-

661 4721 728 4777 lis
745 4723 997 4780 decennis
1010 4728 1075 4781 ad
1094 4729 1420 4783 consortium
1439 4730 1649 4799 imperii
1666 4737 1997 4799 cooptasset,
2015 4741 2222 4798 tempus

753 4878 844 4946 93)
883 4877 1025 4953 Καθ’
1071 4880 1610 4953 ἕκασταντράφειν.
1654 4882 1708 4936 In
1750 4883 1937 4938 codice
1982 4883 2147 4953 Regio
2174 4900 2227 4940 et

653 4948 792 5024 Fuit.
824 4951 1084 5024 scriptum
1112 4965 1195 5006 est
1235 4948 1546 5007 καθέκαστα
1576 4970 1677 5024 una
1709 4969 1861 5024 voce,
1888 4955 2026 5023 quod
2057 4948 2227 5024 nntgis

653 5021 849 5097 probo.
880 5019 1135 5088 Sequitur
1179 5024 1319 5097 enim
1362 5023 1470 5075 τῶν
1486 5023 1592 5097 -τοῦ
1624 5019 1919 5097 Δθεοφιλοῦς
1952 5019 2223 5097 πράξεων.

654 5089 849 5143 Melius
881 5098 1057 5143 tamen
1093 5092 1417 5145 scriberetur
1444 5093 1511 5146 τὰ
1546 5089 1875 5150 καθέκαστα.

732 5158 845 5232 (94)
884 5160 1257 5232 Παραδόιςτες
1288 5161 1360 5229 τῇ
1399 5163 1613 5232 τραφῇ.
1655 5167 1921 5230 Interpres
1964 5173 2104 5217 hunc
2149 5164 2228 5215 In-

656 5241 780 5282 cnnt
811 5230 882 5303 ita
911 5234 1069 5285 vertit
1091 5229 1244 5303 :VNos
1276 5249 1394 5284 vero
1409 5229 1663 5301 quoniam
1685 5235 1906 5288 breviter
1930 5251 2046 5303 qua:
2078 5235 2226 5288 nobis

657 5309 783 5350 nota
825 5300 1062 5365 fuerunt,
1110 5302 1405 5354 litterarum
1434 5300 1794 5357 'ntonumentis
1838 5300 2221 5360 mandavimus.

660 5367 771 5434 Ego
804 5384 933 5423 vero
973 5372 1045 5427 ita
1084 5371 1408 5439 interpretor
1437 5389 1451 5426 :
1476 5371 1765 5439 Postquam
1814 5389 1875 5426 ea
1919 5372 2036 5441 q‘uaz
2072 5374 2222 5428 nobis

660 5447 785 5491 nota
815 5448 935 5492 sunt
973 5440 1193 5493 breviter
1224 5445 1639 5505 exposuerimns,
1675 5444 1743 5494 att
1776 5440 2066 5497 extremum
2106 5444 2219 5511 ejur

660 5518 775 5581 ante
802 5518 1014 5581 tempus
1034 5525 1319 5563 sermonem
1358 5512 1755 5577 transferemus.
1783 5516 1912 5579 Quae
1955 5516 2228 5581 interpres

661 5579 792 5645 tatio
830 5579 947 5633 sine
986 5580 1150 5634 dubio
1203 5581 1399 5633 rectior
1444 5591 1559 5645 est,
1604 5592 1660 5635 et
1706 5583 1884 5638 verbis
1925 5599 1987 5636 ac
2039 5579 2219 5636 sensui

658 5644 874 5718 Eusebii
904 5652 1076 5718 magis
1105 5651 1371 5717 congruit.
1398 5648 1532 5703 Nam
1563 5652 1608 5707 si
1641 5651 1903 5706 Eusebius
1948 5653 2022 5704 ita
2062 5653 2219 5704 intel-

658 5712 906 5786 lexisset,
952 5712 1023 5773 ut'
1057 5712 1237 5774 sensit
1272 5719 1561 5791 interpres,
1613 5723 1835 5788 dixisset
1885 5722 1986 5789 ἤδη
2035 5737 2216 5790 παρα-

2331 3140 2423 3193 ὲπὶ
2462 3138 2551 3193 τὸν
2589 3136 2816 3193 ὕστατον
2858 3135 3021 3190 αὐτοῦ
3063 3138 3160 3208 τῆς
3192 3135 3338 3208 ζωῆς
3373 3136 3740 3210 διαϐησόμεθα
3774 3139 3908 3212 χρό-

2295 3218 2306 3233 ’
2329 3247 2441 3286 νον.

2851 3402 3243 3457 ΚΕΦΑΛΑΙΟΝ
3276 3403 3366 3455 Μ’.

2286 3478 2306 3505 ⁸
2331 3494 2450 3547 Ὅτι
2486 3492 2557 3547 ἐν
2587 3492 2741 3561 τρισὶ
2801 3494 3173 3562 δεκαετηρίσι
3206 3495 3362 3561 τρεῖς
3401 3492 3569 3562 υἱοὺς
3598 3494 3907 3562 ,βασιλέως

2397 3564 2805 3633 ἀναγορεύσας
2827 3606 2841 3626 ,
2876 3565 2945 3619 τὰ
2983 3564 3249 3634 ἐνκαίνια
3293 3564 3401 3619 τοῦ
3447 3566 3518 3619 ἐν
3560 3567 3902 3629 Ἰεροσολύ-

2392 3652 2529 3703 μοις
2560 3635 2889 3703 μαρτυρίου
2922 3635 3228 3702 προῦθετο.

2404 3724 2762 3796 Ἐπληροῦντο
2786 3725 2884 3796 μὲν
2903 3724 3048 3796 αὐτῷ
3068 3724 3362 3796 τριάκοντα
3383 3724 3639 3779 ἐνιαυτῶν
3660 3723 3900 3797 περίοδοι

2329 3817 2426 3887 τῆς
2458 3816 2733 3887 βασιλείας
2764 3819 2905 3887 (95)τ
2941 3818 3147 3887 (παῖδες
3172 3818 3228 3872 δὲ
3275 3820 3443 3890 τρεῖς)
3495 3819 3769 3892 διαφόροις
3811 3822 3901 3875 ἀν-

2330 3908 2634 3961 εδείκνυντο
2664 3908 2871 3979 χρόνοις
2891 3925 2905 3938 ο
2940 3909 2968 3961 ὁ
2993 3908 3089 3980 μὲν
3113 3910 3396 3980 ὁμώνυμος
3441 3907 3520 3980 τῷ
3552 3910 3719 3981 πατρὶ
3741 3911 3900 3964 Κωνη

2327 4004 2620 4066 σταντῖνος,
2640 4003 2853 4072 πρῶτος
2876 4004 3159 4073 μετασχὼν
3190 4004 3287 4074 τῆς
3315 4004 3478 4074 τιμῆς
3510 4003 3649 4074 ἀμφὶ
3676 4001 3775 4073 τὴν
3799 4000 3895 4059 τοῆ

2326 4091 2530 4162 πατρὸς
2561 4073 2913 4162 δεκαετηρίδα
2935 4106 2949 4121 ⁸
2984 4093 3012 4145 ὁ
3054 4092 3109 4144 δὲ
3149 4073 3397 4163 δεύτερος
3534 4091 3626 4144 τοῦ
3669 4090 3896 4144 πάπτωυ

2324 4184 2695 4254 κοσμούμενος
2719 4183 3011 4255 ὁμωνυμία
3038 4185 3430 4247 Κωνστάντιος,
3463 4184 3605 4254 ἀμφὶ
3629 4182 3725 4253 τὴν
3756 4183 3896 4234 εἰκο-

2327 4274 2653 4346 σαετηρικὴν
2699 4276 3004 4345 πανήγυριν
3047 4273 3509 4346 ἀνηγορευμένος
3556 4275 3585 4325 ό
3623 4272 3680 4325 δὲ
3713 4272 3894 4344 τρίτος

2324 4364 2607 4431 Κώνστας,
2632 4370 2723 4420 τὸν
2760 4367 3028 4419 ἐνεστῶτα
3054 4367 3150 4418 καὶ
3190 4364 3496 4419 συνεστῶτα
3538 4363 3615 4435 τῷ
3635 4363 3736 4433 τῆς
3789 4364 3892 4416 ἐπ-

2323 4476 2428 4511 ωνυ
2437 4459 2571 4527 μίας*
2580 4458 2788 4530 προσρή
2798 4474 2924 4528 ματι
2942 4457 3236 4528 σημαίνων,
3253 4456 3395 4527 ἀμφὶ
3413 4456 3511 4526 τὴν
3530 4453 3717 4526 τρίτην
3730 4453 3892 4508 δεκά-

2322 4550 2388 4604 δα
2410 4549 2768 4624 προηγμένος.
2800 4547 2954 4602 Οὕτω
2991 4547 3055 4619 δὴ
3089 4547 3303 4619 τριάδος
3338 4546 3478 4617 λόγῳ
3491 4544 3708 4618 τριττὴν
3731 4545 3894 4618 γονὴν

2325 4642 2528 4695 παίδων
2579 4639 2796 4709 θεοφιλῆ
2840 4638 3201 4709 κτησάμενος,
3248 4637 3449 4708 ταύτην
3474 4636 3526 4706 ῥ’
3563 4636 3647 4706 ἐφ’
3688 4636 3894 4710 ἑκάστῃ

2329 4732 2560 4804 περιόδῳ
2584 4730 2869 4794 δεκαέτους
2908 4730 3098 4803 χρόνου
3125 4726 3236 4801 (96)
3292 4730 3588 4801 είσποιήσει
3615 4728 3713 4799 τῆς
3744 4728 3892 4799 βασι-

2321 4885 2523 4947 δόντες.

2396 4955 2507 5026 (95)
2543 4954 2814 5026 Περίοδοι
2859 4952 2970 5021 τῆς
3011 4953 3353 5026 ﬂaua/Iside.
3392 4952 3524 5008 Post
3557 4956 3674 5011 haec
3707 4954 3894 5018 verba,

2324 5023 2523 5078 omissa
2555 5035 2672 5077 erat
2723 5024 2860 5078 linea
2911 5028 2960 5077 in
2993 5026 3179 5094 codice
3228 5023 3413 5094 Regio,
3454 5034 3509 5077 et
3559 5026 3897 5094 in_editio_ne

2325 5095 2609 5163 Stephani,
2648 5110 2808 5163 quam
2838 5093 3049 5163 quidem
3082 5093 3154 5163 ita
3192 5091 3436 5159 suppleto
3466 5095 3557 5148 εὲν
3591 5091 3673 5157 οἷς
3707 5092 3898 5155 παῖδες

2324 5162 2486 5238 αύτῷ·
2521 5161 2676 5233 τρεῖς
2709 5161 2954 5238 κοινωνοὶ
2990 5161 3403 5238 τῇς-βασιλείας
3438 5164 3746 5238 διαφόροις,
3783 5174 3893 5238 etc.

2325 5232 2577 5301 Ejusdem
2614 5234 2854 5303 vocabuli
2905 5232 3180 5303 βασιλείας
3237 5236 3485 5302 repetitio
3535 5232 3663 5289 fecit
3704 5244 3761 5287 ut.
3808 5235 3895 5284 in-

2328 5300 2476 5370 tegra
2513 5300 2751 5355 linea'ab
2788 5300 3093 5367 antiquaria
3124 5300 3633 5371 uirilis—properante
3675 5303 3896 5355 ouiitte-

2327 5383 2495 5426 retur.
2543 5371 2600 5424 lu
2647 5371 2834 5444 codice
2884 5371 3020 5428 Fuk.
3060 5371 3256 5444 legitllr
3300 5374 3576 5444 διαφόροις
3613 5371 3895 5444 siones;—

2323 5458 2517 5494 κνυντο
2561 5440 2773 5512 χρόνοις
2806 5444 3025 5510 optime.
3059 5442 3132 5495 ιω
3165 5444 3323 5498 unius
3352 5440 3552 5498 vocula:
3583 5442 3893 5512 adjectione

2325 5513 2412 5566 hic
2459 5511 2614 5566 locus
2661 5512 2927 5579 eripietur.
2982 5511 3215 5566 Savilius
3266 5528 3395 5567 vero
3444 5514 3618 5566 tribus
3656 5511 3895 5565 vocibus

2330 5580 2529 5651 additis
2583 5582 2760 5651 locum
2809 5581 3107 5651 supplevit,
3157 5583 3379 5649 perinde
3428 5598 3490 5636 ac
3537 5582 3778 5649 Scaliger
3830 5593 3896 5632 ac

2326 5650 2870 5723 Christopitorsonus.
2902 5650 3083 5716 παῖδες
3106 5651 3337 5723 δὲΑτρεξς
3359 5651 3650 5723 διαφόροις,
3676 5662 3781 5723 etc.

2394 5719 2507 5792 (96)
2559 5720 2678 5788 Ἐφ’
2718 5717 2942 5790 ἑκάστῃ
2981 5717 3234 5790 περιόδῳ
3281 5717 3594 5786 δειιαέὺοῖυς
3640 5722 3889 5791 χρόνον.
