4114 6432
135 327 311 378 1189
1279 327 1366 382 DE
1409 328 1570 383 Vl'I‘A
1608 327 2076 386 CONSTANTINI
2122 327 2249 384 LIB.
2291 328 2380 386 IV.
3302 333 3439 389 “90

129 440 320 504 λείας
351 441 605 512 τιμήσας,
637 440 716 514 τῷ
753 442 1086 514 παμϐασιλεῖ
1130 446 1235 499 τῶν
1261 447 1394 502 ὅλων
1429 449 1745 521 εὐχαριστή-

1859 448 2112 516 deinceps
2131 448 2509 503 tricennalium
2531 464 2750 504 suormn
2780 450 3295 520 opportunissimum
3318 470 3439 510 esse

147 549 288 602 ptw
324 534 512 604 καιρὸν
549 534 656 605 (97)
689 534 938 609 εὔκαιρον
968 534 1105 592 εἶναι
1135 541 1225 592 τὸν
1262 541 1360 611 τῆς
1399 543 1562 596 αὐτοῦ
1601 562 1752 616 τρια-

145 627 586 699 κονταετηρίδος
627 629 848 698 ἠγεῖτοο
889 631 980 684 καὶ
1025 631 1089 702 δὴ
1127 631 1222 685 τοῦ
1265 634 1324 686 ὲν
1362 634 1750 706 Ἰεροσολύμοις

146 721 324 792 αὐτῷ
373 724 467 776 σὺν
505 722 653 794 πάσῃ
699 721 969 793 φιλοκάλῳ
1018 725 1219 796 σπουδῇ
1278 728 1748 798 κατειργασμένου

157 816 474 887 μαρτυρίου
507 816 806 887 προσήκειν
845 815 944 888 τὴν
979 816 1276 889 ἀφιέρωσιν
1306 819 1654 891 ποιήσασθαι,
1688 817 1746 874 εῦ

145 907 257 979 ἔχε
270 927 316 962 ιν
343 908 653 980 ἐδοκίμαζε.

678 1001 1068 1056 ΚΕΦΑΛΑΙΟΝ
1107 1004 1241 1056 MA'.

142 1091 300 1147 Ὀτι
332 1092 428 1147 διὰ
473 1092 544 1147 τὰ
591 1096 718 1147 κατ’
764 1094 1068 1164 Αἴγυπτον
1109 1094 1444 1164 (inrigata,
1486 1097 1752 1152 σύνοδον

265 1167 351 1298 ἓὶς
393 1164 577 1232 Τύρον
617 1165 686 1217 ἐν
729 1164 810 1231 τῷ
851 1165 1078 1234 μεταξὺ
1126 1164 1403 1236 γενέσθαι
1452 1169 1749 1228 προσέτα-

304 1252 391 1288 εν.

262 1325 567 1390 Μισόκαλος
595 1326 651 1379 δὲ
679 1327 783 1379 κάν
814 1327 989 1399 τούτῳ
1016 1327 1228 1397 φθόνος,
1271 1331 1435 1383 οἱονεὶ
1463 1329 1572 1403 (98)
1623 1332 1748 1385 σκό-

147 1433 278 1469 τιον
298 1417 456 1486 νέφος
487 1417 1118 1489 τηλαυγεστάταιςῄλίου
1151 1423 1558 1492 μαρμαρυγαῖς,
1585 1421 1752 1473 ὑπαν-

149 1512 364 1580 τήσας,
391 1509 451 1562 τὸ
479 1509 701 1581 φαιδρὸν
734 1511 832 1580 τῆς
861 1509 1222 1582 πανηγύρεως
1253 1509 1500 1583 θορυϐεῖν
1526 1513 1741 1583 ἐπείρα,

149 1601 264 1665 τὰς
288 1602 407 1656 κατ’
441 1602 713 1671 Αίγυπτον
754 1601 1077 1674 Ἐκκλησίας
1109 1599 1262 1666 αὖθις
1295 1607 1414 1668 ταῖς
1460 1604 1624 1657 αὑτοῦ
1653 1622 1751 1658 τα-

153 1695 380 1765 ράττων
407 1694 756 1766 ὲρεσχελίαις.
796 1695 936 1749 Ἀλλ’
968 1696 996 1748 ὂ
1020 1711 1084 1764 γε
1101 1695 1180 1767 τῷ
1200 1695 1317 1767 Θεῷ
1344 1697 1554 1768 μεμελη
1565 1697 1744 1768 μένος,

1857 542 2214 606 existimavit,
2240 560 2348 612 quo
2396 557 2609 596 summo
2640 541 2884 595 omnium
2932 543 3042 618 regi
3087 545 3290 612 gratias
3322 561 3438 616 age-

1857 642 1960 684 ret.
2007 632 2072 686 Et
2120 634 2234 703 ipse
2262 633 2476 704 quidem
2508 634 2770 702 optimum
2822 632 2969 687 factu
3005 649 3122 688 esse
3141 636 3438 706 judicabat,

1857 726 1899 779 si
1938 727 2052 793 ejus
2102 730 2350 798 martyrii
2377 730 2516 797 quod
2571 728 2835 797 singulari
2880 728 3056 782 studio
3091 744 3152 782 ac
3200 731 3438 799 magnilio

1858 821 2034 872 centia
2064 818 2459 892 Hierosolymis
2487 831 2893 882 construxerat,
2933 821 3323 878 dedicationem
3346 840 3439 878 cea

1858 913 2116 968 lelnzaret.

2337 1006 2500 1078 51.6
2541 1005 2767 1062 CAPUT
2806 1005 2942 1061 XLI.

1859 1120 2010 1186 Quod
2047 1121 2182 1174 inter
2211 1120 2320 1174 haec
2354 1122 2609 1189 synodum
2659 1120 2784 1189 Tyri
2836 1121 3016 1174 haberi
3067 1121 3332 1176 constituit
3374 1123 3436 1176 ob

2125 1193 2384 1261 quasdam
2425 1193 2477 1244 in
2518 1190 2748 1261 ngypto
2784 1193 3188 1248 controversias.

1928 1320 2126 1374 Verum
2156 1319 2370 1374 invidus
2395 1319 2604 1374 dremon
2629 1319 2894 1374 bonorum
2923 1321 3162 1375 ornuium
3191 1321 3438 1378 mimicus

1857 1412 2028 1466 instar
2070 1412 2406 1466 densissima:
2449 1411 2727 1479 cujusdam
2791 1413 2950 1466 nubis
2989 1412 3437 1482 splemlidissimis

1855 1506 1984 1558 solis
2034 1504 2201 1560 radiis
2240 1519 2360 1560 sese
2396 1507 2739 1574 opponentis,
2783 1506 2944 1573 huius
2994 1506 3324 1561 celebritatis
3353 1509 3437 1561 ni-

1858 1604 2026 1650 torem
2076 1597 2296 1651 turbare
2350 1607 2581 1652 conatus
2627 1605 2753 1663 est,
2813 1597 3176 1652 Ecclesiarnm
3217 1597 3436 1668 ASgypti

1853 1697 2054 1742 statum
2087 1689 2524 1743 contentionibus
2560 1689 2675 1744 suis
2717 1689 2917 1744 iterum
2968 1689 3302 1743 concutiens.
3329 1687 3434 1744 Sed

154 1787 384 1841 σύνοδον
409 1784 562 1852 αὖθις
591 1787 856 1842 πλείστων
872 1789 1184 1842 ἐπισκόπων
1206 1789 1392 1862 ὥσπερ
1420 1791 1554 1845 Θεοῦ
1577 1809 1743 1862 στρα·

1854 1780 1996 1834 enim
2029 1781 2137 1835 Deo
2168 1781 2368 1835 charns
2407 1782 2703 1851 imperator
2735 1781 3014 1836 collectam
3056 1797 3242 1837 rursus
3269 1782 3436 1851 pluri-

150 1883 387 1936 τόπεδον
433 1883 766 1947 καθοπλίσας
789 1925 804 1946 ,
839 1883 1328 1955 ἀντιπαρετάττετο
1381 1884 1457 1955 τῷ
1493 1885 1748 1957 βασκάνῳ

151 1975 401 2045 δαίμονι,
441 1976 498 2042 ἐξ
525 1977 742 2047 ἁπάσης
768 1975 1043 2045 Αἰγύπτου
1073 1977 1168 2029 καὶ
1193 1975 1416 2047 Λιὸύης,
1459 1976 1641 2040 Ἀσίας
1687 1995 1747 2031 τε

155 2067 263 2120 καὶ
298 2066 563 2138 Εὐρώπης
592 2067 861 2131 σπεύδειν,
900 2066 1093 2139 πρῶτα
1133 2068 1230 2138 μὲν
1264 2067 1355 2119 ἐπὶ
1379 2066 1474 2137 τὴν
1503 2068 1601 2138 τῆς
1629 2055 1767 2122 διαέ

157 2157 350 2228 μάχης
381 2158 552 2220 λύσιν,
589 2157 835 2211 ἐντεῦθεν
861 2157 918 2211 δὲ
938 2157 1035 2229 τὴν
1064 2158 1362 2229 ἀφιέρωσιν
1397 2157 1492 2212 τοῦ
1545 2159 1750 2230 προλε.

161 2251 392 2320 χθέντος
419 2248 526 2302 νεὼ
558 2249 827 2303 ποιεῖσθαι
853 2249 1354 2320 διακελευσάμενος
1393 2249 1515 2304 ὁδοῦ
1545 2250 1607 2321 δὴ
1637 2251 1746 2304 πά-

161 2359 385 2413 ρεργον,
412 2342 504 2396 ἐπὶ
539 2343 638 2414 τῆς
679 2343 941 2396 Φοινίκων
986 2343 1371 2415 μητροπόλεως
1417 2343 1749 2413 προσέταττε

163 2433 521 2487 διαλύσασθαι
547 2434 646 2496 τὰς
674 2433 982 2505 ἐρεσχελίας
999 2451 1014 2465 ⁸
1046 2433 1119 2506 μὴ
1141 2434 1247 2506 γὰρ
1271 2433 1468 2498 ἐξεῖναι
1493 2435 1591 2500 τὰς
1612 2433 1752 2504 γνώο

171 2540 284 2594 μας
302 2523 682 2595 διῃρημένους,
700 2524 792 2578 ἐπὶ
805 2524 903 2596 τὴν
921 2522 1014 2577 τοῦ
1037 2523 1169 2577 Θεοῦ
1195 2529 1450 2597 παρεῖναι
1470 2527 1747 2599 λατρείαν,

168 2614 316 2668 θείου
356 2615 520 2686 νόμου
568 2615 1008 2688 διαγορεύοντος,
1061 2616 1134 2689 μὴ
1188 2618 1451 2690 πρότερον
1495 2618 1565 2672 τὰ
1603 2617 1751 2690 δῶρα

165 2707 498 2780 προσφέρειν
541 2710 666 2772 τοὺς
696 2711 753 2762 ὲν
787 2709 1020 2782 διαφορᾷ
1065 2711 1465 2780 τυγχάνοντας,
1495 2710 1527 2782 ἣ
1569 2709 1752 2781 φιλίαν

167 2801 589 2872 ἀσπασαμένους
621 2802 750 2872 (99),
782 2804 876 2856 καὶ
907 2803 974 2856 τὰ
1006 2803 1140 2874 πρὸς
1170 2803 1430 2875 ἀλλήλους
1461 2805 1753 2878 εἰρηνικῶς

164 2886 466 2952 διαθέντας.
486 2889 667 2943 Ταῦτα
693 2889 943 2959 βασιλεὺς
964 2891 1033 2945 τὰ
1059 2895 1300 2966 σωτήρια
1321 2894 1752 2968 παραγγέλματα

166 2983 236 3050 τῇ
270 2980 434 3033 αὑτοῦ
466 2983 625 3047 αὐτὸς
659 2983 864 3057 διανοίᾳ
907 2985 1176 3057 ζωπυρῶν
1197 3027 1212 3053 ,
1247 2987 1345 3040 σὺν
1389 2986 1612 3059 ὁμονοία
1659 2986 1752 3040 καὶ

171 3076 461 3147 συμφωνίᾳ
503 3078 567 3146 τῇ
613 3077 757 3148 πάσῃ
791 3077 1008 3147 ἔχεσθαι
1048 3080 1156 3132 τῶν
1202 3079 1578 3152 προκειμένων
1603 3119 1618 3145 ,
1663 3078 1752 3134 διὰ

168 3169 388 3240 γραφῆς
415 3168 586 3232 οὕτως
619 3168 848 3240 ἐχούσης
873 3170 1081 3241 ἐδήλου.

677 3456 1074 3510 ΚΕΦΑΛΑῘΟΝ
1104 3459 1240 3512 MB'.

282 3547 734 3601 Κωνσταντίνου
757 3548 906 3617 πρὸς
927 3547 1041 3618 τὴν
1067 3549 1136 3601 ἐν
1174 3551 1331 3618 Τύρῳ
1357 3550 1640 3606 σύνοδον.

250 3654 271 3689 s
302 3638 545 3709 Νικητὴς
579 3640 1000 3706 Κωνσταντῖνος,
1031 3638 1299 3708 Μέγιστος
1345 3642 1633 3709 Σεϐαστὸς,
1682 3645 1747 3716 τῇ

172 3729 308 3801 ἁγίᾳ
341 3729 542 3801 συνόδῳ
569 3733 634 3802 τῇ
670 3730 810 3784 κατά
832 3730 1027 3800 Τύρον.

250 3838 268 3870 ι
298 3814 404 3872 Ἦν
434 3819 531 3890 μὲν
579 3819 707 3884 ἴσως
738 3819 1026 3874 ἀκόλουθον
1069 3822 1161 3876 καὶ
1185 3825 1249 3894 τῇ
1281 3822 1386 3877 τῶν
1420 3825 1626 3897 καιρῶν
1659 3826 1752 3879 εὐ-

174 3910 366 3982 καιρία
398 3911 628 3982 μάλιστα
659 3911 886 3983 πρέπον,
917 3914 1271 3969 ἀστασίαστον
1303 3911 1558 3988 εἶναιτὴν
1610 3920 1750 3972 καθ-

171 4003 360 4075 ολικὴν
396 4005 736 4074 Ἐκκλησίαν,
760 4006 854 4058 καὶ
880 4007 1058 4078 πάσης
1089 4006 1353 4080 λοιδορίας
1385 4010 1460 4079 (l)
1488 4011 1614 4073 τοὺς
1652 4011 1742 4064 τοῦ

174 4095 409 4166 Χριστοῦ
468 4096 561 4149 νῦν
600 4097 942 4168 ἀπηλλάχθαι
994 4099 1348 4170 θεράποντας.
1391 4103 1542 4156 Ἐπεὶ
1577 4103 1620 4156 δ’
1652 4105 1750 4177 οὐχ

175 4187 360 4258 ὑγιοῦς
381 4188 715 4260 φιλονεικίας
741 4188 941 4261 οἴστρῳ
966 4191 1108 4256 τινὲς
1140 4191 1484 4265 ἐλαυνόμενοι
1527 4193 1608 4267 (ού
1637 4196 1746 4269 γὰρ

173 4457 308 4513 Male
344 4457 611 4526 interpres
652 4457 817 4511 vertit
861 4457 1060 4510 decimo
1095 4473 1299 4527 quoque
1345 4475 1504 4512 anno.
1558 4458 1744 4526 Neque

1850 1887 2057 1926 morum
2085 1873 2386 1927 antistitum
2409 1877 2696 1942 synodum,
2718 1873 2862 1927 velut
2887 1871 3124 1926 divinum
3150 1875 3434 1942 quemdam

1848 1963 2144 2016 eXercitum
2186 1963 2238 2016 in
2289 1963 2534 2032 praelium
2585 1965 2852 2024 edocens,
2893 1962 3160 2018 malevolo
3205 1964 3436 2019 daemoni

1848 2053 2046 2122 ohjecit
2081 2071 2094 2107 :
2123 2054 2394 2124 episc0pis
2439 2071 2505 2110 ex
2547 2043 2815 2126 universa
2847 2055 3117 2126 .Egypto,
3150 2065 3206 2110 et
3244 2054 3433 2125 Libya,

1854 2146 1980 2199 Asia
2034 2147 2161 2201 item
2210 2155 2264 2201 et
2314 2147 2528 2216 Europa
2586 2149 2877 2202 convenire
2927 2148 3146 2218 jussis:
3201 2149 3434 2218 primmn

1849 2237 2064 2304 quidem
2090 2237 2156 2291 ad
2181 2239 2538 2292 dirimendam
2574 2239 3006 2293 controversiam
3029 2280 3044 2302 ,
3073 2239 3270 2293 exinde
3299 2253 3431 2292 vero

1850 2326 1918 2379 ad
1951 2329 2244 2396 supradicti
2271 2329 2513 2399 martyrii
2542 2329 2959 2383 dedicationem.
2988 2328 3222 2384 Proinde
3275 2345 3434 2382 man-

1851 2419 1993 2472 davit
2028 2419 2095 2473 iis
2125 2431 2182 2473 ut
2223 2421 2398 2476 obiter
2428 2421 2482 2474 in
2525 2420 2746 2476 civitate
2782 2437 2903 2490 quae
2937 2423 3102 2476 totius
3139 2421 3433 2477 Plimnices

1851 2525 2010 2585 caput
2040 2526 2142 2581 est,
2191 2516 2598 2574 controversias
2640 2515 3044 2573 dissolverent:
3079 2531 3255 2587 neque
3290 2517 3432 2570 enim

1851 2607 1934 2663 fas
1960 2623 2102 2672 esse,
2129 2617 2189 2662 ut
2239 2624 2365 2663 cum
2399 2619 2606 2682 .nmtua
2646 2610 2949 2663 animorum
2997 2608 3332 2663 dissensione
3366 2607 3433 2661 ad

1851 2701 2092 2755 divinum
2129 2701 2333 2756 cultum
2369 2702 2697 2756 accederent
2731 2716 2745 2754 :
2787 2716 2909 2755 cum
2951 2700 3130 2753 divina
3157 2701 3242 2756 lex
3271 2712 3434 2763 vetet,

1854 2807 1919 2846 ne
1952 2793 2355 2860 dissentientes,
2384 2803 2674 2862 antequam
2708 2792 3022 2860 compositis
3052 2793 3195 2847 inter
3221 2807 3278 2846 se
3301 2809 3434 2847 con-

1853 2887 2134 2938 troversiis
2180 2901 2366 2953 pacem
2407 2896 2570 2955 atque
2595 2883 2895 2940 anncitiam
2929 2887 3254 2954 pepigerint,
3287 2889 3429 2940 dona

1852 2992 1947 3030 sua
1982 2977 2212 3032 olferant
2246 2978 2373 3032 Deo.
2429 2977 2552 3033 llzec
2602 2977 2858 3033 salutaria
2899 2977 3207 3031 Servatoris
3264 2977 3433 3033 nostri

1853 3067 2171 3120 documenta
2197 3068 2492 3133 imperator
2544 3068 2760 3122 assidua
2794 3068 3127 3139 cogitatione
3171 3067 3433 3131 volvens,

1779 3169 1824 3230 ς
1858 3172 1980 3212 cum
2009 3159 2155 3214 omni
2191 3160 2497 3215 animorum
2526 3163 2886 3217 consensione
2916 3170 2974 3226 et_
2991 3162 3279 3217 concordia
3306 3176 3433 3230 pro-

1853 3249 2085 3316 positum
2117 3265 2256 3321 opus
2289 3250 2506 3321 aggredi
2541 3251 2771 3317 monuit,
2815 3267 2912 3321 per
2950 3251 3164 3309 litteras
3195 3267 3319 3322 quin
3356 3252 3433 3308 sic

1852 3353 1911 3394 se
1943 3340 2164 3396 habent.

2431 3450 2660 3509 CAPUT
2704 3452 2866 3507 XLII.

1851 3541 2092 3614 Epistola
2128 3543 2464 3599 Constantini
2492 3545 2562 3598 ad
2591 3547 2848 3616 synodum
2884 3545 3010 3616 Tyri
3044 3558 3430 3616 congregatum.

1927 3655 1947 3688 ε
1986 3624 2169 3692 Victor
2193 3638 2600 3703 Constantinus,
2636 3639 2777 3693 Max.
2801 3639 3094 3711 Augustus,
3123 3650 3322 3694 sanctae
3346 3655 3434 3711 sy-

1853 3730 1992 3782 nodo
2023 3740 2362 3800 congregata:
2392 3730 2443 3783 in
2467 3731 2602 3784 urbe
2629 3730 2794 3801 Tyro.

1931 3840 1950 3872 ι
1977 3821 2286 3893 Congruum
2325 3823 2482 3892 plane
2509 3833 2564 3878 et
2594 3825 2942 3894 prosperitati
2990 3834 3290 3894 temporum
3340 3841 3434 3879 no-

1852 3924 2090 3970 strorum
2148 3926 2574 3970 consentaneum
2625 3925 2768 3982 erat,
2797 3931 2855 3972 ut
2878 3918 3119 3973 Ecclesia
3164 3918 3433 3974 catholica

1852 4015 2046 4077 expers
2079 4008 2366 4063 seditionis
2398 4015 2582 4074 esset,
2616 4016 2671 4063 et.
2704 4003 2909 4064 Christi
2963 4009 3146 4063 famuli
3183 4011 3252 4063 ab
3284 4010 3432 4063 omni

1852 4115 1996 4154 nunc
2057 4101 2258 4168 probro
2288 4100 2443 4154 vacui
2475 4108 2658 4155 essent
2690 4114 2755 4154 ac
2797 4100 2973 4154 liberi.
3029 4101 3133 4155 Sed
3170 4100 3429 4169 quoniam

1853 4192 2096 4248 nonnulli
2142 4193 2400 4261 improbae
2439 4192 2810 4247 contentionis
2836 4191 3074 4247 stimulis
3118 4190 3339 4263 agitati,
3366 4205 3434 4246 ne

1852 4454 2070 4524 scripsit
2112 4469 2253 4510 anno
2302 4454 2503 4511 Christi
2537 4455 2664 4523 515,
2708 4454 2801 4526 qui
2850 4463 2934 4510 est
2983 4453 3433 4526 prochronismus

173 4529 560 4582 Constantinus
602 4528 811 4582 decimo
855 4543 1071 4596 quoque
1101 4544 1244 4582 anno
1291 4529 1502 4595 imperii
1554 4531 1636 4584 sui
1681 4533 1742 4584 li-
1778 4530 1818 4583 ι)
1853 4528 2076 4581 biennii.

175 4599 335 4670 heros
369 4613 497 4670 suos
537 4598 778 4670 Caesares
815 4595 1039 4670 creavit.
1070 4595 1278 4670 Quippe
1324 4598 1572 4670 Crispum
1622 4603 1740 4670 qui-

174 4669 292 4723 dem
333 4678 388 4723 et
426 4669 842 4722 Constantinum
892 4667 1133 4722 Caesares
1173 4667 1328 4732 fecit,
1368 4667 1655 4724 Gallicano‘
1687 4683 1741 4724 et

172 4737 340 4794 Basso
369 4753 536 4801 coss.,
567 4737 822 4810 Kalendis
860 4735 1088 4810 Martiis,
1117 4737 1207 4806 qni
1232 4749 1375 4810 _erat
1405 4755 1584 4810 annus
1625 4741 1740 4810 ejus

173 4810 506 4878 principatus
568 4807 907 4862 undecimus.
952 4807 1313 4878 Constantinus
1376 4825 1503 4863 vero
1558 4807 1742 4867 Caesar

173 4876 388 4934 creatus
421 4888 503 4933 est
533 4880 812 4933 consulatu
849 4893 909 4932 Ill
938 4876 1118 4947 Crispi
1167 4889 1220 4933 et
1257 4879 1621 4944 Constantini,
1656 4884 1740 4937 die

169 4965 223 5004 νι
269 4950 391 5004 ldus
421 4949 760 5012 Novembris,
786 4949 886 5003 hoc
917 4959 1023 5009 est.
1053 4964 1194 5003 anno
1227 4949 1438 5018 imperii
1469 4951 1738 5005 Constan-

173 5021 271 5076 tini
322 5035 464 5074 nono
494 5036 558 5074 ac
600 5020 834 5074 decimo.
884 5018 1122 5089 Denique
1167 5019 1441 5074 Constans
1485 5022 1668 5074 Caesar
1705 5041 1732 5076 ιι

173 5100 325 5161 patre
358 5091 697 5161 renuntiatus
729 5101 831 5161 est,
871 5089 1221 5161 Dalmatioiet
1249 5089 1542 5157 Zenophilo
1569 5107 1736 5154 ροσε..

175 5159 260 5215 die
298 5175 390 5215 vnl
438 5159 709 5214 Kalendas
757 5160 1083 5223 Januarias,
1133 5160 1486 5216 Constantino
1539 5179 1736 5217 amnnn

173 5230 382 5301 imperii
434 5232 515 5301 s_ui
575 5240 825 5301 octavum
877 5247 942 5284 ac
995 5231 1309 5301 vicesimum
1363 5231 1624 5300 ingresso.
1682 5245 1740 5286 ut

174 5299 406 5384 patetes
437 5299 619 5384 Fastis
668 5299 1048 5384 ldatii‘..Quare
1079 5300 1292 5384 Eusebii
1335 5299 1498 5384 verba
1549 5303 1741 5384 melius

174 5371 245 5428 ita
294 5381 623 5425 vertentur:
654 5371 878 5439 singulis
941 5372 1224 5426 decenniis.
1258 5373 1363 5426 Sed
1411 5387 1586 5440 neque
1642 5375 1742 5430 hoc

174 5442 327 5496 modo
366 5457 550 5496 verum
581 5443 686 5496 erit
715 5443 856 5509 quod
887 5441 1025 5494 dixit
1057 5442 1336 5495 Eusebius.
1367 5441 1553 5510 Neque
1591 5447 1737 5497 enim

175 5512 392 5582 Crispus
421 5523 477 5566 et
543 5511 932 5566 Constantinus
971 5512 1156 5578 junior
1185 5512 1428 5567 Cicsares
1461 5513 1586 5566 t'acti
1617 5525 1742 5566 sunt

175 5582 225 5636 in
273 5583 444 5650 prima
485 5582 831 5637 decaeteride
881 5582 1250 5645 Constantini,
1287 5584 1380 5637 sed
1431 5587 1576 5636 circa
1629 5585 1740 5651 pri-

175 5668 308 5705 mam
375 5651 796 5708 decaeteridem.
865 5651 1050 5720 Itaque
1119 5651 1348 5721 benigna
1412 5654 1740 5722 interpreta-

178 5727 314 5778 tione
351 5734 511 5793 egent
559 5725 672 5776 hare
717 5723 900 5793 verba.
929 5723 1084 5793 Quod
1111 5736 1233 5775 cum
1281 5725 1501 5777 minime
1550 5729 1742 5778 adver-

176 5795 322 5849 tisset
383 5790 680 5858 Baronius,
745 5792 992 5860 Crispum
1047 5790 1311 5848 Caesarem
1367 5794 1568 5848 factum
1617 5811 1741 5851 esse

780 5977 788 6008 l

1917 4598 2029 4668 (97)
2067 4594 2549 4668 Εὐχαριστήριον
2596 4597 2828 4668 καιρόν.
2908 4595 3259 4668 Nondubito
3303 4596 3431 4668 quin

1844 4665 2190 4732 scribendum
2217 4665 2286 4721 sit
2312 4667 2789 4738 εὐχαριστηρίων,Δ
2816 4665 2956 4738 quod
2986 4667 3156 4719 miror
3188 4667 3432 4738 abdaliis

1844 4685 2188 4732 seruiendum
2217 4685 2286 4721 sit.
2312 4685 2444 4738 ευχα
2491 4685 2773 4738 ιστηριων,
2816 4685 2956 4734 quou
2986 4685 3156 4719 mtror
3188 4685 3254 4719 an
3312 4685 3432 4718 ants

1842 4739 2277 4792 animadversum
2305 4754 2410 4790 non
2436 4685 2628 4792 dum.
2669 4737 2721 4789 In
2753 4735 2892 4791 Fuk.
2947 4738 3136 4789 codice
3172 4736 3433 4789 scribitur

1841 4809 2258 4880 εὐχαριστὴριον
2291 4809 2484 4879 καιρὸν
2517 4810 2612 4862 καὶ
2646 4806 2926 4878 εὔκαιρον,
2964 4805 3105 4874 quod
3146 4822 3252 4860 non
3303 4822 3432 4875 pro-

1842 4879 1932 4934 bo.

1913 4949 2024 5021 (98)
2085 4947 2242 5019 Vulg.
2282 4943 2578 5021 οῖοκ-είς.
2668 4947 3023 5021 _Scribendum
3090 4962 3196 5000 uno
3264 4947 3432 5021 verbo

1840 5018 2028 5082 οἱονεί,
2063 5032 2119 5073 ιιι
2147 5018 2364 5073 inlibro
2399 5018 2579 5072 Μοιτυί
2615 5019 2681 5070 ad
2743 5020 3037 5085 marginem
3079 5018 3430 5071 emendatum

1847 5092 2052 5151 inveni,
2088 5103 2140 5143 et
2174 5090 2332 5159 paulo
2363 5101 2482 5156 post
2509 5088 2796 5158 legendum
2834 5087 3175 5159 ῦπαντῆσαν.

1919 5161 2034 5230 (U9)
2082 5156 2232 5226 Vulg.
2277 5159 2314 5226 ἢ
2342 5156 3045 5230 φιλιάιοοπασαμένουςζ
3067 5156 3260 5230 Nescio
3311 5158 3432 5224 quis

1843 5231 1910 5302 ad
1929 5228 2271 5302 marginem,
2291 5232 2548 5302 editionis
2579 5229 2916 5302 Geueveusis
2952 5228 3237 5281 adnotavit
3258 5299 3266 5302 _
3289 5230 3429 5279 seri-

1841 5297 2089 5354 benduni
2103 5316 2226 5356 esse
2251 5299 2694 5371 ἀσπασαμένους.
2760 5297 2951 5371 Malim
3002 5308 3180 5371 tamen
3242 5299 3432 5371 _lcgere

1841 5373 2260 5442 σπεισαμένους.
2292 5372 2345 5423 In
2376 5367 2563 5442 codice
2621 5381 2799 5425 tamen
2859 5368 3071 5424 Fuketii
3127 5384 3190 5422 ac
3237 5367 3430 5422 Savnlti

1841 5441 2098 5496 scribitur
2126 5441 2570 5511 ἀσπασαμένους.

1912 5511 1984 5581 (t)
2019 5512 2226 5580 Πάσης
2253 5508 2577 5581 λοιδορίας.
2603 5510 2714 5566 Hoc
2741 5510 2862 5566 loco
2882 5509 3121 5581 λοιδορία
3154 5508 3430 5576 passivzim

1840 5581 2003 5635 habet
2044 5585 2524 5651 signiﬁcationem,
2560 5585 2808 5652 idemque
2838 5584 2983 5636 valet
3027 5583 3182 5652 quod
3213 5581 3434 5652 indlinc

1842 5652 2002 5720 hujus
2025 5656 2268 5721 cpistola:
2296 5650 2668 5724 βλασφημίας.
2711 5650 2888 5724 Atque
2926 5655 3003 5709 ita
3052 5651 3238 5724 (vertit,
3266 5650 3429 5724 Chri-

1841 5725 2234 5796 s_tophorsonus
2269 5722 2321 5777 in
2352 5722 2692 5796 libro—primo
2723 5723 2983 5779 Historiw
3040 5722 3428 5777 Ecclesiastica

1843 5792 2178 5863 Theodoriti,
2209 5811 2326 5864 cap.
2351 5797 2442 5850 29.
