4114 6432
253 409 396 469 H93

691 529 694 532 λ
756 495 1154 582 ιθῖΦΑΑΑιοΝ
1201 527 1330 580 Ml".

255 622 375 674 Ὅτι
407 618 524 673 τῶν
550 618 619 672 ἐν
655 618 1084 687 Ἰεροσολύμοις
1111 619 1426 689 emacerle
1456 621 1543 684 εὶς
1562 618 1676 687 τὴν
1704 619 1833 688 ἐορ-

324 691 436 760 τὴν
466 691 532 743 ἐκ
554 689 765 742 πασῶν
784 691 1083 760 ἐπαρχιῶν
1105 689 1389 758 παρῆσαν
1415 690 1758 744 ἐπίσκοποι.

333 782 483 836 Ἐπεὶ
522 782 577 835 δὲ
598 781 662 834 δι’
695 781 870 854 ἔργων
897 781 1090 854 ἐχώρει
1117 782 1185 836 τά
1208 783 1673 854 προστεταγμένα,
1703 802 1836 838 κατ-

253 872 552 944 ελάμϐανεν
590 870 746 935 ἄλλος
790 871 1065 940 βασιλικὸς
1127 873 1287 945 ἀνὴρ,
1345 873 1690 944 ἐπισπέρχων
1735 875 1834 945 τὴν

257 967 470 1021 σύνοδον
515 966 614 1018 σὺν
652 965 939 1035 γράμματι
982 964 1245 1036 βασιλικῷ
1293 965 1390 1036 (7),
1435 966 1684 1019 σπεύδειν
1739 968 1834 1021 καὶ

256 1060 421 1132 μηδὲν
460 1058 870 1122 ἀναϐάλλεσθαι,
894 1059 992 1128 τὴν
1022 1058 1113 1111 ἐπὶ
1135 1057 1205 1111 τά
1241 1058 1585 1130 Ἱεροσόλυμα
1628 1076 1836 1130 παρορ-

259 1153 374 1223 μῶν
402 1169 464 1219 γε
499 1150 740 1220 πορείαν.
791 1151 1056 1220 Ἄραντες
1099 1145 1192 1204 οὖν
1233 1153 1281 1202 οί
1327 1151 1526 1214 πάντες
1579 1149 1687 1204 ἀπὸ
1740 1149 1832 1202 τοῦ

254 1242 513 1296 Φοινίκων
552 1239 756 1304 ἔθνους,
802 1239 1081 1310 δημοσίοις
1112 1239 1332 1310 δρόμοις
1377 1239 1604 1311 ἤλαυνον
1649 1241 1742 1294 ἐπὶ
1768 1241 1836 1293 τά

255 1334 589 1408 προκείμενα
607 1350 621 1364 ⁸
657 1332 957 1403 ἐπληροῦτο
985 1331 1040 1384 δὲ
1071 1332 1189 1385 τότε
1214 1334 1318 1397 πᾶς
1344 1333 1372 1384 ὁ
1395 1333 1520 1403 τῇδε
1545 1334 1709 1397 τόπος
1742 1351 1837 1404 με-

254 1431 447 1501 γίστης
475 1427 608 1482 Θεοῦ
657 1426 894 1499 χορείας,
934 1426 1024 1478 ἐπὶ
1055 1425 1247 1479 ταύτὸν
1292 1428 1348 1478 ἐν
1385 1429 1495 1488 τοῖς
1544 1426 1835 1497 Ἰεροσολύ-

259 1538 382 1592 μοις
413 1519 759 1591 συνηγμένων
787 1517 894 1570 τῶν
923 1517 983 1582 ἐξ
1015 1517 1233 1586 ἁπάσης
1264 1517 1526 1589 ἐπαρχίας
1559 1517 1834 1586 διαφανῶν

255 1592 570 1667 ἐπισκόπων
591 1628 604 1642 °
654 1610 960 1674 Μακεδόνες
989 1611 1085 1680 μὲν
1115 1611 1223 1681 γὰρ
1250 1611 1340 1665 τὸν
1370 1613 1470 1682 τῆς
1495 1611 1624 1682 παρ’
1653 1611 1836 1674 αὐτοῖς

261 1702 640 1776 μητροπόλεως
671 1702 744 1773 (8)
776 1703 1154 1774 παρέπεμπον,
1185 1702 1460 1755 Παννόνιοί
1497 1721 1554 1756 τε
1590 1702 1682 1756 καὶ
1713 1704 1830 1757 Μυ-

259 1797 362 1859 σοὶ,
409 1795 474 1848 τὰ
523 1798 652 1866 παρ’
697 1797 879 1859 αὐτοῖς
937 1796 1200 1851 ἀνθοῦντα
1245 1795 1414 1865 κάλλη
1445 1796 1541 1866 τῆς
1580 1794 1673 1849 τοῦ
1699 1795 1834 1849 Θεοῦ

1338 409 1427 466 DE
1471 409 1631 466 VITA
1669 410 2129 466 CONSTANTINI
2169 410 2296 466 LIB.
2337 409 2426 466 IV.

1859 532 1906 589 A

3369 409 3506 469 “9‘

2387 526 2551 599 543
2603 525 2833 584 CAPUT
2871 526 3051 582 XLIII.

1939 621 2212 688 Quomodo
2230 621 2297 674 ad
2322 619 2700 692 dedicationem
2733 619 2972 692 ecclesia;
2996 619 3503 692 Hierosolymorum,

2111 691 2338 762 episcopi
2366 706 2432 744 ea:
2454 691 2694 744 omnibus
2723 691 3005 760 provinciis
3034 691 3333 747 convenere.

2007 782 2138 838 Cum
2197 783 2311 837 haec
2360 789 2626 852 praecepta
2685 782 3017 837 exsecutioni
3075 783 3507 851 mandarentur,

1937 875 2076 930 alius
2105 875 2173 929 ab
2200 876 2523 945 imperatore
2542 874 2762 928 nuntius
2799 875 3134 944 supervenit,
3166 875 3283 946 qui,
3310 875 3507 932 oblatis

1937 967 2308 1035 imperialibus
2365 967 2602 1032 litteris,
2657 964 2922 1036 synodum
2984 966 3232 1022 hortatus
3282 976 3388 1033 est,
3424 977 3507 1036 ut,

1938 1062 2082 1116 nulla
2111 1060 2426 1131 interposita
2462 1074 2637 1124 mora,
2668 1072 2857 1113 omnes
2889 1058 3288 1129 quamprimum
3317 1059 3510 1116 Hiero-

1937 1152 2196 1225 solymam
2230 1159 2604 1224 properarent.
2640 1149 2832 1206 Cuncti
2866 1149 3029 1218 igitur
3075 1165 3142 1205 ex
3189 1149 3506 1206 Phoenicum

1938 1241 2218 1310 provincia
2259 1241 2623 1311 digredientes
2647 1280 2664 1306 ,
2704 1238 2918 1309 publico
2963 1253 3126 1292 cursu
3159 1241 3506 1304 contendere,

1937 1345 2002 1387 eo
2031 1347 2138 1401 quo
2164 1330 2371 1399 iussum
2395 1339 2786 1399 erat,c(epere.
2803 1330 3077 1399 Totusque
3091 1328 3201 1384 illic
3221 1328 3369 1385 locus
3391 1344 3509 1384 ma-

1935 1426 2085 1479 ximo
2114 1424 2207 1479 Dei
2258 1433 2404 1479 cmtu
2441 1421 2656 1476 tandem
2702 1421 2934 1475 refertus
2974 1420 3095 1483 fuit,
3127 1435 3249 1476 cum
3287 1434 3353 1476 ex
3388 1421 3509 1475 uni-

1936 1518 2112 1574 versis
2142 1516 2437 1587 provinciis
2490 1516 2727 1584 insignes
2760 1514 2995 1583 episcopi
3027 1512 3419 1586 Hierosolymis
3454 1513 3508 1577 in

1937 1625 2105 1664 unum
2136 1609 2537 1665 convenissent.
2564 1607 2697 1662 Nam
2724 1615 2779 1662 et
2807 1607 3128 1663 Macedones
3151 1607 3340 1678 primae
3368 1607 3511 1678 apud

1937 1717 1997 1758 se
2024 1703 2168 1757 sedis
2190 1703 2515 1772 episcopum
2545 1701 2844 1765 miserant;
2879 1709 2931 1755 et
2972 1699 3213 1756 Pannoni
3239 1716 3303 1757 ac
3347 1701 3504 1758 Moesi

1939 1811 2005 1852 ex
2037 1796 2301 1851 tironibus
2347 1795 2442 1850 Dei
2477 1794 2827 1850 lectissimum
2862 1793 3045 1848 ﬂorem
3081 1807 3144 1847 ac
3171 1792 3504 1864 praecipuum

256 1887 530 1950 νεολαίας·
574 1888 754 1959 παρῆν
803 1888 858 1940 δὲ
907 1889 1000 1941 καὶ
1051 1888 1274 1958 Περσῶν
1333 1889 1644 1942 ἐπισκόπων
1695 1889 1833 1958 ἱερὸν

1938 1888 2113 1958 gentis
2139 1903 2249 1942 sua:
2279 1888 2444 1942 decus
2473 1887 2805 1941 direxerant.
2849 1885 3053 1940 Aderat
3087 1885 3252 1940 etiam
3294 1885 3510 1954 episco-

256 1981 466 2052 χρῆμα,
499 1978 565 2033 τά
592 1979 709 2032 θεῖα
737 1980 891 2048 λόγια
926 1979 1310 2051 ὲξηκριϐωκὼς
1346 1981 1504 2052 ἀνὴρ,
1529 1981 1740 2034 Βιθυνοί
1771 1997 1832 2033 τε

257 2072 351 2126 καὶ
390 2072 601 2144 Θρᾷκες
650 2071 724 2142 (9)
775 2073 835 2126 τὺ
892 2073 1164 2144 πλήρωμα
1215 2073 1315 2142 τῆς
1358 2075 1574 2128 συνόδου
1609 2073 1834 2127 κατεκό-

259 2180 447 2234 σμουν.
473 2165 547 2218 Οὐ
580 2165 686 2236 μὴν
711 2164 1148 2236 ἀπελιμπὰνοντο
1183 2166 1344 2236 (οὐδὲ)
1376 2166 1614 2219 Κιλίκων
1641 2168 1689 2218 oi
1722 2165 1835 2218 δια-

259 2255 534 2332 φέρογτες,
581 2257 672 2310 καὶ
717 2257 1098 2311 Καππαδοκῶν
1139 2257 1187 2310 θ’
1217 2261 1266 2312 oi
1293 2258 1497 2330 πρῶτοι
1553 2258 1834 2311 παιδεύσει

256 2348 428 2418 λόγων
457 2349 609 2420 μέσοι
635 2353 747 2415 τοῖς
776 2352 910 2404 πᾶσι
933 2351 1222 2423 διέπρεπον
1241 2370 1252 2381 ’
1287 2351 1456 2424 Συρία
1481 2369 1538 2405 τε
1562 2353 1712 2405 πᾶσα
1740 2354 1835 2406 καὶ

255 2441 669 2512 Μεσοποταμία,
702 2442 917 2512 Φοινίκη
952 2461 1010 2495 τε
1045 2443 1136 2496 καὶ
1179 2443 1401 2516 Ἀραϐία
1432 2445 1528 2498 σὺν
1559 2444 1694 2515 αὐτῇ
1725 2445 1836 2497 Πα-

257 2532 521 2604 λαιστίνῃ,
557 2535 828 2602 Αἴγυπτός
861 2553 920 2588 τε
950 2537 1041 2589 καὶ
1061 2536 1254 2608 Λιϐύη,
1291 2537 1425 2591 οἵτε
1457 2537 1556 2608 τὴν
1585 2537 1836 2608 Θηϐαίων

259 2622 533 2688 οἰκοῦντες
585 2625 788 2697 χώραν,
846 2627 1043 2691 πάντες
1102 2627 1236 2698 ὁμοῦ
1283 2627 1551 2700 ἐπλήρουν
1595 2629 1694 2701 τὴν
1738 2647 1835 2700 με-

261 2718 432 2788 γάλην
509 2718 601 2772 τοῦ
659 2719 794 2772 Θεοῦ
853 2720 1068 2793 χορείαν
1104 2739 1116 2752 ·
1178 2717 1259 2785 οἷς
1331 2722 1698 2794 ἀναρίθμητος
1775 2721 1835 2789 ἐξ

261 2810 487 2864 ἀπασῶν
552 2811 658 2863 τῶν
716 2813 989 2883 ἐπαρχιῶν
1052 2813 1405 2884 ἐπηκολούθει
1469 2813 1636 2878 λεώς·
1696 2832 1834 2887 παρ-

259 2903 326 2971 ῆν
385 2901 444 2954 δὲ
502 2901 710 2965 τούτοις
767 2903 935 2956 ἅπασι
992 2904 1242 2976 βασιλική
1275 2923 1358 2970 τις
1395 2905 1665 2980 ὑπηρεσία
1699 2906 1832 2977 (10),

258 2995 452 3067 ἄνδρες
493 2997 540 3047 τ’
575 2994 633 3061 ἐξ
665 2995 841 3049 αὐτῶν
885 2995 1167 3066 βασιλείων
1201 2998 1411 3068 δόκιμοι
1455 2997 1836 3069 κατεπέμπον-

259 3107 342 3153 τυ,
375 3087 663 3160 φαιδρῦναι
684 3089 782 3161 τὴν
809 3089 998 3161 ἑορτὴν
1028 3093 1146 3154 ταῖς
1182 3090 1447 3160 βασιλέως
1476 3090 1785 3165 χορηγίαις.

775 3360 1167 3414 ΚΕΦΛΛΑΙΟΝ
1196 3362 1326 3415 ΜΔ’.

262 3446 400 3524 Περί
431 3448 541 3524 τῇς
579 3449 690 3524 διὰ-
716 3453 1019 3524 Μαριανοῦ
1064 3452 1170 3508 τοῦ
1203 3455 1480 3522 νοταρίου
1508 3454 1834 3524 δεξιώσεως

331 3519 548 3593 αὐτῶν,
593 3521 695 3593 Δκαὶ
737 3521 853 3593 τῷν
894 3525 980 3588 εἷς
1019 3525 1295 3593 πτωχοὺς
1335 3519 1682 3593 διαδόσεων,
1734 3519 1832 3582 καὶ

332 3590 724 3660 ἀναθημάτων
755 3591 860 3660 τῆς
896 3590 1270 3662 Ἐκκλησίίας.

333 3686 440 3738 Και
477 3684 582 3756 μὴν
611 3686 702 3738 καὶ
730 3688 756 3737 ὁ
779 3686 987 3749 τούτοις
1011 3687 1212 3741 ἅπασιν
1246 3689 1486 3758 ἐφεστὼς
1515 3689 1724 3760 βασιλεί
1746 3692 1832 3746 δε-

262 3774 374 3842 ξιὸς
393 3775 532 3846 ἀνὴρ
558 3776 601 3844 (Ἰ
621 3777 687 3845 Ι),
726 3778 904 3830 πίστει
945 3779 1038 3831 καὶ
1077 3780 1352 3851 εὐλαϐείᾳ,
1384 3782 1556 3852 λόγων
1588 3800 1646 3836 τε
1675 3784 1834 3839 θείων

263 3867 559 3938 ἐμπρέπων
593 3869 850 3939 ἀσκήσει·
902 3869 960 3928 ὃς
1000 3870 1063 3942 δὴ
1102 3873 1196 3926 καὶ
1227 3877 1343 3938 ταῖς
1377 3875 1515 3945 ὑπὲρ
1557 3876 1834 3941 εὐσεϐείας

261 3959 568 4029 ὁμολογίαις
595 3961 732 4014 κατὰ
751 3962 840 4016 τὸν
871 3962 980 4016 τῶν
1001 3964 1273 4034 τυράννων
1305 3967 1491 4038 καιρὸν
1523 3969 1836 4040 λαμπρυνό-

263 4067 444 4122 μενος,
469 4053 690 4116 εἰκότως
711 4053 809 4122 τὴν
833 4053 994 4107 τῶνδε
1017 4054 1255 4123 διάταξιν
1277 4058 1606 4113 ἐπιστεύετο.
1631 4061 1740 4114 Καὶ
1769 4061 1832 4132 δὴ

259 4141 337 4214 τῷ
369 4144 627 4215 βασιλέως
649 4139 801 4209 οὗτος
831 4147 1056 4219 νεύματι
1082 4151 1178 4203 σὺν
1211 4150 1528 4224 είλικρινείᾳ
1557 4153 1706 4226 πάσῃ
1721 4155 1835 4208 δια-

260 4239 603 4310 κονούμενος,
637 4241 734 4311 τὴν
758 4241 854 4312 μὲν
887 4242 1100 4297 σύνοδον
1129 4244 1292 4316 ἐτίμα
1321 4246 1625 4319 φιλοφρόνῳ
1645 4248 1832 4315 δεξιώ-

262 4347 364 4394 σει,
429 4333 702 4386 ἑστιάσεσί
745 4353 801 4387 τε
850 4336 1130 4409 λαμπραῖς
1173 4338 1266 4393 καὶ
1301 4345 1661 4412 συμποτικαίς
1700 4343 1835 4396 εὐω-

259 4423 403 4493 χίαις
423 4439 435 4452 ·
487 4427 718 4495 πτωχοῖς
750 4427 794 4480 δ’
823 4430 1092 4500 ἁνείμοσι,
1129 4433 1373 4504 πενήτων
1405 4432 1447 4485 δ’
1481 4433 1689 4506 ἀνδρῶν
1721 4434 1832 4506 (12)

1937 1996 2128 2050 porum
2157 1979 2394 2035 Persidis
2417 1987 2820 2046 ornamentum,
2846 1978 2932 2033 vir
2959 1988 3180 2033 sanctus
3201 1987 3255 2034 et
3286 1978 3339 2033 in
3371 1978 3511 2034 divi-

1937 2075 2020 2128 nis
2046 2073 2346 2143 Scripturis
2378 2073 2624 2144 apprime
2647 2072 2998 2128 exercitatus.
3031 2071 3250 2143 Bithyni
3294 2087 3510 2142 quoque

1937 2176 1990 2220 et
2017 2166 2254 2219 Thraces
2277 2166 2566 2234 praesentia
2599 2181 2693 2220 sua
2719 2175 3043 2221 conventum
3078 2166 3366 2220 ornabant.
3399 2165 3511 2221 {Nec

1935 2259 2158 2314 deerant
2192 2275 2258 2314 ex
2299 2258 2501 2314 Ciciliae
2539 2259 2808 2330 episcopis
2843 2259 3128 2314 clarissimi
3177 2259 3396 2330 quique.
3433 2260 3510 2315 Ex

1935 2351 2278 2421 Cappadocia
2306 2351 2436 2406 item
2477 2353 2566 2421 qui
2599 2352 2845 2408 doctrina
2866 2361 2922 2406 et
2945 2351 3255 2422 eloquentia
3285 2361 3513 2422 przesta-

1939 2444 2090 2509 bant,
2118 2445 2171 2498 in
2216 2445 2393 2501 medio
2424 2458 2684 2499 consessu
2723 2445 3054 2500 enituerunt.
3099 2444 3177 2498 Ad
3207 2445 3324 2500 haec
3353 2443 3512 2517 Syria

1936 2537 2139 2602 omnis,
2165 2536 2873 2608 Mesopotamia,thnice,
2905 2537 3102 2592 Arabia
3143 2549 3198 2591 et
3232 2539 3511 2595 Palaestina

1937 2631 2081 2699 ipsa;
2108 2629 2375 2702 [Egyptus
2405 2645 2623 2701 quoque
2649 2641 2704 2687 et
2738 2630 2930 2702 Libya,
2970 2639 3026 2686 et
3055 2632 3145 2702 qui
3177 2630 3511 2688 Thebaidem

1936 2723 2195 2788 incolunt,
2237 2738 2428 2779 omnes
2460 2725 2512 2778 in
2544 2739 2707 2779 unum
2735 2724 3043 2795 congregati
3077 2739 3333 2794 magnum
3364 2723 3510 2780 illum

1937 2814 2030 2870 Dei
2061 2817 2286 2871 chorum
2318 2816 2639 2886 implebant.
2666 2817 2811 2884 Quos
2834 2830 2902 2870 ex
2935 2816 3186 2872 omnibus
3220 2817 3513 2886 provinciis

1937 2908 2350 2964 innumerabilis
2378 2911 2657 2974 hominum
2700 2909 2987 2964 multitudo
3029 2909 3378 2980 sequebatur.
3405 2909 3513 2964 Ad-

1937 3010 2056 3056 erat
2088 3015 2256 3072 porro
2294 3002 2380 3057 his
2427 3001 2682 3057 omnibus
2731 3001 2930 3074 regalis
2960 3001 3240 3070 cujusdam
3297 3001 3515 3072 appari-

1936 3093 2101 3151 tionis
2144 3093 2462 3164 obsequium
2494 3103 2586 3161 ;et
2615 3109 2683 3150 ex
2716 3093 2932 3164 imperii
2963 3095 3166 3165 palatio
3206 3095 3355 3151 missi
3392 3095 3515 3166 qui-

1936 3187 2062 3241 dam
2117 3197 2374 3258 spectatae
2432 3187 2720 3258 probitatis
2773 3187 2907 3254 viri,
2949 3188 3040 3258 qui
3092 3188 3397 3258 sumptibus
3442 3189 3511 3244 ab

1937 3281 2264 3352 imperatore
2302 3279 2729 3352 subministratis
2770 3277 3126 3338 festivitatem
3152 3280 3511 3337 illustrarent.

2491 3351 2723 3429 CAPUT
2757 3371 2944 3430 XLIV.

1938 3465 2209 3530 Quomodo
2262 3483 2353 3537 per
2404 3465 2715 3522 Marianum
2756 3469 3021 3523 notarium
3070 3468 3268 3537 excepti
3312 3469 3512 3530 δίηται

2001 3539 2238 3660 pecunia
2285 3538 2603 3608 pauperibus
2643 3549 2986 3612 erogattent
3038 3540 3101 3594 de
3145 3539 3382 3596 donariis
3409 3537 3512 3596 Ec-

2008 3624 2035 3660 c
2059 3624 2201 3663 estw.

2005 3698 2104 3756 His
2131 3709 2314 3756 autem
2359 3701 2613 3757 omnibus
2646 3711 2879 3773 praeerat
2901 3702 2984 3758 vir
3016 3703 3328 3773 imperatori
3362 3718 3514 3759 cum-

1935 3791 2126 3862 primis
2160 3793 2309 3849 utilis
2335 3833 2352 3859 ,
2397 3792 2523 3858 ﬁde,
2571 3794 2850 3866 religione,
2886 3803 2942 3852 et
2978 3810 3258 3850 sacrarum
3307 3795 3514 3852 littera-

1939 3901 2058 3940 rnm
2083 3886 2285 3958 peritia
2310 3888 2660 3959 conspicuus.
2692 3888 2793 3956 Qui
2817 3903 2941 3945 cum
2975 3900 2988 3944 1
2999 3888 3282 3960 yrannicis
3305 3899 3514 3959 tempo-

1936 3979 2087 4035 ribus
2120 3994 2220 4049 pro
2251 3980 2471 4052 pietatis
2510 3981 2827 4040 defensione
2868 3981 3052 4038 multis
3078 3979 3514 4039 confessionibus

1936 4069 2320 4138 inclaruisset,
2349 4087 2456 4128 non
2503 4074 2776 4131 immerito
2809 4075 3001 4131 harum
3046 4089 3228 4131 rerum
3280 4075 3514 4146 disposi-

1938 4161 2137 4218 tionem
2196 4164 2297 4220 sibi
2354 4167 2699 4223 commissam
2740 4170 2968 4239 accepit.
3008 4168 3109 4224 Hic
3150 4168 3336 4239 igitur,
3365 4168 3514 4225 omni

1934 4269 2058 4309 cttm
2123 4256 2438 4314 sinceritate
2485 4259 2835 4330 imperatoris
2872 4261 3142 4332 jussibus'
3176 4261 3512 4327 obsecutus,

1935 4347 2312 4418 episcoporum
2358 4349 2579 4420 quidem
2624 4361 2827 4408 cretum
2873 4351 3132 4425 singulari
3172 4353 3430 4410 comitate
3460 4362 3518 4410 et

1937 4441 2494 4511 magniﬁcentissimis
2558 4445 2730 4516 epulis
2799 4444 2964 4518 559
3027 4453 3194 4516 atque
3246 4445 3516 4502 conviviis

2173 4526 2194 4550 \

332 4602 560 4692 (ῘλΣὺν
586 4603 874 4692 τρᾴμματι
897 4607 1217 4692 βασιλικῷ.
1238 4610 1298 4692 in
1317 4611 1600 4692 yeteribus
1619 4615 1833 4673 schedis

1939 4620 2566 4692 synodoginterfuernnt:
2598 4625 2862 4681 Eusebius
2896 4624 3108 4680 scilicet
3137 4625 3515 4682 Nicomedien-

262 4677 460 4744 legitur
482 4677 894 4746 συγγράμματι.
930 4679 982 4731 In
1014 4680 1373 4752 codiceﬂFuk.
1409 4681 1599 4737 lacuna
1625 4696 1730 4752 est,
1780 4697 1835 4742 et

261 4755 780 4824 postrnemantantmn
817 4764 942 4824 pars
989 4750 1236 4824 vocabuli
1280 4751 1501 4824 legitur,
1540 4750 1838 4824 ματιζΙιιι-

261 4815 370 4893 _q_ue
403 4815 639 4870 Savilius
670 4817 774 4893 Δσὺν
800 4817 1026 4888 νεύματι
1052 4815 1361 4890 supplevit:
1379 4815 1603 4893 perinde
1624 4838 1679 4882 et
1705 4827 1836 4884 Sca-

262 4887 400 4956 liger
426 4895 481 4938 et
504 4887 705 4956 caeteri.

335 4956 410 5026 (8)
457 4955 796 5036 Μᾳξιεδόγεςς
842 4957 972 5036 μὲνΔ
1007 4959 1424 5036 γὰρᾼτὸνξμτιῆς
1438 4967 1593 5036 gmp’
1631 4968 1834 5036 αὐτοῖς

257 5029 704 5100 μητροπόλεως.
731 5029 1096 5084 Alexandrum
1135 5029 1409 5100 intelligit
1436 5029 1836 5094 Thessaloniczé

263 5099 498 5152 civitatis
521 5099 851 5176 episcopum,
876 5103 988 5176 _qui
1034 5105 1252 5176 _synodo
1281 5099 1508 5176 Tyrensi
1563 5108 1831 5176 interfuit,

264 5176 580 5222 ttttcstatur
626 5170 976 5224 Athanasius.
1034 5170 1137 5228 Per
1195 5170 1487 5231 Pannoniae
1546 5189 1727 5234 autem
1780 5170 1833 5235 et

263 5235 468 5314 picesize
515 5239 796 5314 episcopos
830 5241 1091 5314 Eusebius
1147 5245 1405 5314 intelligit
1459 5246 1738 5304 Ursacium
1778 5261 1834 5305 et

265 5306 805 5389 XalentemiAriante
832 5312 1081 5389 factiqpis
1109 5306 1420 5386 signiferos,
1449 5320 1541 5387 qui
1566 5335 1594 5373 a
1627 5322 1833 5389 synodo

151 5381 158 5387 '
263 5375 493 5454 Tyrensi
520 5382 666 5454 missi
705 5390 841 5454 sunt
867 5383 919 5434 in
950 5375 1278 5454 Egyptim,
1309 5397 1367 5440 ut
1408 5375 1482 5442 de
1512 5375 1832 5445 criminibus

261 5463 382 5517 qua:
409 5451 703 5529 Athanasio
759 5452 966 5529 objecta
1012 5451 1266 5529 inerant,
1294 5457 1421 5529 illic
1469 5460 1830 5529 inquirerent,

261 5521 712 5598 quemadtttodum
743 5522 912 5598 refert
937 5525 1265 5598 Athanasith
1291 5528 1342 5580 in
1376 5521 1733 5598 Apolobetico.

445 5591 688 5669 Btpvrol
717 5607 781 5669 cf
809 5592 1184 5669 καὶβρᾷκες.
1211 5589 1580 5669 Theogonium
1615 5601 1828 5668 Nicaeae,

260 5671 318 5716 et
346 5659 688 5714 Theodorum
733 5659 997 5728 Perinthi,
1031 5659 1167 5731 quae
1201 5659 1648 5724 alitervﬂeraclea
1697 5659 1832 5724 dici;

263 5741 372 5810 tur,
427 5732 726 5810 episcopos.
750 5731 1017 5810 intelligit,
1052 5738 1384 5810 quos_eidem
1415 5740 1832 5810 synodoiinter-

261 5801 430 5856 fuisse
459 5803 656 5855 docent
698 5801 1027 5856 Athanasius
1076 5801 1131 5858 et
1194 5801 1571 5864 1‘lIeodoritus.
1627 5809 1831 5865 Praeter

260 5869 657 5944 Theogoniam,
695 5870 786 5924 alii
816 5872 923 5925 duo
945 5888 1010 5927 ex
1035 5872 1284 5947 Bithynia
1312 5879 1554 5950 episcopi
1598 5881 1827 5949 Tyrensi

574 5971 850 6036 PATBOL.
891 5972 1008 6036 Gn.
1043 5972 1182 6036 XX.

1935 4690 2036 4752 sis,
2061 4701 2116 4746 et
2144 4690 2309 4747 Maris
2334 4692 2750 4749 Chalcedonius.

2007 4761 2119 4832 (10)
2177 4763 2476 4829 Batulum
2531 4780 2622 4830 τις
2672 4765 2994 4832 ὑπηρεσία.
3065 4764 3398 4823 Athanasius
3460 4767 3512 4821 in

1934 4831 2272 4906 Apologetico
2306 4833 2374 4886 ad
2410 4831 2808 4906 Constantium,
2853 4849 2977 4902 pag.
3008 4832 3138 4906 788,
3174 4836 3240 4890 de
3277 4838 3380 4892 hac
3418 4853 3512 4906 sy»

1935 4902 2078 4975 nodo
2137 4902 2403 4975 loquens,
2475 4913 2708 4975 testatur
2771 4904 3194 4975 Constantinum
3241 4902 3513 4975 palatinos

1935 4971 2133 5025 milites
2162 4972 2396 5048 misisse,
2422 4976 2512 5048 qui
2548 4973 2926 5048 episcoporum
2957 4973 3206 5048 jussibus
3237 4971 3512 5048 obsequee

1934 5051 2179 5114 rentur}
2234 5042 2344 5114 Καὶ
2382 5042 2559 5114 κόμης
2613 5043 2900 5114 ᾉΔιονύσιος
2949 5043 3357 5109 ἀποστέλλεται,
3391 5042 3515 5100 ’καὶ

1933 5112 2261 5187 στρατιῶται
2288 5112 2574 5187 δορυφόροι
2593 5112 2974 5187 _6_t'8ov1at'coi;
3001 5115 3130 5187 περὶ
3160 5114 3438 5187 Εὑσέϐιον.

2005 5181 2115 5254 (ll)
2151 5181 2557 5250 AeEtoc‘drﬁp.
2592 5183 2874 5238 Marianus
2925 5183 3014 5238 hic
3041 5181 3183 5254 erat
3239 5186 3514 5244 Tribunus

1934 5261 1989 5306 et
2016 5252 2296 5327 Notarius,
2335 5256 2622 5327 utdicitttr
2671 5256 2724 5327 in
2756 5254 2911 5309 titulo
2963 5252 3126 5324 hujus
3179 5257 3396 5327 capitis,
3458 5269 3515 5314 et

1933 5323 2073 5397 apud
2111 5324 2498 5380 Sozomenum.
2549 5323 2807 5397 Eamdem
2848 5323 3356 5397 dignitatemgessit
3381 5323 3385 5324 ί
3413 5331 3516 5384 sub

1932 5394 2285 5473 Constantio,
2319 5404 2378 5473 ut
2412 5402 2642 5473 testatur
2673 5394 3010 5473 Athanasius
3067 5395 3122 5450 in
3168 5394 3310 5452 libro
3327 5400 3401 5454 De
3427 5416 3517 5473 sy-

1862 5528 1865 5530 ,
1932 5465 2092 5518 nodis
2119 5465 2348 5518 Arimini
2377 5474 2433 5518 et
2471 5465 2753 5519 Seleucim.

2005 5534 2118 5605 (ιε)
2153 5535 2306 5605 Vulg.
2339 5535 2616 5602 πενήτων
2649 5536 2699 5590 τ’
2748 5535 3005 5605 ἀνδρῶν.
3039 5535 3403 5595 Scribendum
3433 5551 3518 5598 est

1933 5605 2185 5679 πενήτων
2207 5605 2251 5679 δ’
2277 5606 2677 5679 ἀᾼνδρῶν.-Ι‹1ειιι
2719 5624 2874 5679 error
2907 5619 2991 5662 cst
3021 5609 3076 5679 in
3099 5611 3380 5679 superiori
3429 5628 3520 5668 ca-

1933 5677 2065 5754 pite.
2100 5677 2186 5729 ubi
2221 5676 2722 5754 legiturAt’TuEtog
2752 5678 2809 5731 δὲ
2838 5679 2934 5754 καὶ
2973 5676 3193 5754 Λιϐύη,
3211 5695 3308 5751 pro
3353 5683 3522 5754 Δίγυ-

1931 5744 2066 5808 πτός
2093 5762 2175 5814 τε,
2207 5744 2476 5816 quomodo
2498 5744 2552 5804 in
2597 5747 2736 5806 Fuk.
2769 5751 2956 5806 codice
2997 5744 3260 5808 scribitur
3312 5744 3524 5814 utrobi-

1933 5830 2060 5886 que.

3127 5985 3207 6048 33
