4114 6432
274 407 411 464 1201

1387 410 1476 465 ΒΕ
1514 411 1678 468 VlTA
1716 393 2180 468 CONSTANTINI
2219 409 2345 469 LIB.
2391 410 2481 469 tv.

3408 408 3550 465 ιειιε

270 528 391 591 τοῖς
420 527 583 580 αἰτοῦ
628 528 963 601 κληροδοτῶν
993 529 1268 601 φιλτάτοις
1288 547 1301 559 ’
1336 528 1433 601 τὴν
1461 530 1556 600 μὲν
1595 524 1688 583 οὖν
1723 547 1855 582 παπ-

1976 529 2201 585 ditatem
2257 528 2755 585 necessitudinibus
2803 528 2917 585 suis
2948 528 3295 599 dispertiens,
3333 526 3388 583 in
3437 537 3546 583 tres

273 618 435 691 ταίην
475 620 624 691 λῆξιν
664 620 744 693 τῷ
785 622 1010 693 μείζονι,
1044 622 1142 694 τὴν
1181 623 1237 676 δὲ
1272 623 1373 693 τῆς
1416 622 1555 692 ἑῴας
1587 622 1757 694 ἀρχὴν
1785 622 1861 694 τῷ

270 711 535 783 δευτέρῳ,
590 714 687 784 τὴν
729 713 785 767 δὲ
828 716 1032 770 τούτων
1076 716 1247 787 μέσην
1295 715 1373 785 τῷ
1420 717 1587 786 τρίτῳ
1626 716 1859 787 διένεμε.

272 804 497 875 κλῆρον
521 804 567 858 δ’
596 806 799 874 ἀγαθὸν
830 808 923 861 καὶ
951 807 1131 878 ψυχῆς
1156 809 1420 877 σωτήριον
1445 811 1553 873 τοῖς
1580 809 1742 862 αὑτοὺ
1769 828 1865 863 πο-

275 895 581 966 ριζόμενος,
611 897 678 950 τὰ
707 897 1015 963 θεοσεϐείας
1041 901 1224 965 αὑτοῖς
1260 901 1387 953 ἐνίει
1414 902 1723 972 σπέρματα,
1750 902 1862 954 θεί-

270 1004 359 1051 οις
387 990 484 1059 μὲν
518 991 775 1061 προάγων
814 992 1097 1063 μαθήμασι
1130 993 1266 1064 (28),
1302 993 1652 1057 διδασκάλους
1693 995 1738 1047 δ’
1767 996 1864 1063 ἐφ·-

272 1081 450 1145 ιστάς,
477 1082 726 1154 εὐσεϐείᾳ
750 1084 1234 1157 δεδοκιμασμένους
1256 1086 1473 1159 ἄνδρας,
1495 1088 1587 1141 καὶ
1609 1086 1715 1140 τῶν
1742 1086 1867 1151 ἔξω·

271 1169 370 1225 θεν
391 1172 446 1224 δὲ
471 1172 643 1242 λόγων
684 1174 1004 1247 καθηγητὰς
1037 1178 1275 1251 ἑτέρους,
1318 1180 1555 1249 ἥκοντας
1586 1181 1665 1245 είς
1697 1180 1865 1251 ἄκρον

268 1262 645 1333 παιδεύσεως’
680 1265 829 1321 ἄλλοι
860 1268 1173 1339 πολεμικῶν
1204 1271 1387 1333 αὑτοῖς
1424 1269 1651 1341 ἐξῆρχον
1688 1270 1863 1341 μαθη-

276 1351 484 1422 μάτων,
534 1354 711 1426 ’ἐτεροι
764 1356 872 1411 τῶν
915 1358 1206 1414 πολιτικῶν
1242 1358 1621 1431 ἐπιγνώμονας
1669 1360 1865 1423 αὑτοὺς

270 1446 570 1512 καθίστων,
609 1450 661 1502 οἱ
691 1449 748 1503 δὲ
768 1452 946 1522 νόμων
972 1453 1271 1525 ἐμπείρους
1318 1452 1653 1524 εἰργάζοντο.
1696 1452 1863 1505 Βασι-

268 1535 399 1610 λικὴ
429 1540 472 1593 δ’
516 1541 731 1614 ἑκάστῳ
759 1544 868 1597 τῶν
916 1545 1120 1598 παίδων
1165 1546 1478 1617 κεκλήρωτο
1512 1546 1859 1617 παρασκευὴ,

268 1629 510 1698 ὁπλῖται,
549 1634 857 1707 δορυφόροι,
916 1637 1397 1707 σωματοφύλακες,
1440 1639 1865 1710 στρατευμάτων

268 1737 333 1772 τε
357 1724 613 1794 τάγματα
652 1730 877 1781 παντοῖα
899 1746 911 1758 ο
958 1729 1162 1783 τούτων
1190 1731 1245 1785 δὲ
1275 1730 1669 1803 καθηγεμόνες,
1708 1732 1867 1801 λοχα-

267 1817 381 1883 γοὶ,
432 1820 748 1889 στρατηγοὶ,
794 1822 1096 1894 ταξίαρχοι,
1128 1816 1202 1877 ὧν
1244 1824 1339 1893 τῆς
1366 1825 1422 1876 ἐν
1458 1824 1713 1892 πολέμοις
1744 1826 1863 1877 ἐπι-

269 1904 506 1975 στήμης,
549 1906 650 1976 τῆς
692 1926 749 1961 τε
782 1910 916 1982 πρὸς
951 1913 1146 1977 αὐτοὺς
1175 1913 1383 1978 εὐνοίας
1415 1916 1443 1967 ὁ
1472 1914 1650 1986 πατὴρ
1678 1933 1859 1987 προει-

263 1993 429 2066 λήφει
462 1999 561 2071 τὴν
598 2005 808 2073 πεῖραν.

787 2276 1183 2331 ΚΕΦΑΛΑΙΟΝ
1209 2279 1334 2333 NB'.
1494 2356 1501 2363 .

266 2361 461 2429 Ὅπως
488 2364 900 2435 ἀνδρωθέντας
924 2369 1249 2437 αὐτοὺςείς
1269 2361 1582 2429 εὐσέϐειαν
1614 2376 1854 2447 ἤγαγεν.

350 2524 604 2590 Ἀπαλοῖς
651 2527 748 2597 μὲν
778 2527 871 2583 οὑν
900 2530 980 2583 ἔτι
1010 2531 1106 2603 τὴν
1145 2532 1359 2602 ἡλικίαν
1390 2539 1499 2599 τοῖς
1533 2538 1854 2610 Καίσαρσιν,

261 2617 579 2686 ἀναγκαίως
613 2622 660 2673 οἱ
690 2623 1135 2694 συμπράττοντες
1171 2627 1406 2697 συνῆσαν
1436 2646 1494 2681 τε
1532 2631 1625 2683 καὶ
1650 2630 1716 2683 τὰ
1746 2650 1859 2685 κοι-

263 2711 333 2765 νὰ
364 2710 613 2781 διῴκουν,
650 2715 729 2777 εἰς
768 2714 967 2786 ἄνδρας
996 2716 1052 2769 δὲ
1093 2716 1280 2771 λοιπὸν
1314 2719 1424 2785 (9.9)
1452 2722 1730 2792 προϊοῦσιν
1764 2724 1857 2777 αὑ-

261 2804 398 2865 τοῖς,
447 2806 604 2872 μόνος
650 2806 678 2856 ὁ
728 2807 910 2877 πατὴρ
944 2809 1023 2871 είς
1067 2808 1414 2866 διδασκαλίαν
1451 2816 1704 2886 ἐπήρκει,
1739 2816 1858 2869 τοτὲ

266 2894 372 2964 μὲν
416 2897 709 2969 παρόντας,
744 2899 1070 2965 ἰδιαζούσαις
1115 2904 1416 2976 ὑποθήκαις
1470 2908 1714 2978 ζηλωτὰς
1763 2910 1859 2962 αὑο

265 2988 393 3050 τοὺς
438 2989 759 3061 παρορμῶν,
798 2993 890 3045 καὶ
943 2995 1187 3067 μιμητὰς
1227 2996 1327 3067 τῆς
1361 2998 1522 3050 αὑτοῦ
1552 2999 1859 3065 θεοσεϐείας

261 3080 643 3134 ἀποτελεῖσθαι
678 3082 943 3139 διδάσκων
966 3103 978 3115 ο
1012 3088 1132 3140 τοτὲ
1176 3088 1220 3141 δ’
1254 3089 1454 3142 ἀποῦσι
1497 3090 1563 3144 τὰ
1605 3090 1858 3161 βασιλικὰ

264 3172 605 3242 προσφωνῶν
631 3173 766 3245 διῄει
812 3180 1246 3251 παραγγέλματα
1274 3182 1527 3254 γράφων·
1569 3176 1643 3236 ὧν
1666 3184 1727 3237 τὸ
1763 3184 1855 3256 μὲι

262 3277 451 3331 γιστον
481 3260 549 3335 ἦν
590 3266 683 3319 καὶ
716 3268 1044 3337 πρώτιστον,
1075 3271 1175 3342 τὴν
1215 3273 1294 3335 είς
1323 3272 1413 3327 τὸν
1445 3275 1658 3329 πάντων
1699 3275 1855 3347 βασι-

258 3354 360 3409 λέα
381 3356 513 3410 Θεὸν
544 3358 744 3426 γνῶσίν
780 3377 836 3411 τε
856 3361 948 3413 καὶ
980 3362 1284 3429 εὐσέϐειαν,
1331 3365 1437 3437 πρὸ
1469 3368 1668 3431 παντὸς
1703 3368 1867 3422 πλού-

259 3464 357 3502 του
390 3449 484 3502 καὶ
522 3450 627 3518 πρὸ
668 3452 835 3522 αὐτῆς
871 3452 1145 3523 βασιλείας
1191 3457 1475 3527 τιμᾶσθαι.
1518 3459 1655 3530 Ἤδη
1699 3459 1741 3513 δ’
1768 3461 1863 3514 αὑ-

259 3543 375 3604 τοῖς
402 3543 495 3595 καὶ
520 3542 614 3595 τοῦ
639 3543 706 3596 δι’
728 3544 908 3598 αὑτῶν
945 3548 1203 3617 πράττειν
1237 3548 1303 3601 τὰ
1328 3548 1574 3621 λυσιτελῆ
1609 3555 1720 3616 τοῖς
1742 3571 1855 3607 κοι-

263 3636 375 3697 νοῖς
421 3634 672 3700 ἐξουσίαν
714 3636 882 3690 ἐδίδου
900 3655 911 3669 ·
946 3639 1041 3693 καὶ
1070 3641 1167 3711 τὴν
1187 3640 1510 3712 Ἐκκλησίαν
1525 3642 1580 3695 δὲ
1602 3644 1694 3697 τοῦ
1720 3645 1854 3698 Θεοῦ

262 3728 352 3781 διὰ
396 3729 675 3799 φροντίδος
707 3732 881 3799 ἄγειν,
918 3736 974 3787 ὲν
1003 3733 1238 3805 πρώτοις
1279 3737 1530 3807 παρῄνει,
1578 3738 1763 3803 αὐτοῖς
1795 3758 1855 3793 τε

261 3820 560 3893 διαρρήδην
592 3824 939 3894 Χριστιανοῖς
964 3820 1101 3879 εἶναι
1130 3826 1544 3899 παρεκελεύετο.
1576 3830 1683 3881 Καὶ
1702 3833 1730 3883 ὁ
1758 3832 1855 3901 μὲν

264 3913 405 3966 οὕτω
435 3916 559 3977 τοὺς
589 3917 722 3979 υἱεῖς
751 3917 994 3986 προῆγεν
1019 3935 1031 3947 ·
1060 3921 1109 3970 οἱ
1137 3919 1193 3972 δὲ
1221 3922 1317 3991 οὑχ
1350 3921 1426 3984 ὼς
1459 3922 1522 3974 ὲκ
1552 3923 1859 3993 παραγγέλ-

266 4023 451 4076 ματος,
483 4009 849 4080 αὑτογνώμονι
864 4010 920 4063 δὲ
939 4011 1234 4083 προθυμίᾳ,
1254 4015 1349 4076 τὰς
1369 4014 1461 4067 τοῦ
1489 4017 1692 4087 πατρὸς
1719 4035 1855 4086 παρ-

261 4098 495 4162 αινέσεις
552 4101 950 4171 ὑπερέϐαλλον,
1008 4106 1075 4173 τῇ
1123 4103 1256 4175 πρὸς
1291 4106 1379 4157 τὸν
1421 4108 1552 4160 Θεὸν
1591 4109 1712 4179 ὁσία
1755 4110 1855 4179 τήν

266 4208 415 4261 σφων
447 4191 683 4246 διάνοιαν
727 4197 1114 4263 συντείνοντες,
1147 4197 1271 4262 τούς
1303 4216 1362 4252 τε
1394 4199 1493 4270 τῆς
1528 4200 1855 4271 Ἐκκλησίας

263 4284 497 4355 θεσμοὺς
535 4287 591 4337 ὲν
620 4287 803 4351 αὑτοῖς
844 4288 1155 4358 βασιλείοις,
1194 4292 1289 4343 σὺν
1314 4294 1427 4354 τοῖς
1456 4291 1675 4356 οἰκείοις
1711 4292 1856 4346 ἄπα-

264 4393 347 4429 σιν
380 4377 747 4450 ἀπεπλήρουν.
797 4382 906 4434 Καὶ
934 4381 1091 4434 τοῦτο
1130 4381 1172 4434 δ’
1193 4382 1354 4453 ἔργον
1390 4383 1485 4454 τῆς
1517 4382 1611 4437 τοῦ
1648 4384 1853 4456 πατρὸς

262 4469 476 4541 ὑπῆρχε
513 4471 873 4542 προμηθείας,
918 4473 979 4526 τὸ
1004 4473 1131 4535 τοὺς
1160 4475 1438 4540 συνοίκους
1463 4475 1707 4539 ἅπαντας
1734 4476 1851 4529 θεο-

1972 623 2115 678 ﬁlios
2162 623 2369 681 divisit.
2426 621 2492 677 Et
2537 622 2739 676 avitam
2785 620 3004 690 quidem
3054 630 3256 677 sortem
3305 618 3547 674 maximo

1968 725 2130 779 natu;
2178 713 2338 769 alteri
2368 728 2497 767 vero
2530 711 2769 767 Orientis
2801 713 3108 781 imperium;
3141 710 3372 766 mediam
3404 710 3548 766 inter

1966 806 2066 860 has
2103 806 2410 876 portionem
2453 805 2605 873 regni
2642 804 2803 856 tertio
2853 802 2964 856 ﬁlio
3002 803 3206 857 tribuit.
3260 800 3379 855 .Iam
3417 815 3547 860 vero

1966 913 2091 952 cum
2121 898 2382 966 optimam
2413 896 2602 950 liberis
2639 895 2754 949 suis
2792 895 3192 957 baereditatem,
3232 903 3288 946 et
3320 893 3386 947 ad
3431 891 3550 947 ani-

1967 1006 2067 1045 ma:
2095 990 2324 1046 salutem
2364 989 2635 1059 imprimis
2679 986 2862 1043 utilem
2897 1001 3089 1056 parare
3117 987 3297 1050 vellet,
3329 987 3548 1056 pietatis

1966 1081 2174 1137 semina
2223 1096 2412 1136 eormn
2458 1080 2734 1133 mentibus
2785 1077 3079 1149 inspersit,
3109 1076 3309 1146 partim
3351 1076 3547 1132 divinis

1967 1174 2315 1229 documentis
2364 1172 2483 1241 ipse
2521 1184 2615 1225 eos
2666 1170 2949 1233 imbuens,
3003 1167 3205 1236 partim
3260 1167 3550 1237 magistros

1966 1268 2049 1322 eis
2096 1280 2378 1336 apponens
2422 1272 2719 1333 comperta:
2766 1258 3049 1330 religionis
3104 1260 3267 1313 viros.
3309 1257 3549 1315 Saecula-

1967 1354 2106 1408 rium
2170 1368 2385 1423 quoque
2459 1350 2871 1419 disciplinarum
2962 1349 3329 1418 peritissimos
3382 1347 3546 1420 552

1968 1448 2220 1504 doctores
2254 1446 2445 1500 iisdem
2494 1444 2761 1516 prmfecit.
2809 1442 2916 1496 Alii
2951 1441 3162 1498 bellica:
3194 1442 3334 1497 artis
3370 1445 3549 1497 scien-

1968 1539 2077 1604 tia,
2125 1538 2217 1592 alii
2273 1537 2511 1593 civilium
2568 1554 2751 1592 rerum
2815 1537 3103 1607 prmceptis
3155 1549 3251 1591 eos
3286 1533 3548 1589 informa-

1965 1633 2131 1691 bant;
2168 1630 2260 1686 alii
2310 1630 2549 1701 denique
2581 1632 2722 1701 juris
2762 1630 3075 1700 prudentia.
3108 1628 3282 1683 Porro
3322 1626 3549 1696 singulis

1970 1722 2205 1777 tributus
2239 1730 2357 1776 erat
2390 1723 2581 1793 regalis
2615 1731 2915 1793 apparatus
2958 1740 2971 1773 :
3004 1719 3227 1776 scutarii
3251 1757 3266 1781 ,
3321 1717 3544 1784 hastati,

1968 1822 2349 1884 protectores,
2392 1826 2447 1869 et
2480 1814 2720 1884 legiones
2764 1831 2827 1870 ac
2864 1815 3071 1870 numeri
3117 1814 3403 1877 militares,
3445 1827 3547 1867 eo-

1896 1888 1934 1941 B
1964 1918 2473 1976 rumquerectores
2514 1925 2527 1959 :
2562 1909 2953 1972 centuriones,
2994 1906 3195 1962 tribuni
3247 1921 3312 1960 ac
3354 1906 3546 1972 duces,

1962 1999 1996 2052 ii
2046 2015 2181 2069 quos
2223 2010 2382 2070 pater
2438 2000 2488 2053 in
2544 2001 2705 2055 rebus
2760 2000 2970 2055 bellicis
3023 1998 3543 2062 exercitatissimos,

1960 2100 2015 2143 et
2058 2090 2329 2159 prmeipua
2362 2105 2489 2160 erga
2525 2089 2665 2144 ﬁlios
2701 2090 2805 2143 ﬁde
2834 2104 2899 2144 ac
2929 2088 3311 2145 benevolentia
3351 2089 3548 2160 praedi-

1966 2193 2051 2235 tos
2085 2196 2206 2236 esse
2241 2193 2595 2251 cognoverat.

2556 2272 2786 2330 CAPUT
2835 2272 2947 2329 Lll.

2006 2368 2282 2433 Quomodo
2322 2384 2409 2422 eos
2451 2365 2661 2488 t'irilen;
2688 2376 2898 2419 (etatem
2934 2368 3218 2437 ingressos,
3256 2375 3499 2437 pietatem

2667 2452 2884 2488 acuent.

2667 2452 2884 2490 οειιενιι.

2036 2531 2203 2586 Porro
2233 2533 2357 2587 dum
2396 2532 2615 2586 inﬁrma
2647 2530 2831 2587 adhuc
2858 2541 3019 2586 aatate
3056 2531 3299 2587 Czesares
3335 2543 3545 2599 essent,

1964 2625 2203 2679 ministri
2261 2636 2315 2678 et
2366 2624 2666 2679 consiliarii
2725 2623 2792 2677 iis
2850 2623 3095 2693 adjuncli
3155 2625 3546 2693 rempublicam

1962 2718 2357 2784 gubernabant.
2409 2718 2610 2773 Verum
2654 2717 2745 2772 ubi
2785 2717 2851 2772 ad
2902 2717 3113 2772 virilem
3154 2726 3373 2775 aetatem
3422 2732 3548 2788 per-

1964 2810 2263 2874 venissent,
2314 2809 2483 2864 solius
2530 2810 2706 2879 patris
2749 2810 3129 2881 magisterium
3183 2809 3262 2865 eis
3310 2808 3543 2865 suﬁ‘ecit.

1963 2902 2065 2967 Qui
2118 2916 2263 2956 nunc
2322 2910 2622 2972 praesentes
2680 2901 2910 2972 privatis
2975 2900 3437 2957 admonitionibus
3478 2901 3544 2954 ad

1962 2993 2371 3048 a-mulationem
2413 2994 2495 3049 sui
2554 2995 2921 3063 provocabat,
2971 2993 3284 3064 exemplum
3324 2993 3548 3064 pietatis

1964 3103 2072 3141 suae
2117 3088 2183 3142 ad
2231 3087 2556 3142 imitandum
2599 3088 2733 3157 ipsis
2770 3102 3112 3157 proponens:
3164 3102 3307 3142 nunc
3347 3086 3547 3141 absen-

1965 3180 2109 3235 tibus
2158 3179 2515 3249 imperatoria
2564 3188 2835 3249 prmcepta
2889 3194 2985 3247 per
3027 3177 3238 3233 litteras
3286 3192 3543 3248 suggere-

1961 3272 2073 3325 bat.
2122 3272 2362 3340 Quorum
2413 3273 2652 3342 primum
2686 3271 2817 3325 illud
2864 3279 2917 3325 et
2954 3271 3254 3324 maximum
3306 3279 3450 3332 erat,
3488 3278 3549 3323 ut

1964 3365 2052 3418 Dei
2107 3365 2304 3419 summi
2370 3365 2614 3420 omnium
2675 3366 2816 3433 regis
2882 3364 3132 3417 notitiam
3189 3361 3542 3431 cultumque,

1960 3456 2166 3512 divitiis
2208 3457 2466 3511 omnibus
2519 3456 2732 3525 ipsique
2794 3455 2959 3509 etiam
3016 3454 3243 3523 imperio
3299 3452 3545 3508 antefer-

1960 3558 2101 3603 rent.
2147 3548 2389 3602 Tandcm
2436 3563 2590 3613 vero,
2625 3556 2681 3601 ut
2724 3561 2822 3616 per
2868 3546 3080 3617 seipsos
3123 3560 3243 3615 qua:
3271 3544 3424 3599 utilia
3458 3559 3545 3600 es-

1959 3650 2080 3695 sent
2130 3638 2450 3709 reipublicae
2517 3648 2783 3709 agerent,
2833 3637 2913 3692 eis
2970 3638 3258 3706 permisit:
3316 3645 3373 3693 et
3418 3648 3546 3694 ante

1958 3734 2141 3787 omnia
2174 3732 2227 3787 id
2260 3732 2466 3788 diserte
2496 3733 2778 3801 praecepit,
2823 3738 2881 3784 ut
2924 3730 3183 3787 Ecclesiae
3230 3731 3325 3786 Dei
3355 3746 3541 3786 curam

1958 3835 2237 3895 gererent,
2272 3838 2441 3894 seque
2486 3823 2667 3894 palam
2731 3822 3079 3879 Cbristlanos
3133 3824 3541 3893 proﬁterentur.

1958 3921 2135 3989 Atque
2165 3921 2267 3975 hoc
2299 3919 2520 3988 quidem
2554 3919 2714 3972 modo
2745 3917 2886 3971 tilios
2915 3917 3251 3973 instituebat.
3278 3916 3357 3971 Illi
3386 3930 3543 3983 vero,

1959 4030 2066 4068 non
2123 4023 2231 4068 tam
2286 4013 2532 4082 paternis
2570 4012 2816 4079 monitis,
2867 4028 3029 4083 quam
3074 4028 3172 4067 sua
3216 4020 3409 4083 sponte
3456 4011 3542 4064 iu-

1958 4106 2135 4170 citati,
2186 4114 2457 4175 praecepta
2510 4106 2757 4175 parentis
2797 4107 2877 4160 sui
2922 4106 3210 4159 alacritate
3254 4104 3422 4158 animi
3454 4119 3545 4157 su-

1959 4209 2252 4269 perarunt;
2302 4201 2499 4268 quippe
2544 4200 2637 4267 qui
2685 4200 2885 4254 divina:
2928 4198 3210 4269 religionis
3247 4198 3543 4252 observan-

1960 4294 2090 4346 tiam
2131 4305 2349 4361 semper
2383 4306 2494 4361 prae
2534 4291 2711 4346 oculis
2760 4293 3051 4355 baberent,
3088 4300 3143 4344 et
3192 4298 3411 4345 sanctos
3441 4286 3543 4342 Ec-

1955 4386 2136 4439 clesiae
2183 4388 2324 4439 ritus
2375 4384 2430 4438 in
2490 4384 2608 4454 ipso
2652 4383 2860 4453 palatio
2890 4398 3013 4437 cum
3047 4382 3326 4437 universis
3356 4380 3543 4434 dome-

1956 4476 2110 4529 sticis
2154 4476 2523 4531 custodirent.
2586 4474 2721 4529 Nam
2789 4485 2843 4531 et
2902 4475 3008 4530 boc
3063 4483 3303 4544 paterna:
3360 4473 3543 4543 provi-

262 4562 440 4627 σεϐεῖς
481 4565 814 4636 παραδοῦναι
850 4569 963 4631 τοῖς
1010 4568 1195 4621 παισί·
1240 4567 1333 4621 καὶ
1382 4568 1490 4621 τῶν
1533 4567 1764 4639 πρώτων
1794 4569 1848 4621 δὲ

1959 4570 2155 4625 dentiaa
2210 4584 2347 4640 opus
2392 4569 2587 4635 fuerat,
2648 4578 2707 4622 ut
2770 4583 2876 4621 non
2929 4566 3067 4621 alios
3116 4566 3447 4620 domesticos
3488 4571 3544 4617 et

257 4656 554 4727 ταγμάτων
589 4657 700 4729 (50)
744 4658 791 4711 οἳ
819 4660 917 4731 τὴν
950 4659 1058 4714 τῶν
1099 4659 1293 4714 κοινῶν
1332 4659 1625 4731 ἐτύγχανον
1655 4660 1844 4714 ἀναδε-

257 4749 506 4818 δεγμένοι
537 4751 810 4822 φροντίδα,
842 4752 1072 4805 τοιοῦτοί
1095 4769 1239 4815 τινες
1264 4753 1542 4823 ὑπῆρχον
1572 4756 1681 4816 τοῖς
1716 4753 1844 4821 γοῦν

260 4840 405 4892 κατὰ
426 4840 556 4893 Θεὸν
582 4846 793 4906 πιστοῖς
817 4843 1093 4914 ἀνδράσιν,
1122 4842 1310 4914 ὥσπερ
1344 4844 1481 4897 τισὶν
1506 4844 1721 4914 ὀχυροῖς
1750 4860 1846 4895 πε-

260 4930 491 5004 ριϐόλοις
518 4934 863 5005 ὴσφαλίζετο.
903 4936 1053 4990 Ἐπεὶ
1084 4936 1140 4989 δὲ
1172 4937 1265 4990 καὶ
1292 4936 1463 4990 ταῦτα
1491 4936 1710 5008 (καλῶς)
1742 4935 1847 4989 διέ-

332 5093 441 5165 (28)
477 5096 758 5168 Προάγων·
798 5097 1131 5168 μαθήμασι.
1166 5096 1432 5151 Eusebius
1460 5096 1511 5150 in
1538 5097 1719 5162 capite
1749 5095 1839 5162 52,

264 5165 457 5239 it_crunt
490 5167 753 5239 προάγων
807 5165 1032 5237 usurpat
1080 5170 1269 5223 eodem
1319 5182 1501 5239 sensu,
1546 5168 1641 5220 καὶ
1678 5170 1706 5221 ὁ
1743 5168 1841 5239 μὲν

258 5232 401 5308 οὕτω
429 5232 555 5308 τους
584 5232 717 5299 υἱεῖς
742 5232 1005 5308 προῆγεν,
1034 5249 1089 5294 et
1118 5239 1170 5291 in
1214 5253 1334 5305 cap.
1368 5237 1458 5291 55.

332 5305 444 5377 (29)
475 5305 655 5375 Vulg.,
691 5305 797 5373 Εὶςῖ
835 5305 1059 5377 ἄνδρας
1082 5327 1147 5364 τε
1168 5308 1406 5363 λοιπόν.
1428 5307 1594 5361 Nemo
1624 5317 1731 5368 est,
1750 5309 1839 5377 qui

265 5392 367 5450 non
422 5380 865 5450 perhseivideat
915 5382 1261 5436 scribendum
1319 5393 1442 5433 esse
1507 5380 1585 5441 εἰς
1643 5380 1841 5450 ἄνδρας

258 5444 335 5505 δέ.
375 5444 479 5501 etc.
512 5448 664 5512 Quod
698 5450 946 5515 equidem
992 5466 1094 5505 non
1125 5465 1426 5513 monerem,
1461 5450 1565 5502 nisi
1624 5444 1842 5504 vererer

263 5530 328 5568 ne
363 5518 567 5590 quisid
603 5534 703 5573 nos
736 5518 940 5588 fugisse
986 5522 1347 5577 existimaret.
1374 5520 1541 5575 Paulo
1563 5530 1706 5590 post,
1736 5536 1839 5575 vox

260 5587 562 5660 παρορμῶν
597 5587 819 5660 videtur
841 5606 959 5644 csse
989 5593 1274 5660 superﬂua.

300 5604 562 5728 αρορμων
597 5604 809 5668 Videtur
841 5606 959 5644 csse
989 5604 1274 5660 superttua.

300 5727 311 5740 .
354 5657 442 5740 ὅθ)
484 5660 593 5714 Καὶ
626 5678 748 5740 ζωὴ
782 5660 1131 5740 πρῴτωνῆδὲ
1156 5660 1483 5731 ταγμάτων.
1527 5661 1630 5740 δίο,
1667 5661 1839 5740 Euse-

262 5727 383 5803 bius
408 5727 459 5782 in
486 5730 749 5799 superiori
780 5733 957 5803 capite
992 5727 1383 5803 τάγματαᾯιο
1423 5735 1666 5803 numeris
1696 5736 1838 5787 mili-

264 5800 470 5853 taribus
506 5811 748 5871 usurpat,
772 5811 827 5856 et
852 5800 982 5855 alibi
1029 5800 1251 5871 passim.
1285 5804 1357 5856 lta
1389 5804 1551 5855 etiam
1583 5802 1842 5856 Sozome-

262 5885 363 5925 nus
394 5871 445 5925 in
476 5872 566 5927 lib.
600 5887 640 5939 ι,
685 5888 734 5929 c.
777 5876 833 5943 8,
865 5872 926 5939 ἐξ
970 5875 1181 5928 ἐκείνου
1222 5874 1275 5927 δὲ
1312 5873 1405 5928 καὶ⁴
1442 5874 1510 5927 sit
1556 5874 1839 5943 Ῥωμαίων

1953 4660 2375 4718 contubernales
2422 4660 2549 4716 ﬁliis
2604 4662 2755 4727 suis,
2805 4674 2969 4729 quam
3028 4657 3374 4713 Christianos
3428 4666 3543 4711 tra-

1954 4756 2127 4809 deret.
2186 4753 2500 4808 Primorum
2560 4767 2780 4823 quoque
2830 4765 3197 4813 numerorum
3258 4758 3538 4813 rectores,

1951 4849 2149 4917 quibus
2200 4846 2511 4917 reipublicae
2547 4861 2675 4900 cura
2715 4845 3008 4899 commissa
3051 4841 3249 4908 fuerat,
3290 4841 3383 4895 Dei
3431 4842 3543 4896 cul-

1954 4952 2102 4995 tores
2148 4951 2328 4994 erant.
2379 4939 2588 5010 Quippe
2655 4937 2968 4992 hominibus
3028 4936 3187 4990 ﬁdem
3248 4935 3304 4990 in
3368 4933 3538 4988 Deum

1950 5100 2228 5170 τάγματα,
2271 5098 2307 5152 ὃ.
2355 5097 2449 5150 νῦν
2482 5097 2759 5170 ἀριθμοὺς
2802 5096 3078 5159 καλοῦσιν,
3120 5095 3360 5170 ,ἕκαστον
3404 5091 3539 5170 ἰδίαν

1954 5166 2162 5243 σκηνὴν
2206 5166 2681 5243 κατεσκευάσατο.
2741 5169 2913 5243 Porro
2948 5170 3059 5243 ΔΙιίιι
3116 5168 3265 5243 locus
3315 5166 3538 5243 mutilus

1955 5234 2088 5315 milii
2118 5234 2840 5315 'videtur,sopplendusque
2870 5238 3093 5315 in_bunc
3126 5239 3387 5315 modum:
3425 5234 3536 5315 Καὶ

1949 5312 2061 5365 τῶν
2096 5311 2328 5383 πρώτων
2352 5311 2409 5363 δὲ
2435 5304 2732 5381 ταγμάτων
2752 5304 3049 5381 ἦγεμόνες,
3077 5309 3170 5383 καὶ
3207 5306 3258 5360 οἳ
3301 5304 3400 5376 τὴν
3426 5304 3535 5359 τῶν

1950 5381 2169 5448 κοινῶν,
2194 5394 2303 5437 etc.
2330 5382 2417 5435 Ait
2438 5384 2583 5434 enim
2613 5383 2904 5445 Eusebius,
2936 5390 2991 5435 et
3018 5381 3316 5448 primorum
3343 5391 3534 5429 nurne-

1950 5471 2133 5508 rorum
2174 5463 2443 5514 rectores,
2489 5462 2543 5505 et
2599 5469 2694 5507 eos
2731 5453 2933 5519 quibus
2984 5449 3532 5519 reipublietegcuraa

1949 5525 2305 5580 Constantino
2340 5524 2633 5578 commissa
2662 5517 2859 5581 fuerat.
2891 5517 3217 5577 Christianae
3251 5517 3531 5585 religionis

1948 5596 2188 5650 cultores
2222 5595 2411 5650 fuisse.
2446 5594 2548 5649 Per
2573 5595 2783 5664 priores
2816 5594 2960 5659 illos,
3005 5590 3255 5661 intelligit
3283 5590 3533 5643 tribunos

1949 5667 2254 5722 etcomites
2299 5665 2647 5740 scholarum;
2701 5668 3031 5740 posteriores
3074 5677 3207 5740 vero
3238 5669 3363 5714 sunt
3395 5674 3532 5740 prae:

1950 5740 2070 5791 fer-ti
2124 5739 2415 5806 praetorio,
2462 5732 2765 5803 quaestores
2821 5736 2962 5806 sacri
3020 5732 3230 5806 palatii,
3290 5732 3532 5798 magistri

1948 5802 2267 5871 nitu-iurum,
2321 5816 2378 5862 et
2433 5802 2616 5863 caueri
2672 5807 2765 5878 qui
2810 5805 2991 5861 civilia
3052 5802 3269 5874 negotia
3324 5808 3537 5858 tracta-

1950 5882 2099 5933 baut.
