4150 6438
689 404 829 462 1205

1409 406 1680 465 EUSEBII
1715 406 2192 467 CESARIENSIS
2227 410 2379 469 OPP.
2418 410 2598 467 PARS
2634 413 2677 467 I.
2716 444 2787 454 —
2821 408 3207 469 HISTORICA.

3790 421 3905 477 12M

688 521 976 591 professis,
1024 531 1281 596 tanquam
1340 526 1671 583 firmissimis
1718 530 2045 598 quibusdam
2097 533 2266 587 muris
2296 544 2327 598 Α

2265 570 2266 579 η
2296 544 2338 598 Α
2372 551 2521 589 κειτο
2559 534 2670 606 (51)
2704 534 2782 605 τῷ
2815 535 3220 607 τρισμακαρίῳ,
3258 534 3390 599 Θεὸς
3423 536 3452 588 ὀ
3502 535 3692 600 παντὸς
3732 537 3904 607 ἀγαθοῦ

690 614 1017 672 confidebat.
1059 617 1192 672 Cum
1231 619 1583 677 beatissimus
1621 623 1876 692 princeps
1910 622 2025 679 haec
2054 640 2267 695 quoque

690 705 766 761 Ita
798 706 1211 775 constituisset,
1266 710 1408 767 Deus
1451 713 1717 769 bonorum
1771 719 2012 769 omnium
2047 715 2267 783 dispen-

692 807 867 864 sator,
913 810 1105 871 utpote
1162 804 1382 859 cunctis
1422 805 1740 876 reipublicae
1800 806 2032 877 negotiis
2069 808 2271 877 optime

691 890 760 944 ab
794 891 1129 961 imperatore
1168 893 1470 963 dispositis,
1510 909 1874 967 Opportunum
1909 908 2121 968 tempus
2151 908 2271 953 tan-

692 984 813 1038 dem
842 984 1037 1040 adesse
1068 996 1315 1043 statuens
1333 1004 1441 1058 quo
1473 990 1541 1045 ad
1562 991 1837 1045 meliorem
1867 1002 2074 1047 sortem
2101 1001 2273 1046 trans.

692 1070 952 1140 ferretur,
988 1073 1205 1132 fatalem
1248 1079 1365 1145 ejus
1420 1081 1544 1134 vitae
1594 1081 1758 1136 linem
1805 1081 2086 1154 imposuit.

1160 1167 1321 1241 553
1375 1170 1606 1235 CAPUT
1658 1174 1787 1231 LIII.

694 1253 851 1339 Quod
880 1274 996 1312 cum
1034 1262 1240 1316 duobus
1290 1280 1353 1339 ac
1390 1265 1610 1339 triginta
1656 1269 1809 1320 annis
1846 1271 2146 1339 regnaverit
2170 1310 2182 1322 .
2220 1281 2269 1323 et

760 1328 1036 1409 plusquam
1089 1348 1154 1386 ιι
1198 1336 1354 1387 annis
1407 1328 1591 1389 viaterit
1616 1376 1632 1402 ,
1671 1339 1876 1408 integra
1903 1328 2133 1409 "semper
2168 1339 2269 1409 [ait

761 1400 1084 1456 valetudine.

758 1488 841 1545 Ac
868 1490 1079 1562 imperii
1109 1494 1327 1563 quidem
1357 1496 1689 1550 curriculum
1717 1498 1932 1553 duobus
1959 1511 2013 1555 et
2045 1500 2266 1570 triginta

691 1582 852 1638 annis
874 1585 1133 1654 explevit,
1160 1588 1404 1655 exceptis
1430 1590 1706 1643 mensibus
1733 1606 1795 1644 ac
1823 1592 2013 1645 diebus
2045 1594 2265 1661 paucis:

2372 623 2658 695 πρύτανις,
2694 623 2894 677 ὡσανεί⁵
2926 625 3034 677 τῶν
3054 625 3282 679 καθόλου
3311 626 3648 698 πραγμάτων
3677 625 3731 683 εὖ
3753 629 3905 684 διατε-

2374 714 2578 768 θέντων
2623 715 2792 787 αὐτῷ,
2828 716 3018 788 καιρὸν
3053 715 3304 787 εὔκαιρον
3342 713 3478 770 εἶναι
3516 716 3690 773 λοιπὸν
3713 719 3802 790 τῆς
3819 722 3908 774 τῶν

2377 807 2701 880 κρειττόνων
2737 809 3091 881 μεταλήψεως
3135 809 3443 880 ἐδοκίμαζε,
3473 812 3566 863 καὶ
3604 810 3663 867 τὸ
3684 815 3746 884 τῇ
3776 813 3908 882 φύσει

2369 901 2545 973 χρεὼν
2569 900 2763 972 ἐπῆγε.

2885 1178 3278 1231 ΚΕΦΑΛΑῘΟΝ
3312 1179 3429 1231 Nl".

2376 1287 2511 1340 Ὀτι
2547 1287 2691 1357 ἀμφὶ
2732 1287 2802 1341 τὰ
2839 1291 3036 1358 λθὲτη
3064 1291 3466 1357 βασιλεύσας,
3506 1293 3601 1345 καὶ
3629 1293 3769 1361 ὑπὲρ
3790 1293 3851 1347 τὰ
3871 1291 3913 1357 ξ’

2732 1378 2935 1446 ζήσας,
2962 1382 3125 1435 σῶον
3144 1379 3267 1453 εἶχε
3291 1383 3357 1436 τὸ
3379 1383 3563 1454 σῶμα.

2442 1489 2546 1542 Δύο
2581 1490 2679 1561 μὲν
2694 1486 2786 1545 οὖν
2812 1493 2950 1564 πρὸς
2968 1498 3080 1559 τοῖς
3108 1497 3399 1568 τριάκοντα
3430 1497 3539 1568 (52)
3561 1498 3660 1568 τῆς
3676 1498 3915 1569 βασιλείας

2372 1582 2658 1647 ἐνιαυτοῖς,
2706 1584 2839 1654 μησί
2901 1603 2961 1639 τε
2999 1589 3092 1641 καὶ
3124 1589 3356 1660 ἡμέραις
3400 1589 3691 1662 βραχείαις
3713 1591 3911 1653 δέουσιν,

691 1673 820 1728 vita:
871 1689 1000 1730 vero
1036 1678 1273 1747 spatium
1304 1679 1470 1749 duplo
1499 1679 1611 1736 fere
1643 1681 1856 1752 longius
1889 1682 2008 1737 fuit.
2063 1683 2178 1751 Qua
2212 1685 2265 1737 in
2302 1670 2330 1723 Ε

2302 1670 2341 1723 Β
2368 1668 2627 1742 ἐπλήρου,
2657 1673 2755 1743 τῆς
2775 1673 2830 1726 δὲ
2857 1672 3002 1747 ζωῆς
3029 1677 3170 1748 ἀμφὶ
3200 1677 3291 1731 τὸν
3328 1678 3606 1733 διπλάσιον
3638 1680 3813 1752 χρόνον
3834 1697 3845 1709 ο
3868 1681 3913 1731 ἐν

690 1775 877 1832 :ctate,
909 1783 1107 1838 corpus
1137 1770 1184 1824 ei
1223 1772 1289 1824 ab
1320 1772 1469 1824 omni
1503 1772 1691 1827 morbo
1719 1783 1777 1827 et
1827 1772 1947 1828 labe
1993 1790 2220 1829 vacuum
2251 1815 2266 1839 ,

690 1873 886 1927 expers
918 1861 1214 1930 cujuslibet
1246 1865 1385 1927 vitii,
1445 1875 1501 1919 et
1538 1865 1734 1934 quovis
1756 1865 1985 1933 juvenili
2042 1882 2270 1937 corpore

693 1951 900 2007 Iirmius
922 1955 1189 2021 constitit,
1226 1969 1282 2010 et
1305 1965 1415 2010 tum
1452 1958 1710 2011 decorum
1743 1968 1988 2027 aspectu,
2045 1967 2157 2012 tum
2203 1957 2268 2011 ad

690 2044 905 2112 quidvis
932 2049 1202 2115 agendum
1228 2048 1434 2102 viribus
1456 2047 1663 2116 pollens
1685 2087 1701 2111 ,
1738 2048 1871 2101 adeo
1921 2058 1980 2102 ut
2022 2048 2270 2102 militari-
2308 2078 2317 2083 ρ

689 2135 796 2188 bus
819 2137 1303 2192 exercitationibus
1332 2139 1668 2207 proluderet,
1702 2141 1990 2208 equitaret,
2020 2139 2268 2193 ambula-

692 2235 799 2291 ret,
829 2228 1118 2283 dimicaret
1142 2271 1156 2293 ,
1188 2231 1429 2299 traphara
1454 2232 1520 2286 de
1546 2231 1794 2287 hostibus
1821 2232 1983 2287 victis
2012 2233 2267 2299 erigeret,

690 2326 745 2371 et
773 2318 1087 2377 incruentas
1121 2323 1246 2378 illas
1276 2338 1428 2377 more
1459 2341 1560 2379 suo
1586 2327 1842 2381 victorias
1873 2333 2196 2395 reportaret.

1262 2507 1494 2565 CAPUT
1530 2508 1664 2564 LIV.

691 2594 775 2652 De
802 2597 872 2652 iis
922 2599 1013 2670 qui
1042 2600 1241 2672 eximia
1284 2603 1399 2672 ejus
1439 2603 1770 2656 humanitate
1805 2602 1877 2656 ad
1910 2604 2190 2658 avaritiam
2217 2614 2267 2660 et

996 2671 1208 2739 pietatis
1234 2671 1628 2726 simulationem
1652 2673 1803 2727 abusi
1825 2683 1969 2727 sunt.

771 2760 1002 2815 Animus
1028 2760 1280 2817 similiter
1301 2763 1368 2817 ad
1397 2778 1668 2818 summum
1705 2764 1956 2817 humanae
1982 2762 2269 2831 perfectio-

690 2852 780 2909 nis
805 2854 1022 2910 culmen
1062 2866 1431 2924 pervenerat:
1468 2858 1668 2927 qnippe
1721 2855 1810 2924 qui
1838 2858 2096 2910 omnibus
2124 2872 2263 2926 pra:-

688 2944 855 3000 claris
883 2944 1102 2999 dotibus
1129 2956 1358 3001 ornatus
1409 2956 1572 3012 esset,
1608 2947 1881 3016 praecipue
1913 2962 2045 3001 vero
2069 2947 2262 3001 hunta-

2372 1755 2416 1829 ᾧ
2437 1762 2539 1832 τῆς
2559 1763 2794 1834 ἡλικίας,
2843 1768 3053 1832 ἀπαθὲς
3092 1770 3188 1840 μὲν
3220 1771 3316 1822 καὶ
3351 1772 3542 1825 ἄλυτον
3568 1773 3709 1845 αὐτῷ
3731 1773 3914 1843 διήρκει

2370 1852 2431 1905 τὸ
2469 1852 2649 1925 σῶμα,
2703 1856 2921 1927 κηλῖδος
2968 1858 3205 1931 καθαρὸν
3240 1860 3475 1932 ἀπάσης,
3512 1861 3706 1924 παντός
3739 1878 3793 1913 τε
3814 1861 3914 1913 νέου

2372 1944 2781 2019 νεανικώτερον,
2826 1949 3026 2020 ὡραῖον
3071 1952 3167 2022 μὲν
3214 1953 3360 2015 ἰδεῖν,
3412 1952 3687 2026 ῥωμαλέον
3727 1953 3769 2007 δ’
3804 1954 3829 2005 ὃ
3871 1968 3913 2004 τι

2377 2038 2484 2091 δέοι
2521 2039 2749 2111 δυνάμει
2785 2045 3260 2115 καταπραξασθαι,
3301 2046 3377 2109 ὼς
3416 2048 3510 2099 καὶ⁹
3554 2045 3912 2119 γυμνάζεσθαι,

2376 2131 2729 2195 ἱππάζεσθαι,
2768 2136 2859 2187 καὶ
2908 2136 3226 2209 ὁδοιπορεῖν,
3264 2138 3524 2210 πολέμοις
3568 2157 3627 2192 τε
3669 2138 3916 2209 παραϐάλ-

2371 2222 2503 2287 λειν,
2535 2224 2771 2295 τρόπαιὰ
2794 2243 2854 2279 τε
2876 2229 2992 2279 κατ’
3026 2228 3235 2299 ἐχθρῶν
3259 2230 3514 2301 ἐγείρειν,
3551 2232 3643 2284 καὶ
3668 2228 3761 2292 τὰς
3788 2227 3918 2296 συνή-

2372 2312 2486 2377 θεις
2533 2315 2826 2386 ἀναιμακτὶ
2863 2318 3005 2372 κατὰ
3036 2318 3145 2373 τῶν
3194 2320 3260 2373 δι’
3291 2322 3539 2385 ἐναντίας
3574 2321 3812 2394 αἴρεσθαι
3845 2318 3908 2372 vi-

2372 2422 2493 2467 κας.

2882 2501 3279 2557 ΚΕΦΑΛΑΙΟΝ
3309 2503 3432 2557 ΝΔ¹.

2371 2588 2509 2657 Περὶ
2543 2589 2660 2666 τῷν
2693 2590 2769 2659 τῇ
2791 2591 2944 2666 ᾶγαν
2968 2594 3153 2648 αὐτοῦ
3188 2598 3597 2666 φιλανθρωπίᾳ
3620 2610 3920 2666 συγ-κεχρη-

2541 2660 2742 2729 μένων
2772 2664 2859 2728 εἰς
2892 2660 3231 2730 ἀπληστίας
3275 2666 3371 2720 καὶ
3397 2660 3764 2736 ὖποκρίσείς.

2441 2755 2548 2808 Καὶ
2568 2754 2635 2808 τὰ
2666 2755 2764 2827 τῆς
2796 2755 2974 2827 ψυχῆς
3005 2757 3048 2809 δ’
3073 2756 3335 2822 ὡσαύτως
3365 2760 3445 2824 εἰς
3473 2760 3639 2832 ἄκρον
3662 2761 3755 2831 τῆς
3784 2761 3834 2811 ἐν
3851 2759 3918 2810 ἀν·

2371 2845 2609 2919 θρώποις
2638 2846 2971 2910 τελειώσεως
3017 2849 3165 2918 αὐτῷ
3197 2851 3409 2921 προῄει,
3442 2854 3580 2904 πᾶσι
3620 2852 3713 2921 μὲν
3743 2847 3918 2920 ἐμπρέ-

2372 2955 2525 2990 ποντι
2541 2941 2653 3001 τοῖς
2672 2938 2874 3001 καλοῖς,
2907 2940 3008 2991 ὑπε
3019 2939 3354 3010 ρϐαλλόντως
3371 2938 3427 2994 δὲ
3445 2946 3514 3013 τῇ
3541 2943 3724 3011 φιλανθ
3731 2939 3915 3015 ρωπίᾳο

691 3035 883 3091 nitate.
910 3035 1081 3104 Quam
1117 3046 1299 3092 tamen
1333 3038 1485 3092 multi
1520 3010 1995 3106 reprehendebant
2022 3079 2039 3105 ,
2071 3039 2141 3094 ob
2168 3055 2265 3094 cx-
2294 3010 2330 3067 Ο

2294 3010 2336 3067 C
2372 3030 2400 3083 ὃ
2426 3030 2489 3101 δὴ
2530 3032 2623 3084 καὶ
2673 3031 2920 3102 μεμπτὸν
2967 3032 3243 3102 ἐνομίζετο
3281 3038 3393 3098 τοῖς
3437 3035 3673 3099 πολλοῖς,
3705 3036 3799 3106 τῆς
3831 3030 3918 3086 τῶν

691 3130 1014 3183 uberantem
1065 3128 1329 3183 malitiam
1378 3129 1775 3199 improborum,
1820 3130 1912 3198 qui
1966 3130 2268 3199 nequitiam

690 3228 845 3275 suam
870 3219 1216 3290 imperatoris
1248 3220 1629 3277 adscribebant
1655 3221 1950 3290 patientia}.
1973 3221 2134 3277 Certe
2158 3220 2273 3276 haec

692 3312 801 3367 duo
824 3312 957 3368 vitia
988 3312 1095 3369 illis
1140 3314 1478 3384 temporibus
1524 3315 1760 3370 ntaxime
1813 3314 2136 3380 invaluisse,
2173 3329 2273 3369 nos

766 3596 878 3671 (5i)
921 3597 1080 3652 Ἐπεὶ
1117 3597 1187 3652 δὲ
1234 3598 1335 3653 καὶ
1375 3598 1565 3654 ταῦτα
1613 3598 1884 3654 διέκειτο.
1935 3599 2053 3654 Non
2103 3603 2273 3671 probo

694 3668 1065 3741 conjecturam
1094 3671 1376 3741 doctorum
1400 3671 1664 3741 virorum,
1682 3671 1773 3741 qui
1805 3682 1921 3739 post
1943 3668 2125 3726 vocem
2150 3672 2275 3727 ταῦ-

693 3738 996 3803 ταίκαλῶς
1024 3740 1389 3804 addiderunt;
1424 3739 1565 3809 quod
1602 3738 1765 3794 etiam
1807 3738 1863 3795 in
1907 3742 2046 3796 libro
2088 3743 2271 3798 Morari

695 3810 993 3876 ascriptum
1027 3810 1232 3863 inveni.
1266 3811 1469 3864 Verum
1510 3810 1555 3863 si
1601 3810 1731 3879 quid
1766 3810 2072 3875 addendum
2104 3822 2269 3876 esset,

693 3880 946 3949 equidem
978 3880 1193 3934 mallem
1227 3881 1431 3935 addere
1470 3878 1665 3944 οὕτως.
1700 3878 1833 3934 Nam
1865 3881 2047 3945 καλῶς
2098 3883 2271 3937 locum

695 3949 785 4005 hic
816 3950 1168 4021 habere_non
1218 3960 1419 4017 potest,
1466 3964 1590 4021 cum
1642 3952 1693 4004 in
1736 3954 1982 4021 sequenti
2031 3954 2273 4007 membro

693 4030 952 4075 occurrat
984 4015 1043 4073 εὖ
1074 4015 1445 4075 διατεθέντων.
1474 4020 1687 4091 Alioqui
1721 4015 1893 4076 otiosa
1930 4031 2075 4076 esset
2124 4039 2275 4091 repe-

697 4091 837 4152 titio,
866 4104 968 4143 nec
994 4091 1113 4160 plus
1146 4092 1201 4145 in
1246 4092 1485 4146 secundo
1529 4090 1778 4161 utetubro
1814 4091 2086 4146 diceretur
2111 4090 2273 4161 quam

697 4160 751 4215 in
779 4161 978 4227 primo.
998 4158 1065 4216 ‘ln
1094 4162 1283 4217 codice
1312 4172 1490 4217 tamen
1526 4158 1662 4215 Fuk.
1697 4162 1894 4233 legitur
1941 4158 2142 4228 καλῶς
2168 4163 2276 4216 διέ-

694 4247 863 4284 κειτο.

769 4301 891 4371 (5-2)
917 4302 1032 4355 Δύο
1061 4300 1176 4371 μὲν
1204 4297 1316 4355 οὖν
1338 4302 1487 4370 πρὸς
1519 4303 1643 4368 τοῖς
1670 4304 2005 4370 τριάκοντα.
2051 4301 2147 4358 llic
2173 4303 2276 4356 Eu—

2376 3123 2662 3195 μοχθηρῶν
2706 3123 2912 3197 ἀνδρῶν
2962 3125 3288 3199 φαυλότητος
3334 3128 3540 3195 εἵνεκα,
3591 3129 3639 3181 οἳ
3670 3129 3762 3197 τῆς
3794 3139 3918 3194 σφων

2372 3214 2569 3277 κακίας
2609 3213 2707 3286 τὴν
2748 3214 3010 3285 βασιλέως
3044 3215 3417 3289 ἐπεγράφοντο
3457 3218 3796 3283 ἀνεξικακίαν
3834 3214 3921 3288 [ai-

2373 3306 2515 3379 τίαν]
2548 3308 2679 3378 (55).
2725 3309 2833 3361 Καὶ
2876 3308 2984 3381 γὰρ
3030 3306 3122 3363 οὖν
3154 3310 3367 3381 ἀληθῶς
3406 3311 3503 3365 δύο
3542 3312 3745 3383 χαλεπὰ
3777 3308 3918 3362 ταῦτα

2378 3614 2503 3652 num
2557 3599 2854 3669 imperasse
2886 3614 3058 3653 annos
3096 3599 3334 3666 triginta.
3368 3614 3588 3654 menses
3614 3598 3810 3669 decem,
3839 3592 3921 3646 tri-

2377 3670 2477 3723 bus
2516 3665 2724 3723 tantum
2765 3670 2953 3723 diebus
2981 3665 3246 3738 exceptis.
3294 3669 3529 3724 Levatus
3578 3669 3718 3722 enim
3752 3665 3921 3738 fuerat

2376 3739 2560 3793 Caesar
2581 3747 2777 3795 octavo
2816 3739 2918 3794 cal.
2955 3734 3204 3808 Augusti,
3236 3748 3294 3792 ut
3327 3738 3572 3793 inFarti:
3603 3737 3786 3793 scribit
3823 3734 3922 3788 Ida-

2380 3811 2505 3879 tius.
2567 3809 2733 3864 Recte
2784 3809 2947 3879 igitur
3000 3811 3286 3876 Eutropius
3318 3818 3374 3863 et
3409 3808 3641 3863 Ruﬁnus
3681 3808 3916 3864 scribunt,

2377 3878 2976 3953 Constantinummnuo
2992 3881 3212 3953 imperii
3242 3895 3348 3932 uno
3370 3895 3435 3953 ac.
3473 3880 3743 3953 tricesimo
3767 3886 3919 3953 extre-

2380 3965 2524 4003 mum
2555 3950 2698 4003 diem
2729 3950 2952 4005 obiisse.
2990 3949 3155 4003 Recte
3186 3952 3349 4003 etiam
3396 3950 3660 4003 Eusebius
3681 3959 3849 4001 noster
3872 3949 3913 3994 in

2378 4018 2638 4094 Chronico
2660 4021 2733 4073 ait
2758 4020 3170 4094 C_ouslantiuum
3197 4021 3503 4094 imperasse
3529 4018 3919 4094 aonis_tt:igi_n_la.

2380 4091 2658 4145 mensibus
2689 4106 2745 4143 ι.
2782 4089 2954 4144 Porro
2997 4092 3138 4143 unde
3192 4090 3392 4143 factum
3442 4092 3535 4152 sit,
3583 4098 3639 4143 ut
3677 4087 3916 4141 Eusebius

2383 4171 2568 4216 noster
2597 4161 2698 4214 hoc
2730 4161 2872 4222 loco,
2907 4172 2964 4214 et
3008 4161 3251 4229 plerique
3287 4171 3540 4214 veterum
3587 4161 3716 4213 duos
3745 4172 3801 4211 ac
3842 4157 3921 4205 lti-

2382 4233 2529 4299 giuta
2561 4232 2791 4305 _imperii
2826 4230 3404 4305 annosConstantino
3430 4233 3746 4305 tribuerint,
3780 4239 3917 4305 causa

2386 4293 2499 4355 lucc
2527 4293 2739 4354 videiur
2765 4301 2954 4354 fuisse.
2983 4301 3205 4354 Biennio
3231 4311 3355 4353 ante
3391 4302 3602 4355 obitum
3632 4293 3919 4352 tricennalia

696 4365 1032 4443 sebii_'|o_cus
1061 4365 1276 4425 'mnltos
1311 4365 1640 4443 in'errorem
1680 4365 1916 4437 induxit,
1972 4375 2113 4426 inter
2141 4390 2277 4443 quos
2311 4365 2352 4420 Ι)
2384 4372 2772 4428 Constantinus
2807 4372 3070 4443 ediderat,
3100 4370 3422 4443 Constantio
3461 4379 3518 4426 et
3560 4370 3747 4443 Albino
3773 4379 3918 4426 coss.,

698 4439 802 4493 fuit
836 4440 897 4493 I).
924 4440 1198 4504 Petavius,
1233 4441 1323 4507 qui
1359 4452 1472 4496 tum
1522 4444 1573 4496 in
1616 4443 2051 4498 adnotationibus
2103 4439 2173 4499 ad
2220 4447 2282 4497 Ii-

702 4509 857 4562 brum
896 4511 1188 4580 Epiphanii
1231 4510 1307 4565 De
1334 4512 1679 4578 ponderibus,
1716 4523 1825 4566 ttun
1860 4515 1911 4566 in
1946 4512 2085 4568 libro
2117 4529 2154 4567 ll
2209 4515 2282 4568 De

699 4580 943 4635 doctrina
978 4591 1289 4650 temporum,
1322 4582 1536 4638 Eusebii
1568 4585 1893 4638 auctoritate
1928 4582 2116 4648 fretus,
2147 4583 2286 4639 Con-

702 4651 1003 4721 stantinum
1027 4653 1309 4721 tricesimo
1338 4654 1581 4707 secundo
1618 4654 1828 4721 imperii
1863 4668 2009 4707 anno
2059 4665 2285 4708 mortem

701 4720 911 4775 obiisse
960 4722 1197 4793 censuit.
1255 4720 1401 4777 Idem
1435 4726 1600 4778 etiam
1650 4720 1988 4793 scripserunt
2042 4724 2288 4792 plerique

701 4799 948 4862 veterum
988 4810 1000 4844 :
1051 4791 1450 4862 Philostorgius
1490 4795 1543 4848 in
1576 4794 1673 4848 lih.
1739 4791 1797 4855 II,
1850 4791 2164 4848 Theoderus
2190 4791 2287 4848 Le-

702 4868 823 4935 ctor
851 4860 902 4912 in
930 4864 1305 4935 collectaneis,
1334 4860 1700 4934 Epiphanius,
1726 4875 1780 4918 et
1818 4874 2010 4935 auctor
2036 4864 2285 4935 chronici

703 4928 1059 4985 Alexandrini
1109 4949 1127 4986 :
1183 4928 1248 4986 ex
1284 4928 1494 4989 Latinis
1546 4945 1724 4988 autem
1769 4934 2022 4989 Aurelius
2075 4933 2281 4992 Victor.

709 4996 902 5075 Xerum
939 5002 1054 5075 ha'c
1083 5007 1353 5075 sententia
1388 5020 1610 5075 prorsus
1637 5007 1873 5059 absurda
1901 5004 2029 5058 mihi
2049 5005 2278 5075 videtur.

703 5065 840 5121 Nam
869 5073 959 5137 qui
995 5073 1068 5125 ita
1089 5074 1351 5137 sentiunt,
1378 5065 1603 5130 {necesse
1632 5084 1715 5129 est
1739 5077 1902 5129 etiam
1935 5082 1991 5126 ut
2016 5074 2284 5131 aIIirment

701 5141 951 5214 eumdem
982 5141 1403 5214 Constantinum
1444 5160 1588 5199 anno
1611 5143 1815 5199 Christi
1841 5143 1947 5199 305
1994 5147 2279 5214 imperium

703 5209 919 5279 iniisse,
956 5213 1315 5267 Cottstantino
1353 5232 1382 5268 ν
1414 5227 1468 5269 et
1500 5216 1828 5270 Maximiano
1863 5231 2032 5276 coss.,
2064 5209 2282 5270 eodem-

702 5293 811 5355 que
836 5295 995 5355 anno
1020 5282 1395 5355 Constantium
1424 5286 1724 5355 Augustum
1761 5295 1969 5355 patrem
2011 5287 2278 5341 Constan-

705 5351 802 5405 tini
831 5364 863 5404 e
895 5354 1033 5407 vivis
1072 5354 1501 5427 abiisseLAtqui
1551 5351 1912 5410 Constantius
1958 5361 2099 5427 Aug.
2135 5371 2279 5410 anno

704 5433 991 5488 sequente,
1026 5427 1233 5492 quiest
1276 5425 1480 5480 Christi
1516 5427 1641 5491 506,
1684 5429 1873 5481 consul
1918 5425 2135 5484 sextum
2177 5428 2279 5481 fuit

703 5505 823 5566 cum
857 5493 1190 5566 Maximiano
1223 5496 1451 5566 collega,
1477 5507 1537 5550 ut
1569 5511 1760 5552 omnes
1807 5497 1930 5554 fasti
1966 5508 2280 5554 constanter

703 5558 1010 5629 aIIirmant.
1034 5564 1214 5630 Quare
1240 5558 1586 5623 Constantini
1634 5570 1918 5635 imperium
1951 5570 2164 5623 nonnisi
2209 5570 2277 5621 ah

700 5651 845 5690 anno
898 5635 1114 5707 Christi
1153 5636 1259 5690 306
1311 5637 1504 5692 deduci
1561 5646 1755 5707 potest.
1815 5638 1934 5693 Jum
1992 5654 2120 5692 vero
2151 5653 2275 5692 cum

702 5716 949 5760 mortuus
979 5707 1050 5759 sit
1080 5706 1352 5762 Fcliciano
1378 5718 1434 5762 et
1456 5706 1672 5763 Titiano
1701 5723 1870 5769 coss.,
1894 5710 1995 5764 hoc
2018 5722 2104 5762 est
2132 5724 2276 5763 anno

701 5774 902 5829 Christi
945 5777 1071 5841 357,
1110 5779 1199 5833 die
1223 5780 1482 5833 vicesimo
1514 5780 1753 5834 secundo
1795 5782 1999 5834 mensis
2036 5780 2182 5841 Maii,
2217 5788 2276 5832 nt

702 5844 847 5901 inter
877 5860 1067 5901 omnes
1090 5858 1328 5915 constat,
1362 5851 1677 5908 necessario
1706 5847 1933 5905 edicitur
1957 5850 2271 5906 Constanti-

2390 4453 2448 4517 ιιι
2482 4442 2871 4517 stuprahrelulit
2901 4442 3188 4517 Eusebius.
3242 4440 3512 4517 Putaru‘nt
3544 4441 3718 4517 igitur
3747 4449 3918 4517 annum

2394 4507 2605 4580 imperii
2636 4509 2978 4568 Constantini
3009 4512 3099 4575 30,
3135 4512 3200 4565 iis
3224 4526 3367 4565 coss.
3404 4511 3708 4580 absolutum
3752 4507 3916 4580 fuisse}

2391 4573 2534 4651 quod
2562 4593 2740 4637 tamen
2769 4584 2960 4637 falsum
2989 4573 3093 4644 est,
3125 4593 3182 4633 nt
3205 4598 3366 4650 supra
3397 4583 3607 4637 notavi.
3661 4577 3845 4631 Deinde
3864 4573 3921 4625 ab

2391 4654 2550 4707 initio
2582 4652 2945 4726 Constantini.
2979 4669 3148 4720 usque
3178 4654 3407 4726 ad_ejus
3430 4653 3637 4726 obitum
3670 4662 3805 4726 χχχιι
3844 4661 3920 4713 pa-

2389 4726 2468 4776 ria
2497 4722 2781 4778 consulum
2821 4736 3191 4778 numerantur.
3243 4722 3317 4775 Ex
3346 4738 3455 4790 quo
3507 4723 3621 4776 tieri
3674 4722 3920 4784 potuit,nt

2390 4794 2665 4871 tricesimo
2692 4795 2945 4871 secundo.
2974 4794 3370 4871 intpcrii__unno
3409 4791 3920 4871 illt_tm_obiis.se'grr‘

2387 4866 2595 4918 derent.
2627 4863 2779 4917 Adde
2804 4864 2945 4932 quod
2981 4858 3220 4917 nminulli
3255 4862 3589 4933 Chronologi
3617 4860 3777 4929 patris
3801 4858 3919 4910 Coi.-

2386 4935 2568 4989 stantii
2592 4937 2994 5003 annos,quippe
3014 4936 3105 5002 qui
3131 4935 3275 4989 brevi
3299 4934 3595 4988 admodum
3613 4934 3916 5003 imperassu.

2384 5005 2743 5077 _Constantiuo
2794 5001 3202 5077 ascri‘pserunt.‘
3230 5006 3500 5077 Caeterum
3547 5001 3919 5077 nmneudus'est

2385 5075 2575 5138 lector.
2604 5076 2973 5130 doctissimum
3023 5074 3302 5128 Patavium
3346 5075 3567 5128 tandem
3624 5074 3916 5144 sententiain

2385 5155 2728 5219 tnutasse,‘et
2758 5148 3056 5219 vulgatam
3080 5147 3389 5219 opinionem
3424 5145 3493 5198 de
3513 5143 3694 5219 _annis
3738 5142 3916 5219 impelli

2382 5215 2726 5271 Constantini
2767 5209 2963 5291 _deque
3011 5209 3137 5291 ejus
3176 5214 3328 5269 initio
3379 5213 3689 5291 attiplexum
3751 5209 3916 5291 fuisse.

2384 5299 2441 5339 ιιι
2476 5296 2625 5357 patet
2650 5300 2716 5340 ex
2765 5287 2856 5341 lib.
2874 5282 2946 5340 'tv
3002 5282 3171 5355 partis
3198 5286 3452 5341 secunda:
3482 5282 3777 5337 Ratiouarii
3808 5287 3918 5332 tem-

2418 5374 2588 5410 orum.

2418 5374 2588 5410 orum.

2379 5372 2411 5424 Ρ
2452 5427 2567 5495 (55)
2614 5426 3018 5489 Ἆνεξικακίαν
3057 5428 3275 5483 αἰτίαν.
3312 5425 3594 5498 Postrema
3631 5436 3729 5475 vox
3755 5436 3781 5475 a
3813 5414 3919 5498 viris

2381 5498 2554 5552 tinctis
2593 5499 2679 5551 hic
2703 5500 2883 5552 addita
2898 5510 2982 5552 est
3008 5512 3072 5550 ex
3102 5515 3233 5550 mss.
3261 5497 3560 5557 codicibus,
3592 5508 3750 5563 quam
3780 5497 3917 5563 etiarn

2382 5569 2434 5621 iu
2467 5566 2604 5622 Fuk.
2630 5567 2766 5622 libro
2799 5570 2995 5636 reperi.
3019 5567 3238 5641 Mallem
3264 5577 3441 5620 tamen
3466 5553 3807 5641 banc-_voceut
3829 5553 3920 5641 Co}:

2381 5639 2560 5693 locare
2599 5646 2729 5692 ante
2758 5631 2982 5693 verbum
3013 5637 3413 5709 ἐπεγράφοντο.
3463 5635 3554 5709 §ie
3593 5631 3842 5709 Eusebius

2378 5711 2487 5763 Iiue
2532 5709 2627 5763 lib.
2679 5723 2739 5761 tn
2780 5709 2852 5763 De
2908 5711 3014 5762 vita
3070 5698 3419 5761 (Ionataiuini.
3476 5704 3658 5770 Longe
3712 5698 3919 5770 ρτοῖἥείθ

2379 5780 2678 5847 elegantius
2716 5780 2785 5834 ita
2818 5778 3366 5836 scriberetttrzairiav
3398 5777 3491 5832 ἐπ.
3543 5763 3641 5847 τήν
3682 5763 3918 5844 βασιλέως

2380 5849 2748 5916 ἀνεξικακίαν.
