4114 6432
315 349 334 400 ι
347 347 452 404 2θὸ

1402 346 1492 402 DE
1536 345 1700 402 VITA
1737 332 2200 401 CONSTANTlNl
2246 338 2376 394 LIB.
2407 336 2498 394 ιν.

3428 324 3564 382 HW

308 464 453 518 κατὰ
476 464 602 526 τοὺς
619 459 979 534 δηλουμένους
1004 461 1226 526 τούτους
1244 462 1468 534 χρόνους
1486 465 1579 517 καὶ
1597 464 1749 520 αὐτοὶ
1763 479 1880 515 κατ·

1999 475 2209 531 quoque
2243 458 2343 530 ipsi
2370 453 2790 526 conspeximus:
2820 447 3124 504 violentiam
3152 443 3359 500 scilicet
3386 445 3557 515 pessi-

309 556 632 627 ενοήσαμεν,
679 555 965 628 ὲπιτριϐὴν
997 555 1286 629 ἁπλήστων
1329 556 1438 625 (54)
1469 555 1564 610 καὶ
1601 555 1886 626 μοχθηρῶν

307 644 520 717 ἀνδρῶν
554 643 659 698 τῶν
702 645 879 698 πάντα
927 645 1334 716 λυμαινομένων
1371 645 1506 716 βίον,
1528 645 1806 716 εἰρωνείαν
1838 646 1885 699 τ’

306 738 529 794 ἄλεκτον
555 739 662 792 τῶν
684 739 781 810 τὴν
799 739 1121 809 Ἐκκλησίαν
1145 739 1540 811 ὑποδυομένων,
1558 739 1653 792 καὶ
1677 738 1736 792 τὸ
1753 739 1886 810 Χρι-

307 832 537 884 στιανῶν
583 831 928 894 ὲπιπλάστως
971 831 1450 902 σχηματιζομένων
1501 830 1687 902 ὄνομα.
1741 831 1813 884 Τὸ
1840 830 1884 884 δ’

304 921 472 975 αὐτοῦ
523 922 898 993 φιλάνθρωπον
942 924 1036 978 κα)¹
1074 923 1390 992 φιλάγαθον,
1434 923 1498 976 τό
1554 941 1611 976 τε
1661 924 1758 994 τῆς
1797 924 1886 976 πί-

308 1031 476 1078 στεως
495 1015 800 1087 εἰλικρινὲς,
833 1016 928 1069 καὶ
974 1016 1067 1069 τοῦ
1089 1017 1290 1088 τρόπου
1327 1017 1385 1070 τὸ
1414 1003 1724 1086 φιλαλήθες,
1761 1017 1885 1087 ἐνῆ-

305 1121 398 1173 γεν
421 1106 580 1159 αὑτὸν
617 1105 893 1159 πιστεύειν
919 1106 997 1182 τῷ
1027 1107 1260 1177 σχήματι
1296 1106 1404 1160 τῶν
1431 1107 1771 1179 Χριστιανῶν
1809 1102 1886 1159 εἷ-

303 1213 392 1249 ναι
415 1196 803 1268 νομιζομένων,
827 1197 1035 1253 εὔνοιαν
1057 1200 1104 1251 τ’
1122 1199 1292 1270 ἀληθῆ
1315 1200 1441 1270 περί
1462 1200 1621 1252 αὑτὸν
1644 1200 1885 1252 πεπλασ-

303 1290 443 1362 μένῃ
467 1288 609 1360 ψυχῇ
644 1288 835 1354 σώζειν
855 1292 1331 1362 προσποιουμένων
1351 1308 1363 1321 ⁸
1397 1285 1476 1354 οἷς
1500 1291 1688 1344 ἑαυτὸν
1712 1309 1882 1345 κατα-

299 1375 593 1439 πιστεύων,
623 1377 762 1448 τάχα
785 1379 849 1432 ἄν
887 1397 1015 1432 ποτε
1047 1380 1138 1432 καὶ
1185 1383 1296 1443 τοῖς
1339 1379 1412 1451 μή
1447 1381 1742 1452 πρέπουσιν
1767 1383 1881 1435 ἑνε-

300 1467 522 1538 πεέρετο
552 1469 685 1540 (55),
721 1472 912 1542 κηλῖδα
956 1473 1161 1545 ταύτην
1196 1476 1307 1538 τοῖς
1349 1474 1513 1527 αὐτοῦ
1545 1475 1726 1539 καλοῖς
1760 1477 1880 1529 ἐπι-

299 1561 561 1632 φέροντος
586 1562 679 1616 τοῦ
717 1564 929 1634 φθόνου.

806 1839 1204 1894 ΚΕΦΑΛΑΙΟΝ
1234 1842 1360 1896 ΝΕ’.

300 1927 501 1993 Ὅπως
516 1927 693 1997 μέχρι
711 1930 996 2000 τελευτῆς
1014 1932 1395 2004 ἐλοςηοποάφει
1413 1934 1882 2001 Κωνσταντῖιός.

384 2085 543 2139 Ἀλλὰ
575 2086 700 2149 τοὺς
731 2085 830 2155 μὲν
866 2086 975 2156 (56)
1001 2088 1102 2140 οὐκ
1132 2090 1210 2151 εἰς
1238 2089 1508 2163 μακρὰνή
1540 2090 1659 2144 θεία
1687 2093 1886 2165 μετήρ-

299 2195 426 2249 χετο
453 2179 576 2249 δίκη
593 2196 605 2209 ο
631 2179 789 2242 αὐτὸς
814 2179 871 2232 δὲ
905 2179 1153 2250 βασιλεὺς
1192 2181 1334 2235 οὓτω
1361 2182 1459 2254 τὴν
1491 2183 1666 2256 ψυχὴν
1693 2185 1880 2256 λογικῇ

302 2269 516 2322 συνέσει
557 2270 819 2341 προῆκτο,
871 2271 948 2334 ὡς
988 2271 1083 2325 καὶ
1131 2273 1290 2345 μέχρι
1335 2274 1592 2347 τελευτῆς
1643 2276 1885 2348 συνήθως

305 2361 402 2430 μὲν
423 2360 802 2433 λογογραφεῖν,
840 2364 1086 2435 συνήθως
1115 2365 1172 2418 δὲ
1199 2366 1297 2430 τὰς
1325 2368 1582 2438 προόδους
1617 2370 1883 2424 ποιεῖσθαι

302 2452 437 2522 (57),
470 2453 563 2506 κα)¹
602 2452 701 2532 τὰς
730 2454 1052 2525 θεοπρεπεῖς
1075 2459 1186 2519 τοῖς
1216 2458 1510 2528 ἀκροαταῖς
1539 2457 1885 2523 διδασκαλίας

301 2548 584 2618 παρέχειν,
629 2549 937 2619 νομοθετεῖν
986 2550 1042 2604 δὲ
1086 2552 1348 2623 συνήθως,
1387 2553 1509 2608 τοτὲ
1544 2554 1641 2625 μὲν
1675 2554 1883 2607 πολιτι-

302 2642 439 2702 κοῖς,
488 2641 607 2693 τοτὲ
652 2641 708 2693 δὲ
760 2645 1195 2713 στρατιωτικοῖς,
1242 2644 1420 2699 πάντα
1456 2662 1516 2697 τε
1561 2645 1884 2717 προσφόρως

300 2730 380 2800 τῷ
414 2731 522 2784 τῶν
547 2731 849 2805 ἀνθρώπιον
896 2734 1130 2787 ἐπινοεῖν
1175 2733 1292 2806 βίῳ.
1331 2735 1716 2806 Μνημονεῦσαι
1750 2737 1794 2789 δ’
1824 2737 1884 2790 ἄ-

303 2819 435 2887 ξιον,
480 2823 555 2886 ῶς
599 2825 734 2896 πρὸς
773 2825 909 2897 αὐτῇ
954 2825 1191 2894 γεγονὼς
1235 2830 1302 2898 τῇ
1349 2827 1444 2880 τοῦ
1483 2827 1598 2898 βίου
1637 2827 1879 2899 τελευτῇ,

302 2915 604 2986 ἐπιτήδειόν
633 2934 756 2971 τινα
779 2917 934 2986 λόγον
964 2919 1054 2971 ἐπὶ
1076 2917 1168 2972 τοῦ
1201 2919 1458 2991 συνήθους
1481 2920 1692 2992 διῆλθεν
1716 2922 1852 2993 ἁκρο

300 3024 403 3078 ατη
415 3008 527 3076 ρίου
548 3025 561 3038 ·
615 3010 822 3081 μακρὸν
871 3011 928 3064 δὲ
974 3011 1296 3076 κατατείνας
1318 3013 1428 3083 (58)
1458 3015 1515 3065 ὲν
1544 3013 1718 3085 τούτῳ
1753 3015 1882 3085 περὶ

299 3100 478 3170 ψυχῆς
524 3099 815 3165 ἀθανασίας
845 3101 1042 3174 διεξῄει
1082 3103 1302 3175 (λόγον),
1345 3104 1472 3176 περί
1503 3121 1563 3156 τε
1597 3105 1705 3158 τῶν
1729 3107 1884 3159 stiss-

1997 567 2204 610 morum
2235 548 2513 606 hominum
2551 555 2605 602 et
2654 541 2942 598 insatiabili
2995 538 3291 608 cupiditate
3320 537 3560 609 ﬂagran-

1997 647 2150 710 tium,
2184 643 2276 714 qui
2304 642 2585 696 universos
2622 635 2734 691 fere
2768 633 3024 688 mortales
3072 630 3399 685 infestabant
3429 669 3446 695 ,
3506 641 3559 684 et

1995 736 2398 792 fraudulentam
2428 727 2829 784 simulationem
2869 739 3056 778 eorum
3107 723 3199 792 qui
3257 720 3451 778 callide
3503 721 3558 775 in

1992 831 2288 887 Ecclesiam
2307 826 2640 896 irrepebant,
2668 831 2719 876 et
2744 819 3176 876 Christianorum
3201 831 3393 870 nomen
3424 812 3560 869 falso

1993 943 2056 983 ac
2084 924 2265 990 specie
2300 932 2460 977 tenus
2488 914 2869 990 praeferebant.
2911 913 3105 967 Verum
3137 909 3297 965 insita
3324 908 3557 979 impera-

1993 1019 2094 1074 tori
2138 1014 2449 1072 humanitas
2483 1027 2547 1067 ac
2569 1009 2806 1074 bonitas,
2843 1016 2896 1060 ct
2919 1003 3041 1060 fidei
3077 1014 3398 1069 morumque
3437 999 3559 1052 sin-

1989 1111 2210 1174 ceritas,
2244 1122 2308 1163 eo
2340 1107 2518 1176 ipsum
2553 1101 2799 1166 adduxit,
2827 1109 2886 1152 ut
2912 1097 3158 1154 crederet
3193 1092 3328 1147 fictae
3353 1092 3402 1145 in
3436 1105 3557 1160 spe-

1989 1204 2126 1256 ciem
2156 1199 2341 1272 pietati
2373 1196 2651 1251 hominum
2701 1191 2917 1246 illorum
2953 1188 3042 1258 qui
3097 1202 3194 1258 pro
3232 1182 3561 1239 Christianis

1992 1294 2348 1357 habebantur,
2379 1298 2433 1343 et
2451 1287 2539 1356 qui
2575 1287 2850 1340 sinceram
2877 1297 3002 1352 erga
3025 1280 3198 1349 ipsum
3231 1276 3558 1332 benevolen-

1992 1389 2118 1441 tiam
2151 1384 2346 1439 callida
2372 1389 2552 1436 mente
2586 1375 2934 1433 simulabant.
2959 1371 3168 1439 Quibus
3191 1369 3280 1424 ille
3319 1383 3440 1422 cum
3476 1380 3560 1421 se-

1995 1478 2288 1548 metipsum
2327 1472 2668 1533 credidisset,
2696 1467 2964 1523 interdum
2994 1465 3228 1519 fortasse
3263 1463 3314 1516 in
3345 1476 3408 1516 ea
3438 1473 3560 1530 quae

1990 1582 2175 1640 parum
2201 1567 2395 1621 decora
2423 1572 2623 1623 essent,
2651 1558 2904 1628 impegit,
2938 1555 3156 1624 maligni
3190 1553 3450 1608 dmmonis
3473 1556 3556 1606 in-

1987 1661 2126 1715 vidia
2168 1660 2306 1714 hanc
2357 1657 2504 1710 velut
2566 1652 2828 1707 maculam
2857 1646 2865 1655 ’
2893 1648 3116 1718 reliquis
3155 1645 3274 1717 ejus
3305 1644 3558 1699 laudibus

1987 1760 2328 1822 aspergeule.

2479 1835 2642 1908 δεῖ,
2685 1833 2916 1890 CAPUT
2954 1830 3061 1886 LV.

2060 1933 2303 2001 Qualiter
2326 1933 2396 1985 ad
2441 1929 2683 1984 ultimum
2716 1943 2876 2010 usque
2905 1927 3022 1980 vita:
3049 1924 3185 1978 diem
3218 1921 3484 1977 orationes

2649 2007 2882 2065 scripsti.

2061 2097 2257 2152 Verum
2284 2097 2405 2150 illos
2437 2093 2618 2149 divina
2651 2090 2856 2160 justitia
2889 2103 2994 2143 non
3016 2088 3186 2142 multo
3213 2098 3336 2156 post
3363 2085 3557 2141 merito

1985 2190 2247 2261 supplicio
2283 2188 2482 2243 allecit.
2514 2187 2814 2254 Imperator
2869 2197 2998 2236 vero
3026 2189 3174 2234 tanta
3243 2193 3555 2235 sermonum

1985 2284 2214 2342 scientia
2253 2282 2494 2337 animum
2529 2279 2878 2334 instruxerat,
2917 2280 2974 2326 ut
3003 2273 3070 2326 ad
3096 2270 3346 2325 ult-imum
3383 2283 3554 2337 usque

1983 2379 2124 2434 diem
2165 2376 2310 2437 vitae,
2353 2373 2632 2428 orationes
2679 2365 3059 2422 conscriberet
3092 2379 3242 2418 more
3273 2353 3454 2423 solito,
3499 2368 3557 2415 et

1984 2470 2274 2527 conciones
2295 2466 2544 2525 haberet,
2591 2472 2646 2516 et
2680 2461 2861 2515 divina
2920 2458 3246 2512 documenta
3296 2453 3558 2507 auditori-

1981 2565 2085 2618 bus
2112 2561 2454 2615 insinuaret:
2492 2553 2638 2622 leges
2669 2553 2794 2605 item
2829 2551 2998 2604 ferret
3040 2548 3281 2610 assidue,
3311 2561 3455 2599 nunc
3486 2543 3554 2596 de

1982 2653 2235 2712 civilibus
2260 2648 2517 2718 negotiis,
2549 2659 2691 2699 nunc
2724 2645 2790 2698 de
2840 2658 2898 2697 re
2939 2640 3159 2696 militari
3187 2657 3200 2692 :
3228 2646 3422 2692 cuncta
3453 2635 3550 2690 de-

1984 2750 2148 2817 nique
2181 2744 2250 2798 ad
2300 2737 2644 2796 commodum
2678 2746 2841 2806 atque
2872 2733 3160 2788 utilitatem
3210 2728 3432 2784 humani
3469 2741 3556 2795 ge-

1983 2839 2129 2907 neris
2155 2835 2509 2906 excogitaret.
2545 2828 2677 2883 Illud
2707 2842 2838 2882 vero
2887 2825 3304 2894 haudquaquam
3339 2818 3554 2875 silentio

1981 2929 2417 3002 praatereundum
2445 2933 2550 2987 est,
2583 2922 2724 2993 quod
2775 2935 2898 2973 cum
2952 2927 3230 2971 extremus
3261 2914 3386 2968 vita:
3435 2912 3553 2967 dies

1983 3021 2209 3094 ipsijam
2244 3018 2596 3088 impenderet,
2624 3014 2901 3069 funebrem
2933 3008 3227 3079 quamdam
3250 3004 3551 3059 orationem

1983 3116 2034 3170 in
2065 3122 2327 3170 consueto
2363 3109 2634 3163 auditorio
2663 3103 2932 3160 recitavit.
2966 3102 3209 3169 Cumque
3239 3111 3549 3151 sermonem

302 3189 413 3254 ϐῶς
433 3191 760 3260 διηνυκότων
787 3193 886 3264 τὴν
911 3195 1076 3266 ζωὴν,
1101 3195 1209 3249 τῶν
1233 3212 1292 3248 τε
1322 3198 1433 3258 τοῖς
1457 3195 1726 3264 θεοφιλέσι
1754 3198 1880 3267 παρ’

1987 3205 2195 3276 longius
2218 3202 2584 3275 produxisset,
2622 3201 2673 3254 in
2728 3212 2792 3253 ea
2841 3193 3100 3250 disseruit
3129 3195 3196 3245 de
3243 3191 3552 3276 animorum

301 3281 452 3352 αὐτῷ
497 3282 615 3353 Θεῷ
633 3285 1073 3354 τεταμιευμένων
1105 3286 1322 3355 ἀγαθῶν
1345 3303 1358 3317 ·
1395 3288 1628 3356 μακραῖς
1659 3287 1705 3340 δ’
1749 3288 1882 3339 ἀπο-

301 3373 518 3438 δείξεσι,
564 3377 658 3428 καὶ
694 3375 755 3428 τὸ
799 3377 906 3429 τῶν
940 3378 1196 3430 ἐναντίων
1235 3379 1420 3448 τάγμα
1461 3377 1648 3430 ὁποίου
1693 3376 1880 3440 τέλους

301 3465 568 3532 τεύξεται,
605 3469 837 3542 φανερὸν
875 3469 1067 3530 ἐποίει,
1105 3471 1214 3522 τῶν
1246 3470 1420 3525 ἀθέων
1456 3469 1554 3540 τὴν
1584 3486 1882 3542 καταστρο-

304 3559 409 3630 φὴν
445 3560 766 3630 παραδιδοὺς
806 3563 869 3631 τῇ
903 3564 1086 3632 γραφῇ
1108 3579 1120 3591 ·
1166 3561 1193 3613 ὃ
1220 3561 1281 3631 δὴ
1314 3562 1406 3615 καὶ
1448 3562 1720 3633 ἐμϐριθῶς
1743 3579 1883 3633 μαρ-

300 3652 620 3722 τυρόμενος,
665 3652 1036 3707 καθάπτεσθαι
1069 3653 1175 3706 τῶν
1206 3653 1340 3722 ἀμφ’
1375 3653 1538 3707 αὐτὸν
1574 3653 1777 3708 ἑδῦκει·
1805 3655 1880 3719 ὡς

302 3745 396 3798 καί
433 3762 557 3797 τινα
590 3744 698 3797 τῶν
739 3745 1110 3816 δοκήσισόφων
1151 3745 1257 3815 ('59)
1293 3744 1511 3815 ἔρεσθαι
1554 3745 1700 3810 ὅπως
1737 3745 1881 3817 ἔχειν

301 3833 450 3904 αὐτῷ
486 3835 727 3904 φαίνοιτο
773 3834 844 3887 τὰ
881 3835 1146 3906 λεγόμενα
1170 3851 1184 3864 ’
1224 3835 1313 3889 τὸν
1357 3836 1400 3889 δ’
1437 3839 1880 3910 ἐπιμαρτυρῆσαι

301 3932 412 3992 τοῖς
437 3929 611 3995 λόγοις
637 3927 910 3999 ἀλήθειαν,
945 3927 1148 4000 σφόδρα
1169 3946 1249 3990 τε,
1269 3929 1467 4000 καίπερ
1486 3931 1583 3983 οὐκ
1607 3930 1877 3994 ἐθέλοντα,

302 4007 541 4073 ἐπαινεῖν
585 4019 685 4083 τὰς
727 4019 868 4073 κατὰ
900 4020 1006 4073 τῶν
1042 4019 1314 4074 πολυθέων
1356 4021 1717 4086 διδασκαλίας.
1756 4023 1878 4075 Τοι-

378 4197 490 4264 (54)
510 4196 664 4268 Vulg.
687 4197 1354 4268 ἐπιτριϐῆςάπλήστων.
1373 4201 1881 4268 Amplectoremen-

303 4269 576 4323 dationem
637 4270 922 4340 doctorum
1002 4275 1258 4333 virorum,
1304 4287 1423 4340 qute
1472 4273 1524 4325 in
1566 4271 1776 4326 Fukelii
1817 4273 1880 4326 li-

301 4341 402 4414 ltro
433 4339 613 4414 etiam
662 4339 1228 4414 legitut',ué7:ttp:6qv.
1272 4339 1441 4398 Porro
1462 4345 1774 4414 notandum
1797 4353 1885 4398 est

301 4409 396 4463 hic
425 4407 686 4482 judicium
712 4411 927 4464 Eusebii
956 4407 1270 4481 nns‘t-rifqui
1309 4415 1361 4466 in
1391 4413 1701 4482 principatu
1739 4413 1878 4467 Con-

301 4479 526 4552 stantini
579 4488 831 4548 tanquam
892 4483 945 4534 in
989 4479 1360 4550 pulcherrimo
1391 4479 1651 4552 'quodam
1705 4483 1874 4549 vultu,

304 4550 448 4603 hunc
475 4536 943 4622 ttzevum‘notavit,
973 4536 1114 4618 quod
1163 4536 1447 4622 pessimosl
1468 4536 1552 4607 ac
1583 4536 1879 4619 rrapaCisst;
1910 4536 1952 4591 Ῑ)

303 4634 442 4693 nugs
474 4620 738 4693 homines,
783 4625 848 4672 ad
895 4620 1187 4676 amicitiam
1238 4640 1417 4693 suam,
1452 4635 1505 4678 et
1547 4625 1612 4677 ad
1665 4625 1877 4692 publica

303 4688 479 4743 ofﬁcia
512 4691 870 4754 adscivisset,
949 4702 1001 4744 et
1055 4694 1196 4760 quod
1238 4690 1430 4747 fraude
1474 4702 1528 4748 et
1576 4688 1879 4751 calliditate

301 4763 660 4829 quorumdam
719 4762 806 4828 qui
857 4775 917 4814 se
962 4762 1303 4816 Christianos
1350 4779 1471 4818 esse
1522 4764 1876 4829 simulabant,

305 4832 713 4904 circumventus
747 4831 959 4904 fuisset.
1002 4831 1168 4904 ldeuL
1186 4835 1301 4904 fere
1328 4835 1676 4904 reprehendit
1702 4835 1876 4890 Aure-

305 4901 410 4955 lius
444 4899 628 4954 Victor
661 4902 747 4955 his
780 4903 999 4956 verbis:
1051 4920 1069 4953 ι
1129 4899 1688 4958 Ὲὶεοιιιιιδ”ιιιοιοειίειι
1718 4920 1875 4959 seve-

306 4971 421 5026 rius
460 4987 692 5038 pressw,
738 4981 1032 5042 cunctaque
1056 4975 1242 5026 divino
1279 4974 1400 5027 ritui
1433 4975 1584 5041 paria
1622 4975 1874 5028 videren-

307 5052 416 5114 tur,
437 5044 488 5094 ni
516 5058 700 5109 parum
726 5043 899 5112 dignis
921 5045 985 5097 ad
1019 5045 1235 5114 publica
1265 5045 1468 5099 aditum
1495 5046 1872 5100 concessisset.

306 5113 435 5177 Quae
462 5127 770 5181 quanquam
814 5113 1304 5180 szepius’acciderc,
1359 5125 1538 5169 tamen
1579 5117 1630 5170 in
1661 5131 1874 5170 summo

306 5183 548 5256 ingenio,
579 5195 740 5256 atque
770 5185 984 5252 eptimis
1007 5185 1314 5256 reipublicae
1339 5187 1600 5250 moribus,
1628 5190 1876 5255 quamvis

304 5267 469 5325 parva
500 5254 629 5325 vitia
656 5254 871 5306 elucent
903 5254 1096 5325 magis.
1123 5273 1143 5308 ι
1185 5257 1289 5309 Sed
1318 5266 1372 5310 et
1405 5256 1583 5311 Amm.
1610 5254 1876 5312 Marcelli-

307 5337 408 5377 nus
455 5324 507 5376 in
570 5324 706 5396 libro
753 5339 839 5376 va
874 5324 1102 5392 idipSum
1152 5336 1466 5381 testatura
1505 5326 1640 5381 Natu
1688 5331 1875 5396 proxi-

308 5407 518 5446 morum
569 5394 756 5448 fauces
782 5398 994 5465 aperuit
1042 5398 1246 5466 primus
1288 5397 1528 5454 omniurn
1561 5394 1876 5454 Constanti-

306 5475 427 5515 itus.
467 5482 486 5514 ι

379 5533 491 5602 (55)
527 5534 910 5603 Ἐνεπειγιετο.
951 5532 1003 5586 lu
1036 5537 1190 5590 codd.
1249 5536 1386 5594 Fttk.
1413 5546 1466 5592 el.
1509 5537 1699 5594 Savilii
1731 5540 1872 5594 scri-

308 5601 452 5677 bitur
478 5601 809 5677 ἐνεπειρᾶτο.

379 5674 486 5743 (ὖύί)
523 5673 710 5746 nam
751 5677 892 5744 τοὺς
931 5673 1080 5746 μέν,
1119 5676 1404 5731 Ahlabium
1458 5679 1598 5734 inter
1647 5689 1874 5733 caeteros

311 5743 532 5812 intelligi
575 5757 726 5811 puto,
765 5743 877 5812 qui
903 5743 1020 5816 post
1051 5744 1389 5802 Constantini
1443 5761 1696 5814 mortem,
1749 5765 1872 5802 cum

311 5829 396 5868 tes
428 5831 596 5871 novas
633 5817 810 5872 moliri
841 5821 1181 5886 crederetur,
1207 5819 1360 5891 jussu
1391 5821 1699 5877 Constantii
1734 5820 1871 5875 inte.

1984 3262 2415 3358 immortalitate,
2455 3262 2630 3360 deque
2680 3290 2764 3344 bis
2801 3287 2893 3357 qui
2932 3286 3098 3339 vitam
3145 3284 3230 3353 pie
3286 3262 3555 3337 traduxis-

1982 3397 2104 3444 sent
2129 3403 2145 3455 ;
2181 3396 2236 3442 et
2257 3386 2326 3441 de
2351 3383 2505 3439 bonis
2531 3396 2648 3451 qua:
2668 3381 2855 3436 amicis
2876 3379 2967 3433 Dei
2997 3377 3136 3446 apud
3181 3376 3354 3443 ipsum
3386 3375 3551 3429 Deum

1984 3477 2260 3533 recondita
2308 3483 2510 3530 essent.
2558 3471 2758 3527 Contra
2792 3483 2944 3534 vero,
2979 3482 3140 3539 quem
3175 3469 3335 3523 linem
3369 3476 3554 3523 essent

1983 3569 2218 3624 habituri
2250 3568 2322 3622 illi
2357 3567 2447 3637 qui
2482 3564 2811 3621 contrariam
2839 3559 3056 3616 vivendi
3094 3559 3362 3614 rationem
3395 3560 3554 3615 insti-

1984 3659 2247 3722 tuissent,
2281 3658 2464 3712 multis
2506 3655 2810 3710 rationibus
2837 3649 3116 3706 evidenter
3145 3651 3401 3716 astruxit,
3464 3652 3554 3705 in-

1984 3752 2200 3806 teritum
2227 3760 2279 3802 et
2314 3749 2520 3804 cladem
2550 3748 2836 3815 impiorum
2863 3746 3203 3801 describens.
3233 3743 3388 3810 Quod
3432 3745 3556 3814 qui-

1981 3844 2100 3898 dem
2128 3858 2251 3897 cum
2283 3843 2520 3910 graviter
2570 3849 2625 3894 et
2650 3841 2795 3894 serio
2830 3839 3147 3904 afﬁrmaret,
3183 3835 3460 3905 proximos
3500 3845 3555 3888 et

1980 3935 2279 3990 familiares
2330 3949 2456 3989 suos
2505 3932 2870 4002 perstringere
2927 3932 3215 3986 videbatur
3249 3947 3262 3981 :
3298 3931 3438 3981 adeo
3495 3935 3554 3980 ut

1979 4029 2269 4098 quemdam
2305 4043 2371 4081 ex
2407 4027 2514 4082 illis
2573 4041 2710 4079 vana
2743 4025 3022 4096 sapientize
3060 4023 3314 4092 opinione
3348 4018 3549 4074 inﬂatis

1981 4212 2223 4272 remptus
2246 4211 2350 4268 est,
2378 4211 2436 4256 ut
2461 4199 2580 4256 fuse
2609 4210 2796 4254 narrat
2822 4198 3092 4270 Eunapius
3121 4199 3173 4251 in
3211 4196 3344 4250 Vilis
3379 4195 3558 4263 sophi-

1979 4283 2203 4328 uarum.

2052 4344 2163 4414 (57)
2192 4341 2473 4414 Συνήθῳς
2491 4340 2558 4414 δὲ
2581 4341 2688 4408 τὰς
2722 4337 3352 4414 προόδουςσζοιεῗσθᾳι.
3381 4335 3553 4414 Supra

1983 4416 2035 4468 in
2061 4407 2196 4484 'cap.
2225 4411 2295 4466 29
2331 4407 2487 4480 hujus
2511 4413 2634 4484 libri
2666 4407 2940 4484 παρόδους
2979 4411 3113 4484 dixit
3141 4408 3434 4484 Eusebius:
3464 4407 3554 4459 ubi

1985 4483 2108 4540 vide
2145 4476 2274 4553 qua:
2304 4476 2580 4538 adnotavi.
2609 4476 2790 4553 Possis
2817 4485 2982 4536 etiam
3005 4481 3207 4553 legere
3221 4476 3551 4553 προσόδους,

1984 4565 2042 4609 ut
2096 4549 2361 4609 aid-oram
2401 4553 2662 4607 editionis
2713 4552 3048 4607 Geneveusis
3084 4549 3388 4616 ascriptum
3446 4555 3549 4600 est.

1983 4625 2152 4697 Porro
2191 4626 2456 4692 interpres
2490 4625 2695 4677 erroris
2746 4625 2828 4697 sui
2865 4634 3048 4697 tenax,
3091 4620 3257 4674 etiam
3293 4617 3552 4697 hoc_loco

1983 4696 2160 4756 vertit,
2191 4711 2497 4764 congressus
2521 4709 2638 4746 cum
2675 4696 2856 4745 amicis
2883 4692 3089 4758 habere,
3125 4704 3248 4744 cum
3278 4692 3551 4764 conciones

1981 4777 2191 4820 vertere
2221 4761 2516 4829 debuisset,
2550 4774 2606 4816 ut
2643 4767 2921 4831 sequentia
2969 4770 3156 4828 aperte
3193 4761 3548 4831 conﬁrmant.

1987 4835 2217 4891 Victoris
2255 4825 2512 4902 Ερὶιοιηι⁷
2544 4834 2683 4887 idem
2718 4825 2935 4902 quoque
2988 4825 3121 4885 dicit
3173 4830 3239 4883 de
3277 4825 3552 4902 Constan-

1982 4909 2139 4960 tino:
2179 4924 2197 4956 ι
2239 4899 2933 4970 Commodissimus'tanien
2986 4903 3146 4955 rebus
3190 4900 3372 4953 multis
3399 4899 3544 4952 fuit:

1979 4977 2279 5030 ralumnias
2303 4976 2496 5028 sedare
2519 4975 2725 5044 legibus
2752 4974 3144 5027 severissimis:
3173 4971 3381 5044 nutrire
3406 4979 3550 5044 artes

1982 5049 2173 5110 bonas,
2221 5046 2488 5115 praecipue
2536 5040 2716 5098 siudia
2764 5045 3067 5115 litterarum
3116 5059 3132 5096 :
3178 5041 3365 5115 legere
3411 5040 3548 5108 ipse,

1980 5111 2238 5180 scribere,
2267 5111 2542 5177 meditari;
2574 5133 2591 5166 ι
2632 5115 2719 5168 ubi
2748 5117 2990 5168 meditari
3018 5113 3160 5167 idem
3200 5111 3342 5166 valet
3366 5126 3430 5164 ac
3457 5126 3554 5179 με-

1977 5186 2157 5257 λετᾷν,
2189 5189 2343 5240 idest
2365 5184 2689 5257 declamare.

2051 5250 2161 5328 (38)
2193 5257 2343 5327 Vulg.
2385 5253 2618 5325 μακρὸν
2655 5252 2907 5328 δὲνκατὰ
2947 5271 3134 5328 τινας.
3191 5250 3548 5328 Scribendum

1977 5324 2495 5398 estprocul'dubio
2531 5327 2872 5390 κατατείνας,
2917 5335 2975 5378 ιιι
3016 5326 3126 5394 jam
3181 5324 3272 5376 alii
3324 5335 3551 5374 monue-

1977 5415 2076 5453 ιἰιιι
2085 5410 2121 5452 Ι..

2050 5468 2162 5539 (59)
2195 5467 2351 5539 Vulg.
2409 5467 2542 5522 τινὰ
2591 5466 2710 5522 τῶν
2758 5467 3136 5536 δοκησόεεων.
3179 5462 3356 5518 Malim
3413 5461 3549 5539 scri-

1976 5535 2245 5616 bere-"rth
2293 5535 2686 5611 δοκησισόφων.
2743 5543 2834 5616 Sic
2895 5535 3125 5616 gentiles
3170 5550 3379 5616 vocare.
3414 5535 3551 5586 snlet

1980 5611 2267 5678 Eusebius,
2310 5626 2373 5664 ac
2404 5605 2674 5682 praecipue
2728 5605 3098 5682 philosophos,
3131 5605 3222 5675 qui
3261 5605 3550 5682 _siliiJiz-.c

1977 5683 2187 5736 ueteris
2235 5674 2425 5747 sapere
2477 5674 2818 5737 videbantur.
2877 5674 2956 5733 |n_
2982 5675 3118 5733 Fuit.
3152 5674 3359 5730 codice
3394 5674 3552 5742 δοκη-

1980 5751 2214 5821 σισόφων
2247 5755 2460 5825 legitur.
2498 5753 2605 5809 Sed
2649 5756 2806 5809 tertia
2855 5751 3058 5823 syllaba
3106 5748 3305 5803 lineola
3349 5747 3548 5802 subuo~

1977 5835 2141 5879 tatur.
