4114 6432
1790 124 1815 143 ι

528 346 536 373 :
592 313 730 370 1%07

1296 310 1568 369 EUSEBII
1604 311 2078 370 CASSABIENSIS
2115 313 2264 370 OPP.
2301 314 2481 370 PARS
2522 313 2561 370 Ι.
2602 345 2669 353 -
2706 313 3095 371 HlSTORlCA.

3718 317 3863 368 1203

592 430 1009 502 interrogaverit
1033 430 1158 501 quid
1188 432 1415 488 sentiret
1441 432 1507 487 de
1530 432 1595 486 iis
1639 447 1758 501 quae
1779 433 1921 488 dicta
1953 444 2155 490 essent.

2269 435 2397 489 κῦτα
2428 435 2531 508 πρὸ
2557 437 2657 507 τῆς
2675 437 2940 507 ’τελευτῆς
2963 440 3075 501 τοῖς
3106 436 3404 507 γνωρίμοις
3421 434 3731 506 ὁμιλήσας.
3768 434 3867 486 αὖ·

590 526 660 580 At
692 524 781 581 ille
815 524 1099 581 verissima
1127 538 1247 580 esse
1265 535 1459 580 cuncta
1496 534 1727 580 testatus
1753 538 1869 593 est;
1895 538 1948 581 et
1968 543 2159 600 quam-

589 617 671 673 vis
700 617 920 680 invitus,
972 617 1367 687 disputationes
1423 620 1681 673 adversus
1727 620 2020 672 multorum
2060 636 2158 671 nu-

2263 529 2354 592 τὸς
2380 529 2529 601 αὐτῷ
2557 530 2656 601 τὴν
2674 532 2765 583 ἐπὶ
2785 530 2852 583 τὰ
2877 531 3109 605 κρείττω
3129 530 3371 601 πορείαν,
3401 530 3552 583 λεῖαν
3585 529 3694 581 καί
3726 530 3863 596 ὁμαρ

2262 619 2360 691 λὴν
2382 619 2541 689 ἐῴκει
2572 620 3025 693 παρασκευάζειν.

590 715 795 767 minum
824 713 1029 768 cultum
1073 728 1397 784 magnopere
1418 713 1677 767 laudavit.
1708 713 2022 783 liujusmodi
2056 713 2351 768 conciones
2385 717 2451 769 ad
2504 715 2799 772 familiares
2843 732 2969 771 suos
3025 726 3150 772 ante
3180 726 3410 771 mortem
3465 732 3587 772 cum
3628 712 3876 770 habuis-

587 813 691 870 set,
730 806 870 859 viam
904 804 1008 860 sibi
1046 804 1162 874 ipse
1212 802 1555 871 complanare
1582 804 1649 857 ad
1680 804 1956 858 meliorem
1988 805 2155 859 vitam
2198 806 2498 860 videbatur.

1172 892 1398 950 CAPUT
1437 892 1567 948 LVI.

589 982 865 1052 Quomodo
892 987 960 1039 ad
997 986 1186 1040 bellum
1220 987 1489 1042 Persicam
1543 989 1902 1056 proﬁciscens,
1955 988 2157 1057 episco-

656 1072 752 1125 pos
785 1056 887 1138 sibi
915 1057 1180 1126 adjunxit,
1209 1069 1259 1112 et
1286 1059 1563 1112 tentorium
1598 1060 1654 1112 in
1673 1061 1892 1126 speciem
1927 1056 2158 1112 ecclesia:

656 1135 888 1179 parauit.

656 1142 888 1194 parauit.

657 1215 792 1273 Illud
821 1232 1039 1289 quoque
1074 1220 1386 1289 neutiquam
1421 1218 1853 1289 praetereundum
1880 1230 1985 1283 est,
2014 1221 2155 1289 quod

588 1306 737 1362 circa
776 1307 894 1363 haec
930 1316 1195 1379 tempora,
1240 1324 1365 1363 cum
1388 1309 1456 1363 de
1491 1319 1640 1364 motu
1685 1309 2046 1365 Barbarorum
2091 1309 2157 1364 ad

587 1399 853 1455 orientem
883 1399 1051 1455 solem
1099 1400 1412 1470 degentium
1452 1401 1673 1456 nuntius
1722 1401 1920 1456 allatus
1968 1409 2152 1464 esset,

589 1491 735 1548 hanc
772 1492 954 1547 adhuc
976 1492 1041 1546 de
1073 1491 1176 1547 illis
1204 1492 1489 1547 victoriam
1516 1508 1802 1561 superesse
1852 1493 1951 1547 sibi
1988 1502 2156 1547 testa-

590 1593 700 1650 tus,
731 1582 913 1639 Persis
937 1583 1136 1640 bellum
1172 1584 1374 1640 inferre
1408 1585 1620 1640 statuit.
1647 1585 1799 1653 Quod
1822 1602 1946 1641 cum
1972 1586 2150 1642 facere

590 1674 943 1741 decrevisset,
1005 1674 1271 1730 militares
1319 1676 1504 1745 copias
1544 1677 1781 1746 undique
1829 1678 2048 1741 excivit,
2097 1688 2149 1729 et

589 1782 711 1822 cum
741 1766 1013 1837 episcopis
1033 1782 1169 1833 quos
1193 1768 1340 1821 circa
1369 1782 1427 1821 se
1454 1768 1708 1836 habebat,
1738 1770 1803 1825 de
1829 1771 2159 1839 profectione

589 1855 875 1911 consilium
932 1857 1396 1919 communicavit,
1451 1858 1672 1927 provida
1732 1872 1911 1914 mente
1944 1862 2157 1929 prospi-

589 1948 763 2014 ciens,
786 1949 933 2003 viros
962 1948 1028 2003 ad
1060 1949 1302 2004 divinum
1342 1948 1545 2003 cultum
1602 1952 1940 2008 necessarios
1975 1968 2157 2009 secum

590 2040 809 2095 assidue
854 2041 1060 2096 versari
1111 2040 1272 2111 555
1325 2050 1593 2111 oportere.
1652 2044 1732 2098 Illi
1791 2059 1923 2100 vero
1969 2047 2157 2102 libenti

590 2133 775 2187 animo
830 2144 1119 2189 secuturos
1173 2149 1233 2189 se
1266 2150 1387 2191 esse
1418 2134 1784 2203 aliirmarunt,
1843 2153 1944 2194 nec
1972 2141 2040 2194 ab
2070 2138 2160 2193 illo

591 2223 966 2293 discessuros;
997 2227 1091 2282 sed
1126 2229 1405 2283 continuis
1437 2232 1581 2298 apud
1613 2231 1777 2285 Deum
1811 2231 2160 2301 supplicatio-

591 2317 747 2373 nibus
782 2316 1108 2374 militaturos
1145 2334 1251 2373 una
1276 2334 1395 2375 cum
1427 2320 1519 2374 illo
1554 2330 1607 2376 et
1646 2333 2000 2393 pugnaturos.
2044 2326 2160 2392 Quo

592 2406 679 2461 ille
708 2408 898 2463 nuntio
946 2410 1299 2466 vehementer
1356 2411 1680 2478 delectatus,
1713 2416 1854 2468 viam
1908 2414 2017 2469 illis
2055 2432 2161 2484 qua

592 2498 1091 2568 proﬁciscerentur,
1147 2502 1452 2573 descripsit.
1502 2505 1706 2561 Deinde
1758 2507 2161 2561 tabernaculum

592 2594 644 2646 in
674 2593 908 2662 speciem
942 2593 1184 2650 ecclesiae
1232 2597 1523 2653 ambitioso
1566 2598 1711 2653 cultu
1745 2600 1808 2653 ad
1858 2600 2015 2667 hujus
2037 2599 2160 2653 belli

591 2702 747 2742 usum
776 2692 1132 2761 prazparavit,
1168 2693 1220 2746 in
1258 2708 1366 2763 quo
1394 2708 1583 2762 preces
1628 2696 1693 2749 ad
1724 2696 1888 2749 Deum
1922 2696 2163 2750 victoria

589 2790 867 2837 auctorem
892 2799 995 2837 una
1024 2799 1146 2839 cum
1180 2787 1449 2856 episcopis
1490 2787 1717 2842 fundere
1754 2788 2088 2841 decreverat.

1173 2876 1400 2933 CAPUT
1428 2877 1583 2932 LVII.

2775 900 3166 955 ΚΕΦΑΛΑΙΟΝ
3201 902 3341 969 Νςῖν.

2267 1009 2455 1075 Ὅπως
2483 1010 2580 1063 ἐπὶ
2613 1010 2847 1079 Πέρσας
2873 1012 3212 1079 στρατεύων
3235 1012 3717 1082 συμπαρέλαϐεν
3745 1013 3877 1065 ἐπε.

2264 1103 2553 1168 σκόπους,
2590 1103 2687 1155 καὶ
2730 1103 2971 1171 σκηνὴν
2991 1106 3077 1169 είς
3116 1104 3325 1174 σχῆμα
3351 1103 3457 1173 τῆς
3485 1107 3872 1175 ἐκκλησίας.

2330 1216 2563 1272 Κάκεῖνο
2594 1216 2647 1268 δὲ
2676 1218 2894 1287 μνήμης
2921 1218 3087 1281 ἄξιον,
3108 1218 3183 1282 ὡς
3205 1218 3344 1289 ἀμφὶ
3364 1219 3708 1291 δηλούμενον
3740 1220 3875 1290 χρό-

2265 1326 2372 1371 νον,
2396 1306 2503 1361 τῶν
2536 1309 2620 1360 ἐπ’
2649 1309 2910 1381 ἀνατολῆς
2943 1310 3230 1382 βαρϐάρων
3263 1315 3526 1383 κινήσεως
3558 1313 3875 1367 ἀκουσθεξρ

2266 1417 2385 1469 σης,
2424 1400 2503 1453 ἔτι
2532 1400 2733 1471 ταύτην
2777 1400 2926 1472 αὐτῷ
2960 1403 3058 1473 τὴν
3082 1402 3222 1457 κατὰ
3248 1403 3409 1457 τῶνδε
3466 1406 3632 1476 νίκην
3665 1404 3871 1458 λείπεο

2265 1495 2387 1549 σθαι
2405 1494 2601 1565 φήσας,
2632 1495 2722 1547 ἐπὶ
2746 1496 2966 1565 Πέρσας
2980 1497 3294 1565 στρατεύειν
3316 1497 3537 1568 ὡρμᾶτο
3559 1515 3572 1527 °
3608 1497 3789 1550 τοῦτό
3811 1514 3869 1549 τε

2263 1590 2473 1659 κρίνας,
2506 1590 2672 1642 ἐκίνει
2699 1589 2767 1642 τὰ
2805 1590 3167 1659 στρατιωτικὰ
3192 1590 3463 1661 τάγματα.
3494 1591 3608 1643 Καὶ
3646 1590 3717 1661 δὴ
3752 1592 3870 1651 :et;

2259 1681 2393 1753 ἀμφ’
2408 1681 2565 1736 αὑτὸν
2597 1680 2914 1744 ἐπισκόποις
2941 1681 3067 1753 περὶ
3092 1682 3189 1751 τῆς
3212 1683 3433 1753 πορείας
3459 1680 3702 1741 ὲκοίνου,
3746 1695 3876 1730 συν-

2260 1776 2397 1826 εῖναι
2436 1772 2584 1843 αὑτῷ
2628 1772 2735 1825 δεῖν
2781 1790 2931 1836 τινας
2969 1773 3078 1825 τῶν
3115 1774 3424 1841 ἀναγκαίων
3468 1773 3527 1824 ὲν
3560 1770 3868 1839 θεοσεϐείᾳ

2260 1864 2725 1937 προμηθούμενος.
2761 1866 2824 1916 Οἱ
2856 1865 2933 1925 δὲ,
2956 1864 3050 1917 καὶ
3082 1865 3223 1934 μάλα
3275 1863 3569 1935 προθύμως
3622 1862 3868 1914 συνέπο

2263 1957 2383 2010 σθαι
2441 1956 2767 2027 βουλομένῳ,
2816 1956 2935 2027 μηδ’
2983 1958 3280 2027 ἀναχωρεῖν
3325 1956 3548 2019 ἐθέλειν,
3613 1972 3865 2025 συστρα-

2260 2050 2436 2102 τεύειν
2483 2048 2528 2101 δ’
2568 2048 2717 2118 αὐτῷ
2763 2048 2857 2101 καὶ
2903 2045 3357 2114 συναγωνίζεσθαι
3396 2051 3516 2110 ταῖς
3558 2047 3703 2119 πρὸς
3768 2048 3861 2100 τὸν

2260 2140 2391 2192 Θεὸν
2419 2140 2722 2211 ἱκετηρίαις
2751 2140 2956 2208 ἔλεγον.
2992 2140 3203 2211 Σφόδρα
3228 2140 3271 2192 δ’
3294 2140 3385 2192 ἐπὶ
3410 2143 3528 2202 ταῖς
3561 2139 3859 2208 ἀγγελίαις

2260 2232 2464 2301 ἡσθεὶς,
2513 2232 2611 2302 τὴν
2650 2232 2873 2303 πορείαν
2923 2232 3103 2295 αὐτοῖς
3138 2231 3387 2285 διετύπου
3434 2232 3578 2301 (40)’
3632 2232 3857 2302 [ἔπειτα

2262 2324 2355 2379 καὶ
2377 2324 2475 2393 τὴν
2503 2324 2705 2395 σκηνὴν
2730 2324 2838 2395 (41)
2872 2324 2948 2393 τῷ
2969 2324 3064 2393 τῆς
3106 2322 3402 2393 ἐκκλησίας
3435 2325 3677 2397 σχήματι
3709 2323 3856 2394 ergo;

2260 2415 2357 2486 τὴν
2396 2416 2603 2469 ἐκείνου
2636 2416 2728 2469 τοῦ
2760 2416 2998 2486 πολέμου
3037 2414 3339 2486 παράταξιν
3380 2417 3475 2468 σὺν
3502 2415 3673 2486 πολλῇ
3701 2416 3854 2485 φιλο-

2260 2508 2417 2578 τιμίᾳ
2450 2507 2858 2579 κατειργὰζετο,
2891 2502 3005 2579 ὲνῇ
3041 2507 3117 2577 τῷ
3151 2507 3287 2577 Θεῷ,
3327 2507 3405 2577 τῷ
3437 2507 3536 2576 τῆς
3573 2507 3733 2577 νίκης
3765 2508 3854 2561 δο-

2261 2600 2413 2670 τῆρι,
2444 2599 2543 2663 τὰς
2584 2600 2858 2670 ἱκετηρίας
2901 2600 3016 2670 ἅμα
3050 2602 3159 2663 τοῖς
3209 2599 3526 2663 ἐπισκόποις
3570 2599 3852 2653 ποιεῖσθαι

2264 2691 2493 2745 ἐπενόει.

2782 2871 3175 2925 ΚΕΦΑΛΑῘΟΝ
3204 2872 3322 2925 NZ'.

626 2965 919 3031 Quomodo,
937 2970 1191 3034 susceptis
1223 2969 1500 3023 Persarum
1520 2971 1723 3039 legatis,
1749 2971 1878 3037 festo
1905 2968 2124 3025 Pascha?

2269 2965 2457 3039 Ὅπως
2496 2963 2755 3039 Περσῶνζ
2788 2967 3104 3039 πρεσϐείας
3136 2965 3481 3039 δεξάμενος,
3529 2964 3607 3039 ἐμνγ
3628 2962 3705 3031 τῇ
3739 2962 3851 3017 τσῦ

996 3041 1083 3093 die
1112 3055 1229 3091 cum
1260 3040 1379 3093 aliis
1414 3042 1757 3109 pernoctavit.

659 3127 867 3183 Interea
902 3127 1079 3183 Persa:
1108 3142 1232 3182 cum
1286 3130 1674 3198 imperatorem
1726 3128 1920 3183 bellum
1971 3142 2161 3197 parare

588 3202 1007 3290 comperissent,
1038 3230 1092 3275 et
1118 3235 1236 3275 cum
1286 3221 1375 3275 illo
1408 3222 1665 3291 congredi
1696 3222 2049 3281 vehementer
2082 3236 2163 3275 re-

591 3313 969 3380 formidarent,
1005 3314 1188 3369 missis
1220 3314 1416 3385 legatis
1444 3328 1631 3384 pacem
1674 3314 1742 3369 ab
1765 3328 1832 3367 eo
1854 3316 2164 3382 postulave-

590 3412 736 3459 runt.
766 3405 952 3475 itaque
984 3406 1285 3475 imperator
1311 3406 1460 3476 pacis
1502 3406 1938 3471 amantissimus,
1970 3405 2164 3462 Persa-

659 3630 774 3714 (ξθ)
798 3632 1008 3714 A0507;-
1032 3631 1336 3713 διετῷπρυ.
1374 3628 1503 3696 Quae
1529 3629 1763 3714 posthaec
1795 3631 2162 3714 sequiminer

590 3700 833 3758 editione
878 3700 1203 3763 Genevensi,
1256 3714 1431 3768 usque
1485 3700 1551 3753 ad
1600 3700 1815 3753 initium
1866 3702 2060 3766 capitis
2096 3700 2163 3753 59

591 3773 815 3826 deerant
844 3781 953 3826 tum
981 3772 1034 3827 in
1069 3770 1259 3827 codice
1289 3770 1482 3839 Regio,
1510 3778 1624 3824 tum
1669 3770 1721 3823 in
1752 3770 1985 3824 editione
2024 3770 2161 3824 Rob.

590 3842 852 3911 Stephani
880 3852 967 3896 :et
990 3857 1017 3895 a
1041 3842 1175 3896 viris
1200 3842 1374 3896 doctis
1398 3842 1575 3895 addita
1600 3852 1725 3894 sunt
1745 3854 1808 3894 ex
1830 3842 2163 3909 conjecutra,

593 3922 650 3966 ut
680 3913 891 3981 opinor.
924 3911 1059 3966 Nam
1094 3927 1213 3979 quae
1252 3920 1553 3981 sequuntur
1588 3911 1801 3981 capita,
1833 3911 1995 3964 nimis
2040 3911 2165 3964 bre-

590 3983 675 4035 via
718 3980 866 4047 SUnt,
903 3998 1004 4038 nec
1033 3980 1360 4052 quidquam,
1385 3981 1613 4049 amplius
1663 3980 1964 4052 continent,
2001 3996 2164 4052 quam

591 4052 692 4121 ipsi
718 4054 957 4122 capitum
989 4050 1160 4118 tituli;
1190 4050 1372 4122 ’qnod
1402 4052 1618 4121 quidem
1664 4052 1733 4104 ab
1765 4050 1980 4122 Eusebii
2010 4051 2164 4122 insti-

590 4119 707 4177 tuto
737 4119 960 4193 prorsus
1003 4119 1285 4177 abhorret.
1344 4119 1525 4186 Quare
1583 4119 1848 4193 credibile
1880 4128 1985 4183 est,
2020 4121 2167 4173 viros

589 4191 780 4248 doetos
814 4208 878 4247 ex
912 4194 1083 4248 titulis
1116 4192 1607 4263 capitulorum,qui
1646 4191 1784 4245 libro
1809 4203 2002 4259 quarto
2032 4206 2170 4263 pra:-

593 4264 683 4317 iixi
712 4264 984 4333 leguntur,
1035 4265 1148 4319 haec
1186 4260 1535 4333 'supplevisse
1564 4277 1683 4333 qua:
1715 4263 1883 4333 uncis
1910 4260 2165 4333 conclusa

2335 3036 2549 3104 Πάσχα
2581 3036 2755 3104 ἑορτῇ
2787 3035 3359 3103 συνδιενυκτέρευσε
3385 3035 3505 3100 τοῖς
3537 3034 3776 3100 ἄλλως.

2348 3127 2434 3181 Ἐν
2466 3127 2639 3198 τούτῳ
2682 3127 2888 3199 Πέρσαι
2928 3128 3217 3196 πυθόμενοι
3266 3126 3391 3197 περὶ
3444 3127 3541 3196 τῆς
3578 3125 3851 3195 βασιλέως

2264 3222 2402 3292 πρὸς
2454 3222 2687 3291 πόλεμον
2728 3222 3102 3293 παρασκευῆς,
3159 3222 3250 3274 καὶ
3294 3222 3441 3295 μάχῃ
3498 3221 3633 3293 πρὸς
3682 3220 3851 3274 αὑτδν

2268 3317 2559 3388 συμϐαλεῖν
2606 3317 2809 3388 σφόδρα
2841 3316 3182 3386 φοϐούμενοι,
3215 3314 3301 3368 διὰ
3341 3314 3630 3387 πρεσϐείας
3682 3313 3851 3367 αὑτὸν

2265 3408 2513 3479 ἠξιοῦντο
2542 3408 2653 3480 (42)
2684 3410 2905 3481 εἰρήνην
2932 3408 3226 3461 ποιεῖσθαι·
3263 3407 3343 3460 διὸ
3368 3409 3395 3460 ὁ
3422 3407 3517 3477 μὲν
3549 3405 3851 3477 εἰρηνικώ-

2269 3631 2334 3686 iis
2367 3644 2488 3699 qnze
2533 3644 2601 3683 ex
2652 3627 2891 3699 Eusebio
2949 3633 3248 3699 mutuatur,
3292 3625 3421 3699 ipsis
3469 3623 3582 3699 fere
3620 3623 3851 3699 Eusebii

2268 3694 2450 3755 verbis
2482 3700 2556 3753 uti
2585 3698 2776 3754 solere.
2808 3697 2996 3767 Itaque
3032 3698 3144 3751 haec
3184 3694 3426 3767 Socratis
3457 3695 3623 3749 verba
3666 3694 3851 3767 Euse-

2267 3772 2551 3825 bianorum
2588 3769 2763 3822 vicem
2792 3764 3041 3835 supplere
3063 3775 3315 3835 possunt.
3341 3764 3476 3819 Nam
3505 3780 3623 3834 qua:
3662 3765 3717 3819 in
3746 3766 3854 3820 hac

2273 3842 2463 3894 lacuna
2491 3839 2759 3906 leguntur,
2793 3853 2935 3909 σιεγε
2963 3837 3251 3909 admodum
3301 3836 3519 3909 Eusebii
3549 3850 3689 3909 esse
3723 3851 3851 3909 cre-

2272 3912 2521 3965 diderim.
2545 3904 2722 3962 Porro
2741 3904 2865 3978 jam'
2884 3920 3042 3962 antea
3068 3907 3479 3972 Constantinus,
3507 3906 3560 3959 in
3584 3905 3728 3959 bello
3754 3904 3851 3959 Li-

2272 3983 2488 4036 ciniano
2536 3977 2945 4033 tabernaculum
3009 3980 3188 4033 crucis
3240 3986 3395 4031 extra
3452 3983 3625 4029 castra
3679 3977 3851 4029 tixum

2274 4052 2559 4114 habuerat,
2612 4050 2662 4102 in
2717 4064 2823 4117 quo
2858 4048 3083 4117 jejuniis
3125 4057 3179 4101 et
3221 4046 3849 4117 orationibnsivacabat,

2276 4131 2410 4176 teste
2440 4120 2672 4173 Eusebio
2709 4116 2759 4171 in
2795 4116 2935 4172 libro
2960 4136 3020 4172 ιι.
3056 4118 3160 4172 Sed
3197 4118 3247 4170 in
3282 4116 3406 4171 belli
3438 4116 3639 4170 Persici
3673 4129 3851 4182 appa-

2274 4201 2395 4245 ratu
2430 4192 2479 4243 id
2514 4190 2744 4257 amplius
2777 4189 3026 4251 praestitit
3054 4189 3463 4248 Constantinus,
3498 4185 3647 4257 quod
3663 4184 3851 4257 taber-

2276 4261 2526 4315 naculum
2581 4253 2635 4311 ἰὴ
2677 4258 2921 4313 ecclesiae
2966 4257 3194 4313 formam
3253 4257 3579 4312 construxit.
3625 4253 3709 4306 Ah
3745 4254 3849 4309 hoc

589 4324 928 4389 exbibEmus.
975 4324 1145 4388 Porro
1194 4324 1541 4387 in'editione
1581 4324 1886 4386 Cenevensi
1942 4331 2170 4384 delenda
2203 4326 2252 4385 D
2277 4329 2615 4387 Constantini
2647 4329 2898 4382 instituto
2929 4343 3183 4382 manasse
3222 4339 3410 4398 postea
3439 4324 3626 4398 scribit
3672 4324 3845 4377 Sozo—

591 4415 717 4459 sunt
747 4405 860 4459 haec
881 4408 1046 4459 verba
1077 4422 1091 4458 :
1130 4403 1288 4465 αὐτὸς
1312 4402 1390 4466 δέ,
1415 4417 1532 4470 qua:
1554 4403 1805 4471 leguntur
1838 4411 1957 4470 post
1980 4416 2168 4455 vocem

588 4473 867 4547 65:67pm
922 4475 1137 4547 Etenim
1183 4475 1372 4547 lacuna
1428 4473 1618 4541 incipit
1666 4482 1795 4525 ante
1849 4474 1946 4525 bas
2010 4485 2170 4547 voces

590 4545 756 4608 αὐτὸς
775 4543 841 4599 ’δὲ
868 4545 1024 4609 νεών,
1048 4555 1154 4600 etc.
1187 4543 1432 4599 Similem
1460 4557 1699 4597 errorem
1748 4558 1908 4611 supra
1957 4543 2168 4595 not-avi-

594 4631 736 4670 mus.
775 4614 1029 4672 Nostram
1069 4630 1231 4681 porro
1260 4616 1325 4669 de
1354 4615 1455 4669 hoc
1479 4611 1854 4682 supplemento
1887 4611 2167 4677 cOnjectu-

593 4701 708 4756 ram
745 4686 905 4756 plane
948 4687 1236 4741 continuat
1272 4684 1514 4756 optimus
1539 4681 1871 4756 eodex_Fuk.
1906 4685 1996 4751 qui
2044 4697 2169 4735 cum

594 4753 803 4826 reliqua
836 4756 1205 4826 supplementa
1225 4753 1344 4824 quae
1373 4770 1407 4826 a7
1427 4753 1834 4826 Genevensibns
1850 4755 1992 4806 edita
2013 4762 2166 4826 sunt,

595 4825 826 4881 ﬁdeliter
862 4823 1132 4892 eibibeat,
1168 4836 1222 4880 ut
1246 4823 1368 4880 suis
1398 4825 1531 4879 locis
1554 4824 1971 4884 adnotavimus,
2012 4823 2170 4889 hujus

594 4896 699 4967 loci
729 4897 1165 4967 supplementum
1196 4912 1300 4951 non
1331 4895 1514 4951 habet.
1546 4893 1655 4967 Sed
1677 4908 1850 4961 neque
1874 4894 1925 4946 in
1956 4893 2167 4946 Turne-

593 4967 646 5022 bi
688 4965 965 5023 libro’hnc
1014 4967 1390 5036 fragmentum
1411 4965 1715 5036 ascriptum
1762 4974 1865 5027 est,
1911 4979 2031 5036 cum
2064 4977 2171 5016 caa-

595 5046 709 5092 tera
738 5038 921 5092 omnia
947 5037 1015 5093 ad
1048 5034 1349 5108 marginem
1375 5034 1493 5106 ejus
1524 5034 1649 5090 libri
1677 5036 1881 5104 scripta
1928 5035 2168 5088 habean-

594 5117 705 5163 tur.

665 5179 779 5251 (ii)
814 5181 1062 5234 Ἔπειτα
1084 5180 1183 5234 καὶ
1219 5180 1333 5250 τὴν
1362 5177 1623 5251 σκηνήν.
1651 5176 1890 5251 ldipsuin
1926 5176 1995 5251 ita
2025 5191 2167 5251 _nar_-

594 5242 685 5321 rat
715 5242 973 5305 Sbcrates
1008 5252 1058 5304 in
1091 5251 1184 5305 lib.
1213 5269 1249 5315 I,
1277 5242 1394 5321 cap.
1428 5242 1496 5305 18
1523 5242 1904 5321 ε’Τοσοῦτοςμδὲ
1925 5242 1995 5321 ἦν
2015 5245 2165 5321 ὁ-τοῦ

600 5318 875 5393 βασιλέως
902 5321 1027 5393 περὶ
1054 5321 1143 5374 τὸν
1170 5316 1576 5393 χριστίανισμρν
1601 5318 1782 5381 πόθος,
1810 5316 1885 5379 ὡς
1916 5318 2009 5368 καὶ
2034 5316 2172 5393 {Iep-

591 5387 750 5445 σικοῦ
799 5387 1080 5463 μελλόντος
1129 5387 1394 5445 κινεῖσθαι
1445 5387 1705 5463 πολέμου.
1756 5387 2171 5463 κατασκευάσας

594 5456 885 5532 σκηνὴνὲκ
910 5463 1158 5531 ποικίλης
1192 5463 1400 5532 ὀθόνης,
1441 5456 1737 5532 ἐκκλησίας
1768 5456 1937 5532 τύπον
1974 5458 2169 5532 ἀποτετ-

591 5526 813 5604 λοῦσαξν,
840 5533 1030 5604 ὥσπερ
1058 5526 1304 5604 Μωῦσῆςν
1322 5526 1377 5584 ἓν
1402 5533 1468 5601 τῇ
1502 5526 1697 5604 ἐρήμῳ
1716 5530 2042 5604 ἐπεποιήκει
2075 5526 2170 5579 καὶ

592 5551 813 5595 Αουσαν,
840 5551 991 5587 ωσπε
1058 5551 1297 5604 Μωυσης
1322 5551 1377 5584 εν
1402 5551 1468 5601 τῃ
1502 5551 1694 5602 ερημῳ
1716 5551 2042 5598 επεποιηκει
2075 5551 2169 5579 και

591 5603 795 5687 ταύτην
828 5551 1109 5691 φέρεσξαι,
1151 5603 1394 5691 ἴναβχοι
1442 5601 1582 5691 κατὰ
1623 5602 1779 5691 τοὺςΛ
1800 5598 2169 5691 ὲρημὶρτὰτους

593 5669 793 5735 τόπους
841 5669 1152 5745 εὐκτήριον
1208 5669 1671 5745 ηὐτρεπισμένονη
1737 5669 1868 5745 Qua:
1928 5669 2169 5745 Socratis

595 5692 793 5735 τοπους
862 5692 1152 5745 ευκτηριον
1248 5692 1660 5745 υτρεπισμενον.
1737 5692 1868 5737 una:
1928 5692 2169 5722 oucraus

595 5747 759 5798 verba
791 5757 858 5799 eo
888 5745 1143 5803 libentius
1175 5692 1396 5813 agduxi,
1429 5743 1573 5815 quod
1600 5743 1762 5799 sciam
1798 5742 2079 5798 Socratem
2115 5738 2169 5794 in

2281 4417 2489 4467 tneuus,
2541 4410 2598 4452 ut
2650 4398 2847 4467 singuli
2894 4399 3107 4452 unmeri
3172 4394 3238 4450 in'
3272 4397 3515 4451 exercitu
3565 4394 3846 4467 Romano,

2277 4465 2681 4527 tabernaculum
2735 4465 2889 4522 suum
2938 4469 3196 4522 haberent
3226 4469 3400 4521 instar
3439 4465 3617 4520 sacelli
3652 4465 3851 4517 instru-

2273 4550 2439 4603 ctum,
2480 4550 2534 4593 et
2570 4540 2917 4608 presbyteros
2966 4554 3029 4593 ac
3081 4540 3339 4592 diaconos
3393 4536 3722 4605 peculiares,
3755 4536 3847 4604 qui

2273 4626 2388 4666 rem
2422 4612 2665 4665 divinam
2695 4610 2765 4662 ibi
2795 4622 3135 4678 peragerent.

2344 4682 2455 4753 (42)
2472 4673 2993 4753 ’Διὰῇπρεσϐείαςξα
3002 4678 3142 4753 ὺτὸν
3154 4751 3161 4753 _
3174 4678 3475 4753 ἡξιοῦζητο.
3518 4674 3659 4753 [dein
3707 4673 3848 4728 scri-

2271 4748 2547 4810 bit'Bufus
2582 4750 2775 4804 Festus
2820 4750 2872 4803 in
2919 4749 3241 4803 Breviario:
3280 4768 3299 4801 ι
3339 4748 3736 4802 Constantinus
3763 4758 3849 4799 re-

2276 4839 2392 4879 rum
2425 4823 2675 4877 dominus
2703 4830 2950 4876 extremo
2982 4821 3103 4873 vitae
3132 4836 3246 4874 suae
3282 4829 3521 4885 tempore
3550 4815 3846 4884 expeditio-

2273 4909 2394 4950 nem
2436 4892 2648 4963 paravit
2694 4893 2747 4944 in
2797 4890 3010 4963 Persas.
3038 4890 3201 4963 V_Toto
3249 4891 3396 4963 enim
3436 4887 3587 4963 orbe
3637 4888 3845 4963 pacatis

2272 4957 2541 5035 gentibus,
2573 4973 2631 5035 et
2664 4963 2871 5035 recenti
2914 4962 2979 5013 de
3015 4961 3217 5035 Cothis
3252 4958 3483 5035 victoria
3525 4957 3843 5035 gloriosior,

2273 5027 2458 5089 nitiltis
2482 5027 2536 5087 in
2570 5032 2763 5087 Persas
2794 5032 3158 5087 descendebat
3182 5029 3510 5099 agminibus.
3554 5027 3667 5099 Sub
3690 5027 3846 5091 cuius

2273 5108 2566 5161 adventum
2595 5104 2909 5173 Babyloniae
2941 5103 2993 5155 in
3036 5098 3242 5173 tantum
3280 5114 3443 5167 regna
3475 5098 3841 5165 trepidarunt,

2273 5186 2331 5230 ut
2358 5176 2579 5245 supplex
2623 5176 2689 5228 ad
2714 5172 2835 5228 eum
2860 5174 3057 5242 legatio
3083 5172 3759 5245 APersarurqoccurreret,
3796 5176 3848 5219 et

2274 5237 2514 5301 facturos
2539 5260 2597 5299 se
2627 5246 2888 5312 imperata
2913 5237 3319 5312 promitterent.
3360 5237 3472 5292 Nec
3528 5248 3707 5312 tamen
3756 5252 3849 5303 pro

2273 5317 2508 5373 assiduis
2556 5306 2934 5384 eruptionibus
2955 5329 3091 5382 quas
3135 5313 3236 5366 sub
3267 5309 3590 5365 Constantio
3631 5306 3847 5361 Caesare

2274 5403 2370 5454 per
2419 5385 2697 5441 Orientem
2750 5393 3122 5454 tentaverant,
3168 5385 3383 5454 veniam
3436 5385 3787 5454 meruerunt.-
3824 5394 3841 5426 ι

2274 5445 2528 5512 Socrates
2554 5471 2683 5510 vero
2711 5456 2811 5509 hoc
2836 5463 3045 5507 tantum
3077 5453 3207 5506 dicit
3232 5468 3244 5503 :
3272 5450 3385 5503 ἁλλ’
3416 5446 3703 5519 οὐίπροέὃῃ
3727 5445 3847 5519 τᾲτε

2271 5530 2299 5580 ὁ
2334 5529 2601 5599 πόλεμος·
2654 5524 2802 5599 ἔφθη
2855 5524 2963 5599 γὰρ
2993 5523 3100 5599 δέει
3150 5520 3246 5599 τοῦ
3309 5515 3572 5590 βασιλέως
3615 5515 3842 5599 ,σϐεΑσθῆς

2272 5616 2382 5663 ναι,
2411 5583 2607 5654 ιιιέεἶι
2641 5583 2746 5652 ὃέιί
2784 5583 2975 5649 bellum
3004 5594 3225 5648 ulterius
3251 5583 3355 5645 non
3395 5587 3672 5659 processit.
3700 5583 3840 5645 Nati

2272 5686 2384 5740 pra:
2425 5680 2563 5724 metu
2590 5668 2921 5739 imperatoris
2955 5667 3129 5720 statim
3158 5676 3453 5733 repressum
3476 5668 3571 5715 est.
