  <div class='ocr_page' id='page_1' title='image "/cluster/home/n/w/nwhite01/storage/ocr_20150623/20/hvd.32044073501181/618.png"; bbox 0 0 4114 6432; ppageno 0'>
   <div class='ocr_carea' id='block_1_1' title="bbox 312 343 454 402">
    <p class='ocr_par' dir='ltr' id='par_1_1' title="bbox 312 343 454 402">
     <span class='ocr_line' id='line_1_1' title="bbox 312 343 454 402; baseline 0 -1"><span class='ocrx_word' id='word_1_1' title='bbox 312 343 454 402; x_wconf 68' lang='grc'><strong>1309</strong></span> 
     </span>
    </p>
   </div>
   <div class='ocr_carea' id='block_1_2' title="bbox 1436 333 2512 402">
    <p class='ocr_par' dir='ltr' id='par_1_2' title="bbox 1436 333 2512 402">
     <span class='ocr_line' id='line_1_2' title="bbox 1436 333 2512 402; baseline 0.003 -3"><span class='ocrx_word' id='word_1_2' title='bbox 1436 344 1524 400; x_wconf 88' lang='lat' dir='ltr'><strong>DE</strong></span> <span class='ocrx_word' id='word_1_3' title='bbox 1564 343 1722 400; x_wconf 83' lang='lat' dir='ltr'><strong>VlTA</strong></span> <span class='ocrx_word' id='word_1_4' title='bbox 1763 333 2221 401; x_wconf 78' lang='lat' dir='ltr'><strong>CONSTANTINI</strong></span> <span class='ocrx_word' id='word_1_5' title='bbox 2259 345 2386 402; x_wconf 86' lang='lat' dir='ltr'><strong>LIB.</strong></span> <span class='ocrx_word' id='word_1_6' title='bbox 2426 345 2512 402; x_wconf 84' lang='lat' dir='ltr'><strong>IV.</strong></span> 
     </span>
    </p>
   </div>
   <div class='ocr_carea' id='block_1_3' title="bbox 3437 353 3577 410">
    <p class='ocr_par' dir='ltr' id='par_1_3' title="bbox 3437 353 3577 410">
     <span class='ocr_line' id='line_1_3' title="bbox 3437 353 3577 410; baseline 0.014 -2"><span class='ocrx_word' id='word_1_7' title='bbox 3437 353 3577 410; x_wconf 73' lang='grc'><strong>1210</strong></span> 
     </span>
    </p>
   </div>
   <div class='ocr_carea' id='block_1_4' title="bbox 307 461 1865 540">
    <p class='ocr_par' dir='ltr' id='par_1_4' title="bbox 307 461 1865 538">
     <span class='ocr_line' id='line_1_4' title="bbox 307 461 1865 538; baseline 0.003 -21"><span class='ocrx_word' id='word_1_8' title='bbox 307 479 474 529; x_wconf 84' lang='grc' dir='ltr'>τατος</span> <span class='ocrx_word' id='word_1_9' title='bbox 524 461 774 534; x_wconf 79' lang='grc' dir='ltr'>βασιλεὺς</span> <span class='ocrx_word' id='word_1_10' title='bbox 821 464 920 536; x_wconf 79' lang='grc' dir='ltr'>τὴν</span> <span class='ocrx_word' id='word_1_11' title='bbox 970 465 1196 536; x_wconf 84' lang='grc' dir='ltr'>Περσῶν</span> <span class='ocrx_word' id='word_1_12' title='bbox 1255 466 1551 538; x_wconf 79' lang='grc' dir='ltr'>πρεσϐείαν</span> <span class='ocrx_word' id='word_1_13' title='bbox 1589 467 1865 538; x_wconf 83' lang='grc' dir='ltr'>δεξάμενος</span> 
     </span>
    </p>
   </div>
   <div class='ocr_carea' id='block_1_5' title="bbox 1969 461 3575 540">
    <p class='ocr_par' dir='ltr' id='par_1_5' title="bbox 1969 467 3575 540">
     <span class='ocr_line' id='line_1_5' title="bbox 1969 467 3575 540; baseline 0.005 -20"><span class='ocrx_word' id='word_1_14' title='bbox 1969 513 1976 529; x_wconf 77' lang='grc'><strong>,</strong></span> <span class='ocrx_word' id='word_1_15' title='bbox 2014 482 2131 522; x_wconf 88' lang='lat' dir='ltr'><strong>rum</strong></span> <span class='ocrx_word' id='word_1_16' title='bbox 2165 467 2441 538; x_wconf 81' lang='lat' dir='ltr'><strong>legatione</strong></span> <span class='ocrx_word' id='word_1_17' title='bbox 2486 469 2719 538; x_wconf 83' lang='lat' dir='ltr'><strong>benigne</strong></span> <span class='ocrx_word' id='word_1_18' title='bbox 2763 479 3035 539; x_wconf 86' lang='lat' dir='ltr'><strong>suscepta,</strong></span> <span class='ocrx_word' id='word_1_19' title='bbox 3074 485 3259 540; x_wconf 88' lang='lat' dir='ltr'><strong>pacem</strong></span> <span class='ocrx_word' id='word_1_20' title='bbox 3290 481 3338 525; x_wconf 91' lang='lat' dir='ltr'><strong>et</strong></span> <span class='ocrx_word' id='word_1_21' title='bbox 3385 474 3575 528; x_wconf 84' lang='lat' dir='ltr'><strong>amici-</strong></span> 
     </span>
    </p>
   </div>
   <div class='ocr_carea' id='block_1_6' title="bbox 308 547 1886 631">
    <p class='ocr_par' dir='ltr' id='par_1_6' title="bbox 308 547 1886 631">
     <span class='ocr_line' id='line_1_6' title="bbox 308 547 1886 631; baseline 0.005 -23"><span class='ocrx_word' id='word_1_22' title='bbox 308 555 530 623; x_wconf 79' lang='grc' dir='ltr'><strong>φιλικὰς</strong></span> <span class='ocrx_word' id='word_1_23' title='bbox 552 547 732 624; x_wconf 78' lang='grc' dir='ltr'>δεξιὰς</span> <span class='ocrx_word' id='word_1_24' title='bbox 764 557 1057 630; x_wconf 81' lang='grc' dir='ltr'><strong>προθύμως</strong></span> <span class='ocrx_word' id='word_1_25' title='bbox 1084 558 1180 613; x_wconf 83' lang='grc' dir='ltr'><strong>σὺν</strong></span> <span class='ocrx_word' id='word_1_26' title='bbox 1200 559 1426 624; x_wconf 86' lang='grc' dir='ltr'>ἐκείνοις</span> <span class='ocrx_word' id='word_1_27' title='bbox 1454 559 1740 614; x_wconf 75' lang='grc' dir='ltr'>ἐσπείσατο</span> <span class='ocrx_word' id='word_1_28' title='bbox 1757 560 1886 631; x_wconf 70' lang='grc'>(45).</span> 
     </span>
    </p>
   </div>
   <div class='ocr_carea' id='block_1_7' title="bbox 309 645 1890 726">
    <p class='ocr_par' dir='ltr' id='par_1_7' title="bbox 309 645 1890 726">
     <span class='ocr_line' id='line_1_7' title="bbox 309 645 1890 726; baseline 0.005 -28"><span class='ocrx_word' id='word_1_29' title='bbox 309 645 450 718; x_wconf 80' lang='grc' dir='ltr'><strong>Ἤδη</strong></span> <span class='ocrx_word' id='word_1_30' title='bbox 481 647 526 700; x_wconf 79' lang='grc' dir='ltr'>δ’</span> <span class='ocrx_word' id='word_1_31' title='bbox 560 650 592 719; x_wconf 82' lang='grc' dir='ltr'><strong>ἡ</strong></span> <span class='ocrx_word' id='word_1_32' title='bbox 626 649 835 719; x_wconf 83' lang='grc' dir='ltr'><strong>μεγάλη</strong></span> <span class='ocrx_word' id='word_1_33' title='bbox 876 649 969 703; x_wconf 86' lang='grc' dir='ltr'>τοῦ</span> <span class='ocrx_word' id='word_1_34' title='bbox 1009 650 1201 720; x_wconf 84' lang='grc' dir='ltr'>Πάσχα</span> <span class='ocrx_word' id='word_1_35' title='bbox 1243 652 1404 723; x_wconf 82' lang='grc' dir='ltr'>ἑορτὴ</span> <span class='ocrx_word' id='word_1_36' title='bbox 1447 652 1650 724; x_wconf 81' lang='grc' dir='ltr'><strong>παρῆν,</strong></span> <span class='ocrx_word' id='word_1_37' title='bbox 1703 655 1760 706; x_wconf 83' lang='grc' dir='ltr'><strong>ἐν</strong></span> <span class='ocrx_word' id='word_1_38' title='bbox 1802 648 1890 726; x_wconf 60' lang='lat' dir='ltr'><strong>ﬁs</strong></span> 
     </span>
    </p>
   </div>
   <div class='ocr_carea' id='block_1_8' title="bbox 306 738 1890 816">
    <p class='ocr_par' dir='ltr' id='par_1_8' title="bbox 306 738 1890 816">
     <span class='ocr_line' id='line_1_8' title="bbox 306 738 1890 816; baseline 0.006 -23"><span class='ocrx_word' id='word_1_39' title='bbox 306 738 562 810; x_wconf 79' lang='grc' dir='ltr'>βασιλεὺς</span> <span class='ocrx_word' id='word_1_40' title='bbox 601 743 680 813; x_wconf 85' lang='grc' dir='ltr'>τῷ</span> <span class='ocrx_word' id='word_1_41' title='bbox 713 741 831 814; x_wconf 85' lang='grc' dir='ltr'><strong>Θεῷ</strong></span> <span class='ocrx_word' id='word_1_42' title='bbox 855 743 955 808; x_wconf 79' lang='grc' dir='ltr'><strong>τὰς</strong></span> <span class='ocrx_word' id='word_1_43' title='bbox 989 746 1155 816; x_wconf 80' lang='grc' dir='ltr'><strong>εὐχὰς</strong></span> <span class='ocrx_word' id='word_1_44' title='bbox 1189 745 1488 812; x_wconf 74' lang='grc' dir='ltr'>ἀποδιδοὺς,</span> <span class='ocrx_word' id='word_1_45' title='bbox 1521 748 1890 802; x_wconf 87' lang='grc' dir='ltr'>συνδιενυκτέ-</span> 
     </span>
    </p>
   </div>
   <div class='ocr_carea' id='block_1_9' title="bbox 310 831 840 900">
    <p class='ocr_par' dir='ltr' id='par_1_9' title="bbox 310 831 840 900">
     <span class='ocr_line' id='line_1_9' title="bbox 310 831 840 900; baseline 0.008 -17"><span class='ocrx_word' id='word_1_46' title='bbox 310 847 469 900; x_wconf 88' lang='grc' dir='ltr'>ρευσε</span> <span class='ocrx_word' id='word_1_47' title='bbox 498 835 610 898; x_wconf 85' lang='grc' dir='ltr'>τοῖς</span> <span class='ocrx_word' id='word_1_48' title='bbox 640 831 840 898; x_wconf 79' lang='grc' dir='ltr'>ἄλλοις.</span> 
     </span>
    </p>
   </div>
   <div class='ocr_carea' id='block_1_10' title="bbox 825 926 1393 984">
    <p class='ocr_par' dir='ltr' id='par_1_10' title="bbox 825 926 1393 984">
     <span class='ocr_line' id='line_1_10' title="bbox 825 926 1393 984; baseline 0.009 -6"><span class='ocrx_word' id='word_1_49' title='bbox 825 926 1223 980; x_wconf 81' lang='grc' dir='ltr'><strong>ΚΕΦΑΛΑΙΟΝ</strong></span> <span class='ocrx_word' id='word_1_50' title='bbox 1261 927 1307 980; x_wconf 84' lang='grc' dir='ltr'><strong>Ν</strong></span> <span class='ocrx_word' id='word_1_51' title='bbox 1312 929 1393 984; x_wconf 84' lang='lat' dir='ltr'><strong>H&#39;.</strong></span> 
     </span>
    </p>
   </div>
   <div class='ocr_carea' id='block_1_11' title="bbox 301 1009 1885 1083">
    <p class='ocr_par' dir='ltr' id='par_1_11' title="bbox 301 1009 1885 1083">
     <span class='ocr_line' id='line_1_11' title="bbox 301 1009 1885 1083; baseline 0.007 -22"><span class='ocrx_word' id='word_1_52' title='bbox 301 1009 442 1078; x_wconf 76' lang='grc' dir='ltr'>Περὶ</span> <span class='ocrx_word' id='word_1_53' title='bbox 471 1009 791 1083; x_wconf 70' lang='grc' dir='ltr'><strong>οἰκοδομῆς</strong></span> <span class='ocrx_word' id='word_1_54' title='bbox 818 1013 924 1066; x_wconf 86' lang='grc' dir='ltr'>τοῦ</span> <span class='ocrx_word' id='word_1_55' title='bbox 947 1015 1426 1083; x_wconf 75' lang='grc' dir='ltr'><strong>ἐπικαλουμένου</strong></span> <span class='ocrx_word' id='word_1_56' title='bbox 1455 1016 1574 1070; x_wconf 83' lang='grc' dir='ltr'><strong>τῶν</strong></span> <span class='ocrx_word' id='word_1_57' title='bbox 1599 1018 1885 1072; x_wconf 75' lang='grc' dir='ltr'>Ἀποστά-</span> 
     </span>
    </p>
   </div>
   <div class='ocr_carea' id='block_1_12' title="bbox 466 1081 1716 1156">
    <p class='ocr_par' dir='ltr' id='par_1_12' title="bbox 466 1081 1716 1156">
     <span class='ocr_line' id='line_1_12' title="bbox 466 1081 1716 1156; baseline 0.006 -24"><span class='ocrx_word' id='word_1_58' title='bbox 466 1083 592 1133; x_wconf 74' lang='grc' dir='ltr'>λων</span> <span class='ocrx_word' id='word_1_59' title='bbox 609 1081 679 1134; x_wconf 83' lang='grc' dir='ltr'>ἐν</span> <span class='ocrx_word' id='word_1_60' title='bbox 711 1081 1349 1140; x_wconf 76' lang='grc' dir='ltr'>Κωνσταντινουπὸλει</span> <span class='ocrx_word' id='word_1_61' title='bbox 1371 1089 1716 1156; x_wconf 81' lang='grc' dir='ltr'><strong>μαρτυρίου.</strong></span> 
     </span>
    </p>
   </div>
   <div class='ocr_carea' id='block_1_13' title="bbox 387 1169 1885 1255">
    <p class='ocr_par' dir='ltr' id='par_1_13' title="bbox 387 1169 1885 1255">
     <span class='ocr_line' id='line_1_13' title="bbox 387 1169 1885 1255; baseline 0.01 -33"><span class='ocrx_word' id='word_1_62' title='bbox 387 1169 508 1223; x_wconf 73' lang='grc' dir='ltr'>Ἐπὶ</span> <span class='ocrx_word' id='word_1_63' title='bbox 550 1171 758 1237; x_wconf 81' lang='grc' dir='ltr'><strong>τούτοις</strong></span> <span class='ocrx_word' id='word_1_64' title='bbox 792 1175 901 1248; x_wconf 64' lang='grc'><strong>(44)</strong></span> <span class='ocrx_word' id='word_1_65' title='bbox 947 1177 1008 1230; x_wconf 87' lang='grc' dir='ltr'><strong>τὸ</strong></span> <span class='ocrx_word' id='word_1_66' title='bbox 1057 1177 1353 1251; x_wconf 82' lang='grc' dir='ltr'>μαρτύριον</span> <span class='ocrx_word' id='word_1_67' title='bbox 1392 1182 1448 1233; x_wconf 82' lang='grc' dir='ltr'><strong>ὲν</strong></span> <span class='ocrx_word' id='word_1_68' title='bbox 1500 1184 1564 1252; x_wconf 85' lang='grc' dir='ltr'>τῇ</span> <span class='ocrx_word' id='word_1_69' title='bbox 1615 1184 1885 1255; x_wconf 79' lang='grc' dir='ltr'>ἐπωνύμῳ</span> 
     </span>
    </p>
   </div>
   <div class='ocr_carea' id='block_1_14' title="bbox 299 1259 1882 1346">
    <p class='ocr_par' dir='ltr' id='par_1_14' title="bbox 299 1259 1882 1346">
     <span class='ocr_line' id='line_1_14' title="bbox 299 1259 1882 1346; baseline 0.01 -34"><span class='ocrx_word' id='word_1_70' title='bbox 299 1259 454 1313; x_wconf 83' lang='grc' dir='ltr'>πόλει</span> <span class='ocrx_word' id='word_1_71' title='bbox 488 1261 582 1315; x_wconf 75' lang='grc' dir='ltr'><strong>ἐπὶ</strong></span> <span class='ocrx_word' id='word_1_72' title='bbox 633 1264 818 1338; x_wconf 81' lang='grc' dir='ltr'><strong>μνήμῃ</strong></span> <span class='ocrx_word' id='word_1_73' title='bbox 865 1267 973 1320; x_wconf 83' lang='grc' dir='ltr'><strong>τῶν</strong></span> <span class='ocrx_word' id='word_1_74' title='bbox 1013 1269 1326 1325; x_wconf 82' lang='grc' dir='ltr'><strong>ἀποστόλων</strong></span> <span class='ocrx_word' id='word_1_75' title='bbox 1367 1272 1667 1342; x_wconf 78' lang='grc' dir='ltr'><strong>οἰκοδομεῖν</strong></span> <span class='ocrx_word' id='word_1_76' title='bbox 1713 1292 1882 1346; x_wconf 86' lang='grc' dir='ltr'>παρε-</span> 
     </span>
    </p>
   </div>
   <div class='ocr_carea' id='block_1_15' title="bbox 300 1356 1882 1436">
    <p class='ocr_par' dir='ltr' id='par_1_15' title="bbox 300 1356 1882 1436">
     <span class='ocr_line' id='line_1_15' title="bbox 300 1356 1882 1436; baseline 0.009 -30"><span class='ocrx_word' id='word_1_77' title='bbox 300 1356 596 1420; x_wconf 80' lang='grc' dir='ltr'>σκευάζετο</span> <span class='ocrx_word' id='word_1_78' title='bbox 636 1374 650 1387; x_wconf 78' lang='grc'><strong>’</strong></span> <span class='ocrx_word' id='word_1_79' title='bbox 685 1359 846 1423; x_wconf 81' lang='grc' dir='ltr'>αὐτὸς</span> <span class='ocrx_word' id='word_1_80' title='bbox 886 1360 941 1413; x_wconf 80' lang='grc' dir='ltr'>δὲ</span> <span class='ocrx_word' id='word_1_81' title='bbox 974 1361 1109 1416; x_wconf 82' lang='grc' dir='ltr'>νεὼν</span> <span class='ocrx_word' id='word_1_82' title='bbox 1155 1365 1367 1418; x_wconf 77' lang='grc' dir='ltr'>ἅπαντα</span> <span class='ocrx_word' id='word_1_83' title='bbox 1408 1367 1486 1428; x_wconf 85' lang='grc' dir='ltr'>είς</span> <span class='ocrx_word' id='word_1_84' title='bbox 1517 1365 1650 1435; x_wconf 62' lang='grc' dir='ltr'>ὕψος</span> <span class='ocrx_word' id='word_1_85' title='bbox 1678 1367 1882 1436; x_wconf 83' lang='grc' dir='ltr'>ἄφατον</span> 
     </span>
    </p>
   </div>
   <div class='ocr_carea' id='block_1_16' title="bbox 297 1443 1882 1528">
    <p class='ocr_par' dir='ltr' id='par_1_16' title="bbox 297 1443 1882 1528">
     <span class='ocr_line' id='line_1_16' title="bbox 297 1443 1882 1528; baseline 0.009 -33"><span class='ocrx_word' id='word_1_86' title='bbox 297 1443 533 1515; x_wconf 86' lang='grc' dir='ltr'>ἐπάρας,</span> <span class='ocrx_word' id='word_1_87' title='bbox 583 1445 744 1499; x_wconf 84' lang='grc' dir='ltr'>λίθων</span> <span class='ocrx_word' id='word_1_88' title='bbox 789 1451 1078 1514; x_wconf 73' lang='grc' dir='ltr'><strong>ποικιλίαις</strong></span> <span class='ocrx_word' id='word_1_89' title='bbox 1127 1455 1392 1507; x_wconf 77' lang='grc' dir='ltr'>παντοίων</span> <span class='ocrx_word' id='word_1_90' title='bbox 1443 1454 1882 1528; x_wconf 80' lang='grc' dir='ltr'>ἐξαστράπτοντα</span> 
     </span>
    </p>
   </div>
   <div class='ocr_carea' id='block_1_17' title="bbox 297 1537 1881 1615">
    <p class='ocr_par' dir='ltr' id='par_1_17' title="bbox 297 1537 1881 1615">
     <span class='ocr_line' id='line_1_17' title="bbox 297 1537 1881 1615; baseline 0.009 -27"><span class='ocrx_word' id='word_1_91' title='bbox 297 1537 494 1600; x_wconf 85' lang='grc' dir='ltr'>ἐποίει,</span> <span class='ocrx_word' id='word_1_92' title='bbox 530 1540 608 1602; x_wconf 87' lang='grc' dir='ltr'>είς</span> <span class='ocrx_word' id='word_1_93' title='bbox 639 1539 800 1593; x_wconf 75' lang='grc' dir='ltr'>αὑτὸν</span> <span class='ocrx_word' id='word_1_94' title='bbox 831 1542 1026 1613; x_wconf 73' lang='grc' dir='ltr'>ὄροφον</span> <span class='ocrx_word' id='word_1_95' title='bbox 1055 1545 1114 1609; x_wconf 82' lang='grc' dir='ltr'>ἐξ</span> <span class='ocrx_word' id='word_1_96' title='bbox 1150 1546 1375 1615; x_wconf 79' lang='grc' dir='ltr'>ἐδάφους</span> <span class='ocrx_word' id='word_1_97' title='bbox 1416 1546 1706 1612; x_wconf 85' lang='grc' dir='ltr'>πλακώσας</span> <span class='ocrx_word' id='word_1_98' title='bbox 1730 1567 1742 1579; x_wconf 76' lang='grc'><strong><em>⁸</em></strong></span> <span class='ocrx_word' id='word_1_99' title='bbox 1767 1551 1881 1604; x_wconf 89' lang='grc' dir='ltr'>δια-</span> 
     </span>
    </p>
   </div>
   <div class='ocr_carea' id='block_1_18' title="bbox 295 1628 1878 1712">
    <p class='ocr_par' dir='ltr' id='par_1_18' title="bbox 295 1628 1878 1712">
     <span class='ocr_line' id='line_1_18' title="bbox 295 1628 1878 1712; baseline 0.007 -31"><span class='ocrx_word' id='word_1_100' title='bbox 295 1628 478 1682; x_wconf 79' lang='grc' dir='ltr'>λαϐὼν</span> <span class='ocrx_word' id='word_1_101' title='bbox 510 1630 565 1683; x_wconf 86' lang='grc' dir='ltr'>δὲ</span> <span class='ocrx_word' id='word_1_102' title='bbox 597 1630 812 1696; x_wconf 83' lang='grc' dir='ltr'><strong>λεπτοῖς</strong></span> <span class='ocrx_word' id='word_1_103' title='bbox 843 1634 1162 1706; x_wconf 81' lang='grc' dir='ltr'>φατνώμασι</span> <span class='ocrx_word' id='word_1_104' title='bbox 1195 1637 1292 1708; x_wconf 77' lang='grc' dir='ltr'>τὴν</span> <span class='ocrx_word' id='word_1_105' title='bbox 1328 1637 1544 1708; x_wconf 81' lang='grc' dir='ltr'><strong>στέγην,</strong></span> <span class='ocrx_word' id='word_1_106' title='bbox 1573 1641 1757 1711; x_wconf 83' lang='grc' dir='ltr'>χρυσῴ</span> <span class='ocrx_word' id='word_1_107' title='bbox 1781 1641 1878 1712; x_wconf 83' lang='grc' dir='ltr'><strong>τὴν</strong></span> 
     </span>
    </p>
   </div>
   <div class='ocr_carea' id='block_1_19' title="bbox 293 1723 1875 1804">
    <p class='ocr_par' dir='ltr' id='par_1_19' title="bbox 293 1723 1875 1804">
     <span class='ocr_line' id='line_1_19' title="bbox 293 1723 1875 1804; baseline 0.008 -30"><span class='ocrx_word' id='word_1_108' title='bbox 293 1723 480 1775; x_wconf 76' lang='grc' dir='ltr'>πᾶσαν</span> <span class='ocrx_word' id='word_1_109' title='bbox 531 1723 862 1778; x_wconf 76' lang='grc' dir='ltr'>ἐκάλυπτενο</span> <span class='ocrx_word' id='word_1_110' title='bbox 915 1725 1026 1780; x_wconf 82' lang='grc' dir='ltr'>ἄνω</span> <span class='ocrx_word' id='word_1_111' title='bbox 1067 1729 1261 1798; x_wconf 79' lang='grc' dir='ltr'>χαλκὸς</span> <span class='ocrx_word' id='word_1_112' title='bbox 1299 1731 1396 1801; x_wconf 84' lang='grc' dir='ltr'><strong>μὲν</strong></span> <span class='ocrx_word' id='word_1_113' title='bbox 1426 1731 1536 1800; x_wconf 74' lang='grc'>(45)</span> <span class='ocrx_word' id='word_1_114' title='bbox 1568 1732 1686 1784; x_wconf 75' lang='grc' dir='ltr'>ἀντὶ</span> <span class='ocrx_word' id='word_1_115' title='bbox 1711 1735 1875 1804; x_wconf 86' lang='grc' dir='ltr'>κερά-</span> 
     </span>
    </p>
   </div>
   <div class='ocr_carea' id='block_1_20' title="bbox 2007 559 3570 639">
    <p class='ocr_par' dir='ltr' id='par_1_20' title="bbox 2007 559 3570 639">
     <span class='ocr_line' id='line_1_20' title="bbox 2007 559 3570 639; baseline 0.004 -26"><span class='ocrx_word' id='word_1_116' title='bbox 2007 567 2133 613; x_wconf 74' lang='lat' dir='ltr'><strong>tiam</strong></span> <span class='ocrx_word' id='word_1_117' title='bbox 2163 577 2282 613; x_wconf 89' lang='lat' dir='ltr'><strong>cum</strong></span> <span class='ocrx_word' id='word_1_118' title='bbox 2341 563 2423 614; x_wconf 84' lang='lat' dir='ltr'><strong>eis</strong></span> <span class='ocrx_word' id='word_1_119' title='bbox 2468 559 2702 615; x_wconf 87' lang='lat' dir='ltr'><strong>libenter</strong></span> <span class='ocrx_word' id='word_1_120' title='bbox 2741 562 2958 639; x_wconf 75' lang='lat' dir='ltr'><strong>pepigit.</strong></span> <span class='ocrx_word' id='word_1_121' title='bbox 2989 563 3193 618; x_wconf 82' lang='lat' dir='ltr'><strong>Aderat</strong></span> <span class='ocrx_word' id='word_1_122' title='bbox 3234 564 3345 632; x_wconf 85' lang='lat' dir='ltr'><strong>jam</strong></span> <span class='ocrx_word' id='word_1_123' title='bbox 3382 581 3570 636; x_wconf 83' lang='lat' dir='ltr'><strong>magna</strong></span> 
     </span>
    </p>
   </div>
   <div class='ocr_carea' id='block_1_21' title="bbox 2002 651 3570 724">
    <p class='ocr_par' dir='ltr' id='par_1_21' title="bbox 2002 651 3570 724">
     <span class='ocr_line' id='line_1_21' title="bbox 2002 651 3570 724; baseline 0.008 -22"><span class='ocrx_word' id='word_1_124' title='bbox 2002 653 2272 721; x_wconf 77' lang='lat' dir='ltr'><strong>paschalis</strong></span> <span class='ocrx_word' id='word_1_125' title='bbox 2322 651 2443 708; x_wconf 89' lang='lat' dir='ltr'><strong>festi</strong></span> <span class='ocrx_word' id='word_1_126' title='bbox 2477 652 2840 709; x_wconf 89' lang='lat' dir='ltr'><strong>solemnitas:</strong></span> <span class='ocrx_word' id='word_1_127' title='bbox 2880 656 2932 708; x_wconf 92' lang='lat' dir='ltr'><strong>in</strong></span> <span class='ocrx_word' id='word_1_128' title='bbox 2979 670 3085 724; x_wconf 90' lang='lat' dir='ltr'><strong>qua</strong></span> <span class='ocrx_word' id='word_1_129' title='bbox 3127 657 3422 724; x_wconf 73' lang='lat' dir='ltr'><strong>imperator</strong></span> <span class='ocrx_word' id='word_1_130' title='bbox 3449 667 3570 714; x_wconf 83' lang='lat' dir='ltr'><strong>vota</strong></span> 
     </span>
    </p>
   </div>
   <div class='ocr_carea' id='block_1_22' title="bbox 2002 743 3394 816">
    <p class='ocr_par' dir='ltr' id='par_1_22' title="bbox 2002 743 3394 816">
     <span class='ocr_line' id='line_1_22' title="bbox 2002 743 3394 816; baseline 0.006 -20"><span class='ocrx_word' id='word_1_131' title='bbox 2002 743 2115 796; x_wconf 91' lang='lat' dir='ltr'><strong>Deo</strong></span> <span class='ocrx_word' id='word_1_132' title='bbox 2137 744 2475 813; x_wconf 86' lang='lat' dir='ltr'><strong>persolvens,</strong></span> <span class='ocrx_word' id='word_1_133' title='bbox 2510 760 2615 799; x_wconf 89' lang='lat' dir='ltr'><strong>una</strong></span> <span class='ocrx_word' id='word_1_134' title='bbox 2645 760 2765 799; x_wconf 89' lang='lat' dir='ltr'><strong>cum</strong></span> <span class='ocrx_word' id='word_1_135' title='bbox 2805 744 3016 800; x_wconf 73' lang='lat' dir='ltr'><strong>caeteris</strong></span> <span class='ocrx_word' id='word_1_136' title='bbox 3040 748 3394 816; x_wconf 80' lang='lat' dir='ltr'><strong>pernoctavit.</strong></span> 
     </span>
    </p>
   </div>
   <div class='ocr_carea' id='block_1_23' title="bbox 2556 918 2990 976">
    <p class='ocr_par' dir='ltr' id='par_1_23' title="bbox 2556 918 2990 976">
     <span class='ocr_line' id='line_1_23' title="bbox 2556 918 2990 976; baseline -0.009 0"><span class='ocrx_word' id='word_1_137' title='bbox 2556 919 2784 976; x_wconf 82' lang='lat' dir='ltr'><strong>CAPUT</strong></span> <span class='ocrx_word' id='word_1_138' title='bbox 2816 918 2990 973; x_wconf 76' lang='lat' dir='ltr'><strong>LVlll.</strong></span> 
     </span>
    </p>
   </div>
   <div class='ocr_carea' id='block_1_24' title="bbox 2192 1011 3357 1082">
    <p class='ocr_par' dir='ltr' id='par_1_24' title="bbox 2192 1011 3357 1082">
     <span class='ocr_line' id='line_1_24' title="bbox 2192 1011 3357 1082; baseline 0.002 -16"><span class='ocrx_word' id='word_1_139' title='bbox 2192 1012 2268 1066; x_wconf 85' lang='lat' dir='ltr'><strong>De</strong></span> <span class='ocrx_word' id='word_1_140' title='bbox 2303 1016 2695 1082; x_wconf 77' lang='lat' dir='ltr'><strong>constructione</strong></span> <span class='ocrx_word' id='word_1_141' title='bbox 2725 1012 2967 1082; x_wconf 80' lang='lat' dir='ltr'><strong>martyrii</strong></span> <span class='ocrx_word' id='word_1_142' title='bbox 2995 1011 3357 1081; x_wconf 78' lang='lat' dir='ltr'><strong>Apostolorum</strong></span> 
     </span>
    </p>
   </div>
   <div class='ocr_carea' id='block_1_25' title="bbox 2539 1080 3014 1150">
    <p class='ocr_par' dir='ltr' id='par_1_25' title="bbox 2539 1080 3014 1150">
     <span class='ocr_line' id='line_1_25' title="bbox 2539 1080 3014 1150; baseline 0 -14"><span class='ocrx_word' id='word_1_143' title='bbox 2539 1080 3014 1150; x_wconf 78' lang='lat' dir='ltr'><strong>Constantinopoli.</strong></span> 
     </span>
    </p>
   </div>
   <div class='ocr_carea' id='block_1_26' title="bbox 2064 1175 3560 1247">
    <p class='ocr_par' dir='ltr' id='par_1_26' title="bbox 2064 1175 3560 1247">
     <span class='ocr_line' id='line_1_26' title="bbox 2064 1175 3560 1247; baseline 0.003 -19"><span class='ocrx_word' id='word_1_144' title='bbox 2064 1175 2309 1231; x_wconf 65' lang='lat' dir='ltr'><strong>Posthaac</strong></span> <span class='ocrx_word' id='word_1_145' title='bbox 2358 1176 2408 1229; x_wconf 93' lang='lat' dir='ltr'><strong>in</strong></span> <span class='ocrx_word' id='word_1_146' title='bbox 2473 1176 2791 1230; x_wconf 80' lang='lat' dir='ltr'><strong>memoriam</strong></span> <span class='ocrx_word' id='word_1_147' title='bbox 2827 1175 3196 1245; x_wconf 79' lang='lat' dir='ltr'><strong>apostolorum</strong></span> <span class='ocrx_word' id='word_1_148' title='bbox 3245 1177 3560 1247; x_wconf 72' lang='lat' dir='ltr'><strong>martyrium</strong></span> 
     </span>
    </p>
   </div>
   <div class='ocr_carea' id='block_1_27' title="bbox 1990 1266 3562 1338">
    <p class='ocr_par' dir='ltr' id='par_1_27' title="bbox 1990 1266 3562 1338">
     <span class='ocr_line' id='line_1_27' title="bbox 1990 1266 3562 1338; baseline 0.002 -18"><span class='ocrx_word' id='word_1_149' title='bbox 1990 1267 2264 1322; x_wconf 69' lang='lat' dir='ltr'><strong>aedificare</strong></span> <span class='ocrx_word' id='word_1_150' title='bbox 2292 1267 2456 1335; x_wconf 74' lang='lat' dir='ltr'><strong>erepit</strong></span> <span class='ocrx_word' id='word_1_151' title='bbox 2488 1269 2539 1320; x_wconf 95' lang='lat' dir='ltr'><strong>in</strong></span> <span class='ocrx_word' id='word_1_152' title='bbox 2597 1266 2730 1321; x_wconf 88' lang='lat' dir='ltr'><strong>urbe</strong></span> <span class='ocrx_word' id='word_1_153' title='bbox 2778 1267 2880 1321; x_wconf 87' lang='lat' dir='ltr'><strong>sibi</strong></span> <span class='ocrx_word' id='word_1_154' title='bbox 2928 1268 3273 1338; x_wconf 81' lang='lat' dir='ltr'><strong>cognomine.</strong></span> <span class='ocrx_word' id='word_1_155' title='bbox 3318 1267 3562 1337; x_wconf 84' lang='lat' dir='ltr'><strong>Cumque</strong></span> 
     </span>
    </p>
   </div>
   <div class='ocr_carea' id='block_1_28' title="bbox 1993 1354 3561 1432">
    <p class='ocr_par' dir='ltr' id='par_1_28' title="bbox 1993 1354 3561 1432">
     <span class='ocr_line' id='line_1_28' title="bbox 1993 1354 3561 1432; baseline 0.001 -18"><span class='ocrx_word' id='word_1_156' title='bbox 1993 1361 2252 1432; x_wconf 90' lang='lat' dir='ltr'><strong>templum</strong></span> <span class='ocrx_word' id='word_1_157' title='bbox 2288 1354 2448 1416; x_wconf 84' lang='lat' dir='ltr'><strong>omne</strong></span> <span class='ocrx_word' id='word_1_158' title='bbox 2485 1361 2537 1415; x_wconf 91' lang='lat' dir='ltr'><strong>in</strong></span> <span class='ocrx_word' id='word_1_159' title='bbox 2587 1362 2907 1417; x_wconf 87' lang='lat' dir='ltr'><strong>immensam</strong></span> <span class='ocrx_word' id='word_1_160' title='bbox 2961 1362 3300 1418; x_wconf 85' lang='lat' dir='ltr'><strong>altitudinem</strong></span> <span class='ocrx_word' id='word_1_161' title='bbox 3334 1362 3561 1416; x_wconf 80' lang='lat' dir='ltr'><strong>extulis-</strong></span> 
     </span>
    </p>
   </div>
   <div class='ocr_carea' id='block_1_29' title="bbox 1990 1452 3556 1524">
    <p class='ocr_par' dir='ltr' id='par_1_29' title="bbox 1990 1452 3556 1524">
     <span class='ocr_line' id='line_1_29' title="bbox 1990 1452 3556 1524; baseline 0.001 -18"><span class='ocrx_word' id='word_1_162' title='bbox 1990 1463 2094 1514; x_wconf 83' lang='lat' dir='ltr'><strong>set,</strong></span> <span class='ocrx_word' id='word_1_163' title='bbox 2121 1453 2273 1508; x_wconf 87' lang='lat' dir='ltr'><strong>vario</strong></span> <span class='ocrx_word' id='word_1_164' title='bbox 2319 1452 2552 1523; x_wconf 88' lang='lat' dir='ltr'><strong>lapidum</strong></span> <span class='ocrx_word' id='word_1_165' title='bbox 2619 1469 2817 1524; x_wconf 82' lang='lat' dir='ltr'><strong>genere</strong></span> <span class='ocrx_word' id='word_1_166' title='bbox 2854 1454 3196 1524; x_wconf 91' lang='lat' dir='ltr'><strong>splendidum</strong></span> <span class='ocrx_word' id='word_1_167' title='bbox 3229 1455 3479 1520; x_wconf 88' lang='lat' dir='ltr'><strong>reddidit,</strong></span> <span class='ocrx_word' id='word_1_168' title='bbox 3527 1470 3556 1508; x_wconf 90' lang='lat' dir='ltr'><strong>a</strong></span> 
     </span>
    </p>
   </div>
   <div class='ocr_carea' id='block_1_30' title="bbox 1987 1545 3563 1617">
    <p class='ocr_par' dir='ltr' id='par_1_30' title="bbox 1987 1545 3563 1617">
     <span class='ocr_line' id='line_1_30' title="bbox 1987 1545 3563 1617; baseline 0.001 -18"><span class='ocrx_word' id='word_1_169' title='bbox 1987 1545 2101 1600; x_wconf 89' lang='lat' dir='ltr'><strong>solo</strong></span> <span class='ocrx_word' id='word_1_170' title='bbox 2123 1547 2189 1600; x_wconf 91' lang='lat' dir='ltr'><strong>ad</strong></span> <span class='ocrx_word' id='word_1_171' title='bbox 2213 1561 2484 1600; x_wconf 91' lang='lat' dir='ltr'><strong>cameram</strong></span> <span class='ocrx_word' id='word_1_172' title='bbox 2516 1560 2690 1616; x_wconf 88' lang='lat' dir='ltr'><strong>usque</strong></span> <span class='ocrx_word' id='word_1_173' title='bbox 2716 1546 3036 1599; x_wconf 84' lang='lat' dir='ltr'><strong>marmoreis</strong></span> <span class='ocrx_word' id='word_1_174' title='bbox 3065 1547 3263 1600; x_wconf 87' lang='lat' dir='ltr'><strong>crustis</strong></span> <span class='ocrx_word' id='word_1_175' title='bbox 3282 1546 3409 1600; x_wconf 89' lang='lat' dir='ltr'><strong>illud</strong></span> <span class='ocrx_word' id='word_1_176' title='bbox 3440 1561 3563 1617; x_wconf 89' lang='lat' dir='ltr'><strong>ope-</strong></span> 
     </span>
    </p>
   </div>
   <div class='ocr_carea' id='block_1_31' title="bbox 1988 1634 3559 1705">
    <p class='ocr_par' dir='ltr' id='par_1_31' title="bbox 1988 1634 3559 1705">
     <span class='ocr_line' id='line_1_31' title="bbox 1988 1634 3559 1705; baseline 0.001 -17"><span class='ocrx_word' id='word_1_177' title='bbox 1988 1637 2152 1689; x_wconf 84' lang='lat' dir='ltr'><strong>riens.</strong></span> <span class='ocrx_word' id='word_1_178' title='bbox 2174 1634 2344 1690; x_wconf 87' lang='lat' dir='ltr'><strong>Porro</strong></span> <span class='ocrx_word' id='word_1_179' title='bbox 2372 1651 2646 1691; x_wconf 89' lang='lat' dir='ltr'><strong>cameram</strong></span> <span class='ocrx_word' id='word_1_180' title='bbox 2681 1635 3034 1690; x_wconf 80' lang='lat' dir='ltr'><strong>lacunaribus</strong></span> <span class='ocrx_word' id='word_1_181' title='bbox 3062 1635 3406 1691; x_wconf 88' lang='lat' dir='ltr'><strong>minutissimi</strong></span> <span class='ocrx_word' id='word_1_182' title='bbox 3427 1650 3559 1705; x_wconf 88' lang='lat' dir='ltr'><strong>ope-</strong></span> 
     </span>
    </p>
   </div>
   <div class='ocr_carea' id='block_1_32' title="bbox 1989 1727 3556 1796">
    <p class='ocr_par' dir='ltr' id='par_1_32' title="bbox 1989 1727 3556 1796">
     <span class='ocr_line' id='line_1_32' title="bbox 1989 1727 3556 1796; baseline 0.002 -18"><span class='ocrx_word' id='word_1_183' title='bbox 1989 1727 2062 1779; x_wconf 88' lang='lat' dir='ltr'><strong>ris</strong></span> <span class='ocrx_word' id='word_1_184' title='bbox 2092 1727 2387 1792; x_wconf 88' lang='lat' dir='ltr'><strong>obducens,</strong></span> <span class='ocrx_word' id='word_1_185' title='bbox 2427 1737 2591 1782; x_wconf 88' lang='lat' dir='ltr'><strong>totam</strong></span> <span class='ocrx_word' id='word_1_186' title='bbox 2647 1741 2783 1782; x_wconf 86' lang='lat' dir='ltr'><strong>auro</strong></span> <span class='ocrx_word' id='word_1_187' title='bbox 2836 1727 3238 1784; x_wconf 77' lang='lat' dir='ltr'><strong>imbracteavit.</strong></span> <span class='ocrx_word' id='word_1_188' title='bbox 3277 1729 3340 1783; x_wconf 85' lang='lat' dir='ltr'><strong>Et</strong></span> <span class='ocrx_word' id='word_1_189' title='bbox 3392 1741 3556 1796; x_wconf 85' lang='lat' dir='ltr'><strong>supra</strong></span> 
     </span>
    </p>
   </div>
   <div class='ocr_carea' id='block_1_33' title="bbox 295 1814 1865 1898">
    <p class='ocr_par' dir='ltr' id='par_1_33' title="bbox 295 1814 1865 1898">
     <span class='ocr_line' id='line_1_33' title="bbox 295 1814 1865 1898; baseline 0.008 -33"><span class='ocrx_word' id='word_1_190' title='bbox 295 1830 425 1884; x_wconf 84' lang='grc' dir='ltr'>μου,</span> <span class='ocrx_word' id='word_1_191' title='bbox 469 1814 711 1886; x_wconf 84' lang='grc' dir='ltr'>φυλακὴν</span> <span class='ocrx_word' id='word_1_192' title='bbox 739 1817 816 1888; x_wconf 81' lang='grc' dir='ltr'><strong>τῷ</strong></span> <span class='ocrx_word' id='word_1_193' title='bbox 842 1817 986 1889; x_wconf 77' lang='grc' dir='ltr'>ἔργῳ</span> <span class='ocrx_word' id='word_1_194' title='bbox 1026 1820 1161 1892; x_wconf 70' lang='grc' dir='ltr'>πρὸς</span> <span class='ocrx_word' id='word_1_195' title='bbox 1205 1823 1373 1874; x_wconf 83' lang='grc' dir='ltr'>ὑετῶν</span> <span class='ocrx_word' id='word_1_196' title='bbox 1406 1824 1702 1891; x_wconf 81' lang='grc' dir='ltr'>ἀσφάλειαν</span> <span class='ocrx_word' id='word_1_197' title='bbox 1746 1843 1865 1898; x_wconf 87' lang='grc' dir='ltr'>παρ-</span> 
     </span>
    </p>
   </div>
   <div class='ocr_carea' id='block_1_34' title="bbox 1969 1814 3558 1898">
    <p class='ocr_par' dir='ltr' id='par_1_34' title="bbox 1987 1815 3558 1889">
     <span class='ocr_line' id='line_1_34' title="bbox 1987 1815 3558 1889; baseline 0.001 -21"><span class='ocrx_word' id='word_1_198' title='bbox 1987 1815 2205 1884; x_wconf 88' lang='lat' dir='ltr'><strong>quidem</strong></span> <span class='ocrx_word' id='word_1_199' title='bbox 2256 1831 2330 1871; x_wconf 62' lang='lat' dir='ltr'><strong>aes</strong></span> <span class='ocrx_word' id='word_1_200' title='bbox 2361 1817 2662 1886; x_wconf 82' lang='lat' dir='ltr'><strong>tegularum</strong></span> <span class='ocrx_word' id='word_1_201' title='bbox 2693 1819 2814 1872; x_wconf 91' lang='lat' dir='ltr'><strong>loco</strong></span> <span class='ocrx_word' id='word_1_202' title='bbox 2847 1818 3176 1889; x_wconf 89' lang='lat' dir='ltr'><strong>impositum,</strong></span> <span class='ocrx_word' id='word_1_203' title='bbox 3206 1818 3456 1871; x_wconf 80' lang='lat' dir='ltr'><strong>universo</strong></span> <span class='ocrx_word' id='word_1_204' title='bbox 3489 1832 3558 1870; x_wconf 64' lang='lat' dir='ltr'><strong>aa-</strong></span> 
     </span>
    </p>
   </div>
   <div class='ocr_carea' id='block_1_35' title="bbox 294 1907 1878 1987">
    <p class='ocr_par' dir='ltr' id='par_1_35' title="bbox 294 1907 1878 1987">
     <span class='ocr_line' id='line_1_35' title="bbox 294 1907 1878 1987; baseline 0.008 -29"><span class='ocrx_word' id='word_1_205' title='bbox 294 1909 447 1976; x_wconf 85' lang='grc' dir='ltr'>εῖχε·</span> <span class='ocrx_word' id='word_1_206' title='bbox 499 1907 592 1961; x_wconf 79' lang='grc' dir='ltr'><strong>καὶ</strong></span> <span class='ocrx_word' id='word_1_207' title='bbox 617 1907 804 1962; x_wconf 76' lang='grc' dir='ltr'>τοῦτον</span> <span class='ocrx_word' id='word_1_208' title='bbox 846 1910 901 1962; x_wconf 82' lang='grc' dir='ltr'>δὲ</span> <span class='ocrx_word' id='word_1_209' title='bbox 957 1911 1122 1975; x_wconf 81' lang='grc' dir='ltr'>πολὺς</span> <span class='ocrx_word' id='word_1_210' title='bbox 1169 1913 1512 1984; x_wconf 81' lang='grc' dir='ltr'>περιέλαμπε</span> <span class='ocrx_word' id='word_1_211' title='bbox 1551 1917 1770 1987; x_wconf 84' lang='grc' dir='ltr'>χρυσὸς,</span> <span class='ocrx_word' id='word_1_212' title='bbox 1803 1919 1878 1980; x_wconf 81' lang='grc' dir='ltr'><strong>ῶς</strong></span> 
     </span>
    </p>
   </div>
   <div class='ocr_carea' id='block_1_36' title="bbox 293 2000 1876 2077">
    <p class='ocr_par' dir='ltr' id='par_1_36' title="bbox 293 2000 1876 2077">
     <span class='ocr_line' id='line_1_36' title="bbox 293 2000 1876 2077; baseline 0.007 -27"><span class='ocrx_word' id='word_1_213' title='bbox 293 2000 673 2072; x_wconf 82' lang='grc' dir='ltr'>μαρμαρυγὰς</span> <span class='ocrx_word' id='word_1_214' title='bbox 717 2005 828 2064; x_wconf 86' lang='grc' dir='ltr'>τοῖς</span> <span class='ocrx_word' id='word_1_215' title='bbox 867 2003 1144 2076; x_wconf 70' lang='grc' dir='ltr'>πόρρωθεν</span> <span class='ocrx_word' id='word_1_216' title='bbox 1179 2005 1422 2074; x_wconf 77' lang='grc' dir='ltr'>ἀφορῶσι</span> <span class='ocrx_word' id='word_1_217' title='bbox 1456 2011 1574 2070; x_wconf 84' lang='grc' dir='ltr'>ταῖς</span> <span class='ocrx_word' id='word_1_218' title='bbox 1605 2008 1754 2077; x_wconf 72' lang='grc' dir='ltr'>ἡλίου</span> <span class='ocrx_word' id='word_1_219' title='bbox 1777 2010 1876 2061; x_wconf 85' lang='grc' dir='ltr'>αὐ-</span> 
     </span>
    </p>
   </div>
   <div class='ocr_carea' id='block_1_37' title="bbox 290 2092 1875 2166">
    <p class='ocr_par' dir='ltr' id='par_1_37' title="bbox 290 2092 1875 2166">
     <span class='ocr_line' id='line_1_37' title="bbox 290 2092 1875 2166; baseline 0.007 -24"><span class='ocrx_word' id='word_1_220' title='bbox 290 2093 418 2158; x_wconf 84' lang='grc' dir='ltr'>γαῖς</span> <span class='ocrx_word' id='word_1_221' title='bbox 451 2092 963 2164; x_wconf 84' lang='grc' dir='ltr'>ἀντανακλωμέναις</span> <span class='ocrx_word' id='word_1_222' title='bbox 1003 2096 1325 2166; x_wconf 83' lang='grc' dir='ltr'>ἐκπέμπειν.</span> <span class='ocrx_word' id='word_1_223' title='bbox 1381 2100 1659 2152; x_wconf 78' lang='grc' dir='ltr'>Δικτυωτὰ</span> <span class='ocrx_word' id='word_1_224' title='bbox 1689 2100 1747 2152; x_wconf 80' lang='grc' dir='ltr'>δὲ</span> <span class='ocrx_word' id='word_1_225' title='bbox 1782 2103 1875 2154; x_wconf 71' lang='grc' dir='ltr'>πέο</span> 
     </span>
    </p>
   </div>
   <div class='ocr_carea' id='block_1_38' title="bbox 295 2179 1876 2264">
    <p class='ocr_par' dir='ltr' id='par_1_38' title="bbox 295 2179 1876 2264">
     <span class='ocr_line' id='line_1_38' title="bbox 295 2179 1876 2264; baseline 0.008 -30"><span class='ocrx_word' id='word_1_226' title='bbox 295 2179 383 2252; x_wconf 80' lang='grc' dir='ltr'><strong>ριξ</strong></span> <span class='ocrx_word' id='word_1_227' title='bbox 412 2182 640 2236; x_wconf 79' lang='grc' dir='ltr'>ἐκύκλου</span> <span class='ocrx_word' id='word_1_228' title='bbox 669 2185 730 2237; x_wconf 87' lang='grc' dir='ltr'><strong>τὸ</strong></span> <span class='ocrx_word' id='word_1_229' title='bbox 776 2184 1045 2255; x_wconf 77' lang='grc' dir='ltr'>δωμάτιον</span> <span class='ocrx_word' id='word_1_230' title='bbox 1090 2188 1198 2255; x_wconf 69' lang='grc'>(46)</span> <span class='ocrx_word' id='word_1_231' title='bbox 1234 2189 1540 2258; x_wconf 74' lang='grc' dir='ltr'>άνάγλυφα,</span> <span class='ocrx_word' id='word_1_232' title='bbox 1571 2192 1755 2264; x_wconf 81' lang='grc' dir='ltr'>χαλκῷ</span> <span class='ocrx_word' id='word_1_233' title='bbox 1781 2196 1876 2247; x_wconf 76' lang='grc' dir='ltr'><strong>καὶ</strong></span> 
     </span>
    </p>
   </div>
   <div class='ocr_carea' id='block_1_39' title="bbox 291 2275 974 2349">
    <p class='ocr_par' dir='ltr' id='par_1_39' title="bbox 291 2275 974 2349">
     <span class='ocr_line' id='line_1_39' title="bbox 291 2275 974 2349; baseline 0.009 -24"><span class='ocrx_word' id='word_1_234' title='bbox 291 2275 482 2346; x_wconf 83' lang='grc' dir='ltr'>χρυσῷ</span> <span class='ocrx_word' id='word_1_235' title='bbox 514 2281 974 2349; x_wconf 78' lang='grc' dir='ltr'>κατειργασμένα.</span> 
     </span>
    </p>
   </div>
   <div class='ocr_carea' id='block_1_40' title="bbox 808 2454 1367 2508">
    <p class='ocr_par' dir='ltr' id='par_1_40' title="bbox 808 2454 1367 2508">
     <span class='ocr_line' id='line_1_40' title="bbox 808 2454 1367 2508; baseline 0.007 -4"><span class='ocrx_word' id='word_1_236' title='bbox 808 2454 1202 2507; x_wconf 74' lang='grc' dir='ltr'><strong>ΚΕΦΛΛΑΙΟΝ</strong></span> <span class='ocrx_word' id='word_1_237' title='bbox 1242 2456 1346 2508; x_wconf 68' lang='lat' dir='ltr'><strong>NG‘</strong></span> <span class='ocrx_word' id='word_1_238' title='bbox 1357 2499 1367 2508; x_wconf 88' lang='lat'><strong>.</strong></span> 
     </span>
    </p>
   </div>
   <div class='ocr_carea' id='block_1_41' title="bbox 509 2543 1659 2619">
    <p class='ocr_par' dir='ltr' id='par_1_41' title="bbox 509 2543 1659 2619">
     <span class='ocr_line' id='line_1_41' title="bbox 509 2543 1659 2619; baseline 0.012 -27"><span class='ocrx_word' id='word_1_239' title='bbox 509 2543 834 2611; x_wconf 67' lang='grc' dir='ltr'>Ἕκεερασις</span> <span class='ocrx_word' id='word_1_240' title='bbox 856 2545 942 2599; x_wconf 80' lang='grc' dir='ltr'>ἔτι</span> <span class='ocrx_word' id='word_1_241' title='bbox 972 2546 1075 2600; x_wconf 85' lang='grc' dir='ltr'>τοῦ</span> <span class='ocrx_word' id='word_1_242' title='bbox 1104 2547 1290 2601; x_wconf 82' lang='grc' dir='ltr'>αὑτοῦ</span> <span class='ocrx_word' id='word_1_243' title='bbox 1313 2551 1659 2619; x_wconf 68' lang='grc' dir='ltr'>μαρτιιριόυ.</span> 
     </span>
    </p>
   </div>
   <div class='ocr_carea' id='block_1_42' title="bbox 364 2630 1874 2716">
    <p class='ocr_par' dir='ltr' id='par_1_42' title="bbox 364 2630 1874 2716">
     <span class='ocr_line' id='line_1_42' title="bbox 364 2630 1874 2716; baseline 0.007 -30"><span class='ocrx_word' id='word_1_244' title='bbox 364 2633 473 2686; x_wconf 74' lang='grc' dir='ltr'>Καὶ</span> <span class='ocrx_word' id='word_1_245' title='bbox 505 2635 532 2686; x_wconf 87' lang='grc' dir='ltr'>ὁ</span> <span class='ocrx_word' id='word_1_246' title='bbox 557 2635 654 2705; x_wconf 80' lang='grc' dir='ltr'><strong>μὲν</strong></span> <span class='ocrx_word' id='word_1_247' title='bbox 683 2635 817 2700; x_wconf 86' lang='grc' dir='ltr'>νεὼς</span> <span class='ocrx_word' id='word_1_248' title='bbox 841 2630 942 2690; x_wconf 82' lang='grc' dir='ltr'>ὧδε</span> <span class='ocrx_word' id='word_1_249' title='bbox 980 2638 1076 2690; x_wconf 78' lang='grc' dir='ltr'><strong>σὺν</strong></span> <span class='ocrx_word' id='word_1_250' title='bbox 1106 2639 1273 2712; x_wconf 82' lang='grc' dir='ltr'>πολλῇ</span> <span class='ocrx_word' id='word_1_251' title='bbox 1305 2642 1564 2713; x_wconf 78' lang='grc' dir='ltr'>βασιλέως</span> <span class='ocrx_word' id='word_1_252' title='bbox 1597 2643 1874 2716; x_wconf 76' lang='grc' dir='ltr'>φιλοτιμίᾳ</span> 
     </span>
    </p>
   </div>
   <div class='ocr_carea' id='block_1_43' title="bbox 294 2724 1873 2806">
    <p class='ocr_par' dir='ltr' id='par_1_43' title="bbox 294 2724 1873 2806">
     <span class='ocr_line' id='line_1_43' title="bbox 294 2724 1873 2806; baseline 0.007 -30"><span class='ocrx_word' id='word_1_253' title='bbox 294 2724 530 2796; x_wconf 80' lang='grc' dir='ltr'>σπουδῆς</span> <span class='ocrx_word' id='word_1_254' title='bbox 573 2725 822 2794; x_wconf 78' lang='grc' dir='ltr'>ἠξιοῦτο·</span> <span class='ocrx_word' id='word_1_255' title='bbox 869 2728 1012 2798; x_wconf 75' lang='grc' dir='ltr'>ἀμφὶ</span> <span class='ocrx_word' id='word_1_256' title='bbox 1057 2728 1112 2782; x_wconf 84' lang='grc' dir='ltr'>δὲ</span> <span class='ocrx_word' id='word_1_257' title='bbox 1158 2731 1344 2784; x_wconf 82' lang='grc' dir='ltr'>τοῦτον</span> <span class='ocrx_word' id='word_1_258' title='bbox 1391 2733 1599 2804; x_wconf 81' lang='grc' dir='ltr'>αἴθριος</span> <span class='ocrx_word' id='word_1_259' title='bbox 1638 2730 1704 2806; x_wconf 83' lang='grc' dir='ltr'>ἦν</span> <span class='ocrx_word' id='word_1_260' title='bbox 1736 2735 1873 2806; x_wconf 79' lang='grc' dir='ltr'>αὐλὴ</span> 
     </span>
    </p>
   </div>
   <div class='ocr_carea' id='block_1_44' title="bbox 291 2818 1872 2897">
    <p class='ocr_par' dir='ltr' id='par_1_44' title="bbox 291 2818 1872 2897">
     <span class='ocr_line' id='line_1_44' title="bbox 291 2818 1872 2897; baseline 0.008 -29"><span class='ocrx_word' id='word_1_261' title='bbox 291 2818 675 2889; x_wconf 74' lang='grc' dir='ltr'>παμμεγέθης,</span> <span class='ocrx_word' id='word_1_262' title='bbox 717 2821 796 2882; x_wconf 80' lang='grc' dir='ltr'>εἰς</span> <span class='ocrx_word' id='word_1_263' title='bbox 844 2821 980 2892; x_wconf 86' lang='grc' dir='ltr'>ἀέρα</span> <span class='ocrx_word' id='word_1_264' title='bbox 1031 2821 1269 2893; x_wconf 74' lang='grc' dir='ltr'>καθαρὸν</span> <span class='ocrx_word' id='word_1_265' title='bbox 1307 2826 1762 2897; x_wconf 68' lang='grc' dir='ltr'>ἀναπεπταμένηε</span> <span class='ocrx_word' id='word_1_266' title='bbox 1815 2831 1872 2881; x_wconf 89' lang='grc' dir='ltr'><strong>ἐν</strong></span> 
     </span>
    </p>
   </div>
   <div class='ocr_carea' id='block_1_45' title="bbox 288 2909 1874 2989">
    <p class='ocr_par' dir='ltr' id='par_1_45' title="bbox 288 2909 1874 2989">
     <span class='ocr_line' id='line_1_45' title="bbox 288 2909 1874 2989; baseline 0.007 -30"><span class='ocrx_word' id='word_1_267' title='bbox 288 2909 677 2981; x_wconf 77' lang='grc' dir='ltr'>τετραπλεύρῳ</span> <span class='ocrx_word' id='word_1_268' title='bbox 717 2911 773 2968; x_wconf 77' lang='grc' dir='ltr'>δὲ</span> <span class='ocrx_word' id='word_1_269' title='bbox 807 2911 977 2984; x_wconf 77' lang='grc' dir='ltr'>ταύτῃ</span> <span class='ocrx_word' id='word_1_270' title='bbox 1013 2914 1165 2966; x_wconf 79' lang='grc' dir='ltr'>στοαὶ</span> <span class='ocrx_word' id='word_1_271' title='bbox 1196 2914 1489 2986; x_wconf 80' lang='grc' dir='ltr'>διέτρεχον,</span> <span class='ocrx_word' id='word_1_272' title='bbox 1528 2917 1688 2986; x_wconf 80' lang='grc' dir='ltr'>μέσον</span> <span class='ocrx_word' id='word_1_273' title='bbox 1727 2919 1874 2989; x_wconf 72' lang='grc' dir='ltr'>αὐτῷ</span> 
     </span>
    </p>
   </div>
   <div class='ocr_carea' id='block_1_46' title="bbox 289 3001 1871 3080">
    <p class='ocr_par' dir='ltr' id='par_1_46' title="bbox 289 3001 1871 3080">
     <span class='ocr_line' id='line_1_46' title="bbox 289 3001 1871 3080; baseline 0.008 -28"><span class='ocrx_word' id='word_1_274' title='bbox 289 3002 398 3070; x_wconf 78' lang='grc' dir='ltr'>νεῴ</span> <span class='ocrx_word' id='word_1_275' title='bbox 435 3001 494 3053; x_wconf 78' lang='grc' dir='ltr'>τὸ</span> <span class='ocrx_word' id='word_1_276' title='bbox 537 3003 745 3074; x_wconf 62' lang='grc' dir='ltr'>αἴθριον</span> <span class='ocrx_word' id='word_1_277' title='bbox 787 3005 1268 3075; x_wconf 76' lang='grc' dir='ltr'>ἀπολαμϐάνουσαι</span> <span class='ocrx_word' id='word_1_278' title='bbox 1296 3024 1308 3036; x_wconf 90' lang='grc'><strong>·</strong></span> <span class='ocrx_word' id='word_1_279' title='bbox 1339 3005 1476 3061; x_wconf 79' lang='grc' dir='ltr'>οἶκοί</span> <span class='ocrx_word' id='word_1_280' title='bbox 1509 3026 1567 3061; x_wconf 90' lang='grc' dir='ltr'><strong>τε</strong></span> <span class='ocrx_word' id='word_1_281' title='bbox 1617 3010 1871 3080; x_wconf 80' lang='grc' dir='ltr'>βασίλειοι</span> 
     </span>
    </p>
   </div>
   <div class='ocr_carea' id='block_1_47' title="bbox 287 3094 1872 3178">
    <p class='ocr_par' dir='ltr' id='par_1_47' title="bbox 287 3094 1872 3178">
     <span class='ocr_line' id='line_1_47' title="bbox 287 3094 1872 3178; baseline 0.008 -33"><span class='ocrx_word' id='word_1_282' title='bbox 287 3097 410 3158; x_wconf 86' lang='grc' dir='ltr'>ταῖς</span> <span class='ocrx_word' id='word_1_283' title='bbox 447 3100 646 3161; x_wconf 74' lang='grc' dir='ltr'>στοαῖς,</span> <span class='ocrx_word' id='word_1_284' title='bbox 697 3097 894 3169; x_wconf 83' lang='grc' dir='ltr'>λουτρά</span> <span class='ocrx_word' id='word_1_285' title='bbox 936 3115 994 3151; x_wconf 88' lang='grc' dir='ltr'><strong>τε</strong></span> <span class='ocrx_word' id='word_1_286' title='bbox 1041 3094 1133 3152; x_wconf 61' lang='grc' dir='ltr'><strong>καῖ</strong></span> <span class='ocrx_word' id='word_1_287' title='bbox 1173 3102 1601 3172; x_wconf 82' lang='grc' dir='ltr'>ἀνακαμπτήρια</span> <span class='ocrx_word' id='word_1_288' title='bbox 1646 3105 1872 3178; x_wconf 83' lang='grc' dir='ltr'>παρεξε-</span> 
     </span>
    </p>
   </div>
   <div class='ocr_carea' id='block_1_48' title="bbox 1981 1908 3550 1979">
    <p class='ocr_par' dir='ltr' id='par_1_48' title="bbox 1981 1908 3550 1979">
     <span class='ocr_line' id='line_1_48' title="bbox 1981 1908 3550 1979; baseline 0.003 -17"><span class='ocrx_word' id='word_1_289' title='bbox 1981 1908 2160 1962; x_wconf 90' lang='lat' dir='ltr'><strong>diticio</strong></span> <span class='ocrx_word' id='word_1_290' title='bbox 2208 1909 2600 1962; x_wconf 90' lang='lat' dir='ltr'><strong>munimentum</strong></span> <span class='ocrx_word' id='word_1_291' title='bbox 2672 1913 2934 1967; x_wconf 88' lang='lat' dir='ltr'><strong>adversus</strong></span> <span class='ocrx_word' id='word_1_292' title='bbox 2993 1913 3194 1964; x_wconf 87' lang='lat' dir='ltr'><strong>imbres</strong></span> <span class='ocrx_word' id='word_1_293' title='bbox 3259 1909 3550 1979; x_wconf 63' lang='lat' dir='ltr'><strong>praebebat.</strong></span> 
     </span>
    </p>
   </div>
   <div class='ocr_carea' id='block_1_49' title="bbox 1981 1998 3554 2074">
    <p class='ocr_par' dir='ltr' id='par_1_49' title="bbox 1981 1998 3554 2074">
     <span class='ocr_line' id='line_1_49' title="bbox 1981 1998 3554 2074; baseline 0.002 -21"><span class='ocrx_word' id='word_1_294' title='bbox 1981 1998 2136 2066; x_wconf 85' lang='lat' dir='ltr'><strong>Quod</strong></span> <span class='ocrx_word' id='word_1_295' title='bbox 2171 2000 2356 2055; x_wconf 88' lang='lat' dir='ltr'><strong>itidem</strong></span> <span class='ocrx_word' id='word_1_296' title='bbox 2391 2016 2523 2055; x_wconf 90' lang='lat' dir='ltr'><strong>auro</strong></span> <span class='ocrx_word' id='word_1_297' title='bbox 2558 2002 2791 2072; x_wconf 91' lang='lat' dir='ltr'><strong>plurimo</strong></span> <span class='ocrx_word' id='word_1_298' title='bbox 2843 2004 3186 2074; x_wconf 89' lang='lat' dir='ltr'><strong>superfusum</strong></span> <span class='ocrx_word' id='word_1_299' title='bbox 3238 2002 3554 2070; x_wconf 82' lang='lat' dir='ltr'><strong>resplende-</strong></span> 
     </span>
    </p>
   </div>
   <div class='ocr_carea' id='block_1_50' title="bbox 1981 2093 3553 2165">
    <p class='ocr_par' dir='ltr' id='par_1_50' title="bbox 1981 2093 3553 2165">
     <span class='ocr_line' id='line_1_50' title="bbox 1981 2093 3553 2165; baseline 0.002 -19"><span class='ocrx_word' id='word_1_300' title='bbox 1981 2093 2104 2158; x_wconf 88' lang='lat' dir='ltr'><strong>bat,</strong></span> <span class='ocrx_word' id='word_1_301' title='bbox 2163 2095 2298 2148; x_wconf 88' lang='lat' dir='ltr'><strong>adeo</strong></span> <span class='ocrx_word' id='word_1_302' title='bbox 2339 2103 2396 2147; x_wconf 91' lang='lat' dir='ltr'><strong>ut</strong></span> <span class='ocrx_word' id='word_1_303' title='bbox 2442 2095 2628 2163; x_wconf 81' lang='lat' dir='ltr'><strong>procul</strong></span> <span class='ocrx_word' id='word_1_304' title='bbox 2693 2097 3054 2165; x_wconf 86' lang='lat' dir='ltr'><strong>spectantium</strong></span> <span class='ocrx_word' id='word_1_305' title='bbox 3111 2093 3296 2149; x_wconf 91' lang='lat' dir='ltr'><strong>oculos</strong></span> <span class='ocrx_word' id='word_1_306' title='bbox 3342 2093 3553 2165; x_wconf 80' lang='lat' dir='ltr'><strong>fulgore</strong></span> 
     </span>
    </p>
   </div>
   <div class='ocr_carea' id='block_1_51' title="bbox 1979 2183 3549 2254">
    <p class='ocr_par' dir='ltr' id='par_1_51' title="bbox 1979 2183 3549 2254">
     <span class='ocr_line' id='line_1_51' title="bbox 1979 2183 3549 2254; baseline 0.003 -19"><span class='ocrx_word' id='word_1_307' title='bbox 1979 2183 2402 2252; x_wconf 66' lang='lat' dir='ltr'><strong>praestringeret,</strong></span> <span class='ocrx_word' id='word_1_308' title='bbox 2429 2184 2559 2240; x_wconf 90' lang='lat' dir='ltr'><strong>solis</strong></span> <span class='ocrx_word' id='word_1_309' title='bbox 2612 2187 2776 2240; x_wconf 86' lang='lat' dir='ltr'><strong>radiis</strong></span> <span class='ocrx_word' id='word_1_310' title='bbox 2801 2188 2928 2240; x_wconf 69' lang='lat' dir='ltr'><strong>arris</strong></span> <span class='ocrx_word' id='word_1_311' title='bbox 2954 2185 3168 2253; x_wconf 85' lang='lat' dir='ltr'><strong>objectu</strong></span> <span class='ocrx_word' id='word_1_312' title='bbox 3199 2185 3549 2254; x_wconf 89' lang='lat' dir='ltr'><strong>repercussis.</strong></span> 
     </span>
    </p>
   </div>
   <div class='ocr_carea' id='block_1_52' title="bbox 1981 2275 3553 2348">
    <p class='ocr_par' dir='ltr' id='par_1_52' title="bbox 1981 2275 3553 2348">
     <span class='ocr_line' id='line_1_52' title="bbox 1981 2275 3553 2348; baseline 0 -20"><span class='ocrx_word' id='word_1_313' title='bbox 1981 2275 2172 2328; x_wconf 87' lang='lat' dir='ltr'><strong>Totum</strong></span> <span class='ocrx_word' id='word_1_314' title='bbox 2224 2291 2354 2331; x_wconf 86' lang='lat' dir='ltr'><strong>vero</strong></span> <span class='ocrx_word' id='word_1_315' title='bbox 2400 2276 2658 2331; x_wconf 91' lang='lat' dir='ltr'><strong>solarium</strong></span> <span class='ocrx_word' id='word_1_316' title='bbox 2713 2279 3012 2333; x_wconf 86' lang='lat' dir='ltr'><strong>reticulatis</strong></span> <span class='ocrx_word' id='word_1_317' title='bbox 3063 2280 3386 2348; x_wconf 87' lang='lat' dir='ltr'><strong>qttibusdam</strong></span> <span class='ocrx_word' id='word_1_318' title='bbox 3419 2292 3553 2330; x_wconf 87' lang='lat' dir='ltr'><strong>ana-</strong></span> 
     </span>
    </p>
   </div>
   <div class='ocr_carea' id='block_1_53' title="bbox 1979 2363 3548 2432">
    <p class='ocr_par' dir='ltr' id='par_1_53' title="bbox 1979 2363 3548 2432">
     <span class='ocr_line' id='line_1_53' title="bbox 1979 2363 3548 2432; baseline 0.005 -20"><span class='ocrx_word' id='word_1_319' title='bbox 1979 2363 2190 2432; x_wconf 83' lang='lat' dir='ltr'><strong>glyphis</strong></span> <span class='ocrx_word' id='word_1_320' title='bbox 2218 2380 2283 2419; x_wconf 82' lang='lat' dir='ltr'><strong>ex</strong></span> <span class='ocrx_word' id='word_1_321' title='bbox 2311 2380 2417 2418; x_wconf 61' lang='lat' dir='ltr'><strong>rere</strong></span> <span class='ocrx_word' id='word_1_322' title='bbox 2443 2375 2496 2419; x_wconf 88' lang='lat' dir='ltr'><strong>et</strong></span> <span class='ocrx_word' id='word_1_323' title='bbox 2518 2381 2650 2419; x_wconf 87' lang='lat' dir='ltr'><strong>auro</strong></span> <span class='ocrx_word' id='word_1_324' title='bbox 2672 2366 2984 2421; x_wconf 82' lang='lat' dir='ltr'><strong>fabrefactis</strong></span> <span class='ocrx_word' id='word_1_325' title='bbox 3001 2368 3548 2423; x_wconf 87' lang='lat' dir='ltr'><strong>eratcircumdatum.</strong></span> 
     </span>
    </p>
   </div>
   <div class='ocr_carea' id='block_1_54' title="bbox 2459 2458 3070 2529">
    <p class='ocr_par' dir='ltr' id='par_1_54' title="bbox 2459 2458 3070 2529">
     <span class='ocr_line' id='line_1_54' title="bbox 2459 2458 3070 2529; baseline 0.005 -18"><span class='ocrx_word' id='word_1_326' title='bbox 2459 2458 2622 2529; x_wconf 75' lang='lat'><strong>556</strong></span> <span class='ocrx_word' id='word_1_327' title='bbox 2670 2458 2900 2513; x_wconf 82' lang='lat' dir='ltr'><strong>CAPUT</strong></span> <span class='ocrx_word' id='word_1_328' title='bbox 2934 2459 3070 2514; x_wconf 79' lang='lat' dir='ltr'><strong>th.</strong></span> 
     </span>
    </p>
   </div>
   <div class='ocr_carea' id='block_1_55' title="bbox 2349 2550 3205 2622">
    <p class='ocr_par' dir='ltr' id='par_1_55' title="bbox 2349 2550 3205 2622">
     <span class='ocr_line' id='line_1_55' title="bbox 2349 2550 3205 2622; baseline 0.005 -21"><span class='ocrx_word' id='word_1_329' title='bbox 2349 2550 2644 2617; x_wconf 78' lang='lat' dir='ltr'><strong>Descriptio</strong></span> <span class='ocrx_word' id='word_1_330' title='bbox 2671 2550 2904 2619; x_wconf 78' lang='lat' dir='ltr'><strong>ejusdem</strong></span> <span class='ocrx_word' id='word_1_331' title='bbox 2943 2555 3205 2622; x_wconf 82' lang='lat' dir='ltr'><strong>martyrii.</strong></span> 
     </span>
    </p>
   </div>
   <div class='ocr_carea' id='block_1_56' title="bbox 2050 2620 3550 2710">
    <p class='ocr_par' dir='ltr' id='par_1_56' title="bbox 2050 2620 3550 2710">
     <span class='ocr_line' id='line_1_56' title="bbox 2050 2620 3550 2710; baseline 0.002 -19"><span class='ocrx_word' id='word_1_332' title='bbox 2050 2640 2126 2691; x_wconf 85' lang='lat' dir='ltr'><strong>Ac</strong></span> <span class='ocrx_word' id='word_1_333' title='bbox 2165 2639 2421 2708; x_wconf 87' lang='lat' dir='ltr'><strong>templum</strong></span> <span class='ocrx_word' id='word_1_334' title='bbox 2448 2639 2665 2707; x_wconf 83' lang='lat' dir='ltr'><strong>quidem</strong></span> <span class='ocrx_word' id='word_1_335' title='bbox 2719 2641 2894 2710; x_wconf 85' lang='lat' dir='ltr'><strong>ipsum</strong></span> <span class='ocrx_word' id='word_1_336' title='bbox 2933 2644 3167 2695; x_wconf 79' lang='lat' dir='ltr'><strong>maximo</strong></span> <span class='ocrx_word' id='word_1_337' title='bbox 3208 2620 3550 2710; x_wconf 61' lang='lat' dir='ltr'><strong>imperatoris</strong></span> 
     </span>
    </p>
   </div>
   <div class='ocr_carea' id='block_1_57' title="bbox 1982 2731 3545 2803">
    <p class='ocr_par' dir='ltr' id='par_1_57' title="bbox 1982 2731 3545 2803">
     <span class='ocr_line' id='line_1_57' title="bbox 1982 2731 3545 2803; baseline 0.001 -19"><span class='ocrx_word' id='word_1_338' title='bbox 1982 2732 2160 2785; x_wconf 89' lang='lat' dir='ltr'><strong>studio</strong></span> <span class='ocrx_word' id='word_1_339' title='bbox 2198 2731 2337 2783; x_wconf 93' lang='lat' dir='ltr'><strong>hunc</strong></span> <span class='ocrx_word' id='word_1_340' title='bbox 2393 2732 2443 2784; x_wconf 92' lang='lat' dir='ltr'><strong>iu</strong></span> <span class='ocrx_word' id='word_1_341' title='bbox 2485 2733 2701 2786; x_wconf 89' lang='lat' dir='ltr'><strong>modum</strong></span> <span class='ocrx_word' id='word_1_342' title='bbox 2741 2735 3127 2788; x_wconf 79' lang='lat' dir='ltr'><strong>exornabatur.</strong></span> <span class='ocrx_word' id='word_1_343' title='bbox 3164 2734 3315 2788; x_wconf 84' lang='lat' dir='ltr'><strong>Circa</strong></span> <span class='ocrx_word' id='word_1_344' title='bbox 3376 2737 3545 2803; x_wconf 78' lang='lat' dir='ltr'><strong>ipsum</strong></span> 
     </span>
    </p>
   </div>
   <div class='ocr_carea' id='block_1_58' title="bbox 1977 2822 3549 2894">
    <p class='ocr_par' dir='ltr' id='par_1_58' title="bbox 1977 2822 3549 2894">
     <span class='ocr_line' id='line_1_58' title="bbox 1977 2822 3549 2894; baseline 0.001 -18"><span class='ocrx_word' id='word_1_345' title='bbox 1977 2823 2230 2892; x_wconf 82' lang='lat' dir='ltr'><strong>ten-plum</strong></span> <span class='ocrx_word' id='word_1_346' title='bbox 2256 2822 2444 2893; x_wconf 84' lang='lat' dir='ltr'><strong>ingens</strong></span> <span class='ocrx_word' id='word_1_347' title='bbox 2467 2833 2584 2879; x_wconf 87' lang='lat' dir='ltr'><strong>erat</strong></span> <span class='ocrx_word' id='word_1_348' title='bbox 2606 2838 2758 2892; x_wconf 89' lang='lat' dir='ltr'><strong>area,</strong></span> <span class='ocrx_word' id='word_1_349' title='bbox 2786 2825 2956 2880; x_wconf 90' lang='lat' dir='ltr'><strong>libero</strong></span> <span class='ocrx_word' id='word_1_350' title='bbox 2980 2840 3042 2880; x_wconf 89' lang='lat' dir='ltr'><strong>ac</strong></span> <span class='ocrx_word' id='word_1_351' title='bbox 3072 2835 3287 2893; x_wconf 80' lang='lat' dir='ltr'><strong>patente</strong></span> <span class='ocrx_word' id='word_1_352' title='bbox 3321 2825 3549 2894; x_wconf 83' lang='lat' dir='ltr'><strong>desuper</strong></span> 
     </span>
    </p>
   </div>
   <div class='ocr_carea' id='block_1_59' title="bbox 1976 2913 3545 2986">
    <p class='ocr_par' dir='ltr' id='par_1_59' title="bbox 1976 2913 3545 2986">
     <span class='ocr_line' id='line_1_59' title="bbox 1976 2913 3545 2986; baseline 0.003 -20"><span class='ocrx_word' id='word_1_353' title='bbox 1976 2915 2134 2969; x_wconf 65' lang='grc' dir='ltr'>(σξιο.</span> <span class='ocrx_word' id='word_1_354' title='bbox 2167 2913 2330 2981; x_wconf 84' lang='lat' dir='ltr'><strong>Cujus</strong></span> <span class='ocrx_word' id='word_1_355' title='bbox 2355 2918 2419 2968; x_wconf 86' lang='lat' dir='ltr'><strong>ad</strong></span> <span class='ocrx_word' id='word_1_356' title='bbox 2453 2925 2687 2985; x_wconf 86' lang='lat' dir='ltr'><strong>quatuor</strong></span> <span class='ocrx_word' id='word_1_357' title='bbox 2744 2917 2914 2971; x_wconf 89' lang='lat' dir='ltr'><strong>latera</strong></span> <span class='ocrx_word' id='word_1_358' title='bbox 2959 2917 3200 2986; x_wconf 89' lang='lat' dir='ltr'><strong>porticus</strong></span> <span class='ocrx_word' id='word_1_359' title='bbox 3258 2925 3415 2971; x_wconf 89' lang='lat' dir='ltr'><strong>erant</strong></span> <span class='ocrx_word' id='word_1_360' title='bbox 3443 2917 3545 2972; x_wconf 87' lang='lat' dir='ltr'><strong>sibi</strong></span> 
     </span>
    </p>
   </div>
   <div class='ocr_carea' id='block_1_60' title="bbox 1976 3006 3546 3076">
    <p class='ocr_par' dir='ltr' id='par_1_60' title="bbox 1976 3006 3546 3076">
     <span class='ocr_line' id='line_1_60' title="bbox 1976 3006 3546 3076; baseline 0.001 -17"><span class='ocrx_word' id='word_1_361' title='bbox 1976 3006 2206 3059; x_wconf 66' lang='lat' dir='ltr'><strong>invicem</strong></span> <span class='ocrx_word' id='word_1_362' title='bbox 2235 3007 2558 3076; x_wconf 61' lang='lat' dir='ltr'><strong>conjunctae,</strong></span> <span class='ocrx_word' id='word_1_363' title='bbox 2585 3023 2704 3076; x_wconf 62' lang='lat' dir='ltr'><strong>qua:</strong></span> <span class='ocrx_word' id='word_1_364' title='bbox 2738 3023 2923 3062; x_wconf 87' lang='lat' dir='ltr'><strong>aream</strong></span> <span class='ocrx_word' id='word_1_365' title='bbox 2955 3009 3004 3060; x_wconf 89' lang='lat' dir='ltr'><strong>in</strong></span> <span class='ocrx_word' id='word_1_366' title='bbox 3034 3007 3212 3061; x_wconf 84' lang='lat' dir='ltr'><strong>medio</strong></span> <span class='ocrx_word' id='word_1_367' title='bbox 3245 3008 3404 3062; x_wconf 88' lang='lat' dir='ltr'><strong>sitam</strong></span> <span class='ocrx_word' id='word_1_368' title='bbox 3442 3022 3546 3062; x_wconf 87' lang='lat' dir='ltr'><strong>una</strong></span> 
     </span>
    </p>
   </div>
   <div class='ocr_carea' id='block_1_61' title="bbox 1975 3097 3540 3167">
    <p class='ocr_par' dir='ltr' id='par_1_61' title="bbox 1975 3097 3540 3167">
     <span class='ocr_line' id='line_1_61' title="bbox 1975 3097 3540 3167; baseline -0.001 -16"><span class='ocrx_word' id='word_1_369' title='bbox 1975 3113 2097 3151; x_wconf 80' lang='lat' dir='ltr'><strong>cum</strong></span> <span class='ocrx_word' id='word_1_370' title='bbox 2149 3097 2263 3166; x_wconf 86' lang='lat' dir='ltr'><strong>ipso</strong></span> <span class='ocrx_word' id='word_1_371' title='bbox 2303 3099 2502 3164; x_wconf 84' lang='lat' dir='ltr'><strong>templo</strong></span> <span class='ocrx_word' id='word_1_372' title='bbox 2537 3099 3065 3167; x_wconf 75' lang='lat' dir='ltr'><strong>circumcingebant.</strong></span> <span class='ocrx_word' id='word_1_373' title='bbox 3098 3099 3370 3153; x_wconf 75' lang='lat' dir='ltr'><strong>Praeterea</strong></span> <span class='ocrx_word' id='word_1_374' title='bbox 3405 3099 3540 3153; x_wconf 79' lang='lat' dir='ltr'><strong>basi-</strong></span> 
     </span>
    </p>
   </div>
   <div class='ocr_carea' id='block_1_62' title="bbox 287 3187 1865 3262">
    <p class='ocr_par' dir='ltr' id='par_1_62' title="bbox 287 3187 1865 3262">
     <span class='ocr_line' id='line_1_62' title="bbox 287 3187 1865 3262; baseline 0.009 -25"><span class='ocrx_word' id='word_1_375' title='bbox 287 3187 514 3246; x_wconf 80' lang='grc' dir='ltr'>τείνετο,</span> <span class='ocrx_word' id='word_1_376' title='bbox 540 3188 671 3242; x_wconf 82' lang='grc' dir='ltr'>ἄλλα</span> <span class='ocrx_word' id='word_1_377' title='bbox 699 3207 756 3242; x_wconf 87' lang='grc' dir='ltr'><strong>τε</strong></span> <span class='ocrx_word' id='word_1_378' title='bbox 797 3190 1020 3243; x_wconf 84' lang='grc' dir='ltr'>πλεῖστα</span> <span class='ocrx_word' id='word_1_379' title='bbox 1063 3193 1383 3262; x_wconf 84' lang='grc' dir='ltr'>καταγώγια</span> <span class='ocrx_word' id='word_1_380' title='bbox 1418 3199 1529 3258; x_wconf 82' lang='grc' dir='ltr'>τοῖς</span> <span class='ocrx_word' id='word_1_381' title='bbox 1575 3197 1666 3249; x_wconf 76' lang='grc' dir='ltr'><strong>τοῦ</strong></span> <span class='ocrx_word' id='word_1_382' title='bbox 1703 3198 1865 3251; x_wconf 86' lang='grc' dir='ltr'>τόπου</span> 
     </span>
    </p>
   </div>
   <div class='ocr_carea' id='block_1_63' title="bbox 1969 3187 3544 3262">
    <p class='ocr_par' dir='ltr' id='par_1_63' title="bbox 1975 3190 3544 3260">
     <span class='ocr_line' id='line_1_63' title="bbox 1975 3190 3544 3260; baseline 0.001 -18"><span class='ocrx_word' id='word_1_383' title='bbox 1975 3190 2108 3254; x_wconf 58' lang='lat' dir='ltr'><strong>licata,</strong></span> <span class='ocrx_word' id='word_1_384' title='bbox 2150 3191 2388 3254; x_wconf 74' lang='lat' dir='ltr'><strong>lavacra,</strong></span> <span class='ocrx_word' id='word_1_385' title='bbox 2433 3191 2730 3245; x_wconf 84' lang='lat' dir='ltr'><strong>diversoria</strong></span> <span class='ocrx_word' id='word_1_386' title='bbox 2761 3201 2815 3247; x_wconf 87' lang='lat' dir='ltr'><strong>et</strong></span> <span class='ocrx_word' id='word_1_387' title='bbox 2845 3191 2945 3245; x_wconf 87' lang='lat' dir='ltr'><strong>alia</strong></span> <span class='ocrx_word' id='word_1_388' title='bbox 2973 3190 3202 3260; x_wconf 89' lang='lat' dir='ltr'><strong>plurima</strong></span> <span class='ocrx_word' id='word_1_389' title='bbox 3239 3191 3544 3245; x_wconf 84' lang='lat' dir='ltr'><strong>habitacula</strong></span> 
     </span>
    </p>
   </div>
   <div class='ocr_carea' id='block_1_64' title="bbox 289 3281 1274 3354">
    <p class='ocr_par' dir='ltr' id='par_1_64' title="bbox 289 3281 1274 3354">
     <span class='ocr_line' id='line_1_64' title="bbox 289 3281 1274 3354; baseline 0.007 -24"><span class='ocrx_word' id='word_1_390' title='bbox 289 3282 547 3349; x_wconf 78' lang='grc' dir='ltr'>φρουροῖς</span> <span class='ocrx_word' id='word_1_391' title='bbox 578 3281 897 3351; x_wconf 77' lang='grc' dir='ltr'>ἐπιτηδείως</span> <span class='ocrx_word' id='word_1_392' title='bbox 923 3285 1274 3354; x_wconf 73' lang='grc' dir='ltr'>εἰργασμένα.</span> 
     </span>
    </p>
   </div>
   <div class='ocr_carea' id='block_1_65' title="bbox 819 3466 1335 3521">
    <p class='ocr_par' dir='ltr' id='par_1_65' title="bbox 819 3466 1335 3521">
     <span class='ocr_line' id='line_1_65' title="bbox 819 3466 1335 3521; baseline 0.008 -4"><span class='ocrx_word' id='word_1_393' title='bbox 819 3466 1214 3519; x_wconf 71' lang='grc' dir='ltr'><strong>ΚΕΦᾹᾹΛΙΟΝ</strong></span> <span class='ocrx_word' id='word_1_394' title='bbox 1261 3469 1335 3521; x_wconf 83' lang='grc' dir='ltr'><strong>Ξ¹.</strong></span> 
     </span>
    </p>
   </div>
   <div class='ocr_carea' id='block_1_66' title="bbox 291 3552 1866 3631">
    <p class='ocr_par' dir='ltr' id='par_1_66' title="bbox 291 3552 1866 3631">
     <span class='ocr_line' id='line_1_66' title="bbox 291 3552 1866 3631; baseline 0.006 -24"><span class='ocrx_word' id='word_1_395' title='bbox 291 3552 412 3608; x_wconf 83' lang='grc' dir='ltr'>Ὀτι</span> <span class='ocrx_word' id='word_1_396' title='bbox 453 3555 524 3607; x_wconf 83' lang='grc' dir='ltr'><strong>ἐν</strong></span> <span class='ocrx_word' id='word_1_397' title='bbox 567 3556 754 3623; x_wconf 85' lang='grc' dir='ltr'>τούτῳ</span> <span class='ocrx_word' id='word_1_398' title='bbox 811 3559 907 3611; x_wconf 78' lang='grc' dir='ltr'>καὶ</span> <span class='ocrx_word' id='word_1_399' title='bbox 952 3560 1247 3631; x_wconf 74' lang='grc' dir='ltr'>μνημεῖον</span> <span class='ocrx_word' id='word_1_400' title='bbox 1288 3563 1375 3626; x_wconf 84' lang='grc' dir='ltr'><strong>εἰς</strong></span> <span class='ocrx_word' id='word_1_401' title='bbox 1438 3561 1634 3631; x_wconf 64' lang='grc' dir='ltr'>ταφὴν</span> <span class='ocrx_word' id='word_1_402' title='bbox 1677 3564 1866 3630; x_wconf 83' lang='grc' dir='ltr'>ἐαυτῷ</span> 
     </span>
    </p>
   </div>
   <div class='ocr_carea' id='block_1_67' title="bbox 807 3629 1338 3699">
    <p class='ocr_par' dir='ltr' id='par_1_67' title="bbox 807 3629 1338 3699">
     <span class='ocr_line' id='line_1_67' title="bbox 807 3629 1338 3699; baseline 0.008 -19"><span class='ocrx_word' id='word_1_403' title='bbox 807 3629 1338 3699; x_wconf 76' lang='grc' dir='ltr'><strong>προσῳκοδόμησε.</strong></span> 
     </span>
    </p>
   </div>
   <div class='ocr_carea' id='block_1_68' title="bbox 357 3719 1865 3795">
    <p class='ocr_par' dir='ltr' id='par_1_68' title="bbox 357 3719 1865 3795">
     <span class='ocr_line' id='line_1_68' title="bbox 357 3719 1865 3795; baseline 0.005 -23"><span class='ocrx_word' id='word_1_404' title='bbox 357 3719 545 3774; x_wconf 76' lang='grc' dir='ltr'>Ταῦτα</span> <span class='ocrx_word' id='word_1_405' title='bbox 590 3721 766 3775; x_wconf 78' lang='grc' dir='ltr'>πάντα</span> <span class='ocrx_word' id='word_1_406' title='bbox 816 3723 1044 3795; x_wconf 75' lang='grc' dir='ltr'>ἀφιέρου</span> <span class='ocrx_word' id='word_1_407' title='bbox 1099 3722 1370 3793; x_wconf 74' lang='grc' dir='ltr'>βασιλεὺς,</span> <span class='ocrx_word' id='word_1_408' title='bbox 1419 3724 1734 3790; x_wconf 77' lang='grc' dir='ltr'>διαιωνίζων</span> <span class='ocrx_word' id='word_1_409' title='bbox 1787 3729 1865 3790; x_wconf 79' lang='grc' dir='ltr'><strong>εἰς</strong></span> 
     </span>
    </p>
   </div>
   <div class='ocr_carea' id='block_1_69' title="bbox 289 3809 1868 3889">
    <p class='ocr_par' dir='ltr' id='par_1_69' title="bbox 289 3809 1868 3889">
     <span class='ocr_line' id='line_1_69' title="bbox 289 3809 1868 3889; baseline 0.004 -26"><span class='ocrx_word' id='word_1_410' title='bbox 289 3809 532 3876; x_wconf 73' lang='grc' dir='ltr'>ἅπαντας</span> <span class='ocrx_word' id='word_1_411' title='bbox 555 3812 660 3867; x_wconf 89' lang='grc' dir='ltr'><strong>τῶν</strong></span> <span class='ocrx_word' id='word_1_412' title='bbox 687 3815 778 3868; x_wconf 73' lang='grc' dir='ltr'>τοῦ</span> <span class='ocrx_word' id='word_1_413' title='bbox 811 3816 1060 3886; x_wconf 79' lang='grc' dir='ltr'>Σωτῆρος</span> <span class='ocrx_word' id='word_1_414' title='bbox 1088 3816 1247 3887; x_wconf 77' lang='grc' dir='ltr'>ἡμῶν</span> <span class='ocrx_word' id='word_1_415' title='bbox 1270 3817 1578 3870; x_wconf 81' lang='grc' dir='ltr'>ἀποστόλων</span> <span class='ocrx_word' id='word_1_416' title='bbox 1605 3818 1702 3889; x_wconf 80' lang='grc' dir='ltr'>τὴν</span> <span class='ocrx_word' id='word_1_417' title='bbox 1735 3821 1868 3888; x_wconf 76' lang='grc' dir='ltr'>μνή-</span> 
     </span>
    </p>
   </div>
   <div class='ocr_carea' id='block_1_70' title="bbox 290 3903 1861 3980">
    <p class='ocr_par' dir='ltr' id='par_1_70' title="bbox 290 3903 1861 3980">
     <span class='ocr_line' id='line_1_70' title="bbox 290 3903 1861 3980; baseline 0.006 -27"><span class='ocrx_word' id='word_1_418' title='bbox 290 3919 396 3972; x_wconf 82' lang='grc' dir='ltr'>μην</span> <span class='ocrx_word' id='word_1_419' title='bbox 416 3921 429 3934; x_wconf 87' lang='grc'><strong>·</strong></span> <span class='ocrx_word' id='word_1_420' title='bbox 459 3903 725 3974; x_wconf 84' lang='grc' dir='ltr'>ᾠκοδόμει</span> <span class='ocrx_word' id='word_1_421' title='bbox 752 3906 796 3958; x_wconf 83' lang='grc' dir='ltr'>δ’</span> <span class='ocrx_word' id='word_1_422' title='bbox 819 3908 926 3979; x_wconf 83' lang='grc' dir='ltr'>ἄρα</span> <span class='ocrx_word' id='word_1_423' title='bbox 951 3909 1043 3961; x_wconf 75' lang='grc' dir='ltr'><strong>καὶ</strong></span> <span class='ocrx_word' id='word_1_424' title='bbox 1067 3907 1191 3962; x_wconf 82' lang='grc' dir='ltr'>ἄλλο</span> <span class='ocrx_word' id='word_1_425' title='bbox 1220 3926 1272 3962; x_wconf 88' lang='grc' dir='ltr'><strong>τι</strong></span> <span class='ocrx_word' id='word_1_426' title='bbox 1300 3911 1364 3979; x_wconf 78' lang='grc' dir='ltr'>τῇ</span> <span class='ocrx_word' id='word_1_427' title='bbox 1390 3909 1596 3980; x_wconf 75' lang='grc' dir='ltr'>διανοίᾳ</span> <span class='ocrx_word' id='word_1_428' title='bbox 1623 3910 1861 3975; x_wconf 81' lang='grc' dir='ltr'>σκοπῶν,</span> 
     </span>
    </p>
   </div>
   <div class='ocr_carea' id='block_1_71' title="bbox 286 3993 1864 4072">
    <p class='ocr_par' dir='ltr' id='par_1_71' title="bbox 286 3993 1864 4072">
     <span class='ocr_line' id='line_1_71' title="bbox 286 3993 1864 4072; baseline 0.006 -25"><span class='ocrx_word' id='word_1_429' title='bbox 286 3993 315 4047; x_wconf 83' lang='grc' dir='ltr'><strong>ὃ</strong></span> <span class='ocrx_word' id='word_1_430' title='bbox 345 3993 408 4065; x_wconf 83' lang='grc' dir='ltr'>δὴ</span> <span class='ocrx_word' id='word_1_431' title='bbox 442 3993 702 4048; x_wconf 83' lang='grc' dir='ltr'>λανθάνον</span> <span class='ocrx_word' id='word_1_432' title='bbox 740 3997 1032 4068; x_wconf 83' lang='grc' dir='ltr'>ταπρῶτα,</span> <span class='ocrx_word' id='word_1_433' title='bbox 1080 3998 1403 4071; x_wconf 76' lang='grc' dir='ltr'>κατάφωρον</span> <span class='ocrx_word' id='word_1_434' title='bbox 1452 4000 1588 4071; x_wconf 73' lang='grc' dir='ltr'>πρὸς</span> <span class='ocrx_word' id='word_1_435' title='bbox 1618 4001 1696 4072; x_wconf 80' lang='grc' dir='ltr'>τῷ</span> <span class='ocrx_word' id='word_1_436' title='bbox 1724 4003 1864 4056; x_wconf 89' lang='grc' dir='ltr'>τέλει</span> 
     </span>
    </p>
   </div>
   <div class='ocr_carea' id='block_1_72' title="bbox 285 4086 1864 4161">
    <p class='ocr_par' dir='ltr' id='par_1_72' title="bbox 285 4086 1864 4161">
     <span class='ocr_line' id='line_1_72' title="bbox 285 4086 1864 4161; baseline 0.009 -27"><span class='ocrx_word' id='word_1_437' title='bbox 285 4086 396 4147; x_wconf 83' lang='grc' dir='ltr'><strong>τοῖς</strong></span> <span class='ocrx_word' id='word_1_438' title='bbox 442 4086 604 4137; x_wconf 75' lang='grc' dir='ltr'>πᾶσιν</span> <span class='ocrx_word' id='word_1_439' title='bbox 654 4086 914 4154; x_wconf 80' lang='grc' dir='ltr'>ἐγίγνετο.</span> <span class='ocrx_word' id='word_1_440' title='bbox 964 4089 1134 4151; x_wconf 78' lang='grc' dir='ltr'>Αὐτὸς</span> <span class='ocrx_word' id='word_1_441' title='bbox 1180 4090 1310 4157; x_wconf 77' lang='grc' dir='ltr'>γοῦν</span> <span class='ocrx_word' id='word_1_442' title='bbox 1353 4090 1500 4161; x_wconf 76' lang='grc' dir='ltr'><strong>αὑτῷ</strong></span> <span class='ocrx_word' id='word_1_443' title='bbox 1550 4095 1630 4156; x_wconf 84' lang='grc' dir='ltr'>είς</span> <span class='ocrx_word' id='word_1_444' title='bbox 1676 4094 1864 4150; x_wconf 87' lang='grc' dir='ltr'>δέοντα</span> 
     </span>
    </p>
   </div>
   <div class='ocr_carea' id='block_1_73' title="bbox 289 4175 1862 4255">
    <p class='ocr_par' dir='ltr' id='par_1_73' title="bbox 289 4175 1862 4255">
     <span class='ocr_line' id='line_1_73' title="bbox 289 4175 1862 4255; baseline 0.009 -29"><span class='ocrx_word' id='word_1_445' title='bbox 289 4175 477 4246; x_wconf 86' lang='grc' dir='ltr'>καιρὸν</span> <span class='ocrx_word' id='word_1_446' title='bbox 509 4177 605 4255; x_wconf 75' lang='grc' dir='ltr'><strong>τῆς</strong></span> <span class='ocrx_word' id='word_1_447' title='bbox 643 4177 806 4230; x_wconf 81' lang='grc' dir='ltr'>αὑτοῦ</span> <span class='ocrx_word' id='word_1_448' title='bbox 841 4179 1118 4250; x_wconf 79' lang='grc' dir='ltr'>τελευτῆς,</span> <span class='ocrx_word' id='word_1_449' title='bbox 1151 4182 1238 4234; x_wconf 76' lang='grc' dir='ltr'><strong>τὸν</strong></span> <span class='ocrx_word' id='word_1_450' title='bbox 1273 4184 1517 4237; x_wconf 84' lang='grc' dir='ltr'>ἐνταυοοῖ</span> <span class='ocrx_word' id='word_1_451' title='bbox 1546 4186 1707 4238; x_wconf 86' lang='grc' dir='ltr'>τόπον</span> <span class='ocrx_word' id='word_1_452' title='bbox 1737 4189 1862 4240; x_wconf 86' lang='grc' dir='ltr'>ἐτα-</span> 
     </span>
    </p>
   </div>
   <div class='ocr_carea' id='block_1_74' title="bbox 287 4265 1861 4351">
    <p class='ocr_par' dir='ltr' id='par_1_74' title="bbox 287 4265 1861 4351">
     <span class='ocr_line' id='line_1_74' title="bbox 287 4265 1861 4351; baseline 0.009 -34"><span class='ocrx_word' id='word_1_453' title='bbox 287 4265 519 4336; x_wconf 76' lang='grc' dir='ltr'>μιεύετο·</span> <span class='ocrx_word' id='word_1_454' title='bbox 544 4267 641 4337; x_wconf 78' lang='grc' dir='ltr'>τῆς</span> <span class='ocrx_word' id='word_1_455' title='bbox 657 4268 764 4322; x_wconf 90' lang='grc' dir='ltr'><strong>τῶν</strong></span> <span class='ocrx_word' id='word_1_456' title='bbox 780 4270 1087 4324; x_wconf 83' lang='grc' dir='ltr'>ἀποστόλων</span> <span class='ocrx_word' id='word_1_457' title='bbox 1111 4276 1464 4346; x_wconf 80' lang='grc' dir='ltr'>προσρήσεως</span> <span class='ocrx_word' id='word_1_458' title='bbox 1488 4278 1737 4331; x_wconf 83' lang='grc' dir='ltr'>κοινωνὸν</span> <span class='ocrx_word' id='word_1_459' title='bbox 1753 4279 1861 4351; x_wconf 72' lang='grc'>(47)</span> 
     </span>
    </p>
   </div>
   <div class='ocr_carea' id='block_1_75' title="bbox 355 4378 1862 4456">
    <p class='ocr_par' dir='ltr' id='par_1_75' title="bbox 355 4378 1862 4456">
     <span class='ocr_line' id='line_1_75' title="bbox 355 4378 1862 4456; baseline 0.007 -25"><span class='ocrx_word' id='word_1_460' title='bbox 355 4378 466 4456; x_wconf 67' lang='grc'>(45)</span> <span class='ocrx_word' id='word_1_461' title='bbox 511 4380 754 4456; x_wconf 37' lang='grc' dir='ltr'>Φιλικ-ᾀς</span> <span class='ocrx_word' id='word_1_462' title='bbox 802 4380 1004 4456; x_wconf 69' lang='grc' dir='ltr'>δεξιὰς</span> <span class='ocrx_word' id='word_1_463' title='bbox 1033 4386 1370 4456; x_wconf 20' lang='grc' dir='ltr'>*προθύμως</span> <span class='ocrx_word' id='word_1_464' title='bbox 1428 4385 1550 4439; x_wconf 80' lang='grc' dir='ltr'>σὺν</span> <span class='ocrx_word' id='word_1_465' title='bbox 1609 4387 1862 4456; x_wconf 78' lang='grc' dir='ltr'>ἐκείνοις</span> 
     </span>
    </p>
   </div>
   <div class='ocr_carea' id='block_1_76' title="bbox 283 4447 1855 4524">
    <p class='ocr_par' dir='ltr' id='par_1_76' title="bbox 283 4447 1855 4524">
     <span class='ocr_line' id='line_1_76' title="bbox 283 4447 1855 4524; baseline 0.005 -22"><span class='ocrx_word' id='word_1_466' title='bbox 283 4447 643 4524; x_wconf 28' lang='grc' dir='ltr'>ἐσπείσατο.-</span> <span class='ocrx_word' id='word_1_467' title='bbox 673 4451 890 4524; x_wconf 71' lang='lat' dir='ltr'><strong>Notabis</strong></span> <span class='ocrx_word' id='word_1_468' title='bbox 920 4452 1007 4505; x_wconf 80' lang='lat' dir='ltr'><strong>hic</strong></span> <span class='ocrx_word' id='word_1_469' title='bbox 1032 4447 1449 4519; x_wconf 33' lang='lat' dir='ltr'><strong>barbarismi—nn,</strong></span> <span class='ocrx_word' id='word_1_470' title='bbox 1485 4471 1590 4510; x_wconf 90' lang='lat' dir='ltr'><strong>nou</strong></span> <span class='ocrx_word' id='word_1_471' title='bbox 1617 4447 1855 4524; x_wconf 60' lang='lat' dir='ltr'><strong>Eusebii;</strong></span> 
     </span>
    </p>
   </div>
   <div class='ocr_carea' id='block_1_77' title="bbox 286 4519 1927 4596">
    <p class='ocr_par' dir='ltr' id='par_1_77' title="bbox 286 4519 1927 4596">
     <span class='ocr_line' id='line_1_77' title="bbox 286 4519 1927 4596; baseline 0.005 -23"><span class='ocrx_word' id='word_1_472' title='bbox 286 4521 380 4573; x_wconf 89' lang='lat' dir='ltr'><strong>sed</strong></span> <span class='ocrx_word' id='word_1_473' title='bbox 412 4519 527 4596; x_wconf 59' lang='lat' dir='ltr'><strong>ejus</strong></span> <span class='ocrx_word' id='word_1_474' title='bbox 557 4521 644 4596; x_wconf 86' lang='lat' dir='ltr'><strong>qui</strong></span> <span class='ocrx_word' id='word_1_475' title='bbox 687 4523 786 4596; x_wconf 85' lang='lat' dir='ltr'><strong>hoc</strong></span> <span class='ocrx_word' id='word_1_476' title='bbox 820 4530 981 4596; x_wconf 78' lang='lat' dir='ltr'><strong>caput</strong></span> <span class='ocrx_word' id='word_1_477' title='bbox 1003 4525 1308 4596; x_wconf 55' lang='lat' dir='ltr'><strong>supplerit.</strong></span> <span class='ocrx_word' id='word_1_478' title='bbox 1367 4525 1664 4581; x_wconf 83' lang='lat' dir='ltr'><strong>Dicendum</strong></span> <span class='ocrx_word' id='word_1_479' title='bbox 1706 4519 1852 4582; x_wconf 81' lang='lat' dir='ltr'><strong>enim</strong></span> <span class='ocrx_word' id='word_1_480' title='bbox 1885 4543 1927 4596; x_wconf 84' lang='grc' dir='ltr'><strong>ι)</strong></span> 
     </span>
    </p>
   </div>
   <div class='ocr_carea' id='block_1_78' title="bbox 280 4589 1850 4666">
    <p class='ocr_par' dir='ltr' id='par_1_78' title="bbox 280 4589 1850 4666">
     <span class='ocr_line' id='line_1_78' title="bbox 280 4589 1850 4666; baseline 0.005 -23"><span class='ocrx_word' id='word_1_481' title='bbox 280 4599 398 4666; x_wconf 68' lang='lat' dir='ltr'><strong>erat</strong></span> <span class='ocrx_word' id='word_1_482' title='bbox 435 4589 570 4661; x_wconf 76' lang='grc' dir='ltr'>πρὸς</span> <span class='ocrx_word' id='word_1_483' title='bbox 594 4591 836 4666; x_wconf 61' lang='grc' dir='ltr'>ἐκείνους</span> <span class='ocrx_word' id='word_1_484' title='bbox 853 4589 1168 4666; x_wconf 82' lang='grc' dir='ltr'>ἐσπείσατο.</span> <span class='ocrx_word' id='word_1_485' title='bbox 1207 4594 1309 4648; x_wconf 88' lang='lat' dir='ltr'><strong>Sed</strong></span> <span class='ocrx_word' id='word_1_486' title='bbox 1340 4613 1512 4666; x_wconf 83' lang='lat' dir='ltr'><strong>neque</strong></span> <span class='ocrx_word' id='word_1_487' title='bbox 1541 4597 1641 4650; x_wconf 88' lang='lat' dir='ltr'><strong>hoc</strong></span> <span class='ocrx_word' id='word_1_488' title='bbox 1667 4600 1850 4653; x_wconf 80' lang='lat' dir='ltr'><strong>verisi-</strong></span> 
     </span>
    </p>
   </div>
   <div class='ocr_carea' id='block_1_79' title="bbox 281 4659 1848 4734">
    <p class='ocr_par' dir='ltr' id='par_1_79' title="bbox 281 4659 1848 4734">
     <span class='ocr_line' id='line_1_79' title="bbox 281 4659 1848 4734; baseline 0.006 -21"><span class='ocrx_word' id='word_1_489' title='bbox 281 4659 412 4734; x_wconf 81' lang='lat' dir='ltr'><strong>mile</strong></span> <span class='ocrx_word' id='word_1_490' title='bbox 441 4659 542 4724; x_wconf 80' lang='lat' dir='ltr'><strong>est,</strong></span> <span class='ocrx_word' id='word_1_491' title='bbox 564 4660 997 4734; x_wconf 65' lang='lat' dir='ltr'><strong>Constantinum</strong></span> <span class='ocrx_word' id='word_1_492' title='bbox 1033 4666 1124 4732; x_wconf 91' lang='lat' dir='ltr'><strong>qui</strong></span> <span class='ocrx_word' id='word_1_493' title='bbox 1148 4680 1337 4719; x_wconf 81' lang='lat' dir='ltr'><strong>onmes</strong></span> <span class='ocrx_word' id='word_1_494' title='bbox 1371 4659 1576 4734; x_wconf 74' lang='lat' dir='ltr'><strong>imperii</strong></span> <span class='ocrx_word' id='word_1_495' title='bbox 1622 4667 1848 4722; x_wconf 75' lang='lat' dir='ltr'><strong>Romani</strong></span> 
     </span>
    </p>
   </div>
   <div class='ocr_carea' id='block_1_80' title="bbox 279 4731 1848 4805">
    <p class='ocr_par' dir='ltr' id='par_1_80' title="bbox 279 4731 1848 4805">
     <span class='ocr_line' id='line_1_80' title="bbox 279 4731 1848 4805; baseline 0.007 -23"><span class='ocrx_word' id='word_1_496' title='bbox 279 4731 774 4805; x_wconf 26' lang='lat' dir='ltr'><strong>copiasAadversus</strong></span> <span class='ocrx_word' id='word_1_497' title='bbox 807 4732 1003 4805; x_wconf 86' lang='lat' dir='ltr'><strong>Persas</strong></span> <span class='ocrx_word' id='word_1_498' title='bbox 1052 4731 1457 4799; x_wconf 42' lang='lat' dir='ltr'><strong>commovi-rat;</strong></span> <span class='ocrx_word' id='word_1_499' title='bbox 1498 4753 1682 4805; x_wconf 87' lang='lat' dir='ltr'><strong>pacem</strong></span> <span class='ocrx_word' id='word_1_500' title='bbox 1726 4755 1848 4793; x_wconf 81' lang='lat' dir='ltr'><strong>cum</strong></span> 
     </span>
    </p>
   </div>
   <div class='ocr_carea' id='block_1_81' title="bbox 279 4800 1850 4864">
    <p class='ocr_par' dir='ltr' id='par_1_81' title="bbox 279 4800 1850 4864">
     <span class='ocr_line' id='line_1_81' title="bbox 279 4800 1850 4864; baseline 0.006 -10"><span class='ocrx_word' id='word_1_501' title='bbox 279 4800 360 4854; x_wconf 86' lang='lat' dir='ltr'><strong>eis</strong></span> <span class='ocrx_word' id='word_1_502' title='bbox 397 4801 611 4855; x_wconf 83' lang='lat' dir='ltr'><strong>fecisse.</strong></span> <span class='ocrx_word' id='word_1_503' title='bbox 643 4803 990 4856; x_wconf 89' lang='lat' dir='ltr'><strong>Contrarium</strong></span> <span class='ocrx_word' id='word_1_504' title='bbox 1021 4815 1170 4860; x_wconf 89' lang='lat' dir='ltr'><strong>certe</strong></span> <span class='ocrx_word' id='word_1_505' title='bbox 1193 4805 1424 4859; x_wconf 76' lang='lat' dir='ltr'><strong>afﬁrmat</strong></span> <span class='ocrx_word' id='word_1_506' title='bbox 1454 4800 1620 4860; x_wconf 78' lang='lat' dir='ltr'><strong>Rufus</strong></span> <span class='ocrx_word' id='word_1_507' title='bbox 1656 4808 1850 4864; x_wconf 81' lang='lat' dir='ltr'><strong>Festus</strong></span> 
     </span>
    </p>
   </div>
   <div class='ocr_carea' id='block_1_82' title="bbox 282 4869 1846 4946">
    <p class='ocr_par' dir='ltr' id='par_1_82' title="bbox 282 4869 1846 4946">
     <span class='ocr_line' id='line_1_82' title="bbox 282 4869 1846 4946; baseline 0.008 -25"><span class='ocrx_word' id='word_1_508' title='bbox 282 4869 619 4946; x_wconf 60' lang='lat' dir='ltr'><strong>cujusyerba</strong></span> <span class='ocrx_word' id='word_1_509' title='bbox 659 4873 912 4946; x_wconf 60' lang='lat' dir='ltr'><strong>superius</strong></span> <span class='ocrx_word' id='word_1_510' title='bbox 944 4875 1247 4941; x_wconf 80' lang='lat' dir='ltr'><strong>retulimus,</strong></span> <span class='ocrx_word' id='word_1_511' title='bbox 1276 4886 1330 4930; x_wconf 79' lang='lat' dir='ltr'><strong>et</strong></span> <span class='ocrx_word' id='word_1_512' title='bbox 1360 4876 1648 4944; x_wconf 83' lang='lat' dir='ltr'><strong>Eutropius</strong></span> <span class='ocrx_word' id='word_1_513' title='bbox 1679 4889 1846 4946; x_wconf 81' lang='lat' dir='ltr'><strong>atque</strong></span> 
     </span>
    </p>
   </div>
   <div class='ocr_carea' id='block_1_83' title="bbox 282 4939 1848 5014">
    <p class='ocr_par' dir='ltr' id='par_1_83' title="bbox 282 4939 1848 5014">
     <span class='ocr_line' id='line_1_83' title="bbox 282 4939 1848 5014; baseline 0.006 -20"><span class='ocrx_word' id='word_1_514' title='bbox 282 4939 763 5014; x_wconf 69' lang='lat' dir='ltr'><strong>AureliusYictor.</strong></span> <span class='ocrx_word' id='word_1_515' title='bbox 791 4941 1041 4998; x_wconf 86' lang='lat' dir='ltr'><strong>Socrates</strong></span> <span class='ocrx_word' id='word_1_516' title='bbox 1071 4939 1249 5001; x_wconf 85' lang='lat' dir='ltr'><strong>tamen</strong></span> <span class='ocrx_word' id='word_1_517' title='bbox 1282 4961 1466 5014; x_wconf 89' lang='lat' dir='ltr'><strong>pacem</strong></span> <span class='ocrx_word' id='word_1_518' title='bbox 1499 4939 1620 5001; x_wconf 85' lang='lat' dir='ltr'><strong>eum</strong></span> <span class='ocrx_word' id='word_1_519' title='bbox 1644 4939 1848 5013; x_wconf 81' lang='lat' dir='ltr'><strong>Persis,</strong></span> 
     </span>
    </p>
   </div>
   <div class='ocr_carea' id='block_1_84' title="bbox 283 5010 1458 5071">
    <p class='ocr_par' dir='ltr' id='par_1_84' title="bbox 283 5010 1458 5071">
     <span class='ocr_line' id='line_1_84' title="bbox 283 5010 1458 5071; baseline 0.007 -9"><span class='ocrx_word' id='word_1_520' title='bbox 283 5010 369 5064; x_wconf 81' lang='lat' dir='ltr'><strong>vel</strong></span> <span class='ocrx_word' id='word_1_521' title='bbox 400 5024 548 5066; x_wconf 91' lang='lat' dir='ltr'><strong>certe</strong></span> <span class='ocrx_word' id='word_1_522' title='bbox 576 5011 822 5067; x_wconf 83' lang='lat' dir='ltr'><strong>inducias</strong></span> <span class='ocrx_word' id='word_1_523' title='bbox 862 5014 1036 5067; x_wconf 83' lang='lat' dir='ltr'><strong>factas</strong></span> <span class='ocrx_word' id='word_1_524' title='bbox 1061 5017 1229 5070; x_wconf 82' lang='lat' dir='ltr'><strong>fuisse</strong></span> <span class='ocrx_word' id='word_1_525' title='bbox 1262 5010 1458 5071; x_wconf 80' lang='lat' dir='ltr'><strong>innuit.</strong></span> 
     </span>
    </p>
   </div>
   <div class='ocr_carea' id='block_1_85' title="bbox 353 5080 1846 5151">
    <p class='ocr_par' dir='ltr' id='par_1_85' title="bbox 353 5080 1846 5151">
     <span class='ocr_line' id='line_1_85' title="bbox 353 5080 1846 5151; baseline 0.005 -18"><span class='ocrx_word' id='word_1_526' title='bbox 353 5080 469 5151; x_wconf 72' lang='grc'>(44)</span> <span class='ocrx_word' id='word_1_527' title='bbox 507 5083 637 5136; x_wconf 77' lang='grc' dir='ltr'><strong>Ἐπὶ</strong></span> <span class='ocrx_word' id='word_1_528' title='bbox 684 5084 932 5148; x_wconf 86' lang='grc' dir='ltr'>τούτοις.</span> <span class='ocrx_word' id='word_1_529' title='bbox 967 5083 1098 5149; x_wconf 73' lang='lat' dir='ltr'><strong>Quis</strong></span> <span class='ocrx_word' id='word_1_530' title='bbox 1126 5101 1230 5140; x_wconf 92' lang='lat' dir='ltr'><strong>non</strong></span> <span class='ocrx_word' id='word_1_531' title='bbox 1261 5087 1407 5141; x_wconf 82' lang='lat' dir='ltr'><strong>videt</strong></span> <span class='ocrx_word' id='word_1_532' title='bbox 1432 5089 1545 5143; x_wconf 70' lang='lat' dir='ltr'><strong>haec</strong></span> <span class='ocrx_word' id='word_1_533' title='bbox 1573 5087 1642 5142; x_wconf 86' lang='lat' dir='ltr'><strong>ab</strong></span> <span class='ocrx_word' id='word_1_534' title='bbox 1672 5087 1846 5142; x_wconf 85' lang='lat' dir='ltr'><strong>aliena</strong></span> 
     </span>
    </p>
   </div>
   <div class='ocr_carea' id='block_1_86' title="bbox 283 5153 1846 5226">
    <p class='ocr_par' dir='ltr' id='par_1_86' title="bbox 283 5153 1846 5226">
     <span class='ocr_line' id='line_1_86' title="bbox 283 5153 1846 5226; baseline 0.006 -22"><span class='ocrx_word' id='word_1_535' title='bbox 283 5164 446 5226; x_wconf 81' lang='lat' dir='ltr'><strong>manu</strong></span> <span class='ocrx_word' id='word_1_536' title='bbox 471 5154 791 5226; x_wconf 81' lang='lat' dir='ltr'><strong>concinnata</strong></span> <span class='ocrx_word' id='word_1_537' title='bbox 843 5155 1004 5208; x_wconf 80' lang='lat' dir='ltr'><strong>esse?</strong></span> <span class='ocrx_word' id='word_1_538' title='bbox 1057 5153 1237 5226; x_wconf 76' lang='lat' dir='ltr'><strong>Neque</strong></span> <span class='ocrx_word' id='word_1_539' title='bbox 1265 5157 1407 5211; x_wconf 89' lang='lat' dir='ltr'><strong>enim</strong></span> <span class='ocrx_word' id='word_1_540' title='bbox 1435 5173 1556 5212; x_wconf 91' lang='lat' dir='ltr'><strong>cum</strong></span> <span class='ocrx_word' id='word_1_541' title='bbox 1600 5161 1846 5224; x_wconf 76' lang='lat' dir='ltr'><strong>sequenti</strong></span> 
     </span>
    </p>
   </div>
   <div class='ocr_carea' id='block_1_87' title="bbox 279 5221 1850 5292">
    <p class='ocr_par' dir='ltr' id='par_1_87' title="bbox 279 5221 1850 5292">
     <span class='ocr_line' id='line_1_87' title="bbox 279 5221 1850 5292; baseline 0.005 -18"><span class='ocrx_word' id='word_1_542' title='bbox 279 5221 459 5292; x_wconf 83' lang='lat' dir='ltr'><strong>capite</strong></span> <span class='ocrx_word' id='word_1_543' title='bbox 484 5222 592 5277; x_wconf 93' lang='lat' dir='ltr'><strong>ullo</strong></span> <span class='ocrx_word' id='word_1_544' title='bbox 637 5224 794 5276; x_wconf 89' lang='lat' dir='ltr'><strong>modo</strong></span> <span class='ocrx_word' id='word_1_545' title='bbox 841 5221 1194 5279; x_wconf 81' lang='lat' dir='ltr'><strong>conveniunt.</strong></span> <span class='ocrx_word' id='word_1_546' title='bbox 1240 5226 1294 5280; x_wconf 86' lang='lat' dir='ltr'><strong>In</strong></span> <span class='ocrx_word' id='word_1_547' title='bbox 1346 5227 1445 5282; x_wconf 91' lang='lat' dir='ltr'><strong>hoc</strong></span> <span class='ocrx_word' id='word_1_548' title='bbox 1486 5221 1850 5292; x_wconf 38' lang='lat' dir='ltr'><strong>capite—Com</strong></span> 
     </span>
    </p>
   </div>
   <div class='ocr_carea' id='block_1_88' title="bbox 270 5292 1850 5369">
    <p class='ocr_par' dir='ltr' id='par_1_88' title="bbox 270 5292 1850 5369">
     <span class='ocr_line' id='line_1_88' title="bbox 270 5292 1850 5369; baseline 0.005 -25"><span class='ocrx_word' id='word_1_549' title='bbox 270 5292 550 5369; x_wconf 68' lang='lat' dir='ltr'><strong>Stantinus</strong></span> <span class='ocrx_word' id='word_1_550' title='bbox 573 5292 1037 5369; x_wconf 69' lang='lat' dir='ltr'><strong>diciturcmpisse</strong></span> <span class='ocrx_word' id='word_1_551' title='bbox 1079 5297 1350 5352; x_wconf 71' lang='lat' dir='ltr'><strong>aedificare</strong></span> <span class='ocrx_word' id='word_1_552' title='bbox 1405 5292 1661 5369; x_wconf 82' lang='lat' dir='ltr'><strong>templum</strong></span> <span class='ocrx_word' id='word_1_553' title='bbox 1703 5302 1850 5369; x_wconf 76' lang='lat' dir='ltr'><strong>Apo-</strong></span> 
     </span>
    </p>
   </div>
   <div class='ocr_carea' id='block_1_89' title="bbox 281 5360 1846 5440">
    <p class='ocr_par' dir='ltr' id='par_1_89' title="bbox 281 5360 1846 5440">
     <span class='ocr_line' id='line_1_89' title="bbox 281 5360 1846 5440; baseline 0.007 -26"><span class='ocrx_word' id='word_1_554' title='bbox 281 5360 544 5440; x_wconf 74' lang='lat' dir='ltr'><strong>stolorum</strong></span> <span class='ocrx_word' id='word_1_555' title='bbox 577 5372 695 5440; x_wconf 79' lang='lat' dir='ltr'><strong>post</strong></span> <span class='ocrx_word' id='word_1_556' title='bbox 737 5360 1106 5440; x_wconf 72' lang='lat' dir='ltr'><strong>dies_Pasc_ha:</strong></span> <span class='ocrx_word' id='word_1_557' title='bbox 1158 5370 1282 5440; x_wconf 85' lang='lat' dir='ltr'><strong>anni</strong></span> <span class='ocrx_word' id='word_1_558' title='bbox 1315 5369 1440 5423; x_wconf 76' lang='lat'>337.</span> <span class='ocrx_word' id='word_1_559' title='bbox 1485 5360 1540 5424; x_wconf 78' lang='lat' dir='ltr'><strong>ln</strong></span> <span class='ocrx_word' id='word_1_560' title='bbox 1599 5360 1846 5440; x_wconf 78' lang='lat' dir='ltr'><strong>sequenti</strong></span> 
     </span>
    </p>
   </div>
   <div class='ocr_carea' id='block_1_90' title="bbox 281 5432 1844 5508">
    <p class='ocr_par' dir='ltr' id='par_1_90' title="bbox 281 5432 1844 5508">
     <span class='ocr_line' id='line_1_90' title="bbox 281 5432 1844 5508; baseline 0.008 -27"><span class='ocrx_word' id='word_1_561' title='bbox 281 5432 460 5486; x_wconf 77' lang='lat' dir='ltr'><strong>alitem</strong></span> <span class='ocrx_word' id='word_1_562' title='bbox 492 5432 691 5508; x_wconf 80' lang='lat' dir='ltr'><strong>capite,</strong></span> <span class='ocrx_word' id='word_1_563' title='bbox 725 5433 964 5508; x_wconf 64' lang='lat' dir='ltr'><strong>quodat)</strong></span> <span class='ocrx_word' id='word_1_564' title='bbox 1002 5436 1234 5492; x_wconf 86' lang='lat' dir='ltr'><strong>Eusebio</strong></span> <span class='ocrx_word' id='word_1_565' title='bbox 1270 5441 1528 5508; x_wconf 88' lang='lat' dir='ltr'><strong>scriptum</strong></span> <span class='ocrx_word' id='word_1_566' title='bbox 1563 5432 1844 5497; x_wconf 69' lang='lat' dir='ltr'><strong>essecon-</strong></span> 
     </span>
    </p>
   </div>
   <div class='ocr_carea' id='block_1_91' title="bbox 279 5503 1844 5581">
    <p class='ocr_par' dir='ltr' id='par_1_91' title="bbox 279 5503 1844 5581">
     <span class='ocr_line' id='line_1_91' title="bbox 279 5503 1844 5581; baseline 0.008 -27"><span class='ocrx_word' id='word_1_567' title='bbox 279 5510 407 5581; x_wconf 74' lang='lat' dir='ltr'><strong>stat,</strong></span> <span class='ocrx_word' id='word_1_568' title='bbox 443 5503 696 5581; x_wconf 62' lang='lat' dir='ltr'><strong>templum</strong></span> <span class='ocrx_word' id='word_1_569' title='bbox 724 5505 850 5558; x_wconf 91' lang='lat' dir='ltr'><strong>illud</strong></span> <span class='ocrx_word' id='word_1_570' title='bbox 867 5504 979 5574; x_wconf 88' lang='lat' dir='ltr'><strong>jam</strong></span> <span class='ocrx_word' id='word_1_571' title='bbox 998 5508 1307 5581; x_wconf 63' lang='lat' dir='ltr'><strong>absolutum</strong></span> <span class='ocrx_word' id='word_1_572' title='bbox 1339 5503 1596 5564; x_wconf 81' lang='lat' dir='ltr'><strong>cernitur.</strong></span> <span class='ocrx_word' id='word_1_573' title='bbox 1623 5513 1782 5581; x_wconf 81' lang='lat' dir='ltr'><strong>Atqui</strong></span> <span class='ocrx_word' id='word_1_574' title='bbox 1815 5529 1844 5566; x_wconf 90' lang='lat' dir='ltr'><strong>a</strong></span> 
     </span>
    </p>
   </div>
   <div class='ocr_carea' id='block_1_92' title="bbox 281 5572 1842 5650">
    <p class='ocr_par' dir='ltr' id='par_1_92' title="bbox 281 5572 1842 5650">
     <span class='ocr_line' id='line_1_92' title="bbox 281 5572 1842 5650; baseline 0.007 -25"><span class='ocrx_word' id='word_1_575' title='bbox 281 5572 468 5628; x_wconf 82' lang='lat' dir='ltr'><strong>diebus</strong></span> <span class='ocrx_word' id='word_1_576' title='bbox 486 5573 708 5650; x_wconf 76' lang='lat' dir='ltr'><strong>Pascha:</strong></span> <span class='ocrx_word' id='word_1_577' title='bbox 739 5572 910 5650; x_wconf 82' lang='lat' dir='ltr'><strong>usque</strong></span> <span class='ocrx_word' id='word_1_578' title='bbox 947 5577 1010 5629; x_wconf 88' lang='lat' dir='ltr'><strong>ad</strong></span> <span class='ocrx_word' id='word_1_579' title='bbox 1035 5575 1412 5650; x_wconf 73' lang='lat' dir='ltr'><strong>Pentecosten,</strong></span> <span class='ocrx_word' id='word_1_580' title='bbox 1440 5597 1545 5650; x_wconf 88' lang='lat' dir='ltr'><strong>qua</strong></span> <span class='ocrx_word' id='word_1_581' title='bbox 1578 5583 1666 5637; x_wconf 88' lang='lat' dir='ltr'><strong>die</strong></span> <span class='ocrx_word' id='word_1_582' title='bbox 1698 5572 1842 5636; x_wconf 78' lang='lat' dir='ltr'><strong>mor—</strong></span> 
     </span>
    </p>
   </div>
   <div class='ocr_carea' id='block_1_93' title="bbox 282 5645 1844 5721">
    <p class='ocr_par' dir='ltr' id='par_1_93' title="bbox 282 5645 1844 5721">
     <span class='ocr_line' id='line_1_93' title="bbox 282 5645 1844 5721; baseline 0.008 -28"><span class='ocrx_word' id='word_1_583' title='bbox 282 5651 408 5721; x_wconf 70' lang='lat' dir='ltr'><strong>tuus</strong></span> <span class='ocrx_word' id='word_1_584' title='bbox 442 5655 528 5697; x_wconf 89' lang='lat' dir='ltr'><strong>est</strong></span> <span class='ocrx_word' id='word_1_585' title='bbox 578 5645 1118 5721; x_wconf 25' lang='lat' dir='ltr'><strong>Constantinus,‘vix_</strong></span> <span class='ocrx_word' id='word_1_586' title='bbox 1153 5649 1346 5721; x_wconf 78' lang='lat' dir='ltr'><strong>hu_mus</strong></span> <span class='ocrx_word' id='word_1_587' title='bbox 1380 5645 1522 5719; x_wconf 78' lang='lat' dir='ltr'><strong>egeri</strong></span> <span class='ocrx_word' id='word_1_588' title='bbox 1571 5652 1740 5721; x_wconf 86' lang='lat' dir='ltr'><strong>potuit</strong></span> <span class='ocrx_word' id='word_1_589' title='bbox 1779 5655 1844 5705; x_wconf 88' lang='lat' dir='ltr'><strong>ad</strong></span> 
     </span>
    </p>
   </div>
   <div class='ocr_carea' id='block_1_94' title="bbox 280 5713 1840 5786">
    <p class='ocr_par' dir='ltr' id='par_1_94' title="bbox 280 5713 1840 5786">
     <span class='ocr_line' id='line_1_94' title="bbox 280 5713 1840 5786; baseline 0.007 -22"><span class='ocrx_word' id='word_1_590' title='bbox 280 5713 628 5768; x_wconf 80' lang='lat' dir='ltr'><strong>fundamenta</strong></span> <span class='ocrx_word' id='word_1_591' title='bbox 674 5715 857 5786; x_wconf 85' lang='lat' dir='ltr'><strong>templi</strong></span> <span class='ocrx_word' id='word_1_592' title='bbox 901 5715 1176 5784; x_wconf 86' lang='lat' dir='ltr'><strong>jacieuda.</strong></span> <span class='ocrx_word' id='word_1_593' title='bbox 1210 5713 1444 5774; x_wconf 72' lang='lat' dir='ltr'><strong>Proinde</strong></span> <span class='ocrx_word' id='word_1_594' title='bbox 1490 5713 1709 5777; x_wconf 72' lang='lat' dir='ltr'><strong>necesse</strong></span> <span class='ocrx_word' id='word_1_595' title='bbox 1737 5734 1840 5786; x_wconf 86' lang='lat' dir='ltr'><strong>est,</strong></span> 
     </span>
    </p>
   </div>
   <div class='ocr_carea' id='block_1_95' title="bbox 281 5785 1838 5860">
    <p class='ocr_par' dir='ltr' id='par_1_95' title="bbox 281 5785 1838 5860">
     <span class='ocr_line' id='line_1_95' title="bbox 281 5785 1838 5860; baseline 0.008 -25"><span class='ocrx_word' id='word_1_596' title='bbox 281 5793 342 5860; x_wconf 65' lang='lat' dir='ltr'><strong>ut</strong></span> <span class='ocrx_word' id='word_1_597' title='bbox 369 5785 776 5860; x_wconf 65' lang='lat' dir='ltr'><strong>tetnplumillutl</strong></span> <span class='ocrx_word' id='word_1_598' title='bbox 800 5786 1070 5860; x_wconf 41' lang='grc' dir='ltr'><strong>Διιίιι-ιιιιιο</strong></span> <span class='ocrx_word' id='word_1_599' title='bbox 1105 5797 1336 5860; x_wconf 78' lang='lat' dir='ltr'><strong>coeptum</strong></span> <span class='ocrx_word' id='word_1_600' title='bbox 1370 5791 1530 5847; x_wconf 88' lang='lat' dir='ltr'><strong>fuerit</strong></span> <span class='ocrx_word' id='word_1_601' title='bbox 1562 5785 1838 5848; x_wconf 63' lang='lat' dir='ltr'><strong>aedificari.</strong></span> 
     </span>
    </p>
   </div>
   <div class='ocr_carea' id='block_1_96' title="bbox 288 5851 1063 5927">
    <p class='ocr_par' dir='ltr' id='par_1_96' title="bbox 288 5851 1063 5927">
     <span class='ocr_line' id='line_1_96' title="bbox 288 5851 1063 5927; baseline 0.003 -16"><span class='ocrx_word' id='word_1_602' title='bbox 288 5851 415 5911; x_wconf 77' lang='lat' dir='ltr'><strong>Vide</strong></span> <span class='ocrx_word' id='word_1_603' title='bbox 445 5851 605 5926; x_wconf 82' lang='lat' dir='ltr'><strong>caput</strong></span> <span class='ocrx_word' id='word_1_604' title='bbox 635 5856 702 5910; x_wconf 82' lang='grc'><strong>56</strong></span> <span class='ocrx_word' id='word_1_605' title='bbox 724 5855 882 5927; x_wconf 86' lang='lat' dir='ltr'><strong>hujus</strong></span> <span class='ocrx_word' id='word_1_606' title='bbox 915 5857 1063 5914; x_wconf 86' lang='lat' dir='ltr'><strong>libri.</strong></span> 
     </span>
    </p>
   </div>
   <div class='ocr_carea' id='block_1_97' title="bbox 1967 3283 3548 3353">
    <p class='ocr_par' dir='ltr' id='par_1_97' title="bbox 1967 3283 3548 3353">
     <span class='ocr_line' id='line_1_97' title="bbox 1967 3283 3548 3353; baseline 0.003 -20"><span class='ocrx_word' id='word_1_607' title='bbox 1967 3286 2031 3333; x_wconf 90' lang='lat' dir='ltr'><strong>ad</strong></span> <span class='ocrx_word' id='word_1_608' title='bbox 2065 3297 2215 3334; x_wconf 85' lang='lat' dir='ltr'><strong>usum</strong></span> <span class='ocrx_word' id='word_1_609' title='bbox 2244 3297 2429 3336; x_wconf 89' lang='lat' dir='ltr'><strong>eorum</strong></span> <span class='ocrx_word' id='word_1_610' title='bbox 2464 3285 2554 3353; x_wconf 90' lang='lat' dir='ltr'><strong>qui</strong></span> <span class='ocrx_word' id='word_1_611' title='bbox 2589 3283 2768 3337; x_wconf 89' lang='lat' dir='ltr'><strong>locum</strong></span> <span class='ocrx_word' id='word_1_612' title='bbox 2795 3283 3198 3349; x_wconf 88' lang='lat' dir='ltr'><strong>custodiebant,</strong></span> <span class='ocrx_word' id='word_1_613' title='bbox 3247 3283 3548 3352; x_wconf 70' lang='lat' dir='ltr'><strong>portimbus</strong></span> 
     </span>
    </p>
   </div>
   <div class='ocr_carea' id='block_1_98' title="bbox 1970 3375 3218 3444">
    <p class='ocr_par' dir='ltr' id='par_1_98' title="bbox 1970 3375 3218 3444">
     <span class='ocr_line' id='line_1_98' title="bbox 1970 3375 3218 3444; baseline 0.002 -18"><span class='ocrx_word' id='word_1_614' title='bbox 1970 3375 2248 3441; x_wconf 76' lang='lat' dir='ltr'><strong>applicita,</strong></span> <span class='ocrx_word' id='word_1_615' title='bbox 2281 3390 2468 3427; x_wconf 88' lang='lat' dir='ltr'><strong>earum</strong></span> <span class='ocrx_word' id='word_1_616' title='bbox 2493 3375 2881 3443; x_wconf 73' lang='lat' dir='ltr'><strong>longitudinem</strong></span> <span class='ocrx_word' id='word_1_617' title='bbox 2911 3375 3218 3444; x_wconf 64' lang='lat' dir='ltr'><strong>mquabaut.</strong></span> 
     </span>
    </p>
   </div>
   <div class='ocr_carea' id='block_1_99' title="bbox 2567 3465 2946 3520">
    <p class='ocr_par' dir='ltr' id='par_1_99' title="bbox 2567 3465 2946 3520">
     <span class='ocr_line' id='line_1_99' title="bbox 2567 3465 2946 3520; baseline -0.003 -1"><span class='ocrx_word' id='word_1_618' title='bbox 2567 3465 2793 3520; x_wconf 74' lang='lat' dir='ltr'><strong>CAPUT</strong></span> <span class='ocrx_word' id='word_1_619' title='bbox 2834 3465 2946 3519; x_wconf 79' lang='lat' dir='ltr'><strong>LX.</strong></span> 
     </span>
    </p>
   </div>
   <div class='ocr_carea' id='block_1_100' title="bbox 1968 3554 3538 3628">
    <p class='ocr_par' dir='ltr' id='par_1_100' title="bbox 1968 3554 3538 3628">
     <span class='ocr_line' id='line_1_100' title="bbox 1968 3554 3538 3628; baseline 0.004 -19"><span class='ocrx_word' id='word_1_620' title='bbox 1968 3554 2120 3620; x_wconf 83' lang='lat' dir='ltr'><strong>Quod</strong></span> <span class='ocrx_word' id='word_1_621' title='bbox 2145 3557 2301 3610; x_wconf 86' lang='lat' dir='ltr'><strong>etiam</strong></span> <span class='ocrx_word' id='word_1_622' title='bbox 2330 3557 2382 3610; x_wconf 87' lang='lat' dir='ltr'><strong>in</strong></span> <span class='ocrx_word' id='word_1_623' title='bbox 2409 3573 2466 3610; x_wconf 89' lang='lat' dir='ltr'><strong>eo</strong></span> <span class='ocrx_word' id='word_1_624' title='bbox 2502 3558 2689 3626; x_wconf 85' lang='lat' dir='ltr'><strong>templo</strong></span> <span class='ocrx_word' id='word_1_625' title='bbox 2743 3557 3037 3628; x_wconf 80' lang='lat' dir='ltr'><strong>sepulcrum</strong></span> <span class='ocrx_word' id='word_1_626' title='bbox 3079 3558 3182 3612; x_wconf 83' lang='lat' dir='ltr'><strong>sibi</strong></span> <span class='ocrx_word' id='word_1_627' title='bbox 3236 3559 3538 3628; x_wconf 74' lang='lat' dir='ltr'><strong>wdiﬁcavit.</strong></span> 
     </span>
    </p>
   </div>
   <div class='ocr_carea' id='block_1_101' title="bbox 2036 3714 3543 3786">
    <p class='ocr_par' dir='ltr' id='par_1_101' title="bbox 2036 3714 3543 3786">
     <span class='ocr_line' id='line_1_101' title="bbox 2036 3714 3543 3786; baseline 0.001 -18"><span class='ocrx_word' id='word_1_628' title='bbox 2036 3714 2160 3768; x_wconf 71' lang='lat' dir='ltr'><strong>llrec</strong></span> <span class='ocrx_word' id='word_1_629' title='bbox 2207 3716 2388 3768; x_wconf 90' lang='lat' dir='ltr'><strong>omnia</strong></span> <span class='ocrx_word' id='word_1_630' title='bbox 2440 3715 2710 3770; x_wconf 85' lang='lat' dir='ltr'><strong>dedicavit</strong></span> <span class='ocrx_word' id='word_1_631' title='bbox 2764 3716 3063 3784; x_wconf 87' lang='lat' dir='ltr'><strong>imperator</strong></span> <span class='ocrx_word' id='word_1_632' title='bbox 3095 3732 3158 3771; x_wconf 90' lang='lat' dir='ltr'><strong>eo</strong></span> <span class='ocrx_word' id='word_1_633' title='bbox 3197 3717 3448 3786; x_wconf 89' lang='lat' dir='ltr'><strong>consilio,</strong></span> <span class='ocrx_word' id='word_1_634' title='bbox 3487 3727 3543 3770; x_wconf 90' lang='lat' dir='ltr'><strong>ut</strong></span> 
     </span>
    </p>
   </div>
   <div class='ocr_carea' id='block_1_102' title="bbox 1966 3806 3542 3876">
    <p class='ocr_par' dir='ltr' id='par_1_102' title="bbox 1966 3806 3542 3876">
     <span class='ocr_line' id='line_1_102' title="bbox 1966 3806 3542 3876; baseline 0.004 -19"><span class='ocrx_word' id='word_1_635' title='bbox 1966 3806 2332 3875; x_wconf 83' lang='lat' dir='ltr'><strong>apostolorum</strong></span> <span class='ocrx_word' id='word_1_636' title='bbox 2383 3807 2697 3861; x_wconf 78' lang='lat' dir='ltr'><strong>Servatoris</strong></span> <span class='ocrx_word' id='word_1_637' title='bbox 2730 3808 2901 3861; x_wconf 90' lang='lat' dir='ltr'><strong>nostri</strong></span> <span class='ocrx_word' id='word_1_638' title='bbox 2958 3809 3275 3862; x_wconf 89' lang='lat' dir='ltr'><strong>memoriam</strong></span> <span class='ocrx_word' id='word_1_639' title='bbox 3310 3811 3542 3876; x_wconf 87' lang='lat' dir='ltr'><strong>posteris</strong></span> 
     </span>
    </p>
   </div>
   <div class='ocr_carea' id='block_1_103' title="bbox 1968 3897 3539 3972">
    <p class='ocr_par' dir='ltr' id='par_1_103' title="bbox 1968 3897 3539 3972">
     <span class='ocr_line' id='line_1_103' title="bbox 1968 3897 3539 3972; baseline 0.003 -22"><span class='ocrx_word' id='word_1_640' title='bbox 1968 3898 2018 3950; x_wconf 94' lang='lat' dir='ltr'><strong>in</strong></span> <span class='ocrx_word' id='word_1_641' title='bbox 2055 3908 2370 3966; x_wconf 87' lang='lat' dir='ltr'><strong>perpetuum</strong></span> <span class='ocrx_word' id='word_1_642' title='bbox 2400 3901 2831 3953; x_wconf 82' lang='lat' dir='ltr'><strong>commendaret.</strong></span> <span class='ocrx_word' id='word_1_643' title='bbox 2861 3897 2965 3952; x_wconf 83' lang='lat' dir='ltr'><strong>Sed</strong></span> <span class='ocrx_word' id='word_1_644' title='bbox 2995 3911 3052 3953; x_wconf 87' lang='lat' dir='ltr'><strong>et</strong></span> <span class='ocrx_word' id='word_1_645' title='bbox 3090 3900 3235 3954; x_wconf 91' lang='lat' dir='ltr'><strong>aliud</strong></span> <span class='ocrx_word' id='word_1_646' title='bbox 3266 3903 3539 3972; x_wconf 83' lang='lat' dir='ltr'><strong>quidpiam</strong></span> 
     </span>
    </p>
   </div>
   <div class='ocr_carea' id='block_1_104' title="bbox 1967 3988 3540 4062">
    <p class='ocr_par' dir='ltr' id='par_1_104' title="bbox 1967 3988 3540 4062">
     <span class='ocr_line' id='line_1_104' title="bbox 1967 3988 3540 4062; baseline 0.003 -21"><span class='ocrx_word' id='word_1_647' title='bbox 1967 3989 2019 4042; x_wconf 89' lang='lat' dir='ltr'><strong>in</strong></span> <span class='ocrx_word' id='word_1_648' title='bbox 2073 3998 2254 4043; x_wconf 91' lang='lat' dir='ltr'><strong>mente</strong></span> <span class='ocrx_word' id='word_1_649' title='bbox 2310 3990 2537 4054; x_wconf 84' lang='lat' dir='ltr'><strong>habens,</strong></span> <span class='ocrx_word' id='word_1_650' title='bbox 2574 3990 2743 4043; x_wconf 72' lang='lat' dir='ltr'><strong>azdem</strong></span> <span class='ocrx_word' id='word_1_651' title='bbox 2807 3988 2952 4042; x_wconf 90' lang='lat' dir='ltr'><strong>illam</strong></span> <span class='ocrx_word' id='word_1_652' title='bbox 2991 3993 3346 4047; x_wconf 80' lang='lat' dir='ltr'><strong>construxit:</strong></span> <span class='ocrx_word' id='word_1_653' title='bbox 3398 3995 3540 4062; x_wconf 83' lang='lat' dir='ltr'><strong>quod</strong></span> 
     </span>
    </p>
   </div>
   <div class='ocr_carea' id='block_1_105' title="bbox 1967 4078 3542 4148">
    <p class='ocr_par' dir='ltr' id='par_1_105' title="bbox 1967 4078 3542 4148">
     <span class='ocr_line' id='line_1_105' title="bbox 1967 4078 3542 4148; baseline 0.004 -18"><span class='ocrx_word' id='word_1_654' title='bbox 1967 4078 2120 4133; x_wconf 91' lang='lat' dir='ltr'><strong>initio</strong></span> <span class='ocrx_word' id='word_1_655' title='bbox 2144 4080 2362 4148; x_wconf 89' lang='lat' dir='ltr'><strong>quidem</strong></span> <span class='ocrx_word' id='word_1_656' title='bbox 2387 4083 2702 4144; x_wconf 85' lang='lat' dir='ltr'><strong>obscurum,</strong></span> <span class='ocrx_word' id='word_1_657' title='bbox 2744 4080 2960 4132; x_wconf 88' lang='lat' dir='ltr'><strong>tandem</strong></span> <span class='ocrx_word' id='word_1_658' title='bbox 2996 4095 3122 4134; x_wconf 85' lang='lat' dir='ltr'><strong>vero</strong></span> <span class='ocrx_word' id='word_1_659' title='bbox 3152 4082 3404 4135; x_wconf 81' lang='lat' dir='ltr'><strong>omnibus</strong></span> <span class='ocrx_word' id='word_1_660' title='bbox 3441 4084 3542 4138; x_wconf 88' lang='lat' dir='ltr'><strong>sub</strong></span> 
     </span>
    </p>
   </div>
   <div class='ocr_carea' id='block_1_106' title="bbox 1965 4171 3540 4244">
    <p class='ocr_par' dir='ltr' id='par_1_106' title="bbox 1965 4171 3540 4244">
     <span class='ocr_line' id='line_1_106' title="bbox 1965 4171 3540 4244; baseline 0.003 -21"><span class='ocrx_word' id='word_1_661' title='bbox 1965 4171 2124 4224; x_wconf 87' lang='lat' dir='ltr'><strong>linem</strong></span> <span class='ocrx_word' id='word_1_662' title='bbox 2157 4171 2413 4225; x_wconf 91' lang='lat' dir='ltr'><strong>innotuit.</strong></span> <span class='ocrx_word' id='word_1_663' title='bbox 2454 4172 2664 4241; x_wconf 83' lang='lat' dir='ltr'><strong>Quippe</strong></span> <span class='ocrx_word' id='word_1_664' title='bbox 2693 4172 2807 4240; x_wconf 76' lang='lat' dir='ltr'><strong>ipse</strong></span> <span class='ocrx_word' id='word_1_665' title='bbox 2859 4172 3004 4226; x_wconf 87' lang='lat' dir='ltr'><strong>hunc</strong></span> <span class='ocrx_word' id='word_1_666' title='bbox 3051 4172 3157 4226; x_wconf 91' lang='lat' dir='ltr'><strong>sibi</strong></span> <span class='ocrx_word' id='word_1_667' title='bbox 3211 4173 3390 4227; x_wconf 91' lang='lat' dir='ltr'><strong>locum</strong></span> <span class='ocrx_word' id='word_1_668' title='bbox 3420 4186 3540 4244; x_wconf 88' lang='lat' dir='ltr'><strong>post</strong></span> 
     </span>
    </p>
   </div>
   <div class='ocr_carea' id='block_1_107' title="bbox 1966 4265 3540 4332">
    <p class='ocr_par' dir='ltr' id='par_1_107' title="bbox 1966 4265 3540 4332">
     <span class='ocr_line' id='line_1_107' title="bbox 1966 4265 3540 4332; baseline 0.004 -17"><span class='ocrx_word' id='word_1_669' title='bbox 1966 4271 2195 4316; x_wconf 89' lang='lat' dir='ltr'><strong>mortem</strong></span> <span class='ocrx_word' id='word_1_670' title='bbox 2230 4265 2653 4332; x_wconf 79' lang='lat' dir='ltr'><strong>dosigaaverat,</strong></span> <span class='ocrx_word' id='word_1_671' title='bbox 2713 4267 3021 4321; x_wconf 86' lang='lat' dir='ltr'><strong>incredibili</strong></span> <span class='ocrx_word' id='word_1_672' title='bbox 3080 4265 3203 4321; x_wconf 82' lang='lat' dir='ltr'><strong>fidei</strong></span> <span class='ocrx_word' id='word_1_673' title='bbox 3258 4266 3540 4322; x_wconf 86' lang='lat' dir='ltr'><strong>alacritate</strong></span> 
     </span>
    </p>
   </div>
   <div class='ocr_carea' id='block_1_108' title="bbox 2036 4376 3538 4501">
    <p class='ocr_par' dir='ltr' id='par_1_108' title="bbox 2036 4376 3538 4501">
     <span class='ocr_line' id='line_1_108' title="bbox 2036 4376 3538 4501; baseline 0.005 -72"><span class='ocrx_word' id='word_1_674' title='bbox 2036 4376 2152 4501; x_wconf 64' lang='grc' dir='ltr'><strong>(ίὲ)</strong></span> <span class='ocrx_word' id='word_1_675' title='bbox 2180 4379 2327 4432; x_wconf 71' lang='lat' dir='ltr'><strong>&quot;Amo</strong></span> <span class='ocrx_word' id='word_1_676' title='bbox 2358 4379 2586 4448; x_wconf 75' lang='grc' dir='ltr'><strong>χαλκὸς</strong></span> <span class='ocrx_word' id='word_1_677' title='bbox 2603 4379 2738 4448; x_wconf 82' lang='grc' dir='ltr'>μέν.</span> <span class='ocrx_word' id='word_1_678' title='bbox 2773 4380 3130 4436; x_wconf 86' lang='lat' dir='ltr'><strong>Scribendum</strong></span> <span class='ocrx_word' id='word_1_679' title='bbox 3160 4391 3244 4436; x_wconf 90' lang='lat' dir='ltr'><strong>est</strong></span> <span class='ocrx_word' id='word_1_680' title='bbox 3285 4381 3397 4435; x_wconf 83' lang='grc' dir='ltr'>ἄνω</span> <span class='ocrx_word' id='word_1_681' title='bbox 3438 4381 3538 4454; x_wconf 67' lang='grc' dir='ltr'>μὲν</span> 
     </span>
     <span class='ocr_line' id='line_1_109' title="bbox 2038 4467 2180 4501; baseline 0.007 -2"><span class='ocrx_word' id='word_1_682' title='bbox 2038 4467 2101 4501; x_wconf 77' lang='grc' dir='ltr'>Λκ</span> <span class='ocrx_word' id='word_1_683' title='bbox 2136 4467 2180 4501; x_wconf 77' lang='grc' dir='ltr'>ς.</span> 
     </span>
    </p>
   </div>
   <div class='ocr_carea' id='block_1_109' title="bbox 1964 4467 2180 4519">
    <p class='ocr_par' dir='ltr' id='par_1_109' title="bbox 1964 4467 2180 4519">
     <span class='ocr_line' id='line_1_110' title="bbox 1964 4467 2180 4519; baseline 0 -19"><span class='ocrx_word' id='word_1_684' title='bbox 1964 4467 2180 4519; x_wconf 72' lang='grc' dir='ltr'>χαλκος.</span> 
     </span>
    </p>
   </div>
   <div class='ocr_carea' id='block_1_110' title="bbox 1965 4467 3533 4592">
    <p class='ocr_par' dir='ltr' id='par_1_110' title="bbox 1965 4467 3533 4592">
     <span class='ocr_line' id='line_1_111' title="bbox 1965 4467 3533 4592; baseline 0.001 -18"><span class='ocrx_word' id='word_1_685' title='bbox 1965 4467 2268 4592; x_wconf 44' lang='grc' dir='ltr'><strong>χαΐῖἕῖΐὸ</strong></span> <span class='ocrx_word' id='word_1_686' title='bbox 2305 4520 2618 4592; x_wconf 73' lang='grc' dir='ltr'>δωμάτιον.</span> <span class='ocrx_word' id='word_1_687' title='bbox 2659 4523 2926 4592; x_wconf 78' lang='lat' dir='ltr'><strong>Eusebius</strong></span> <span class='ocrx_word' id='word_1_688' title='bbox 2978 4536 3140 4592; x_wconf 87' lang='lat' dir='ltr'><strong>supra</strong></span> <span class='ocrx_word' id='word_1_689' title='bbox 3180 4522 3233 4576; x_wconf 89' lang='lat' dir='ltr'><strong>in</strong></span> <span class='ocrx_word' id='word_1_690' title='bbox 3283 4521 3424 4577; x_wconf 86' lang='lat' dir='ltr'><strong>libro</strong></span> <span class='ocrx_word' id='word_1_691' title='bbox 3472 4538 3533 4576; x_wconf 82' lang='grc' dir='ltr'><strong>ιιι</strong></span> 
     </span>
    </p>
   </div>
   <div class='ocr_carea' id='block_1_111' title="bbox 1957 4590 3534 4662">
    <p class='ocr_par' dir='ltr' id='par_1_111' title="bbox 1957 4590 3534 4662">
     <span class='ocr_line' id='line_1_112' title="bbox 1957 4590 3534 4662; baseline 0.001 -16"><span class='ocrx_word' id='word_1_692' title='bbox 1957 4593 2137 4660; x_wconf 77' lang='lat' dir='ltr'><strong>capite</strong></span> <span class='ocrx_word' id='word_1_693' title='bbox 2170 4591 2238 4644; x_wconf 76' lang='lat'><strong>&#39;55</strong></span> <span class='ocrx_word' id='word_1_694' title='bbox 2279 4590 2347 4643; x_wconf 77' lang='grc' dir='ltr'>τὰ</span> <span class='ocrx_word' id='word_1_695' title='bbox 2402 4592 2558 4662; x_wconf 78' lang='grc' dir='ltr'>ἐκτὸς</span> <span class='ocrx_word' id='word_1_696' title='bbox 2607 4591 2830 4662; x_wconf 81' lang='grc' dir='ltr'>δώματα</span> <span class='ocrx_word' id='word_1_697' title='bbox 2867 4602 3024 4644; x_wconf 74' lang='lat' dir='ltr'><strong>vocat</strong></span> <span class='ocrx_word' id='word_1_698' title='bbox 3046 4590 3334 4647; x_wconf 69' lang='lat' dir='ltr'><strong>exteriora</strong></span> <span class='ocrx_word' id='word_1_699' title='bbox 3395 4604 3534 4647; x_wconf 83' lang='lat' dir='ltr'><strong>tecta</strong></span> 
     </span>
    </p>
   </div>
   <div class='ocr_carea' id='block_1_112' title="bbox 1953 4661 3530 4732">
    <p class='ocr_par' dir='ltr' id='par_1_112' title="bbox 1953 4661 3530 4732">
     <span class='ocr_line' id='line_1_113' title="bbox 1953 4661 3530 4732; baseline -0.001 -15"><span class='ocrx_word' id='word_1_700' title='bbox 1953 4663 2212 4717; x_wconf 67' lang='lat' dir='ltr'><strong>basilicae.</strong></span> <span class='ocrx_word' id='word_1_701' title='bbox 2242 4663 2426 4730; x_wconf 82' lang='lat' dir='ltr'><strong>Itaque</strong></span> <span class='ocrx_word' id='word_1_702' title='bbox 2473 4661 2742 4732; x_wconf 84' lang='grc' dir='ltr'>δωμάτιον</span> <span class='ocrx_word' id='word_1_703' title='bbox 2789 4663 2876 4716; x_wconf 91' lang='lat' dir='ltr'><strong>hic</strong></span> <span class='ocrx_word' id='word_1_704' title='bbox 2917 4663 3130 4732; x_wconf 79' lang='lat' dir='ltr'><strong>videtur</strong></span> <span class='ocrx_word' id='word_1_705' title='bbox 3169 4677 3291 4715; x_wconf 88' lang='lat' dir='ltr'><strong>esse</strong></span> <span class='ocrx_word' id='word_1_706' title='bbox 3331 4673 3530 4717; x_wconf 89' lang='lat' dir='ltr'><strong>tectum</strong></span> 
     </span>
    </p>
   </div>
   <div class='ocr_carea' id='block_1_113' title="bbox 1955 4731 3529 4800">
    <p class='ocr_par' dir='ltr' id='par_1_113' title="bbox 1955 4731 3529 4800">
     <span class='ocr_line' id='line_1_114' title="bbox 1955 4731 3529 4800; baseline 0.001 -13"><span class='ocrx_word' id='word_1_707' title='bbox 1955 4735 2122 4787; x_wconf 86' lang='lat' dir='ltr'><strong>totius</strong></span> <span class='ocrx_word' id='word_1_708' title='bbox 2148 4732 2408 4794; x_wconf 71' lang='lat' dir='ltr'><strong>basilica‘,</strong></span> <span class='ocrx_word' id='word_1_709' title='bbox 2430 4733 2515 4786; x_wconf 87' lang='lat' dir='ltr'><strong>vel</strong></span> <span class='ocrx_word' id='word_1_710' title='bbox 2557 4731 2712 4788; x_wconf 84' lang='lat' dir='ltr'><strong>certe</strong></span> <span class='ocrx_word' id='word_1_711' title='bbox 2737 4732 2943 4784; x_wconf 89' lang='lat' dir='ltr'><strong>altaris.</strong></span> <span class='ocrx_word' id='word_1_712' title='bbox 2988 4731 3266 4800; x_wconf 83' lang='lat' dir='ltr'><strong>Ejusmodi</strong></span> <span class='ocrx_word' id='word_1_713' title='bbox 3301 4742 3441 4786; x_wconf 89' lang='lat' dir='ltr'><strong>tecta</strong></span> <span class='ocrx_word' id='word_1_714' title='bbox 3476 4734 3529 4788; x_wconf 90' lang='lat' dir='ltr'><strong>in</strong></span> 
     </span>
    </p>
   </div>
   <div class='ocr_carea' id='block_1_114' title="bbox 1951 4801 3526 4870">
    <p class='ocr_par' dir='ltr' id='par_1_114' title="bbox 1951 4801 3526 4870">
     <span class='ocr_line' id='line_1_115' title="bbox 1951 4801 3526 4870; baseline 0.001 -13"><span class='ocrx_word' id='word_1_715' title='bbox 1951 4804 2098 4858; x_wconf 89' lang='lat' dir='ltr'><strong>orbis</strong></span> <span class='ocrx_word' id='word_1_716' title='bbox 2127 4803 2366 4870; x_wconf 89' lang='lat' dir='ltr'><strong>speciem</strong></span> <span class='ocrx_word' id='word_1_717' title='bbox 2409 4803 2675 4855; x_wconf 64' lang='lat' dir='ltr'><strong>aedificata</strong></span> <span class='ocrx_word' id='word_1_718' title='bbox 2706 4818 2806 4855; x_wconf 90' lang='lat' dir='ltr'><strong>nos</strong></span> <span class='ocrx_word' id='word_1_719' title='bbox 2831 4801 2968 4856; x_wconf 78' lang='lat' dir='ltr'><strong>G&#39;alli</strong></span> <span class='ocrx_word' id='word_1_720' title='bbox 3011 4803 3275 4869; x_wconf 85' lang='lat' dir='ltr'><strong>hodieque</strong></span> <span class='ocrx_word' id='word_1_721' title='bbox 3313 4805 3526 4858; x_wconf 84' lang='lat' dir='ltr'><strong>domata</strong></span> 
     </span>
    </p>
   </div>
   <div class='ocr_carea' id='block_1_115' title="bbox 1952 4871 3531 4940">
    <p class='ocr_par' dir='ltr' id='par_1_115' title="bbox 1952 4871 3531 4940">
     <span class='ocr_line' id='line_1_116' title="bbox 1952 4871 3531 4940; baseline 0.001 -15"><span class='ocrx_word' id='word_1_722' title='bbox 1952 4888 2227 4927; x_wconf 81' lang='lat' dir='ltr'><strong>vocamus.</strong></span> <span class='ocrx_word' id='word_1_723' title='bbox 2263 4872 2432 4925; x_wconf 89' lang='lat' dir='ltr'><strong>Porro</strong></span> <span class='ocrx_word' id='word_1_724' title='bbox 2455 4875 2520 4925; x_wconf 90' lang='lat' dir='ltr'><strong>de</strong></span> <span class='ocrx_word' id='word_1_725' title='bbox 2559 4871 2738 4939; x_wconf 87' lang='lat' dir='ltr'><strong>templi</strong></span> <span class='ocrx_word' id='word_1_726' title='bbox 2766 4872 3150 4940; x_wconf 85' lang='lat' dir='ltr'><strong>Apostolorum</strong></span> <span class='ocrx_word' id='word_1_727' title='bbox 3179 4873 3531 4936; x_wconf 72' lang='lat' dir='ltr'><strong>magniﬁcen-</strong></span> 
     </span>
    </p>
   </div>
   <div class='ocr_carea' id='block_1_116' title="bbox 1953 4940 3526 5011">
    <p class='ocr_par' dir='ltr' id='par_1_116' title="bbox 1953 4940 3526 5011">
     <span class='ocr_line' id='line_1_117' title="bbox 1953 4940 3526 5011; baseline 0.001 -16"><span class='ocrx_word' id='word_1_728' title='bbox 1953 4943 2025 4997; x_wconf 87' lang='lat' dir='ltr'><strong>tia</strong></span> <span class='ocrx_word' id='word_1_729' title='bbox 2072 4943 2371 5011; x_wconf 84' lang='lat' dir='ltr'><strong>Gregorius</strong></span> <span class='ocrx_word' id='word_1_730' title='bbox 2422 4940 2553 4997; x_wconf 85' lang='lat' dir='ltr'><strong>Naz.</strong></span> <span class='ocrx_word' id='word_1_731' title='bbox 2589 4943 2640 4995; x_wconf 91' lang='lat' dir='ltr'><strong>in</strong></span> <span class='ocrx_word' id='word_1_732' title='bbox 2683 4944 2928 4997; x_wconf 88' lang='lat' dir='ltr'><strong>carmine</strong></span> <span class='ocrx_word' id='word_1_733' title='bbox 2959 4945 3026 4996; x_wconf 90' lang='lat' dir='ltr'><strong>de</strong></span> <span class='ocrx_word' id='word_1_734' title='bbox 3074 4941 3344 4996; x_wconf 84' lang='lat' dir='ltr'><strong>insomnio</strong></span> <span class='ocrx_word' id='word_1_735' title='bbox 3381 4945 3526 4997; x_wconf 83' lang='lat' dir='ltr'><strong>Ana-</strong></span> 
     </span>
    </p>
   </div>
   <div class='ocr_carea' id='block_1_117' title="bbox 1951 5012 2512 5068">
    <p class='ocr_par' dir='ltr' id='par_1_117' title="bbox 1951 5012 2512 5068">
     <span class='ocr_line' id='line_1_118' title="bbox 1951 5012 2512 5068; baseline -0.009 -1"><span class='ocrx_word' id='word_1_736' title='bbox 1951 5015 2133 5068; x_wconf 71' lang='lat' dir='ltr'><strong>stasiae</strong></span> <span class='ocrx_word' id='word_1_737' title='bbox 2171 5013 2243 5066; x_wconf 88' lang='lat' dir='ltr'><strong>ita</strong></span> <span class='ocrx_word' id='word_1_738' title='bbox 2281 5012 2512 5066; x_wconf 83' lang='lat' dir='ltr'><strong>scribit:</strong></span> 
     </span>
    </p>
   </div>
   <div class='ocr_carea' id='block_1_118' title="bbox 1949 5079 3533 5151">
    <p class='ocr_par' dir='ltr' id='par_1_118' title="bbox 1949 5079 3533 5151">
     <span class='ocr_line' id='line_1_119' title="bbox 1949 5079 3533 5151; baseline -0.002 -14"><span class='ocrx_word' id='word_1_739' title='bbox 1949 5084 2074 5138; x_wconf 86' lang='grc' dir='ltr'><strong>Σὺν</strong></span> <span class='ocrx_word' id='word_1_740' title='bbox 2098 5083 2221 5150; x_wconf 82' lang='grc' dir='ltr'>τοῖς</span> <span class='ocrx_word' id='word_1_741' title='bbox 2253 5083 2351 5135; x_wconf 81' lang='grc' dir='ltr'>καὶ</span> <span class='ocrx_word' id='word_1_742' title='bbox 2384 5079 2770 5150; x_wconf 79' lang='grc' dir='ltr'>μεγάλαυχον</span> <span class='ocrx_word' id='word_1_743' title='bbox 2795 5081 2928 5148; x_wconf 82' lang='grc' dir='ltr'>ἕδος</span> <span class='ocrx_word' id='word_1_744' title='bbox 2961 5080 3233 5148; x_wconf 84' lang='grc' dir='ltr'>Χριστοῖο</span> <span class='ocrx_word' id='word_1_745' title='bbox 3250 5081 3533 5151; x_wconf 80' lang='grc' dir='ltr'>μαθητῶν</span> 
     </span>
    </p>
   </div>
   <div class='ocr_carea' id='block_1_119' title="bbox 2024 5151 3508 5223">
    <p class='ocr_par' dir='ltr' id='par_1_119' title="bbox 2024 5151 3508 5223">
     <span class='ocr_line' id='line_1_120' title="bbox 2024 5151 3508 5223; baseline -0.001 -16"><span class='ocrx_word' id='word_1_746' title='bbox 2024 5152 2312 5223; x_wconf 71' lang='grc' dir='ltr'>πλευραῖς</span> <span class='ocrx_word' id='word_1_747' title='bbox 2350 5153 2794 5223; x_wconf 82' lang='grc' dir='ltr'>σταυροτύποις</span> <span class='ocrx_word' id='word_1_748' title='bbox 2831 5151 3081 5223; x_wconf 79' lang='grc' dir='ltr'>τέτραχα</span> <span class='ocrx_word' id='word_1_749' title='bbox 3124 5155 3508 5222; x_wconf 75' lang='grc' dir='ltr'>τεμνόμενον,</span> 
     </span>
    </p>
   </div>
   <div class='ocr_carea' id='block_1_120' title="bbox 2022 5221 3533 5291">
    <p class='ocr_par' dir='ltr' id='par_1_120' title="bbox 2022 5221 3533 5291">
     <span class='ocr_line' id='line_1_121' title="bbox 2022 5221 3533 5291; baseline -0.001 -14"><span class='ocrx_word' id='word_1_750' title='bbox 2022 5223 2079 5280; x_wconf 84' lang='lat' dir='ltr'><strong>1d</strong></span> <span class='ocrx_word' id='word_1_751' title='bbox 2113 5221 2219 5290; x_wconf 79' lang='lat' dir='ltr'><strong>est,</strong></span> <span class='ocrx_word' id='word_1_752' title='bbox 2254 5223 2322 5276; x_wconf 76' lang='lat' dir='ltr'><strong>Et</strong></span> <span class='ocrx_word' id='word_1_753' title='bbox 2361 5221 2698 5290; x_wconf 79' lang='lat' dir='ltr'><strong>magniﬁcum</strong></span> <span class='ocrx_word' id='word_1_754' title='bbox 2725 5223 2969 5288; x_wconf 85' lang='lat' dir='ltr'><strong>templum</strong></span> <span class='ocrx_word' id='word_1_755' title='bbox 3016 5221 3214 5275; x_wconf 75' lang='lat' dir='ltr'><strong>Christi</strong></span> <span class='ocrx_word' id='word_1_756' title='bbox 3245 5221 3533 5291; x_wconf 77' lang='lat' dir='ltr'><strong>discipulo-</strong></span> 
     </span>
    </p>
   </div>
   <div class='ocr_carea' id='block_1_121' title="bbox 1949 5292 3527 5365">
    <p class='ocr_par' dir='ltr' id='par_1_121' title="bbox 1949 5292 3527 5365">
     <span class='ocr_line' id='line_1_122' title="bbox 1949 5292 3527 5365; baseline 0.001 -20"><span class='ocrx_word' id='word_1_757' title='bbox 1949 5310 2090 5365; x_wconf 82' lang='lat' dir='ltr'><strong>rum,</strong></span> <span class='ocrx_word' id='word_1_758' title='bbox 2117 5305 2348 5365; x_wconf 78' lang='lat' dir='ltr'><strong>quatuor</strong></span> <span class='ocrx_word' id='word_1_759' title='bbox 2381 5292 2965 5365; x_wconf 64' lang='lat' dir='ltr'><strong>lateribusdistinctum</strong></span> <span class='ocrx_word' id='word_1_760' title='bbox 2983 5295 3036 5346; x_wconf 85' lang='lat' dir='ltr'><strong>in</strong></span> <span class='ocrx_word' id='word_1_761' title='bbox 3072 5294 3244 5365; x_wconf 74' lang='lat' dir='ltr'><strong>crucis</strong></span> <span class='ocrx_word' id='word_1_762' title='bbox 3280 5292 3527 5361; x_wconf 76' lang='lat' dir='ltr'><strong>formam.</strong></span> 
     </span>
    </p>
   </div>
   <div class='ocr_carea' id='block_1_122' title="bbox 1952 5362 3528 5434">
    <p class='ocr_par' dir='ltr' id='par_1_122' title="bbox 1952 5362 3528 5434">
     <span class='ocr_line' id='line_1_123' title="bbox 1952 5362 3528 5434; baseline -0.002 -16"><span class='ocrx_word' id='word_1_763' title='bbox 1952 5362 2266 5434; x_wconf 87' lang='lat' dir='ltr'><strong>Hujusinodi</strong></span> <span class='ocrx_word' id='word_1_764' title='bbox 2294 5363 2470 5417; x_wconf 89' lang='lat' dir='ltr'><strong>forma</strong></span> <span class='ocrx_word' id='word_1_765' title='bbox 2511 5363 2644 5434; x_wconf 84' lang='lat' dir='ltr'><strong>olim&#39;</strong></span> <span class='ocrx_word' id='word_1_766' title='bbox 2665 5362 2913 5434; x_wconf 67' lang='lat' dir='ltr'><strong>ecclesia:</strong></span> <span class='ocrx_word' id='word_1_767' title='bbox 2940 5363 3528 5434; x_wconf 6' lang='lat' dir='ltr'><strong>construebanturlgut</strong></span> 
     </span>
    </p>
   </div>
   <div class='ocr_carea' id='block_1_123' title="bbox 1949 5429 3528 5498">
    <p class='ocr_par' dir='ltr' id='par_1_123' title="bbox 1949 5429 3528 5498">
     <span class='ocr_line' id='line_1_124' title="bbox 1949 5429 3528 5498; baseline -0.002 -10"><span class='ocrx_word' id='word_1_768' title='bbox 1949 5429 2154 5489; x_wconf 77' lang='lat' dir='ltr'><strong>notavit</strong></span> <span class='ocrx_word' id='word_1_769' title='bbox 2177 5435 2464 5489; x_wconf 89' lang='lat' dir='ltr'><strong>Gretserus</strong></span> <span class='ocrx_word' id='word_1_770' title='bbox 2499 5434 2550 5488; x_wconf 92' lang='lat' dir='ltr'><strong>iu</strong></span> <span class='ocrx_word' id='word_1_771' title='bbox 2582 5433 2736 5488; x_wconf 87' lang='lat' dir='ltr'><strong>libris</strong></span> <span class='ocrx_word' id='word_1_772' title='bbox 2761 5431 2835 5486; x_wconf 86' lang='lat' dir='ltr'><strong>De</strong></span> <span class='ocrx_word' id='word_1_773' title='bbox 2869 5449 3044 5498; x_wconf 84' lang='lat' dir='ltr'><strong>cruce,</strong></span> <span class='ocrx_word' id='word_1_774' title='bbox 3069 5431 3283 5485; x_wconf 81' lang='lat' dir='ltr'><strong>Marcus</strong></span> <span class='ocrx_word' id='word_1_775' title='bbox 3312 5432 3366 5486; x_wconf 90' lang='lat' dir='ltr'><strong>in</strong></span> <span class='ocrx_word' id='word_1_776' title='bbox 3409 5429 3528 5486; x_wconf 82' lang='lat' dir='ltr'><strong>Vita</strong></span> 
     </span>
    </p>
   </div>
   <div class='ocr_carea' id='block_1_124' title="bbox 1951 5503 2466 5584">
    <p class='ocr_par' dir='ltr' id='par_1_124' title="bbox 1951 5503 2466 5584">
     <span class='ocr_line' id='line_1_125' title="bbox 1951 5503 2466 5584; baseline 0 0"><span class='ocrx_word' id='word_1_777' title='bbox 1951 5507 2126 5584; x_wconf 68' lang='grc' dir='ltr'><strong>εαιιςιὶ</strong></span> <span class='ocrx_word' id='word_1_778' title='bbox 2154 5503 2466 5584; x_wconf 54' lang='lat' dir='ltr'><strong>ferr/tare&quot;.-</strong></span> 
     </span>
    </p>
   </div>
   <div class='ocr_carea' id='block_1_125' title="bbox 2018 5570 3524 5644">
    <p class='ocr_par' dir='ltr' id='par_1_125' title="bbox 2018 5570 3524 5644">
     <span class='ocr_line' id='line_1_126' title="bbox 2018 5570 3524 5644; baseline 0 -16"><span class='ocrx_word' id='word_1_779' title='bbox 2018 5575 2132 5644; x_wconf 69' lang='grc' dir='ltr'>(Π)</span> <span class='ocrx_word' id='word_1_780' title='bbox 2153 5570 2408 5643; x_wconf 73' lang='grc' dir='ltr'>Τῆςτῶν</span> <span class='ocrx_word' id='word_1_781' title='bbox 2429 5574 2790 5629; x_wconf 73' lang='grc' dir='ltr'>ἀποστόλων</span> <span class='ocrx_word' id='word_1_782' title='bbox 2801 5570 3190 5644; x_wconf 83' lang='grc' dir='ltr'>προσρήσεως</span> <span class='ocrx_word' id='word_1_783' title='bbox 3212 5570 3524 5644; x_wconf 59' lang='grc' dir='ltr'>κοινωνόν.</span> 
     </span>
    </p>
   </div>
   <div class='ocr_carea' id='block_1_126' title="bbox 1946 5641 3526 5713">
    <p class='ocr_par' dir='ltr' id='par_1_126' title="bbox 1946 5641 3526 5713">
     <span class='ocr_line' id='line_1_127' title="bbox 1946 5641 3526 5713; baseline -0.005 -12"><span class='ocrx_word' id='word_1_784' title='bbox 1946 5641 2148 5701; x_wconf 83' lang='lat' dir='ltr'><strong>Alludit</strong></span> <span class='ocrx_word' id='word_1_785' title='bbox 2182 5641 2448 5700; x_wconf 79' lang='lat' dir='ltr'><strong>Eusebius</strong></span> <span class='ocrx_word' id='word_1_786' title='bbox 2490 5644 2556 5699; x_wconf 89' lang='lat' dir='ltr'><strong>ad</strong></span> <span class='ocrx_word' id='word_1_787' title='bbox 2605 5641 3186 5713; x_wconf 66' lang='lat' dir='ltr'><strong>cognomentunijllud</strong></span> <span class='ocrx_word' id='word_1_788' title='bbox 3233 5641 3526 5696; x_wconf 83' lang='grc' dir='ltr'>ίσαποστό-</span> 
     </span>
    </p>
   </div>
   <div class='ocr_carea' id='block_1_127' title="bbox 1945 5709 3527 5786">
    <p class='ocr_par' dir='ltr' id='par_1_127' title="bbox 1945 5709 3527 5786">
     <span class='ocr_line' id='line_1_128' title="bbox 1945 5709 3527 5786; baseline -0.003 -14"><span class='ocrx_word' id='word_1_789' title='bbox 1945 5719 2060 5777; x_wconf 88' lang='grc' dir='ltr'>λου.</span> <span class='ocrx_word' id='word_1_790' title='bbox 2093 5732 2203 5786; x_wconf 91' lang='lat' dir='ltr'><strong>quo</strong></span> <span class='ocrx_word' id='word_1_791' title='bbox 2235 5727 2352 5786; x_wconf 92' lang='lat' dir='ltr'><strong>post</strong></span> <span class='ocrx_word' id='word_1_792' title='bbox 2387 5726 2616 5771; x_wconf 86' lang='lat' dir='ltr'><strong>mortem</strong></span> <span class='ocrx_word' id='word_1_793' title='bbox 2658 5709 2885 5770; x_wconf 58' lang='lat' dir='ltr'><strong>a&#39;ifectus</strong></span> <span class='ocrx_word' id='word_1_794' title='bbox 2911 5725 2994 5786; x_wconf 80' lang='lat' dir='ltr'><strong>est</strong></span> <span class='ocrx_word' id='word_1_795' title='bbox 3021 5709 3434 5777; x_wconf 88' lang='lat' dir='ltr'><strong>Constantinus,</strong></span> <span class='ocrx_word' id='word_1_796' title='bbox 3468 5723 3527 5768; x_wconf 82' lang='lat' dir='ltr'><strong>ut</strong></span> 
     </span>
    </p>
   </div>
   <div class='ocr_carea' id='block_1_128' title="bbox 1946 5784 3522 5858">
    <p class='ocr_par' dir='ltr' id='par_1_128' title="bbox 1946 5784 3522 5858">
     <span class='ocr_line' id='line_1_129' title="bbox 1946 5784 3522 5858; baseline -0.004 -16"><span class='ocrx_word' id='word_1_797' title='bbox 1946 5784 2146 5858; x_wconf 75' lang='lat' dir='ltr'><strong>legitur</strong></span> <span class='ocrx_word' id='word_1_798' title='bbox 2183 5784 2244 5841; x_wconf 33' lang='lat' dir='ltr'><strong>in‘</strong></span> <span class='ocrx_word' id='word_1_799' title='bbox 2265 5786 2482 5842; x_wconf 73' lang='lat' dir='ltr'><strong>Menaeis</strong></span> <span class='ocrx_word' id='word_1_800' title='bbox 2524 5785 2860 5858; x_wconf 66' lang='lat' dir='ltr'><strong>Graecorum.</strong></span> <span class='ocrx_word' id='word_1_801' title='bbox 2890 5784 3056 5858; x_wconf 75' lang='lat' dir='ltr'><strong>Qqu</strong></span> <span class='ocrx_word' id='word_1_802' title='bbox 3097 5793 3522 5858; x_wconf 72' lang='lat' dir='ltr'><strong>cognomentum</strong></span> 
     </span>
    </p>
   </div>
   <div class='ocr_carea' id='block_1_129' title="bbox 1946 5852 3521 5928">
    <p class='ocr_par' dir='ltr' id='par_1_129' title="bbox 1946 5852 3521 5928">
     <span class='ocr_line' id='line_1_130' title="bbox 1946 5852 3521 5928; baseline -0.004 -13"><span class='ocrx_word' id='word_1_803' title='bbox 1946 5852 2132 5916; x_wconf 55' lang='lat' dir='ltr'><strong>ne&#39;scio</strong></span> <span class='ocrx_word' id='word_1_804' title='bbox 2153 5873 2252 5915; x_wconf 92' lang='lat' dir='ltr'><strong>cur</strong></span> <span class='ocrx_word' id='word_1_805' title='bbox 2283 5868 2563 5928; x_wconf 87' lang='lat' dir='ltr'><strong>tantopere</strong></span> <span class='ocrx_word' id='word_1_806' title='bbox 2585 5857 2633 5914; x_wconf 91' lang='lat' dir='ltr'><strong>ei</strong></span> <span class='ocrx_word' id='word_1_807' title='bbox 2676 5855 2930 5912; x_wconf 80' lang='lat' dir='ltr'><strong>inviderit</strong></span> <span class='ocrx_word' id='word_1_808' title='bbox 2991 5852 3231 5926; x_wconf 75' lang='lat' dir='ltr'><strong>Scaliger</strong></span> <span class='ocrx_word' id='word_1_809' title='bbox 3259 5853 3317 5910; x_wconf 88' lang='lat' dir='ltr'><strong>in</strong></span> <span class='ocrx_word' id='word_1_810' title='bbox 3350 5852 3446 5909; x_wconf 90' lang='lat' dir='ltr'><strong>lib.</strong></span> <span class='ocrx_word' id='word_1_811' title='bbox 3484 5865 3521 5908; x_wconf 84' lang='grc' dir='ltr'><strong>ιι</strong></span> 
     </span>
    </p>
   </div>
  </div>
