4150 6438
385 376 523 432 1253

1499 375 1588 428 DE
1626 374 1786 427 VITA
1826 373 2283 429 CONSTANTlNl
2319 375 2446 430 LIB.
2488 375 2576 430 IV.

3503 375 3637 432 52H

383 495 494 558 Θεὶς
517 535 528 556 ,
573 494 701 563 γόνυ
736 493 922 556 κλίνας
955 493 1039 545 ἐπ’
1068 491 1330 560 ἐδάφους,
1385 494 1567 564 ἱκέτης
1602 494 1843 562 ἐγίγνετο
1878 494 1966 546 τοῦ

2078 511 2106 548 a
2144 497 2252 550 Deo
2303 497 2530 565 supplex
2575 495 2837 564 poposcit,
2897 503 3118 564 peccata
3155 511 3248 550 sua
3280 495 3544 552 conﬁtens
3589 498 3640 552 in

383 589 549 650 Θεοῦ,
580 589 636 640 ὲν
679 585 825 656 αὑτῷ
863 584 939 655 τῷ
972 585 1254 656 μαρτυρίῳ
1281 585 1763 656 ἐξομολογούμενος
1786 627 1799 648 ,
1835 586 1961 639 ἔνθα

380 682 445 753 δὴ
487 683 582 735 καὶ
621 680 834 753 πρῶτον
865 678 972 750 (52)
1005 677 1112 730 τῶν
1152 678 1237 731 διὰ
1272 679 1606 749 χειροθεσίας
1650 679 1822 750 εὐχῶν
1851 680 1959 749 (55)

381 776 630 848 ἠξιοῦτο·
671 773 909 845 μεταϐὰς
948 773 992 826 δ’
1025 772 1179 827 ἔνθεν
1202 814 1216 836 ,
1268 772 1360 824 ἐπὶ
1393 773 1708 846 προάστειον
1741 777 1840 844 τῆς
1868 775 1964 826 Νι-

382 867 661 940 κομηδέων
697 866 1003 934 ἀφικνεῖται
1043 865 1284 928 πόλεως,
1319 864 1597 917 κάνταῦθα
1625 865 1961 934 συγκαλέσας

382 963 506 1025 τοὺς
538 958 890 1022 ἐπισκόπους,
925 950 1027 1010 ὧδὲ
1063 975 1138 1026 πη
1172 959 1356 1020 αὐτοῖς
1387 955 1678 1022 διελέξατο.

900 1095 1299 1153 ΚΕΦΑΛΑῘΟΝ
1331 1095 1447 1146 EB’.

383 1187 838 1242 Κωνσταντίνυυ
863 1186 1013 1254 πρὸς
1035 1186 1406 1248 ἐπισκόπους
1428 1184 1558 1248 περὶ
1585 1181 1962 1251 μεταδόσεως

753 1257 860 1310 τοῦ
893 1257 1152 1325 λουτροῦ
1186 1254 1589 1322 παράκλησις.

457 1388 476 1422 ι
505 1363 672 1433 Οὗτος
715 1365 783 1440 ἦν
818 1369 979 1432 αὐτὸς
1021 1371 1049 1421 ὁ
1089 1368 1256 1421 πάλαι
1299 1385 1389 1437 μοι
1425 1366 1645 1435 διψῶντι
1682 1367 1773 1419 καὶ
1812 1365 1963 1434 εὐχο-

387 1461 529 1532 μένῳ
557 1463 656 1531 τῆς
696 1463 752 1513 ὲν
784 1459 901 1528 Θεῷ
933 1463 1114 1529 τυχεῖν
1161 1459 1433 1528 σωτηρίας
1457 1498 1471 1519 ,
1515 1457 1705 1527 καιρὸς
1750 1456 1964 1519 ὲλπιςό..

386 1568 574 1623 μενος·
615 1551 732 1621 ὥρα
767 1551 859 1603 καὶ
893 1551 1038 1620 ἡμᾶς
1079 1548 1385 1603 ἀπολαῦσαι
1431 1550 1528 1618 τῆς
1571 1547 1960 1601 ἀΘανατοποιοῦ

382 1728 438 1799 ln
471 1726 748 1781 veteribus
778 1725 989 1781 scbedis
1039 1724 1238 1799 legitur
1261 1725 1517 1796 σωτηρίῳ
1547 1725 1782 1799 λουτρῷ,
1819 1727 1958 1796 quod

382 1798 541 1869 plane
564 1797 1308 1869 coulirmat‘emeudationem
1340 1808 1601 1869 nostram.

2072 590 2188 657 ipso
2222 589 2484 659 martyrio
2514 607 2527 642 :
2557 602 2665 655 quo
2699 587 2749 640 in
2792 587 2912 641 loco
2955 604 3207 640 montium
3247 588 3638 656 impositionem

2070 697 2192 736 cum
2227 680 2456 734 solemni
2493 681 2808 748 precatione
2843 680 3073 748 primum
3121 681 3320 734 meruit
3370 680 3638 749 accipere.

2068 772 2207 828 Hinc
2248 776 2314 829 ad
2362 774 2680 827 suburbana
2734 771 3061 826 Nicomedia:
3093 773 3397 841 digressus,
3442 785 3644 827 convo-

2068 869 2207 924 catis
2259 869 2551 938 episcopis,
2575 867 2655 921 sic
2686 867 2752 919 ad
2784 881 2878 920 eos
2905 865 3252 920 verba-fecit.

2632 1089 2861 1144 CAPUT
2915 1088 3075 1142 LXII.

2078 1184 2276 1247 Quibus
2314 1185 2478 1236 verbis
2533 1184 2914 1236 Constantinus
2957 1183 3235 1250 postularit
3283 1183 3345 1234 ob
3388 1181 3640 1252 episcopis

2387 1265 2439 1305 ut
2475 1256 2791 1320 baptismum
2845 1254 2945 1306 sibi
3000 1253 3318 1319 conferrent.

2144 1383 2162 1416 ι
2194 1363 2303 1420 Hoc
2321 1374 2440 1420 erat
2462 1375 2672 1433 tempus
2692 1366 2831 1434 quod
2853 1367 3167 1434 jamdudum
3194 1369 3500 1435 sperabam,
3519 1383 3639 1422 cum

2071 1457 2374 1528 incredibili
2425 1457 2724 1524 cupiditate
2783 1459 3062 1522 arderem,
3101 1461 3352 1528 votisque
3388 1460 3641 1514 omnibus

2069 1527 2438 1603 desiderarem
2471 1549 2700 1604 salutem
2736 1551 2786 1603 in
2820 1550 2930 1604 Deo
2961 1552 3246 1619 consequi.
3277 1551 3394 1605 Jam
3434 1562 3644 1622 tempus

2064 1729 2190 1797 Quis
2239 1729 2427 1782 credat
2455 1727 2834 1796 imperatorem
2863 1729 3272 1785 Constantinum
3300 1731 3367 1782 ad
3393 1730 3442 1783 id
3471 1744 3644 1797 usque

2074 1799 2335 1865 temporis
2358 1799 2801 1854 catechumenum
2827 1817 2930 1856 non
2959 1801 3152 1863 fuisse,
3201 1815 3318 1852 cum
3347 1811 3399 1852 et
3429 1799 3643 1852 Nicmno

456 1867 568 1937 (5‘2)
603 1867 784 1938 Ἔνθα
839 1866 914 1934 δὴ
961 1867 1057 1918 καὶ
1110 1865 1366 1938 πρῶτονἶ
1398 1865 1496 1938 llic
1528 1867 1676 1922 locus
1706 1877 1965 1922 attentam
1998 1874 2041 1929 B
2071 1868 2304 1922 concilio
2337 1869 2672 1931 interfuerit,
2721 1881 2775 1923 et
2825 1879 2904 1924 tot
2952 1869 3095 1938 leges
3137 1885 3200 1922 ac
3252 1870 3510 1936 rescripta
3544 1884 3644 1938 pro

384 1939 440 1993 in
466 1935 670 2006 primis
707 1937 925 1990 lectoris
957 1938 1293 2007 diligentiam
1345 1935 1568 2004 ﬂagitat.
1599 1939 1674 1990 Ex
1723 1954 1787 1992 eo
1819 1941 1961 1992 enim

388 2023 580 2076 magna
621 2007 709 2059 illa
741 2008 807 2061 de
851 2007 1189 2061 Constantini
1221 2007 1488 2073 baptismo
1511 2010 1740 2075 quaestio
1763 2009 1958 2075 dijudi-

385 2081 496 2133 cari
532 2078 688 2130 facile
715 2087 910 2145 poteSL.
940 2078 1030 2130 Ait
1054 2079 1218 2146 igitur
1254 2077 1519 2132 Eusebius
1550 2079 1960 2132 Constantinum

384 2152 766 2215 imperatorem
819 2158 947 2201 tunc
985 2149 1218 2214 primum
1251 2163 1510 2200 inanunm
1564 2148 1961 2216 impositionem

385 2234 509 2274 cum
558 2218 784 2272 solemni
821 2219 1136 2286 precatione
1182 2219 1233 2270 in
1261 2217 1490 2271 ecclesia
1535 2220 1876 2286 suscepisse;
1911 2221 1962 2272 id

383 2299 466 2344 est
494 2303 602 2342 uno
652 2287 836 2349 verbo,
868 2299 996 2341 tunc
1042 2287 1279 2354 primum
1326 2287 1529 2340 factum
1556 2303 1679 2342 esse
1710 2293 1962 2343 catechu—

382 2375 627 2414 mennm.
663 2356 797 2410 Nam
834 2359 1209 2412 cateclmmeni
1264 2371 1362 2426 per
1411 2373 1602 2412 manus
1660 2360 1964 2428 impositio—

385 2445 510 2484 nem
541 2429 740 2481 ﬁebant
766 2429 832 2481 ab
863 2429 1138 2496 episcopo,
1176 2436 1233 2480 nt
1265 2429 1423 2480 docet
1456 2443 1629 2482 canon
1657 2445 1708 2482 vt
1745 2430 1962 2483 concilii

383 2499 721 2552 Arelatensis
752 2515 766 2551 :
804 2515 822 2547 ι
853 2499 926 2551 De
948 2499 1030 2550 his
1065 2497 1154 2565 qui
1187 2497 1239 2550 iu
1274 2497 1587 2552 inﬁrmitate
1613 2501 1841 2552 credere
1874 2515 1967 2552 vo-

384 2567 526 2627 lunt.
556 2567 760 2635 placuit
790 2569 872 2623 eis
903 2568 1102 2621 debere
1133 2583 1347 2620 manum
1383 2569 1640 2635 imponi.)
1672 2569 1812 2622 Idem
1840 2585 1966 2622 san-

386 2640 552 2692 citum
581 2647 664 2691 est
686 2651 807 2706 cap.
839 2638 908 2692 59
949 2637 1164 2691 concilii
1216 2637 1528 2691 l‘iliberitani
1562 2655 1575 2691 :
1609 2637 1889 2693 «Gentiles
1919 2639 1964 2692 si

385 2709 442 2761 in
481 2708 796 2762 inﬁrmitate
826 2709 1257 2761 desideraverint
1307 2707 1409 2760 sibi
1460 2723 1681 2762 manum
1725 2711 1963 2772 imponi;

387 2780 432 2833 si
474 2777 637 2830 fuerit
670 2793 858 2832 eorum
887 2793 954 2830 ex
994 2777 1172 2844 aliqua
1205 2786 1360 2846 parte
1405 2778 1514 2830 vita
1569 2780 1814 2842 honesta,
1847 2778 1963 2847 pla-

385 2848 600 2902 cuiteis
628 2862 846 2900 manum
888 2848 1112 2915 imponi,
1156 2857 1214 2900 et
1267 2847 1382 2900 ﬁeri
1433 2848 1787 2902 Christianos.
1815 2868 1832 2897 ι
1863 2849 1964 2915 Qui

384 2919 602 2986 quidem
632 2933 804 2971 canon
837 2916 1220 2979 Eliberitanus,
1263 2927 1321 2968 ut
1377 2917 1430 2970 id
1462 2919 1638 2972 obiter
1694 2934 1962 2982 moneam,

383 2988 518 3042 nihil
577 2987 720 3040 aliud
775 3001 895 3041 esse
945 2988 1158 3040 videtur
1210 3002 1372 3055 quam
1412 2990 1682 3057 expositio
1736 2989 1964 3043 canonis

384 3058 762 3114 Arelatensis:
793 3057 934 3122 quod
975 3067 1030 3110 et
1078 3058 1130 3110 in
1163 3059 1282 3112 aliis
1313 3058 1430 3122 ejus
1456 3060 1672 3112 concilii
1710 3059 1964 3127 capitulis

385 3143 615 3198 cernere
639 3128 786 3182 licet.
823 3129 895 3182 De
917 3129 1104 3182 eodem
1121 3129 1238 3198 ritu
1277 3128 1423 3182 loctts
1444 3139 1528 3182 est
1558 3130 1782 3183 illustris
1817 3130 1957 3198 apud

387 3197 685 3266 Sulpicium
719 3200 982 3252 Severum
1017 3201 1068 3252 in
1109 3197 1331 3267 Dittlogo
1362 3214 1398 3250 ll
1433 3199 1509 3252 De
1532 3201 1806 3253 miraculis
1838 3197 1964 3252 stm-

387 3271 457 3324 cti
489 3267 731 3332 Martini,
776 3284 900 3338 cap.
928 3269 961 3323 5
994 3287 1007 3324 :
1045 3286 1063 3318 ι
1091 3267 1375 3322 Postremo
1428 3271 1604 3323 cuncti
1638 3271 1959 3322 catervatim

389 3339 659 3404 ad-genua
685 3338 827 3393 beati
862 3340 960 3391 viri
990 3352 1146 3392 ruere
1176 3348 1480 3407 cmperunt,
1517 3339 1749 3393 ﬁdeliter
1776 3349 1961 3407 postn-

388 3409 585 3472 lantes,
624 3419 683 3462 ut
717 3424 810 3462 eos
863 3409 1066 3463 faceret
1114 3408 1482 3462 Christianos.
1515 3409 1623 3462 Nec
1657 3418 1960 3473 cunctatus,

389 3481 442 3535 in
469 3482 671 3544 medio,
700 3488 759 3532 ut
784 3489 927 3542 erat,
955 3494 1168 3541 campo,
1201 3492 1427 3532 cunctos
1458 3480 1706 3546 imposita
1747 3480 1963 3531 univer-

387 3553 464 3604 sis
519 3565 680 3603 manu
719 3551 1139 3602 catechumenos
1186 3549 1334 3601 fecit.
1363 3568 1380 3598 ι
1418 3550 1558 3601 Idem
1627 3550 1676 3600 in
1712 3549 1848 3602 libro
1890 3565 1902 3601 I
1940 3565 1954 3601 :

393 3638 414 3671 ε
441 3619 608 3673 Νειηο
637 3621 769 3682 fere,
801 3620 996 3687 inquit,
1026 3633 1089 3670 ex
1122 3619 1340 3671 immani
1375 3620 1461 3670 illa
1488 3619 1830 3672 mttltitttdine
1863 3618 1965 3672 fuit

390 3690 696 3758 gentilium,
723 3690 814 3758 qui
858 3705 983 3751 non,
1018 3689 1362 3756 impositione
1398 3703 1588 3741 manus
1632 3690 1959 3755 desiderata,

393 3757 446 3813 in
483 3759 763 3812 Dominum
792 3757 973 3811 Jesum
1018 3761 1204 3811 relicto
1248 3758 1537 3826 impietatis
1564 3774 1752 3811 errore
1783 3759 1962 3811 credi-

392 3830 557 3883 derit.
581 3847 598 3880 ι
636 3829 969 3897 Augustinus
1004 3832 1166 3880 etiam
1205 3827 1254 3880 in
1298 3830 1390 3882 lib.
1449 3845 1484 3881 ll
1526 3828 1598 3880 De
1635 3839 1963 3896 peccatorum

392 3901 722 3960 remissione,
761 3914 880 3969 cap.
929 3898 1000 3951 96
1033 3915 1046 3950 :
1088 3918 1105 3948 ι
1133 3897 1248 3951 Non
1283 3900 1586 3951 uniusmodi
1615 3911 1695 3952 est
1723 3897 1966 3951 sanctiﬁ-

391 3970 553 4022 catio.
587 3969 720 4021 Nam
770 3979 824 4021 et
875 3970 1295 4023 catechumenos
1324 3972 1618 4022 secundum
1676 3972 1962 4036 quemdam

395 4041 613 4092 modum
641 4056 796 4092 suum
843 4056 939 4108 per
977 4041 1189 4108 signum
1223 4041 1400 4091 crucis
1429 4051 1478 4092 et
1517 4040 1816 4092 orationem
1851 4054 1966 4090 ina-

393 4127 494 4164 nus
525 4112 890 4178 impositionis
927 4120 1054 4180 puto
1085 4111 1436 4163 sanetilicari.
1463 4129 1479 4159 ι
1523 4111 1627 4161 Sed
1670 4108 1965 4180 etil’etrus

393 4183 763 4250 Cltrysologus
787 4181 928 4235 idem
961 4181 1150 4232 scribit
1184 4182 1232 4232 in
1266 4197 1518 4234 sertnone
1542 4181 1647 4232 5:2:
1684 4199 1700 4229 ι
1725 4179 1860 4231 llinc
1883 4189 1964 4232 est

393 4253 534 4319 quod
571 4256 794 4305 veniens
840 4268 907 4306 ex
960 4251 1228 4318 gentibus,
1266 4251 1612 4319 impositione
1662 4266 1855 4303 manus
1912 4259 1966 4302 et

394 4323 715 4375 exorcismis
740 4333 862 4374 ante
894 4340 922 4374 a
959 4326 1200 4374 tta-moue
1231 4331 1595 4390 purgatur:et
1630 4321 1963 4388 apertioucm

395 4394 608 4446 aurium
641 4393 891 4460 percipit,
939 4403 996 4444 ut
1047 4392 1168 4443 lidei
1206 4407 1401 4460 capere
1433 4393 1604 4460 possit
1645 4391 1908 4444 auditum.
1942 4407 1961 4440 ι

396 4465 489 4517 Sic
519 4463 679 4516 etiam
723 4463 774 4514 in
805 4477 1054 4516 sermone
1083 4462 1184 4516 1ϋὸ
1213 4477 1224 4512 :
1269 4480 1287 4511 ι
1315 4463 1556 4531 Namque
1607 4472 1665 4515 ιιι
1715 4463 1968 4514 incurvus

395 4534 636 4601 peccatis
661 4533 879 4599 gentilis
909 4533 1154 4600 erigatur
1184 4533 1250 4585 ad
1283 4531 1505 4594 ρανιιιιιι,
1538 4533 1688 4600 prius
1725 4546 1752 4583 a
1782 4531 1966 4596 gentili

394 4584 493 4672 per
523 4584 924 4671 itnptisitiOttettt
956 4584 1734 4672 uiantiumnequamvspiritus
1775 4584 1974 4669 ἔπαθε·
2002 4584 2048 4643 Ι)

398 4671 504 4729 tur.
535 4693 554 4725 ι
595 4675 690 4727 llis
736 4673 1108 4742 atljuugendns
1155 4684 1236 4726 est
1261 4671 1495 4741 Symeon
1544 4671 1969 4739 llletapbrastes,

394 4747 485 4813 qui
525 4747 576 4798 in
608 4747 760 4798 Actis
800 4754 1116 4796 sanctorum
1170 4757 1468 4814 martyrum
1500 4743 1644 4797 Indis
1673 4752 1726 4795 et
1757 4743 1972 4796 Domita:

397 4819 467 4868 ita
487 4817 679 4870 scribit
706 4817 771 4868 de
799 4815 1000 4883 Cyr-illo
1024 4815 1276 4880 episcopo
1303 4832 1315 4865 :
1343 4833 1359 4863 ι
1391 4814 1481 4866 Ille
1503 4825 1681 4866 autem
1708 4827 1830 4865 cum
1862 4828 1976 4865 mo-

395 4889 585 4941 derate
615 4888 824 4940 divinas
859 4885 1230 4939 ei-cecinisset
1261 4885 1589 4952 Scripturas,
1623 4894 1678 4936 et
1710 4898 1972 4936 veneran-

397 4960 461 5009 da
495 4957 695 5010 Christi
724 4972 886 5010 cruce
911 4970 1031 5009 eam
1066 4956 1426 5023 obsignasset,
1462 4964 1587 5008 tunc
1607 4955 1820 5023 quidem
1853 4968 1971 5005 eam

398 5025 528 5081 fecit
567 5029 1045 5081 catechumenam.
1074 5044 1091 5075 ι
1131 5026 1374 5092 Denique
1403 5026 1614 5078 Marcus
1650 5026 1700 5077 in
1733 5025 1869 5076 libro
1900 5024 1974 5074 De

397 5100 504 5150 vita
537 5097 820 5165 Porphyrii
853 5095 1178 5150 Cazeusium
1227 5098 1453 5162 episcopi
1485 5111 1504 5150 :
1541 5113 1558 5146 ι
1592 5096 1684 5147 Die
1727 5095 1973 5162 sequenti

399 5178 650 5236 parentes
676 5169 921 5221 mulieris
941 5180 994 5221 et
1026 5168 1243 5235 cognati
1273 5179 1464 5219 euntes
1489 5169 1555 5219 ad
1591 5167 1807 5218 beatum
1839 5166 1971 5236 l’or-

400 5235 670 5308 phyrium,
694 5239 1051 5304 prociderunt
1079 5240 1146 5290 ad
1171 5240 1287 5304 ejus
1316 5240 1504 5307 pedes,
1531 5247 1784 5305 petentes
1816 5235 1976 5289 Chri-

399 5307 856 5376 sti’signacnlum.
893 5308 1091 5363 Beatus
1138 5323 1266 5362 vero
1301 5325 1422 5362 cum
1467 5324 1564 5362 eos
1600 5309 1886 5374 signasset,
1923 5314 1978 5356 et.

402 5379 622 5432 iecisset
647 5378 1090 5440 catechumenos,
1117 5379 1323 5432 dimisit
1355 5380 1472 5432 illos
1519 5381 1568 5432 in
1603 5393 1752 5446 pace,
1787 5378 1974 5446 pracci-

399 5451 554 5519 piens
583 5448 663 5502 eis
717 5457 775 5500 ut
829 5461 1084 5502 vacarent
1144 5460 1343 5503 sancta:
1387 5449 1646 5503 ecclesite.
1714 5448 1778 5500 Et
1812 5450 1972 5519 paulo

400 5516 519 5588 post
548 5535 669 5572 cum
702 5534 795 5572 eos
823 5520 1097 5572 catecbcsi
1129 5520 1472 5583 instituisset,
1503 5521 1816 5588 baptizavit.
1848 5536 1866 5567 ›
1899 5516 1974 5568 liv

401 5595 485 5644 his
519 5600 666 5659 patet
691 5594 1115 5643 catechumenos
1150 5606 1254 5642 non
1284 5593 1440 5644 aliter
1471 5605 1632 5659 quam
1675 5605 1767 5656 per
1799 5592 1971 5655 impo-

396 5662 649 5716 sitionem
685 5676 877 5713 manus
905 5662 1032 5713 olim
1069 5661 1120 5712 in
1160 5659 1397 5715 Ecclesia
1433 5660 1604 5713 factos
1640 5662 1823 5713 fuisse.
1844 5661 1976 5711 Ctun

402 5735 566 5801 igitur
601 5732 987 5786 Constantinus
1020 5740 1149 5784 tunc
1185 5733 1420 5798 primum
1467 5747 1660 5785 manus
1685 5729 1980 5798 impositio-

402 5819 521 5854 nem
561 5805 614 5856 in
652 5803 883 5856 ecclesia
911 5802 1187 5870 accepisse
1221 5802 1454 5865 dicatur,
1487 5811 1694 5856 constat
1729 5815 1851 5852 eum
1887 5814 1979 5851 ca-

406 5875 790 5929 techmncnum
823 5875 1086 5940 ,nondum
1138 5871 1325 5927 fuisse.
1375 5874 1482 5927 Sed
1534 5875 1676 5928 dicet
1732 5870 1975 5940 aliquis:

2069 1939 2396 1992 Christianis
2434 1940 2682 2003 ediderit,
2719 1949 2797 1993 tot
2833 1943 3092 1994 ecclesias
3126 1940 3479 2002 exstruxerit,
3509 1954 3644 2005 geu-

2069 2009 2193 2062 tiles
2221 2013 2284 2060 ad
2317 2009 2716 2076 suscipiendam
2753 2012 2906 2064 ﬁdem
2951 2011 3150 2064 Christi
3181 2011 3432 2064 omnibus
3468 2009 3642 2062 modis

2067 2079 2399 2140 ineitaverit,
2445 2088 2500 2132 et
2557 2080 2842 2133 licereticos
2874 2097 2936 2134 ac
2985 2080 3364 2134 schismaticos
3404 2077 3643 2131 basilicis

2067 2150 2180 2204 suis
2209 2148 2563 2216 spoliaverit?
2597 2148 2757 2203 Certe
2804 2151 3057 2204 omnibus
3085 2149 3374 2204 Christiani
3410 2148 3644 2202 hominis

2067 2217 2255 2272 oﬂieiis
2302 2234 2422 2272 eum
2460 2217 2801 2286 perfunctum
2839 2219 3004 2273 fuisse
3062 2231 3289 2273 testatur
3344 2219 3632 2276 Eusebius.

2068 2290 2202 2343 Nam
2265 2297 2318 2341 et
2371 2288 2593 2356 jejnniis
2650 2299 2810 2358 atque
2854 2291 3188 2343 orationibus
3243 2304 3387 2358 eum,
3420 2303 3642 2343 vacasse

2069 2359 2283 2420 scribit,
2319 2368 2372 2410 et
2406 2357 2733 2412 Dominicos
2764 2360 2877 2412 dies
2921 2376 2982 2413 ac
3031 2369 3326 2429 martyrum
3369 2357 3635 2429 festaﬂcc-

2070 2429 2343 2494 lebrasse;
2379 2439 2726 2496 pernoctasse
2748 2431 2908 2482 etiam
2941 2431 2992 2482 in
3025 2425 3221 2496 vigiliis
3248 2428 3488 2481 Paschaa.
3516 2425 3639 2480 Hice

2068 2501 2248 2553 omnia
2301 2509 2354 2552 et
2405 2498 2572 2551 multo
2628 2501 2801 2551 adlmc
2833 2500 2916 2568 plu
2931 2515 2984 2550 ra
3015 2515 3132 2565 quae
3166 2498 3346 2550 afferri
3379 2507 3630 2565 possent,

2068 2569 2482 2623 Constantinum
2512 2569 2764 2636 gentilem
2797 2585 2905 2623 non
2935 2569 3099 2622 fuisse
3130 2569 3494 2629 convincunt;
3541 2568 3638 2620 sed

2069 2641 2320 2693 eumdem
2350 2642 2798 2692 catcchumemnn
2842 2639 3010 2694 luisse
3054 2656 3160 2694 non
3197 2646 3448 2706 arguunt.
3479 2636 3640 2689 Certe

2071 2711 2122 2762 in
2161 2710 2244 2763 his
2298 2719 2529 2779 quatuor
2566 2710 2782 2764 Eusebii
2832 2711 3006 2771 libris,
3061 2709 3256 2776 quibus
3284 2707 3640 2779 Constantini

2069 2781 2244 2848 pietas
2292 2776 2345 2834 et
2396 2779 2583 2847 religio
2612 2779 2939 2847 celebratur,
2970 2795 3237 2847 nusquam
3283 2777 3481 2846 legitur
3506 2776 3645 2848 Con-

2070 2847 2368 2903 Stautinum
2402 2851 2454 2901 in
2505 2850 2735 2902 ecclesia
2789 2865 2913 2903 cum
2966 2850 3186 2918 reliquis
3233 2847 3644 2902 catechumenis

2069 2935 2262 2985 preces
2299 2920 2517 2982 fecisse,
2549 2934 2653 2972 nec
2697 2931 3096 2972 sacramentum
3127 2920 3640 2972 cateclmmenorum

2069 2991 2388 3058 percepisse.
2421 2989 2662 3056 Cumque
2686 2990 2749 3042 de
2787 2990 2987 3043 llelena
3033 2992 3272 3058 Angusta
3306 2997 3478 3040 matre
3506 2986 3640 3058 imp.

2067 3057 2406 3112 Constantini
2451 3061 2501 3113 id
2530 3060 2729 3112 diserte
2789 3060 3018 3112 allirtnet
3073 3059 3361 3121 Eusebius,
3417 3072 3536 3110 eam
3588 3057 3642 3110 in

2070 3130 2300 3184 ecclesia
2323 3145 2445 3183 cum
2482 3131 2706 3192 reliquis
2739 3130 3051 3182 mulieribus
3108 3129 3444 3192 constitisse;
3507 3143 3643 3178 tutn-

1995 3223 2035 3278 ε
2070 3211 2448 3278 quamdamen
2493 3199 2959 3278 de_Con_stanti.vlt_o
2995 3199 3134 3252 idetn
3161 3198 3239 3278 .ab
3292 3199 3382 3278 illo
3412 3195 3640 3278 _dictutn

2072 3265 2334 3324 invenias.
2370 3271 2584 3335 Quodsi
2616 3270 2862 3339 obiicias,
2893 3270 3304 3323 Constantinum
3330 3265 3642 3334 Helenopoii

2071 3341 2120 3392 in
2155 3351 2452 3409 martyrum
2501 3341 2696 3407 templo
2734 3341 3062 3391 diversatum
3094 3343 3295 3399 fuisse,
3339 3349 3392 3392 et
3447 3351 3640 3409 preces

2071 3411 2137 3462 ad
2178 3406 2341 3463 Deum
2379 3410 2579 3462 fudisse
2601 3406 2622 3470 ,7
2651 3412 2881 3478 primum
2911 3410 3206 3476 respondeo
3237 3410 3416 3461 lizecin
3442 3406 3642 3478 nostris

2069 3480 2348 3533 codicibus
2374 3497 2478 3532 non
2509 3481 2630 3548 legi,
2654 3477 2721 3532 rut
2750 3481 3077 3547 pauloantea
3107 3479 3413 3532 observavi.
3439 3477 3641 3530 Deinde

2069 3551 2334 3604 ecclesias
2359 3551 2564 3616 ingredi
2601 3551 2798 3603 licebat
2845 3551 3008 3602 etiam
3064 3550 3375 3615 gentilibus,
3413 3555 3641 3614 excepto

2071 3621 2361 3673 missarum
2391 3629 2887 3689 temporezquanto
2919 3620 3087 3684 magis
3121 3620 3172 3672 id
3207 3619 3358 3672 licuit
3409 3618 3642 3689 impera-

2073 3691 2193 3749 tori,
2222 3691 2311 3756 qui
2341 3705 2398 3743 se
2437 3687 2789 3744 christianum
2848 3690 3220 3758 prolitebatur.
3277 3689 3410 3741 Cum
3475 3687 3642 3754 igitur

2075 3760 2338 3813 Eusebius
2370 3761 2455 3813 hic
2479 3771 2663 3828 aperte
2694 3761 2905 3823 doceat,
2946 3759 3382 3828 Constantinum
3405 3759 3638 3825 primum

2073 3829 2384 3898 Helenopoli
2414 3827 3014 3898 manusimpositionem
3042 3845 3070 3880 a
3104 3827 3471 3882 sacerdotibus
3489 3841 3645 3880 acce-

2071 3903 2236 3968 pisse,
2268 3902 2422 3967 plane
2457 3900 2710 3961 ellicitnr,
2752 3901 2898 3953 illum
2944 3909 3066 3952 ante
3122 3901 3222 3953 hoc
3259 3908 3468 3964 tempus
3499 3908 3645 3968 cate-

2072 3964 2402 4024 cliunteittltn
2468 3987 2573 4022 non
2624 3972 2806 4024 fuisse.
2854 3972 2978 4024 Scio
3025 3969 3378 4022 Athanasium
3426 3969 3479 4021 in
3519 3964 3642 4020 Vita

2073 4041 2245 4094 sancti
2268 4040 2508 4105 Antonii,
2545 4041 2631 4092 ubi
2662 4043 2728 4094 de
2761 4041 2951 4105 litteris
2977 4056 3004 4091 a
3029 4041 3384 4092 Constantino
3411 4039 3476 4092 ad
3527 4037 3639 4088 An-
3690 4060 3695 4070 ι

2075 4112 2278 4162 initium
2307 4113 2524 4178 scriptis
2553 4111 2809 4177 loquitur,
2853 4120 2906 4163 et
2940 4114 3295 4178 Augustinum
3334 4109 3384 4160 in
3415 4108 3640 4178 epistola

2074 4180 2178 4234 162
2209 4192 2262 4233 et
2299 4176 2430 4239 166(
2451 4176 2862 4234 Constantinum
2889 4176 3180 4234 Christiani
3206 4179 3462 4248 principis
3487 4176 3642 4248 tittth

2075 4252 2337 4305 allecissc.
2372 4253 2475 4304 Sed
2508 4252 2818 4316 responderi
2857 4262 3050 4316 potest,
3089 4266 3181 4302 eos
3225 4252 3324 4302 hac
3361 4251 3413 4300 in
3443 4261 3500 4300 re
3529 4247 3644 4299 vul-

2075 4333 2256 4391 gatatn
2294 4323 2535 4374 omnium
2569 4321 2878 4391 opinionem
2917 4335 2980 4374 ac
3011 4323 3204 4372 l'amatu
3236 4329 3451 4391 secutos
3475 4332 3596 4370 esse
3623 4333 3637 4368 :

2073 4383 2122 4441 Et
2154 4391 2570 4442 Constantinum
2609 4383 2780 4454 palam
2815 4387 3186 4436 Christianum
3218 4383 3513 4450 principem
3547 4398 3641 4454 ap—

2073 4461 2321 4529 pellasse,
2354 4476 2457 4511 non
2483 4453 2624 4526 quod
2652 4458 2976 4529 Christiana:
3007 4456 3130 4529 fidei
3157 4454 3512 4529 sacramentis
3545 4453 3640 4529 ad-

2074 4523 2178 4582 huc
2227 4530 2470 4582 initiatus
2502 4523 2672 4590 esset,
2705 4530 2794 4581 sed
2831 4527 2954 4594 qttia
3006 4525 3326 4594 Christiana;
3365 4523 3638 4590 religionis

2072 4602 2277 4654 cultum
2306 4611 2487 4668 aperte
2515 4593 2884 4668 prolitebatur.
2916 4596 3031 4648 Alia
3068 4610 3284 4662 quoque
3315 4593 3470 4670 longe
3498 4608 3634 4670 “grai

2071 4672 2190 4724 vior
2241 4662 2472 4738 objectio
2517 4662 2780 4723 adversus
2821 4677 3058 4738 nostram
3101 4664 3416 4738 sententiam
3450 4662 3636 4738 alierri

2072 4751 2252 4811 potest
2278 4733 2341 4794 e'x
2370 4758 2488 4807 cap.
2519 4741 2586 4792 5:7.
2612 4740 2700 4792 lib.
2731 4756 2764 4792 I.
2801 4737 2957 4803 cujus
2988 4734 3381 4811 hicesttitnlns
3410 4733 3637 4811 ξ-ξρπως

2072 4803 2400 4883 Seniculi-.051;
2441 4803 3013 4883 ’Κωνστσιντίνοςτηρια
3064 4806 3135 4856 lix
3171 4818 3294 4883 .quo
3343 4803 3634 4883 colligitur,

2069 4871 2486 4936 Constantinum
2513 4882 2692 4932 statim
2720 4888 2840 4944 post
2865 4877 3006 4928 illam
3037 4871 3216 4928 crucis
3240 4874 3291 4925 itt
3316 4874 3454 4928 coelo
3483 4871 3641 4944 visio-

2078 4970 2198 5006 nem
2233 4956 2432 5006 lactum
2494 4967 2615 5006 esse
2669 4941 3138 5003 catechutnenum.
3188 4947 3291 4998 Sed
3351 4941 3647 5010 respondeo

2079 5026 2270 5077 titulos
2298 5024 2430 5076 istos
2463 5038 2566 5077 non
2602 5021 2670 5073 ab
2702 5021 2937 5073 Ensebio
2969 5017 3296 5086 compositos
3333 5014 3516 5073 fuisse,
3550 5010 3646 5064 sed

2078 5097 2146 5147 ab
2181 5096 2480 5147 recentiore
2512 5093 2712 5158 aliquo,
2759 5102 2815 5144 ιιι
2864 5104 3024 5158 supra
3057 5088 3492 5158 demonstratum
3515 5089 3642 5158 Aest.

2082 5165 2282 5217 Deinde
2332 5149 2663 5234 κατηχηοέίς
2701 5149 2786 5213 ibi
2835 5149 3066 5234 ξιιιίιὶιιιι·
3099 5173 3218 5234 _pro
3243 5149 3645 5234 ‘paﬁqtsquic.

2078 5237 2237 5288 Certe
2264 5229 2546 5288 Eusebius
2580 5237 2629 5286 in
2685 5242 2796 5285 toto
2849 5231 2938 5284 illo
2992 5230 3172 5299 capite
3234 5229 3645 5299 Constantinum

2082 5308 2527 5359 catechumenum
2560 5307 2757 5356 factum
2793 5317 2912 5355 esse
2947 5297 3247 5362 non‘dicit,
3301 5297 3395 5372 sed
3426 5301 3644 5372 tantum

2084 5379 2363 5446 episcopos
2398 5377 2462 5428 ab
2492 5375 2582 5428 illo
2617 5383 2887 5446 evocatos,
2930 5373 3191 5424 rationem
3235 5366 3472 5446 ctrl‘eSIis
3506 5362 3647 5446 illius

2087 5435 2308 5501 visionis
2335 5447 2380 5499 ei
2433 5446 2756 5514 aperuisse:
2808 5445 2979 5512 ipsum
3031 5456 3155 5514 vero
3187 5439 3380 5494 exinde
3431 5435 3647 5488 lectioni

2082 5533 2358 5570 sacrorum
2394 5511 2723 5569 voluminum
2752 5511 2970 5584 operam
3005 5511 3235 5584 dedisse.
3266 5577 3314 5584 ἡ-
3397 5577 3409 5584 _
3491 5573 3520 5584 Π

2154 5588 2263 5654 ιὸό)
2310 5587 2430 5640 Τῶν
2459 5586 2556 5639 διὰ
2595 5573 2967 5655 χειροθέσὶας
3010 5579 3224 5655 sexti»;
3263 5577 3451 5655 SicAin
3490 5573 3647 5655 lib.‘l

2089 5642 2337 5710 ιιιὶιυὲυω
2373 5642 2786 5723 Εεειεδὶᾶξιιῖοαί,
2817 5642 3054 5725 (ειιρί15,
3083 5642 3245 5725 sexu;
3279 5667 3338 5703 τε
3359 5647 3446 5725 διὰ
3469 5642 3649 5725 χειρὸς

2081 5728 2280 5784 λαϐών.
2319 5732 2397 5782 Ad
2431 5746 2588 5798 quem
2624 5722 2794 5783 locum
2838 5722 2955 5780 vide
2987 5739 3106 5793 qua:
3153 5722 3429 5799 adnotavi.
3473 5723 3652 5799 Αιιιξξξ·

2082 5805 2259 5854 stinus
2287 5802 2337 5853 in
2374 5786 2464 5855 lib:
2498 5816 2537 5855 tt
2575 5801 2645 5853 De
2679 5786 3021 5874 peccatorum:
3043 5795 3378 5874 remissione,
3406 5805 3527 5860 cap.
3553 5786 3645 5851 26,

2084 5883 2239 5928 vocat
2273 5874 2571 5928 orationem
2606 5867 2794 5926 manus
2826 5867 3205 5937 impositionis.
