4150 6438
604 392 742 448 12ί9

1349 386 1618 444 EUSEBII
1654 382 2127 442 CIESARiENSlS
2163 380 2315 439 OPP.
2353 381 2537 437 PARS
2574 381 2615 435 1.
2655 412 2725 422 -
2761 380 3151 437 HISTOBICA.

3722 383 3869 438 i220

602 506 692 576 qui
737 504 905 559 tantis
949 503 1111 558 bouis
1140 502 1509 572 privarentur.
1575 500 1820 570 Cumque
1871 499 2076 553 tribuni
2119 512 2175 551 ac

2286 494 2569 556 ἀπεκάλει,
2602 493 2817 557 ἀθλίους
2849 489 2987 547 εἶναι
3012 493 3185 561 λέγων
3205 534 3220 557 ,
3254 494 3380 556 τοὺς
3403 492 3567 547 τῶνδε
3592 494 3700 548 τῶν
3726 498 3870 564 ἀγαο

603 600 766 652 duces
788 596 1110 657 militarium
1135 596 1414 663 cupiarum
1440 593 1777 661 introgressi,
1827 592 1999 645 vicem
2025 605 2174 643 suam

602 690 849 746 dolerent
881 691 1025 759 quod
1056 690 1221 744 orbos
1269 688 1414 755 ipsos
1459 686 1812 754 relinqueret,
1867 692 1922 738 et
1968 683 2178 751 longio-

602 797 718 835 rem
752 781 854 850 ipsi
884 782 1051 834 vitam
1087 786 1573 848 comprecarentur
1594 816 1608 840 ,
1647 778 1732 830 bis
1761 776 1925 830 etiam
1954 789 2179 841 respon-

601 871 753 935 dens,
788 887 933 925 nunc
966 871 1180 925 demum
1213 882 1398 922 veram
1440 880 1499 918 se
1552 866 1714 919 vitam
1776 864 2029 933 adeptum
2060 878 2181 917 esse

601 962 759 1022 dixit,
804 976 968 1031 seque
1012 977 1179 1015 unum
1210 961 1416 1029 optime
1449 972 1629 1020 nosse,
1654 965 1982 1026 quantorum
2012 956 2179 1008 bono-

600 1067 721 1106 rum
745 1054 1015 1121 particeps
1055 1051 1233 1106 faetus
1258 1051 1470 1106 fuisset.
1503 1049 1737 1104 Proinde
1766 1060 2063 1117 properare
2099 1061 2177 1108 se,

600 1154 653 1201 et
694 1145 1084 1215 profectionem
1138 1145 1205 1198 ad
1240 1145 1406 1198 Deum
1452 1159 1607 1197 suum
1649 1140 1793 1194 nulla
1850 1139 2178 1207 tergiversa-

603 1238 749 1291 ti0ne
798 1236 1039 1292 dill‘erre.
1091 1236 1315 1306 Singula
1378 1235 1575 1289 deinde
1649 1249 1746 1302 pro
1805 1225 2045 1286 arbitrio
2082 1245 2179 1284 suo

600 1328 895 1397 disposuit:
926 1342 989 1382 ac
1019 1327 1277 1380 Romanis
1304 1326 1526 1394 quidem
1577 1324 1781 1393 regiam
1808 1322 1996 1377 urbem
2029 1322 2181 1375 int-o-

600 1419 836 1484 lentibus
859 1436 1036 1473 annua
1066 1420 1311 1487 qttmdam
1342 1432 1567 1471 munera
1599 1413 1817 1485 legavit,
1854 1415 1967 1468 suis
1997 1423 2177 1466 autem

602 1510 787 1564 liberis
838 1511 1122 1578 imperium
1180 1509 1329 1563 velut
1368 1520 1651 1578 paternam
1690 1506 2057 1561 limreditatem
2091 1519 2180 1559 re-

599 1601 791 1671 liquit,
844 1612 1038 1658 cuncta
1074 1612 1235 1670 prout
1272 1602 1373 1670 ipsi
1405 1600 1710 1663 videbatur,
1749 1599 2108 1655 constituens.

1162 1782 1388 1838 CAPUT
1429 1783 1609 1838 LXIV.

2282 584 2390 639 θῶν
2422 585 2832 656 στερουμένους.
2884 586 3034 638 Ἐπεὶ
3059 585 3115 637 δὲ
3140 584 3249 638 τῶν
3280 586 3659 657 στρατοπέδων
3692 590 3739 642 οἱ
3768 606 3871 642 τα-

2282 676 2497 749 ξιάρχαι
2548 679 2642 732 καὶ
2687 678 3061 749 καθηγεμόνες
3096 676 3227 731 εἴσω
3262 678 3620 750 παρελθόντες
3646 680 3870 734 ἀπωδύ-

2283 788 2455 842 ροντο,
2491 773 2630 841 σφᾶς
2661 771 2858 833 αὐτοὺς
2895 770 3133 840 ἐρήμους
3164 769 3379 823 ἔσεσθαι
3422 770 3864 842 ἀποκλαιόμενοι,

2279 863 2578 932 ἐπηύχοντό
2608 880 2667 915 τε
2701 862 2848 932 ζωῆς
2888 862 3035 931 αύτῴ
3065 861 3291 932 χρόνους
3317 880 3329 893 ι
3363 862 3457 915 καὶ
3485 861 3696 924 τούτοις
3727 864 3863 916 ἀπο·-

2282 955 2638 1024 κρινάμενος,
2683 954 2775 1006 νῦν
2819 952 2923 1022 ἐφη
2961 952 3059 1021 τῆς
3106 951 3338 1023 ἀληθοῦς
3385 951 3528 1023 ζωῆς
3574 952 3861 1022 ἠξιῶσθαι,

2286 1047 2445 1117 μόνον
2486 1048 2533 1099 τ’
2555 1047 2729 1099 ,αὑτὸν
2772 1045 2969 1098 εἰδέναι
3001 1039 3075 1099 ὧν
3122 1046 3445 1116 μετείληφεν
3484 1045 3734 1114 ἀγαθῶν⁸
3781 1047 3867 1100 διὸ

2283 1136 2377 1189 καὶ
2409 1136 2657 1188 σπεύδειν
2677 1175 2692 1200 ,
2728 1135 2848 1204 μηδ’
2876 1134 3269 1188 ἀναϐάλλεσθαι
3292 1134 3390 1206 τὴν
3415 1135 3549 1207 πρὸς
3574 1136 3665 1190 τὸν
3696 1137 3863 1190 αὑτοῦ

2282 1229 2411 1282 Θεὸν
2435 1228 2680 1299 πορείαν.
2708 1226 2818 1280 Εἶτ’
2843 1229 2934 1281 ἐπὶ
2961 1225 3168 1292 τούτοις
3195 1226 3264 1281 τά
3292 1230 3636 1300 προσήκοντα
3656 1228 3865 1283 διετάτ⁴

2281 1339 2439 1375 τετοο
2487 1322 2579 1376 καὶ
2622 1320 2924 1391 Ῥωμαίους
2975 1321 3071 1391 μὲν
3109 1322 3235 1384 τοὺς
3279 1322 3377 1393 τὴν
3420 1321 3663 1392 βασιλίδα
3708 1322 3863 1375 πόλιν

2282 1413 2563 1476 οἰκοῦντας
2597 1413 2757 1483 ἐτίμα
2794 1412 3002 1465 δόσεσιν
3047 1412 3303 1482 ἐτησίοις,
3335 1416 3445 1476 τοῖς
3468 1413 3512 1467 δ’
3539 1414 3700 1466 αὐτοῦ
3736 1431 3865 1466 παι-

2285 1504 2389 1566 σὶν,
2424 1502 2613 1575 ὥσπερ
2652 1502 2773 1555 τινὰ
2823 1502 3094 1574 πατρικὴν
3144 1500 3397 1574 ὕπαρξιν,
3446 1504 3535 1558 τὸν
3573 1505 3669 1576 τῆς
3710 1504 3863 1575 βασι-

2282 1596 2429 1660 λείας
2479 1595 2763 1665 παρεδίδου
2814 1593 3033 1666 κλῆρον,
3082 1595 3239 1650 πάνθ’
3267 1597 3366 1649 ὅσα
3406 1597 3533 1666 φίλα
3577 1594 3644 1669 ἦν
3688 1598 3858 1670 αὐτῷ,

2282 1688 2595 1743 διατύπωσά
2602 1705 2782 1759 μενος.

2805 1779 3197 1833 ΚΕΦΛΛΑΙΟΝ
3225 1776 3339 1832 ΞΔ’.

600 1874 929 1928 Constantini
961 1892 1101 1928 mors
1138 1877 1222 1928 die
1268 1876 1405 1945 festo
1447 1875 1800 1940 Pentecostes,
1848 1877 1989 1929 circa
2030 1876 2175 1929 meri-

2315 1872 2785 1945 Kwrcrzartlroo
2805 1869 3053 1945 caleor};
3082 1874 3150 1922 ὲν
3181 1868 3254 1945 τῇ
3274 1869 3396 1945 ,τῆς
3419 1870 3834 1939 Πεντηκοστῆς

1312 1948 1471 1999 diem.

671 2034 846 2090 Porro
887 2036 1002 2090 haec
1034 2037 1216 2089 omnia
1248 2038 1572 2103 gerebantur
1611 2039 1662 2090 in
1702 2039 1938 2090 maxima
1973 2036 2065 2090 illa
2097 2052 2186 2091 so-

599 2126 884 2193 lemnitate
920 2128 1243 2180 vcuerandre
1287 2138 1339 2179 et
1377 2127 1763 2182 sacratissima:
1794 2126 2180 2184 Pentecostes.

600 2229 721 2281 quae
755 2214 1065 2279 septenario
1088 2214 1489 2269 ltebdomaalum
1521 2231 1747 2270 numero
1770 2216 2044 2279 decorata,
2065 2215 2185 2269 uni-

602 2312 717 2358 tate
767 2304 1108 2372 obsignatur.
1165 2306 1222 2359 ln
1262 2322 1365 2375 qua
1411 2317 1466 2363 et
1514 2308 1823 2363 communis
1876 2308 2182 2363 Servatoris

602 2409 890 2449 ascensum
942 2396 995 2448 in
1054 2396 1245 2462 caalos,
1297 2408 1352 2453 et
1406 2400 1579 2453 sancti
1621 2398 1857 2469 Spiritus
1914 2402 1967 2454 in
2009 2411 2183 2455 terras

600 2484 919 2539 descensum
952 2487 1250 2555 contigisse
1304 2504 1475 2575 sacra:
1530 2490 1751 2545 Litterae
1796 2500 2082 2547 testantur.
2125 2492 2179 2545 In

599 2588 661 2628 ea
701 2574 864 2640 igitur
903 2574 1252 2632 solemnitate
1289 2574 1584 2649 imperator
1628 2582 1742 2636 base
1777 2598 1895 2651 qua:
1947 2583 2183 2638 diximus

600 2664 765 2736 559
793 2677 1135 2734 consecutus,
1168 2670 1354 2725 ultima
1385 2675 1600 2728 tandem
1634 2676 1743 2739 die,
1798 2691 1959 2743 quam
1990 2677 2034 2729 si
2062 2676 2183 2744 quis

598 2763 839 2815 omnium
874 2760 1226 2816 festivitatem
1259 2765 1548 2818 maximam
1569 2768 2179 2836 vocet,liaudquaquam

600 2866 721 2906 meo
748 2853 957 2922 judicio
991 2855 1352 2921 aberraverit,
1407 2857 1551 2910 circa
1599 2858 1886 2911 meridiem
1927 2858 2183 2926 migravit

598 2945 666 2995 ad
705 2943 987 2998 Dominum
1013 2984 1028 3008 ,
1062 2945 1381 2998 mortalibus
1406 2947 1624 3015 quidem
1658 2956 1869 3016 partem
1904 2948 1990 3001 sui
2034 2962 2181 3001 mor-

601 3031 765 3084 talem
800 3033 1143 3101 relinquens,
1184 3048 1304 3087 eam
1335 3048 1464 3090 vero
1488 3036 1684 3091 animae
1715 3047 1925 3106 partem
1951 3051 2070 3106 quae
2101 3036 2184 3091 in-

599 3125 896 3196 telligentia
951 3135 1006 3179 et
1070 3140 1257 3179 amore
1305 3126 1398 3181 Dei
1450 3129 1677 3197 praedita
1744 3138 1893 3192 erat,
1937 3128 2045 3183 Deo
2082 3144 2179 3182 suo

600 3192 953 3287 conjungens.
999 3215 1099 3271 llic
1131 3192 1488 3275 Constantino
1518 3220 1700 3275 exitus
1738 3222 1859 3275 vitae
1887 3219 2009 3274 fuit.
2071 3218 2175 3273 Sed
2207 3192 2247 3248 δ

598 3322 887 3377 pergamus
922 3309 988 3361 ad
1028 3306 1257 3375 reliqua.

1162 3397 1388 3453 CAPUT
1446 3398 1613 3451 LXV.

882 3491 1115 3544 Militum
1157 3501 1202 3545 et
1254 3492 1585 3543 tribunorum
1632 3489 1892 3559 planctus.

669 3580 736 3635 Et
774 3568 1111 3649 protectores
1137 3581 1357 3649 quidem
1390 3581 1678 3650 omnisque
1714 3582 2030 3648 stipatorum
2064 3593 2176 3636 tur-

596 3668 687 3737 ba,
717 3670 999 3724 confestim
1032 3671 1321 3738 discerptis
1353 3672 1595 3725 vestibus
1647 3687 1847 3740 pronos
1883 3688 1944 3726 se
1976 3674 2032 3725 in
2068 3685 2176 3727 ter-

600 3775 713 3814 ram
741 3762 1058 3831 abjicientes
1107 3771 1271 3831 caput
1324 3762 1441 3816 solo
1490 3761 1792 3826 illidebant,
1842 3761 2073 3830 ejulatus
2121 3775 2175 3818 et

597 3852 831 3907 lamenta
869 3870 992 3907 cum
1042 3854 1260 3923 planctu
1293 3865 1350 3909 et
1382 3854 1711 3907 clamoribus
1736 3856 1958 3908 edentes
1978 3896 1993 3920 ,
2023 3870 2175 3909 eum-

597 3960 704 4014 que
733 3944 1012 3999 dominum
1040 3954 1202 4013 atque
1236 3936 1642 4014 imperatorem,
1664 3959 1762 3997 nec
1785 3954 1841 3996 ut
1866 3944 2171 4009 dominum,

597 4037 690 4089 sed
737 4045 794 4087 ut
825 4046 1104 4104 parentem
1152 4036 1384 4102 piissimi
1429 4034 1584 4089 liberi
1628 4036 2001 4088 inclamantes.
2048 4034 2175 4090 Tri«

596 4126 725 4181 buni
765 4142 892 4182 vero
948 4138 1002 4181 et
1048 4128 1393 4182 centuriones
1451 4136 1826 4194 servatorem,
1887 4128 2171 4197 praesidem

594 4217 732 4273 bene
762 4220 1012 4272 meritum
1052 4220 1443 4290 prmdicabant.
1473 4220 1690 4289 Reliqui
1744 4222 2017 4275 exercitus
2051 4230 2171 4275 tan-

593 4324 754 4377 quam
790 4324 981 4380 greges
1036 4310 1279 4376 quidam,
1329 4326 1453 4365 cum
1491 4312 1640 4366 cunni
1687 4311 1953 4366 modestia
1984 4327 2051 4366 ac
2088 4328 2173 4367 re-

595 4401 839 4453 verentia
904 4402 1167 4469 Optimum
1216 4411 1490 4470 pastorem
1547 4401 1951 4458 desiderabant.
2012 4404 2172 4459 Plebs

593 4505 809 4558 quoque
835 4507 932 4560 per
959 4492 1268 4547 universam
1308 4493 1582 4546 civitatem
1618 4494 1978 4559 discurrebat,
2038 4495 2166 4550 inti-

595 4596 743 4634 mum
778 4583 946 4637 animi
983 4583 1064 4638 sui
1119 4582 1359 4638 dolorem
1421 4584 1817 4641 vociferatione
1865 4594 1920 4640 et
1960 4586 2167 4642 clamo-

595 4671 746 4725 ribus
786 4675 996 4728 abunde
1046 4675 1383 4744 significans.
1434 4675 1730 4747 Multi,pra:
1763 4679 1973 4743 dolore,
2022 4688 2165 4734 atto-

596 4763 723 4816 nitis
765 4764 969 4821 similes
1012 4769 1369 4834 videbantur,
1434 4770 1664 4838 singulis
1700 4773 1841 4823 hanc
1888 4771 2165 4840 prepriam

594 4956 856 5035 attjectam
883 4958 1083 5035 inveni.
1116 4960 1275 5035 Deest
1302 4972 1484 5035 tamen
1514 4964 1565 5035 in
1592 4965 1778 5035 codice
1828 4965 2020 5035 Regio,
2062 4983 2162 5023 nec

595 5029 747 5080 valde
772 5032 1074 5081 neerassaria
1106 5032 1234 5085 mibi
1267 5033 1496 5088 videtur.
1524 5034 1575 5087 lu
1603 5032 1737 5087 Fuk.
1770 5029 1948 5088 anteiit
1977 5029 2163 5093 codice
2214 5036 2219 5041 ”

593 5107 647 5151 et
672 5099 724 5150 iu
757 5098 908 5151 libris
941 5097 1174 5153 Turnehi
1217 5120 1279 5155 ac
1310 5102 1516 5167 Savilii,
1565 5107 1788 5158 verbum
1820 5107 2159 5161 πεπίστευκα

593 5168 810 5242 additur
838 5179 957 5242 post
986 5184 1170 5223 vocem
1209 5173 1403 5240 φωτός.
1439 5174 1624 5242 Itaque
1657 5190 1814 5229 error
1849 5190 1933 5232 est
1967 5190 2077 5233 tum
2108 5183 2159 5232 in

592 5238 735 5292 iibru
768 5240 968 5302 Monei,
993 5250 1104 5291 tum
1140 5242 1189 5291 in
1215 5238 1449 5296 editione
1477 5238 1799 5299 Goluevensi.

661 5308 772 5379 (64)
800 5307 1191 5383 νωθέίοξῂάδι
1206 5312 1255 5363 τ’
1282 5313 1868 5383 ἑπισρρτιγιζομένης.
1910 5317 2162 5373 Scriben-

590 5380 812 5455 dutnest
842 5380 1027 5455 μονάδι
1050 5380 1091 5431 δ’
1109 5380 1739 5455 ἐπισφραγιςομένηςξιιι
1758 5380 1811 5439 in
1828 5380 2040 5441 scbedis
2060 5390 2159 5442 lie-

589 5450 689 5517 giis
708 5450 951 5523 babetnr.
984 5452 1149 5504 Porro
1166 5466 1230 5504 ex
1253 5450 1351 5505 huc
1376 5450 1754 5523 loco,:tpparet,
1782 5455 2154 5512 Pentecostem

589 5522 729 5596 sumi
759 5536 863 5596 non
888 5523 1059 5596 solum
1083 5536 1180 5596 pro
1206 5525 1405 5596 dieillo
1432 5530 1523 5593 qui
1546 5522 1629 5578 est
1668 5529 2155 5596 quinquagesimus

589 5602 622 5641 δ
650 5589 1039 5663 die_Pascbali,
1084 5589 1181 5645 sed
1225 5594 1391 5646 etiam
1423 5589 1520 5662 pro
1556 5589 1759 5663 septem
1800 5589 2153 5653 hebdomadis

587 5672 711 5779 Eua:
736 5658 938 5739 Pascha
964 5664 1383 5730 subsequuntur.
1418 5658 1491 5717 ita
1516 5658 1714 5733 passim
1747 5678 2012 5737 usurpant
2041 5680 2149 5722 tum

639 5742 757 5779 NEC!
815 5740 923 5779 lmn
974 5731 1169 5779 Latini-
1239 5731 1601 5779 Hiernnvmne
1649 5736 1702 5779 in
1778 5736 2013 5779 Rniemln
2086 5740 2149 5779 mi

639 5731 923 5805 rzecintum
974 5731 1169 5805 l_._atini.
1239 5731 1601 5804 Hieronymus
1649 5736 1702 5789 in
1777 5731 2017 5805 Epistola
2084 5740 2155 5794 ad

588 5795 891 5854 Marcellam
924 5818 938 5857 :
974 5800 1095 5856 Non
1121 5820 1223 5871 quo
1242 5818 1331 5871 per
1355 5795 1521 5859 totum
1544 5822 1740 5861 annum
1769 5795 1983 5875 eicepta
2011 5806 2150 5864 Pen-

2763 1940 2955 2009 ἐορτῇ,
2986 1941 3374 2010 μεσημϐρίας.

2357 2036 2603 2090 Ἕκαστα
2635 2034 2692 2087 δέ
2724 2033 2927 2086 τούτων
2958 2034 3052 2085 ἐπὶ
3094 2034 3191 2103 τῆς
3234 2033 3494 2103 μεγίστης
3533 2032 3857 2087 συνετελεῖτο

2288 2127 2500 2201 ἑορτῆς,
2547 2127 2647 2197 τῆς
2681 2126 2744 2195 δὴ
2782 2125 3090 2180 πανσέπτου
3139 2124 3232 2178 καὶ
3279 2124 3547 2193 παναγίας
3592 2125 3857 2195 Πεντηκο-

2286 2220 2446 2289 στῆς,
2494 2218 2757 2289 ἐΰδομὰσι
2805 2217 2902 2287 μὲν
2950 2217 3088 2269 ἐπτά
3134 2215 3539 2287 τετιμημένης,
3583 2215 3767 2285 μονάδι
3811 2214 3854 2268 δ’

2283 2308 2818 2382 ἐπισφραγιζομένης
2858 2307 2966 2378 (6-4)
2992 2348 3005 2371 ,
3057 2307 3176 2360 καθ’
3220 2309 3286 2378 ἢν
3332 2307 3432 2377 τὴν
3476 2308 3555 2369 είς
3600 2307 3857 2377 οὐρανοὺς

2281 2400 2545 2470 ἀνάληψιν
2567 2398 2658 2451 τού
2684 2396 2861 2451 κοινοῦ
2883 2397 3156 2466 Σωτῆρος,
3183 2399 3280 2468 τήν
3305 2414 3363 2449 τε
3395 2396 3488 2450 τοῦ
3514 2397 3667 2465 ἁγίου
3693 2396 3859 2449 [Ινεύ-

2285 2509 2451 2562 ματος
2479 2492 2558 2554 είς
2589 2488 2906 2560 ἀνθρώπους
2943 2489 3189 2556 κάθοδον,
3224 2488 3373 2558 λόγοι
3407 2488 3726 2561 γεγενῆσθαι
3758 2505 3856 2541 πε-

2284 2584 2522 2657 ριέχουσι
2566 2581 2719 2635 θεῖοι.
2770 2583 2857 2635 Ἐν
2889 2581 2952 2653 δὴ
2995 2580 3165 2653 ταύτῃ
3203 2582 3407 2634 τούτων
3435 2580 3683 2648 ἀξιωθεὶς
3711 2581 3857 2651 βασι-

2281 2672 2405 2736 λεὺς
2429 2713 2444 2735 ,
2475 2675 2567 2726 ἐπὶ
2598 2674 2698 2742 τῆς
2732 2673 2969 2745 ὑστάτης
3009 2672 3235 2726 ἁπασῶν
3270 2671 3511 2743 ἡμέρας,
3546 2674 3613 2742 ἣν
3642 2673 3705 2743 δὴ
3736 2674 3855 2744 ἑορ-

2281 2764 2379 2835 τὴν
2414 2764 2615 2834 ἑορτῶν
2651 2766 2751 2817 ούκ
2782 2764 2848 2817 ἄν
2878 2781 2962 2827 τις
2993 2764 3282 2835 διαμάρτοι
3324 2762 3535 2826 καλῶν,
3577 2764 3721 2833 ἀμφὶ
3761 2780 3857 2835 με-

2284 2855 2591 2927 σημϐρινάς
2633 2856 2785 2925 ἡλίου
2821 2855 2999 2927 ὥρας,
3036 2855 3172 2926 πρὸς
3233 2854 3327 2908 τὸν
3366 2854 3529 2907 αὐτοῦ
3563 2854 3695 2908 Θεὸν
3732 2855 3853 2909 ἁνε-

2282 2946 2604 3017 λαμὸάνετο,
2633 2946 2843 3016 θνητοῖς
2872 2946 2970 3017 μὲν
3004 2947 3064 2999 τὸ
3099 2946 3356 3017 συγγενὲς
3387 2943 3662 3017 παραδοὺς
3693 2946 3852 3016 ἔχειν,

2281 3039 2441 3102 αὐτὸς
2480 3038 2524 3091 δ’
2551 3040 2673 3091 ὅσον
2715 3034 2782 3111 ἦν
2823 3038 2988 3091 αὑτοῦ
3037 3040 3138 3110 τῆς
3184 3039 3361 3110 ψυχῆς
3420 3039 3603 3110 νοερόν
3659 3056 3717 3092 τε
3762 3039 3857 3094 καὶ

2283 3127 2563 3195 φιλόθεον,
2611 3127 2689 3199 τῷ
2736 3127 2901 3180 αὑτοῦ
2940 3127 3058 3198 Θεῷ
3115 3128 3534 3198 συναπτόμενος.
3584 3128 3752 3182 Τοῦτο
3797 3129 3855 3182 τὸ

2278 3217 2430 3280 τέλος
2476 3220 2575 3287 τῆς
2615 3217 3025 3271 Κωνσταντίνου
3067 3217 3242 3290 ζωῆς’
3291 3216 3427 3270 ἀλλά
3464 3216 3574 3290 γάρ
3618 3219 3855 3291 ἐπίωμεν

2278 3308 2371 3362 ἐπὶ
2399 3307 2467 3361 τὰ
2498 3309 2647 3379 ἑξῆς.
2721 3361 2725 3366 _

2801 3399 3197 3454 ΚΕΦΑΛΛΙΟΝ
3222 3397 3339 3453 ΞΕ’.

2468 3490 2847 3561 Στρατιωτῶν
2886 3492 2981 3545 καὶ
3029 3491 3367 3560 ταξιαρχῶν
3411 3490 3677 3560 ὀδυρμοὶ.

2346 3584 2644 3655 Δορυφόροι
2676 3587 2771 3655 μὲν
2806 3584 3000 3637 αὐτίκα
3040 3584 3133 3636 καὶ
3170 3585 3276 3637 πᾶν
3307 3585 3367 3637 τὸ
3395 3584 3503 3636 τῶν
3538 3599 3854 3655 σωματοφυ-

2276 3673 2456 3726 λάκων
2488 3674 2666 3741 γένος,
2700 3673 2931 3743 ἐσθῆτας
2964 3672 3450 3743 περιρρηξάμενοι,
3486 3675 3624 3742 σφᾶς
3661 3689 3721 3725 τε
3755 3672 3851 3725 αὐ·-

2276 3768 2398 3828 τοὺς
2435 3764 2688 3835 ῥίψαντες
2735 3765 2819 3816 ἐπ’
2862 3763 3120 3833 ἐδάφους,
3175 3763 3273 3826 τὰς
3317 3763 3555 3832 κεφαλὰς
3598 3765 3849 3834 ἧρασσον,

2276 3858 2572 3922 κωκυτοὺς,
2621 3856 2802 3925 φωνὰς
2842 3856 2950 3927 (65)
3000 3857 3267 3925 οἰμωγαῖς
3314 3855 3360 3908 θ’
3409 3854 3523 3926 ἅμα
3566 3854 3657 3907 καὶ
3702 3853 3851 3924 βοαῖς

2275 3950 2555 4017 ἀφιέντες,
2603 3948 2694 4001 τὸν
2737 3947 3037 4019 δεσπότην,
3085 3947 3175 4001 τὸν
3216 3946 3437 4018 κύριον,
3478 3946 3569 4000 τὸν
3608 3944 3849 4017 βασιλέα,

2273 4044 2370 4112 οὐχ
2397 4037 2481 4094 οἷα
2512 4041 2797 4111 δεσπότην,
2830 4041 3042 4109 πατέρα
3073 4039 3117 4091 δ’
3144 4038 3353 4112 ὥσπερ,
3389 4039 3626 4109 γνησίων
3652 4038 3850 4092 παίδων

2272 4134 2447 4205 δίκην,
2477 4134 2903 4201 ἀνακαλούμενοι
2930 4149 2942 4163 ο
2980 4132 3262 4205 ταξίαρχοι
3287 4133 3342 4185 δὲ
3373 4133 3467 4185 καὶ
3496 4132 3733 4202 λοχαγοὶ,
3760 4130 3849 4185 τὸν

2276 4228 2527 4298 σωτῆρα,
2568 4227 2658 4280 τὸν
2704 4226 2919 4294 φύλακα
2942 4265 2957 4290 ,
2992 4225 3082 4280 τὸν
3116 4225 3410 4296 εὐεργέτην
3456 4223 3808 4278 ἀνεκαλοῦντο
3829 4238 3845 4253 ο

2272 4320 2340 4373 τά
2378 4335 2435 4370 τε
2465 4317 2628 4371 λοιπά
2659 4314 3025 4388 στρατιωτικά
3069 4318 3167 4370 σὺν
3198 4317 3359 4370 παντὶ
3398 4316 3586 4387 κόσμῳ
3615 4314 3691 4385 τῷ
3717 4314 3849 4386 πρέ-

2274 4425 2456 4472 ποντι,
2491 4403 2577 4461 οἷα
2618 4408 2675 4460 ἐν
2711 4408 2931 4477 ἀγέλαις
2959 4404 3049 4460 τὸν
3080 4406 3282 4475 ἀγαθὸν
3315 4405 3543 4460 ἐπόθουν
3581 4406 3846 4476 ποιμένα·

2273 4498 2434 4568 δῆμοι
2460 4498 2506 4551 θ’
2528 4496 2787 4561 ὡσαύτως
2817 4498 2914 4568 τὴν
2947 4496 3240 4568 σύμπασαν
3269 4500 3647 4565 περιενόστουν
3672 4496 3846 4560 πόλιν,

2272 4590 2332 4641 τὸ
2364 4589 2461 4658 τῆς
2496 4588 2674 4659 ψυχῆς
2710 4588 3000 4659 ὲνδόμυχον
3039 4590 3202 4656 ἄλγος
3248 4591 3515 4659 κραυγαῖς
3562 4589 3655 4641 καὶ
3697 4586 3847 4657 βοαῖς

2273 4680 2493 4751 ἔκδηλον
2528 4679 2869 4752 ποιούμενον
2906 4679 3051 4733 ἄλλοι
3095 4679 3152 4733 δὲ
3190 4683 3453 4751 κατηφεῖς
3492 4678 3847 4749 ἐπτοημένοις

2271 4771 2543 4842 ἐῴκεσαν,
2583 4771 2811 4824 ἑκάστου
2857 4771 2918 4823 τὸ
2960 4769 3153 4834 πένθος
3186 4769 3296 4844 (66)
3331 4770 3460 4825 ἴδιον
3503 4770 3844 4841 ποιουμένου,

2272 4982 2459 5027 trcosle
2483 4973 2731 5041 jejunare
2763 4990 2867 5026 non
2897 4972 3074 5027 liceat.
3126 4971 3259 5025 lliuc
3296 4971 3435 5040 apud
3494 4970 3714 5025 Graecos
3744 4988 3843 5041 με-

2270 5043 2672 5113 σοπεντηκοστή
2706 5044 2903 5113 dicitur
2944 5043 3058 5113 dies
3082 5043 3278 5113 festus,
3314 5043 3403 5109 qui
3435 5056 3519 5093 est
3556 5043 3844 5094 vicesimus

2268 5110 2499 5183 quintus
2525 5131 2550 5165 a
2593 5110 2728 5167 [esto
2765 5112 3032 5183 Pascltali.
3078 5112 3203 5178 Ejus
3236 5110 3356 5166 festi
3388 5119 3845 5183 praeterrcmteros

2266 5180 2513 5237 meminit
2552 5182 2796 5237 Joannes
2843 5180 3263 5252 Cltrysostomus
3326 5182 3378 5235 in
3427 5182 3645 5235 bomilia
3698 5180 3733 5234 5
3776 5184 3844 5233 de

2263 5253 2442 5306 Antia.

2334 5323 2440 5394 (65)
2469 5322 2804 5387 Κωκυτοὺς,
2850 5318 3074 5394 φωνάς.
3109 5320 3307 5394 Ultima
3339 5320 3841 5394 voxdelendaest,

2265 5388 2479 5447 latitetsi
2534 5395 2585 5445 in
2620 5388 2869 5445 untntbus
2923 5391 3077 5443 libris
3127 5393 3327 5444 nostris
3380 5392 3666 5444 habeatur.
3720 5388 3843 5443 llo:

2263 5461 2609 5533 scribendum
2641 5473 2729 5533 est
2758 5461 2848 5513 τὸν
2895 5460 3209 5533 εὐεργέτην
3236 5460 3618 5533 ἐπεκαλοῦντο.
3649 5475 3716 5514 ex
3743 5474 3835 5513 co-

2262 5534 2378 5585 dice
2408 5529 2543 5584 Fuk.
2576 5530 2629 5582 In
2658 5531 2870 5584 St‘ilt‘tlls
2900 5529 3083 5597 Regiis
3113 5529 3306 5598 legitur
3333 5529 3728 5584 ἀπεκαλοῦντο.

2333 5600 2443 5673 (66)
2475 5601 2627 5673 vulg.
2671 5600 2932 5673 ἑκάστου
2975 5619 3040 5654 τε
3081 5600 3718 5673 πέιῇθοςε-δριιίιιεηιιυηι
3756 5609 3842 5652 est

2261 5669 2443 5740 procul
2488 5669 2651 5724 dubio
2701 5670 2931 5724 ἑκάστου
2983 5673 3043 5723 τὸ
3071 5672 3267 5735 πένθος
3310 5670 3441 5723 ἴδιον
3492 5669 3837 5740 ποιουμένου.

2259 5743 2334 5794 De
2384 5743 2595 5810 publico
2644 5744 2883 5796 omnium
2937 5740 3083 5796 luctu
3138 5741 3190 5794 in
3256 5741 3445 5796 funere
3492 5740 3840 5795 Constantini

2258 5811 2434 5876 Magni
2471 5812 2609 5867 idem
2672 5820 2903 5868 testatur
2940 5812 3196 5868 Aurelius
3252 5810 3440 5867 Victor
3486 5811 3576 5866 his
3607 5811 3790 5866 verbis
3823 5826 3843 5865 ι
