4126 6438
287 379 434 438 1221

1386 385 1473 440 DE
1509 385 1668 439 vrra
1704 359 2170 440 CONSTANTINI
2210 385 2336 440 ue.
2377 386 2468 441 tv.

3413 387 3434 440 1
3447 389 3552 442 2ἒῖ

283 505 457 561 αὓτόν
485 522 544 558 τε
576 505 886 570 κόπτοντος,
910 506 1107 560 ὡσανεὶ
1133 509 1224 562 τοῦ
1251 509 1428 563 κοινοῦ
1459 510 1709 563 ἁπάντων
1735 510 1859 577 ἁγα-

1971 509 2336 564 calamitatem
2363 510 2760 579 reputantibus,
2790 521 2958 575 seque
2981 507 3125 575 ipsos
3145 505 3548 574 plangentibus,

284 598 389 656 θοῦ
417 599 516 669 τῆς
543 600 720 653 αὐτῶν
752 602 1105 676 ἀφῃρημένου
1140 603 1303 673 ζωῆς.

787 715 1182 768 κεφΑλΑιοΝ
1233 713 1361 780 ετ.

321 803 700 874 Μετακομιδὴ
740 805 844 858 τοῦ
882 806 1153 872 σκήνους
1189 804 1305 859 ἀπὸ
1335 803 1725 872 Νικομηδείας
1762 805 1832 857 ἐν

556 877 1180 948 Κωνσττιντινουςτόλει
1216 878 1285 927 ἐν
1321 876 1609 942 παλατίῳ.

361 989 626 1060 ¹Ἄραντες
657 987 699 1040 δ’
716 989 762 1040 οἱ
793 989 1166 1060 στρατιωτικοί
1189 987 1249 1040 τὸ
1281 988 1493 1058 σκῆνος,
1526 990 1696 1058 χρυσῇ
1731 1006 1865 1041 κατ-

282 1079 525 1132 nmen-:9
565 1080 812 1149 λάρνακι.
880 1080 1094 1149 Ταύτην
1140 1079 1186 1130 0’
1245 1079 1539 1150 ἁλουργικῇ
1592 1079 1865 1150 ἁλουργίδι

288 1171 407 1241 (67)
439 1172 806 1243 περιέϐαλλον,
845 1172 1096 1242 ἐκόμιζόν
1126 1174 1172 1224 τ’
1202 1173 1280 1234 εἰς
1310 1171 1405 1242 τὴν
1433 1171 1697 1240 βασιλέως
1725 1173 1868 1224 ἐπω-

286 1280 460 1334 νυμον
510 1265 689 1317 πόλιν·
749 1265 962 1318 κᾶπειτ’
1001 1265 1057 1316 ὲν
1099 1263 1245 1335 αὐτῷ
1286 1263 1361 1334 τῷ
1405 1265 1620 1317 πάντων
1659 1265 1864 1336 προξέ-

288 1375 437 1429 ροντι
475 1359 581 1426 (68)
619 1359 723 1410 τῶν
755 1358 1038 1428 βασιλείων
1067 1357 1220 1428 οἴκῳ,
1269 1357 1482 1428 βάθρων
1535 1359 1618 1426 ἐφ’
1647 1359 1864 1428 ὑψηλῶν

285 1448 664 1501 κατετίοεντοο
705 1449 856 1517 φῶτα
893 1449 938 1500 τ’
975 1447 1278 1517 ἐφάψαντες
1314 1447 1496 1519 κύκλῳ
1529 1448 1620 1500 ἐπὶ
1656 1448 1862 1500 σκευῶν

284 1540 526 1610 χρυσῶν,
559 1541 864 1609 (θαυμαστὸν
894 1540 1074 1610 Οέαμα
1105 1543 1212 1602 τοῖς
1245 1539 1410 1612 ὁρῶσι
1448 1543 1725 1611 παρεῖχον,
1754 1535 1864 1592 οἷον

284 1634 376 1685 ἐπ’
429 1633 637 1695 οὐδενὸς
692 1631 896 1686 πώποτ’
942 1634 1025 1701 ἐφ’
1072 1633 1221 1702 ἡλίου
1275 1633 1468 1700 αὐγαῖς
1526 1635 1588 1684 ἐκ
1641 1633 1862 1703 πρώτης

283 1722 482 1785 αἰῶνος
514 1722 818 1785 συστάσεως
851 1724 940 1775 ἐπὶ
974 1725 1075 1792 γῆς
1115 1720 1288 1792 (bson.
1327 1722 1513 1774 Ἔνὸον
1553 1722 1660 1792 γάρ
1692 1739 1775 1774 τοι
1806 1723 1862 1774 ὲν

282 1813 436 1883 αὐτῷ
470 1813 712 1884 παλατίῳ
749 1813 890 1867 κατὰ
938 1814 998 1866 τὸ
1046 1815 1365 1885 μεσαίτατον
1410 1816 1517 1868 τῶν
1553 1815 1857 1885 βασιλείων,

399 1905 608 1975 ὑψηλῆς
648 1906 894 1976 κείμενον
939 1908 1144 1977 χρυσῆς
1188 1906 1453 1978 λάρνακος
1494 1909 1554 1960 τὸ
1597 1908 1859 1979 βασιλέως

286 1996 505 2066 σκῇνος,
543 1995 835 2065 βασιλικοῖς
868 2014 924 2048 τε
954 1998 1198 2067 κόσμοις,
1236 1998 1489 2070 πορφύρᾳ
1531 2016 1588 2051 τε
1620 2002 1710 2054 καὶ
1743 2002 1860 2055 δια-

282 2086 489 2156 δήματι
553 2087 944 2156 τετιμημένον,
1011 2087 1250 2141 πλεῖστοι
1310 2091 1858 2161 περιστοιχισάμενοι,

283 2176 651 2247 ὲπαγρύπνως
682 2176 747 2228 δι’
776 2178 992 2248 ἡμέρας
1025 2177 1119 2231 καὶ
1150 2178 1342 2240 νυκτὸς
1377 2179 1696 2251 ἐφρούρουν.

801 2290 1194 2344 ΚΕΦΑΛΛΙΟΝ
1230 2287 1342 2341 EZ'.

287 2385 482 2452 Ὅπως
519 2383 618 2437 καὶ
653 2384 800 2453 μετὰ
831 2384 1089 2436 θάνατον
1127 2381 1555 2453 -ῠςτὸμκομήτων
1602 2385 1696 2438 καὶ
1739 2387 1864 2438 λοι-

486 2451 861 2519 πῶνίκαθὼς
893 2453 988 2506 καὶ
1025 2455 1094 2506 ἐν
1128 2451 1205 2517 τῷ
1241 2451 1367 2520 ζῇν,
1404 2453 1662 2522 ἐτιμᾶτο.

359 2569 422 2622 Οἱ
457 2568 510 2621 δέ
553 2585 613 2636 γε
644 2568 735 2621 τοῦ
770 2567 965 2630 παντὸς
998 2565 1226 2638 στρατοῦ
1259 2566 1649 2639 καθηγεμόνες.
1687 2569 1854 2641 κόμη-

284 2660 380 2725 τές
403 2679 460 2714 τε
496 2662 589 2714 καὶ
619 2664 723 2713 πᾶν
755 2661 814 2712 τὸ
842 2659 948 2711 τῶν
985 2659 1256 2730 ἀρχόντων
1282 2659 1488 2730 τάγμα,
1524 2654 1604 2723 οἷς
1640 2661 1729 2713 τὸν
1768 2663 1863 2732 βα-

291 2754 444 2807 σιλέα
477 2755 570 2806 καὶ
612 2754 772 2823 νόμος
803 2753 1064 2823 πρότερον
1088 2747 1155 2822 ἦν
1198 2757 1542 2821 προσκυνεῖν,
1578 2754 1742 2824 μηδὲν
1767 2754 1860 2807 τοῦ

293 2845 555 2914 συνήθους
588 2843 1020 2912 ὑπαλλαξέιμενοι
1054 2843 1276 2913 τρόπου,
1311 2846 1422 2907 τοῖς
1444 2843 1619 2897 δέουσι
1653 2848 1862 2916 καιροῖς

293 2935 426 2989 εῖσω
452 2934 735 3004 παριόντες
759 2973 772 2994 ,
810 2933 898 2985 τὸν
931 2933 1020 2985 ἐπὶ
1049 2933 1147 3001 τῆς
1184 2932 1450 3003 λάρνακος
1484 2933 1704 3002 βασιλέα
1725 2974 1739 2996 ,
1775 2928 1864 2986 οἷά

293 3040 398 3098 περ
426 3025 598 3090 ζῶντα
625 3027 716 3077 καὶ
743 3024 880 3090 μετὰ
905 3021 1153 3084 Θάνατον,
1180 3024 1511 3094 γονυκλινείς
1533 3024 1858 3093 ἠσπάζοντοο

294 3117 436 3188 μετὰ
465 3115 520 3168 δὲ
554 3115 678 3179 τοὺς
709 3113 954 3186 πρώτους
981 3114 1132 3167 ταῦτ’
1168 3113 1432 3185 ἔπραττον
1458 3113 1744 3183 παριόντες
1768 3153 1782 3176 ,
1813 3114 1866 3165 οῖ

1971 609 2153 669 utpote
2189 602 2464 656 communi
2498 603 2736 654 omnium
2769 600 2911 653 bono
2938 614 3002 653 ex
3038 601 3139 652 hac
3173 599 3282 650 vita
3315 596 3549 651 sublato.

2531 711 2759 767 CAPUT
2814 707 2976 763 LXVI

2059 799 2330 864 Quomodo
2373 803 2534 870 funus
2587 803 2900 856 Nicomedia
2947 801 3454 868 Constantinopolim

2358 876 2635 926 deductum
2679 881 2755 924 est
2797 877 2849 924 in
2879 871 3162 936 palatium.

2042 979 2288 1034 Posﬂtmc
2320 982 2521 1035 milites
2545 981 2816 1036 sublatum
2858 996 2888 1034 e
2937 984 3076 1033 lecto
3113 997 3310 1049 corpus
3337 981 3387 1034 in
3420 997 3548 1038 arca

1970 1088 2133 1127 aurea
2187 1075 2587 1140 deposuerunt,
2644 1089 2873 1143 eamque
2951 1088 3220 1142 purpurea
3282 1075 3547 1128 obtectam

1969 1177 2120 1220 veste
2170 1166 2696 1236 Constantinopolim
2723 1168 3102 1235 deportarunt,
3147 1176 3308 1236 alque
3335 1168 3383 1220 in
3411 1183 3550 1236 prae-

1968 1259 2130 1326 cipuo
2155 1259 2452 1328 imperialis
2493 1259 2675 1327 palatii
2717 1259 2967 1311 cubiculo
2992 1259 3278 1311 sublimem
3309 1260 3550 1314 colloca-

1968 1360 2178 1404 verunt.
2213 1353 2414 1406 Dehinc
2453 1367 2617 1406 aurea
2651 1368 2813 1420 super
2868 1351 3189 1405 candelabra
3252 1352 3552 1408 luitiinibUI

1969 1444 2204 1511 undique
2234 1447 2500 1510 accensis,
2543 1443 2862 1497 admirabile
2912 1445 3280 1512 Spectaculum
3330 1445 3550 1500 intuen-

1969 1535 2112 1588 tibus
2137 1539 2500 1604 praebebatur,
2529 1547 2582 1589 et
2610 1537 2771 1606 quale
2805 1537 2857 1588 in
2900 1535 3045 1589 nullo
3071 1552 3304 1605 unquam
3340 1547 3548 1592 morta-

1966 1626 2094 1678 lium
2123 1629 2190 1679 ah
2221 1630 2337 1696 ipso
2391 1629 2540 1680 orbis
2568 1629 2788 1682 conditu
2825 1629 2998 1682 visum
3047 1629 3098 1682 in
3158 1631 3314 1683 terris
3349 1632 3548 1685 fuerat.

1967 1717 2171 1786 Quippe
2205 1720 2256 1772 in
2302 1712 2486 1772 medio.
2507 1721 2748 1774 conclavi
2789 1721 2986 1791 regalis
3018 1721 3231 1790 palatii,
3269 1722 3429 1774 funus
3457 1722 3554 1774 im-

1968 1813 2235 1879 peratoris
2271 1812 2321 1865 in
2359 1828 2482 1866 arca
2527 1829 2694 1866 aurea
2731 1812 2961 1866 sublime
3005 1813 3216 1879 jacens,
3276 1814 3439 1880 regiis
3465 1813 3547 1867 in-

1965 1904 2231 1971 signibus,
2268 1920 2501 1972 pnrpnra
2533 1906 2740 1959 scilicet
2769 1920 2832 1959 ac
2863 1905 3173 1957 diademate
3203 1914 3547 1970 exornatum,

1966 1997 2117 2050 tnulti
2163 1997 2568 2051 circunnlantes
2617 2007 2776 2051 noctu
2855 2007 3017 2067 atque
3071 1998 3304 2052 interdiu
3358 1997 3548 2067 vigiles

1964 2087 2362 2144 custodiebant.

2416 2294 2580 2366 560
2607 2293 2832 2350 CAPUT
2863 2294 2950 2348 LX
2963 2295 2995 2347 ιτ
3008 2293 3071 2349 11.

1965 2385 2237 2452 Quomodo
2263 2388 2422 2441 etiam
2463 2397 2578 2455 post
2610 2399 2828 2440 mortem
2857 2407 2886 2439 ιι
2914 2387 3196 2440 comitibus
3228 2394 3274 2440 et
3312 2385 3548 2455 reliquis,

2278 2461 2490 2524 perinde
2515 2475 2573 2510 ac
2609 2460 2778 2522 vituts,
2819 2461 3104 2510 honoratus
3132 2466 3230 2510 est.

2033 2570 2299 2626 Czeterum
2345 2575 2509 2624 totius
2533 2571 2807 2624 exercitus
2852 2571 3042 2636 duces,
3073 2573 3302 2626 comites
3333 2585 3549 2642 quoque
3622 2592 3626 2596 -

1964 2671 2018 2714 et
2053 2662 2247 2729 reliqui
2286 2660 2504 2729 jndices
2543 2679 2604 2715 ac
2639 2661 3012 2730 magistratus,
3047 2662 3136 2731 qui
3179 2666 3343 2715 etiam
3385 2674 3548 2716 antea

1966 2753 2343 2821 imperatorem
2385 2756 2617 2808 adorare
2669 2753 2816 2807 soliti
2861 2763 3039 2817 erant,
3115 2753 3326 2822 priStini
3385 2753 3553 2807 moris

1963 2846 2358 2899 observantiam
2401 2845 2708 2899 nullatenus
2753 2855 3050 2906 mutantes,
3077 2845 3239 2898 statis
3283 2845 3433 2900 horis
3467 2849 3550 2900 iti-

1963 2939 2386 3008 grediebantur;
2436 2950 2489 2994 et
2536 2941 2918 3010 imperatorem
2963 2942 3014 2992 in
3062 2955 3187 2992 arca
3219 2939 3548 3007 depositum,

1964 3034 2185 3101 perinde
2204 3049 2267 3088 ac
2290 3037 2466 3088 vivum
2484 3044 2540 3088 et
2559 3036 2876 3103 spirantem,
2900 3050 3036 3104 genu
3053 3032 3189 3087 ﬂexo
3211 3043 3329 3101 post
3344 3033 3549 3087 obit-um

1965 3122 2292 3177 salutabant.
2333 3124 2462 3178 Post
2496 3125 2765 3194 primores
2795 3135 2976 3177 autem
3025 3124 3166 3188 illos,
3210 3124 3353 3178 idem
3394 3124 3551 3177 deiti-

290 3210 336 3261 τ’
365 3209 423 3275 ἐξ
465 3207 632 3277 αὐτῆς
675 3206 978 3276 συγκλήτου
1012 3205 1201 3276 βουλῆς
1222 3244 1236 3268 ,
1285 3207 1337 3257 οἵ
1367 3207 1413 3257 τ’
1445 3206 1536 3258 ἐπὶ
1565 3203 1718 3270 ἀξίας
1754 3205 1859 3276 (69)

1969 3231 2094 3283 eeps
2147 3227 2200 3271 et
2242 3229 2522 3272 senatores
2573 3227 2628 3270 et
2680 3217 2927 3270 honorati
2963 3232 3153 3272 omnes
3210 3220 3552 3273 introeunteb

291 3301 522 3363 πάντες·
576 3297 691 3369 μεθ’
718 3297 809 3359 οὓς
847 3297 992 3366 ὄχλοι
1043 3295 1308 3348 παντοίων
1349 3295 1568 3366 δήμων,
1619 3295 1860 3362 γυναιξὶν

292 3392 409 3463 ἃμα
443 3392 534 3444 καὶ
562 3391 747 3443 παισὶν
779 3391 870 3441 ἐπὶ
900 3390 996 3460 τὴν
1031 3389 1156 3441 θέαν
1188 3391 1486 3460 παρῄεσαν.
1521 3389 1859 3442 Συνετελεῖτο

290 3484 348 3538 δὲ
369 3485 538 3536 ταῦτα
558 3482 698 3536 οὕτω
719 3483 896 3553 χρόνῳ
925 3481 1138 3552 μακρῷ,
1165 3481 1273 3533 τῶν
1296 3481 1696 3552 στρατιωτικῶν
1718 3483 1859 3535 οὕτω

295 3576 472 3646 μένειν
516 3581 576 3628 τὸ
616 3577 809 3646 σκῆνος
849 3574 941 3628 καὶ
989 3574 1348 3643 φυλάττεσθαι
1394 3573 1858 3644 βουλευσαμένων,

291 3667 400 3721 ἐστ’
434 3669 498 3721 ἂν
539 3670 586 3720 οἱ
627 3667 790 3720 αὑτοῦ
835 3667 1022 3730 παῖδες
1053 3666 1403 3737 ἀφικόμενοι,
1443 3668 1507 3736 τῇ
1553 3666 1618 3718 δι’
1654 3666 1859 3718 ἑαυτῶν

293 3760 484 3832 κομιδῇ
527 3761 617 3814 τὸν
665 3761 875 3831 πατέρα
919 3761 1226 3831 τιμήσειαν.
1273 3757 1579 3810 Ἐϐασίλευε
1619 3757 1675 3809 δὲ
1722 3757 1859 3828 μετὰ

294 3853 517 3908 Θάνατον
554 3855 709 3925 μόνος
741 3854 850 3925 (70)
897 3853 1087 3923 Θνητὸς
1133 3853 1162 3904 ὁ
1203 3851 1470 3922 μακάριος
1495 3890 1509 3915 ,
1561 3850 1860 3921 ἐπράττετό

291 3963 351 4000 τε
378 3947 444 3999 τὰ
473 3945 694 4017 συνήθη,
727 3947 922 3999 ὡσανεὶ
952 3946 1043 3998 καὶ
1067 3944 1265 4008 ζῶντος
1286 3943 1469 4003 αὑτοῦ,
1506 3943 1662 3995 τοῦτο
1691 3960 1861 4012 μονω-

293 4040 436 4108 τάτῳ
469 4038 614 4116 αὑτῷ
653 4039 744 4091 ἀπ’
774 4037 966 4100 αἰῶνος
999 4036 1089 4088 τοῦ
1123 4035 1256 4088 Θεοῦ
1298 4034 1693 4105 δεδωρημένου.
1746 4035 1859 4086 Μό-

293 4147 382 4193 νος
411 4131 560 4199 γοῦν,
592 4130 667 4192 ὼς
705 4129 810 4182 οὐδ’
834 4128 990 4190 ἄλλος
1020 4127 1430 4198 αὐτοκρατόρων
1462 4127 1552 4179 τὸν
1585 4125 1862 4196 παμϐασι-

301 4392 320 4424 ι
351 4372 534 4426 Funus
563 4372 788 4425 relatmn
829 4371 878 4424 in
909 4371 1094 4424 urbem
1128 4371 1207 4422 sui
1245 4370 1501 4423 nominis.
1551 4369 1704 4436 Quod
1730 4385 1862 4425 sane

298 4444 520 4511 papulas
548 4441 703 4494 Rom.
742 4443 1020 4509 aegerrime
1047 4440 1164 4493 tulit
1195 4455 1210 4492 :
1239 4443 1454 4508 quippe,
1489 4442 1642 4507 cujus
1669 4441 1859 4504 armis,

301 4515 521 4581 legibus,
570 4512 820 4566 clententi
874 4513 1119 4579 imperio,
1181 4512 1333 4580 quasi
1389 4521 1638 4563 novatam
1671 4512 1857 4581 urbem

303 4580 590 4635 Romanam
619 4584 992 4634 arbitraretur.
1034 4601 1050 4632 ι
1093 4581 1218 4634 Scio
1252 4581 1466 4648 quidem
1501 4583 1614 4632 haec
1660 4580 1856 4634 Aurelii
1893 4581 1934 4634 D
1965 4583 2293 4636 Renevolunt
2335 4601 2348 4636 :

301 4654 532 4709 Victoris
560 4653 717 4704 verba
771 4652 988 4718 intelligi
1026 4666 1180 4718 posse
1225 4651 1289 4704 de
1323 4651 1527 4702 civibus
1571 4648 1850 4712 Romanis,

299 4731 384 4794 qui
417 4739 557 4791 a'gre
605 4723 843 4794 tulerint,
879 4723 1020 4789 quod
1065 4721 1404 4794 Constantini
1436 4723 1668 4794 cadaver
1705 4720 1855 4794 Con-

298 4789 642 4860 δίαιιιιιιοροιὶ
694 4793 870 4860 potius
917 4806 1076 4858 quam
1112 4789 1293 4842 Romae
1335 4791 1609 4842 humatum
1643 4790 1852 4843 luisset.

299 4866 400 4917 Sed
431 4873 604 4915 tamen
630 4861 896 4915 Victorem
923 4861 1065 4913 aliud
1097 4863 1331 4914 sensisse
1353 4861 1605 4914 existimo
1627 4899 1640 4922 ,
1666 4875 1856 4913 omnes

297 4936 503 4988 scilicet
550 4933 774 4985 Romani
823 4934 969 4983 orbis
1025 4932 1225 4984 incolas
1276 4930 1480 4983 obitum
1520 4929 1855 4982 Constantini

299 5006 646 5057 acerbissime
697 5002 901 5055 tulisse.
955 5003 1052 5066 Qui
1102 5016 1289 5054 sensus
1322 5001 1476 5068 plane
1507 5001 1858 5052 contirmatur

299 5072 643 5142 sequentibus
668 5074 843 5126 verbis
877 5088 891 5123 ε
926 5089 943 5123 ι
987 5072 1193 5140 Quippe
1225 5072 1379 5139 etijns
1411 5071 1598 5142 armis,
1632 5069 1854 5138 legibus,

297 5140 546 5196 clean-nti
580 5143 805 5211 imperio
840 5143 989 5210 quasi
1020 5151 1273 5194 novatum
1315 5142 1500 5194 orbem
1556 5140 1857 5192 Romanum

301 5216 674 5267 arbitraretur.
717 5231 736 5263 ι
774 5214 864 5265 Sic
894 5212 1038 5266 enim
1066 5212 1348 5280 legendum
1381 5221 1486 5273 est,
1539 5226 1645 5264 non
1679 5221 1858 5262 autem

302 5300 322 5334 ι
355 5286 540 5337 urbem
571 5284 888 5336 Romanam.
932 5301 950 5333 ι

369 5352 478 5424 (67)
519 5352 859 5421 Ἀλουργικῇ
884 5349 1208 5424 ᾁνιοιιργίδι.
1241 5351 1512 5424 Alterutra
1539 5365 1640 5403 vox
1672 5362 1861 5416 super-

298 5422 402 5478 ﬂua
454 5422 554 5476 est.
601 5425 760 5476 Certe
815 5422 948 5477 Fuk.
1006 5429 1171 5475 codex
1243 5422 1598 5490 posteriorem
1656 5429 1859 5473 tantum

302 5495 486 5555 habet,
523 5495 607 5546 cui
641 5494 931 5547 subscribit
960 5493 1096 5545 liber
1125 5492 1386 5547 Turnebi.

369 5565 480 5632 (0'8)
502 5563 649 5632 Vulg.
673 5564 742 5615 ἐν
769 5563 927 5628 αὐτῷ
950 5562 1056 5615 τοῦ
1080 5562 1305 5629 παντὸς
1327 5559 1701 5632 ,προφέροντιζ
1723 5556 1861 5632 Rec-

305 5628 471 5687 titisin
499 5628 632 5688 Fuk'.
659 5650 721 5687 ac
747 5633 978 5686 Turuebi
1004 5635 1140 5703 libro
1167 5628 1612 5703 legitttr‘év'abrq)
1630 5628 1706 5698 τῷ
1725 5629 1862 5685 πάν-

301 5721 405 5759 των
437 5705 755 5776 προφέροντι
797 5705 902 5756 τῶν
955 5702 1239 5774 βασιλείων
1267 5704 1450 5757 οἴκων.
1499 5705 1602 5757 Sed
1643 5705 1863 5776 omnino

303 5773 638 5830 scribendum
666 5786 748 5828 est
778 5776 930 5843 οἴκῳ,
959 5773 1020 5826 ut
1041 5789 1203 5842 supra
1237 5776 1288 5826 in
1320 5776 1412 5826 lib.
1449 5789 1527 5838 ut,
1561 5773 1798 5843 cape“).

370 5844 482 5916 (69)
520 5845 640 5898 Εἶτ’
666 5845 757 5897 ἐπ’
803 5841 996 5911 ἀξῑας,
1029 5845 1082 5898 id
1116 5841 1200 5899 est
1230 5845 1502 5900 honorari.
1548 5843 1638 5897 Sic
1683 5841 1861 5895 Latini

1968 3307 2166 3362 fecere.
2207 3307 2625 3363 lnnumerahilis
2656 3310 2852 3363 deinde
2888 3309 3030 3378 vulgi
3086 3310 3379 3363 multitudo
3420 3326 3544 3365 cum

1933 3387 2148 3469 ‘pneris
2183 3416 2248 3455 ac
2287 3401 2606 3454 mulieribus
2642 3403 2709 3456 ad
2749 3401 2910 3468 hujus
2940 3403 3015 3454 rei
3056 3403 3427 3471 spectaculum
3456 3417 3551 3456 ac-

1966 3492 2152 3545 cessit.
2220 3492 2394 3562 Atqnc
2429 3494 2544 3547 hzec
2582 3493 2724 3563 longi
2780 3493 3040 3562 temporis
3097 3493 3273 3562 spatio
3329 3493 3552 3548 assidue

1966 3592 2112 3651 gesta
2151 3595 2314 3646 sunt,
2361 3601 2482 3638 cum
2516 3584 2780 3639 militares
2832 3585 2994 3639 funus
3040 3587 3107 3639 ad
3139 3589 3286 3638 hunc
3331 3586 3548 3638 modum

1961 3677 2146 3742 jacere
2169 3685 2222 3727 et
2262 3674 2524 3729 custodiri
2554 3675 2945 3740 decrevissent,
2992 3675 3166 3728 donec
3206 3672 3552 3742 imperatoris

1967 3764 2058 3817 lilii
2100 3780 2165 3817 eo
2196 3764 2568 3827 advenientes,
2627 3763 2728 3831 ipsi
2777 3772 3063 3832 paternum
3111 3762 3273 3814 funus
3323 3760 3550 3814 honoris

1967 3871 2129 3909 causa
2190 3867 2668 3925 prosequerentur.
2714 3854 2875 3908 Solus
2928 3854 3160 3922 denique
3210 3853 3373 3906 etiam
3431 3863 3551 3921 post

1969 3957 2194 4002 mortem
2231 3931 2518 4017 imperavit
2548 3946 2800 4015 princeps
2829 3946 3178 3999 beatissimus
3203 3984 3217 4009 ,
3248 3952 3550 4010 cunctaque

1970 4055 2116 4093 more
2145 4039 2301 4094 solito
2332 4039 2707 4093 administrata
2737 4048 2887 4103 sunt,
2922 4038 3076 4106 quasi
3107 4035 3285 4090 adhuc
3318 4035 3369 4089 in
3412 4034 3548 4088 vivis

1967 4142 2132 4186 esset.
2169 4131 2271 4198 Qui
2304 4131 2483 4185 honos
2513 4130 2607 4184 uni
2641 4131 2713 4183 illi
2752 4139 2872 4198 post
2915 4129 3192 4184 hominum
3224 4126 3546 4182 memoriam

1967 4371 2237 4426 vocabant
2275 4386 2370 4427 eos
2414 4373 2504 4441 qui
2547 4373 2778 4426 honores
2833 4381 3142 4439 gesserant,
3185 4382 3243 4425 nt
3283 4374 3403 4427 fuse
3445 4387 3544 4427 no-

1971 4443 2078 4495 tavi
2115 4445 2180 4495 ad
2219 4444 2413 4496 librum
2446 4459 2535 4497 xw
2577 4445 2752 4496 Anim.
2801 4443 3117 4497 Marcellini.
3159 4444 3365 4509 Quibus
3405 4446 3543 4496 adde

1970 4514 2147 4566 locum
2185 4513 2470 4567 Gaudentii
2502 4513 2800 4566 Brixiensis
2841 4515 3076 4582 episcopi
3125 4517 3174 4565 in
3207 4514 3434 4580 epistola
3472 4516 3540 4565 ad

2386 4601 2404 4633 ι
2441 4585 2570 4636 Nam
2614 4585 2753 4636 sicut
2797 4585 3182 4637 honoratorum
3225 4593 3421 4636 nostr:e
3453 4599 3542 4635 er—

1963 4657 2063 4715 bis,
2096 4657 2166 4706 ita
2202 4657 2364 4707 etiam
2415 4654 2709 4707 Dominiea:
2757 4654 2949 4722 plebis,
2988 4654 3211 4706 Domino
3243 4667 3540 4719 annuente,

1960 4725 2336 4791 dignissimum
2357 4733 2520 4790 caput
2541 4740 2617 4776 es.
2645 4743 2662 4776 ι

2033 4793 2146 4862 (70)
2199 4795 2542 4848 Ἑὸασίλευε
2574 4793 2642 4846 δὲ
2673 4792 2823 4862 μετὰ
2863 4791 3122 4845 θάνατον
3166 4793 3377 4860 μόνος.
3416 4791 3544 4845 Post

1959 4863 2163 4916 obitum
2198 4864 2565 4925 Constantini,
2605 4868 2972 4931 intctregnnm
3010 4867 3131 4924 luit,
3166 4878 3261 4915 nec
3309 4863 3448 4915 nllus
3484 4863 3540 4914 in

1958 4936 2088 4986 orbe
2140 4935 2376 4986 Romano
2443 4937 2718 5003 Augustus
2765 4935 3072 5000 imperavit.
3115 4934 3268 4998 Quod
3323 4935 3539 5000 quidem

1963 5005 2330 5072 interregnum
2383 5020 2486 5056 non
2537 5002 2697 5056 inodo
2730 5019 2900 5070 usque
2952 5005 3014 5055 ad
3058 5002 3402 5057 Constantini
3453 5018 3542 5053 se-

1961 5076 2230 5140 pulturam
2292 5075 2622 5140 permansit,
2675 5075 2766 5126 sed
2813 5089 2982 5140 usque
3031 5074 3096 5126 ad
3149 5075 3288 5125 diem
3335 5089 3363 5123 v
3423 5072 3544 5124 idus

1964 5144 2318 5210 Septembris,
2353 5155 2410 5197 ut
2455 5155 2682 5196 testatur
2713 5145 2912 5196 ldatins
2946 5144 2996 5194 in
3025 5142 3226 5195 Fastis.
3259 5143 3334 5194 ita
3371 5143 3545 5195 tribus

1964 5217 2241 5265 mensibus
2270 5230 2334 5268 ac
2369 5215 2613 5279 ditttidio,
2660 5229 2808 5267 orbis
2845 5212 3121 5265 Romanus
3155 5217 3272 5264 sine
3300 5215 3543 5278 Angusto

1964 5284 2188 5348 imperio
2226 5286 2343 5338 luit.
2397 5285 2604 5352 Quippe
2637 5297 2747 5337 toto
2779 5285 2870 5336 illo
2904 5295 3144 5352 tempore
3174 5285 3318 5350 quod
3367 5286 3433 5332 ah
3459 5295 3536 5352 _XI

1964 5352 2080 5404 Ral.
2111 5352 2301 5407 .Iunias
2332 5350 2515 5422 Usque
2543 5350 2607 5407 ad
2643 5372 2670 5408 ν
2700 5354 2823 5406 ldus
2857 5350 3189 5422 Septembris
3233 5350 3542 5422 intercedit,

1964 5425 2055 5475 lilii
2088 5425 2203 5490 ejus
2251 5421 2494 5478 Caasares
2544 5436 2754 5479 tantum
2805 5421 3144 5476 dicebantur.
3187 5423 3348 5476 Certe
3397 5421 3536 5474 Con-

1962 5498 2234 5548 stantinus
2277 5496 2468 5550 .lunior
2510 5498 2560 5549 in
2593 5496 2819 5564 cpistola
2871 5497 2938 5564 ad
2978 5493 3382 5564 Alexandrino_s_
3417 5504 3544 5564 Aquae

1965 5567 2086 5615 data
2122 5577 2206 5617 est
2244 5577 2362 5634 post
2405 5560 2838 5635 obitum-patris,
2899 5561 3172 5618 Feliciano
3219 5571 3294 5635 et_
3324 5560 3542 5635 Titiano

1966 5649 2130 5697 coss.,
2163 5631 2340 5690 die'tt‘i
2367 5636 2483 5690 Kal.
2511 5631 2710 5700 Julius,
2752 5636 2935 5689 Caesar
2984 5636 3245 5686 duntaxat
3285 5631 3543 5684 inscribi-

1965 5715 2071 5758 tur.
2105 5705 2297 5759 Exstat
2323 5710 2434 5760 haec
2465 5709 2692 5776 epistola
2725 5707 2866 5776 apud
2901 5707 3259 5758 Athanasium
3285 5701 3543 5773 Apologia

1968 5791 2026 5837 tt,
2058 5781 2158 5830 sub
2190 5778 2376 5835 tinctu.
