4126 6438
683 370 828 430 me
1391 369 1662 430 EUSEBII
1700 369 2184 429 CASSARIENSIS
2221 370 2374 429 OPP.
2414 371 2595 429 PARS
2633 372 2674 428 I.
2715 405 2787 416 —
2819 372 3210 430 HISTORICA.
3768 382 3872 436 I21;

681 505 713 545 a
743 490 850 545 Deo
878 503 1174 546 concessus
1202 499 1307 548 est.
1366 489 1578 562 Quippe
1630 507 1754 548 cum
1806 491 1955 547 solus
2007 491 2099 547 ille
2149 506 2262 563 pne
2290 499 2310 554 ι

2243 506 2262 547 e
2290 499 2334 554 Α
2362 491 2458 547 λέα
2487 491 2620 546 Θεὸν
2639 534 2652 558 ,
2698 493 2792 546 καὶ
2821 493 2908 546 τὸν
2932 493 3168 562 Χριστὸν
3199 491 3368 546 αὐτοῦ
3399 494 3669 558 παντοίαις
3689 500 3872 568 τιμήσας

680 581 893 636 caeteris
944 581 1389 650 imperatoribus,
1427 583 1594 637 Deum
1626 583 1869 638 omnium
1897 598 2071 652 regem
2101 582 2258 636 Cbri-

2246 611 2258 624 -
2357 583 2640 655 πράξεσιν,
2672 583 2893 647 εἰκότως
2917 583 3120 637 τούτων
3147 583 3304 655 ἔλαχε
3339 584 3526 654 μόνος,
3553 585 3641 637 καὶ
3661 585 3713 637 τι
3730 586 3875 657 θνητὸν

678 681 929 741 stumque
950 670 1066 738 ejus
1097 671 1264 725 filium
1306 673 1474 727 variis
1507 672 1768 742 cujusque
1800 674 2016 740 generis
2045 672 2256 726 actibus

2248 687 2256 725 ι
2355 673 2516 726 αὐτοῦ
2556 672 2857 743 βασιλεύειν
2903 675 2960 726 ἐν
3002 672 3307 745 ἀνθρώποις
3351 677 3382 726 ὁ
3416 675 3510 727 ἐπὶ
3537 676 3732 729 πάντων
3763 679 3877 746 iiiis;

679 761 1020 826 honorasset,
1049 760 1172 829 jure
1203 762 1396 817 merito
1426 763 1510 818 his
1533 763 1834 818 honoribus
1860 763 2005 818 solus
2031 761 2256 818 affectus

2248 779 2256 817 ι
2354 766 2508 830 Θεὸς,
2539 759 2630 818 ὧδ’
2655 764 2964 828 ἐπιδεικνὺς
2991 764 3087 836 τὴν
3117 766 3308 836 ἀγήρω
3338 765 3436 818 καὶ
3461 765 3786 837 ἀτελεύτητον
3807 772 3877 842 τῆς

677 860 761 904 est
817 865 831 903 :
894 851 1054 919 idque
1113 851 1185 905 illi
1243 853 1484 908 tribuere
1548 854 1943 924 dignatus'est
2009 869 2252 909 summus

2246 872 2252 906 ἱ
2355 858 2535 928 ψυχῆς
2589 857 2864 928 βασιλείαν
2915 860 3027 922 τοῖς
3086 857 3158 928 μὴ
3208 857 3298 909 τὸν
3356 856 3486 909 γοῦν
3541 856 3875 930 λελιθωμένοις.

675 943 915 994 omnium
946 942 1106 1006 Deus,
1172 953 1228 996 ut
1256 945 1491 999 cadaver
1532 944 1649 1014 ejus
1677 948 1730 998 in
1762 946 1920 1000 terris
1969 946 2250 1014 imperium

1862 946 1920 1000 'is
1969 946 2250 1014 imperium
2371 945 2530 998 Ἀλλά
2557 944 2730 1000 ταῦτα
2760 945 2859 1017 μὲν
2885 939 2989 999 ὧδέ
3020 964 3094 1017 πη
3131 945 3491 1000 συνετελείτο.

673 1035 960 1090 obtineret.
1011 1036 1127 1102 Quo
1181 1039 1400 1108 quidem
1454 1039 1653 1094 indicio
1704 1041 1770 1094 iis
1819 1042 1908 1110 qui
1950 1056 2056 1094 non
2106 1043 2264 1110 plane
2301 1041 2496 1108 stupidi
2549 1051 2711 1110 atque
2760 1043 2981 1096 hebetes
3035 1051 3237 1107 essent,
3273 1043 3569 1114 perspicue
3617 1043 3881 1114 significavit

675 1126 836 1194 Deus,
866 1130 1102 1183 animam
1133 1131 1275 1185 illius
1317 1140 1578 1201 perpetuo
1607 1143 1662 1186 et
1694 1133 1987 1188 immortali
2020 1135 2250 1202 imperio
2281 1132 2407 1186 frui.
2463 1135 2527 1187 Et
2571 1135 2686 1189 haec.
2717 1135 2932 1203 quidem
2964 1147 3117 1204 gesta
3158 1145 3283 1188 sunt
3329 1137 3384 1188 in
3417 1135 3563 1188 hunc
3593 1138 3803 1194 modum.

1210 1222 1440 1279 CAPUT
1479 1222 1709 1280 LXVIII.

675 1314 948 1380 Quomodo
977 1316 1236 1370 exercitus
1282 1316 1513 1386 judicio,
1560 1317 1661 1383 ﬁlii
1712 1317 1826 1386 ejus
1862 1317 2083 1386 Augusti
2128 1327 2249 1370 sunt

1317 1389 1617 1455 nuncupati.

741 1477 947 1532 Interea
989 1479 1189 1533 tribuni
1246 1478 1418 1534 lectos
1469 1481 1731 1548 quosdam
1808 1493 1874 1532 ex
1928 1479 2248 1534 militaribus

670 1573 932 1639 nmneris,
956 1575 1045 1641 qui
1081 1573 1202 1628 fidei
1230 1587 1292 1626 ac
1324 1572 1713 1627 benevolentiae
1739 1587 1903 1628 causa
1934 1573 2061 1625 olim
2089 1573 2240 1639 prin-

668 1668 772 1734 cipi
821 1667 1030 1734 accepti
1073 1665 1326 1727 fuissent.
1359 1667 1424 1720 ad
1472 1665 1733 1720 Caesares
1758 1667 1998 1729 mittunt,
2045 1675 2236 1720 cuncta

667 1759 746 1811 eis
780 1774 898 1826 quae
931 1768 1080 1827 gesta
1111 1768 1267 1811 erant
1298 1758 1659 1812 nuntiaturos.
1683 1758 1747 1810 Et
1769 1758 1880 1812 haec
1914 1757 2126 1826 quidem
2164 1757 2235 1810 illi

667 1862 796 1904 tunc
849 1859 1095 1917 egerunt.
1145 1849 1345 1904 Omnes
1397 1864 1529 1904 vero
1582 1848 1886 1917 ubicunque
1927 1849 2235 1913 exercizus,

2865 1228 3259 1280 ΚΕΦΑΛΑΙΟΝ
3294 1227 3428 1280 ΞΗ¹.

2407 1319 2595 1384 Ὅπως
2629 1321 3011 1392 Αίνγοψστους
3054 1317 3205 1373 εῖναι
3260 1319 3490 1392 acum
3529 1321 3666 1387 τοὺς
3702 1326 3842 1392 υἱοὺς

2631 1389 2814 1443 αὑτοῦ
2847 1390 2911 1442 τὸ
2950 1389 3360 1458 στρατόπεδον
3389 1392 3651 1458 ἔκρινεν.

2419 1481 2539 1534 Τῶν
2568 1482 2622 1534 δὲ
2647 1482 3050 1553 στρατιωτικῶν
3074 1482 3371 1553 ταγμάτων
3397 1483 3686 1552 ἐκκρίτους
3709 1485 3878 1556 ἄνδρας,

2351 1573 2526 1626 πίστει
2561 1575 2651 1627 καὶ
2683 1576 2863 1646 εὐνοία
2896 1575 3063 1628 πάλαι
3110 1574 3320 1645 βασιλεῖ
3352 1576 3701 1647 γνωρίμους,
3744 1580 3784 1629 οἱ
3816 1595 3880 1631 τα-

2345 1664 2550 1736 ξίαρχοι
2579 1666 2958 1736 διεπέμποντο,
2982 1667 3050 1720 τὰ
3078 1669 3449 1738 πεπραγμένα
3483 1671 3599 1729 τοῖς
3629 1668 3879 1735 Καίσαρα-ι

2344 1756 2542 1828 ἔκδηλα
2584 1756 2965 1820 καθιστῶντες.
3017 1759 3125 1810 Καὶ
3170 1758 3276 1811 οἵδε
3328 1760 3432 1829 μὲν
3481 1758 3598 1810 τάδ’
3635 1758 3878 1828 ἔπραττον·

2342 1847 2529 1919 ὥσπερ
2554 1850 2596 1901 δ’
2623 1849 2682 1912 ἐξ
2705 1850 2986 1912 ἐπιπνοίας
3013 1849 3340 1920 κρείττονος,
3367 1850 3440 1902 τὰ
3467 1847 3738 1917 πανταχοῦ
3761 1867 3879 1918 στρι-

2340 1943 2539 1995 τόπεδα
2565 1943 2654 1995 τὸν
2689 1941 2953 2012 βασιλέως
2983 1941 3262 2011 πυθόμενα
3303 1942 3566 2006 θάνατον,
3612 1943 3733 2009 μιᾶς
3758 1942 3879 2010 ἐκρά-

2338 2051 2422 2086 τει
2453 2033 2695 2104 γνώμης,
2727 2033 2926 2085 ὡσανεὶ
2967 2032 3168 2096 ζῶντος
3210 2033 3397 2095 αὐτοῖς
3431 2031 3528 2084 τοῦ
3567 2032 3784 2102 μεγάλου
3813 2033 3876 2100 βαι

2342 2123 2550 2186 σιλέως,
2588 2122 2787 2192 μηδένα
2823 2122 3108 2193 γνωρίζειν
3138 2122 3346 2194 ἕτερον,
3382 2123 3416 2192 ἢ
3455 2123 3652 2192 μόνους
3677 2122 3788 2184 τούς
3813 2123 3877 2174 αὖ·

2337 2215 2431 2268 τοῦ
2466 2214 2658 2276 παῖδας
2689 2214 2973 2283 Ῥωμαίων
3005 2212 3438 2284 αὐτοκράτορας.
3473 2213 3589 2265 Οὐκ
3614 2214 3691 2271 είς
3716 2213 3873 2282 μακρὸν

2337 2305 2380 2358 δ’
2405 2303 2607 2374 ἠξίουν,
2647 2302 2719 2374 μὴ
2757 2303 3070 2373 Καίσαρας,
3112 2301 3359 2355 ἐντεῦθεν
3389 2303 3434 2353 δ’
3466 2301 3569 2371 ἤδη
3604 2301 3723 2363 τούς
3751 2301 3877 2352 ᾶπαν-

2337 2414 2436 2460 τας
2468 2396 2824 2468 χρηματίζειν
2850 2393 3221 2463 Αὐγούστους·
3258 2394 3286 2446 ὃ
3320 2394 3384 2465 δὴ
3419 2395 3518 2447 καὶ
3553 2392 3788 2463 μέγιστον
3809 2392 3875 2459 τῆς

2337 2491 2595 2544 ἀνωτάτω
2628 2488 2902 2559 βασιλείας
2931 2487 3155 2555 γίγνοιτ’
3182 2486 3247 2540 ἂν
3283 2486 3578 2557 σύμϐολον.
3612 2487 3674 2538 Ol
3706 2484 3791 2555 μὲν
3811 2480 3874 2536 οὖν

2335 2580 2486 2632 ταῦτ’
2519 2580 2819 2650 ἔπραττον,
2866 2576 2962 2640 τάς
3000 2576 3205 2638 οἰκείας
3234 2575 3454 2645 ψήφους
3501 2590 3561 2626 τε
3611 2573 3700 2625 καὶ
3737 2569 3876 2640 φωνὰς

2336 2673 2421 2727 διά
2470 2671 2687 2742 γραφῆς
2729 2669 2978 2740 ἀλλήλοις
3025 2666 3468 2737 διαγγέλλοντεςο
3526 2664 3632 2722 ὐπὸ
3680 2663 3792 2733 μίαν
3833 2677 3875 2712 τε

2338 2764 2528 2837 καιροῦ
2578 2764 2748 2836 ῥοπὴν
2792 2765 2902 2825 τοῖς
2953 2759 3266 2831 ἁπανταχοῦ
3310 2761 3482 2812 πᾶσιν
3529 2753 3875 2827 ὲγνωρίζετοίι

2336 2857 2443 2911 τῶν
2478 2856 2851 2927 στρατοπέδων
2885 2851 3190 2924 συμφωνία.

664 1942 816 2009 quasi
850 1942 1035 1994 divino
1063 1941 1300 2008 quodam
1363 1941 1557 2008 spiritu
1617 1941 1846 2006 incitati,
1874 1939 2033 1994 simul
2078 1949 2237 2009 atque

665 2035 733 2089 de
767 2033 1114 2103 imperatoris
1154 2043 1326 2086 morte
1361 2034 1666 2086 nuntiatum
1707 2040 1810 2096 est,
1841 2047 1946 2087 uno
1972 2047 2236 2087 consensu

664 2126 1058 2188 decreverunt,
1129 2138 1353 2193 prorsus
1402 2125 1555 2192 quasi
1623 2124 1893 2177 maximus
1949 2124 2240 2192 imperator

664 2216 841 2270 adhuc
873 2224 1199 2283 superesset,
1244 2215 1516 2269 neminem
1552 2231 1612 2269 se
1662 2227 1860 2284 praeter
1891 2215 2006 2284 ejus
2041 2215 2238 2268 liberos

663 2307 871 2374 imperii
923 2306 1152 2361 Romani
1215 2308 1510 2377 principem
1565 2307 1721 2378 561
1782 2308 2079 2362 habituros.
2131 2308 2240 2363 Nec

664 2399 834 2452 multo
868 2409 1011 2470 post,
1048 2399 1263 2453 eosdem
1299 2415 1402 2453 non
1452 2399 1697 2452 Cmsares
1759 2398 2012 2467 appellari
2063 2398 2240 2453 volue-

661 2500 808 2555 runt,
851 2493 946 2547 sed
986 2491 1290 2560 Augustos;
1334 2492 1475 2559 quod
1529 2506 1724 2546 nomen
1773 2490 1968 2546 summi
2027 2490 2236 2561 imperii

663 2585 810 2636 velut
868 2585 1135 2652 quoddam
1194 2583 1406 2652 insigne
1453 2594 1558 2637 εει.
1595 2583 1658 2635 Et
1701 2582 1972 2636 exercitus
2022 2584 2235 2652 quidem

659 2673 913 2744 sull'ragia
975 2689 1076 2728 sua
1122 2683 1283 2742 atque
1324 2673 1744 2728 acclamationes
1781 2673 1884 2727 sibi
1921 2683 2104 2727 mutuo
2144 2687 2238 2743 per

660 2764 868 2820 litteras
900 2765 1276 2834 significarunt
1330 2783 1342 2816 :
1378 2775 1428 2820 et
1476 2765 1753 2818 unanimis
1805 2764 2075 2834 legionum
2107 2780 2237 2820 con-

657 2872 872 2920 sensus,
924 2873 1028 2910 uno
1063 2857 1366 2926 eodemque
1406 2856 1662 2925 temporis
1699 2866 1972 2911 momento
2026 2859 2236 2912 cunctis

658 2947 983 3017 ubicumque
1017 2949 1302 3016 agentibus
1333 2949 1588 3002 innotuit.

1201 3038 1430 3093 CAPUT
1472 3039 1658 3093 LXIX.

659 3130 840 3186 Romce
881 3131 1050 3186 luctus
1079 3132 1141 3184 ob
1176 3140 1395 3223 mortem
1427 3132 1782 3223 Constantini,
1813 3144 1860 3187 et
1893 3134 2148 3204 imagines
2180 3135 2227 3188 ei
2258 3167 2299 3223 ο

1323 3202 1558 3256 decretw.

724 3295 794 3348 At
828 3295 880 3347 in
912 3293 1045 3348 urbe
1081 3293 1253 3364 regia,
1299 3302 1522 3348 senatus
1570 3296 1911 3365 populusque
1956 3296 2229 3352 Romanus

653 3395 930 3454 comperta
981 3385 1328 3454 imperatoris
1383 3395 1581 3450 morte,
1643 3388 2026 3457 gravissimum
2087 3390 2228 3442 hunc

654 3480 900 3532 nuntium
955 3484 1010 3530 et
1063 3476 1258 3546 quavis
1310 3476 1630 3532 calamitate
1708 3480 2044 3534 acerbiorem
2099 3479 2226 3541 rati,

655 3569 860 3622 nullum
924 3569 1093 3622 luctui
1144 3570 1363 3622 modum
1417 3569 1614 3625 fecere.
1658 3570 1869 3640 Quippe
1924 3571 2120 3625 balnea
2171 3581 2228 3626 et

654 3661 771 3714 fora
803 3675 982 3714 rerum
1021 3659 1290 3714 venalium
1325 3659 1509 3714 clausa
1538 3675 1553 3712 :
1586 3661 1803 3730 publica
1834 3662 1960 3714 item
2017 3673 2228 3730 Specta-

653 3752 796 3816 cula,
831 3762 886 3806 et
921 3766 1263 3820 quaecunque
1322 3753 1425 3804 alia
1461 3754 1582 3806 vita:
1620 3752 2014 3807 oblectamenta
2055 3754 2226 3807 homi-

658 3860 753 3899 nes
781 3845 833 3897 in
868 3844 981 3898 otio
1011 3845 1268 3915 degentes
1300 3844 1605 3898 consectari
1661 3843 1857 3920 sqlcnt,
1895 3854 2126 3898 remota.
2163 3843 2226 3896 Et

655 3938 749 4008 qui
777 3939 927 4007 prius
963 3936 1173 3990 deliciis
1200 3936 1566 3998 dillluxerant.
1602 3937 1782 3990 maesti
1827 3946 1953 3992 tunc
1984 3952 2080 4006 per
2109 3939 2226 3992 vias

657 4029 1009 4085 incedebant.
1040 4026 1250 4083 Omnes
1289 4029 1672 4097 imperatorem
1705 4032 1963 4094 beatum,
2000 4030 2110 4083 Deo
2136 4043 2222 4084 ca-

658 4136 802 4188 rmn,
830 4129 885 4176 et
911 4136 1136 4190 prorsus
1167 4121 1395 4189 imperio
1426 4119 1802 4190 dignissimum
1837 4122 2221 4187 praedicabant.

658 4213 844 4285 Neque
894 4216 1009 4268 haee
1056 4227 1194 4268 vace
1241 4223 1455 4267 tantum
1496 4213 1634 4266 nuda
1686 4213 2076 4268 declarabant:
2129 4215 2223 4269 sed

654 4306 990 4378 imaginibus
1043 4303 1312 4360 dedicatis
1353 4312 1627 4358 mortuum
1681 4306 1905 4372 perinde
1936 4322 1998 4359 ac
2036 4320 2226 4374 snper-

654 4401 838 4452 stitem
880 4397 1246 4453 honorabant.
1274 4397 1332 4452 In
1358 4398 1556 4467 quibus
1582 4413 1706 4452 cum
1742 4395 1864 4452 coeli
1905 4398 2226 4452 similitudi-

2847 3025 3245 3080 ΚΕΦΛΛΑΙΟΝ
3285 3022 3403 3078 ΞΘ¹.

2347 3123 2574 3195 Ῥώμης
2607 3124 2704 3175 ἐπὶ
2744 3123 3178 3195 Κωνσταντίνῳ
3218 3121 3459 3195 πένθος,
3500 3119 3599 3172 καὶ
3647 3115 3737 3169 διὰ
3785 3111 3874 3167 τῶν

2655 3196 2907 3247 εἰκόνων
2941 3191 3077 3262 τιμὴ
3115 3192 3266 3261 μετὰ
3305 3193 3588 3246 θάνατον.

2401 3287 2461 3338 Oi
2483 3285 2537 3338 δὲ
2559 3286 2657 3356 τὴν
2695 3283 2944 3354 βασιλίδα
2967 3283 3118 3336 πόλιν
3147 3282 3441 3345 οἰκοῦντες,
3472 3281 3608 3350 αὐτῇ
3633 3275 3873 3357 συγκλήτῳ

2331 3381 2426 3431 καὶ
2455 3378 2610 3448 δήμῳ
2641 3375 2927 3446 Ῥωμαίων
2954 3415 2968 3439 ,
3007 3374 3081 3438 ὡς
3130 3373 3250 3445 τὴν,
3281 3372 3552 3443 βασιλέως
3600 3367 3869 3434 ἐπέγνωσαν

2330 3469 2601 3540 τελευτὴν,
2637 3467 2813 3537 δεινὴν
2855 3468 2949 3519 καὶ
2981 3465 3162 3536 πάσης
3195 3465 3481 3535 συμφορᾶς
3519 3461 3761 3515 ἐπέκεινα
3795 3454 3869 3523 τὴν

2331 3563 2496 3633 ἀκοὴν
2521 3561 2756 3631 θέμενοι,
2793 3559 2984 3623 πένθος
3010 3544 3233 3629 ἄσχετον
3271 3555 3554 3610 ἐποιοῦντο
3579 3572 3590 3582 ·
3621 3549 3799 3620 λουτρὰ
3822 3547 3867 3614 δὴ

2329 3656 2644 3710 ἀπεκλείετο
2667 3653 2762 3707 καὶ
2791 3653 3022 3724 ἀγοραὶ,
3058 3650 3327 3722 πάνδημοί
3364 3666 3424 3701 τε
3457 3647 3596 3710 θέαι,
3628 3643 3716 3696 καὶ
3743 3637 3867 3693 πάνθ’

2329 3749 2408 3801 ὅσ’
2438 3749 2531 3801 ἐπὶ
2565 3745 2813 3819 ῥαστώνῃ
2851 3745 2966 3814 βίου
3012 3747 3125 3806 τοῖς
3172 3740 3602 3812 εὐθυμουμένοις
3653 3733 3868 3804 πράττειν

2329 3841 2448 3904 ἔθος
2480 3836 2570 3910 ἦν.
2604 3841 2881 3908 Κατηφεῖς
2916 3837 2959 3889 δ’
2993 3839 3041 3890 οἱ
3077 3834 3242 3888 πάλαι
3271 3832 3571 3904 τρυφηλοὶ,
3614 3829 3703 3890 τὰς
3737 3821 3867 3895 προό·

2329 3934 2454 3996 δους
2476 3931 2754 3986 ἐποιοῦντο
2771 3947 2783 3959 ·
2818 3928 2952 3999 ὁμοῦ
2975 3929 3018 3981 δ’
3043 3929 3092 3980 οἱ
3124 3927 3324 3988 πάντες
3345 3925 3434 3976 τὸν
3463 3921 3721 3994 μακάριον
3743 3916 3866 3968 ἀνευ-

2330 4028 2544 4098 φήμουν
2565 4066 2580 4090 ,
2613 4024 2705 4078 τὸν
2735 4021 2989 4090 θεοφιλῆ,
3028 4018 3119 4072 τὸν
3157 4018 3231 4081 ὡς
3262 4015 3478 4086 ἀληθῶς
3506 4015 3603 4084 τῆς
3632 4005 3863 4081 βασιλείας

2330 4117 2586 4184 ἐπάξιον·
2641 4117 2736 4170 καὶ
2773 4114 2835 4167 οὐ
2884 4113 3058 4167 ταῦτα
3108 4111 3257 4182 βοαῖς
3299 4108 3540 4179 ὲφώνουν
3588 4105 3763 4177 μόνον,
3801 4100 3862 4159 εἰς

2329 4211 2464 4282 ἔργα
2483 4211 2538 4264 δὲ
2559 4207 2881 4281 χωροῦντες,
2907 4205 3110 4268 είκόνος
3128 4201 3471 4274 ἀναθήμασιν
3492 4194 3579 4272 οἶά
3600 4213 3696 4264 περ
3718 4191 3862 4256 ζῶντα

2330 4305 2422 4357 καὶ
2454 4301 2756 4373 τεθνηκότα
2804 4298 2966 4352 αὐτὸν
3016 4297 3246 4367 ἐτίμων,
3296 4291 3526 4365 οὐρανοῦ
3576 4289 3665 4360 μὲν
3708 4282 3861 4373 σχῆμα

2329 4393 2760 4454 διατυπώσαντες
2804 4393 2860 4444 ὲν
2902 4387 3206 4462 χρωμάτων
3252 4387 3476 4457 γραφῇ,
3521 4381 3652 4450 ὑπὲρ
3692 4371 3858 4462 ἀψίδων

659 4505 781 4543 nem
812 4488 1211 4560 expressissent
1244 4490 1298 4542 in
1323 4486 1526 4554 tabula,
1567 4488 1743 4557 ipsum
1773 4505 1934 4558 supra
1975 4489 2226 4545 caelestes
2253 4508 2288 4568 ε

2253 4508 2304 4568 D
2331 4488 2594 4560 οὐρανίων
2630 4487 2686 4537 ὲν
2718 4483 2946 4554 αἰθερίῳ
2975 4479 3222 4550 διατριϐῇ
3253 4474 3704 4544 διαναπαυόμενον
3728 4459 3856 4568 αὐτὸν

657 4578 920 4643 fornices,
954 4579 1008 4632 in
1049 4579 1287 4633 aztliereo
1317 4578 1591 4633 domicilio
1631 4579 2061 4647 requiescentem
2099 4578 2224 4649 pitt-

660 4685 808 4726 xere.
843 4671 982 4737 Quin
1007 4671 1171 4724 etiam
1206 4670 1309 4740 ipsi
1341 4671 1545 4726 liberos
1583 4668 1720 4736 ejus,
1751 4671 2110 4739 imperatores
2139 4679 2224 4724 at-

655 4777 762 4830 que
786 4763 1060 4833 Augustos
1106 4762 1254 4817 solos
1305 4763 1424 4817 sine
1475 4763 1793 4832 cujusquam
1830 4762 2058 4817 alterius
2087 4777 2220 4817 con-

654 4855 825 4910 sortio
856 4855 1241 4922 nuncupabant
1269 4873 1281 4908 :
1319 4854 1643 4924 magnisque
1670 4854 2001 4909 clamoribus
2031 4867 2223 4924 postu-

654 4945 865 5011 la'bant,
897 4954 956 4999 ut
984 4945 1331 5015 imperatoris
1363 4945 1444 4999 sui
1473 4941 1639 4999 funus
1683 4945 1824 5014 apud
1852 4957 1911 4997 se
1943 4943 2224 5008 baberent,

654 5053 710 5097 et
739 5043 792 5097 in
825 5040 976 5112 regia
1007 5040 1143 5096 urbe
1177 5041 1530 5110 deponerent.

1229 5131 1460 5187 CAPUT
1501 5129 1664 5184 LXX.

729 5225 1002 5292 Quomodo
1026 5224 1189 5295 {unus
1222 5221 1684 5349 ϐιὲιδῑαηιίηρροίὶ
1707 5220 1997 5288 depositum
2027 5222 2150 5274 sita

1317 5305 1602 5348 onstantto.

1317 5305 1602 5348 onstantto.

727 5386 882 5442 Hunc
933 5387 1161 5455 principi
1211 5402 1241 5440 a
1294 5387 1404 5441 Deo
1450 5387 1738 5450 honorato,
1787 5383 1951 5438 etiam
1993 5381 2220 5438 Romani

655 5481 917 5536 honorent
958 5481 1345 5538 exhibuerunt.
1374 5481 1446 5534 At
1473 5479 1751 5534 secundus
1772 5491 1840 5531 ex
1871 5475 1994 5530 ﬁliis
2031 5477 2097 5530 ad
2127 5491 2222 5545 pa-

726 5617 837 5688 (7I)
882 5615 952 5672 Τό
993 5614 1222 5688 σκῆνξος
1255 5615 1361 5672 τοῦ
1389 5613 1908 5688 σφων-βασιλέως.
1948 5612 2095 5688 Idem
2141 5620 2219 5664 te-

656 5682 831 5743 statur
859 5682 1108 5742 Aurelius
1143 5685 1324 5742 Victor
1355 5682 1447 5741 his
1469 5686 1650 5740 verbis
1676 5725 1690 5740 .
1725 5703 1743 5734 ς
1775 5683 1958 5741 Funus
1989 5682 2216 5736 relatum

659 5760 713 5812 in
744 5758 928 5814 urbem
956 5758 1037 5813 sui
1067 5758 1316 5812 nominis.
1341 5757 1492 5825 Quod
1525 5769 1656 5810 sane
1683 5753 1913 5825 populus
1941 5753 2216 5825 llomanus

658 5829 937 5897 aegerrime
968 5826 1087 5884 tulit
1120 5848 1134 5884 :
1172 5821 1563 5900 quipps'cujus
1599 5821 1789 5894 armis,
1833 5822 2063 5895 legibus,
2101 5821 2215 5878 cle-

2331 4551 2412 4651 τῖί
2438 4581 2619 4651 γραφῇ
2662 4551 3081 4648 παραδιδόντεςο
3125 4572 3249 4634 τοὺς
3293 4570 3336 4624 δ’
3377 4567 3543 4622 αὐτοῦ
3585 4561 3753 4620 παῖδας
3781 4551 3854 4651 καὶ

2330 4668 2472 4726 οὗτοι
2523 4671 2711 4743 μόνους
2739 4669 2832 4722 καί⁵
2863 4666 2971 4720 οὐδ’
3001 4665 3210 4727 ἄλλους,
3245 4661 3643 4732 αὐτοκράτορας
3675 4647 3854 4743 καὶῇΣεο

2332 4763 2562 4825 ϐαστούς
2608 4759 2898 4814 ἀνεκάλουν
2923 4798 2938 4821 ,
2996 4755 3144 4826 βοαῖς
3195 4755 3244 4806 τ’
3297 4751 3536 4822 ἐχρῶντο
3588 4737 3848 4811 ἱκετηρίαις,

2330 4857 2391 4909 τὸ
2427 4856 2620 4926 σκῆνος
2660 4853 2752 4906 τοῦ
2788 4868 2932 4921 σφων
2973 4848 3234 4916 βασιλέως
3274 4844 3387 4916 (7|)
3430 4842 3558 4914 παρ’
3585 4837 3746 4894 αὐτοῖς
3778 4843 3849 4880 κο·

2333 4947 2616 5019 μίξοντες,
2661 4945 2756 4998 καὶ
2802 4945 2867 5014 τῇ
2902 4939 3126 5012 βασιλίδι
3168 4938 3316 4992 πόλει
3358 4927 3721 4989 κατατίθεσθαι
3749 4935 3847 4973 ποτ’

2329 5039 2605 5110 νιώμενοι.

2864 5119 3254 5176 ΚΕΦΑΛΑΙΟΝ
3289 5120 3363 5173 0'.

2330 5219 2660 5284 Κατάθεσις
2715 5216 2821 5270 τοῦ
2877 5213 3267 5282 σκηνώματος
3318 5208 3434 5263 ὑπὸ
3479 5195 3841 5284 Κωνσταντίῡυ

2616 5281 2828 5353 παιδὸς
2854 5286 2923 5338 ἐν
2961 5281 3609 5338 Κωνσταντινουπόλει.

2409 5380 2568 5434 Ἀλλά
2597 5379 2694 5434 και
2735 5377 2841 5430 οῖδε
2888 5373 3062 5445 ταύτῃ
3109 5373 3199 5426 τὸν
3243 5369 3394 5443 ποιρά
3435 5368 3554 5439 θεῷ
3591 5357 3837 5457 “Mf”:

2327 5472 2590 5541 ἐκόσμουν
2616 5485 2629 5498 ·
2674 5469 2703 5521 ὁ
2734 5466 2793 5520 δὲ
2835 5463 2944 5518 τῶν
2989 5461 3193 5516 παίδων
3235 5460 3486 5529 δεύτερος
3531 5453 3636 5522 (72)
3672 5453 3736 5517 τῷ
3766 5453 3837 5492 του

2328 5608 2489 5664 menti
2521 5605 2750 5671 imperio
2780 5602 2935 5671 quasi
2971 5610 3216 5656 novatam
3254 5599 3442 5654 urbem
3475 5597 3742 5651 Romanam
3769 5590 3835 5630 al"

2325 5681 2640 5735 bitraretur.
2677 5693 2694 5723 ι
3560 5733 3583 5735 _
3755 5718 3783 5735 _.

2395 5727 2714 5819 ζῆέίίοίδὲ
2759 5742 2876 5797 τῶν
2931 5740 3161 5819 ,παίδων
3201 5741 3500 5819 δεύτερος.
3545 5727 3831 5819 Constant-ttat?

2322 5797 2522 5886 Caesar,
2561 5797 2720 5887 quem
2754 5825 2903 5888 pater
2936 5812 3144 5869 Orienti
3188 5797 3535 5884 praefecerat,
3577 5797 3732 5860 audita
3761 5799 3830 5858 pa-
