4126 6438
620 420 761 476 1227

618 543 1001 600 communione
1052 543 1216 614 potiri
1269 557 1576 603 mereretur
1619 566 1637 604 :

615 648 739 706 post
793 645 1025 691 mortem
1080 636 1370 707 imperium
1407 640 1676 708 retinens,
1716 641 1875 711 quasi
1914 642 2193 699 redivivus

615 728 930 783 universum
965 726 1154 783 orbem
1187 728 1520 797 gubernans,
1548 730 1744 787 Victor
1782 730 2051 788 Maximus
2082 732 2192 787 Au-

614 827 830 888 gustus,
863 832 962 874 suo
1003 818 1182 875 adhue
1216 819 1441 875 nomine
1477 823 1870 892 rempublicam
1902 836 2137 895 regeret.

1094 996 1373 1055 CAPUT
1435 999 1700 1057 LXXII.

1155 1091 1231 1147 De
1269 1092 1497 1162 phoenice
1534 1111 1646 1150 ave.

681 1181 799 1238 Non
857 1183 1320 1254 quemadmodum
1391 1187 1507 1243 avis
1585 1186 1678 1242 illa
1732 1186 2020 1258 Egyptia,
2068 1201 2188 1258 qua-

611 1290 734 1330 cum
781 1276 897 1346 ejus
929 1279 1148 1346 generis
1184 1280 1342 1333 unica
1392 1280 1485 1345 sit,
1535 1295 1700 1350 super
1748 1289 2054 1336 aromatum
2092 1295 2186 1335 cu-

612 1369 759 1423 mulo
784 1370 958 1424 emori
990 1372 1216 1437 dicitur,
1236 1373 1468 1443 seipsam
1505 1374 1661 1443 quasi
1692 1373 1973 1428 victimam
1999 1374 2187 1427 immo-

608 1461 766 1517 Ians:
798 1478 1034 1532 moxque
1065 1478 1131 1516 ex
1168 1462 1301 1532 ipsis
1339 1463 1536 1519 favillis
1590 1464 1827 1529 renasci,
1884 1476 1941 1518 et
1988 1463 2184 1533 pennis

608 1553 662 1608 in
702 1554 867 1609 altum
904 1558 1188 1623 subvecta,
1225 1557 1413 1611 eadem
1454 1573 1559 1625 qua
1590 1558 1739 1627 prius
1771 1556 1953 1626 specie
1983 1558 2130 1611 cerni
2164 1574 2179 1610 :

606 1647 700 1700 sed
741 1648 919 1716 potius
947 1647 1196 1718 exemplo
1225 1648 1533 1705 Servatoris
1567 1650 1673 1714 sui,
1733 1650 1827 1718 qui
1874 1650 2047 1703 instar
2076 1650 2180 1703 tri-

609 1738 700 1793 tici
732 1739 859 1802 sati,
891 1753 955 1793 ex
988 1755 1097 1793 uno
1128 1741 1338 1794 semine
1389 1740 1442 1794 in
1476 1741 1649 1795 multa
1690 1756 1809 1795 sese
1846 1738 2177 1806 dilIundens,

604 1844 707 1899 ope
758 1845 821 1885 ac
873 1831 1256 1887 benedictione
1300 1832 1393 1887 Dei
1443 1834 1654 1903 spicam
1682 1833 1934 1901 proudit,
1971 1833 2177 1887 etuni-

602 1932 822 1976 versum
880 1930 1155 1977 terrarum
1213 1923 1400 1978 orbem
1440 1922 1709 1978 fructibus
1750 1925 1863 1978 suis
1914 1922 2183 1994 implevit;
2212 1919 2254 1974 Β

603 2012 860 2069 adhunc
906 2014 1126 2068 modum
1171 2014 1518 2070 beatissimus
1568 2013 1728 2085 563
1782 2016 2032 2084 princeps
2083 2030 2179 2085 per

603 2106 1005 2159 successionem
1055 2105 1356 2160 liberorum
1413 2105 1693 2173 multiplex
1755 2106 1932 2162 factus
1974 2115 2061 2161 est
2110 2122 2176 2162 ex

602 2209 750 2247 uno:
785 2194 919 2248 adeo
951 2202 1007 2247 ut
1034 2194 1235 2264 passim
1272 2194 1324 2247 in
1365 2195 1620 2250 omnibus
1658 2197 1957 2265 provinciis
1986 2196 2178 2267 imagi-

601 2298 699 2337 nes
736 2285 785 2337 ei
813 2284 975 2339 simul
1009 2300 1130 2339 cum
1198 2284 1326 2340 ﬁliis
1372 2286 1597 2342 honoris
1637 2302 1803 2342 causa
1848 2296 2176 2351 statuantur,

599 2386 660 2431 et
708 2376 978 2432 familiare
1026 2393 1223 2433 nomen
1275 2376 1628 2434 Constantini
1683 2379 1848 2434 etiam
1893 2388 2018 2451 post
2059 2381 2179 2452 ejus

599 2465 808 2520 obitum
843 2475 1162 2535 usurpetur.

1124 2556 1357 2616 CAPUT
1395 2558 1628 2618 LXXIII.

601 2649 876 2716 Quomodo
921 2650 979 2706 in
1018 2653 1245 2707 nummis
1304 2651 1717 2708 Constantinum
1759 2654 1899 2710 velut
1961 2655 2020 2711 in
2073 2671 2178 2712 cae-

917 2721 1024 2776 lum
1066 2723 1427 2778 ascendentem
1472 2726 1844 2792 expresserim.

668 2812 972 2881 Quinetiam
998 2814 1201 2868 nummi
1227 2814 1536 2885 huiusmodi
1567 2814 1745 2871 forma
1775 2816 1978 2888 signati
2010 2826 2173 2873 sunt:

595 2906 873 2961 anteriore
902 2907 1123 2977 quidem
1155 2918 1308 2976 parte
1347 2908 1565 2962 beatum
1599 2908 1902 2978 principem
1956 2908 2175 2965 obtecto

597 2998 775 3069 capite
804 2999 1159 3069 praetereuntes
1185 3015 1200 3065 ;
1235 2999 1403 3053 altera
1432 3014 1564 3056 vero
1588 3009 1744 3072 parte
1765 3001 1820 3055 in
1849 3000 2174 3072 quadriiugo

596 3105 761 3144 curru
816 3092 1018 3161 aurigae
1069 3091 1242 3147 instar
1292 3094 1598 3161 sedentem,
1653 3102 1708 3150 et
1763 3103 2013 3173 porrecta
2067 3094 2172 3166 ipsi

597 3182 813 3239 ctelitus
846 3182 1040 3239 dextra
1069 3185 1137 3240 ad
1169 3199 1393 3254 superos
1424 3195 1783 3257 assumptum.

1140 3368 1374 3426 CAPUT
1408 3367 1648 3425 LXXIV.

666 3465 819 3533 Quod
848 3482 968 3521 cum
1002 3465 1169 3521 Deum
1200 3468 1471 3531 coluisset,
1503 3468 1689 3521 merito
1731 3466 1889 3521 etiam
1921 3482 1953 3520 ο
1992 3464 2099 3521 Deo

1176 3541 1465 3591 honoratus
1498 3547 1594 3592 est.

663 3627 791 3682 Hazc
844 3627 1110 3684 miracula
1152 3644 1402 3683 summus
1441 3628 1683 3683 onmium
1738 3628 1879 3683 Deus
1921 3626 1976 3682 in
2023 3626 2169 3683 Con-

592 3722 856 3787 stantino,
891 3721 983 3792 qui
1006 3721 1154 3778 solus
1184 3737 1253 3777 ex
1280 3721 1536 3777 omnibus
1564 3730 1712 3775 retro
1747 3718 2170 3790 imperatoribus

591 3804 959 3867 Christianum
1008 3826 1068 3867 se
1134 3812 1317 3883 palam
1387 3810 1668 3883 professus
1712 3810 1913 3879 fuerat,
1966 3808 2171 3865 nostris

663 3986 777 4059 (77)
791 3987 946 4057 Vulg.
969 3988 1152 4053 αὐτὸς
1166 3987 1234 4042 δὲ
1256 3987 1367 4057 τῆς
1378 3987 1702 4059 ,ϐασιλείας
1719 3982 1869 4059 μετὰ
1888 3984 2166 4059 θάνατον.

592 4055 785 4113 Scribo
806 4055 965 4122 αὐτὸς
994 4059 1050 4112 δὲ
1078 4060 1178 4129 τῆς
1208 4059 1257 4130 β.
1282 4055 1374 4112 καὶ
1410 4058 1547 4130 μετὰ
1572 4055 1799 4130 θάνατον
1834 4055 2171 4130 ἐπειλημμέ-

590 4144 701 4193 νος,
740 4131 881 4197 quod
903 4128 1231 4184 conﬁrmant
1250 4128 1549 4198 sequentia.
1585 4131 1761 4198 Atque
1789 4128 1862 4181 ita
1893 4128 1948 4181 iu
1981 4130 2170 4182 codice

592 4198 729 4254 [θυι.
774 4200 972 4252 diserte
1011 4201 1272 4254 scrinium
1303 4201 1504 4254 iuveni.

639 4212 729 4254 HK.
774 4212 972 4252 diserte
1011 4212 1272 4254 SCI‘IDlllm
1303 4216 1504 4254 ιιινοηι.

663 4216 729 4254 ut.
774 4216 972 4252 diserte
1011 4216 1272 4270 SCl'lpltlm
1303 4216 1504 4254 Inveni.

663 4270 773 4339 (78)
813 4268 1095 4337 Νικητὴς,
1136 4270 1464 4339 Μέγιστος,
1490 4268 1807 4334 Σεϐαστός.
1850 4267 2167 4337 Hujusmodi

589 4350 708 4393 erat
741 4340 1041 4409 inscriptio,
1071 4341 1281 4406 legibus
1302 4351 1357 4393 et
1384 4340 1627 4409 epistolis
1656 4340 2170 4409 Coastantinigprte-

590 4410 679 4479 llgi
718 4408 910 4471 solita,
951 4419 1009 4462 ut
1061 4410 1263 4479 passim
1324 4407 1556 4465 testatur
1622 4410 1883 4463 Eusebius
1924 4407 2170 4479 :__Victor

590 4477 969 4550 Constantinus
1009 4476 1234 4548 Magnus
1275 4482 1563 4550 Augustus.
1597 4480 1900 4533 Pretiomen
1933 4476 2169 4550 Victoris

590 4547 821 4627 sumpsit
868 4547 1410 4629 Constantinuspo'st
1452 4550 1760 4629 partam'de
1810 4548 2167 4629 ιχιιέιιιιιὶεηνῐτ

1333 420 1604 480 EUSEBlI
1640 420 2121 481 CESARIENSIS
2194 421 2346 483 OPP.
2388 424 2571 482 PARS
2608 425 2650 484 I.
2690 456 2763 471 —
2798 425 3191 488 HISTORICA.

1688 548 1805 620 ipse
1850 564 1981 606 vero
2023 550 2173 606 etiatr

2292 549 2469 622 εὐχῶν
2488 568 2503 581 ·
2534 552 2696 617 αὐτὸς
2726 551 2783 605 δὲ
2811 553 2911 624 τῆς
2941 552 3216 624 βασιλείας
3249 551 3373 624 (77)
3403 551 3502 605 καὶ
3554 552 3685 624 μετὰ
3713 555 3847 611 θάνα-

3731 436 3842 495 Im

2298 660 2390 697 τον
2441 644 2862 717 ἐπειλημμένος,
2909 644 3097 719 ὥσπερ
3134 642 3226 699 οὖν
3267 644 3333 712 ἐξ
3388 643 3731 711 ἁναϐιώσεως
3770 651 3849 720 τὴν

2299 734 2593 805 σύμπασαν
2622 736 2795 807 ἀρχὴν
2823 737 3061 803 διοικῶν,
3087 738 3359 808 Νικητὴς,
3388 738 3684 805 Μέγιστος,
3706 728 3850 792 Σεϐα-

2299 828 2420 891 στὸς
2451 827 2563 901 (78)
2598 828 2746 902 αὐτῷ
2771 836 3122 903 προσρήματι
3142 832 3238 903 τῆς
3269 831 3574 900 Ῥωμαίων
3596 832 3854 903 ἡγεμονίας

2297 920 2519 993 ἐκράτει
2538 922 2673 993 (79).

2801 1017 3197 1071 ΚΕΦᾹΛΑΙΟΝ
3234 1014 3357 1071 OB'.

2724 1109 2862 1177 Περὶ
2892 1110 3165 1179 φοίνικος
3195 1111 3439 1180 ὀρνέου.

2362 1202 2436 1255 Οὐ
2473 1200 2617 1255 κατὰ
2643 1200 2734 1256 τὸν
2765 1201 3042 1271 Αἰγύπτου
3064 1203 3233 1275 ὄρνιν,
3259 1203 3318 1256 ὃν
3350 1203 3421 1274 δή
3450 1218 3588 1271 φασι
3626 1204 3853 1275 μονογενῆ

2291 1291 2418 1345 ὅντα
2445 1293 2543 1364 τὴν
2572 1292 2756 1362 φύσιν,
2779 1292 3032 1363 θνήσκειν
3070 1294 3169 1364 μὲν
3193 1295 3280 1347 ἐπ’
3314 1293 3643 1365 ἀρωμάτων
3662 1334 3676 1356 ,
3722 1296 3855 1347 αὐτὸν

2291 1383 2439 1456 αὑτῷ
2482 1386 2579 1456 τὴν
2622 1384 2877 1456 τελευτὴν
2913 1384 3713 1456 θυηπολοῦντα,ἀνα6ιὼσκειν
3748 1386 3787 1438 δ’
3809 1388 3857 1451 ἐξ

2289 1475 2457 1545 αὑτῆς
2513 1474 2737 1538 σποδιᾶς
2770 1517 2785 1541 ,
2838 1475 2930 1529 καὶ
2983 1475 3300 1529 ἁναπτάντα
3336 1473 3594 1527 τοιοῦτον
3638 1470 3744 1537 οἶος
3780 1475 3855 1527 καὶ

2288 1566 2551 1637 πρότερον
2589 1562 2657 1637 ἦν
2699 1567 2899 1637 φῦναι·
2925 1567 3068 1622 κατὰ
3098 1568 3156 1621 δὲ
3187 1568 3279 1621 τὸν
3313 1567 3494 1621 αὑτοῦ
3531 1566 3781 1638 Σωτῆρα,
3809 1568 3856 1633 ὃς

2286 1659 2363 1729 τῷ
2409 1656 2503 1711 τοῦ
2547 1657 2723 1731 πυροῦ
2751 1659 2935 1730 σπόρῳ
2972 1659 3372 1731 παραπλησίως
3398 1658 3527 1711 ἀνθ’
3561 1659 3681 1721 ἑνὸς
3716 1660 3853 1713 πολο-

2287 1751 2733 1823 πλασιαζόμενος,
2766 1752 2862 1806 σὺν
2882 1751 3102 1823 εὐλογία
3121 1750 3255 1804 Θεοῦ
3276 1753 3522 1823 παρεῖχε
3548 1750 3643 1803 τὸν
3659 1752 3851 1823 στάχυν,

2286 1843 2380 1893 καὶ
2427 1841 2526 1912 τὴν
2580 1840 2871 1913 σύμπασαν
2925 1842 3249 1913 οἰκουμένην
3287 1842 3401 1896 τῶν
3460 1840 3636 1895 αὐτοῦ
3690 1860 3853 1898 κατεν-

2280 1932 2526 2004 επίμπλα
2545 1932 2798 2005 καρπῶν⁸
2825 1931 2998 2005 τούτῳ
3018 1929 3108 1987 οὖν
3125 1934 3381 2005 ἐμφερῶς
3397 1936 3430 1987 ό
3452 1935 3852 2006 τρισμακάριος,

2281 2023 2641 2088 πολυπλάσιος
2672 2023 2783 2095 (80)
2828 2023 2916 2078 διὰ
2958 2026 3058 2096 τῆς
3096 2025 3205 2079 τῶν
3232 2026 3444 2079 παίδων
3472 2026 3729 2097 διαδοχῆς
3756 2027 3851 2080 ἀνθ’

2278 2117 2395 2180 ἑνὸς
2444 2117 2711 2185 ἐγίγνετο,
2759 2116 2835 2180 ὡς
2890 2118 2986 2171 καὶ
3041 2118 3264 2171 εἰκόνων
3323 2118 3674 2172 ἀναστάσεσι
3723 2118 3851 2187 παρὰ

2278 2208 2444 2260 πᾶσιν
2496 2206 2707 2261 ἔθνεσιν
2756 2207 2875 2279 ἅμα
2928 2209 3045 2271 τοῖς
3094 2206 3261 2260 αὐτοῦ
3313 2208 3592 2279 τιμᾶσθαι
3649 2208 3847 2269 παισὶν,

2276 2297 2474 2352 οἰκεῖόν
2520 2316 2580 2351 τε
2617 2297 2855 2370 τοῦνομα
2883 2300 3313 2364 Κωνσταντίνου,
3347 2302 3449 2355 καὶ
3482 2300 3629 2373 μετὰ
3653 2301 3748 2372 τὴν
3773 2299 3850 2353 τοῦ

2278 2390 2395 2463 βίου
2429 2390 2957 2466 παραλαμϐάνεσθαι
2983 2391 3263 2464 τελευτήν.

2788 2566 3187 2621 ΚΕΦΑΛΑΙΟΝ
3224 2568 3343 2621 Ol".

2279 2658 2470 2727 ὀπως
2500 2658 2571 2714 ἐν
2604 2658 2999 2728 νομίσμασιν,
3038 2658 3120 2724 ὡς
3164 2660 3253 2724 εις
3299 2657 3575 2726 οὐρανὸν
3623 2656 3849 2712 ἀνιόντα

2595 2729 3053 2788 Κωνσταντῖνον
3091 2728 3542 2799 ἐνεχάρασσον.

2350 2822 2487 2895 Ἤδη
2537 2821 2595 2875 δὲ
2642 2822 2737 2877 καὶ
2786 2822 3116 2893 νομίσμασιν
3172 2821 3607 2892 ὲνεχαράττοντο
3678 2819 3843 2883 τύποι,

2262 2914 2511 2986 ,πρόσθεν
2548 2915 2646 2985 μὲν
2668 2912 3027 2977 ὲντυποῦντες
3054 2913 3144 2967 τὸν
3175 2914 3470 2985 μακάριον,
3516 2913 3847 2982 ἐγκεκαλυμμ-

2277 3006 2440 3079 μένον
2465 3007 2565 3079 τὴν
2597 3006 2841 3077 κεφαλὴν
2873 3007 3112 3077 σχήματι
3151 3005 3287 3077 (8i),
3324 3005 3564 3079 Θατέρου
3587 3005 3642 3058 δὲ
3667 3004 3842 3075 μέρους

2276 3100 2361 3168 ἐφ’
2386 3100 2593 3171 ἅρματι
2636 3099 2923 3173 τεθρίππῳ
2976 3099 3193 3170 ἡνιόχου
3247 3099 3486 3171 τρόπον,
3547 3098 3653 3152 ὑπὸ
3681 3096 3843 3163 δεξιᾶς

2275 3187 2482 3243 ἄνωθεν
2535 3188 2917 3260 ὲκτεινομένης
2970 3187 3121 3260 αὐτῷ
3165 3188 3348 3260 χειρὸς
3402 3187 3839 3260 ἀναλαμὼνόμε-
3886 3186 3889 3187 ⁷

2196 3270 2241 3331 C
2273 3296 2382 3335 νον.

2786 3371 3184 3427 ΚΕΦΑΛΑΙΟΝ
3225 3374 3341 3427 ΟΔν.

2311 3465 2430 3520 Ὅτι
2464 3468 2498 3521 ό
2530 3464 2792 3538 τιμηθείς
2817 3465 2919 3538 ὑπ’
2943 3465 3131 3538 αὐτοῦ
3166 3464 3310 3531 Θεὸς
3350 3464 3604 3532 δικαίως
3640 3460 3812 3517 αὑτὸν

2867 3537 3247 3605 ἀντετίμησε.

2343 3628 2511 3685 Ταῦθ’
2532 3629 2664 3701 ἡμῖν
2690 3626 2873 3690 αὐτοῖς
2903 3624 3081 3690 δείξας
3103 3625 3419 3698 ὀφθαλμοῖς,
3452 3628 3549 3681 ἐπὶ
3583 3627 3725 3697 μόνῳ
3742 3621 3834 3675 τῶν

2289 3720 2509 3775 πώποτε
2582 3717 2894 3792 Χριστιανῷ
2965 3717 3240 3787 διαφανῶς
3301 3717 3413 3790 (82)
3480 3716 3834 3787 ἀποδειχθέντι

2273 3812 2670 3885 Κωνσταντίνῳ
2712 3813 2741 3867 ὁ
2781 3810 2873 3865 ἐπὶ
2912 3811 3130 3865 πάντων
3172 3810 3325 3876 Θεὸς,
3378 3812 3580 3866 ὁπόσον
3625 3806 3691 3882 ἦν
3735 3808 3829 3879 ἄρα

2342 3992 2454 4065 (80)
2494 3990 2657 4065 Vulg.
2688 3991 3143 4065 πολυπλασίως.
3176 3989 3412 4065 S_a_vilius
3445 3991 3516 4065 ad
3542 4004 3687 4045 oram
3713 3982 3822 4065 libri

2271 4057 2361 4118 sui
2382 4057 2529 4117 notat
2563 4057 2847 4127 legendum
2878 4077 3001 4116 esse
3020 4061 3403 4125 πολυπλάσιος,
3423 4062 3511 4115 cui
3538 4057 3823 4116 assentior;

2270 4135 2486 4189 mallem
2526 4142 2703 4186 tamen
2734 4130 3137 4186 πολυπλασίων.

2339 4203 2450 4274 (8|)
2498 4201 3052 4275 Ἐγκεεκαλυμμένφν
3082 4201 3208 4275 τὴν
3242 4200 3522 4270 κεφαλὴν
3562 4196 3822 4275 σκήμιξτιν

2270 4272 2467 4329 Ultima
2491 4288 2593 4327 vox
2623 4272 2848 4325 delenda
2878 4273 3006 4325 mihi
3043 4272 3274 4335 videtur,
3301 4287 3462 4341 quam
3508 4286 3576 4326 ex
3603 4272 3822 4333 margine

2272 4346 2324 4398 in
2359 4354 2562 4397 textum
2587 4343 2873 4412 irrepsisse
2900 4343 3159 4395 credibile
3187 4352 3290 4395 est.
3323 4344 3635 4411 Ascriptum
3658 4345 3826 4412 autem!

2270 4414 2461 4467 eratin
2487 4401 2731 4494 margine
2763 4411 3018 4494 ὀχήματι,
3043 4413 3109 4464 ad
3136 4401 3555 4494 explicationem
3596 4401 3817 4494 vocabuli

2268 4483 2548 4552 sequentis
2576 4479 2982 4553 ἅρματιζσιιοό
3017 4497 3147 4536 vero
3171 4482 3238 4536 ad
3269 4480 3568 4550 marginem
3593 4479 3818 4554 editionis

2269 4552 2603 4609 Genevensis
2637 4553 2833 4621 legitur
2875 4550 3351 4623 διαδήματαιηοο
3391 4552 3609 4623 quidem
3633 4546 3815 4623 judicia

588 4619 838 4692 ctoriam.
872 4620 976 4673 Sed
992 4628 1044 4671 et
1063 4619 1151 4692 lilii
1177 4616 1648 4692 ipsiusqua'sijure
1664 4616 2161 4692 Itmreditarionillud
2197 4616 2241 4669 D
2273 4623 2667 4690 ineptissimum
2689 4616 2806 4684 est,
2841 4616 3217 4692 neque'Craaci
3242 4616 3511 4692 sermonis
3537 4617 3813 4687 proprietas

590 4687 961 4751 retinuerunt,
993 4697 1049 4740 ut
1081 4683 1276 4741 docent
1316 4683 1627 4741 eo'rutndem
1680 4685 1939 4751 epistolae.
1996 4683 2163 4738 Porro

587 4772 653 4809 ex
689 4759 790 4811 hoc
813 4758 931 4827 loco
984 4768 1229 4827 apparet,
1278 4767 1401 4827 post
1435 4759 1637 4809 obitmn
1678 4756 2017 4809 Constantini
2050 4754 2163 4827 Μιιέ

589 4827 740 4887 ximi.
784 4826 957 4881 tribus
985 4825 1203 4881 circiter
1226 4825 1525 4891 mensibus,
1547 4828 1597 4879 id
1625 4837 1707 4879 est
1738 4836 1848 4877 tom
1874 4825 2161 4891 interregni

587 4898 933 4966 spatio,leges
948 4913 1135 4952 omnes
1152 4910 1313 4968 atque
1333 4900 1526 4961 edicta,
1543 4896 2163 4968 Constantini,tanquam

586 4968 923 5036 superstitis,
945 4969 1161 5021 nomine
1186 4966 1441 5037 inscripta
1474 4968 1655 5028 fuisse,
1677 4982 1796 5019 cum
1828 4966 2002 5017 nullus
2028 4966 2163 5018 alius

585 5038 861 5106 Augustus
886 5048 1030 5092 esset
1063 5040 1113 5091 in
1136 5042 1268 5094 orbe
1300 5040 1566 5100 Romano,
1587 5048 1645 5089 ut
1669 5051 1830 5103 supra
1855 5037 2162 5088 observavi.

585 5106 771 5179 Potest
800 5108 960 5162 etiam
997 5109 1216 5179 intelligi
1250 5112 1336 5164 hic
1379 5109 1530 5162 locus
1564 5110 1631 5161 de
1677 5106 1873 5179 liberis
1897 5106 2165 5158 Constan-

589 5177 689 5248 tini
716 5179 889 5243 Magni
914 5177 1209 5248 quieodem
1247 5181 1400 5234 titulo
1430 5188 1484 5232 et
1525 5181 1741 5232 nomine
1772 5178 2083 5248 utebantur,
2108 5185 2164 5229 et

587 5247 641 5300 in
670 5251 867 5316 quibus
914 5261 1071 5319 pater
1108 5253 1431 5305 reviviscere
1458 5250 1760 5303 videbatur.
1781 5248 1952 5311 Quam
1992 5247 2163 5300 inter-

586 5320 941 5388 pretationem
986 5322 1310 5375 conlirmant
1335 5322 1635 5388 sequentia.

657 5389 771 5460 (79)
811 5390 965 5460 Vulg.
998 5391 1318 5460 ἡγεμονίας
1346 5385 1602 5458 κρατεῖν.
1630 5387 1821 5443 Scribo
1847 5385 2086 5460 ἐκράτει,
2107 5397 2163 5437 ιιι

585 5461 911 5530 respondeat
934 5463 981 5514 ei
1001 5472 1164 5516 verbo
1181 5466 1323 5530 quod
1347 5460 1510 5513 multo
1534 5472 1659 5513 ante
1700 5459 2161 5530 princessit,xatrc-

583 5529 827 5600 ηξιοῦτο.
874 5532 1042 5585 Porro
1075 5534 1128 5586 in
1164 5527 1349 5586 codice
1379 5531 1544 5600 [legio
1569 5532 1633 5583 ad
1662 5529 1961 5600 marginem
2005 5527 2162 5595 hujus

582 5597 794 5669 capitis,
838 5600 1059 5656 Graecus
1087 5603 1406 5656 scholiastes
1441 5597 1555 5653 haec
1599 5600 1763 5654 verba
1796 5600 1867 5669 in,
1904 5597 2160 5669 honorem

581 5665 924 5740 Constantini
952 5674 1278 5740 ascripserat
1302 5690 1315 5726 :
1349 5671 1444 5734 Εἰς
1458 5670 1672 5723 αἰώνιον
1690 5665 2028 5740 μνημόσυνόν
2047 5666 2162 5723 ἐστι

579 5738 645 5791 τὸ
693 5742 863 5812 ὄνομά
924 5759 1055 5807 σου,
1090 5738 1401 5796 ἀποστόλων
1457 5738 1897 5813 τρισκαιδέκατε.
1952 5738 2058 5790 Sed
2108 5751 2164 5813 et

582 5810 865 5878 passim'in
904 5815 1005 5867 hoc
1044 5829 1207 5882 opere
1243 5810 1579 5867 laudibus-ac
1604 5815 1741 5867 votis
1768 5826 1889 5865 eum
1926 5810 2164 5882 aspergit

585 5882 724 5935 NOII!
755 5882 850 5943 ille
876 5879 1161 5941 Scribaflu
1192 5882 1326 5941 Fuk.
1352 5887 1537 5941 codice
1558 5885 1833 5945 scribitur
1866 5879 2076 5950 κρατεῖ,

2266 4708 2385 4743 eam
2423 4693 2743 4745 locutionem
2775 4690 3031 4745 admittit.
3061 4691 3231 4746 Porro
3274 4692 3325 4744 in
3369 4690 3639 4759 plerisque
3676 4697 3812 4739 num-

2267 4763 2368 4814 mis
2412 4762 2798 4816 Cmtstantinus
2822 4761 2999 4827 capite
3025 4762 3230 4829 galeato
3263 4761 3612 4827 conspicitur.

2337 4833 2451 4900 (8:2)
2469 4832 2627 4897 Vulg.
2646 4829 3011 4898 Χριστιανῶν
3030 4828 3352 4900 διαφανῶς.
3374 4830 3717 4884 Scribendum
3733 4828 3809 4900 est

2267 4893 2384 4977 sine
2405 4893 2923 4977 ιιιιῑιὶιιὶςρίστιανῴ.
2953 4893 3550 4977 ὃρτιὺὲιιιιιιιιιίιιιοιιιιο
3583 4893 3810 4977 εδιημόνῳ

2265 4971 2371 5025 τῶν
2389 4970 2603 5025 πώποτε
2623 4967 2905 5041 βασιλέων,
2922 4983 3013 5025 aut
3030 4983 3176 5024 certe
3191 4967 3634 5025 subaudiendum.
3655 4967 3804 5019 (ia-Ie-

2265 5058 2383 5096 rum
2405 5040 2664 5095 Eusebius
2694 5043 2964 5095 neminem
2992 5042 3192 5107 excipit
3211 5055 3275 5094 ex
3307 5055 3531 5094 numero
3555 5040 3808 5107 imperato-

2267 5128 2383 5164 rum
2414 5112 2801 5176 Ilomanorutn,
2820 5112 2944 5164 dum
2976 5112 3052 5164 ait
3078 5104 3309 5179 primum
3339 5125 3405 5164 ex
3430 5104 3674 5163 omnibus
3694 5104 3807 5179 _Con_-

2265 5184 2558 5235 stantiuum
2594 5182 2768 5249 palam
2789 5171 2845 5234 et
2872 5192 3059 5249 aperte
3078 5171 3445 5235 Christianum
3480 5181 3655 5233 fuisse.
3673 5171 3802 5240 Quod

2266 5263 2413 5307 certe
2440 5253 2777 5306 verissimmn
2814 5261 2915 5305 est.
2937 5252 3045 5304 Etsi
3072 5252 3215 5304 enim
3243 5250 3522 5319 Philippus
3549 5252 3802 5317 imperator

2265 5321 2611 5376 Clit'iStianus
2647 5321 2817 5375 fuisse
2849 5339 2877 5374 ιι
2924 5322 3197 5375 nonnullis
3222 5323 3487 5389 proditur,
3527 5336 3628 5373 non
3656 5326 3800 5389 laute"

2263 5391 2628 5446 Christianam
2662 5392 3015 5460 religionem,
3052 5392 3278 5460 perinde
3318 5406 3379 5444 ac
3414 5388 3798 5444 Constantinus.

2264 5462 2441 5530 palam
2469 5462 2741 5531 professus
2766 5470 2869 5516 est.
2897 5462 3016 5515 Alio
3037 5478 3199 5515 sensu
3225 5461 3453 5515 Orosius
3488 5463 3539 5512 in
3573 5461 3696 5513 libro
3720 5466 3798 5511 vn.

2265 5537 2330 5587 de
2362 5531 2717 5586 Constantino
2748 5532 2822 5585 ita
2844 5532 3035 5586 scribit
3064 5553 3077 5585 :
3122 5550 3140 5581 ι
3173 5531 3387 5585 Primus
3451 5532 3794 5598 imperatorum

2264 5603 2602 5657 Christianus
2622 5638 2638 5664 ,
2668 5612 2895 5670 excepto
2930 5601 3197 5671 Philippo,
3223 5602 3315 5670 qui
3344 5601 3676 5655 Christianus
3717 5606 3797 5657 atl-

2266 5675 2349 5727 nis
2399 5673 2690 5727 admodum
2744 5673 2930 5740 paucis
2982 5674 3048 5726 ad
3101 5676 3205 5725 hoc
3253 5682 3458 5724 tantum
3514 5670 3799 5722 (‘UIISIlllllUS

2265 5744 2433 5798 fuisse
2473 5741 2603 5796 mihi
2656 5743 2803 5795 visus
2835 5753 2948 5806 est,
2985 5753 3041 5795 ut
3088 5742 3406 5795 millesimus
3449 5740 3629 5794 Rutula:
3657 5743 3796 5791 annui

2265 5814 2484 5871 Christo
2516 5814 2695 5884 potius
2724 5827 2888 5883 quam
2912 5811 3068 5868 idolis
3092 5813 3455 5867 dedicaretur.
3493 5830 3515 5864 ι
