4126 6438
358 351 496 407 13M

1106 342 1571 401 CONSTANTINI
1606 344 1864 402 ORATIO
1903 345 1994 400 AD
2029 342 2451 400 SANCTORUM
2492 341 2782 399 COETUM.

3472 341 3610 397 ’12ἆῖ

361 472 576 531 στάσις.
607 466 701 520 καὶ
723 464 942 527 ὄνειδος,
977 464 1052 525 ὡς
1084 462 1158 534 μὴ
1195 462 1650 535 ίδιοπραγούντων
1683 463 1805 533 μηδ’
1835 464 1934 534 ἀρ-

2038 461 2480 517 conviciaturus?
2530 464 2703 527 Quem
2742 473 2870 514 vero
2918 460 3304 515 obsecraturus
3353 475 3472 514 sum
3500 502 3515 524 ,
3551 474 3609 516 nt

359 559 642 631 κουμένων
688 559 802 620 τοῖς
856 554 1203 608 ἐπιϐάλλουσι
1251 554 1337 607 διὰ
1372 553 1702 621 πλεονεξίαν,
1748 556 1842 607 καὶ
1876 556 1939 607 τὸ

357 651 665 703 τελευταῖον
697 649 729 716 ἡ
762 646 980 698 πάντων
1004 644 1263 714 σύγχυσις
1286 644 1724 716 ἐπηκολούθησεν
1756 646 1840 700 ἄν⁸
1875 645 1937 699 Τί

357 739 451 795 οὖν
482 740 549 793 τὰ
575 737 712 810 μετὰ
734 736 906 790 ταῦτα
931 753 945 801 ;
969 736 1136 805 Δῆλον
1157 736 1232 799 ὡς
1264 738 1295 807 ἡ
1324 737 1430 789 τῶν
1456 736 1721 808 οὐρανίων
1750 737 1938 800 στάσις

358 837 429 890 τὰ
475 834 579 888 ὑπὸ
621 834 710 884 τὸν
753 831 978 903 οὐρανὸν
1032 831 1123 883 καὶ
1165 831 1231 883 τὰ
1280 830 1498 897 ἐπίγεια
1547 829 1934 901 διελυμήνατο,

360 926 751 997 ἀφανισθείσης
786 925 883 994 μὲν
918 925 1014 992 τῆς
1040 922 1147 976 τῶν
1181 922 1336 992 ὡρῶν
1366 921 1692 989 διατάξεως,
1730 922 1936 993 καιρῶν

357 1036 419 1071 τε
446 1014 770 1089 μεταϐολῆς,
803 1014 897 1067 καὶ
917 1013 1014 1084 τῆς
1037 1012 1328 1077 κατὰλτοὺς
1350 1014 1575 1083 καιροὺς
1600 1011 1707 1065 τῶν
1733 1013 1937 1083 φυομέ-

360 1127 467 1164 νων
508 1107 737 1178 καρπῶν
787 1105 1161 1170 ἀπολαύσεως,
1199 1103 1591 1175 ἀφανισθείσης
1629 1104 1685 1157 δὲ
1726 1104 1936 1174 ἡμέρας

358 1202 453 1255 καὶ
485 1201 583 1269 τῆς
601 1199 985 1269 διαδεχομένης
1014 1199 1183 1266 αὐτὴν
1207 1197 1526 1267 νυκτερινῆς
1551 1196 1932 1261 ἀναπαύσεως.

358 1291 469 1345 Καὶ
502 1291 706 1344 τούτων
745 1291 842 1361 μὲν
864 1289 1011 1352 ἆλις·
1043 1288 1203 1342 πάλιν
1235 1289 1279 1341 δ’
1301 1290 1394 1341 ἐπὶ
1426 1287 1518 1340 τὸν
1548 1286 1933 1354 ἀνεξέλεγκτον

356 1384 703 1453 ἐπανήκομεν
724 1381 900 1448 λόγον.

2040 553 2173 609 mihi
2201 552 2531 607 calamitatis
2559 565 2777 605 causam
2807 552 3042 619 aperiat,
3073 565 3271 620 meque
3288 566 3349 606 ea
3376 550 3607 607 liberet?

2039 646 2310 702 Ponamus
2342 658 2440 713 per
2469 642 2689 697 oracula
2713 658 2778 697 ac
2804 642 3061 697 vaticinia
3085 644 3243 697 nobis
3271 644 3454 697 datum
3484 660 3608 701 esse

2039 750 2355 805 reSponsum
2389 751 2403 789 :
2435 736 2551 790 llch
2577 749 2709 788 vero
2738 749 2845 788 non
2880 748 3004 789 esse
3031 734 3137 788 sita
3167 734 3219 787 in
3255 736 3494 803 ipsorum
3521 751 3610 804 po-

2039 836 2253 889 testate.
2282 826 2375 880 sed
2411 827 2477 880 ad
2526 824 2689 879 alium
2732 825 2893 879 deum
2948 825 3242 894 pertinere.
3275 826 3404 892 Quze
3444 826 3611 894 igitur

2040 919 2432 983 misericordia,
2470 933 2591 988 quae
2626 917 2718 971 Dei
2756 933 2884 987 erga
2918 918 3195 972 hominem
3234 916 3610 986 providentia?

2029 1009 2148 1087 _Nisi
2180 1009 2325 1065 forte
2356 1010 2554 1079 aliquis
2583 1025 2651 1065 ex
2684 1010 2791 1063 illis
2823 1010 2988 1080 paulo
3016 1010 3327 1076 humanior,
3348 1012 3610 1065 adversus

2036 1103 2262 1157 alterum
2289 1104 2382 1173 qui
2404 1104 2548 1158 nulla
2565 1118 2690 1175 erga
2718 1104 2970 1160 homines
2987 1104 3361 1159 benevolentia
3384 1102 3612 1158 aﬁ'ectus

2036 1204 2140 1257 est.
2169 1196 2456 1251 violentius
2489 1209 2793 1253 commotus
2827 1214 2981 1266 opem
3014 1197 3219 1251 tulerit.
3249 1195 3347 1250 Irae
3372 1212 3534 1267 porro
3556 1205 3611 1251 et

2037 1287 2338 1343 simultates
2365 1299 2419 1343 ct
2448 1290 2689 1344 convicia
2712 1332 2727 1356 ,
2748 1291 2989 1344 omnium
3024 1291 3256 1359 denique
3277 1305 3458 1344 rerum
3485 1303 3610 1358 per-

2041 1380 2393 1442 turbatio.ex
2441 1397 2505 1437 eo
2557 1393 2919 1451 sequerentur
2966 1401 2979 1437 :
3019 1384 3144 1436 dum
3207 1396 3335 1435 suas
3380 1381 3611 1450 quisque

356 1484 538 1543 partes
590 1472 809 1525 minime
856 1478 1055 1540 ageret,
1096 1479 1149 1525 et
1206 1485 1314 1540 pra:
1365 1468 1661 1538 cupiditate
1706 1468 1818 1523 suis
1868 1468 2027 1521 rebus
2071 1484 2178 1523 non
2210 1480 2520 1536 contentus,
2566 1472 2772 1528 alienas
2824 1471 3126 1525 invaderet.
3192 1470 3327 1538 Quid
3381 1466 3613 1541 postea?

355 1567 516 1621 Certe
569 1568 687 1622 haec
726 1568 1023 1623 caalestium
1062 1565 1330 1621 discordia
1378 1564 1727 1620 inferioribus
1792 1579 1856 1618 ac
1909 1565 2141 1621 terrenis
2196 1567 2358 1622 rebus
2393 1567 2687 1637 perniciem
2749 1567 2978 1621 allatura
3015 1578 3194 1634 esset,
3230 1576 3607 1637 tempestatum

354 1660 545 1715 ordine
594 1677 657 1717 ac
697 1662 1093 1727 vicissitudine,
1134 1671 1188 1715 et
1243 1663 1513 1715 fructuum
1554 1662 1644 1731 qui
1683 1659 1912 1730 singulis
1958 1662 2087 1717 anni
2118 1663 2452 1733 temporibus
2509 1664 2799 1733 provenire
2849 1666 3050 1729 solent,
3115 1663 3353 1718 utilitate
3392 1664 3608 1733 penitus

352 1755 594 1814 sublata,
642 1756 855 1811 sublata
901 1756 1064 1811 etiam
1115 1756 1224 1824 die,
1271 1764 1327 1811 et
1371 1771 1492 1825 qua:
1550 1756 1691 1811 diem
1735 1754 1942 1824 excipit
1978 1764 2241 1811 nocturna
2289 1756 2490 1839 quiete.
2538 1756 2644 1812 Sed
2682 1756 2749 1812 de
2786 1755 2871 1811 his
2932 1755 3090 1812 satis.
3128 1754 3431 1811 Redeamus
3466 1771 3609 1811 nunc

350 1851 532 1904 adeas
560 1849 796 1906 rationes
820 1866 938 1921 quae
975 1850 1197 1906 refutari
1240 1850 1547 1907 nullatenus
1578 1858 1824 1919 possunt.

880 1994 1273 2046 ΚΕΦΑΛΑῐυΝ
1324 1999 1396 2048 Δ¹.

582 2082 721 2151 Περὶ
756 2082 867 2149 τῆς
902 2085 1054 2138 κατὰ
1082 2083 1157 2138 τὰ
1188 2085 1407 2139 εἴδωλα
1438 2086 1694 2153 πλάνης.

419 2175 534 2227 Πᾶν
584 2176 645 2227 τὸ
696 2176 869 2248 ἀρχὴν
919 2175 1069 2246 ἕχον,
1129 2178 1224 2230 καὶ
1257 2176 1409 2241 τέλος
1443 2178 1592 2247 ἔχει’
1629 2182 1661 2250 ἡ
1699 2180 1754 2233 δέ
1789 2182 1929 2235 κατὰ

346 2267 538 2339 χρόνον
578 2265 739 2337 ἀρχὴ.
772 2268 986 2335 γένεσις
1028 2266 1301 2321 καλεῖται·
1345 2267 1415 2321 τὰ
1460 2268 1503 2321 δ’
1536 2270 1600 2322 ἐκ
1639 2271 1926 2339 γενέσεως,

349 2359 563 2431 φθαρτὰ
597 2360 807 2412 πάντα⁶
846 2358 1057 2431 μορφὴν
1088 2361 1144 2414 δέ
1174 2362 1363 2432 χρόνος
1391 2363 1647 2434 ἀμαυροῖ.
1684 2363 1807 2426 Πῶς
1836 2361 1928 2417 οὖν

350 2451 415 2503 ἂν
443 2452 492 2503 οί
525 2453 588 2502 ἐκ
615 2450 880 2517 γενέσεως
918 2451 1186 2522 φθαρτῆς,
1218 2447 1329 2505 εἷεν
1368 2452 1651 2517 ἀθανάτοις
1693 2454 1829 2520 Δόξα
1870 2454 1926 2507 δὲ

345 2542 455 2595 τῶν
484 2543 779 2611 ἀλογίστων
812 2543 871 2613 δή
882 2562 996 2614 μων
1022 2545 1247 2617 τοιαύτη
1278 2564 1361 2610 τις
1387 2546 1821 2617 διαπεφοίτηκεν,
1852 2546 1927 2610 ὼς

348 2631 500 2702 παρὰ
526 2635 637 2695 τοῖς
665 2632 805 2695 θεοῖς
830 2633 1019 2703 γάμοι,
1052 2634 1433 2707 παιδοσπορίαι
1460 2653 1517 2689 τε
1542 2635 1923 2707 ἐνομίσθησαν.

349 2724 413 2775 Ei
444 2722 487 2775 δ’
514 2724 766 2777 ἀθάνατοι
788 2726 836 2777 οἱ
858 2725 1204 2794 γεννώμενοι,
1231 2728 1522 2796 γεννῶνται
1544 2729 1587 2781 δ’
1613 2729 1723 2794 ἀεὶ,
1747 2729 1853 2801 πλη
1863 2748 1928 2801 μ-

351 2818 541 2886 μυρεῖν
561 2816 770 2887 ἀνάγκη
790 2816 1018 2889 [αὐτῶν]
1036 2820 1096 2871 τὸ
1115 2819 1270 2885 γένος
1284 2820 1381 2889 (6).
1403 2820 1729 2893 Προσθήκης
1742 2821 1785 2874 δ’
1804 2824 1925 2874 ἐπι-

349 2905 668 2977 γενομένης,
706 2908 791 2970 τίς
821 2904 913 2960 οὖν
948 2908 1175 2979 οὐρανὸς
1200 2911 1297 2981 (7;,
1323 2911 1451 2966 ποία
1480 2911 1536 2966 δὲ
1559 2913 1653 2983 γῆ,
1674 2913 1925 2967 τοσοῦτον

346 2996 550 3066 σμῆνος
583 2998 994 3069 ἐπιγιγνόμενον
1035 2999 1170 3053 θεῶν
1201 3001 1482 3074 ἐχώρησε;
1517 3003 1581 3056 Τί
1613 3004 1656 3056 δ’
1688 3002 1753 3059 ἂν
1782 3006 1925 3058 εἴποι

343 3102 427 3148 τις
462 3087 589 3156 περὶ
622 3087 853 3158 ἀνδρῶν,
884 3089 1165 3159 οὐρανίους
1198 3091 1459 3162 ἀδελφοὺς
1490 3095 1568 3157 είς
1601 3094 1778 3165 γάμου
1813 3113 1926 3149 κοι-

342 3182 539 3235 νωνίαν
562 3182 958 3246 συναπτόντων,
985 3185 1228 3254 μοιχείας
1248 3203 1306 3238 τε
1336 3188 1427 3240 καὶ
1447 3188 1741 3253 ἀκολασίας
1759 3191 1925 3259 ἐγκα-

343 3273 607 3339 λούντων;
650 3274 895 3345 Λέγομεν
926 3274 988 3345 δὴ
1018 3276 1455 3348 τεθαρρηκότως,
1493 3282 1588 3333 καὶ
1628 3280 1729 3343 τὰς
1757 3281 1925 3351 τιμὰς

343 3364 531 3429 αὑτὰς,
558 3366 625 3418 τά
652 3382 711 3417 τε
740 3367 867 3437 παρ’
898 3365 1195 3438 ἀνθρώπων
1221 3370 1298 3432 είς
1322 3370 1516 3435 αὐτοὺς
1541 3373 1698 3444 γέρα,
1733 3372 1921 3443 ὕϐρεσι

341 3459 435 3511 καὶ
467 3456 771 3526 ἀσελγείαις
822 3457 1103 3529 μεμίχθαι.
1160 3459 1297 3530 Ἤδη
1349 3461 1456 3533 γάρ
1503 3479 1585 3527 τις
1621 3463 1693 3535 (8)
1730 3467 1787 3518 ἐν
1838 3465 1922 3519 λό-

338 3568 457 3619 γοις
485 3550 813 3616 ἐξετασθείς,
849 3550 1284 3621 ἀγαλματοποιός
1311 3572 1370 3608 τε
1408 3560 1621 3629 μορφήν
1655 3576 1776 3613 τινα
1806 3560 1922 3613 δια-

340 3644 458 3715 νοίᾳ
493 3643 836 3715 προσλαϐὼν,
871 3643 1114 3716 ἔντεχνον
1138 3645 1493 3719 τεκμαίρεται
1524 3648 1795 3702 παιδείανο
1827 3652 1921 3703 καὶ

344 3735 544 3807 μεταξὺ
589 3730 675 3789 οἷα
716 3736 779 3807 δὴ
824 3736 993 3808 λήθης
1038 3740 1405 3813 ἐμπεσούσης,
1440 3743 1501 3796 τὸ
1534 3744 1663 3797 ἴδιον
1697 3745 1919 3817 πλάσμα

342 3828 648 3892 κολακεύει,
682 3829 854 3882 σέϐων
876 3831 951 3889 ὡς
974 3831 1095 3885 θεὸν
1114 3832 1398 3897 ἀθάνατον,
1428 3835 1701 3905 ὁμολογῶν
1727 3839 1916 3892 ἑαυτὸν

340 3922 431 3975 τὸν
463 3922 671 3994 πατέρα
704 3922 780 3995 (9)
823 3924 915 3977 καὶ
943 3924 1269 3998 δημιουργὸν
1299 3927 1393 3980 τοῦ
1428 3929 1743 4002 ἀγάλματος
1792 3932 1918 4005 θνη-

340 4014 430 4068 τὺν
469 4012 627 4068 εἶναι.
664 4016 795 4105 χῶν
838 4017 882 4070 δ’
918 4017 1209 4088 ἀφθάρτων
1240 4020 1463 4074 ἐκείνων
1491 4022 1694 4094 τάφους
1720 4042 1779 4078 τε
1826 4028 1917 4080 καὶ

340 4104 513 4174 θήκας
541 4104 966 4159 ἐπιδεικνύουσιν
997 4108 1169 4173 αὐτοὶ,
1204 4112 1621 4182 κατοιχομένους
1647 4132 1706 4167 τε
1731 4120 1917 4187 τιμαῖς

337 4193 626 4257 ἀθανάτοις
658 4195 1005 4267 γεραίρουσιν
1026 4236 1039 4260 ,
1065 4198 1385 4265 ἀγνοοῦντες
1413 4202 1475 4255 τὸ
1504 4203 1720 4273 ἀληθῶς
1741 4206 1918 4275 μακά-

339 4301 453 4355 ριον
487 4287 579 4338 καὶ
608 4286 914 4358 ἄερθαρτον,
948 4289 1191 4353 άνενδεές
1224 4290 1467 4361 ὑπάρχον
1496 4292 1594 4363 τῆς
1629 4293 1779 4365 παρὰ
1811 4293 1916 4349 τῶν

337 4374 591 4447 φθαρτῶν
630 4378 929 4448 ἐπιτιμίας.
964 4378 1054 4450 Τῷ
1087 4382 1194 4453 γάρ
1221 4398 1301 4433 τοι
1331 4382 1406 4451 νῷ
1444 4382 1655 4446 θεατὸν,
1691 4386 1784 4439 καὶ
1806 4386 1918 4439 δια-

335 4467 453 4539 νοία
483 4468 834 4540 περιληπτὸν,
871 4469 993 4524 οὗτε
1040 4473 1251 4544 μορφὴν
1285 4474 1537 4527 ἐπιποθεῖ
1565 4476 1634 4529 δι’
1671 4472 1739 4548 ἧς
1774 4495 1914 4545 γνω-

340 4558 571 4631 ρισθείη,
604 4560 727 4612 οὔτε
781 4562 1059 4633 σχήματος
1093 4564 1363 4633 ἀνέχεται,
1412 4564 1488 4627 ὡς
1526 4565 1592 4619 ἂν
1630 4567 1837 4631 εἰκόνος
1880 4568 1913 4638 ἢ

336 4649 525 4703 τύπου.
560 4650 742 4705 Ταῦτα
778 4651 838 4704 δὲ
888 4654 1065 4707 πάντα
1109 4653 1352 4723 γίγνεται
1414 4656 1551 4727 πρὸς
1596 4657 1753 4728 χάριν
1808 4659 1914 4712 τῶν

335 4744 734 4814 κατοιχομένων
754 4762 767 4774 ·
800 4745 1077 4818 ἄνθρωποι
1108 4746 1215 4819 γὰρ
1249 4744 1388 4819 ἦσαν
1420 4750 1581 4820 ἡνίκα
1614 4749 1770 4815 ἔζων,
1803 4750 1910 4805 σώ-

339 4848 503 4903 ματος
536 4834 752 4906 μέτοχοι
786 4835 956 4901 ὄντες.

2642 1989 2869 2046 CAPUT
2912 1990 3000 2043 IV.

2185 2084 2259 2138 De
2281 2100 2457 2139 errore
2483 2100 2661 2138 eorum
2692 2085 2784 2153 qui
2808 2084 3094 2137 simulacra
3120 2094 3454 2137 venerantur.

2102 2172 2374 2240 Quidquid
2403 2172 2728 2241 principium
2752 2171 2966 2235 habuit,
2988 2171 3150 2226 linem
3171 2188 3385 2243 quoque
3412 2174 3608 2231 haheat

2029 2278 2246 2318 necesse
2275 2272 2379 2318 est.
2406 2263 2576 2318 Porro
2610 2264 2905 2333 temporale
2940 2259 3266 2335 principium
3322 2267 3605 2336 generatio

2030 2356 2352 2425 appellatur.
2383 2354 2513 2422 Quae
2540 2372 2667 2410 vero
2692 2371 2759 2410 ex
2790 2358 3145 2426 generatione
3174 2360 3448 2424 oriuntur,
3483 2375 3604 2413 om-

2029 2450 2115 2503 nia
2145 2457 2271 2503 sunt
2300 2448 2634 2516 corruptioni
2665 2450 2922 2503 obnoxia.
2945 2450 3026 2503 Ad
3054 2452 3165 2504 hmc
3184 2450 3410 2504 formam
3432 2450 3605 2519 ipsam

2028 2555 2092 2597 ac
2134 2542 2369 2619 speciem
2422 2542 2564 2596 delet
2609 2544 2872 2613 temporis
2917 2543 3305 2613 longinquitas.
3357 2543 3604 2610 Quonam

2030 2634 2195 2701 igitur
2238 2632 2398 2688 modo
2448 2634 2541 2703 qui
2599 2648 2663 2689 ex
2706 2622 3061 2704 corruptibili.
3096 2637 3443 2704 generatione
3496 2635 3603 2689 orti

2029 2735 2175 2791 sunt,
2208 2725 2544 2781 immortales
2577 2740 2697 2781 esse
2729 2729 2987 2795 possent?
3009 2728 3275 2782 Caaterum
3299 2727 3603 2796 hujusmodi

2027 2819 2279 2891 quaedam
2309 2818 2574 2888 imperitae
2594 2820 2957 2876 multi-tudinis
2975 2822 3159 2890 opinio
3191 2820 3438 2885 invaluit,
3462 2822 3605 2888 apud

2026 2927 2256 2982 superos
2298 2912 2513 2982 nuptias
2549 2912 2665 2967 ﬁeri
2712 2914 2910 2978 solere,
2962 2924 3016 2968 ct
3063 2913 3265 2968 liberos
3305 2918 3602 2983 [)l'Olfl'eill'i.

2025 3004 2177 3072 Quod
2216 3006 2262 3062 si
2311 3007 2403 3076 qui
2449 3006 2769 3078 gignuntur,
2798 3007 3131 3062 immortales
3178 3018 3327 3069 sunt,
3361 3021 3608 3076 semper-

2024 3113 2129 3166 que
2160 3098 2456 3167 gignuntur
2487 3098 2636 3165 novi,
2684 3114 2855 3169 genus
2902 3098 3032 3152 illud
3088 3099 3346 3154 exuberet
3381 3114 3600 3154 necesse

2026 3199 2126 3243 est.
2165 3188 2276 3246 Hac
2307 3202 2488 3245 autem
2525 3190 2843 3247 accessione
2872 3190 3036 3255 facta,
3071 3192 3213 3261 quod
3242 3191 3454 3245 tandem
3485 3206 3598 3247 εω-

2028 3278 2133 3335 lum
2154 3320 2171 3346 ,
2205 3297 2325 3350 qua:
2356 3290 2523 3347 terra,
2562 3291 2770 3337 tantum
2818 3282 3045 3337 deorum
3085 3297 3311 3338 examen
3344 3298 3601 3352 superve-

2026 3374 2182 3426 niens
2212 3387 2407 3442 capere
2443 3374 2653 3444 possit?
2682 3374 2820 3442 Quid
2846 3383 3025 3429 autem
3052 3375 3294 3428 dicemus
3320 3375 3385 3427 de
3413 3375 3479 3428 iis
3504 3375 3602 3427 ho-

2025 3462 2261 3516 minibus
2301 3465 2392 3530 qui
2423 3463 2620 3518 fratres
2657 3465 2786 3519 deos
2808 3480 2929 3518 cum
2962 3463 3240 3517 sororibus
3267 3463 3466 3515 deabus
3490 3476 3602 3514 ma-

2025 3556 2265 3609 trimonii
2295 3554 2503 3610 findere
2525 3556 2885 3625 conjungunt,
2914 3566 2969 3609 et
2995 3555 3259 3609 adulteria
3296 3568 3460 3624 atque
3499 3556 3600 3610 ob-

2020 3648 2313 3701 scenitates
2349 3648 2537 3702 iisdem
2585 3648 2890 3717 objiciunt?
2930 3647 3061 3701 Illud
3107 3664 3321 3718 quoque
3368 3649 3598 3703 ﬁdenter
3632 3716 3637 3721 Α

2021 3737 2177 3807 571
2213 3738 2533 3802 asserimus,
2560 3740 2795 3794 honores
2818 3748 2869 3793 et
2892 3740 3093 3794 cultum
3129 3742 3217 3809 qui
3248 3740 3378 3810 ipsis
3404 3741 3470 3793 ab
3499 3741 3597 3794 ho-

2021 3831 2257 3885 minibus
2302 3831 2585 3897 tribuitur,
2636 3831 2974 3902 impudicitia
3009 3849 3072 3887 ae
3112 3833 3335 3887 libidine
3377 3832 3591 3902 plenum

2018 3937 2157 3977 esse.
2222 3921 2510 3977 Enimvero
2567 3924 2934 3992 peritissimus
3022 3924 3219 3993 aliquis
3266 3926 3590 3989 statuarius,

2020 4025 2303 4085 postquam
2358 4016 2592 4069 formam
2637 4014 2805 4071 futuri
2837 4017 3019 4085 operis
3049 4018 3197 4084 prius
3235 4026 3414 4070 mente
3447 4029 3596 4069 com-

2018 4107 2205 4175 plexus
2252 4116 2355 4169 est,
2393 4122 2529 4175 opus
2582 4121 2649 4162 ex
2699 4109 2981 4177 praeceptis
3031 4108 3167 4163 artis
3217 4108 3481 4161 exemlit:
3531 4120 3596 4160 ac

2018 4198 2175 4269 paulo
2205 4207 2351 4267 post,
2373 4198 2523 4253 velut
2557 4200 2641 4254 sui
2686 4201 2908 4268 oblitus,
2952 4203 3170 4270 proprio
3199 4198 3349 4266 operi
3388 4198 3595 4254 blandi-

2018 4298 2126 4358 tur,
2172 4291 2336 4360 idque
2384 4306 2484 4360 pro
2537 4291 2836 4345 immortali
2885 4292 2987 4346 deo
3026 4291 3158 4346 colit
3194 4310 3207 4345 :
3238 4308 3359 4345 cmn
3414 4300 3593 4344 tamen

2019 4386 2133 4455 ipse
2160 4397 2354 4442 statua:
2382 4388 2527 4443 illius
2558 4405 2621 4459 pa
2634 4404 2757 4444 rens
2784 4400 2948 4458 atque
2971 4389 3192 4451 artifex,
3221 4404 3281 4444 se
3310 4388 3591 4443 mortalem

2017 4494 2134 4533 esse
2158 4478 2417 4535 fateatur.
2452 4482 2673 4536 lllorum
2707 4497 2871 4553 porro
2914 4482 3303 4537 immortalium
3346 4481 3594 4551 sepulcra

2017 4580 2072 4624 et
2102 4587 2259 4627 arcas
2288 4573 2507 4642 ipsimet
2553 4576 2868 4640 ostendunt,
2896 4585 2950 4629 et
2996 4585 3237 4630 mortuos
3270 4576 3468 4631 divinis
3495 4576 3592 4630 ho-

2020 4664 2239 4720 noribus
2274 4665 2518 4722 alliciunt
2552 4685 2568 4722 :
2599 4668 2913 4738 ignorantes
2954 4668 3192 4731 scilicet,
3228 4669 3280 4723 id
3328 4670 3472 4738 quod
3507 4684 3593 4724 re-

2016 4768 2143 4809 vera
2181 4756 2397 4812 beatum
2450 4768 2506 4813 et
2559 4759 2869 4814 immortale
2902 4769 3009 4823 est,
3044 4760 3110 4813 iis
3148 4773 3287 4828 quos
3332 4758 3592 4813 mortales

2021 4849 2267 4904 tribuunt
2310 4850 2610 4907 honoribus
2673 4866 2777 4906 non
2824 4851 3086 4923 indigere.
3130 4850 3262 4905 Nam
3312 4854 3451 4921 quod
3477 4852 3593 4904 sola

338 4926 688 4997 intelligentia
724 4933 873 4987 cerni
917 4940 972 4986 et
1021 4934 1351 5003 cogitatione
1386 4936 1769 5007 comprehendi
1804 4948 1999 5009 potest,
2030 4958 2127 4998 nec
2176 4943 2409 5001 formam
2462 4964 2568 5017 qua
2614 4948 2966 5016 dignoscatur
3016 4947 3265 5017 requirit,
3310 4964 3408 5002 nec
3448 4946 3582 5017 ligu-

336 5034 449 5072 ram
487 5024 719 5077 admittit
765 5036 1017 5095 tanquam
1052 5029 1339 5098 imaginem
1376 5039 1429 5086 et
1466 5032 1893 5091 similitudinem.
1942 5037 2139 5093 Verum
2186 5042 2301 5097 haec
2363 5046 2544 5099 omnia
2590 5053 2927 5101 mortuorum
2959 5058 3121 5100 causa
3176 5045 3334 5098 ﬁunt.
3375 5042 3586 5099 Revera

332 5116 474 5169 enim
520 5116 763 5174 homines
794 5120 1008 5177 fuerunt
1036 5124 1353 5195 corpori-bus
1386 5127 1598 5197 praediti
1636 5128 1763 5183 dum
1793 5131 2060 5187 viverent.

404 5385 476 5459 (6)
520 5386 775 5470 Ἀνάγκη
798 5386 863 5441 τὸ
892 5389 1085 5460 γένος.
1118 5393 1173 5470 _ln
1212 5394 1398 5450 codice
1434 5396 1575 5470 Fuk.
1628 5409 1745 5467 post
1799 5401 1907 5470 pri-

333 5473 472 5536 rnum
493 5473 673 5536 vocem
713 5461 899 5536 lacuna
925 5476 1011 5536 est
1041 5468 1197 5516 unius
1222 5469 1463 5536 vocabuli
1484 5461 1673 5536 capiti.
1708 5461 1905 5527 Scriba

332 5528 493 5606 igitur
530 5527 895 5606 Eiqppypai’vr
914 5533 1129 5604 ἀνάγκη
1154 5535 1419 5590 αὐτῶντὸ
1441 5527 1614 5606 γένος.

404 5596 477 5667 (7)
517 5596 1129 5675 ΔΤίς”οξῦἑίοὐρανός]
1160 5596 1513 5661 δυνὼειιᾱιιίιι
1567 5596 1651 5663 est
1705 5612 1789 5675 τίς
1834 5611 1899 5665 ἂν

333 5667 582 5749 οὐρανός,
622 5680 676 5750 u_t
711 5672 760 5750 in
798 5667 1261 5750 librouMoraeiad
1293 5679 1589 5750 marginem
1632 5667 1894 5736 emenda-

337 5750 452 5824 tum
485 5740 684 5821 inveni.
733 5740 1035 5824 InJcodicc
1090 5746 1278 5800 Fnket.
1313 5740 1510 5818 legitur
1538 5749 1621 5813 τίς
1670 5753 1895 5824 οὐρανός

336 5812 539 5877 absque
568 5812 964 5881 cettjunctiouc.

2087 5403 2163 5479 (8)
2198 5404 2338 5472 Ἦδη
2368 5405 2473 5475 γάρ
2494 5423 2604 5479 ητις,
2637 5407 2809 5460 Malim
2837 5406 3015 5473 legere
3042 5409 3141 5479 ἤδη
3171 5406 3298 5479 γοῦν
3329 5423 3441 5479 τις,
3468 5416 3577 5463 etc.

2013 5470 2347 5549 ‘P‘auloqpost,
2372 5470 2460 5528 ubi
2492 5470 2684 5545 legitur
2718 5470 2928 5548 διανοίέι
2966 5470 3308 5549 πρόσλαϐῴν,
3345 5478 3395 5530 in
3431 5477 3576 5531 libro

2012 5542 2295 5627 Mot'aziéad
2327 5542 2620 5627 marginem
2652 5542 2970 5603 emendatur
2996 5542 3304 5621 προλαϐών,
3349 5548 3574 5618 perinde

2010 5628 2070 5667 ac
2102 5616 2151 5667 in
2184 5614 2400 5670 Gruteri
2435 5614 2589 5671 libro.

2081 5684 2155 5757 t9)
2215 5686 2367 5755 Vulg.
2422 5687 2636 5741 éat'u‘r
2688 5690 2929 5757 πατέρα.
3002 5687 3218 5742 Rectius
3274 5690 3325 5742 in
3385 5690 3574 5745 codice

2005 5752 2136 5877 Féllk.
2183 5752 2436 5813 scribitur
2488 5759 2678 5815 ἑαυτὸν
2736 5752 2847 5813 τὸν⁷
2890 5759 3101 5829 πατέρα
3159 5761 3251 5814 καὶ
3309 5760 3570 5833 δημιούρ-

2005 5840 2038 5877 γ
2071 5842 2118 5877 ν.
2162 5838 2266 5877 ctc.

2004 5838 2118 5893 γον,
2162 5838 2266 5882 ctc.
