4126 6438
284 427 422 484 ωδ

1053 421 1514 481 οοΝετΑΝτιΝι
1553 422 1810 481 ORATIO
1846 423 1937 479 AD
1976 420 2397 479 SANCTORUM
2433 420 2725 479 C(ETUK.

2474 166 2505 185 έ-ὶ»

3402 418 3536 476 me

276 544 381 616 τὴς
416 542 512 598 καὶ
540 545 640 615 τῆς
683 542 749 597 ἐκ
794 542 905 598 τῶν
945 542 1208 599 κινδύνων
1240 545 1514 618 σωτηρίας
1550 547 1751 618 φυσική
1785 564 1868 610 τις

1969 546 2101 601 mite
2153 546 2425 616 ingenium
2444 524 2507 601 et
2527 544 2833 615 obsequens
2862 543 3067 598 homini
3096 559 3111 597 :
3144 544 3196 599 in
3248 541 3381 598 feris
3408 559 3537 599 vero

278 636 527 707 πρόνοια.
561 635 672 690 Καὶ
700 634 921 690 πάντων
969 636 1067 707 μὲν
1110 636 1333 708 ἡμέρων
1374 636 1699 708 κηδεμονίαν
1740 636 1863 691 τινὰ

276 731 394 792 τοῖς
407 726 714 800 ἀνθρώποις
766 727 996 793 ἐπέταξε
1018 767 1033 791 ,
1074 729 1212 800 πρὸς
1236 728 1294 782 δὲ
1330 728 1401 783 τὰ
1432 728 1597 802 ἄγρια
1631 728 1863 800 ἆμιλλάν

275 838 401 875 τινα
432 821 799 893 νομοθετήσας
819 838 833 851 ·
868 819 1005 892 μετά
1040 818 1099 873 δὲ
1126 820 1301 875 ταῦτα
1330 822 1430 891 τὴν
1467 820 1576 875 τῶν
1603 821 1862 875 πετεινῶν

275 913 472 983 γενεὰν
521 914 887 984 συνεστήσατο
908 952 923 977 ,
958 911 1158 983 πολλὴν
1195 913 1294 984 μὲν
1326 913 1568 986 ἀριθμῷ,
1611 913 1771 984 φύσει
1799 914 1858 968 δὲ

280 1005 379 1058 καὶ
422 1003 568 1056 ἔθεσι
612 1002 888 1078 διάφορον,
925 1001 1178 1073 ἐκπρεπῆ
1212 1004 1310 1073 μὲν
1342 1005 1650 1077 χρωμάτων
1684 1022 1863 1059 ποικι-

278 1094 393 1166 λία,
447 1095 713 1166 μουσικῆς
751 1095 796 1149 δ’
852 1094 1116 1166 ἁρμονίας
1152 1094 1394 1166 ἐμφύτου
1449 1097 1673 1168 μέτοχρν
1710 1097 1855 1167 (15)⁸

281 1185 420 1241 ἄλλα
475 1203 535 1239 τε
598 1186 776 1240 πάντα
826 1187 927 1240 ὅσα
990 1186 1197 1256 κόσμος
1256 1188 1564 1259 περιλαϐὼν
1626 1189 1858 1261 συνέχει,

280 1276 817 1349 διευκρινησάμενος,
848 1278 944 1330 καὶ
972 1277 1182 1340 τούτοις
1212 1278 1376 1331 πᾶσιν
1407 1279 1740 1351 εἱμαρμένον
1768 1279 1862 1333 τοῦ

286 1367 401 1439 βίου
437 1368 636 1439 θεσμὸν
664 1369 874 1440 ὁρίσας,
916 1368 1014 1439 τὴν
1041 1368 1386 1442 τελειοτάτην
1420 1371 1529 1426 τῶν
1559 1370 1695 1426 ὅλων
1729 1388 1865 1444 συμμ-

286 1459 565 1532 πλήρωσιν
592 1462 1021 1533 κατεκόσμησεν.

1966 638 2134 694 rohur
2162 652 2225 692 ac
2259 635 2536 701 velocitas,
2568 644 2626 691 et
2663 632 2932 689 naturalis
2973 634 3218 703 quaedam
3251 634 3536 704 providen-

1965 731 2040 786 tia
2065 744 2170 799 qua
2209 743 2269 783 se
2310 742 2379 783 ex
2423 726 2678 797 periculis
2719 726 2973 797 eripiant.
3009 730 3089 784 Ac
3126 736 3535 781 mansuetorum

1968 821 2185 891 quidem
2213 818 2527 873 animalium
2559 817 2805 873 omnium
2833 833 3021 873 curam
3054 833 3118 873 ac
3139 816 3363 872 tutelam
3396 815 3538 871 Deus

1968 911 2279 965 hominibus
2313 910 2563 964 attribuit
2607 925 2622 963 :
2655 910 2917 963 adversus
2954 910 3095 963 feras
3143 908 3309 964 veluti
3356 919 3537 963 certa-

1968 1019 2090 1058 meu
2120 1003 2391 1073 quoddam
2446 1002 2697 1055 instituit.
2736 1000 2981 1056 Posthazc
3025 1002 3205 1055 avium
3233 1016 3405 1071 genus
3428 999 3541 1055 for-

1967 1097 2137 1150 mavit
2163 1136 2178 1160 ,
2218 1108 2442 1149 numero
2483 1093 2699 1165 quidem
2740 1094 3043 1163 cepiosum.
3074 1101 3267 1147 natura
3300 1106 3430 1147 vero
3475 1106 3541 1146 ac

1968 1186 2147 1256 specie
2204 1185 2526 1254 multiplex,
2586 1184 2781 1253 insigni
2833 1183 3075 1239 colorum
3134 1183 3432 1248 varietate,
3485 1189 3544 1237 et

1971 1277 2202 1332 naturali
2243 1278 2479 1347 quadam
2540 1277 2764 1332 musica:
2819 1274 3046 1331 scientia
3078 1274 3384 1344 przeditum.
3420 1272 3541 1327 ϐων

1972 1380 2084 1427 tera
2112 1369 2240 1423 item
2266 1384 2385 1439 qua:
2409 1369 2573 1423 totius
2595 1368 2779 1424 mundi
2808 1369 3012 1423 ambitu
3038 1367 3540 1430 contiueutur,cum

1972 1464 2332 1533 pulcherrime
2368 1461 2707 1517 distinxisset
2732 1501 2748 1526 ,
2778 1460 3096 1531 cunctisque
3152 1459 3373 1515 fatalem
3420 1460 3543 1515 vita

287 1558 574 1613 terminum
624 1558 945 1625 deliniisset,
975 1561 1217 1617 universi
1283 1560 1549 1617 fabricam
1604 1562 1859 1618 omnibus
1911 1562 2263 1618 ornamentis
2300 1562 2610 1618 decoratam
2637 1558 2885 1616 absolvit.

805 1717 1203 1773 ΚΕΦΑΛΛΙΟΝ
1250 1722 1342 1788 εῖν.

283 1805 433 1882 Περὶ
454 1802 562 1875 τῆς
591 1809 985 1882 εἱμαρμένης,
1025 1811 1115 1865 ὅτι
1147 1811 1383 1882 ψευδὴς
1426 1815 1459 1868 d
1497 1812 1631 1881 περὶ
1676 1812 1866 1882 αὐτῆς

355 1878 537 1952 λόγος
579 1878 910 1952 δείκνυται,
951 1881 1023 1952 ἐκ
1079 1878 1295 1936 τετῶν
1333 1878 1497 1951 παρὰ
1536 1878 1865 1952 ἆνθρώποίζ-

356 1950 556 2016 νόμων
600 1950 697 2003 καὶ
733 1948 849 2004 τῶν
891 1951 1039 2006 κατὰ
1087 1951 1203 2017 τὴν
1251 1948 1483 2007 κτίσιν-ο
1532 1948 1705 2007 duim
1751 1948 1863 2009 οὐκ

356 2016 659 2093 ἀτάκτως,
700 2020 860 2093 ᾀλλᾲ
894 2024 1051 2093 κατὰ
1076 2016 1272 2093 τάξιν
1304 2023 1547 2077 κινεῖται
1568 2064 1582 2084 .
1609 2024 1715 2077 τοῦ
1756 2028 1864 2093 Δη-

350 2089 641 2158 μιουργοῦ
674 2088 780 2144 τὸν
827 2090 969 2159 ὅρον
1001 2091 1099 2147 διὰ
1129 2091 1239 2161 τῆς
1278 2093 1501 2161 τάξεως
1527 2088 1863 2151 ἐπιδεικνύ-

350 2174 525 2227 μενα.

357 2274 420 2327 Οἱ
452 2272 507 2326 δὲ
534 2272 774 2328 πλεῖστοι
811 2274 919 2327 τῶν
956 2273 1259 2347 ἀνθρώπων
1287 2276 1522 2349 ἄφρονες
1552 2274 1734 2341 δντες,
1764 2275 1866 2347 τῆς

286 2366 396 2420 τῶν
426 2365 643 2420 πάντων
687 2367 1102 2439 διακοσμήσεως
1140 2368 1239 2439 τὴν
1272 2370 1433 2439 φύσιν
1466 2369 1767 2424 αἰτιῶνταιο
1813 2370 1864 2423 οἱ

287 2456 345 2510 δέ
366 2474 507 2521 τινες
541 2456 720 2511 αὐτῶν
746 2456 844 2529 τὴν
868 2458 1229 2530 εἱμαρμένην,
1260 2460 1293 2532 ἢ
1321 2460 1383 2513 τὸ
1412 2460 1736 2532 αὐτόματον,
1766 2459 1866 2532 τὴν

286 2546 491 2600 τούτων
513 2545 762 2611 ἐξουσίαν
784 2546 893 2618 (16)
917 2550 981 2619 τῇ
1008 2550 1318 2621 εἱμαρμένῃ
1345 2550 1702 2623 λογιζόμενοι.
1731 2551 1865 2605 Οὐδὲ

291 2642 534 2696 συνιᾶσιν
595 2640 724 2693 ὅταν
790 2640 888 2712 τὴν
941 2642 1285 2714 εἱμαρμένην
1345 2643 1861 2716 προσαγορεύουσιν,

284 2733 460 2807 ὄνομα
509 2734 611 2804 μὲν
654 2733 1043 2806 φθεγγόμενοι,
1086 2735 1285 2807 πρᾶξιν
1328 2736 1384 2790 δὲ
1430 2738 1706 2808 οὐδεμίαν,
1754 2737 1864 2791 οὐδ’

289 2825 654 2899 ὑποκειμένην
682 2825 807 2880 τινὰ
841 2825 1124 2897 δηλοῦντες
1158 2826 1366 2881 οὐσίαν.
1401 2828 1498 2892 Τίς
1540 2828 1648 2901 γὰρ
1680 2828 1745 2881 ἂν
1777 2827 1864 2899 εἴη

288 2917 427 2990 αὑτὴ
473 2918 593 2972 καθ’
628 2918 825 2991 ἑαυτὴν
861 2919 895 2987 ὴ
936 2917 1265 2990 εἱμαρμένη,
1299 2918 1399 2989 τῆς
1428 2918 1643 2989 φύσεως
1674 2936 1866 2992 γεννη-

289 3010 464 3082 σάσης
489 3010 559 3065 τὰ
588 3012 794 3076 πάντας
838 3011 910 3064 Ἦ
936 3011 990 3065 τί
1031 3010 1098 3064 ἂν
1147 3012 1182 3083 ἡ
1216 3010 1378 3081 φύσις
1416 3010 1527 3081 (17)
1568 3008 1861 3083 νομίζοιτο,

289 3103 447 3174 εἴπερ
494 3104 523 3156 ὁ
558 3105 658 3174 τῆς
688 3102 1028 3174 εἱμαρμένης
1063 3102 1265 3175 θεσμὸς
1296 3102 1648 3175 ἀπαράϐατος
1691 3103 1866 3177 ὑπάρ-

218 3178 221 3183 ’
286 3210 406 3266 xei;
462 3193 624 3247 Ἀλλά
666 3193 763 3247 καὶ
804 3194 865 3247 τὸ
895 3192 1074 3263 λέγειν
1112 3193 1447 3267 εἱμαρμένον
1491 3195 1615 3250 τινὰ
1663 3194 1865 3267 θεσμόν

289 3283 450 3348 εἶναι,
482 3285 633 3357 δηλοῖ
662 3285 744 3339 δτι
776 3283 975 3357 θεσμὸς
1007 3288 1113 3351 πᾶς
1146 3285 1305 3358 ἔργον
1334 3287 1450 3340 ἐστὶ
1476 3286 1572 3340 τοῦ
1607 3287 1865 3359 θεσμοθε-

2588 1722 2819 1780 CAPUT
2854 1722 2942 1779 Vl.

1971 1815 2046 1871 De
2072 1816 2214 1886 fato,
2260 1825 2307 1871 et
2355 1815 2493 1884 quod
2530 1812 2670 1884 falsa
2720 1824 2839 1868 sunt
2862 1828 2991 1886 gnte
3043 1813 3109 1868 de
3152 1829 3211 1867 eo
3252 1812 3543 1886 dicuntur:

2040 1883 2197 1958 idque
2242 1883 2538 1941 ostenditur
2586 1896 2697 1939 tum
2745 1900 2809 1937 ea:
2853 1883 3051 1952 legibus
3100 1885 3388 1958 britanni},
3433 1896 3544 1937 tum

2040 1954 2119 2013 ea!
2139 1960 2290 2011 rebus
2321 1958 2535 2019 creatis,
2561 1970 2679 2024 quia
2726 1970 2826 2024 non
2863 1962 3052 2007 temere
3085 1956 3172 2007 sed
3207 1954 3389 2007 ordine
3433 1970 3544 2004 mru-

2038 2042 2252 2093 venmr,
2305 2029 2401 2081 hoc
2453 2023 2595 2095 facto
2650 2023 2981 2079 declarantes
3037 2025 3307 2079 Creatoris
3359 2038 3543 2093 praece-

2036 2107 2203 2169 ptum.

2036 2277 2235 2335 Verum
2270 2276 2515 2348 plerique
2556 2274 2808 2331 homines
2842 2274 3024 2331 minus
3050 2273 3544 2345 prudentes,hujus

1967 2382 2150 2423 rerum
2183 2367 2426 2423 omnium
2470 2366 2839 2422 distinctionis
2870 2374 3037 2436 atque
3069 2374 3299 2421 ornatus
3325 2381 3543 2422 causam

1966 2469 2174 2514 natura;
2210 2458 2494 2513 tribuunt:
2526 2457 2615 2512 alii
2665 2457 2776 2513 fato
2828 2457 2911 2511 vel
2957 2456 3186 2512 fortuito
3231 2458 3378 2513 casui
3411 2459 3545 2514 assi-

1965 2559 2132 2620 gnant
2148 2591 2165 2616 ,
2181 2550 2487 2619 huiusmodi
2512 2564 2693 2604 rerum
2720 2558 3040 2619 potestatem
3058 2549 3171 2605 fato
3187 2551 3542 2607 ascribentes.

1966 2642 2149 2712 Neque
2174 2642 2478 2713 intelligunt
2510 2656 2569 2697 se
2591 2682 2607 2707 ,
2641 2656 2764 2696 cum
2802 2641 2970 2695 fatum
3011 2642 3312 2708 nominant,
3352 2657 3543 2699 nomen

1966 2737 2185 2806 quidem
2214 2734 2494 2805 proferre,
2526 2734 2621 2791 sed
2642 2733 2845 2788 nullum
2870 2744 3051 2789 actum
3080 2733 3389 2804 nullamque
3412 2737 3543 2790 sub-

1965 2828 2219 2899 stantiam
2247 2827 2554 2897 designare.
2596 2826 2735 2893 Quid
2774 2827 2917 2882 enim
2947 2828 3121 2897 ipsum
3154 2842 3251 2897 per
3275 2841 3333 2882 se
3374 2826 3541 2882 fatum

1964 2936 2085 2977 esse
2118 2919 2324 2991 possit,
2356 2934 2479 2974 cum
2534 2928 2725 2974 natura
2765 2919 2948 2975 omnia
2992 2919 3415 2989 procreaverit?
3452 2928 3545 2976 aut

1964 3012 2093 3083 quid
2133 3011 2475 3068 censebimus
2509 3024 2629 3067 esse
2671 3019 2943 3074 naturam,
2978 3012 3036 3067 .si
3090 3011 3173 3067 lex
3207 3011 3302 3065 fati
3352 3010 3543 3067 violari

1964 3119 2072 3159 non
2102 3103 2318 3175 potest?
2352 3102 2460 3159 Sed
2484 3112 2539 3158 et
2568 3116 2635 3158 ex
2663 3116 2730 3158 eo
2776 3102 2925 3173 quod
2966 3102 3147 3159 fatalis
3188 3104 3275 3159 lex
3304 3118 3428 3160 esse
3469 3105 3545 3158 di-

1964 3196 2105 3251 citur
2133 3239 2149 3263 ,
2181 3209 2304 3251 cum
2327 3196 2508 3251 omnis
2543 3195 2630 3251 lex
2654 3196 2894 3265 opussit
2919 3194 3152 3264 alicujus
3193 3195 3542 3267 legislatoris,

1963 3287 2100 3342 satis
2127 3295 2345 3357 apparet
2393 3286 2563 3341 fatum
2615 3288 2812 3357 ipsum,
2839 3288 2883 3343 si
2919 3288 3142 3357 quidem
3184 3286 3265 3342 lex
3308 3297 3414 3353 est,
3442 3289 3537 3345 Dei

288 3377 573 3447 τήσαντος.
604 3377 667 3429 Εί
696 3375 874 3431 τοίνυν
899 3377 933 3448 ή
958 3378 1289 3449 εἱμαρμένη,
1316 3376 1474 3450 εἴπερ
1502 3378 1619 3431 ἐστὶ
1641 3376 1860 3449 θεσμός,

1964 3390 2099 3446 opus
2128 3386 2291 3446 atque
2329 3376 2604 3430 inventum
2636 3390 2775 3432 esse.
2806 3376 3015 3433 Cuncta
3059 3376 3230 3447 igitur
3277 3376 3388 3432 Deo
3416 3378 3544 3433 sub-

286 3469 423 3524 Θεοῦ
476 3471 543 3525 ἂν
586 3470 796 3544 εὕρεμα
832 3470 954 3542 είηο
1012 3472 1171 3527 πάντ’
1221 3472 1329 3544 ἄρα
1377 3472 1739 3527 ὑποτέτακται
1788 3472 1864 3545 τῷ

289 3562 429 3635 Θεῷ,
474 3564 567 3617 καὶ
598 3564 748 3617 οὐδὲν
786 3562 1015 3636 ἄμοιρον
1041 3564 1141 3635 τῆς
1174 3563 1381 3617 ἐκείνου
1419 3564 1718 3635 δυνάμεως.
1753 3564 1865 3618 Καὶ

286 3654 387 3725 τήν
412 3656 465 3724 γ’
488 3655 827 3728 εἱμαρμένην
852 3654 993 3709 Θεοῦ
1024 3650 1161 3709 εἶναι
1195 3655 1289 3709 καὶ
1320 3654 1637 3727 νομίζεσθαι
1672 3656 1865 3729 προαίο

293 3765 461 3820 ρεσιν,
497 3747 872 3820 ἀποδεχόμεθα
895 3765 910 3780 ο
941 3746 1079 3802 ἀλλά
1120 3746 1239 3812 πῶς
1280 3750 1314 3819 ἡ
1344 3748 1657 3820 δικαιοσύνη
1703 3750 1797 3802 καί
1829 3750 1864 3821 ἡ

292 3838 614 3911 σωφροσύνη
648 3839 745 3893 καὶ
783 3840 841 3893 αἱ
878 3838 1064 3894 λοιπαὶ
1095 3839 1289 3912 ἀρεταὶ
1328 3836 1449 3893 καθ’
1490 3839 1863 3911 εἱμαρμένηνς

292 3930 462 3984 Πόθεν
495 3930 551 3983 δὲ
584 3931 773 3995 αὑταῖς
807 3931 1043 3996 ἐναντία,
1077 3932 1113 4003 ἦ
1145 3949 1208 3986 τε
1250 3931 1432 3986 ἀδικία
1470 3932 1563 3985 καὶ
1595 3934 1629 4005 η
1667 3932 1864 3987 ἀκολα-

291 4022 414 4090 σίας
457 4023 532 4077 Ἥ
575 4040 633 4076 τε
682 4022 789 4096 γάρ
829 4025 1063 4097 πονηρία
1094 4025 1207 4096 (18)
1241 4027 1306 4079 ἐκ
1353 4024 1569 4094 φύσεως
1613 4024 1728 4080 ἀλλ’
1767 4025 1864 4098 οὐχ

289 4116 702 4189 εἱμαρμένηςῆ
732 4134 792 4170 τε
819 4118 1008 4190 ἀρετὴ,
1036 4118 1200 4190 ἤθους
1224 4118 1317 4173 καὶ
1342 4118 1558 4191 τρόπων
1588 4118 1706 4172 ἐστὶ
1730 4136 1865 4174 κατ-

288 4207 600 4281 ορθώματα.
650 4208 731 4262 Τά
770 4209 827 4262 δὲ
869 4209 970 4280 τῆς
1010 4208 1217 4281 ἀγαθῆς
1267 4210 1363 4263 καὶ
1395 4210 1561 4283 ὀρθῆς
1609 4212 1867 4285 προαιρέ-

291 4317 429 4364 σεως
476 4300 594 4372 ἦτοι
644 4302 991 4373 πταίσματα,
1036 4302 1069 4373 ἥ
1111 4296 1177 4355 αὖ
1231 4301 1392 4356 πάλιν
1441 4302 1862 4376 κατορθώματα,

289 4391 479 4447 ἄλλοτε
526 4392 700 4456 άλλως
745 4393 1129 4458 ἀποϐαίνοντα,
1175 4392 1210 4463 ἢ
1253 4393 1394 4448 κατὰ
1424 4394 1617 4467 τύχην,
1656 4396 1689 4467 ἢ
1725 4397 1865 4459 κατὰ

290 4482 659 4555 εἱμαρμένην,
700 4483 811 4537 πᾶν
840 4482 903 4536 τὸ
933 4481 1138 4535 δίκαιον
1176 4479 1287 4553 (19)
1318 4482 1413 4536 καὶ
1442 4483 1503 4535 τὸ
1544 4482 1663 4537 κατ’
1708 4482 1864 4552 ἀξίαν

362 4678 476 4750 (15)
500 4678 660 4749 Vulg.
718 4682 1007 4751 ἁρμονίας
1041 4681 1311 4751 ἐμφύτου
1354 4680 1609 4751 μετοχῇ.
1670 4679 1863 4735 Scribe

297 4749 541 4821 μέτοχον,
568 4760 627 4805 ut
654 4750 702 4806 le
744 4749 850 4805 itur
889 4755 941 4805 in
986 4749 1171 4805 codice
1200 4749 1564 4807 ιτυιωιειυιό
1596 4763 1729 4807 ante.

297 4792 484 4874 iecitur
510 4821 668 4874 φύσει
706 4767 771 4874 ἑὲ
801 4822 894 4874 καὶ
927 4822 1104 4874 ἔθνεσι
1150 4821 1425 4874 διάφορον.
1479 4823 1679 4874 rectius
1719 4822 1729 4873 i

290 4792 489 4885 ἳέξςῖἶιῒιῖ
501 4792 1446 4892 ξέὲῗὲἓῖωά’ὲθξιέἕίἶιὶῷξροὖῖ
1455 4792 1859 4876 Ῥέειῖἶίξῖάὲἷιὲ

289 4893 462 4945 codex
490 4892 652 4946 habet
674 4892 770 4944 καὶ
793 4892 960 4948 ἔθεσι.
989 4896 1259 4948 uuomodo
1276 4894 1436 4948 etiam
1474 4892 1527 4947 in
1560 4893 1697 4947 libro
1723 4890 1860 4946 Tur-

292 4907 462 4945 couex
490 4907 652 4946 nauet
674 4907 770 4944 και
793 4907 960 4959 ευεσι,
989 4907 1023 4962 q

292 4961 414 5013 nebi
445 4962 703 5029 scriptum
732 4963 933 5016 inveni.

363 5030 474 5099 (16)
527 5030 645 5100 Τὴν
702 5032 930 5086 τούτων
969 5032 1282 5097 ἐξουσίαν.
1330 5032 1469 5087 Ante
1524 5033 1638 5088 haec
1693 5033 1856 5089 verba

294 5097 568 5173 Musculus
592 5097 1012 5157 distinctionem
1042 5104 1309 5173 apposuit.
1344 5103 1435 5159 Sic
1467 5104 1610 5157 enim
1642 5105 1802 5157 vertit
1842 5124 1855 5161 :

294 5170 738 5242 Quipotestatem
765 5174 952 5226 horum
980 5170 1093 5240 fato
1113 5170 1381 5238 tribuunt,
1416 5189 1498 5242 ne,
1526 5173 1623 5227 hoc
1646 5175 1857 5242 quidem

293 5240 615 5311 intelligunt,
646 5252 753 5299 etc.
783 5242 1082 5299 Musculum
1112 5254 1332 5299 secutus
1359 5255 1443 5300 est
1472 5240 1859 5313 Christophor-

298 5322 658 5503 83.1“73'Vulg.
690 5381 757 5434 Ἡ
780 5381 838 5434 τί
879 5381 1010 5468 μὲν.
1035 5384 1130 5453 ειη
1180 5385 1220 5453 ἠ
1255 5385 1469 5503 ξύσις.
1502 5383 1857 5472 Scribendum

298 5461 344 5501 VI
387 5462 508 5503 etur
536 5450 568 5503 ἢ
594 5451 645 5503 τί
674 5450 740 5503 ἀν
768 5446 907 5503 εἶναι
943 5470 1104 5503 φυσιε
1127 5455 1250 5503 voui
1287 5472 1419 5503 οιτο.
1466 5456 1518 5503 In
1560 5458 1718 5503 codd.
1758 5454 1857 5503 ltu-

292 5446 508 5503 videtur
536 5450 568 5521 ἢ
594 5446 645 5503 τί
674 5450 740 5505 ἀν
768 5446 907 5505 εἶναί
943 5452 1104 5522 φύσις
1117 5446 1440 5526 ’νομίζοιτοί
1464 5456 1518 5509 In
1560 5458 1718 5509 codd.
1756 5454 1858 5509 Fu-

293 5516 422 5597 ketii
449 5530 506 5597 et
532 5522 715 5575 Savilii
764 5524 1027 5597 scribitur
1067 5543 1081 5597 ς
1134 5524 1168 5595 ἢ
1200 5526 1252 5578 τί
1294 5526 1415 5597 ἄνη
1454 5524 1615 5597 φύσις
1637 5541 1761 5597 νομ.
1800 5526 1856 5597 |_n

295 5542 422 5573 INII
453 5542 506 5573 εει
532 5542 715 5575 DaVllll
764 5542 1027 5577 3CI'IDIHH'
1067 5543 1081 5578 ε
1134 5542 1168 5595 η
1200 5542 1252 5578 τι
1294 5542 1415 5597 ανη
1454 5542 1615 5596 φυσις
1637 5542 1761 5595 νομ.
1802 5542 1856 5581 1η

289 5590 727 5721 εᾶἱιξὶἀίἒιὲυιειιι
768 5591 951 5663 Regiis
972 5595 1231 5666 scriptum
1262 5599 1438 5693 inveni
1485 5596 1518 5668 ἢ
1546 5596 1601 5649 τί
1650 5596 1750 5666 μὲν
1781 5592 1861 5650 ei-

363 5698 657 5811 iligii‘nllg.
678 5730 787 5811 Εξη
821 5750 886 5787 τε
912 5734 1048 5811 γὰρ,
1066 5736 1517 5811 πονηρίαηῐιοεο
1546 5737 1595 5791 εί
1617 5737 1727 5811 γὰρ
1757 5738 1853 5809 ἥτε

294 5798 548 5870 πονηρία,
573 5798 702 5878 εἰς.-
723 5798 888 5860 Porro
912 5798 1005 5862 hic
1037 5807 1183 5863 Iocus
1204 5798 1428 5864 mutilus
1452 5798 1563 5871 Est,
1595 5798 1653 5863 ut
1687 5798 1852 5878 appa-

298 5878 419 5933 ret;
456 5885 615 5938 quem
658 5872 860 5944 absque
913 5878 1062 5935 libris
1114 5879 1365 5948 supplere
1413 5878 1625 5933 difﬁcile
1670 5872 1848 5935 fuerit.

1958 3464 2101 3534 jecta
2127 3474 2255 3521 sunt
2283 3507 2298 3531 ,
2331 3481 2436 3529 nec
2463 3466 2756 3537 quidquam
2780 3478 2863 3521 est
2889 3467 3007 3535 ejus
3030 3469 3287 3537 potentia:
3322 3482 3539 3538 expers.

1963 3556 2233 3612 Caeterum
2264 3557 2456 3624 fatum,
2493 3558 2586 3613 Dei
2634 3557 2972 3614 voluntatem
3014 3572 3136 3615 esse
3194 3574 3259 3615 ac
3303 3560 3539 3627 censeri,

1967 3648 2185 3704 minime
2242 3649 2630 3719 improbamus.
2668 3648 2773 3705 Sed
2809 3666 3043 3718 quonam
3098 3653 3260 3707 modo
3304 3652 3540 3722 justitia,

1968 3742 2345 3809 temperantia,
2370 3748 2424 3795 et
2457 3740 2675 3810 reliqua:
2695 3741 2925 3795 virtutes
2950 3740 3060 3795 fato
3084 3743 3357 3797 exsistunt
3381 3742 3405 3796 Ἰ
3427 3740 3541 3799 Un-

1964 3832 2160 3888 denam
2185 3847 2313 3888 vero
2340 3833 2620 3888 contraria
2650 3826 2838 3887 iisdem
2863 3832 3016 3899 vitia,
3034 3832 3299 3901 injustitia
3330 3834 3541 3889 scilicet

1965 3934 2128 3995 atque
2157 3924 2574 3995 intemperantia
2604 3924 2627 3978 ?
2655 3922 2790 3978 Nam
2836 3922 3047 3979 malitia
3084 3924 3301 3993 quidem
3331 3940 3400 3980 ex
3441 3940 3540 3980 vo-

1966 4018 2171 4073 luntate
2212 4018 2493 4083 nascitur;
2528 4016 2701 4072 virtus
2731 4031 2859 4072 vero
2899 4018 3031 4072 nihil
3078 4017 3224 4072 aliud
3253 4026 3537 4088 est—quam

1966 4118 2111 4165 recta
2138 4110 2281 4165 actio
2309 4112 2376 4165 ad
2411 4124 2591 4166 mores
2621 4119 2875 4180 spectans
2896 4109 2919 4163 ?
2937 4107 3071 4176 Qua:
3088 4118 3269 4162 autem
3298 4122 3367 4163 ex
3394 4108 3539 4163 bono

1966 4202 2133 4258 animi
2164 4202 2439 4273 proposito
2461 4211 2607 4258 recte
2627 4243 2645 4266 ,
2664 4201 2747 4258 vel
2767 4217 2888 4272 quae
2923 4217 3083 4257 secus
3110 4202 3243 4255 Iiunt
3261 4241 3276 4267 ,
3300 4199 3346 4255 si
3371 4199 3537 4254 alium

1965 4304 2126 4365 atque
2154 4296 2317 4350 alium
2335 4296 2537 4350 exitum
2558 4296 2879 4362 sortiuntur,
2898 4304 3055 4366 prout
3071 4294 3181 4349 fato
3197 4305 3289 4348 aut
3312 4295 3539 4348 fortunas

1966 4390 2139 4445 visum
2195 4388 2355 4461 573
2396 4400 2521 4456 est;
2556 4390 2645 4461 jus
2694 4403 2874 4453 omne,
2903 4398 2959 4443 et
3004 4403 3160 4443 suum
3211 4388 3406 4459 cuique
3439 4387 3537 4459 tri-

1966 4482 2155 4549 buere,
2179 4482 2449 4553 quomodo
2490 4497 2555 4538 ex
2592 4482 2702 4538 fato
2730 4481 2872 4537 erit?
2900 4478 3018 4536 Jatu
3040 4495 3167 4536 vero
3184 4479 3327 4552 leges
3346 4489 3540 4536 etora-

1969 4685 2193 4741 Videtur
2215 4695 2392 4741 tamen
2426 4685 2539 4741 haec
2572 4700 2693 4741 esse
2732 4685 3129 4752 argumentatio
3168 4682 3532 4740 Constantini:

788 4748 850 4805 nr
873 4748 1171 4826 _in__codice
1200 4748 1859 4826 l'j‘ukfl’aulopantekubi
1896 4748 1937 4802 Ι)
1971 4757 2027 4811 Si
2057 4761 2302 4819 virtutes,
2333 4757 2528 4824 inquit,
2558 4766 2684 4811 sunt
2705 4771 2770 4810 ex
2796 4748 3083 4826 fato,ergo
3108 4765 3163 4809 et
3190 4756 3339 4808 vitia.
3371 4755 3535 4823 Atqui

1967 4827 2095 4881 vitia
2129 4842 2233 4881 non
2263 4838 2487 4897 possunt
2515 4842 2636 4882 esse
2662 4842 2729 4881 ex
2755 4827 2885 4897 fato.
2918 4826 3072 4897 Natu
3105 4826 3313 4880 malitia
3369 4836 3463 4878 aut
3501 4840 3533 4879 a

1966 4907 2154 4951 natura
2184 4894 2287 4961 est,
2319 4906 2413 4951 aut
2448 4912 2477 4950 a
2504 4898 2798 4950 voluntate.
2841 4896 2957 4951 Non
3002 4894 3168 4965 igitur
3206 4904 3293 4951 est
3322 4909 3351 4947 a
3394 4897 3530 4948 fato.

1965 4968 2116 5033 Quod
2144 4970 2188 5021 si
2215 4968 2338 5037 quis
2369 4967 2515 5021 dicat
2540 4970 2793 5021 virtutem
2821 4967 3035 5033 quidem
3069 4978 3121 5019 et
3139 4967 3330 5037 vitium
3358 4980 3479 5020 esse
3500 4980 3531 5019 α

1966 5035 2273 5107 voluntate:
2309 5047 2364 5091 ut
2400 5047 2578 5091 autem
2605 5037 2853 5091 voluntas
2884 5046 3031 5091 recte
3064 5045 3188 5107 agat
3219 5035 3301 5107 vel
3348 5050 3527 5095 secus.

1966 5106 2017 5160 id
2046 5123 2114 5161 ex
2148 5108 2258 5161 fato
2284 5122 2404 5162 esse
2433 5122 2446 5159 :
2501 5122 2607 5177 qua
2650 5108 2864 5161 demum
2902 5106 3119 5161 ratione
3145 5106 3376 5173 iustitia,
3409 5120 3531 5172 qua

1966 5178 2101 5231 nihil
2128 5178 2270 5230 aliud
2301 5188 2385 5231 est
2411 5192 2572 5247 quam
2604 5187 2861 5231 constans
2890 5187 2945 5232 et
2989 5188 3247 5245 perpetua
3284 5177 3531 5247 voluntas

1954 5246 2042 5316 jus
2074 5263 2229 5301 suum
2266 5246 2459 5317 cuique
2480 5249 2772 5312 tribuendi,
2800 5262 2868 5317 ex
2898 5248 3006 5301 fato
3040 5262 3163 5301 esse
3192 5255 3368 5317 potest
3390 5246 3437 5317 ?7
3470 5246 3525 5299 lu

1959 5317 2148 5390 codice
2181 5317 2332 5390 Fuit:
2355 5316 2549 5390 legitur
2573 5318 2608 5388 ἦ
2652 5334 2710 5370 τε
2755 5316 2866 5390 γὰρ
2890 5317 3145 5390 πονηρία.
3190 5319 3263 5390 At
3296 5316 3530 5370 Savilius

1957 5388 2024 5441 ad
2074 5402 2227 5443 oram
2280 5386 2427 5442 libri'
2456 5388 2537 5443 sui
2598 5386 2775 5451 notat,
2823 5386 2961 5443 forte
3015 5386 3362 5443 scribendum
3408 5400 3530 5441 esse

1956 5458 2069 5511 εἴτε
2122 5459 2253 5531 γάρ,
2278 5469 2409 5523 etc.,
2441 5459 2731 5530 statimque
2766 5462 3019 5514 emendat
3058 5458 3211 5511 ἔσται
3252 5455 3531 5530 κατορθώ-

2037 5546 2122 5582 τα.

1959 5546 2141 5669 Pagiagi.)
2176 5597 2330 5667 Vulg.
2354 5597 2549 5653 πάντα
2595 5599 2663 5653 τὸ
2688 5599 2921 5654 δίκαιον
2940 5598 3180 5669 ἔχοντα.
3206 5596 3403 5653 Ultima
3424 5612 3530 5653 vox

1960 5670 2140 5723 addita
2166 5680 2250 5724 est
2293 5686 2322 5724 a
2350 5672 2482 5724 viris
2511 5673 2685 5725 ductis
2728 5687 2792 5726 ex
2837 5686 2965 5724 IIlSS.
3018 5671 3316 5735 codicibus,
3361 5683 3525 5738 quam

1963 5750 2142 5810 tamen
2174 5739 2320 5795 nullo
2347 5742 2505 5810 modo
2556 5743 2786 5810 probare
2817 5755 3055 5805 possum.
3086 5741 3209 5810 licet
3241 5740 3291 5792 in
3338 5741 3530 5810 codice

1961 5808 2097 5865 Fnk.
2134 5809 2358 5933 legatur.
2409 5808 2600 5866 Scrilio
2641 5812 2836 5879 igitur:
2866 5812 2974 5864 πᾶν
3003 5812 3063 5864 τὸ
3108 5809 3313 5863 δίκαιον
3340 5810 3434 5862 καὶ
3465 5808 3528 5861 τὸ

1962 5881 2081 5933 κατ’
2115 5879 2181 5933 ἀε
2204 5898 2268 5933 αν
2306 5880 2730 5933 ἀπονεμόμενον.
2763 5882 2997 5933 ἑκάστω-
3034 5880 3149 5933 tribe
3187 5880 3308 5933 καθ’
3342 5882 3528 5933 sinam

1962 5881 2081 5934 κατ’
2115 5879 2268 5946 ἀξίαν
2306 5880 2730 5954 ἀπονεμόμενον,
2763 5882 2998 5954 ἑκάστῳ,
3187 5880 3308 5937 καθ’
3342 5882 3531 5953 εἱμαρ-

2984 6058 3249 6255 [Γ
