4126 6438
656 404 795 462 1251

1374 404 1643 462 EUSEBH
1681 405 2163 463 CESA‘RIENSIS
2200 405 2352 463 OPP.
2396 406 2576 463 PARS
2616 405 2657 462 ι.
2698 438 2769 449 --
2808 389 3199 463 HISTORICA:

3780 402 3886 461 1232

655 537 771 593 ιιι-αι
807 526 1004 578 mentis
1026 536 1136 577 suae
1165 520 1538 580 imbecillitate
1563 524 1898 590 existimant,
1919 526 2032 582 haec
2059 525 2224 582 omni:

2342 526 2440 599 τὴν
2489 525 2773 581 ἀσθένειαν
2818 526 2916 598 τῆς
2972 524 3349 595 καταλήψεως,
3412 518 3635 591 ἀλόγως
3676 521 3889 594 οίομέικιν.

655 629 890 686 quorum
944 614 1220 669 rationem
1262 613 1459 670 aﬂ‘erre
1511 631 1619 671 non
1653 617 1856 682 valent,
1898 618 2103 689 absque
2133 618 2240 673 ulle

655 707 869 763 ratione
897 721 1017 763 esse
1041 706 1327 776 disposita.
1376 706 1516 763 Sunt
1548 717 1695 764 certe
1732 710 1978 780 quaedam
2006 710 2241 765 admira—

652 801 749 856 bili
798 810 993 856 natura
1019 802 1297 872 lpraedita,
1340 817 1574 872 quorum
1603 813 1751 859 certa
1790 804 2042 862 veritatis
2087 822 2243 863 com-

653 888 948 956 prehensio
986 888 1040 943 in
1089 891 1325 945 obscuro
1382 889 1882 962 latet;cujusmodi
1933 904 2058 950 sunt
2086 911 2241 966 aquae

654 990 849 1050 suapte
893 989 1087 1036 natura
1117 981 1332 1038 calidae.
1382 982 1518 1039 Nam
1561 1000 1784 1042 causam
1835 988 2054 1057 quidem
2105 985 2238 1043 tanti

654 1072 796 1142 ignis
862 1088 1022 1130 nemo
1074 1074 1236 1131 facile
1296 1077 1517 1132 dixerit.
1574 1077 1672 1134 Est
1716 1090 1898 1136 autem
1954 1080 2238 1146 mirabile,

655 1164 835 1235 ignem
871 1165 1024 1220 illum
1075 1181 1215 1236 aqua
1251 1167 1453 1240 frigida
1502 1170 1740 1241 undique
1785 1172 2235 1242 circumseptum,

653 1276 810 1316 suum
843 1269 1024 1316 tamen
1051 1262 1299 1316 nativum
1327 1262 1564 1318 calorem
1591 1278 1933 1334 nequaquam
1962 1265 2234 1321 amittere.

656 1352 838 1424 Atque
886 1352 1003 1409 haec
1044 1369 1171 1409 rara
1229 1356 1520 1412 admodum
1550 1367 1605 1411 et
1647 1357 1974 1426 paucissima
2026 1357 2080 1412 in
2127 1365 2239 1413 toto

654 1455 924 1501 terrarum
968 1448 1100 1503 orbe
1138 1448 1532 1517 reperiuntur;
1571 1462 1681 1518 quo
1728 1448 1963 1517 scilicet,
1993 1459 2053 1504 ut
2089 1450 2239 1519 equi-

652 1541 775 1593 dem
806 1553 1001 1594 censeo
1024 1580 1041 1602 ,
1088 1540 1287 1596 divina:
1336 1539 1703 1596 Providentia:
1730 1540 1813 1597 vis
1857 1555 1922 1595 ac
1955 1542 2125 1597 virtus
2168 1545 2237 1597 ab

653 1629 965 1686 hominibus
1012 1630 1175 1687 facile
1227 1633 1484 1703 cognosci
1530 1634 1752 1704 possit:
1793 1648 1915 1703 qua:
1966 1633 2103 1690 duas
2147 1649 2235 1690 res

651 1725 892 1781 maxime
926 1727 1067 1782 inter
1098 1742 1159 1783 se
1190 1729 1523 1794 contrarias,
1557 1728 1727 1800 frigus
1772 1729 2030 1785 nimirum
2059 1740 2113 1787 et
2140 1747 2236 1787 ca-

652 1818 844 1881 lorem,
879 1832 944 1873 ex
995 1832 1100 1873 una
1127 1819 1428 1889 eademque
1480 1820 1667 1876 radice
1696 1835 1919 1875 manare
1951 1823 2227 1892 praecepit.

632 1908 791 1964 .Sunt
819 1909 1038 1979 quidem
1083 1909 1249 1963 multa
1280 1924 1345 1964 ac
1402 1926 1573 1981 prope
1613 1911 2039 1968 innumerabilia
2061 1953 2077 1980 ,
2108 1929 2227 1984 quae

650 1998 794 2056 Deus
835 2002 903 2055 ad
948 2000 1202 2055 solatium
1239 2009 1293 2054 et
1332 2001 1754 2059 oblectationem
1788 2004 2098 2061 hominibus
2133 2006 2229 2062 do-

650 2094 800 2149 navit
834 2110 849 2147 :
882 2094 977 2149 sed
1004 2096 1277 2166 praecipue
1319 2097 1453 2152 oleae
1478 2096 1688 2153 fructus
1718 2112 1784 2153 ac
1810 2097 1957 2157 vitis.
1986 2096 2225 2166 Quarum

650 2187 770 2243 hac
802 2188 868 2243 ad
913 2189 1126 2243 animos
1152 2191 1477 2246 recreandos
1508 2199 1674 2261 atque
1694 2190 2079 2249 exhilarandos
2114 2192 2223 2249 vim

648 2275 843 2341 habet,
868 2277 959 2332 illa
990 2292 1122 2333 vero
1152 2294 1257 2335 non
1303 2280 1477 2336 solum
1524 2279 1592 2335 ad
1632 2280 1988 2351 voluptatem,
2036 2297 2224 2338 verum

644 2368 813 2423 etiam
875 2369 945 2424 ad
993 2384 1282 2441 corporum
1337 2371 1675 2429 curationem
1734 2381 1862 2444 apta
1898 2382 2002 2433 est.
2063 2374 2225 2430 Sum-

648 2474 793 2514 mam
820 2474 1035 2530 quoque
1080 2461 1499 2519 admirationem
1551 2473 1793 2520 meretur
1836 2452 2137 2521 continuus.
2159 2482 2226 2523 ac

646 2551 901 2621 perennis
933 2552 1213 2609 ﬂuminum
1239 2569 1456 2621 cursus,
1482 2555 1577 2612 diu
1614 2566 1891 2627 noctuque
1937 2558 2226 2625 perlaben-

648 2644 820 2709 tium,
851 2654 907 2700 et
950 2656 1224 2716 perpetuae
1262 2658 1585 2719 aeternaeque
1620 2651 1747 2706 vita:
1788 2652 2082 2721 quamdam
2136 2668 2223 2710 re-

647 2735 938 2791 ferentium
982 2738 1413 2795 similitudinem.
1451 2740 1638 2798 Noctis
1665 2742 1794 2798 item
1836 2758 1903 2799 ac
1939 2743 2051 2800 diei
2088 2758 2221 2801 con-

649 2826 801 2881 tinua
834 2826 1153 2883 vicissitudo
1188 2840 1273 2885 est
1300 2830 1527 2900 perinde
1565 2832 1849 2890 mirabilis.

1216 2920 1447 2977 CAPUT
1490 2922 1625 2982 Vill.

648 3010 803 3078 Quod
831 3029 949 3092 qua:
989 3014 1585 3092 ad_usu_m_.necessaria
1634 3027 1778 3084 sunt,
1832 3018 1983 3092 Deus
2016 3023 2224 3092 copiose

715 3084 1010 3161 suppeditat
1064 3085 1371 3161 hominibus
1397 3102 1560 3161 {quae
1607 3103 1727 3142 vero
1783 3091 1851 3142 ad
1900 3084 2223 3161 voluptatem

719 3151 948 3220 faciunt,
977 3156 1182 3231 modice
1203 3151 1593 3224 subministrat,
1616 3166 1898 3231 utrumque
1922 3164 1991 3216 ad
2020 3151 2223 3219 utilita-

716 3235 820 3275 tem
849 3235 1083 3277 nostram
1105 3224 1436 3293 dispensans.

713 3314 897 3385 Atque
930 3317 1048 3371 haec
1082 3319 1267 3373 omnia
1313 3318 1460 3375 dicta
1491 3319 1604 3374 sint
1642 3334 1674 3375 a
1708 3321 1887 3389 nobis,
1927 3334 1987 3380 ut
2015 3334 2225 3381 constet

645 3407 783 3462 nihil
805 3409 1010 3479 absque
1039 3410 1251 3465 ratione
1282 3420 1337 3467 et
1387 3410 1743 3484 intelligentia
1772 3414 1979 3472 factum
2019 3416 2224 3474 fuisse:

646 3500 821 3571 ipsam
868 3515 1002 3556 vero
1049 3500 1317 3557 rationem
1360 3519 1424 3559 ac
1461 3505 1857 3574 providentiam
1887 3548 1903 3575 ,
1947 3509 2041 3564 Dei
2086 3524 2224 3580 opus

645 3608 786 3649 esse.
813 3593 916 3662 Qui
946 3594 1165 3665 quidem
1196 3597 1314 3652 auri
1348 3598 1514 3652 etiam
1556 3608 1612 3655 et
1658 3601 1873 3672 argenti
1906 3601 2139 3672 terisque
2161 3616 2226 3658 ac

646 3686 979 3756 reliquorum
1039 3689 1381 3745 metallorum
1432 3691 1679 3747 diversas
1735 3692 1949 3763 species
2021 3708 2223 3750 conve-

645 3777 817 3833 nienti
866 3780 1025 3835 modo
1080 3794 1144 3836 ac
1198 3795 1453 3837 mensura
1500 3785 1774 3854 produxit.
1821 3785 1897 3841 Ea
1954 3787 2220 3858 siquidem

644 3882 876 3937 quorum
904 3870 1186 3941 multiplex
1220 3887 1284 3927 ac
1314 3874 1498 3929 varius
1531 3890 1661 3932 usus
1694 3886 1812 3932 erat
1850 3879 2088 3948 futurus,
2125 3896 2221 3936 co-

642 3959 795 4029 piose
843 3962 1176 4031 suppeditari
1218 3963 1385 4031 jussit
1429 3981 1444 4018 :
1482 3980 1602 4036 quae
1646 3983 1778 4024 vero
1809 3958 1876 4024 ad
1907 3971 2223 4028 oblectatio-

643 4072 766 4112 nem
815 4056 1077 4111 duntaxat
1114 4064 1170 4111 et
1211 4057 1393 4113 luxum
1431 4059 1680 4127 faciunt,
1734 4062 2029 4120 liberaliter
2064 4064 2225 4120 simul

641 4162 708 4203 ac
734 4150 978 4217 modice,
1026 4161 1079 4206 et
1105 4152 1282 4207 medio
1305 4154 1545 4223 quodam
1585 4155 1748 4209 modo
1787 4154 1929 4210 inter
1953 4157 2223 4226 parcimo-

640 4241 788 4295 niam
812 4251 867 4296 et
892 4243 1166 4312 profusam
1198 4243 1563 4314 largitionem.
1590 4244 1724 4301 Nam
1761 4246 1807 4302 si
1826 4262 2014 4302 earum
2038 4264 2220 4304 rerum

640 4348 763 4403 quae
785 4334 854 4390 ad
879 4345 1130 4389 ornatum
1157 4334 1315 4391 facta:
1358 4347 1504 4400 sunt,
1530 4337 1719 4393 eadem
1766 4339 1921 4409 copia
1961 4356 2221 4397 concessa

639 4423 877 4493 luisset,
916 4427 1208 4482 metallarii
1250 4444 1362 4497 prae
1400 4428 1566 4483 nimia
1603 4431 1921 4501 cupiditate,
1959 4429 2125 4503 576
2155 4446 2219 4487 ea

640 4518 861 4587 quidem
891 4535 1011 4589 qua
1036 4521 1101 4575 ad
1135 4520 1519 4590 agriculturam
1542 4560 1558 4587 ,
1608 4532 1667 4577 et
1711 4522 1789 4597 ad.
1831 4523 2113 4578 domorum
2153 4538 2219 4578 ac

2343 618 2689 690 διατετάχθαι
2718 618 2893 673 ταῦτα
2924 611 3003 673 ὧν
3029 617 3120 671 τὸν
3148 616 3303 686 λόγον
3349 617 3540 669 εἰπεῖν
3568 614 3669 667 οὐκ
3700 615 3887 683 ἐχούσῃ,

2346 714 2502 767 Ἔστι
2528 713 2573 767 δ’
2601 713 2738 777 ὅλως
2766 713 2905 779 τινὰ,
2936 706 3011 766 ὧν
3034 713 3069 782 ἡ
3095 711 3302 783 ἀληθὴς
3328 707 3657 780 κατάληψις
3684 707 3774 779 τῆς
3804 710 3891 783 ﬁt:

2343 804 2493 869 θείας
2539 806 2598 858 ἐν
2647 804 2802 876 βάθει
2844 807 3041 870 κεῖται,
3077 803 3405 874 θαυμαστῆς
3454 800 3679 870 φύσεως
3715 817 3892 874 τετυπ-

2343 898 2503 953 κόταο
2529 897 2689 951 ὁποία
2722 897 2818 952 καὶ
2844 898 2879 969 ἡ
2905 897 3015 951 τῶν
3047 896 3264 969 θερμῶν
3294 895 3524 949 ὑδάτων
3556 890 3719 962 φύσις
3739 896 3894 965 τυγχὰ-

2341 1007 2527 1045 νουσα.
2568 991 2679 1063 Τὴν
2721 990 2820 1054 μὲν
2847 990 2956 1062 γὰρ
2983 989 3162 1044 αἰτίαν
3204 986 3298 1041 τοῦ
3330 983 3617 1041 τοσούτου
3653 986 3809 1057 πυρὶς
3832 990 3896 1041 οὐ·

2340 1081 2451 1145 δεὶς
2498 1081 2564 1136 ἂν
2614 1073 2923 1154 προχείρως
2964 1080 3077 1152 ἔχοι
3125 1079 3341 1149 λέγειν’
3389 1076 3724 1148 θαυμαστὸν
3756 1076 3805 1129 δὲ
3838 1079 3896 1133 ὅτι

2339 1173 2533 1247 ψυχρῷ
2557 1173 2711 1227 ῦδατι
2745 1168 3277 1244 περιστοιχιζόμενον
3307 1168 3517 1239 κύκλῳ
3538 1208 3556 1233 ,
3610 1168 3710 1221 ούκ
3747 1168 3817 1221 ἔτι
3842 1168 3899 1237 ἐξ·

2342 1267 2663 1337 ίσταταιτῆς
2682 1264 2924 1337 ἐμφύτου
2948 1263 3299 1336 θερμότητος.
3319 1261 3531 1318 Ταῦτά
3540 1277 3630 1315 τοι
3648 1261 3847 1314 σπάνιόν
3862 1278 3900 1318 τι

2339 1359 2528 1430 χρῆμα
2561 1356 2698 1412 εἶναι
2726 1358 2887 1433 δοκεῖο
2903 1358 2998 1411 καὶ
3024 1357 3395 1429 εὐαρίθμητον
3444 1353 3603 1410 κατά
3635 1356 3805 1407 πᾶσαν
3828 1356 3900 1425 τὴν

2336 1449 2680 1521 οἰκουμένην,
2713 1449 2801 1513 ἵν’,
2833 1448 2909 1512 ὡς
2944 1448 3178 1520 ἐμαυτὸν
3224 1446 3422 1512 πείθω,
3472 1449 3510 1518 ἡ
3545 1446 3651 1518 τῆς
3684 1446 3901 1516 Προνοίας

2335 1538 2563 1610 δύναμις
2587 1536 2976 1606 εὐδιάγνωστος
3006 1536 3157 1609 παρά
3182 1540 3293 1601 τοῖς
3322 1534 3662 1609 ἀνθρώποις
3689 1536 3900 1604 γενέσθαι

2335 1630 2581 1704 δύνηται,
2618 1630 2720 1694 ,δύο
2765 1630 2959 1700 φύσεις
3002 1631 3423 1696 ἐναντιωτάτας,
3474 1628 3793 1701 θερμότητα
3832 1632 3900 1683 καὶ

2333 1720 2670 1794 ψυχρότητα,
2707 1723 2772 1777 ἐκ
2807 1723 2908 1794 τῆς
2942 1722 3114 1792 αὐτῆς
3141 1723 3235 1776 καὶ
3266 1725 3396 1794 μιᾶς
3436 1721 3615 1794 ῥίζης
3640 1720 3896 1791 διηθεῖσθαι

2336 1814 2684 1879 θεσπίζουσα.
2753 1815 2930 1870 Πολλὰ
2984 1816 3085 1887 μὲν
3146 1812 3240 1871 οῦν
3289 1818 3383 1871 καὶ
3445 1816 3803 1888 ἀναρίθμητα
3842 1820 3897 1879 εἰς

2259 1893 2305 1953 Β
2332 1907 2684 1979 παραμυθίαν
2712 1909 2807 1964 καὶ
2831 1908 3127 1964 ἀπόλαυσιν
3155 1912 3268 1974 τοῖς
3300 1908 3639 1981 ἀνθρώποις
3670 1908 3810 1980 παρά
3826 1910 3891 1963 τοῦ

2325 1996 2638 2071 Κρείττονος
2664 1998 2982 2073 δεδώρηται,
3014 2000 3313 2073 ἐξαιρέτως
3352 2002 3397 2055 δ’
3424 2002 3459 2054 ὁ
3502 2000 3726 2073 καρπὸς
3752 2000 3893 2066 ἐλαίας

2331 2109 2391 2146 τε
2436 2093 2532 2148 καὶ
2570 2094 2847 2166 ἀμπέλου·
2882 2096 2945 2149 τὸ
2992 2096 3091 2167 μὲν
3131 2095 3285 2169 [γὰρ]
3332 2096 3712 2168 ἀνακτήσεως
3756 2096 3891 2168 ψυχῆς

2331 2184 2427 2238 καὶ
2479 2184 2833 2258 φαιδρότητος
2888 2188 3105 2259 ἐπέχειν
3156 2187 3312 2257 λόγον
3358 2188 3479 2259 (35)
3501 2205 3517 2219 '
3551 2188 3619 2240 τὸ
3662 2176 3711 2241 δ’
3747 2189 3893 2260 ἕτερον

2331 2274 2468 2347 πρὸς
2497 2279 2564 2348 τῇ
2593 2276 2910 2344 ἀπολαύσει,
2943 2281 3036 2334 καὶ
3055 2280 3320 2353 θεραπείᾳ
3345 2280 3463 2335 τῶν
3500 2279 3776 2351 σωμάτων
3794 2298 3893 2333 κατ-

2331 2366 2575 2439 άλληλον.
2626 2368 2824 2441 Θαῦμα
2883 2370 2928 2424 δ’
2983 2371 3239 2437 ἐξαίσιον,
3283 2373 3381 2428 καὶ
3419 2376 3455 2446 ἡ
3496 2372 3785 2443 ἐνδελεχὴς
3824 2375 3892 2426 καὶ

2330 2460 2668 2528 ἀδιάλειπτος
2689 2463 2950 2536 ποταμῶν
2960 2465 3123 2537 φορὰ,
3140 2464 3353 2538 νύκτωρ
3372 2485 3433 2521 τε
3458 2466 3564 2521 xui.
3588 2466 3886 2537 μεθημιέραν.

2331 2552 2600 2625 σύμϐολον
2632 2555 2860 2610 ἀεννάου
2894 2557 2989 2611 καὶ
3027 2545 3373 2614 ἀδιαλείπτου
3417 2558 3577 2631 βίου’
3617 2559 3890 2630 ἱσοδνναμεῖ

2328 2644 2384 2698 δέ
2413 2647 2509 2700 καὶ
2540 2648 2829 2720 νυκτερινὴ
2859 2648 3097 2722 διαδοχή.

2857 2926 3253 2981 ΚΕΦΔΛΑῙΟΝ
3294 2925 3375 2982 H'.

2333 3016 2460 3072 Ὀτι
2500 3017 2574 3073 τὰ
2598 3017 2716 3088 μὲν
2744 3017 3018 3088 χρειώδη,
3050 3019 3323 3088 ἀφθόνως
3362 3019 3493 3087 τοῖς
3521 3018 3840 3088 ἀνθρώποις
3860 3018 3885 3069 δ

2401 3090 2547 3156 Θεὸς
2593 3089 2860 3159 χορηγεῖ’
2887 3091 2974 3160 τὰ
3017 3088 3085 3142 δὲ
3148 3090 3300 3159 πρὸς
3362 3090 3609 3160 τέρψιν,
3643 3088 3879 3160 μετρίως.

2399 3162 2827 3229 συμφερόντως
2869 3159 3167 3228 ἑκατέρων
3191 3159 3623 3231 χορηγῶνίτὴν
3646 3159 3882 3215 ἀπόλαυ-

2398 3244 2523 3284 σιν.

2398 3318 2583 3374 Πάντα
2623 3319 2681 3373 δὲ
2714 3318 2866 3374 ταῦθ’
2898 3322 3030 3392 ἡμῖν
3059 3320 3298 3393 εἰρήσθω
3339 3320 3481 3393 πρὸς
3516 3320 3776 3375 πίστωσιν
3807 3314 3877 3367 τοῦ

2328 3410 2494 3481 μηδὲν
2538 3411 2749 3480 ἀλόγως
2782 3412 2903 3484 μηδ’
2930 3413 3173 3484 ἀνοήτως
3214 3412 3490 3483 γενέσθαι,
3532 3412 3631 3466 τὸν
3660 3409 3716 3463 δὲ
3753 3407 3880 3474 λόγον

2323 3504 2417 3557 καὶ
2440 3503 2539 3575 τὴν
2565 3504 2820 3577 πρόνοιαν
2849 3500 2985 3558 εἶναι
3014 3504 3107 3559 τοῦ
3135 3504 3269 3559 Θεοῦ
3298 3505 3430 3576 (54)·
3460 3506 3527 3570 ὃς
3558 3506 3653 3559 καὶ
3685 3502 3774 3573 τὴν
3793 3500 3876 3553 τῶν

2327 3593 2622 3664 μετάλλων,
2640 3593 2841 3667 χρυσοῦ
2858 3613 2917 3649 τε
2930 3596 3021 3650 καὶ
3042 3596 3305 3668 ἀργύρου,
3325 3597 3417 3649 καὶ
3440 3595 3672 3669 χαλκοῦ,
3697 3590 3875 3647 καὶτῶν

2324 3682 2629 3738 ὑπολοίπων
2650 3687 2810 3754 φύσιν
2830 3687 3147 3758 ἐταμιεύετο
3165 3686 3347 3760 μέτρῳ
3370 3687 3448 3758 τῷ
3465 3690 3807 3760 προσήκοντι,
3824 3680 3873 3734 τὰ

2326 3776 2425 3846 μὲν
2451 3769 2525 3829 ὧν
2549 3778 2581 3848 ἡ
2614 3776 2774 3847 χρεία
2794 3776 2960 3848 πολλή
2981 3793 3040 3830 τε
3064 3778 3158 3833 καὶ
3180 3779 3497 3851 παντοδαπὴ
3527 3778 3756 3851 ἤμελλεν
3778 3776 3873 3828 ἐσε-

2324 3868 2466 3930 σθαι,
2490 3867 2736 3938 ἀφθόνως
2759 3866 3023 3932 κελεύσας
3047 3870 3417 3942 χορηγεῖσθαι,
3442 3872 3513 3925 τὰ
3542 3872 3601 3925 δὲ
3630 3868 3760 3942 πρὸς
3780 3865 3871 3937 τέρ-

2320 3960 2413 4031 ψιν
2438 3961 2642 4033 κόσμου
2672 3963 2766 4016 καὶ
2789 3961 3048 4033 ἀφθονίαν
3077 3964 3188 4033 (55)
3220 3963 3408 4035 μόνην,
3430 3963 3809 4035 μεγαλοψύχως
3824 3975 3869 4012 τι

2322 4054 2417 4107 καὶ
2440 4054 2837 4125 πεφεισμένως,
2868 4053 3070 4125 μεταξὺ
3096 4055 3380 4124 φειδωλίας
3407 4074 3468 4110 τε
3498 4057 3593 4112 xal
3618 4052 3865 4127 εύδωρίας.

2321 4148 2385 4201 Εἰ
2416 4147 2526 4218 γὰρ
2570 4148 2664 4201 καὶ
2702 4147 2810 4201 τῶν
2846 4147 2983 4219 πρὸς
3028 4147 3232 4218 κόσμον
3271 4150 3660 4220 πεποιημένων
3698 4148 3729 4217 ἡ
3755 4141 3867 4208 αὐτὴ

2320 4238 2551 4308 ἀφθονία
2580 4241 2959 4311 συνεχωρεῖτο,
2987 4238 3075 4292 διὰ
3113 4239 3426 4305 πλεονεξίαν
3457 4241 3508 4294 οἱ
3546 4234 3864 4312 μεταλλεύον-

2318 4347 2429 4395 τες,
2454 4330 2546 4384 τοῦ
2578 4332 2674 4403 μὲν
2702 4332 3002 4403 εύχρήστου
3029 4331 3166 4402 πρὸς
3199 4332 3492 4404 γεωργίαν,
3524 4330 3793 4401 οἰκοδομήν
3816 4342 3862 4378 τε

2320 4422 2413 4476 καὶ
2439 4421 2580 4475 ναῶν
2622 4421 2999 4493 παρασκευὴν,
3034 4417 3144 4475 οἷον
3174 4422 3393 4494 σιδήρου
3428 4424 3526 4477 καὶ
3556 4418 3762 4495 χαλκοῦ,
3781 4433 3863 4471 κα-

2318 4514 2780 4585 ταφρονήσαντες,
2833 4512 2936 4583 τῆς
2986 4513 3382 4587 συναθροίσεως
3429 4515 3610 4569 αὐτῶν
3657 4508 3862 4580 κατημέ-

640 4610 859 4665 navium
887 4615 1352 4671 constructionem
1387 4616 1540 4670 utilia
1572 4623 1739 4681 sunt,
1764 4630 1839 4670 aes
1870 4614 2122 4671 videlicet
2148 4631 2214 4670 ac

2329 4609 2462 4669 louv,
2489 4607 2583 4659 καλ⁵
2616 4604 2726 4658 τῶν
2768 4604 2905 4676 πρὸς
2925 4607 3136 4679 τρυφήν
3158 4623 3219 4660 τε
3246 4608 3339 4659 καὶ
3361 4606 3633 4679 ἄχρηστον
3665 4602 3860 4660 πλούτου

641 4701 1173 4774 ferrum,congerere
1241 4706 1466 4776 insuper
1496 4706 1807 4762 haberent:
1835 4719 1897 4760 ea
1929 4720 2057 4761 vero
2099 4720 2220 4775 qua:

640 4795 710 4849 ad
757 4794 978 4851 delicias
1028 4804 1084 4851 et
1124 4798 1342 4852 inanem
1399 4812 1464 4853 ac
1522 4794 1850 4867 superﬂuum
1906 4796 2216 4851 divitiarum

642 4886 831 4941 luxum
869 4888 1167 4957 pertinent,
1203 4889 1351 4944 omni
1399 4890 1583 4945 studio
1627 4897 2101 4944 consectarentur.
2139 4889 2219 4944 Ac

640 4989 927 5049 propterea
978 4979 1032 5035 in
1079 4981 1195 5035 auri
1230 4982 1550 5052 argentique
1583 4980 1816 5035 metallis
1850 4979 2233 5055 inveniendis,

640 5072 799 5142 longe
827 5072 946 5142 plus
973 5071 1307 5128 difﬁcultatis
1352 5088 1419 5129 ac
1449 5072 1653 5128 laboris
1679 5085 1802 5127 esse
1841 5071 2015 5136 aiunt,
2053 5085 2215 5140 quam

712 5254 824 5325 (33)
859 5255 1014 5327 Vulg.
1056 5256 1123 5311 τὸ
1162 5256 1280 5327 μὲν
1311 5255 1716 5323 ἀνακτήσεως.
1750 5295 1764 5308 .
1799 5293 1813 5308 .
1845 5253 2085 5323 ἐπέχειν
2109 5254 2211 5327 λρς

638 5342 768 5395 γον.
808 5324 929 5380 Viri
968 5324 1129 5383 'docti
1163 5324 1316 5383 hunc
1354 5329 1530 5382 locum
1571 5328 1643 5380 ita
1690 5328 2080 5390 etnendarunt,
2137 5324 2210 5395 Tb

642 5394 742 5466 μὲν
795 5397 903 5470 γάρ
935 5399 1286 5470 ἀνακτήσεως
1321 5397 1498 5469 ψυχῆς
1545 5395 2040 5470 καὶμφαιδρότητος
2086 5394 2212 5448 ἐπέ-

642 5413 742 5466 μεν
833 5413 903 5468 αρ
935 5413 1286 5470 ανακτησεως
1321 5413 1498 5469 ψυχης
1545 5413 1640 5451 και
1685 5413 2040 5467 φαιοροτητος
2086 5413 2212 5448 επε-

638 5483 753 5537 χειν
795 5413 980 5537 Δλόγον.
1032 5469 1226 5523 Verum
1271 5484 1394 5523 cum
1442 5467 1703 5537 particula
1736 5466 1844 5537 γάρ
1882 5481 1983 5522 nec
2016 5468 2069 5520 in
2114 5481 2212 5520 co-

640 5540 759 5609 dice
788 5537 976 5609 Regio,
1032 5555 1129 5593 nec
1159 5540 1211 5594 in
1243 5540 1477 5594 editione
1510 5536 1771 5609 Stephani
1818 5536 2059 5609 legatur,
2099 5551 2215 5609 ma-

639 5607 731 5661 lim
786 5605 969 5682 legere
1023 5611 1238 5682 ἐπέχον,
1281 5610 1422 5682 quod
1457 5608 1762 5682 __sequentia
1810 5605 1968 5682 plane
1996 5605 2209 5682 conﬁr-

641 5689 808 5750 ruant.
845 5676 1311 5750 ‘Sequitur'enim
1357 5678 1418 5750 rb
1452 5677 1495 5731 δ’
1546 5677 1735 5750 ἕτερον
1777 5677 1914 5748 πρὸς
1958 5678 2039 5750 ’τῇΔ
2077 5676 2211 5750 ἀπο-

637 5746 824 5826 λαύσει
890 5745 983 5805 καὶ
1041 5750 1307 5826 θεραπεία
1350 5749 1459 5803 τῶν
1513 5745 1782 5826 σευμάτων
1825 5745 2207 5826 ξκατάλληλρν.

637 5821 823 5889 (ᾁυαιιη
848 5817 1221 5897 tam_en_Fhk.,
1256 5817 1393 5897 ξαν.
1442 5836 1505 5897 ac
1530 5817 1765 5873 Turnebi
1789 5817 1950 5897 plane
2006 5817 2210 5897 co_n_llr-

638 5900 748 5942 mat
779 5884 1216 5949 emendationem
1254 5893 1398 5948 illam
1433 5893 1715 5949 doctorum
1750 5884 2011 5943 virorum.
2063 5884 2209 5941 Idem

2321 4696 2634 4769 περιουσίαν
2669 4695 3043 4767 προενοοῦντο.
3104 4697 3194 4751 Διὸ
3232 4697 3613 4770 χαλεπώτερον
3658 4695 3743 4765 τὴν
3784 4687 3855 4743 ἰτοὖ

2320 4787 2520 4861 χρυσοῦ
2546 4805 2604 4840 τε
2637 4786 2732 4841 καὶ
2754 4785 2995 4857 ἀργύρου
3031 4785 3268 4857 εὕρεσιν,
3302 4790 3399 4842 καὶ
3432 4787 3674 4859 μείζονος
3711 4779 3859 4851 καμά-

2318 4898 2414 4935 του
2439 4881 2548 4936 τῶν
2572 4881 2745 4936 ἄλλων
2774 4880 3031 4935 ἁπάντων
3059 4881 3338 4953 μετάλλων
3369 4882 3532 4951 φασιν
3558 4876 3709 4943 εἶναι,
3736 4877 3855 4933 ὅπως

2318 4976 2397 5048 τῷ
2431 4975 2645 5047 σφοδρῷ
2674 4976 2775 5048 τῆς
2816 4974 3109 5047 ἐπιθυμίας
3140 4974 3201 5027 τὸ
3245 4974 3340 5026 τοῦ
3374 4975 3621 5046 καμάτου
3667 4966 3855 5041 σφοδρὸν

2319 5069 2729 5140 ἀντιτάσσηται.
2766 5068 2915 5122 Πόσα
2944 5067 2989 5120 δ’
3016 5066 3150 5121 ἄλλα
3170 5064 3272 5137 τῆς
3300 5064 3452 5131 θείας
3480 5066 3730 5139 Προνοίας
3744 5060 3852 5131 ἔργα

2317 5254 2483 5309 codex
2509 5252 2646 5308 Fuk.
2674 5260 2795 5323 post
2821 5267 3007 5309 vocem
3037 5248 3333 5304 ἀπολαύσει
3365 5249 3475 5304 duo
3510 5257 3701 5319 puncta
3729 5246 3850 5299 notat

2531 5393 2690 5464 Vulg.
2729 5392 3158 5468 rhrgzgégocar
3180 5387 3333 5468 εἶναι
3352 5392 3518 5468 θεόν.
3539 5383 3779 5468 In_Mor:ei
3796 5379 3848 5468 ll-

2318 5460 2419 5521 διὸ
2440 5460 2761 5521 emendatur
2785 5460 2880 5517 τοῦ
2900 5460 3056 5527 Θεοῦ,
3089 5472 3148 5515 ut
3193 5463 3323 5531 legit
3346 5460 3843 5531 Qhristophorsonus.

2320 5536 2389 5591 Et
2413 5537 2495 5591 sic
2523 5537 2723 5590 diserte
2752 5535 3011 5590 scribitur
3046 5536 3097 5585 in
3139 5530 3327 5586 codice
3358 5530 3490 5585 Fuk.

2393 5606 2505 5677 ('55)
2561 5606 2717 5674 Πρὸς
2759 5604 2977 5677 τέρψιν
3009 5604 3240 5677 κόσμου
3266 5602 3363 5677 οιαὶ
3410 5602 3715 5677 ἀφθονίαν.
3739 5593 3847 5677 ρξε’
3902 5628 3907 5633 ι

2317 5670 2623 5747 τυρια’θει’
2651 5670 2753 5747 vox
2787 5670 3067 5745 ἀφθονίαν,
3094 5670 3403 5747 chjus_lo_co
3451 5673 3632 5725 malim
3681 5670 3837 5747 subsit:

2316 5737 2470 5804 tuere
2498 5744 2757 5813 ἀσωτίαν,
2794 5737 2849 5802 id
2900 5756 2982 5803 est
3012 5737 3219 5802 luxum.
3254 5741 3481 5812 Vulgata
3523 5753 3693 5797 tamen
3715 5737 3845 5792 lectio

2304 5818 2450 5877 .ferri
2483 5828 2685 5892 potest.
