4150 6438
717 417 740 480 l
755 422 861 479 255

1423 419 1698 476 EUSEBII
1737 416 2210 476 CESARIENSIS
2248 415 2399 472 OPP.
2441 411 2621 470 PARS
2657 410 2699 468 ὶ.
2743 445 2807 454 ——-
2847 413 3235 472 lllSTORlCA.

3831 425 3949 477 1956

715 540 972 610 praedicta
1017 553 1045 594 a
1067 539 1348 610 prophetis
1380 541 1805 610 acceperatdum
1826 542 1879 596 in
1905 539 2139 612 .Egypto
2161 557 2282 595 ver-

2382 539 2664 610 ηγόρευεν·
2686 537 2848 601 αὐτός
2868 554 2927 590 τε
2945 540 2969 591 6
2986 538 3126 609 ὑπὲρ
3147 537 3352 600 πάντας
3369 535 3495 601 τοὺς
3511 537 3708 602 ἄλλους
3727 540 3952 610 ἠπιώτα-

715 641 952 695 saretur,
986 647 1048 685 ea
1083 643 1338 701 tanquam
1372 633 1474 686 sibi
1504 633 1757 696 privatim
1788 649 1817 686 a
1856 634 1965 687 Deo
1993 633 2278 703 patefacta,

716 724 863 780 Italis
895 725 1165 792 prmdixit.
1215 723 1369 777 Plato
1415 725 1646 795 denique
1682 726 1770 795 qui
1808 725 2047 794 reliquos
2092 739 2282 779 omnes

715 832 926 870 morum
965 817 1187 871 lenitate
1218 819 1519 886 superavit,
1553 828 1610 872 et
1638 819 1732 888 qui
1766 819 2044 872 hominum
2072 828 2283 873 mentes

715 923 742 960 a
767 909 1016 962 sensibus
1055 911 1120 962 ad
1167 925 1253 964 res
1308 910 1679 979 intelligibiles
1721 910 2025 980 eodemque
2064 925 2282 980 semper

714 999 766 1053 in
792 1009 934 1054 statu
971 1011 1354 1069 permanentes
1391 1002 1602 1070 primus
1632 1001 1892 1068 abduxit,
1935 1009 1990 1056 et
2021 1003 2087 1056 ad
2112 1003 2284 1056 subli-

713 1092 821 1145 mia
857 1091 1046 1146 oculos
1101 1093 1352 1147 auellere
1401 1091 1721 1155 assuefecit,
1779 1093 2010 1162 primum
2066 1093 2282 1162 quidem

712 1182 882 1237 Deum
912 1196 1076 1250 supra
1115 1197 1330 1236 onmem
1361 1183 1720 1238 substantiam
1751 1197 1871 1238 esse
1909 1183 2111 1248 docuit,
2137 1194 2286 1237 recte

711 1275 950 1327 omnino.
986 1274 1122 1327 lluic
1152 1274 1382 1328 alterum
1419 1276 1685 1344 subjecit,
1719 1284 1774 1330 et
1800 1275 1932 1329 duas
1955 1275 2285 1329 substantias

710 1379 944 1420 numero
979 1367 1262 1433 distinxit,
1297 1383 1418 1423 cum
1449 1385 1553 1422 una
1591 1370 1661 1424 sit
1687 1370 1968 1438 utriusque
2003 1369 2282 1440 perfectio.

711 1467 765 1509 et
793 1457 1015 1512 secundi
1071 1459 1162 1513 Dei
1217 1461 1521 1514 substantia
1569 1476 1635 1515 ex
1689 1463 1863 1528 primo
1914 1461 2286 1530 proﬁciscatur

709 1545 842 1601 Deo.
876 1546 974 1602 llic
996 1549 1139 1602 enim
1171 1549 1348 1616 opifex
1373 1560 1453 1605 est
1487 1563 1540 1606 et
1568 1551 2282 1616 moderatoruniversorum,

708 1653 773 1693 ac
803 1640 1033 1709 proinde
1065 1643 1248 1696 omnia
1285 1645 1640 1697 transcendit.
1680 1644 1769 1699 Ille
1803 1659 1932 1699 vero
1965 1644 2054 1713 qui
2091 1658 2284 1698 secun-

709 1730 809 1784 dus
841 1732 908 1786 ab
932 1746 997 1786 eo
1025 1741 1128 1795 est,
1177 1735 1446 1790 mandatis
1478 1735 1595 1806 ejus
1635 1737 1940 1791 inserviens
1967 1777 1984 1800 ,
2041 1737 2283 1790 omnium

708 1838 889 1878 rerum
924 1826 1370 1881 constitutionem
1395 1829 1461 1881 ad
1503 1843 1624 1882 eum
1664 1838 1919 1897 tanquam
1957 1829 2022 1882 ad
2062 1843 2282 1884 causam

2383 649 2474 696 τος
2505 631 2749 692 Πλάτων,
2772 632 2865 684 κειιί⁵
2903 631 3002 694 τὰς
3021 630 3256 694 διανοίας
3288 629 3393 683 τῶν
3420 629 3732 701 ἀνθρώπιον
3756 631 3950 704 πρῶτος

2383 723 2624 778 ἀπὺ“τῶν
2657 722 2960 794 αἰσθήσεων
3007 723 3100 774 ἐπὶ
3132 720 3202 774 τὰ
3244 721 3411 793 νοητὰ
3440 722 3534 775 καὶ
3577 723 3670 776 ἀεὶ
3707 722 3949 786 ὡσαύτως

2385 816 2575 888 ἔχοντα
2605 815 2788 878 ἐθίσας
2811 814 3104 883 ἀνακῦψαι,
3128 813 3428 882 ἀναϐλέψαι
3458 813 3506 866 τ’
3533 815 3627 867 ἐπὶ
3656 815 3727 868 τὰ
3763 815 3948 886 μετάρ-

2387 926 2477 962 σια
2509 906 2725 973 διδάξας
2759 906 2895 977 (42),
2931 905 3150 978 πρῶτον
3194 906 3290 976 μὲν
3343 905 3477 958 Θεδν
3516 906 3843 976 ὑφηγήσατο
3871 907 3948 958 τὸν

2385 998 2524 1068 ὑπὲρ
2569 997 2666 1067 τὴν
2713 995 2920 1056 οὐσίαν,
2957 995 3139 1058 καλῶς
3173 995 3366 1048 ποιῶν·
3408 993 3643 1060 ὑπέταξε
3701 995 3759 1047 δὲ
3792 994 3948 1065 τούτῳ

2385 1089 2480 1142 καὶ
2507 1086 2779 1158 δεύτερον,
2807 1087 2900 1140 καὶ
2929 1085 3021 1139 δύο
3054 1085 3240 1149 οὐσίας
3267 1085 3344 1156 τῷ
3371 1086 3588 1159 ἀριθμῷ
3615 1086 3802 1151 διεῖλε,
3835 1088 3947 1157 μιᾶς

2385 1179 2550 1249 οὔσης
2572 1179 2673 1249 τῆς
2701 1179 3025 1250 ἀμφοτέρων
3053 1178 3408 1247 τελειότητος,
3436 1179 3535 1249 τῆς
3559 1195 3617 1230 τε
3645 1178 3836 1242 οὐσίας
3867 1177 3946 1231 τοῦ

2381 1269 2635 1341 δευτέρου
2668 1269 2804 1323 Θεοῦ
2833 1270 2931 1341 τὴν
2967 1269 3199 1340 ὕπαρξιν
3229 1270 3460 1340 ἐχούσης
3491 1273 3555 1324 ὲκ
3582 1269 3680 1324 τοῦ
3721 1271 3944 1344 πρώτουο

2380 1361 2548 1424 αὐτὸς
2597 1361 2706 1432 γάρ
2753 1363 2900 1413 ἐστιν
2937 1362 2965 1414 6
3006 1361 3340 1434 δημιουργὸς
3384 1364 3478 1415 καὶ
3523 1363 3806 1434 διοικητὴς
3851 1364 3946 1417 τῶν

2384 1452 2544 1517 ὅλων,
2590 1452 2831 1522 δηλονότι
2864 1450 3389 1523 ὑπεραναδεϐηκὼς·
3425 1453 3455 1503 6
3502 1452 3558 1504 δὲ
3589 1454 3711 1523 μετ’
3735 1453 3940 1515 ἐκεῖνον,

2385 1546 2504 1606 ταῖς
2552 1542 2759 1595 ἐκείνου
2803 1541 3161 1613 προστάξεσιν
3212 1541 3585 1612 ὑπουργήσας,
3636 1543 3739 1613 τὴν
3784 1543 3942 1596 αἰτίαν

2386 1635 2484 1703 τῆς
2514 1632 2620 1687 τῶν
2654 1633 2871 1686 πάντων
2907 1633 3214 1696 συστάσεως
3243 1633 3323 1696 εἰς
3374 1633 3580 1686 ἐκεῖνον
3625 1633 3942 1703 ἀναπέμπει.

2385 1720 2481 1789 Εἷς
2512 1725 2578 1779 ἂν
2609 1721 2702 1779 οῦν
2731 1724 2814 1796 εἴη
2843 1725 2983 1778 κατά
3009 1723 3100 1777 τὸν
3126 1723 3330 1795 ἀκριϐῆ
3361 1723 3538 1792 λόγον,
3562 1725 3590 1776 6
3613 1724 3717 1796 τὴν
3743 1725 3940 1778 πάντων

2389 1803 2703 1888 ἐπιμέλειαν
2734 1803 3072 1886 ποιούμενος,
3099 1814 3492 1886 προνοούμενός
3522 1831 3581 1867 τε
3615 1815 3797 1867 αὐτῶν
3828 1816 3939 1878 Θεὸς

709 1912 900 1968 refert.
937 1913 1124 1983 Itaque
1149 1915 1307 1986 juxta
1361 1917 1832 1972 accuratissimam
1874 1916 2284 1987 philosophandi

2387 1909 2562 1978 λόγος,
2597 1911 2625 1963 6
2654 1910 3078 1979 κατακοσμίκας
3109 1906 3178 1960 τά
3210 1906 3385 1959 πάντα
3405 1922 3418 1934 ·
3455 1909 3485 1960 6
3523 1906 3578 1958 δὲ
3607 1907 3769 1974 λόγος
3802 1905 3938 1967 αὐτὸς

708 2005 978 2059 rationem
1005 2045 1020 2069 ,
1065 2023 1206 2061 unus
1247 2007 1414 2062 fuerit
1467 2009 1559 2078 qui
1596 2011 1838 2064 onmium
1889 2023 2069 2063 rerum
2104 2025 2288 2064 curam

706 2095 849 2164 gerit
865 2136 880 2159 ,
915 2106 969 2150 et
986 2097 1076 2165 qui
1104 2098 1372 2153 universis
1393 2099 1666 2163 consulit,
1692 2098 1834 2154 Deus
1855 2097 2064 2154 scilicet
2087 2112 2287 2155 sermo.

705 2201 736 2238 a
771 2203 874 2253 quo
903 2197 1167 2241 exornata
1194 2198 1322 2242 sunt
1347 2197 1566 2243 cuncta.
1593 2187 1696 2255 Qui
1727 2202 1850 2244 cum
1879 2203 2010 2244 vere
2037 2189 2108 2244 sit
2127 2190 2288 2251 Deus,

703 2277 848 2332 idem
881 2278 1046 2331 etiam
1079 2289 1165 2334 est
1191 2279 1333 2334 [ilius
1379 2279 1497 2336 Dei.
1531 2279 1686 2348 Quod
1732 2281 1874 2337 enim
1906 2281 2054 2336 aliud
2091 2297 2288 2337 nomen

706 2377 904 2437 prteter
950 2368 1044 2422 lilii
1106 2370 1521 2439 appellationem
1558 2375 1608 2428 ei
1651 2373 1925 2443 quispiam
1985 2373 2284 2444 imponens,

708 2476 815 2513 non
844 2461 1007 2515 simul
1038 2479 1252 2517 summo
1275 2464 1486 2518 scelere
1508 2479 1630 2520 sese
1661 2465 2056 2522 obstrinxerit?
2079 2464 2289 2536 Quippe

709 2552 798 2606 ille
825 2554 917 2623 qui
953 2564 1037 2609 est
1067 2556 1310 2610 omnium
1365 2566 1540 2626 pater,
1587 2559 1785 2614 merito
1830 2560 1994 2614 etiam
2021 2557 2289 2614 sermonis

707 2642 792 2698 sui
833 2655 988 2714 pater
1019 2646 1388 2712 existimatur.
1442 2647 1510 2702 Et
1561 2650 1826 2705 hactenus
1874 2649 2096 2720 quidem
2135 2649 2287 2704 Plato

709 2746 858 2788 recte
889 2735 1079 2790 sensit.
1111 2735 1310 2792 Verum
1350 2740 1404 2792 in
1444 2739 1529 2794 his
1553 2755 1673 2809 quae
1703 2750 2029 2810 sequuntur,
2059 2740 2285 2796 multum

707 2841 739 2880 a
764 2841 895 2882 vero
934 2829 1217 2885 aberrasse
1255 2831 1711 2900 deprehenditur,
1754 2833 1882 2886 dum
1905 2841 1959 2886 et
1990 2831 2171 2902 plures
2207 2833 2289 2887 in-

705 2917 858 2970 ducit
899 2918 1034 2972 deos
1061 2959 1078 2984 ,
1113 2928 1167 2972 et
1206 2919 1452 2975 diversas
1497 2921 1728 2992 singulis
1772 2922 1976 2977 formas
2018 2922 2285 2977 attribuit.

706 3006 862 3073 Quod
889 3009 1103 3078 quidem
1146 3009 1368 3078 majoris
1393 3009 1570 3065 adhuc
1603 3012 1812 3066 erroris
1843 3026 2033 3066 ansam
2061 3010 2287 3081 praebuit

706 3099 978 3168 imperitis
999 3100 1336 3166 hominibus,
1365 3101 1460 3170 qui
1499 3102 1673 3170 ipsam
1709 3102 1930 3171 quidem
1963 3103 2162 3158 summi
2187 3101 2282 3156 Dei

704 3190 1101 3260 providentiam
1160 3207 1501 3262 nequaquam
1554 3194 1908 3248 considerant
1956 3212 1971 3249 :
2021 3194 2283 3263 imagines

705 3293 839 3332 vero
869 3279 935 3332 ad
960 3281 1240 3334 hominum
1267 3291 1322 3336 et
1350 3281 1671 3345 animalium
1707 3283 2068 3352 quorumdam
2095 3284 2284 3339 simili-
2309 3254 2352 3314 ο

707 3372 953 3425 tudinem
981 3387 1008 3423 a
1037 3373 1235 3440 seipsis
1267 3373 1425 3428 fictas
1451 3385 1804 3429 venerantur.
1845 3374 2023 3445 Atque
2057 3375 2128 3428 ita
2153 3390 2289 3440 ροη-¹

705 3463 846 3532 tigit,
875 3475 932 3516 ut
964 3464 1234 3518 excellens
1263 3464 1566 3534 ingenium,
1602 3475 1765 3535 atque
1797 3465 2044 3520 doctrina
2075 3481 2284 3522 summa

705 3555 950 3608 onmium
1017 3555 1175 3610 laude
1228 3556 1590 3626 dignissima,
1641 3560 1950 3629 hujusmodi
2012 3559 2286 3614 erroribus

705 3646 967 3714 permiSIa
1004 3657 1168 3717 atque
1208 3647 1450 3702 involuta
1479 3689 1496 3713 ,
1541 3650 1722 3704 minus
1779 3665 1913 3719 pura
1968 3650 2286 3719 sinceraque

707 3746 874 3792 esset.
904 3737 1050 3792 ldem
1080 3754 1247 3808 porro
1275 3740 1404 3795 mihi
1435 3741 1650 3796 videtur
1702 3742 1941 3811 seipsum
1988 3743 2284 3812 reprehen-

707 3830 864 3896 dens,
889 3846 1198 3888 sermonem
1226 3831 1376 3886 illum
1403 3833 1709 3902 corrigere,
1759 3834 1882 3885 dum
1918 3833 2120 3887 diserte
2147 3833 2288 3886 δαιτ-

709 3935 842 3991 mat,
874 3927 1115 3983 animum
1148 3929 1360 3985 ratione
1379 3930 1688 3999 praeditum,
1729 3928 1822 3984 Dei
1848 3930 2100 4000 spiritum
2141 3943 2282 3984 esse.

707 4016 911 4072 Cuncta
938 4021 1082 4075 enim
1130 4022 1182 4075 in
1216 4021 1322 4076 duo
1364 4037 1565 4092 genera
1598 4022 1913 4089 distribuit,
1951 4021 2286 4092 intelligibile

711 4110 922 4163 scilicet
971 4125 1034 4164 ac
1077 4112 1639 4181 sensibilezquornm
1685 4111 1813 4165 illud
1851 4111 2075 4182 simplex
2125 4121 2284 4180 atque

709 4203 1161 4271 incompositum,
1191 4203 1296 4258 hoc
1344 4219 1409 4260 ea
1457 4219 1745 4275 corporum
1781 4221 2045 4276 compage
2082 4206 2285 4260 confla-

707 4301 819 4346 tum
849 4302 960 4356 est,
993 4304 1048 4347 et
1078 4292 1211 4347 illud
1239 4293 1462 4363 quidem
1507 4295 1787 4350 intellectu
1814 4296 2148 4366 percipitur,
2182 4295 2284 4350 hoc

704 4398 836 4438 vero
881 4386 1141 4454 opinione
1173 4401 1298 4439 cum
1349 4400 1514 4441 sensu
1555 4389 1842 4456 conjuncta
1876 4386 2284 4457 comprehendi-

707 4483 814 4527 tur.
871 4475 1056 4543 ltaque
1103 4476 1233 4531 illud
1286 4477 1454 4532 divini
1499 4478 1665 4550 578
1699 4478 1936 4549 Spiritus
1988 4481 2280 4549 particeps,

2390 1997 2523 2061 Θεὸς
2549 1996 2645 2062 ὢν,
2686 1996 2847 2060 αὐτὸς
2891 1995 3146 2066 τυγχάνει
3178 1994 3269 2048 καί
3297 1995 3430 2049 Θεοῦ
3467 1998 3628 2059 παῖςο
3669 1998 3820 2048 ποῖον
3849 1996 3939 2064 γὰρ

2389 2091 2456 2145 ἀν
2478 2108 2560 2154 τις
2585 2090 2754 2161 ὄνομα
2786 2089 2932 2160 αὑτῷ
2969 2089 3263 2162 περιτιθεὶς
3292 2087 3443 2162 ποιρά
3465 2089 3563 2161 τὴν
3591 2087 3938 2160 προσηγορίαν

2389 2179 2483 2236 τοῦ
2535 2182 2743 2249 παιδὸς,
2781 2182 2880 2235 οὐκ
2924 2181 2990 2236 ἂν
3043 2180 3112 2234 τὰ
3155 2181 3387 2254 μέγιστα
3435 2181 3835 2253 ὲξαμαρτάνοι;
3892 2177 3938 2229 '0

2390 2273 2597 2345 γάρτοι
2634 2271 2741 2326 τῶν
2778 2272 2992 2325 πάντων
3037 2271 3237 2344 πατὴρ,
3281 2273 3374 2325 καὶ
3409 2270 3504 2324 τοῦ
3534 2271 3668 2324 ἰδίου
3697 2271 3849 2339 λόγου
3875 2269 3937 2322 δι-

2333 2354 2342 2368 “
2389 2365 2559 2428 καίως
2589 2363 2655 2418 ἂν
2707 2363 2889 2435 πατὴρ
2921 2360 3210 2434 νομίζοιτο.
3262 2362 3437 2432 Μέχρι
3485 2361 3584 2432 μὲν
3625 2356 3720 2414 οὗν
3775 2358 3936 2413 τούτου

2389 2457 2614 2511 Πλάτων
2663 2455 2892 2528 σώφρων
2942 2451 3041 2528 ἦν·
3093 2455 3152 2508 ὲν
3199 2454 3257 2508 δὲ
3291 2455 3403 2518 τοῖς
3447 2453 3599 2522 ἑξῆς,
3653 2451 3936 2526 εὑρίσκεται

2387 2550 2766 2622 διαμαρτάνων
2788 2549 2889 2620 τῆς
2911 2547 3187 2618 ἀληθείας,
3211 2546 3414 2617 πλῆθός
3435 2563 3496 2598 τε
3537 2544 3679 2599 θεῶν
3708 2544 3934 2612 εἰσάγων,

2388 2645 2482 2698 καὶ
2515 2644 2765 2706 ἑκάστοις
2794 2642 3056 2705 ἐπιτιθεὶς
3104 2640 3351 2713 μορφὰς,
3387 2641 3524 2711 ὅπερ
3555 2640 3655 2693 καὶ
3681 2636 3933 2710 παραίτιον

2385 2737 2605 2807 ἐγένετο
2636 2738 2736 2808 τῆς
2785 2735 3031 2808 μείζονος
3073 2734 3283 2805 πλάνης
3328 2733 3479 2804 παρὰ
3508 2736 3627 2796 τοῖς
3663 2732 3934 2798 ἀλογίστοις

2385 2828 2494 2883 τῶν
2525 2827 2847 2901 ἀνθρώπων,
2885 2827 3021 2899 πρὸς
3062 2827 3159 2898 μὲν
3185 2827 3284 2899 τὴν
3318 2827 3576 2896 πρόνοιαν
3612 2825 3706 2878 τοῦ
3741 2823 3930 2893 ὑψίστου

2385 2918 2520 2973 Θεοῦ
2568 2920 2642 2990 μὴ
2674 2917 3020 2991 ἀφορώντων,
3057 2919 3156 2982 τάς
3182 2917 3226 2971 δ’
3279 2916 3493 2980 εἰκόνας
3536 2915 3718 2970 αὐτῶν
3756 2913 3933 2984 ἀνθρω-

2385 3011 2559 3074 πείοις
2589 3028 2648 3064 τε
2671 3010 2765 3064 καί
2792 3009 2993 3081 ἑτέρων
3017 3007 3170 3074 ζώων
3196 3008 3388 3071 τύποις
3417 3003 3930 3080 μεταμορφουμένοις

2385 3103 2672 3157 σεϐόντων.
2709 3101 3029 3173 Συμδέϐηκε
3074 3101 3132 3153 δὲ
3177 3100 3438 3172 μεγίστην
3467 3099 3590 3153 τινὰ
3643 3098 3862 3170 μεγάλου
3894 3094 3930 3144 τ’

2386 3195 2608 3250 ἐπαίνου
2641 3194 2796 3259 ἀξίαν
2827 3194 2990 3265 φύσιν
3033 3194 3141 3265 (45)
3172 3211 3230 3246 τε
3281 3193 3375 3246 καί⁵
3425 3193 3698 3258 παιδείαν,
3736 3183 3928 3243 τοιοῖσδέ

2384 3305 2492 3342 τισι
2527 3287 2871 3358 μεμιγμένην
2906 3286 3266 3357 πταίσμασιν,
3301 3285 3630 3357 ἀκαθάρτως
3672 3301 3732 3337 τε
3763 3282 3845 3334 καί
3875 3275 3930 3348 μὴ

2385 3379 2694 3450 εἰλικρινῶς
2724 3378 2890 3449 ἔχειν.
2924 3381 3082 3432 Δοκεῖ
3116 3396 3206 3450 μοι
3250 3377 3293 3430 δ’
3338 3379 3366 3430 6
3404 3377 3565 3440 αὐτὸς
3597 3369 3928 3446 ἐπιλαμϐανό-

2387 3489 2548 3544 μενος
2593 3471 2784 3526 ὲαυτοῦ
2833 3470 3076 3545 διορθοῦν
3126 3471 3216 3525 τὸν
3269 3470 3446 3540 λόγον,
3492 3470 3553 3523 τὸ
3608 3468 3818 3538 πνεῦμα
3855 3461 3927 3516 τοῦ

2385 3562 2520 3618 Θεοῦ
2555 3564 2743 3634 σαφῶς
2770 3563 2946 3636 δηλῶν
2969 3563 3192 3636 λογικὴν
3213 3563 3388 3635 ψυχὴν
3422 3562 3693 3634 ὑπάρχειν
3710 3579 3722 3591 ·
3748 3554 3928 3612 διιστῶν

2385 3656 2442 3710 δὲ
2471 3656 2540 3711 τά
2575 3658 2751 3713 πάντα
2785 3657 2896 3729 (44)
2931 3655 3010 3722 εἰς
3041 3657 3135 3711 δύο
3175 3657 3294 3727 είδη
3319 3655 3524 3727 νοητῶν
3550 3673 3613 3709 τε
3654 3654 3744 3710 καὶ
3773 3649 3928 3717 αἰσθη-

2383 3751 2512 3816 τῶν,
2559 3751 2620 3804 τδ
2667 3749 3022 3822 συγκείμενον
3074 3751 3138 3804 ἐκ
3181 3750 3432 3820 σώματος
3467 3747 3740 3820 ἀρμογῆς,
3774 3743 3854 3797 καί
3881 3737 3926 3792 τὸ

2389 3841 2489 3913 μὲν
2518 3841 2594 3914 νῷ
2623 3841 2990 3914 καταληπτὸν,
3022 3841 3084 3894 τὸ
3129 3841 3186 3896 δὲ
3217 3841 3340 3912 δόξῃ
3380 3839 3495 3911 μετ’
3543 3838 3834 3910 αἰσθήσεως
3860 3831 3926 3883 δοο

2385 3931 2578 4000 ξαστόν
2598 3950 2612 3965 ⁸
2647 3932 2789 3986 ὥστε
2830 3932 2890 3986 τὸ
2922 3934 3019 4006 μὲν
3052 3932 3146 3986 τοῦ
3181 3933 3338 4001 ἁγίου
3367 3931 3679 4003 πνεύματος
3710 3925 3922 4001 μετέχον.

2386 4025 2483 4080 ἆτε
2516 4026 2580 4096 δὴ
2630 4025 2933 4097 ἀσύγχυτον
2967 4027 3060 4080 καί.
3089 4027 3270 4091 ἀῡλον,
3301 4025 3517 4079 αἰώνιόν
3563 4043 3627 4078 τε
3660 4019 3808 4083 εἰναι,
3851 4013 3924 4068 καί

2383 4117 2481 4188 τὴν
2517 4117 2684 4170 ἀΐδιον
2728 4117 2873 4189 ζωὴν
2915 4117 3247 4189 λελογχέναι·
3283 4119 3344 4170 τὺ
3371 4117 3428 4170 δὲ
3457 4116 3734 4188 αἰσθητὸν,
3781 4110 3920 4175 πάντη

2383 4209 2730 4280 διαλυόμενον
2753 4211 2873 4281 καθ’
2902 4212 2960 4265 ὃν
2990 4213 3083 4266 καὶ
3117 4212 3342 4283 συνέστη
3373 4210 3547 4280 λόγον,
3575 4211 3792 4282 ἄμοιρον
3814 4199 3921 4256 εἶναι

2382 4299 2482 4371 τῆς
2531 4301 2700 4354 ἀϊδίου
2754 4301 2917 4374 ζωῆς.
2956 4302 3301 4370 Θαυμαστῶς
3343 4302 3399 4355 δὲ
3435 4302 3528 4357 καὶ
3574 4304 3634 4355 ὲν
3676 4303 3784 4361 τοῖς
3820 4291 3922 4359 ἑξῆς

2383 4391 2644 4458 διδάσκει,
2670 4395 2796 4458 τοὺς
2832 4396 2928 4466 μὲν
2961 4391 3019 4450 εὖ
3054 4395 3374 4466 βιώσαντας,
3409 4393 3584 4466 ψυχὰς
3615 4389 3801 4460 δηλαδὴ
3833 4382 3920 4436 τῶν

2382 4482 2545 4536 ὁσίων
2571 4501 2630 4537 τε
2667 4486 2760 4538 καὶ
2787 4486 3008 4554 ἀγαθῶν
3042 4487 3270 4558 ἀνδρῶν,
3305 4487 3442 4558 μετά
3465 4486 3560 4557 τὴν
3589 4486 3695 4540 ἀπὸ
3721 4479 3804 4534 τοῦ
3837 4473 3919 4528 m3-

706 4576 890 4635 utpote
919 4569 988 4621 ab
1010 4570 1158 4622 omni
1191 4569 1542 4624 concretione
1566 4582 1622 4624 et
1653 4571 1883 4625 materia
1911 4581 2276 4641 segregatum,

2387 4592 2554 4644 ματος
2607 4577 2954 4650 ἀναχώρησιν
3002 4582 3059 4633 ἐν
3095 4582 3206 4643 τοῖς
3243 4579 3550 4642 καλλίστοις
3585 4578 3675 4632 τοῦ
3723 4562 3916 4644 οὐρανοῦ

705 4665 970 4710 aeternum
1004 4667 1108 4723 est,
1137 4659 1414 4729 vitamque
1443 4661 1653 4716 obtinet
1698 4661 2104 4730 sempiternam.
2147 4660 2277 4715 Illud

706 4762 838 4801 vero
868 4751 1008 4815 quod
1043 4752 1307 4807 sensibile
1348 4761 1464 4814 est,
1514 4767 1635 4807 cum
1700 4755 1890 4808 eadem
1930 4745 2149 4808 omnino
2192 4771 2276 4806 ra-

709 4839 852 4894 tione
879 4841 1202 4898 dissolvatur
1225 4859 1330 4914 qua
1357 4844 1534 4899 fuerat
1553 4855 1678 4899 ante
1699 4856 2062 4922 compactum,
2086 4863 2279 4913 expers

705 4942 791 4985 est
814 4936 1153 5003 sempiterna:
1178 4939 1324 4992 vitae.
1347 4935 1487 4992 Sunt
1510 4952 1641 4992 vero
1669 4953 1892 5008 prorsus
1917 4937 2277 4994 admiratione

708 5127 936 5182 induxit.
965 5127 1064 5204 Qui
1098 5144 1218 5204 cum
1240 5130 1467 5204 legisset
1503 5131 1862 5204 Pythagoram
1897 5131 2277 5204 ahEgyptioo

707 5215 822 5252 lttm
871 5202 1168 5269 prophetis.
1203 5201 1252 5269 id
1290 5213 1372 5256 est
1423 5201 1815 5266 sacerdotibus,
1870 5203 2033 5257 multa
2082 5201 2277 5258 arcana

703 5268 978 5342 didicisse,
1015 5270 1087 5342 _id
1137 5268 1582 5342 deﬂebra‘orum
1610 5274 1884 5342 prophetis
1916 5272 2200 5327 intellexit.

775 5337 888 5408 (ὀὶ)
932 5339 1081 5412 vulg.
1131 5339 1536 5412 καίίδιδάξας.
1595 5337 1864 5397 Particula
1930 5343 2273 5412 coniunctiva

706 5409 858 5483 deest
893 5413 943 5483 in
973 5408 1108 5463 Fuk.
1144 5426 1208 5483 ac
1239 5411 1423 5483 Savilit
1458 5415 1611 5473 libro,
1649 5424 1704 5467 et
1751 5414 1801 5466 in
1833 5408 2046 5466 schedis
2073 5413 2275 5483 Regiis.

636 5511 638 5514 ν
707 5477 900 5555 Scribe
932 5482 1112 5555 itaque
1133 5480 1428 5550 ἀναϐλέψαι
1451 5483 1498 5534 τ’
1522 5483 1614 5534 ἐπὶ
1646 5483 1713 5535 τὰ
1745 5484 2012 5555 μετάρσια
2038 5477 2277 5551 διδάξας,

629 5550 636 5556 ⁷
705 5563 826 5601 cum
864 5551 1085 5604 Savilio.

777 5619 891 5690 (45)
913 5620 1076 5692 Vulg.
1088 5621 1378 5691 μεγίστου
1394 5620 1442 5673 τ’
1455 5620 1706 5675 ἐπαίνου
1717 5622 1896 5686 ἀξίαν
1917 5619 2126 5692 φύσιν.
2150 5623 2275 5678 Pla-

707 5696 886 5741 tonem
933 5691 1104 5757 ipsum
1152 5692 1625 5764 intelligit,_cujus
1667 5691 2273 5764 niaxirnuiniugenium

705 5769 918 5812 veteres
966 5776 1176 5826 munies,
1223 5763 1384 5814 etiam
1417 5761 1708 5816 Christiani
1741 5763 1990 5815 admirati
2020 5761 2166 5818 sunt.

775 5827 888 5895 (44)
921 5830 1170 5887 Διιστῶν
1217 5831 1288 5885 δὲ
1336 5831 1552 5888 πάντα.
1613 5831 2134 5902 Christophorsonus
2198 5833 2277 5890 lc-

2381 4667 2796 4740 κ⁸²¹’θιεί²οῧσθιῑι·
2851 4671 3008 4726 τοῦτο
3049 4671 3106 4725 δὲ
3143 4672 3202 4725 οὺ
3247 4671 3405 4744 μόνον
3457 4668 3780 4743 θαυμαστὸν.
3810 4657 3918 4716 ἀλλὰ

2382 4757 2478 4810 καὶ
2515 4757 2779 4828 βιωφελές
2814 4761 2924 4834 (45)
2948 4780 2960 4792 ·
2997 4762 3080 4826 τίς
3108 4763 3218 4834 γὰρ
3252 4764 3350 4815 οὐκ
3379 4762 3443 4815 ἂν
3492 4761 3731 4821 πεισθεὶς
3775 4747 3913 4815 αὑτῷ,

2383 4851 2476 4904 καί
2502 4852 2600 4923 τὴν
2646 4853 2900 4924 εὐτυχίαν
2943 4856 3145 4927 ταύτην
3191 4856 3585 4928 προσδοκήσας,
3620 4853 3706 4906 τὸν
3733 4849 3914 4918 ἄριστον

2385 4941 2518 5010 βίον,
2553 4945 2900 5019 δικαιοσύνην
2932 4949 3027 5002 καὶ
3070 4947 3424 5019 σωφροσύνην
3473 4948 3719 5018 ἀσκήσει,
3751 4938 3836 5008 τὴν
3870 4930 3913 4982 δὲ

2385 5136 2528 5206 pisse
2557 5141 2765 5195 videtur
2791 5141 3008 5196 διιστῶν
3036 5159 3117 5194 τε.
3151 5140 3317 5196 Porro
3345 5139 3494 5192 locus
3523 5132 3751 5189 Platonis
3782 5130 3908 5206 quem

2383 5190 2774 5264 cantarunt};
2795 5190 3091 5275 natura;
3104 5190 3316 5279 163}qu
3348 5190 3423 5261 in
3442 5211 3661 5279 Tima’o,
3703 5190 3808 5268 pals?
3835 5190 3905 5279 3,3;

3121 5261 3452 5349 ﬁfmyelcbq.
3483 5281 3620 5352 Aine
3641 5261 3905 5352 lucc

2383 5337 2497 5416 post
2528 5337 3150 5422 νορειιινκαθιεροῦσθαῖ,
3181 5337 3488 5422 in'editiiine
3509 5337 3906 5422 Gt-IteVensiuli-"l‘f

2384 5413 2633 5486 leguntur
2680 5439 2693 5475 :
2750 5413 2916 5474 Τοῦτό
2965 5423 3019 5475 δὲ
3053 5413 3324 5491 οὑθμόνον
3370 5413 3903 5492 θαυμαστόν

2382 5478 2907 5559 Cltristopltorsonn,
2972 5478 3287 5562 Scaligero,
3344 5478 3670 5562 Βυιιέῖιΐξῇυν

2381 5548 2620 5630 Suppleta
2655 5573 2800 5624 sunt,
2840 5548 2906 5614 ιιι⁷
2930 5566 2994 5615 ad
3026 5548 3178 5616 0min
3226 5548 3484 5614 editioni;
3537 5548 3685 5632 illius
3719 5548 3903 5632 ξιιίιιίᾖίξξ

2383 5612 2507 5685 tur.r
2524 5612 3023 5700 Eamdenfquoque
3059 5633 3491 5686 emendationem
3523 5624 3687 5700 reperi
3719 5620 3762 5700 in

2381 5701 2582 5768 Mortei,
2605 5685 2608 5686 ν
2632 5685 2868 5755 Turnebi
2893 5685 2975 5756 iet
3005 5685 3212 5756 Savilii
3256 5712 3311 5758 et
3341 5704 3391 5755 in
3437 5685 3618 5756 codice
3649 5687 3752 5746 Fuk
3778 5723 3791 5747 ο
3828 5685 3899 5745 Ψ¹¹

2379 5773 2540 5827 etiam
2584 5772 2844 5842 βιωφελές
2885 5774 3103 5829 habent.
