4126 6438
225 433 364 488 £253

1002 415 1465 477 CONSTANTINI
1503 411 1769 468 ORATLO
1813 413 1901 466 AD
1938 406 2360 467 SANCTORUM
2396 407 2692 464 C(ETUM.

3336 403 3476 460 ιεεε

221 541 425 598 κακίαν
445 537 961 608 ἁποστραφὴσεταις
1001 527 1332 590 Ἀκολούθως
1355 525 1411 579 δὲ
1437 525 1645 587 τούτοις
1675 525 1806 593 ἐπή-

1912 520 2094 592 digna,
2134 535 2255 590 qua:
2276 519 2418 575 idem
2448 530 2632 590 postea
2655 502 2847 575 docet':
2891 535 2984 576 eos
3017 520 3110 592 qui
3139 527 3288 575 recte
3322 522 3480 575 vixe—

221 649 407 701 νεγκε,
434 629 531 692 τὰς
560 627 668 683 τῶν
703 621 954 694 πονηρῶν
985 618 1183 690 ψυχὰς,
1230 613 1546 686 ’Λχέροντός
1593 627 1655 665 τε
1703 611 1798 664 καὶ

223 719 716 797 Πυριφλεγέθοντος
754 714 1008 787 ῥεύματι,
1047 709 1320 778 ναυαγίων
1341 707 1540 778 τρόπον
1566 704 1678 778 (46)
1706 722 1800 775 φε-

226 814 459 888 ρομένας
487 807 807 863 πλανᾶσθαι.

1906 613 2039 678 rint,
2072 612 2126 666 id
2155 621 2238 668 est
2264 613 2472 668 animos
2495 613 2761 668 bonorum
2791 628 2853 668 ac
2878 623 3190 668 sanctorum
3215 610 3477 676 virorum,

1909 703 2069 759 simul
2094 714 2260 773 atque
2291 719 2356 759 ex
2390 719 2616 774 corpore
2662 705 3050 771 discesserint,
3084 705 3136 760 in
3179 705 3476 773 pulcherri-

1911 797 2013 851 mis
2043 797 2169 852 (εωῑί
2199 798 2513 864 regionibus
2546 797 2877 851 consecrari.
2933 795 3062 862 Quae
3110 798 3326 866 quidem
3375 813 3479 851 non

224 909 402 966 solum
457 902 816 959 admiratione
871 899 1055 969 digna,
1111 895 1206 950 sed
1261 894 1427 948 etiam
1482 892 1636 947 utilia
1682 901 1808 946 sunt
1871 893 2141 961 inprimis.
2211 892 2343 958 Quis
2379 893 2522 946 enim
2557 892 2672 960 ejus
2728 893 3070 946 sermonibus
3109 893 3268 946 (idem
3323 892 3482 946 adhi-

227 1003 363 1058 bens
403 1008 457 1054 et
507 995 810 1066 huiusmodi
852 992 1168 1050 felicitatem
1221 999 1570 1059 exspectans,
1625 989 1792 1042 vitam
1849 1003 1952 1041 non
2007 988 2216 1056 Optime
2283 989 2561 1056 instituat,
2602 998 2655 1042 et
2699 986 2964 1056 justitiam
3008 988 3227 1056 quidem
3255 1004 3318 1042 ac
3346 998 3484 1041 tent-

226 1093 530 1168 perantiam
590 1104 696 1143 non
757 1094 1146 1149 consectetur,
1209 1083 1617 1151 improbitatem
1660 1094 1789 1136 vero
1834 1081 2159 1150 aversetur?
2211 1080 2615 1148 Consequenter
2665 1079 2828 1132 etiam
2881 1079 2967 1132 his
3025 1079 3326 1148 subjunxit.
3377 1080 3483 1134 im-

231 1190 526 1262 proborutn
580 1183 860 1241 hominum
930 1183 1140 1236 animos
1213 1178 1545 1234 Acherontis
1593 1191 1657 1231 ac
1706 1175 2199 1246 Pyripltlegetontis
2255 1173 2505 1229 ﬂuctibus
2572 1175 2843 1242 iactatos,
2903 1174 3049 1228 velut
3095 1174 3278 1230 fracta:
3329 1179 3481 1233 ttavis

231 1281 491 1351 reliquias
513 1279 613 1333 hac
637 1287 689 1332 et
725 1278 850 1330 illac
891 1274 1043 1330 ferri.

770 1386 1163 1444 ΚΕΦΔΛΑΙΟΝ
1203 1387 1258 1440 ι’.

230 1485 370 1553 Περὶ
400 1483 518 1536 τῶν
557 1481 671 1553 μὴΔ
692 1481 886 1553 μόνον
931 1479 1004 1531 τὰ
1020 1473 1447 1553 ι’ραφικὰίω)
1509 1474 1796 1553 δόγματα,

299 1544 461 1610 ima
488 1544 589 1604 καί
617 1544 1024 1618 τὰ⁷φιλόσοεοιι
1065 1544 1496 1618 διαπτυόιζτωιο,
1533 1544 1627 1597 καί
1649 1545 1796 1618 ἰτερρ

300 1623 408 1678 τοῦ
451 1622 579 1676 δεῖν
611 1621 648 1688 ἢ
691 1613 886 1672 πάντα
925 1613 1231 1672 πιστεύειν
1261 1615 1385 1682 τοῖς
1432 1613 1722 1682 ποιηταῖς,
1760 1613 1794 1681 ἢ

301 1695 496 1748 πάντα
519 1690 812 1746 ἀπιστεῖν.

302 1785 425 1838 Είσὶ
464 1782 648 1853 μέντοι
695 1779 759 1848 γέ
804 1795 946 1842 τινες
995 1777 1088 1831 ἐπὶ
1127 1775 1377 1830 τοσοῦτον
1422 1775 1520 1845 τὴν
1562 1774 1799 1826 διάνοιαν

2523 1373 2750 1430 CAPUT
2793 1372 2858 1427 Χ.

1908 1471 1987 1526 De
2043 1473 2108 1524 iis
2146 1471 2234 1539 qui
2279 1484 2378 1520 non
2426 1469 2592 1521 solum
2625 1484 2791 1522 sacra:
2839 1466 3150 1536 Scriptum,
3189 1469 3281 1521 sed
3325 1470 3482 1522 etiam

1979 1541 2410 1610 philosophorum
2451 1540 2702 1610 dogmata,
2740 1548 3022 1604 respuunt,
3061 1549 3108 1591 et
3145 1543 3282 1608 quod
3324 1541 3400 1592 vel
3428 1543 3483 1592 ir.

1982 1609 2218 1664 Omnibus
2242 1609 2372 1676 ﬁdes
2409 1610 2571 1677 poetis
2613 1609 2914 1662 adhibenda
2960 1623 3061 1672 est,
3096 1611 3172 1661 vel
3217 1610 3271 1662 in
3312 1611 3478 1665 nullo.

1981 1770 2118 1822 Sunt
2178 1778 2353 1822 tamen
2414 1767 2655 1821 nonnulli
2698 1767 2831 1822 adeo
2884 1777 3065 1823 mente
3121 1769 3266 1840 capti
3321 1780 3484 1841 atque

235 1874 619 1949 βεϐλαμμένοι,
652 1871 780 1926 ὥσθ’
806 1873 932 1924 ὅταν
962 1869 1170 1932 τούτοις
1192 1869 1373 1929 αὐτοῖς
1407 1869 1798 1937 ἐντυγχάνωσι,

1912 1861 2172 1928 corrupti,
2224 1869 2282 1912 ιιι
2319 1873 2445 1912 cum
2501 1860 2616 1914 haec
2665 1858 2916 1930 legerint,
2964 1875 3064 1915 nec
3114 1870 3326 1924 curent,
3387 1878 3485 1916 nec

237 1971 363 2041 μήτ’
421 1963 844 2037 ἐπιστρέφεσθαι
900 1965 1034 2034 μήτε
1081 1961 1398 2025 δεδοικέναι,
1442 1961 1803 2031 καταφρονεῖν

232 2064 291 2117 δὲ
349 2063 441 2116 καὶ
500 2059 750 2130 ἐγγελᾷν,
813 2057 890 2120 ὼς
950 2055 1344 2125 πεπλασμένων
1402 2053 1564 2106 τινῶν
1622 2052 1806 2123 μύθων

235 2155 540 2217 ἀκούοντες·
569 2152 740 2206 καὶτὸ
763 2151 862 2221 μὲν
893 2148 1134 2202 ποικίλον
1157 2148 1255 2219 τῆς
1278 2145 1605 2215 εὐγλωττίας
1634 2148 1807 2214 ἐγκω-

240 2248 512 2318 μιάζουσι,
545 2245 606 2298 τὸ
645 2243 702 2296 δὲ
752 2241 976 2314 στερρὸν
1010 2239 1103 2292 τοῦ
1133 2240 1400 2310 δόγματος
1433 2237 1805 2308 ἀποστρέφον-

237 2357 359 2394 ται’
408 2338 595 2411 μύθοις
623 2336 679 2390 δὲ
721 2331 1030 2387 πιστεύουσι
1058 2332 1169 2403 (48)
1210 2334 1526 2402 ποιητικοῖς,
1570 2332 1662 2384 καὶ
1704 2331 1808 2382 πᾶ-

240 2449 337 2486 σαν
369 2431 468 2501 μὲν
513 2427 756 2490 Ἐλλάδα,
783 2429 962 2480 πᾶσαν
990 2426 1045 2478 δὲ
1081 2424 1382 2496 Βάρϐαρον,
1409 2422 1595 2486 ἑώλοις
1623 2440 1680 2475 τε
1712 2422 1806 2475 καὶ

235 2527 454 2597 ψευδέσι
485 2525 693 2596 φήμαις
723 2523 832 2594 (49)
873 2519 1179 2574 διαϐοῶσιν.
1211 2521 1273 2572 Oi
1323 2517 1432 2590 γάρ
1467 2534 1548 2569 τοι
1588 2515 1806 2586 ποιηταὶ

238 2618 436 2681 παῖδας
483 2616 618 2669 θεῶν
670 2613 987 2685 ἀνθρώπους
1037 2609 1176 2682 μετὰ
1214 2607 1312 2679 τὴν
1361 2605 1616 2676 τελευτὴν
1674 2609 1807 2674 φασὶ

239 2711 446 2783 κρίνειν
461 2707 557 2770 τὰς
577 2705 774 2776 ψυχὰς,
795 2703 1003 2777 κρίσεις
1018 2719 1077 2755 τε
1097 2700 1191 2754 καὶ
1209 2699 1562 2769 δικαιωτήρια
1583 2694 1810 2766 ὑμνοῦν-

237 2818 351 2865 τες,
385 2800 479 2852 καὶ
510 2797 616 2850 τῶν
656 2792 1054 2865 κατοιχομένων
1091 2790 1330 2852 ἐπόπτας
1371 2785 1719 2856 ἐφιστάντεςο
1757 2783 1807 2836 oi

238 2892 284 2946 δ’
323 2891 475 2946 αὐτοὶ
518 2889 736 2960 ποιηταὶ
784 2887 962 2957 μάχας
1005 2881 1292 2954 δαιμόνων,
1340 2879 1434 2933 καὶ
1483 2875 1807 2948 πολεμικούς

239 3001 392 3046 τινας
411 2981 791 3051 ἐξαγγέλλωσι
807 2980 1021 3050 νόμους,
1050 2977 1214 3047 εἰμαρ
1223 2973 1388 3045 μένας
1415 2989 1475 3026 τε
1500 2970 1678 3024 αὐτῶν
1703 2969 1809 3023 δια-

243 3074 572 3146 φημίζουσιο
608 3073 702 3125 καὶ
739 3072 866 3134 τοὺς
893 3070 990 3140 μέν
1028 3083 1181 3128 τινας
1213 3064 1370 3135 φύσει
1405 3061 1655 3133 πικροὺς,
1682 3059 1809 3122 τοὺς

241 3167 298 3222 δέ
329 3167 429 3237 τῆς
471 3166 578 3220 τῶν
610 3163 910 3236 ἀνθρώπων
948 3157 1264 3230 ἐπιμελείας
1308 3154 1638 3225 ἀλλοτρίους,
1683 3151 1809 3214 τοὺς

241 3260 299 3315 δέ
329 3277 478 3323 τινας
521 3259 801 3329 δυσχερεῖς
843 3254 1250 3323 ἀποφαίνονται.
1288 3249 1576 3316 Είσάγουσι
1623 3244 1679 3297 δὲ
1712 3244 1808 3297 καὶ

243 3353 596 3425 ὀδυρομένους
623 3351 720 3414 τὰς
745 3348 852 3401 τῶν
882 3347 1097 3400 οἰκείων
1129 3344 1332 3396 παίδων
1363 3339 1597 3410 σφαγὰς,
1631 3337 1703 3400 ὡς
1734 3335 1808 3407 μὴ

241 3444 465 3498 δυνατὸν
497 3443 678 3505 αὐτοῖς
718 3440 791 3512 μὴ
823 3441 910 3493 ὅτι
938 3440 988 3506 γ’
1021 3435 1336 3506 ἀλλοτρίοις,
1372 3432 1505 3486 ἀλλὰ
1535 3431 1668 3502 μηδὲ
1697 3432 1809 3491 τοῖς

249 3536 518 3605 φιλτάτοις
559 3535 816 3605 ἐπαρκεῖν
837 3548 849 3562 ·
882 3525 1331 3600 ἀνθρωποπαθεῖς
1362 3525 1410 3576 τ’
1441 3523 1637 3584 αὐτοὺς
1662 3521 1810 3574 εἰσά-

239 3645 418 3703 γουσι,
450 3626 716 3698 πολέμους
740 3624 833 3677 καὶ
859 3620 1106 3693 τρώσεις,
1135 3618 1309 3689 χαράς
1339 3632 1398 3668 τε
1427 3615 1520 3668 καὶ
1541 3612 1810 3684 ὀδυρμοὺς

240 3715 478 3786 ᾄδοντεςο
516 3721 610 3773 xui.
637 3715 780 3769 εἰσὶν
804 3713 1127 3781 ἀξιόπιστοι,
1155 3708 1423 3776 λέγοντες.
1458 3705 1522 3757 Εἰ
1554 3703 1663 3773 γὰρ
1688 3704 1809 3754 ἐπι-

245 3812 403 3880 πνοίᾳ
448 3809 567 3874 θείᾳ
626 3805 983 3878 μετέρχονται
1020 3803 1118 3874 τὴν
1175 3797 1480 3872 ποιητικὴν,
1536 3794 1810 3849 πιστεύειν

243 3904 425 3965 αὐτοῖς
459 3900 551 3954 καὶ
595 3897 876 3952 πείθεσθαι
928 3897 1217 3967 προσήκει,
1271 3891 1399 3962 περὶ
1445 3883 1518 3942 ὧν
1561 3889 1811 3956 λέγουσιν

244 3989 678 4056 ἐνθουσιάζοντες
701 4006 716 4020 ·
749 3988 967 4057 λέγουσι
1014 3985 1070 4038 δέ
1110 3983 1408 4053 παθήματα
1454 3979 1592 4031 θεῶν
1631 3995 1690 4030 τε
1719 3978 1811 4029 καὶ

241 4083 537 4156 δαιμόνωνο
566 4080 633 4132 τὰ
667 4079 774 4150 ἄρα
815 4076 1109 4146 παθήματα
1139 4071 1363 4133 τούτων,
1401 4067 1656 4129 παντοίας
1681 4065 1812 4137 ἁλη-

244 4173 394 4235 θείας
436 4172 676 4240 ἐφῆπται
702 4167 834 4238 (50).
883 4165 1020 4217 Ἀλλ’
1053 4165 1168 4234 ἐρεῖ
1194 4178 1299 4224 τις,
1335 4155 1534 4223 ἐξεῖναι
1563 4159 1811 4227 ποιηταῖς

243 4264 566 4334 ψεύδεσθαι’
606 4261 815 4329 θέλγειν
847 4257 956 4329 γὰρ
983 4255 1082 4318 τὰς
1126 4253 1234 4307 τῶν
1273 4251 1576 4305 ἀκουόντων
1611 4247 1808 4319 ψυχὰς,

245 4357 374 4412 τόιον
401 4353 539 4408 εἶναι
561 4351 867 4423 ποιητικῆς,
893 4349 952 4402 τὸ
973 4348 1017 4400 δ’
1041 4345 1237 4415 ἀληθὲς
1268 4339 1426 4405 εἶναι,
1455 4341 1616 4412 ἡνίκα
1649 4340 1714 4393 ἂν
1746 4338 1813 4390 τὰ

242 4449 511 4520 λεγόμενα
561 4446 634 4517 μὴ
676 4443 848 4506 ἄλλως
895 4441 1013 4513 ἔχῃ,
1056 4437 1168 4492 ἁλλ’
1219 4436 1295 4499 ὡς
1339 4435 1575 4503 λέγεται.
1633 4433 1814 4486 Ἔστω

243 4540 401 4594 τοῦτο
426 4539 555 4591 ἴδιον
578 4537 865 4606 ποιήσεως,
895 4532 956 4584 τὸ
975 4530 1072 4602 τὴν
1102 4528 1356 4601 ἀλήθειαν
1383 4526 1493 4579 ἔσθ’
1516 4527 1603 4578 ὅτε
1633 4525 1814 4594 ἀφαρ-

247 4633 440 4698 πάζειν
464 4648 477 4662 ⁶
522 4630 636 4684 ἀλλ’
669 4630 716 4681 οἱ
750 4627 818 4680 τὰ
860 4624 1030 4695 ψευδῆ
1082 4622 1345 4690 λέγοντες,
1384 4620 1446 4673 οὐ
1483 4619 1658 4690 μάτην
1685 4617 1815 4686 ψεύ-

243 4721 463 4776 δονται·
501 4721 534 4790 ἢ
584 4718 692 4789 γὰρ
731 4715 954 4787 κέρδους
999 4712 1092 4766 καὶ
1139 4710 1403 4779 ὠφελείας
1453 4709 1610 4780 χάριν
1655 4706 1815 4760 τοῦτο

247 4810 510 4871 ποιοῦσιν,
538 4809 571 4879 ἢ
606 4807 782 4876 κακήν
815 4798 933 4858 τινα
962 4802 1178 4874 πρᾶξιν,
1219 4801 1293 4863 ὼς
1319 4800 1484 4863 ἔοικε,
1518 4796 1814 4857 συνειδότες

247 4903 478 4966 ἑαυτοῖς,
507 4899 594 4952 διὰ
624 4898 714 4952 τὸν
753 4895 1089 4965 ἐφεστηκότα
1123 4896 1186 4946 ἐκ
1217 4892 1324 4945 τῶν
1366 4892 1544 4962 νόμων
1572 4888 1813 4943 κίνδυνον

318 5153 430 5226 (ιθ)
483 5149 792 5219 [ναυαγίων
825 5147 1074 5226 ,τρόπονι
1151 5139 1318 5226 Navis
1345 5136 1807 5226 ff??‘¢.f€’,‘q.“3°€!t

247 5214 635 5293 interpretatus
658 5214 798 5293 sum,
825 5214 873 5270 id
894 5225 978 5270 est
999 5214 1494 5293 arntantentaitlzec
1520 5223 1660 5293 enim
1681 5223 1816 5293 nave

457 5277 555 5347 hac
582 5292 701 5344 illac
729 5277 1001 5356 iactantur
1041 5286 1105 5356 in
1127 5280 1284 5356 mari.
1336 5281 1405 5331 At
1437 5277 1815 5356 Christnpltor-

247 5347 411 5419 sonus
445 5379 637 5417 merces
687 5347 864 5419 vet-tit,
895 5358 1036 5426 quod
1096 5351 1244 5426 Ιιιιὶιι⁸
1272 5349 1392 5402 luco
1446 5363 1570 5426 nun_
1604 5347 1816 5426 videtur

247 5418 554 5488 convenire.
593 5432 798 5485 Merces
840 5418 983 5481 enim
1029 5437 1164 5478 nave
1221 5421 1389 5474 fracta
1421 5427 1480 5472 ut
1523 5418 1813 5484 plurimum

248 5509 681 5566 submerguntur.
1047 5564 1054 5566 ᾇ
1175 5563 1184 5566 _
1261 5521 1270 5531 .

321 5556 434 5645 (47)
461 5556 612 5640 Vulg.
647 5571 791 5645 Περι
832 5566 950 5620 τῶν
987 5564 1073 5635 μὴ
1117 5563 1233 5645 ut?»
1262 5560 1335 5616 τὰ
1365 5557 1640 5645 ψαφικὰ.
1669 5556 1816 5645 ξς.ιῇ

249 5627 589 5700 ἓιοῖιιιιιίιιιιεῖ
622 5645 696 5714 μὴ
727 5627 902 5712 μόνον,
959 5627 1014 5688 ιιί
1061 5627 1150 5714 ’ξὴ-
1179 5627 1650 5714 doctus'adora‘tn
1691 5627 1814 5714 libri

251 5697 429 5771 ill-orici
482 5697 762 5782 legetidinit
812 5697 934 5782 esse
972 5702 1635 5782 cottjecerat.”A.tque.ita
1691 5697 1817 5782 legit

246 5770 790 5857 Qlit‘istoph'orsunus.
845 5777 954 5833 Nec
1002 5770 1160 5830 aliter
1227 5771 1484 5828 scribitur
1531 5770 1586 5825 in
1631 5770 1818 5825 codice

249 5853 381 5911 Fuit.

537 5957 800 6012 Ροιτιιυι..
835 5947 950 6009 Gtt.
986 5943 1124 6006 XX.

1912 1953 2104 2006 timore
2138 1951 2248 2004 ullo
2277 1951 2647 2018 percellantur
2678 1951 2810 2006 :sed
2846 1953 3070 2021 perinde
3114 1968 3178 2008 ac
3206 1953 3253 2008 si
3280 1953 3486 2009 l‘abnlas

1909 2045 2165 2113 quasdam
2200 2045 2480 2107 audirent,
2516 2053 2776 2112 spernant
2798 2060 2860 2099 ac
2883 2044 3186 2101 derideant.
3239 2047 3319 2102 Ac
3371 2062 3487 2103 ser-

1911 2135 2089 2191 monis
2124 2137 2342 2206 quidem
2378 2145 2629 2190 ornatum
2663 2148 2717 2190 et
2753 2138 3056 2192 ubertatem
3085 2138 3337 2194 laudibus
3362 2155 3486 2208 pro-

1908 2238 2205 2300 se'qunntur
2229 2246 2243 2282 :
2267 2229 2574 2298 dogtnatttm
2607 2245 2734 2284 vero
2758 2242 3081 2286 aversantur
3110 2233 3481 2287 severitatem.

1910 2321 2075 2376 Iidem
2116 2331 2294 2375 tamen
2359 2332 2639 2392 poetarum
2694 2321 2895 2378 fabulis
2941 2323 3101 2378 ﬁdem
3151 2324 3374 2389 habent,
3431 2337 3487 2381 ct

1909 2427 2124 2468 omnem
2164 2411 2434 2467 Graeciam
2485 2422 2653 2481 atque
2705 2413 3010 2467 barbariam
3049 2415 3205 2468 vanis
3239 2414 3487 2485 ﬁctisque

1910 2505 2258 2560 sermonibus
2286 2503 2515 2570 replent.
2547 2503 2680 2558 Nam
2717 2515 2888 2574 poetae
2921 2505 3136 2574 quidem
3173 2504 3344 2573 aiunt,
3384 2509 3485 2563 hu-

1911 2594 2085 2650 mines
2108 2595 2372 2665 quosdam
2419 2598 2646 2652 deorum
2674 2595 2836 2662 ﬁlios,
2867 2605 2989 2666 post
3010 2606 3241 2654 mortem
3277 2601 3486 2653 animas

1905 2684 2183 2754 judicare,
2247 2702 2452 2757 eosque
2516 2689 2674 2758 quasi
2735 2690 3071 2760 inspectores
3111 2707 3174 2747 ac
3231 2708 3488 2749 censores

1911 2779 2050 2850 apud
2070 2779 2276 2834 inferos
2305 2782 2666 2846 constituunt,
2685 2780 2886 2850 judicia
2918 2797 3105 2837 eorum
3131 2799 3195 2837 ac
3223 2786 3488 2840 severita-

1915 2882 2018 2927 tcm
2038 2872 2401 2928 celebrantes.
2430 2873 2596 2927 Iidem
2626 2889 2754 2927 vero
2781 2884 2976 2944 poetae,
3008 2876 3235 2930 deorutu
3257 2893 3486 2948 pugnas,

1911 2978 1966 3020 et
2025 2967 2274 3036 quaedam
2335 2966 2480 3021 inter
2537 2981 2633 3019 eos
2677 2967 2802 3020 belli
2851 2967 2978 3035 jura
3031 2983 3485 3028 commemorant.

1911 3055 2044 3110 Fata
2085 3070 2304 3126 quoque
2349 3057 2664 3111 eorunnletn
2698 3068 2923 3110 canunt.
2959 3057 3026 3111 Et
3077 3059 3213 3114 alios
3270 3063 3486 3131 quidem

1916 3155 2108 3198 natura
2133 3145 2385 3210 acerbos,
2421 3141 2712 3200 alios'vero
2737 3145 2805 3198 ab
2837 3147 2983 3200 onmi
3009 3163 3190 3203 rerum
3224 3152 3489 3206 humana-

1835 3211 1878 3268 θ
1916 3254 2033 3291 rum
2062 3253 2190 3292 cura
2223 3237 2428 3292 alienos
2461 3251 2580 3292 esse
2617 3254 2630 3289 :
2665 3237 2929 3306 quosdam
2952 3239 3117 3295 etiam
3148 3255 3212 3296 ex
3242 3243 3349 3298 illis
3372 3259 3493 3300 mou

1919 3345 2070 3385 rosos
2107 3330 2396 3384 alIirntant.
2428 3330 2570 3396 Quin
2597 3331 2763 3383 etiam
2789 3330 2919 3386 deos
2954 3332 3217 3388 inducunt
3258 3336 3489 3390 ﬁliorum

1917 3436 2138 3476 suorum
2177 3421 2378 3476 czedent
2412 3420 2808 3482 lamentantes.
2839 3423 3034 3491 quippe
3060 3423 3152 3493 qui
3179 3439 3282 3477 non
3314 3426 3487 3481 solum

1922 3511 2224 3574 extraneis,
2265 3513 2359 3564 sed
2387 3523 2454 3562 ne
2487 3509 2604 3563 suis
2633 3509 2851 3578 quidem
2879 3519 3154 3579 suppetias
3195 3509 3338 3566 ferre
3362 3528 3490 3582 pos-

1917 3606 2048 3659 sint.
2113 3602 2216 3658 Sed
2275 3615 2330 3658 et
2374 3601 2624 3655 humanis
2671 3602 3178 3670 perturbationibus
3227 3604 3490 3659 obnoxios

1917 3698 2136 3752 eosdem
2173 3697 2417 3764 tingunt,
2460 3694 2585 3747 dum
2637 3692 2832 3762 praelia
2887 3707 3073 3746 eurum
3122 3703 3177 3747 et
3227 3695 3486 3763 vulnera,

1918 3789 2110 3856 gaudia
2144 3787 2269 3840 item
2295 3802 2359 3840 ac
2389 3785 2624 3856 gemitus
2651 3793 2893 3838 narrant.
2923 3783 3088 3855 5'79
3115 3784 3238 3840 llaec
3269 3786 3342 3841 illi
3366 3803 3489 3842 cum

1919 3882 2126 3944 dicunt,
2161 3881 2413 3933 videntur
2443 3880 2544 3932 [ide
2575 3873 2742 3947 digni.
2777 3875 2921 3931 ~Cum
2957 3879 3103 3931 enitn
3141 3879 3324 3934 divino
3353 3896 3486 3950 quo-

1919 3975 2042 4027 dam
2072 3981 2219 4027 motu
2243 3971 2484 4040 impulsi,
2513 3985 2704 4024 versus
2737 3969 2917 4024 facere
2945 3971 3351 4040 aggrediantur,
3397 3988 3494 4042 par

1919 4077 2002 4121 est
2029 4075 2087 4118 ut
2113 4065 2218 4119 illis
2244 4064 2402 4117 [idem
2429 4062 2790 4116 adhibeamus
2838 4061 2890 4116 in
2926 4062 2994 4116 iis
3014 4077 3136 4132 qua:
3162 4063 3354 4132 .divino
3384 4066 3496 4134 Spi-

1877 4201 1884 4206 .
1920 4162 2026 4228 ritu
2059 4157 2269 4211 incitati
2299 4155 2675 4226 pronuntiant.
2721 4153 2824 4209 Sed
2868 4163 2922 4208 et
2948 4155 3170 4208 deorum
3196 4169 3261 4209 ac
3293 4155 3496 4210 dazmo-

1920 4269 2048 4308 num
2079 4251 2418 4306 calamitates
2439 4248 2706 4303 relerunt.
2741 4249 2900 4302 Certe
2921 4247 3135 4302 illorum
3157 4247 3497 4303 calamitates

1921 4345 2143 4399 omnino
2176 4358 2300 4397 ουιιι
2346 4341 2581 4397 veritate
2632 4341 3001 4396 consentiunt.
3053 4341 3123 4394 At
3159 4338 3303 4394 enim
3349 4338 3497 4393 dicet

1921 4435 2118 4504 aliquis
2161 4434 2336 4503 poetis
2364 4433 2582 4487 mentiri
2615 4432 2784 4486 licere
2810 4432 2888 4486 :id
2909 4431 3052 4485 enim
3077 4431 3352 4500 proprium
3377 4445 3497 4486 esse

1921 4527 2176 4595 poeticae,
2221 4537 2278 4578 ιιι
2311 4524 2644 4579 audientium
2680 4523 2890 4577 animos
2917 4522 3221 4577 demulccat
3250 4541 3262 4576 :
3298 4523 3496 4577 verita-

1923 4629 2026 4671 tem
2054 4633 2182 4672 vero
2220 4632 2364 4681 esse,
2392 4617 2607 4686 quoties
2634 4629 2697 4669 ea
2729 4630 2847 4683 qua:
2898 4614 3174 4677 dicuntur,
3233 4630 3337 4668 non
3391 4616 3498 4668 alin

1917 4723 1976 4763 se
2009 4709 2212 4762 habent
2238 4725 2401 4776 quant
2433 4723 2540 4776 quo
2580 4707 2838 4761 dicuntur
2880 4707 3059 4760 modo.
3097 4704 3178 4760 Sit
3215 4707 3318 4760 ltoc
3367 4723 3497 4777 pro-

1917 4801 2093 4870 prium
2128 4801 2350 4869 pocticze
2372 4840 2386 4864 ,
2420 4799 2693 4853 interdum
2731 4797 3016 4851 veritatem
3047 4799 3403 4853 abscondere.
3429 4799 3493 4852 lli

1917 4907 2047 4947 vero
2075 4893 2167 4961 qui
2203 4891 2562 4957 mentiuntur,
2599 4904 2875 4958 nunquam
2902 4888 3099 4943 frustra
3143 4899 3195 4945 et
3243 4891 3414 4962 gratis
3443 4893 3492 4946 id

2127 5135 2286 5220 δίτιιιΙίςιἰ
2299 5135 2511 5220 μύθοις
2533 5152 2596 5189 τε
2619 5137 2994 5220 «famicem.
3022 5134 3161 5220 Lego
3196 5136 3384 5208 μύθοις
3412 5137 3493 5194 δέ.

1987 5204 2098 5278 (49)
2127 5204 2383 5278 Ψευδέσι
2399 5204 2639 5275 φήμαις.
2667 5207 2800 5260 Male
2820 5204 3346 5278 Christoph'ors'onus
3365 5223 3495 5262 vcr-

1919 5278 1984 5333 tit
2029 5276 2300 5346 praconiis
2347 5278 2608 5348 ceiebrortt
2647 5293 2798 5331 :cum
2827 5276 3004 5348 φῆμαι
3047 5279 3151 5331 hoc
3204 5280 3321 5331 loco
3358 5279 3494 5332 nihil

1918 5350 2061 5402 aliud
2092 5350 2161 5401 sit
2193 5362 2352 5415 quam
2396 5346 2612 5410 fabulae,
2647 5349 2844 5415 quibus
2877 5346 3047 5416 pacta:
3093 5359 3262 5402 totum
3305 5350 3493 5403 orbem

1919 5419 2279 5487 repleverunt.
2323 5417 2414 5472 Sic
2447 5417 2606 5483 paulo
2638 5428 2761 5486 pust
2793 5420 2859 5470 de
2891 5419 3080 5471 iisdem
3110 5421 3284 5486 poetis
3314 5419 3450 5473 dicit
3477 5459 3492 5480 ,

1918 5487 2254 5558 εἱμαρμένας
2300 5504 2358 5540 τε
2399 5487 2577 5540 αὐτῶν
2609 5487 3088 5558 διαφημίζουσι,ει
3117 5489 3170 5542 in
3199 5490 3380 5557 capite
3407 5493 3492 5554 Η,

1919 5559 2097 5680 initip,
2133 5561 2218 5611 ubt
2271 5560 2530 5612 adversus
2581 5558 2969 5628 blasphemiam
3021 5575 3118 5611 seu
3162 5559 3497 5628 impietatem

1919 5638 2205 5680 tnventur.

1917 5638 2205 5682 tnvehtlur.

1989 5699 2100 5768 (50)
2141 5697 2434 5764 Παντοίας
2474 5699 2758 5768 ἀληθειας
2800 5697 3081 5768 ἐφῆπται.
3127 5697 3496 5756 Scribendutn

1919 5782 2048 5836 puto
2076 5770 2362 5834 παντοίως,
2395 5774 2536 5838 quod
2583 5787 2634 5824 ιιι
2670 5771 2916 5824 Versiune
2955 5789 3070 5823 mea
3103 5783 3320 5827 secutus
3353 5789 3496 5829 sunt.

3049 5937 3229 6030 ⁸1ιο
