4126 6438
725 401 866 460 99.83

1431 401 1700 458 EUSEBH
1739 401 2217 458 CA‘ISARIENSlS
2256 401 2405 458 OPP.
2447 402 2630 458 PARS
2669 404 2707 457 Ι.
2738 433 2804 442 —-
2843 401 3232 462 HISTORICA.

3779 415 3877 474 ιιει

740 521 1039 580 letestanda
1088 520 1449 592 blasphemia,
1494 536 1614 590 qua:
1677 521 1980 576 mendaciis
2047 529 2102 577 et
2152 521 2268 576 fam:

2285 541 2291 573 ι
2327 526 2368 582 Α
2398 521 2488 573 τὸν
2521 519 2627 572 τῶν
2678 519 2897 589 ἀγαθῶν
2944 521 3232 592 παραίτιον
3271 520 3502 587 πάντων,
3547 524 3880 594 Χριστὸν,Θεόν

732 612 1173 682 pervulgatisque
1201 610 1539 667 sermonibus
1580 610 1761 666 efferri
1791 622 1845 666 et
1876 611 2098 682 gloriari
2127 613 2295 678 soles,

721 715 798 768 tu,
827 705 1073 773 inquam,
1120 703 1350 773 juvenes
1380 704 1627 774 decipis;
1660 703 2032 760 adolescentes
2060 715 2115 761 et
2150 707 2298 762 viros

721 801 809 869 qui
860 800 1050 868 puerili
1100 801 1334 868 quodam
1372 800 1587 867 ingenio
1639 799 1846 868 praediti
1892 809 2039 865 sunt,
2094 801 2291 855 blanda

716 894 1071 962 persuasione
1125 893 1176 946 in
1221 891 1470 945 fraudem
1522 891 1773 959 inducis,
1810 907 1839 946 a
1874 894 1989 947 veri
2042 892 2292 948 Numinis

713 987 862 1042 cultu
895 1001 989 1041 eos
1013 986 1310 1049 abducens,
1345 994 1398 1040 et
1430 986 1723 1040 simulacra
1765 988 2139 1055 constituens,
2169 1003 2289 1058 quae

718 1078 969 1142 adorent,
990 1088 1046 1132 et
1071 1079 1263 1147 quibus
1288 1093 1477 1146 preces
1497 1078 1732 1150 allegent
1755 1081 1922 1135 :adeo
1955 1091 2009 1134 ut
2055 1082 2288 1151 decepti,

715 1171 1081 1241 sumipsorum
1105 1171 1366 1226 vecordia:
1383 1171 1684 1225 mercedem
1707 1171 1992 1241 recipiant.
2015 1171 2290 1227 Christum

713 1265 856 1316 enim
884 1261 1122 1316 omnium
1152 1262 1416 1316 bonorum
1461 1272 1773 1324 auctorem,
1823 1265 1914 1336 qui
1947 1273 2002 1318 et
2040 1265 2178 1319 Deus
2208 1273 2290 1318 est

711 1364 766 1409 et
822 1355 909 1408 Dei
965 1353 1153 1415 Filius,
1220 1354 1659 1408 calumniantur.
1708 1355 1925 1419 Annon,
1956 1371 2165 1424 quaeso,
2200 1356 2288 1411 hic

711 1444 871 1516 581
901 1447 1041 1499 Deus
1070 1460 1098 1496 a
1137 1445 1552 1499 modestissimis
1589 1461 1653 1500 ac
1708 1447 2122 1514 sapieniissimis
2151 1462 2286 1518 gen-

712 1538 855 1592 tibus
877 1552 938 1590 ac
959 1534 1166 1606 populis
1183 1533 1305 1604 jure
1329 1534 1522 1589 merito
1545 1536 1786 1590 colitur?
1809 1536 1899 1605 qui
1930 1553 2051 1592 cum
2069 1554 2284 1594 omnem

707 1629 1003 1700 potentiam
1059 1637 1246 1681 nactus
1276 1628 1366 1689 sit,
1405 1628 1664 1696 propositi
1703 1629 1786 1682 sui
1823 1645 2046 1700 semper
2097 1641 2280 1697 tenax,

709 1723 775 1778 de
803 1721 962 1775 insita
1000 1720 1100 1775 sibi
1135 1719 1425 1773 clementia
1464 1720 1596 1773 nihil
1637 1721 1930 1778 imminuit.
1971 1723 2134 1778 Abite
2187 1724 2285 1794 igi—

707 1809 973 1882 tur,impii
999 1811 1073 1881 (id
1099 1809 1242 1863 enim
1277 1807 1428 1862 vobis
1482 1809 1634 1874 licet,
1671 1814 2113 1882 quandoquidem
2162 1830 2279 1869 sce-

705 1904 804 1959 lcri
840 1916 1018 1958 vestro
1075 1903 1217 1957 nulla
1253 1919 1394 1958 nunc
1441 1920 1602 1974 pmna
1628 1907 1942 1976 irrogatur);
1988 1907 2156 1974 abite,
2199 1908 2282 1963 in-
2320 1890 2358 1943 Β

706 2012 890 2064 quam,
921 1998 990 2050 ad
1018 1998 1361 2056 victimarum
1392 2001 1564 2055 Caedes
1585 2009 1640 2056 et
1670 2000 1917 2055 convivia
1949 2042 1963 2066 ,
2002 2001 2281 2070 festosque

703 2085 818 2141 dies
849 2098 904 2142 et
933 2090 1362 2158 compotationes
1392 2093 1474 2146 :iu
1527 2091 1727 2160 quibus
1785 2092 2070 2162 religionis
2101 2094 2280 2163 specie

702 2178 1067 2248 voluptatibus
1098 2192 1150 2234 et
1183 2181 1624 2252 intemperantia:
1661 2184 1970 2253 indulgetis.
2005 2185 2073 2240 Et
2117 2203 2276 2242 sacra

701 2270 917 2338 quidem
950 2287 978 2324 a
1010 2273 1163 2326 vobis
1185 2273 1451 2328 celebrari
1481 2275 1753 2329 simulatis
1781 2296 1794 2331 :
1833 2293 1892 2332 re
1944 2287 2124 2332 autem
2151 2294 2276 2334 vera

702 2361 949 2417 libidines
968 2375 1176 2441 vestras
1194 2365 1441 2436 expletis.
1466 2365 1652 2436 Neque
1674 2368 1816 2422 enim
1837 2369 2131 2438 quidquam
2151 2370 2275 2424 boni

699 2456 905 2520 nostis,
937 2471 1001 2511 ac
1037 2472 1102 2512 ne
1143 2458 1372 2526 priumm
1430 2459 1645 2526 quidem
1693 2461 1890 2514 summi
1927 2461 2020 2516 Dei
2058 2464 2278 2516 manda-

699 2557 810 2599 tum
848 2565 861 2602 :
892 2548 981 2617 qui
1015 2559 1069 2603 et
1103 2550 1340 2605 lnunano
1371 2551 1554 2621 generi
1601 2551 1743 2622 leges
1771 2552 1990 2608 vivendi
2022 2555 2275 2621 prmscri-

696 2637 795 2701 bit,
827 2639 1070 2711 Pilioque
1097 2641 1148 2694 in
1185 2644 1454 2696 mandatis
1482 2642 1650 2710 dedit,
1684 2651 1742 2696 ut
1779 2643 1943 2697 vitam
1995 2644 2272 2699 hominum

699 2747 984 2803 moresque
1026 2734 1289 2788 formaret
1323 2753 1337 2788 :
1371 2748 1478 2802 quo
1521 2734 1774 2789 videlicet
1820 2734 1872 2788 hi
1904 2735 1996 2805 qui
2031 2747 2181 2791 recte
2210 2754 2274 2792 ac

699 2823 940 2878 modeste
967 2824 1226 2886 vixerint,
1253 2824 1481 2879 alteram
1523 2827 1686 2879 vitam
1722 2827 1935 2879 beatam
1967 2841 2029 2880 ac
2057 2825 2270 2882 felicem

698 2913 818 2969 Filii
875 2917 954 2968 sui
998 2916 1204 2985 judicio
1239 2927 1666 2986 consequantur.
1719 2916 1955 2986 Exposui
1994 2919 2271 2974 decretum

699 3005 788 3059 Dei
841 3006 905 3060 de
944 3006 1218 3060 hominum
1248 3008 1356 3060 vita
1378 3047 1393 3071 ,
1424 3007 1587 3076 idque
1619 3023 1722 3061 non
1749 3007 2090 3076 ignoratione
2117 3010 2270 3063 aber-

699 3112 822 3150 raus
851 3107 910 3150 ut
937 3098 1117 3162 multi,
1179 3112 1275 3152 nec
1309 3097 1560 3167 opinione
1590 3108 1683 3151 aut
1705 3097 2018 3166 coiijectura
2053 3099 2268 3152 ductus.

695 3189 800 3242 Sed
837 3188 1066 3244 fortasse
1095 3190 1295 3244 dixerit
1323 3189 1548 3259 aliquis:
1595 3189 1874 3244 Uudenam
1907 3191 2020 3245 hate
2050 3190 2139 3243 lilii
2172 3205 2270 3260 ap-

693 3281 930 3350 pellatio,
965 3293 1059 3336 aut
1082 3297 1202 3352 quae
1229 3283 1370 3338 ratio
1401 3283 1656 3355 gignendi
1689 3323 1700 3347 ,
1737 3281 2004 3351 siquidem
2036 3298 2176 3338 unus
2206 3299 2270 3337 ac

691 3377 838 3430 solus
865 3386 949 3431 est
981 3377 1140 3440 Deus,
1182 3376 1434 3446 idemque
1464 3377 1531 3430 ab
1555 3376 1700 3430 omni
1765 3375 2147 3431 commistione
2210 3388 2265 3431 et

691 3470 836 3524 coitu
873 3485 1094 3538 prorsus
1124 3469 1371 3524 alienus?
1402 3468 1692 3522 Sciendum
1729 3482 1860 3522 vero
1893 3482 1976 3522 εει
2000 3467 2267 3536 duplicem

690 3577 808 3616 esse
847 3562 1100 3630 gignendi
1156 3562 1475 3616 rationem:
1535 3561 1764 3616 alteram
1816 3574 1881 3613 ex
1937 3569 2092 3629 partu
2149 3576 2269 3630 quae

688 3653 942 3708 omnibus
976 3660 1104 3708 nota
1135 3661 1218 3706 est
1252 3669 1265 3704 :
1307 3652 1535 3706 alteram
1572 3665 1638 3704 ex
1693 3665 1858 3705 causa
1912 3650 2263 3720 sempiterna.

689 3830 744 3899 i_n
780 3828 1116 3899 Apologctico
1159 3829 1227 3881 ad
1274 3829 1643 3899 imperatorem
1672 3828 2040 3884 Constantium
2071 3844 2092 3883 :
2125 3831 2264 3884 Ἀλλ’

685 3896 1022 3971 ἦνᾉγενναῖος
1048 3900 1143 3953 καὶ
1174 3898 1448 3971 λαμπρὸς,
1468 3899 1587 3971 οὐδὲ
1616 3901 1796 3970 κρίσιν
1814 3901 1996 3971 ἔμεινε
2023 3903 2142 3953 κατ’
2170 3904 2265 3955 αὐ-

686 3969 801 4024 τοῦ.
836 3969 1038 4024 Tamen
1063 3972 1162 4024 viri
1193 3969 1346 4024 docti
1368 3986 1431 4022 ex
1473 3970 1585 4023 suis
1613 3969 1890 4026 cedicibus
1911 3969 2024 4037 jam
2056 3974 2260 4040 pridem

685 4041 1044 4095 emendarunt
1085 4040 1394 4111 ἀναμένειν,
1431 4055 1589 4106 quant
1637 4043 2070 4096 emendationem
2113 4043 2166 4095 in
2205 4044 2263 4097 li-

685 4111 800 4166 bris
824 4111 985 4164 etiam
1007 4111 1243 4164 'l‘uruebi
1271 4127 1333 4164 ac
1361 4111 1543 4163 Savilii
1578 4113 1772 4180 reperi.
1799 4112 1980 4166 Codex
2011 4111 2261 4168 Fuketia-

686 4197 787 4235 nus
820 4180 982 4234 habet
1006 4181 1336 4234 ἀναϐαίνειν.

757 4251 865 4323 (64)
911 4250 1051 4320 Ἐγὼ
1092 4252 1208 4321 μὲν
1253 4250 1365 4307 οὖν
1396 4255 1464 4308 τὸ
1501 4252 1608 4308 τοῦ
1655 4252 1803 4305 Θεοῦ
1839 4252 2048 4321 δόγμα.
2090 4251 2256 4308 Intel-

683 4323 799 4391 ligit
832 4323 1104 4376 dmi-etum
1138 4323 1233 4377 Dei
1262 4326 1326 4376 de
1363 4325 1596 4379 hominis
1641 4325 2029 4390 assumptione,
2061 4337 2157 4377 seu
2194 4327 2258 4377 de

681 4392 1074 4473 Iticaruatione,
1128 4407 1228 4473 per
1278 4408 1458 4473 quam_
1498 4393 1774 4450 hominum
1828 4394 1968 4473 vita_
2007 4407 2252 4473 reparata

680 4471 782 4516 est.
835 4463 1072 4534 Apparet
1127 4462 1292 4534 igitur
1341 4466 1513 4534 capita
1575 4472 1722 4518 recte
1768 4478 1795 4515 a
1842 4462 2003 4534 nobis
2048 4466 2252 4531 digesta

678 4545 820 4604 esse.
863 4531 977 4604 Nisi
1011 4535 1131 4602 quis
1163 4531 1492 4604 fortasse‘ad
1528 4537 1641 4589 haec
1683 4548 1853 4601 usque
1898 4533 2058 4604 verba
2093 4546 2250 4604 caput

681 4603 747 4657 19
771 4603 1060 4672 extendere
1091 4602 1340 4671 voluerit,
1370 4607 1510 4672 quod
1541 4605 1710 4658 libens
1740 4603 2124 4672 concesserim.

747 4671 1526 4744 (6ί5)νιιις.ὠςέκείνῳφ“ίλος
1559 4672 1824 4744 ὑπάρχει.
1856 4671 1992 4730 Rob.
2017 4673 2245 4742 Stepha-

677 4759 779 4797 ..ηε
801 4743 870 4815 ἰιι
894 4746 1058 4798 variis
1087 4746 1434 4809 lectionibus,
1469 4761 1608 4815 quas
1641 4747 1707 4798 ad
1749 4743 1952 4815 calcem
1985 4744 2242 4815 editionis

671 4829 788 4866 niue
811 4814 1110 4880 adnotavit,
1135 4825 1318 4868 mouet
1345 4814 1494 4869 hunc
1515 4816 1685 4869 locum
1722 4815 1774 4866 in
1809 4814 2128 4881 quibusdam
2154 4829 2248 4868 co-

677 4883 885 4956 dicibus
925 4886 998 4936 ita
1034 4884 1232 4954 legi,6;
1265 4886 1458 4955 ἐκείνῳ
1482 4886 1631 4956 φίλος
1662 4884 1917 4956 ὑπάρχει.
1970 4885 2110 4956 Quae
2131 4885 2246 4938 sine

675 4953 840 5006 dubio
872 4969 1013 5024 .vera
1051 4953 1317 5024 scriptura
1366 4953 1467 5011 est.
1495 4953 1598 5010 'Ait
1637 4958 1780 5008 enim
1831 4954 2244 5018 Constantinus,

675 5023 940 5078 naturalis
1002 5023 1213 5094 quidem
1273 5027 1642 5094 generationis
1710 5025 1927 5077 modum
1993 5026 2246 5078 omnibus

672 5104 859 5147 notum
911 5109 1070 5150 esse:
1104 5099 1469 5165 generationis
1508 5108 1688 5150 autem
1727 5095 1923 5165 divinae
1973 5095 2242 5165 rationem

672 5180 875 5234 paucos
905 5164 1194 5220 admoddm
1230 5182 1579 5235 cognoscere,
1627 5181 1765 5236 quos
1807 5164 1948 5236 Deus
1982 5164 2242 5234 peculiari

675 5237 1046 5288 benevolentia
1113 5234 1439 5302 prosecutus
1496 5234 1677 5291 fuerii.
1727 5234 1888 5290 Certe
1938 5235 1992 5287 in
2061 5237 2246 5288 codice

669 5304 842 5373 Regio
873 5305 1066 5374 legitur
1099 5305 1269 5375 φίλος.
1313 5306 1367 5359 In
1417 5309 1631 5361 schedis
1665 5315 1841 5375 autem
1890 5305 2146 5375 scribitur
2189 5305 2248 5366 ὃς

667 5376 890 5430 ἐκείνων
919 5375 1088 5445 φίλος.
1115 5374 1226 5431 Sed
1277 5377 1434 5430 codd.
1477 5376 1634 5438 Fuk.,
1677 5374 1913 5430 Turuebi
1945 5390 2008 5429 ac
2036 5374 2243 5438 Savilii,

671 5461 854 5499 veram
891 5446 1171 5501 lectionem
1201 5447 1476 5501 exhibent.

738 5517 850 5588 (66)
893 5516 1040 5586 Vulg.
1096 5516 1211 5588 τὴν
1267 5517 1463 5569 αἰτίαν
1509 5513 1707 5568 αὐτῶν
1758 5512 1866 5582 τῆς
1921 5516 2242 5582 σωτηρίας.

667 5585 807 5642 Maio
831 5585 1066 5642 consilio
1099 5587 1442 5642 Geuevenses
1476 5589 1610 5639 duas
1659 5596 1961 5654 postremas
1995 5602 2153 5640 voces
2189 5589 2244 5638 iu

669 5666 872 5710 textqu
921 5659 1276 5721 admiserunt,
1307 5671 1374 5709 ex
1413 5656 1723 5723 conjectura
1760 5656 2040 5725 Scaligeri,
2078 5665 2136 5710 ut
2180 5655 2246 5708 ad

666 5729 961 5796 marginem
1012 5729 1311 5781 adnotatur.
1340 5728 1442 5780 Sed
1471 5742 1563 5781 eas
1626 5725 1943 5794 rejiciendas
1970 5741 2088 5780 esse
2115 5728 2245 5779 satis

663 5807 904 5866 apparet.
921 5796 1050 5849 Nam
1065 5807 1118 5850 et
1140 5811 1356 5850 sensum
1379 5813 1592 5850 omnem
1612 5797 1766 5864 hujus
1786 5796 1885 5852 loci
1906 5797 2243 5864 perturbant,

665 5877 716 5920 et
746 5868 799 5920 in
829 5866 1045 5936 scriptis
1077 5867 1349 5923 codicibus
1382 5884 1485 5924 nou
1519 5867 1787 5936 leguntur.

2397 629 2456 666 τε
2486 614 2579 666 καὶ
2611 611 2745 665 Θεοῦ
2781 612 2965 667 παῖδα.
2993 609 3120 685 1Ἀρ*
3139 608 3232 668 οὖν
3256 614 3352 684 οὐχ
3373 614 3477 668 ὑπὸ
3501 623 3880 687 σωφρονεστάτων

2397 702 2564 756 ἐθνῶν
2595 721 2653 755 τε
2683 703 2778 756 καὶ
2810 703 2870 774 δή
2882 719 2996 774 μων
3033 696 3187 768 οὗτος
3213 707 3243 759 ό
3271 705 3400 769 Θεὸς
3429 705 3671 770 καταξίαν
3699 711 3883 779 σέὁετιιις

2400 795 2662 858 Παντοίας
2706 794 2804 865 μὲν
2839 793 3118 865 δυνάμεως
3154 792 3566 867 ἐπειλημμένος,
3618 798 3755 864 αὑτὴ
3779 802 3812 856 δ’
3848 808 3886 856 ἰν

2393 888 2460 955 τῇ
2490 885 2665 956 οἰκεία
2697 885 3015 957 προαιρέσει
3065 886 3261 956 μένων,
3296 887 3564 940 οὗδοτιοῦν
3593 889 3682 958 τῆς
3707 893 3886 962 ἐμφύτοι

2395 976 2799 1046 φιλανθρωπίας
2823 975 3309 1047 ὲμείωσεν.”Απιτε
3333 978 3416 1049 δὴ,
3439 979 3716 1046 δυσσεϐεῖς,
3737 984 3887 1052 ἐφεῖται

2393 1070 2501 1143 γὰρ
2528 1071 2656 1142 ὑμῖν
2677 1070 2764 1124 διὰ
2800 1070 2900 1142 τὴν
2924 1069 3268 1140 ἀτιμώρητον
3299 1071 3590 1140 ἁμαρτίαν,
3621 1073 3702 1124 ἐπὶ
3719 1074 3798 1136 τὰς
3815 1080 3887 1128 τῶν

2395 1164 2606 1234 ἱερείων
2651 1163 2884 1232 σφαγὰς,
2917 1162 3099 1226 θοίνας
3136 1180 3196 1216 τε
3246 1165 3339 1216 καὶ
3379 1164 3571 1233 ἑορτὰς
3610 1165 3693 1216 καί
3733 1168 3885 1236 μέθας·

2391 1256 2842 1328 προσποιούμενοι
2872 1257 2969 1327 μὲν
2991 1255 3310 1328 Θρησκείαν,
3337 1257 3734 1328 ἐπιτηδεύοντες
3749 1260 3795 1312 δὲ
3812 1263 3891 1330 ᾖδεν

2389 1349 2486 1412 νὰς
2531 1350 2624 1402 καὶ
2656 1349 2980 1412 ἀκολασίας·
3026 1349 3120 1403 καὶ
3149 1349 3342 1412 θυσίας
3376 1351 3476 1420 μὲν
3520 1351 3764 1405 ἐπιτελεῖν
3801 1371 3891 1424 sar,-

2389 1442 2665 1513 πτόμενοι,
2696 1446 2815 1506 ταῖς
2843 1441 2888 1495 θ’
2924 1442 3102 1496 αὑτῶν
3137 1442 3350 1513 ἡδοναῖς
3373 1442 3718 1507 δουλεύοντες.
3737 1446 3798 1499 Οὐ
3818 1447 3891 1517 γὰρ

2389 1538 2502 1590 ίστε
2539 1535 2740 1605 ἀγαθὸν
2774 1536 2949 1600 οὐδὲν,
2976 1535 3097 1588 οὐδὲ
3123 1535 3181 1588 τὸ
3210 1535 3423 1607 πρῶτον
3442 1535 3533 1589 τοῦ
3561 1538 3772 1608 μεγάλου
3799 1538 3891 1592 Θεοῦ

2389 1629 2732 1700 πρόσταγμα,
2755 1628 3132 1692 διατάσσοντός
3153 1645 3211 1680 τε
3235 1628 3309 1699 τῷ
3333 1628 3440 1681 τῶν
3466 1629 3749 1700 ἀνθρώπων
3770 1631 3889 1698 γένει,

2386 1721 2479 1774 καὶ
2513 1723 2935 1794 ὲπισκήπτοντος
2962 1721 3039 1792 τῷ
3071 1721 3248 1783 Παιδί,
3273 1721 3360 1774 τὸν
3385 1722 3588 1776 τούτων
3611 1723 3894 1796 διακυϐερνᾷν

2388 1812 2517 1883 βίον,
2553 1815 2701 1878 ὅπως
2727 1816 2777 1867 oi
2803 1815 2993 1879 δεξιῶς
3025 1816 3118 1868 καί¹
3147 1815 3438 1885 σωφρόνως
3475 1814 3770 1886 βιώσαντες,
3799 1817 3895 1870 κατὰ

2388 1906 2485 1976 τὴν
2513 1905 2604 1958 τοῦ
2635 1906 2829 1971 Παιδὸς
2857 1905 3053 1979 κρίσιν,
3075 1906 3324 1978 δεύτερον
3351 1907 3464 1976 βίον
3491 1908 3745 1978 μακάριόν
3768 1926 3816 1961 τε
3833 1912 3894 1962 καὶ

2388 1994 2678 2066 εὐδαίμονα
2720 1995 3080 2067 λαγχάνωσιν.
3135 1997 3274 2066 Ἐγὼ
3323 1999 3420 2069 μὲν
3459 1994 3552 2052 οὖν
3598 2000 3656 2052 τὸ
3692 2000 3773 2053 τοῦ
3801 2000 3893 2053 Bari

2387 2087 2560 2157 δόγμα
2590 2086 2696 2157 (64)
2744 2088 2868 2159 περί
2915 2088 3014 2158 τῆς
3044 2088 3150 2141 τῶν
3204 2087 3510 2159 ἀνθρώπων
3547 2089 3768 2159 βιώσεως
3805 2093 3896 2156 διεξ-

2386 2177 2567 2248 ῆλθον,
2629 2178 2688 2230 οὐ
2739 2179 2844 2248 μὴν
2875 2177 3104 2247 ἀγνοῶν,
3131 2177 3383 2250 καθάπερ
3427 2181 3476 2232 οἰ
3511 2180 3706 2243 πολλοὶ,
3737 2182 3831 2234 οὖδέ
3857 2185 3893 2246 ἐξ

2386 2270 2652 2335 εἰκασίας,
2682 2271 2802 2324 οὐδὲ
2830 2270 3156 2341 στοχασμοῦ.
3193 2271 3346 2340 Τάχα
3373 2271 3420 2324 δ’
3447 2271 3516 2324 ἄν
3553 2289 3635 2335 τις
3659 2271 3803 2325 εἴποι·
3823 2271 3892 2327 Πί-

2387 2363 2474 2415 θεν
2505 2365 2537 2434 ἡ
2570 2363 2909 2434 προσηγορία
2933 2362 3028 2416 τοῦ
3057 2362 3265 2426 παιδὸς,
3298 2363 3426 2417 ποία
3453 2363 3510 2416 δὲ
3544 2365 3759 2433 γένεσις,
3784 2367 3893 2438 εἴπερ

2387 2448 2467 2517 εἷς
2503 2455 2663 2524 μόνος
2695 2452 2771 2508 ὢν
2803 2453 2933 2518 Θεὸς
2963 2454 3238 2525 τυγχάνει,
3268 2453 3452 2527 πάσης
3489 2456 3547 2509 δὲ
3586 2457 3766 2527 μίξεως
3784 2449 3893 2521 οὗτός

2384 2549 2528 2600 ἐστιν
2556 2547 2857 2619 ἀλλότριος;
2890 2547 3048 2600 Ἀλλὰ
3077 2549 3176 2619 τὴν
3216 2548 3428 2618 γένεσιν
3459 2549 3652 2621 διπλῆν
3679 2565 3782 2603 τινα
3800 2552 3895 2602 νοεῖ-

2386 2637 2507 2691 σθαι
2533 2639 2656 2710 χρή·
2694 2639 2791 2718 τὴν
2821 2640 2918 2711 μὲν
2945 2639 3004 2704 ἐξ
3039 2639 3414 2710 ἀποκυήσεως.
3450 2642 3549 2713 τὴν
3586 2643 3895 2711 cavsvasz-

2383 2746 2478 2791 νην
2510 2729 2730 2800 ταύτην,
2775 2730 2963 2802 ἑτέραν
2997 2729 3052 2783 δὲ
3091 2729 3190 2802 τὴν
3233 2729 3291 2796 ἐξ
3324 2730 3502 2783 ἀϊδίου
3539 2731 3728 2796 αἰτίας,
3753 2727 3810 2802 ἧς
3831 2730 3894 2783 τὸν

2381 2819 2537 2889 λόγον
2567 2820 2700 2873 Θεοῦ
2751 2821 2973 2892 πρόνοια
3019 2819 3228 2885 θεᾶται,
3274 2822 3370 2876 καὶ
3415 2822 3626 2893 ἀνδρῶν
3665 2823 3720 2884 ὃς
3750 2823 3892 2892 ἐκείνῳ

2383 2912 2532 2981 φίλος
2563 2912 2796 2984 ὑπάρχει
2831 2911 2966 2982 (65)·
3011 2912 3171 2980 σοφὸς
3214 2913 3323 2983 γάρ
3363 2930 3444 2976 τις
3500 2912 3599 2984 τὴν
3650 2911 3803 2964 αἰτίαν
3822 2911 3892 2979 τῆς

2379 3004 2486 3057 τῶν
2510 3005 2644 3058 ὅλων
2676 3004 3084 3076 διακοσμήσεως
3108 3003 3331 3058 εἴσεται.
3362 3005 3494 3057 Ὀντ
3505 3023 3565 3067 ος
3604 3004 3764 3056 τοίνυν
3785 3005 3893 3056 ἀντι-

2376 3098 2494 3151 τίου
2538 3099 2783 3170 μηδενὸς.
2834 3097 3203 3169 προϋπάρχειν
3246 3097 3355 3150 τῶν
3395 3097 3587 3161 ὄντων,
3631 3098 3721 3168 τὴν
3761 3096 3892 3150 αἰτίαν

2379 3191 2554 3244 αὐτῶν
2589 3190 2696 3261 (66)
2731 3191 2964 3262 ἀνάγκη.
3001 3189 3188 3254 Ὀντος
3217 3190 3325 3261 ἄρα
3369 3190 3582 3260 κόσμου
3619 3189 3822 3243 καὶτῶν
3851 3190 3889 3239 ἐν

2372 3283 2540 3355 αὐτῷ,
2573 3282 2739 3354 οὔσης
2774 3301 2836 3336 τε
2876 3283 3052 3336 αὐτῶν
3098 3285 3389 3355 σωτηρίας,
3429 3283 3526 3337 τὸν
3571 3283 3778 3353 Σωτῆρα
3816 3278 3890 3332 τῶν

2371 3375 2534 3430 ὄντων
2579 3376 2951 3448 προῦπάρχειν
2986 3375 3198 3448 ἀνάγκη
3221 3394 3235 3407 ο
3266 3377 3342 3441 ὡς
3383 3373 3530 3430 εἶναι
3562 3377 3650 3430 τὸν
3684 3376 3769 3446 μὲν
3794 3375 3889 3444 Χρι-

2373 3468 2514 3533 στὸν,
2551 3469 2650 3538 τῆς
2697 3469 2968 3540 σωτηρίας
3027 3470 3225 3532 αἰτίαν,
3268 3469 3366 3541 τὴν
3412 3469 3469 3523 δὲ
3516 3469 3773 3540 σωτηρίαν
3813 3466 3890 3518 τῶν

2368 3557 2536 3611 ὄντων
2551 3557 2612 3610 τὸ
2628 3558 2867 3612 αἰτιατόν
2891 3557 3021 3627 (67)·
3057 3557 3303 3629 καθάπερ
3331 3560 3476 3611 αἰτία
3503 3559 3603 3630 μὲν
3617 3557 3733 3611 Υἰοῦ
3758 3559 3782 3610 ὁ
3807 3556 3888 3608 Ila-

2366 3649 2490 3720 τὴρ,
2517 3649 2754 3704 αἰτιατὸν
2775 3649 2817 3702 δ’
2843 3651 2871 3701 ὁ
2898 3649 3024 3713 Υἱός
3049 3648 3181 3720 (68).
3218 3650 3325 3702 Καὶ
3351 3650 3411 3703 τὸ
3441 3650 3544 3721 μὲν
3575 3649 3886 3722 προῦπάρχεη

2437 3830 2546 3901 (67)
2585 3830 2741 3900 Vulg.
2770 3830 2835 3884 τὸ
2885 3831 3094 3888 αἴτιον.
3136 3830 3276 3886 Nihil
3322 3832 3422 3886 hoc
3455 3832 3578 3888 loco
3629 3833 3745 3888 vidit
3769 3832 3887 3888 Chri-

2365 3903 2775 3970 stophorsonus.
2828 3903 2986 3970 Atqui
3054 3903 3364 3956 facillimum
3426 3915 3550 3957 erat
3603 3904 3886 3958 animadver-

2365 3984 2499 4035 tere,
2529 3972 2614 4026 hic
2643 3971 3072 4042 legendunlgesse
3096 3973 3154 4026 τὸ
3185 3973 3442 4026 αἰτιατόν.
3474 3974 3751 4042 Comparat
3777 3975 3883 4026 enim

2363 4042 2452 4095 hic
2497 4037 3086 4096 ConstantinusFilium
3126 4059 3246 4098 cum
3281 4037 3703 4107 conservatione,
3745 4043 3886 4095 etPa-

2366 4124 2497 4165 trem
2543 4127 2664 4165 cum
2704 4112 3009 4182 Servaloge.
3058 4112 3519 4182 Quemadmodum
3582 4113 3732 4182 igitur
3761 4107 3884 4182 Pater

2361 4183 2574 4246 quidem
2615 4188 2698 4236 cst
2741 4196 2904 4235 causa
2929 4173 3255 4244 FiliifFilius
3300 4196 3426 4235 vero
3480 4173 3705 4237 effectus
3746 4197 3821 4234 seu
3841 4181 3885 4231 τὸ

2357 4253 2615 4316 αἰτιατόν,
2657 4253 2733 4306 sic
2771 4254 3024 4304 Set-valor
3044 4253 3256 4320 quidem
3297 4267 3458 4305 causa
3492 4263 3576 4306 est
3602 4253 3773 4306 Salutis
3795 4265 3883 4305 om-

2361 4323 2508 4376 nium
2540 4338 2758 4381 rerum,
2803 4323 2950 4376 salus
2990 4338 3116 4376 vero
3159 4332 3243 4376 est
3282 4321 3504 4376 eﬂectus
3545 4339 3638 4379 seu
3670 4323 3723 4375 τὸ
3747 4323 3883 4374 aii-:iu.

2359 4393 2452 4445 τὸν
2477 4391 2798 4446 Servatoris.

2426 4463 2535 4532 (68)
2575 4462 2742 4532 ᾼίτία
2783 4461 2900 4530 μὲν
2941 4461 3077 4516 Υἱοῦ
3110 4464 3142 4515 ὁ
3189 4461 3412 4530 Πατὴρ,
3470 4460 3731 4532 αἰτιατόν
3766 4457 3823 4512 δὲ
3859 4460 3883 4510 ό

2369 4529 2526 4598 Υἱός.
2578 4529 2799 4587 Veteres
2836 4533 3090 4601 theologi.
3126 4529 3424 4599 pra-sertim
3483 4535 3627 4599 apud
3683 4529 3880 4591 Graecos,

2285 4598 2328 4652 D
2361 4619 2519 4656 unam
2545 4603 2596 4656 iu
2625 4603 2890 4657 Triuitate
2923 4598 3229 4672 personam,
3261 4602 3425 4657 Deum
3452 4598 3660 4657 scilicet
3687 4602 3880 4672 Patrem.

2355 4687 2570 4727 causam
2618 4689 2739 4728 esse
2787 4669 3066 4736 dicebant;
3108 4673 3213 4726 duo
3262 4688 3389 4727 vero
3437 4683 3679 4733 causata,
3728 4669 3880 4723 Filium

2359 4759 2550 4810 nempe
2595 4753 2650 4796 et
2703 4743 2961 4810 Spiritum
3012 4750 3283 4796 sanctum.
3343 4744 3432 4798 Sic
3486 4741 3799 4796 Athanasius
3836 4739 3877 4810 in

2351 4807 2758 4878 Qiimsuonibus
2773 4811 3044 4882 secundis,
3075 4826 3196 4882 cap.
3225 4814 3283 4867 ‘ll
3315 4823 3370 4868 et
3403 4813 3494 4874 12,
3523 4815 3551 4866 ὁ
3583 4813 3639 4866 δὲ
3671 4810 3783 4872 Υἱὸς
3803 4807 3880 4882 οὐκ

2347 4883 2495 4935 ἔστιν
2535 4882 2725 4947 αἴτιος,
2771 4880 2883 4934 ἀλλ’
2909 4879 3172 4944 αἰτιατός.
3205 4883 3280 4937 Ila
3326 4883 3489 4938 etiam
3533 4882 3758 4938 Joannes
3802 4880 3881 4947 Da-

2353 4954 2732 5024 masceuusiu
2770 4951 2945 5007 libror
2996 4952 3071 5024 De
3120 4954 3455 5023 imaginibus,
3500 4970 3607 5008 non
3644 4958 3782 5024 longe
3808 4946 3876 5024 λιι)

2353 5022 2503 5076 initio
2543 5042 2554 5076 :
2595 5041 2613 5073 ι
2652 5022 2852 5092 Imago,
2887 5023 3081 5092 inquit,
3118 5024 3206 5077 Dei
3229 5015 3527 5079 invisibilis
3553 5032 3638 5077 est
3679 5015 3876 5092 ipse_Fi-

2352 5095 2472 5159 lius,
2518 5095 2608 5162 qui
2656 5094 2706 5146 iu
2735 5089 2934 5164 seipso
2965 5089 3203 5146 'l’atrem
3255 5095 3422 5164 gerit,
3472 5107 3526 5148 et
3564 5094 3616 5146 in
3665 5089 3876 5164 omnibus

2352 5165 2490 5216 idem
2535 5160 2659 5217 cum
2709 5163 2801 5217 illo
2840 5160 2965 5227 “est,
3020 5172 3215 5232 praeter
3259 5160 3434 5234 limini
3470 5164 3521 5217 id
3552 5162 3691 5234 quod
3733 5160 3792 5214 ab
3829 5171 3878 5209 eo

2353 5243 2605 5303 tanquam
2659 5249 2686 5286 a
2724 5247 2888 5287 causa
2941 5242 3046 5288 est.
3113 5233 3383 5295 Naturalis
3433 5233 3589 5287 enini
3630 5245 3775 5303 cau§a
3816 5236 3878 5279 εει

2352 5297 2525 5358 Patér.
2556 5319 2622 5356 ex
2654 5319 2755 5371 qua
2800 5303 2965 5357 Filius
2995 5304 3375 5371 proﬁciscitur.
3403 5323 3424 5356 ι
3474 5303 3580 5357 Sed
3617 5313 3668 5358 et
3708 5297 3877 5371 Grego-

2354 5375 2467 5426 rius
2495 5373 2622 5426 Naz.
2653 5368 2702 5425 iit
2741 5368 3100 5438 oralione’29,
3129 5389 3248 5441 qure
3291 5383 3375 5426 est
3404 5375 3484 5429 De
3511 5375 3768 5442 dogmate,
3798 5368 3878 5421 Pa-

2351 5452 2486 5510 trem
2521 5459 2734 5497 causam
2780 5459 2900 5497 esse
2939 5442 3058 5498 Filii
3104 5455 3158 5496 et
3207 5444 3444 5512 Spiritus
3497 5441 3665 5498 sancti
3709 5441 3875 5512 diserte

2349 5513 2560 5568 asserit.
2592 5515 2666 5566 Ex
2700 5513 2909 5567 Latinis
2955 5529 3083 5567 vero
3133 5509 3331 5568 Marius
3360 5512 3670 5567 Victorinus
3693 5513 3738 5564 in
3764 5509 3874 5562 libro

2348 5585 2520 5651 primo
2552 5584 2814 5637 Adversus
2851 5585 3035 5636 Arium
3085 5586 3306 5652 perinde
3357 5583 3567 5639 locutus
3616 5591 3711 5652 est.
3747 5597 3764 5630 ι
3791 5575 3872 5632 Sed

2349 5654 2547 5728 major,
2581 5655 2774 5722 inquit,
2837 5651 3219 5728 Pater__.__quod
3270 5655 3382 5728 ipse
3421 5654 3568 5728 dedit
3608 5651 3738 5728 Filio
3777 5661 3874 5728 om~

2347 5722 2458 5785 nia,
2486 5734 2540 5777 et
2575 5739 2733 5778 causa
2761 5733 2844 5778 est
2876 5724 2975 5791 ipsi
3001 5723 3135 5776 Filio
3164 5735 3220 5777 ut
3248 5725 3342 5784 sit,
3367 5734 3423 5778 et
3455 5724 3557 5776 isto
3585 5722 3743 5791 modo
3766 5722 3866 5791 situ

2348 5795 2525 5862 Supra
2581 5803 2761 5848 autem
2829 5789 2970 5849 idem
3039 5792 3350 5848 Victorinus
3426 5795 3654 5857 dixerat,
3709 5789 3870 5844 Filium

2347 5866 2564 5933 quidem
2617 5879 2837 5923 causam
2885 5879 3003 5920 esse
3035 5864 3388 5935 principalem
3417 5866 3651 5920 omnium
3691 5869 3870 5918 rerum.
