4150 6438
678 418 822 473 1267

1388 420 1660 477 EUSEBII
1698 420 2177 478 CESARIENSIS
2212 420 2381 477 0PP.-
2403 419 2584 476 PARS
2622 423 2771 477 l..—
2806 419 3195 477 HISTORICA.

3786 420 3909 475 ιειςδ

679 541 1020 613 μοιτανίι,ὀι
1044 541 1376 597 insanabiles
1405 545 1627 599 morbos
1673 546 1906 599 curavit.
1942 544 2076 598 Mira
2098 542 2250 597 deni-

2360 542 2595 612 μεγάλου
2619 541 2833 613 Πατρδς
2863 540 3091 612 μεγίστη
3120 538 3362 607 πρόνοια,
3397 533 3619 600 σώζοντί
3643 533 3693 588 τ’
3725 535 3790 587 ὲκ
3814 532 3911 587 τῶν

680 651 786 705 quc
817 635 1073 690 celeritas
1108 635 1160 689 in
1186 634 1466 689 hominum
1500 635 1755 703 precibus
1779 635 2159 691 exaudiendis.
2190 634 2252 689 Et

678 726 1004 797 generaliter
1036 734 1146 780 tota
1179 728 1297 798 ejus
1328 727 1437 781 vita
1470 725 1752 781 hominum
1800 727 2023 780 utilitati
2076 727 2252 780 inser-

679 818 853 873 viens.
878 817 1202 873 Praedicatio
1232 834 1361 874 vero
1385 834 1510 889 quae
1533 835 1639 875 non
1663 818 2006 887 prudentiam
2041 818 2134 872 sed
2160 832 2251 872 sa-

678 910 943 980 pientiam
972 911 1313 979 insinuaret,
1355 912 1699 968 auditoribus
1729 927 1837 967 non
1864 911 2055 967 civiles
2077 912 2251 966 virtu-

681 1011 786 1067 tes,
814 1002 909 1057 sed
935 1003 1076 1057 viam
1107 1017 1227 1073 quae
1253 1006 1320 1059 ad
1343 1003 1740 1074 intelligibilem
1771 1004 2031 1058 mundum
2063 1003 2253 1072 perdu-

678 1094 776 1161 cit,
809 1093 1243 1162 addiscentibus,
1272 1095 1499 1167 ejusque
1524 1105 1734 1152 natura;
1761 1111 1881 1166 qua:
1904 1111 2119 1166 semper
2144 1110 2251 1150 uno

676 1186 980 1255 eodemque
1006 1187 1059 1242 in
1093 1196 1233 1242 statu
1268 1198 1566 1257 permanet,
1616 1189 2137 1258 contemplationem
2196 1196 2252 1242 ct

678 1274 874 1329 summi
905 1274 1081 1330 Patris
1106 1277 1381 1331 notionem
1419 1278 1636 1333 assidua
1668 1270 2058 1333 exercitaﬂone
2102 1291 2252 1331 scru-

681 1366 943 1421 tantibus.
990 1366 1110 1422 Jam
1162 1369 1431 1425 beneficia
1480 1371 1896 1440 haudquaquam
1934 1370 2248 1425 mediocria.

677 1457 783 1511 Pro
805 1457 1071 1525 caecitate,
1116 1458 1304 1528 visus;
1342 1476 1439 1530 pro
1466 1461 1659 1516 virium
1691 1477 1755 1517 ac
1783 1477 2072 1517 nervorum
2106 1476 2253 1516 reso-

678 1546 901 1614 lutione,
936 1548 1089 1603 lirma
1116 1551 1359 1620 corporis
1392 1552 1689 1612 valetudo;
1742 1568 1841 1621 pro
1879 1561 2052 1607 morte
2098 1553 2252 1607 deni-

677 1650 805 1704 que,
834 1639 947 1692 vita
977 1639 1175 1695 iterum
1202 1642 1472 1697 restituta.
1499 1642 1773 1699 Praetereo
1798 1660 1886 1699 res
1930 1645 1996 1698 ad
2045 1644 2248 1698 victum

678 1731 1018 1786 necessarias
1049 1732 1102 1786 in
1122 1732 1418 1789 solitudine
1439 1734 1588 1804 large
1610 1737 2002 1806 suppeditatas,
2037 1748 2093 1791 ct
2122 1753 2250 1807 pau-

678 1820 930 1875 cissimos
956 1821 1112 1877 cibos
1135 1824 1387 1878 maxima:
1418 1825 1700 1879 hominum
1726 1825 2059 1881 multitudini
2091 1826 2250 1895 longo

680 1914 943 1983 temporis
992 1917 1172 1984 spatio
1225 1914 1582 1972 sullicientes.
1618 1916 1768 1971 Hanc
1802 1918 1898 1971 tibi
1954 1918 2247 1987 gratiarum

679 2005 949 2061 actionem
1003 2017 1167 2076 prout
1210 2023 1495 2077 possumus
1522 2049 1537 2073 ,
1586 2008 1962 2078 persolvimus,
1991 2010 2205 2064 Christe
2229 2049 2246 2075 ,

678 2097 825 2152 Deus
864 2113 929 2153 ac
960 2097 1251 2162 Servator,
1304 2101 1483 2169 magni
1513 2100 1690 2156 Patris
1714 2119 1921 2157 summa
1951 2102 2246 2158 Providen-

681 2189 790 2253 tia,
820 2190 911 2260 qui
946 2198 999 2245 et
1031 2205 1061 2244 a
1103 2190 1259 2245 malis
1298 2190 1518 2259 liberas,
1546 2203 1599 2248 et
1627 2194 1932 2250 doctrinam
1995 2195 2250 2251 beatissi-

680 2298 824 2338 mam
861 2284 1047 2340 tradis.
1070 2283 1257 2352 Neque
1285 2284 1432 2338 enim
1464 2286 1577 2341 haec
1603 2302 1631 2340 a
1667 2302 1752 2342 me
1778 2288 2031 2343 dicuntur
2055 2301 2108 2343 ut
2136 2289 2249 2343 lau-

678 2380 774 2431 des
810 2388 929 2432 tuas
962 2376 1258 2442 celebrem,
1287 2379 1382 2434 sed
1422 2388 1481 2433 ut
1518 2380 1725 2448 gratias
1758 2394 1937 2449 agam.
1962 2379 2093 2434 Nam
2129 2382 2251 2450 quis

677 2483 914 2538 unquam
944 2470 1086 2524 inter
1126 2470 1375 2525 homines
1403 2480 1454 2524 te
1489 2487 1587 2541 pro
1615 2473 1877 2541 dignitate
1903 2472 2249 2527 laudaverit?

678 2561 757 2614 'l‘n
797 2562 997 2632 quippe
1027 2578 1106 2627 es,
1138 2564 1231 2632 qui
1258 2578 1322 2617 cx
1356 2564 1526 2617 nihilo
1557 2579 1643 2618 res
1672 2579 1887 2619 creasse
1918 2564 2111 2619 diceris
2131 2603 2146 2629 ,
2193 2574 2249 2619 et

679 2652 850 2708 lucem
878 2654 958 2708 eis
1004 2655 1357 2719 accendisse;
1412 2664 1467 2709 et
1519 2655 1801 2710 confusam
1856 2654 2245 2710 elementorum

678 2747 873 2801 molem
930 2747 1119 2801 ordine
1184 2764 1247 2801 ac
1309 2748 1519 2802 ratione
1579 2747 1914 2803 distinxisse.
1966 2747 2097 2802 Tuae
2135 2747 2246 2802 cle-

679 2840 894 2895 mentiae
923 2839 1027 2894 hoc
1073 2840 1406 2910 prmcipuum
1444 2855 1639 2893 munus
1670 2848 1773 2901 est,
1813 2841 1960 2909 quod
2002 2840 2248 2898 homines

677 2931 818 2986 bona
849 2930 1028 2985 indole
1062 2930 1336 2997 praeditos,
1365 2929 1565 2984 divina:
1591 2944 1654 2982 ac
1675 2931 1846 2984 beatae
1876 2931 1996 2983 vita:
2025 2931 2245 2985 aemula-

680 3031 826 3074 tores
856 3019 1135 3073 reddidisti
1165 3061 1181 3085 ,
1210 3034 1270 3073 ac
1305 3018 1584 3089 providisti
1618 3031 1674 3071 ut
1698 3019 1773 3074 illi
1800 3021 2128 3088 optimarum
2158 3036 2246 3077 re-

678 3127 797 3165 rum
831 3121 1168 3166 mercatores
1203 3111 1402 3176 ell'ecti,
1457 3112 1781 3181 sapientiam
1816 3130 1881 3168 ac
1928 3113 2244 3170 felicitatem

2354 634 2560 697 κακῶν,
2584 635 2679 687 καὶ
2698 632 2795 704 τὴν
2815 631 3236 703 μακαριωτάτην
3249 627 3588 683 διδασκαλίαν
3599 626 3908 680 διδάσκοντι·

2353 728 2414 780 οὐ
2448 726 2556 797 γὰρ
2593 724 2953 797 ἐγκωμιάζων
2992 723 3185 786 ταῦτα,
3215 721 3328 775 ἀλλ’
3380 716 3911 790 εὐχαριστῶν-λέγω.

2356 817 2452 883 Τίς
2478 820 2585 889 γὰρ
2608 818 2672 872 ἄν
2700 835 2759 871 σε
2792 817 2910 871 κατ’
2941 815 3097 880 ἀξίαν
3134 814 3361 885 ὑμνήσοι
3394 812 3454 865 ὲν
3487 808 3821 881 ἀνθρώποις;
3852 807 3914 863 Σὲ

2357 910 2455 982 μὲν
2480 909 2588 980 γὰρ
2617 909 2772 978 λόγος
2804 908 2865 972 ὲξ
2889 908 2988 961 οὐκ
3016 907 3182 959 ὄντων
3209 905 3278 957 τὰ
3305 904 3433 957 ὅντα
3457 902 3740 973 γεννῆσαι,
3778 899 3840 954 τό
3861 915 3915 953 τε

2356 1001 2474 1071 φῶς
2496 1001 2679 1063 αὐτοῖς
2708 999 2910 1068 ἀνάψαι
2938 996 3072 1068 (75),
3106 995 3200 1049 καὶ
3225 994 3324 1065 τὴν
3369 994 3601 1049 ἄτακτον
3632 990 3747 1046 τῶν
3782 1006 3914 1044 στοις

2354 1086 2516 1162 χείων
2547 1090 2807 1160 σύγχυσιν
2842 1089 3256 1159 κατακοσμῆσαι
3294 1086 3445 1153 τάξει
3476 1087 3568 1139 καὶ
3605 1085 3811 1156 μέτρῳ.
3850 1082 3916 1135 Τὸ

2351 1183 2408 1235 δὲ
2436 1183 2625 1252 φιλανθ
2637 1184 2842 1254 ρωπίας
2866 1182 3137 1253 ἐξαίρετον
3169 1181 3227 1232 ἐν
3254 1177 3332 1249 τῷ
3361 1180 3486 1242 τοὺς
3518 1176 3577 1231 εὖ
3611 1176 3915 1246 πεφυκότας

2351 1277 2459 1330 τῶν
2489 1277 2808 1348 ἀνθρώπων,
2834 1276 2977 1329 θείου
3017 1276 3110 1328 καὶ
3137 1272 3410 1344 μακαρίου
3430 1270 3676 1343 ζηλωτὰς
3706 1270 3915 1339 ποιῆσαι

2355 1368 2490 1439 βίου·
2551 1370 2831 1421 κατανοεῖν
2882 1366 2927 1419 θ’
2963 1366 3071 1438 (76)
3131 1366 3279 1428 ὅπως
3324 1365 3433 1417 τῶν
3480 1364 3649 1427 ὅντως
3706 1360 3915 1430 ἀγαθῶν

2353 1458 2589 1531 ἔμποροι
2622 1458 2994 1529 γεγενημένοι,
3026 1456 3231 1510 πλείοσι
3278 1456 3376 1527 τῆς
3409 1453 3614 1508 ἑαυτῶν
3643 1452 3834 1522 σοφίας
3862 1468 3914 1504 τε

2351 1550 2447 1603 καὶ
2491 1549 2779 1621 συντυχίας
2817 1548 3161 1619 μεταδιδοῖεν,
3195 1547 3346 1600 αὐτοί
3387 1548 3435 1599 τ’
3478 1545 3680 1617 ἀρετῆς
3716 1543 3914 1614 καρπὸν

2356 1638 2572 1693 αἰώνιον
2621 1639 2948 1709 κομίζοιντο,
2994 1637 3405 1710 ἀπηλλαγμένοι
3463 1636 3563 1707 μὲν
3609 1633 3912 1698 ἀκολασίας,

2354 1734 2672 1805 μετέχοντες
2702 1734 2757 1787 δὲ
2789 1732 3218 1803 φιλανθρωπίας,
3248 1728 3425 1787 οἶκτον
3459 1732 3557 1802 μὲν
3587 1731 3694 1802 πρὸ
3725 1729 3912 1801 ὀφθαλ-

2355 1826 2470 1897 μῶν
2520 1826 2755 1896 ἔχοντες,
2803 1824 3038 1888 πίστεως
3093 1825 3150 1878 δὲ
3203 1822 3530 1897 προσδοκίαν
3587 1821 3911 1889 ἐλπίζοντες,

2350 1921 2482 1975 αἱδὼ
2511 1920 2566 1973 δὲ
2607 1920 2703 1972 καὶ
2733 1917 2985 1971 παντοίαν
3019 1916 3218 1989 ἀρετὴν
3243 1916 3612 1987 ἀσπαζόμενοι
3638 1916 3776 1985 (77),
3803 1916 3862 1986 ἣν
3885 1916 3911 1968 ό
3982 1915 3988 1924 “

2350 2010 2553 2083 προτοῦ
2587 2011 2699 2082 βίος
2728 2011 3082 2083 ἀνθρωπίνων
3114 2010 3259 2081 ἠθῶν
3284 2009 3627 2081 ἐκϐεϐλήκει,
3660 2008 3760 2080 τὴν
3788 2007 3911 2076 ὑπὲρ

2349 2105 2571 2159 πάντων
2604 2105 2911 2175 ποιουμένῳ
2938 2103 3221 2175 πρόνοιαν·
3253 2100 3426 2164 οὐδεὶς
3458 2100 3568 2173 γάρ
3599 2100 3666 2154 ἂν
3694 2100 3803 2153 τῶν
3832 2116 3907 2152 το-

2351 2196 2555 2249 σούτων
2583 2196 2785 2261 κακῶν,
2815 2196 2910 2248 καὶ
2941 2194 3040 2265 τῆς
3072 2193 3517 2265 ὲπικρατησάσης
3560 2191 3684 2245 κατ’
3720 2192 3910 2243 ἐκεῖνον

2347 2286 2438 2341 τὸν
2470 2285 2581 2356 βίον
2610 2286 2820 2349 ἀδικίας
2853 2285 3035 2357 ἰατρὸς
3082 2284 3376 2355 ἀξιόχρεως
3429 2282 3651 2357 εὑρέθη.
3696 2283 3763 2335 Ἡ
3792 2279 3908 2350 γοῦν

2348 2379 2582 2451 Πρόνοια
2632 2377 2791 2449 μέχρι
2835 2375 2943 2428 τῶν
2983 2376 3110 2447 τῇδε
3156 2375 3431 2445 διήκουσα,
3482 2375 3644 2429 πάνθ’
3685 2375 3786 2428 ὅσα
3830 2370 3908 2440 ὑφ’

2352 2473 2561 2545 ὕϐρεως
2591 2472 2686 2526 καὶ⁸
2731 2472 3023 2534 ἀκολασίας
3071 2471 3356 2541 ἀκόσμητα
3401 2464 3490 2539 ἦν,
3540 2467 3904 2537 κατεκόσμησε

2351 2565 2546 2636 ῥᾷστα.
2601 2564 2711 2618 Καὶ¹
2742 2563 2860 2617 οὐδὲ
2890 2562 3047 2617 τοῦτο
3097 2562 3450 2633 ἀποκρύφωςυ
3483 2560 3599 2631 ᾔδει
3647 2560 3756 2630 γάρ
3796 2558 3907 2620 τοὺς

2354 2658 2451 2729 μὲν
2478 2656 2587 2709 τῶν
2618 2654 2940 2727 ἀνθρώπων,
2970 2656 3226 2725 φρονήσει
3251 2654 3343 2705 καὶ
3368 2652 3444 2723 νῷ
3473 2652 3570 2722 τὴν
3603 2648 3799 2705 ἑαυτοῦ
3826 2646 3905 2701 δύ-

2349 2768 2513 2820 ναμιν
2552 2748 2886 2820 θεωροῦντας
2907 2746 3039 2819 (78),
3064 2748 3188 2809 τοὺς
3208 2746 3286 2811 δὲ,
3314 2747 3406 2800 ἅτε
3436 2748 3546 2809 τοῖς
3570 2744 3786 2813 ἀλόγοις
3809 2739 3904 2795 τῶν

2350 2840 2506 2906 ζώων
2543 2840 2979 2912 ἀπεικασμένους
3017 2839 3116 2909 τὴν
3148 2836 3331 2906 φύσιν,
3364 2836 3560 2909 μᾶλλον
3584 2839 3709 2899 ταῖς
3731 2831 3903 2903 αἰσθή-

2350 2950 2497 2986 σεσιν
2556 2932 2959 2996 ἐπιϐάλλοντας·
3005 2933 3085 2986 διὸ
3128 2931 3395 3002 φανερῶς,
3439 2930 3524 2982 ἵνα
3556 2927 3670 2997 (79)
3731 2925 3899 2996 μηδεὶς

2348 3021 2698 3092 ἀμφιϐάλλοι,
2734 3022 2807 3092 μὴ
2846 3022 3153 3085 σπουδαῖος,
3193 3020 3266 3091 μὴ
3303 3017 3524 3089 φαῦλος,
3550 3018 3653 3087 τὴν
3680 3016 3902 3084 εὐδαιμο-

2348 3114 2466 3168 νίαν
2500 3114 2593 3167 καὶ
2640 3112 2956 3184 θαυμαστὴν
3006 3111 3298 3182 θεραπείαν
3340 3112 3431 3163 ὑπ’
3472 3109 3595 3178 ὕψιν
3646 3104 3770 3180 ἦγε,
3804 3107 3902 3168 τοῖς

676 3218 827 3257 suam
876 3202 1119 3273 pluribus
1154 3203 1272 3259 aliis
1310 3203 1688 3274 impertirent,
1723 3206 1929 3275 ipsique
1970 3208 2248 3262 immorta-

2355 3205 2455 3277 μὲν
2491 3206 2858 3275 παυσαμένοις
2886 3204 2979 3257 τοῦ
3023 3204 3160 3274 βίου,
3196 3202 3567 3265 ἀποκαθιστάς
3599 3203 3666 3255 τὸ
3712 3202 3807 3271 ζῇν
3848 3200 3903 3251 ὲκ

678 3292 781 3347 lem
814 3294 1048 3348 fructum
1075 3294 1294 3348 virtutis
1328 3295 1706 3365 perciperent;
1761 3297 1975 3352 liberati
2024 3299 2244 3368 quidem

680 3385 1119 3455 intemperantia,
1148 3386 1308 3458 583
1341 3388 1644 3443 clementim
1672 3404 1803 3443 vero
1833 3390 2129 3458 participes
2157 3412 2168 3445 :
2194 3400 2250 3444 et

680 3476 1109 3533 misericordiam
1143 3480 1362 3549 quidem
1392 3495 1502 3548 prae
1554 3479 1729 3533 oculis
1765 3480 2026 3535 habentes
2054 3520 2069 3545 ,
2121 3481 2245 3536 ﬁdei

680 3582 811 3624 vero
833 3569 1099 3638 promissa
1130 3580 1413 3638 sperantes
1442 3589 1454 3624 :
1491 3572 1875 3625 verecundiam
1927 3572 2158 3641 denique
2192 3582 2249 3628 et

678 3676 842 3716 omne
868 3675 1037 3730 genus
1086 3662 1303 3717 virtutis
1346 3661 1774 3732 amplectentes,
1823 3663 1943 3718 loco
1974 3663 2251 3732 iniustitia:

678 3767 841 3820 quam
874 3751 1025 3820 prior
1059 3752 1370 3807 mortalium
1398 3752 1508 3811 vita
1548 3754 1793 3809 moribus
1828 3755 2079 3810 humanis
2106 3754 2250 3809 inlu—

679 3842 853 3905 derat,
880 3848 938 3895 ut
969 3840 1040 3895 ab
1069 3855 1135 3895 eo
1157 3842 1250 3912 qui
1277 3842 1517 3897 omnium
1547 3857 1733 3897 rerum
1761 3859 1947 3899 curam
1980 3860 2045 3900 ac
2069 3847 2251 3915 provi-

680 3933 916 3989 dentiam
973 3934 1135 4005 gerit,
1183 3933 1622 4022 exsciqderetur.
1666 3934 1852 3992 Nullus
1886 3937 2028 3992 enim
2063 3938 2204 3992 alius
2232 3982 2246 4006 ,

683 4036 956 4083 tantorum
987 4027 1253 4082 malorum
1279 4037 1335 4082 et
1383 4026 1662 4097 iniustitia:
1688 4042 1807 4096 qua:
1833 4027 1921 4082 illa
1949 4037 2109 4083 aetate
2168 4030 2252 4083 in-

682 4120 947 4185 valuerat,
984 4118 1225 4175 medicus
1250 4120 1476 4176 idoneus
1510 4120 1741 4175 inveniri
1769 4120 2051 4190 potuisset.
2086 4120 2253 4191 Igitur

680 4210 1025 4267 Providentia
1052 4209 1117 4263 ad
1148 4219 1323 4265 terras
1349 4225 1519 4281 usque
1545 4212 1891 4281 perveniens,
1917 4220 2109 4265 cuncta
2132 4225 2253 4280 qua:

683 4320 782 4372 per
833 4303 1220 4359 contumeliam
1270 4312 1327 4357 et
1370 4304 1839 4373 intemperantiam
1895 4304 2252 4374 incomposita

751 4480 864 4551 (75)
906 4480 1061 4548 Vulg.
1087 4481 1156 4535 τὸ
1181 4480 1249 4535 δὲ
1278 4481 1403 4551 φῶς
1432 4481 1635 4547 αὐτοῖς
1663 4480 1909 4550 ἀνάψαι.
1933 4480 2076 4550 Lego
2107 4482 2167 4535 τό
2193 4500 2251 4536 τε

2348 3298 2621 3368 δευτέρου,
2672 3298 2799 3361 τοὺς
2863 3297 2920 3349 δὲ
2969 3294 3362 3366 ἐστερημένους
3421 3292 3531 3347 τῶν
3592 3292 3901 3363 αἰσθήσεων,

2354 3392 2522 3461 ὑγιῶς
2561 3391 2797 3444 κελεύων
2829 3389 2989 3443 πάλιν
3020 3387 3389 3443 αἰσθάνεσθαι·
3424 3384 3682 3456 στηρίξαι
3730 3384 3782 3436 δὲ
3822 3382 3903 3435 θά-

2350 3484 2575 3548 λασσαν,
2605 3483 2698 3535 καὶ
2728 3481 2987 3552 νηνεμίαν
3021 3479 3272 3546 ἐπιτάξαι
3304 3479 3367 3532 ἐκ
3402 3476 3695 3549 χειμῶνος,
3719 3476 3809 3529 καὶ
3830 3473 3903 3527 τέ-

2349 3575 2439 3638 λος
2485 3574 2814 3642 θαυμαστοῖς
2857 3572 3038 3644 ἒργοις
3085 3570 3534 3641 ἐπιχειρήσαντα,
3572 3571 3673 3622 καὶ
3702 3568 3760 3632 ἐξ
3790 3567 3902 3619 ἀπι-

2351 3667 2506 3731 στίας
2535 3668 2658 3730 τοὺς
2683 3663 2999 3736 ἀνθρώπους
3040 3666 3119 3727 εἰς
3162 3664 3343 3715 πίστιν
3382 3660 3604 3731 ἰσχυρὰν
3659 3657 3901 3731 προκαλε-

2353 3762 2606 3832 σάμενον,
2637 3759 2716 3821 είς
2761 3755 2986 3828 οὐρανὸν
3020 3755 3344 3824 ἀναπτῆναι,
3375 3754 3516 3806 τίνος
3546 3751 3734 3817 ἄλλου,
3779 3748 3903 3819 πλὴν

2350 3851 2446 3905 τοῦ
2474 3849 2608 3903 Θεοῦ
2643 3849 2741 3919 τῆς
2776 3864 2835 3898 τε
2862 3845 3201 3919 ὲξοχωτὰτης
3232 3844 3514 3915 δυνάμεως
3536 3842 3700 3915 ἔργον
3724 3840 3901 3903 τοῦτο;

2353 3944 2427 3995 Οὐ
2473 3942 2579 4014 μὴν
2612 3939 2731 3993 οὐδὲ
2753 3941 2781 3992 ό
2808 3938 3078 4010 προσεχὴς
3107 3936 3199 3990 τοῦ
3234 3935 3555 4007 παθήματος
3580 3934 3791 4008 καιρὸς,
3810 3928 3902 3985 τῶν

2353 4033 2681 4106 θαυμαστῶν
2724 4033 2944 4086 ἐκείνων
2978 4030 3262 4099 θεαμάτων
3304 4028 3583 4100 ἀλλότριος
3610 4023 3684 4097 ἦν
3705 4044 3719 4059 ·
3756 4021 3901 4094 ἡνίκα

2352 4129 2543 4191 νύκτες
2574 4125 2829 4197 ἡμερινὸν
2854 4123 2965 4194 φῶς
2987 4122 3466 4187 ὲπικαλύπςουσαι,
3495 4125 3584 4175 τὸν
3606 4121 3757 4190 ἥλιον
3780 4113 3903 4184 ἡφα-

2354 4218 2523 4281 νιζον’
2574 4215 2889 4284 κατειλήφει
2917 4215 3024 4287 γὰρ
3065 4213 3178 4276 δέος
3215 4212 3342 4275 τοὺς
3381 4208 3657 4281 πανταχοῦ
3700 4209 3899 4278 δήμους,

2354 4310 2453 4381 τὴν
2485 4310 2593 4363 τῶν
2628 4308 2840 4362 πάντων
2885 4304 3223 4379 πραγμάτων
3269 4303 3575 4357 συντέλειαν
3603 4302 3778 4371 ἥκειν,
3820 4293 3902 4349 καὶ

2357 4493 2574 4547 beatam
2612 4503 2677 4542 ac
2710 4487 2921 4543 felicem
2964 4487 3015 4541 in
3050 4486 3186 4542 caelo
3231 4488 3397 4539 vitam
3446 4484 3805 4547 nuntiaturus,
3832 4485 3901 4533 tot

682 4550 819 4638 φξῖὶξε
854 4550 919 4634 Ῐῐξ
961 4552 1192 4638 schedia
1221 4550 1405 4638 Ῑξειξίίὲ
1431 4562 1486 4605 ει
1528 4554 1580 4638 if‘
1624 4552 1763 4638 "'1’"?
1810 4552 1997 4638 δθγίίίί
2058 4553 2256 4625 Ῑθϐίιυν
2287 4562 2333 4618 D
2362 4560 2621 4615 miracula
2654 4559 2707 4613 in
2748 4559 2909 4638 terris
2956 4560 3380 4638 patrare,_caecis
3407 4554 3615 4638 oculos,
3646 4553 3901 4638 aegrissa:

685 4622 746 4675 σὲ
766 4621 823 4674 δὲ
848 4622 985 4691 φῶς,
1024 4632 1128 4678 etc.
1159 4621 1265 4676 Sed
1293 4620 1427 4677 Fuk.
1454 4623 1621 4676 codex
1653 4621 1817 4676 habet
1846 4622 1904 4675 σέ
1932 4640 2012 4676 τε.

757 4691 870 4771 (76)
908 4692 1237 4771 Κατακοεῖγ
1302 4693 1949 4771 θ’μϐὴτὶειοριιοτξοηιιε
1981 4693 2092 4771 “hic
2151 4694 2259 4749 ἀπὸ

683 4762 863 4817 κοινοῦ
908 4763 1159 4819 subaudit
1206 4766 1431 4818 verbum
1479 4762 1923 4834 ποιῆσαιεριιοά
1980 4762 2106 4834 licet
2152 4780 2255 4818 non

684 4836 904 4897 damno,
936 4844 1113 4886 tamen
1144 4836 1510 4888 necessarium
1564 4832 1669 4887 non
1702 4833 1931 4887 videtur.
1980 4832 2036 4886 ln
2073 4836 2258 4888 codice

685 4902 818 4956 Fuk.
849 4903 918 4974 ita
947 4903 1147 4974 legitur
1181 4906 1266 4957 hic
1294 4906 1467 4959 locus:
1490 4904 1688 4974 ἀρετὴν
1720 4902 2108 4974 ἀσπαζόμενοι,
2136 4905 2202 4973 ἣν
2228 4904 2257 4955 ὀ

684 4971 886 5046 προτοῦ
938 4971 1462 5046 βίοςλάνθρωπίνων
1510 4971 1657 5044 ἠθῶν
1708 4971 2057 5046 ἐκϐεβλήκει*
2102 4971 2257 5046 οὐδὲν

682 5044 810 5114 γάρ,
859 5052 991 5115 etc,
1040 5044 1245 5115 absque
1294 5046 1399 5099 illis
1437 5047 1661 5099 vocibus
1703 5044 1803 5101 τὴν
1849 5044 1990 5115 ὑπὲρ
2041 5045 2257 5099 πάντων

684 5113 990 5184 ποιουμένῳ
1020 5113 1295 5184 πρόνοιαν.

754 5183 868 5252 (7⁵1)
920 5183 1348 5252 Ἀσπαζόμενοι.
1395 5183 1525 5240 Post
1554 5186 1659 5241 hoc
1687 5186 1911 5239 verbum
1944 5186 2132 5241 deesse
2174 5186 2256 5240 vi-

684 5253 883 5308 dentur
914 5254 1193 5325 nonnulla.
1224 5254 1408 5324 Neque
1446 5256 1588 5310 enim
1636 5266 1829 5309 sensus
1866 5267 2118 5311 constare
2164 5271 2258 5325 po-

686 5324 1249 5399 test,‘nisi_addideris
1279 5327 1393 5399 haec
1422 5326 1583 5378 verba
1612 5325 1774 5399 admei
1800 5325 1909 5399 1'7};
1941 5324 2257 5399 dﬁtxiag’ﬁv

681 5396 712 5449 ό
744 5394 850 5468 πρὸ
882 5394 977 5449 τοῦ
1013 5393 1146 5465 βίος,
1178 5404 1281 5448 etc.
1328 5396 1498 5461 Quam
1547 5393 1867 5465 scripturam
1898 5397 1951 5450 in
1994 5393 2257 5468 interpre-

682 5467 887 5520 tatibue
914 5481 1029 5521 mea
1062 5481 1178 5520 sum
1206 5476 1443 5520 secutus.
1873 5469 1877 5472 ’

754 5536 869 5605 (78)
909 5536 1067 5606 Vulg.
1125 5534 1241 5604 τὴν
1282 5535 1511 5590 ἑαυτῶν
1564 5536 1933 5604 θεωροῦντας
1978 5537 2253 5607 δύναμιν.

683 5603 798 5658 Non
847 5603 1041 5677 dubito
1083 5603 1212 5677 quin
1259 5607 1542 5676 legendum
1589 5603 1679 5660 sit,
1716 5607 1814 5677 τὴν
1862 5608 2056 5661 ἑαυτοῦ
2094 5603 2254 5663 δυνα-

685 5691 798 5746 μιν.
845 5674 996 5741 Quod
1058 5674 1124 5731 εἰς
1159 5674 1507 5746 sequentibus
1561 5674 1844 5731 titanifeSte
1889 5679 2251 5736 convincitur.

582 5808 587 5811 η
682 5745 915 5819 Causam
943 5747 1084 5801 enim
1115 5745 1271 5803 affert
1295 5747 1702 5810 Constantinus,
1733 5762 1833 5801 cur
1860 5747 2130 5812 Christus,
2159 5754 2251 5819 qui

686 5814 901 5871 morbos
943 5831 1007 5872 ac
1034 5819 1160 5873 vitia
1207 5818 1484 5875 hominum
1518 5828 1807 5874 curaturus
1845 5814 2252 5886 adveneratfet

2360 4633 2547 4693 lutem,
2598 4630 2824 4683 mortuis
2859 4621 3024 4681 vitam
3073 4628 3362 4681 restituere
3394 4624 3642 4679 voluerit.
3671 4621 3725 4676 Id
3744 4621 3899 4693 igitur

2358 4703 2427 4756 ab
2460 4692 2550 4754 illo
2579 4701 2778 4753 factum
2804 4713 2923 4752 esse
2951 4697 3097 4769 dicit
3116 4697 3429 4769 ingratiam
3456 4692 3765 4769 corum_qui_
3789 4694 3899 4769 sunt

2362 4769 2613 4824 tardioris
2664 4768 2898 4838 ingenii,
2949 4784 3017 4821 ne
3069 4762 3315 4820 dubitare
3369 4773 3588 4838 possent
3638 4763 3703 4838 de
3753 4762 3899 4838 ipsius?

2359 4843 2558 4894 virtute
2607 4832 2767 4908 atqu'e
2819 4838 3098 4907 potentia,
3142 4832 3389 4908 cumetot
3432 4832 3689 4908 miracula
3716 4832 3896 4899 patrari

2360 4902 2778 5020 cernerentin
2812 4902 2937 4963 sunt
2985 4921 3120 4978 quos
3170 4905 3330 4976 paulo
3372 4914 3494 4975 post
3540 4902 3772 4973 φαύλους
3811 4912 3903 5020 [ιο-Ι

2360 4983 2551 5037 minat.

2430 5051 2541 5123 (79)
2564 5047 2738 5123 _Vulg.
2768 5049 2893 5123 64b
2926 5048 3279 5123 ερίῆιινέίριιισννΔ
3303 5046 3357 5123 ᾶ-
3372 5045 3606 5116 μηδείς.
3650 5042 3796 5123 [inde
3829 5039 3897 5094 lo-

2358 5113 2480 5175 cum
2508 5113 2740 5175 felicitér
2767 5119 2895 5174 mihi
2925 5113 3111 5173 videor
3153 5113 3470 5178 restituisse,
3497 5131 3619 5169 cum
3651 5113 3892 5180 Scaliger.

2359 5191 2682 5263 Botigarsius
2710 5190 2934 5263 aliique:
2975 5204 3203 5263 quorum
3240 5185 3649 5263 emendationes
3676 5185 3897 5263 adunarf

2359 5253 2535 5329 ginem
2593 5253 2846 5316 editionis
2894 5253 3227 5318 Getievensis
3272 5256 3545 5329 leguntur,
3576 5254 3709 5309 nihil
3750 5253 3797 5329 in
3841 5261 3896 5301 eo

2361 5324 2771 5404 viderint._Ego
2814 5345 2946 5404 vero
2973 5328 3130 5404 nulla
3164 5324 3546 5404 propemodum
3600 5324 3891 5404 mutatiog'te3

2361 5402 2533 5455 locum
2562 5393 2799 5471 pristi'no
2827 5400 2984 5471 uitorj
3029 5400 3108 5471 ita
3136 5393 3362 5471 restitui,
3522 5393 3791 5471 φανερῶς,
3820 5393 3895 5471 ἵνα

2361 5473 2549 5544 μηδεὶς
2562 5462 2923 5544 ἀμφιϐάλλοι.
2951 5467 3326 5544 Qua__lecti_one
3360 5466 3491 5544 nihil
3520 5462 3711 5544 verius:
3735 5462 3893 5544 Colice

2357 5535 2573 5613 quidem
2616 5535 2757 5595 'Fuk.
2803 5538 3225 5613 cutub'caligeri
3256 5547 3310 5590 et
3360 5536 3639 5613 B_ougar_sii
3690 5535 3893 5613 lectione

2357 5599 2647 5667 consentit.
2692 5613 2887 5667 Verum
2929 5610 3039 5678 jam
3074 5599 3258 5662 m'ultis
3286 5622 3349 5662 ex
3389 5599 3519 5678 locis
3556 5599 3890 5678 deprehendi,

2358 5663 2973 5751 iddié'i'ddidié’adea:
3010 5680 3277 5732 interdum
3309 5676 3561 5733 vacillare
3592 5663 3779 5746 :idque
3821 5663 3890 5719 Vel

2358 5750 2493 5811 unus
2529 5754 2614 5809 hic
2644 5753 2792 5808 locus
2821 5752 2952 5807 satis
2980 5750 3199 5805 evincit.
