  <div class='ocr_page' id='page_1' title='image "/cluster/home/n/w/nwhite01/storage/ocr_20150623/20/hvd.32044073501181/648.png"; bbox 0 0 4126 6438; ppageno 0'>
   <div class='ocr_carea' id='block_1_1' title="bbox 309 419 443 476">
    <p class='ocr_par' dir='ltr' id='par_1_1' title="bbox 309 419 443 476">
     <span class='ocr_line' id='line_1_1' title="bbox 309 419 443 476; baseline -0.022 0"><span class='ocrx_word' id='word_1_1' title='bbox 309 419 443 476; x_wconf 67' lang='lat'><strong>1369</strong></span> 
     </span>
    </p>
   </div>
   <div class='ocr_carea' id='block_1_2' title="bbox 1073 417 3275 477">
    <p class='ocr_par' dir='ltr' id='par_1_2' title="bbox 1073 417 3275 477">
     <span class='ocr_line' id='line_1_2' title="bbox 1073 417 3275 477; baseline -0.002 -1"><span class='ocrx_word' id='word_1_2' title='bbox 1073 418 1534 477; x_wconf 75' lang='lat' dir='ltr'><strong>CONSTANTINI</strong></span> <span class='ocrx_word' id='word_1_3' title='bbox 1573 419 1834 477; x_wconf 80' lang='lat' dir='ltr'><strong>ORATIO</strong></span> <span class='ocrx_word' id='word_1_4' title='bbox 1866 421 1959 475; x_wconf 74' lang='lat' dir='ltr'><strong>AD</strong></span> <span class='ocrx_word' id='word_1_5' title='bbox 2001 417 2424 475; x_wconf 75' lang='lat' dir='ltr'><strong>SANCTORUM</strong></span> <span class='ocrx_word' id='word_1_6' title='bbox 2459 417 2754 474; x_wconf 77' lang='lat' dir='ltr'><strong>C(ETUM.</strong></span> <span class='ocrx_word' id='word_1_7' title='bbox 3239 444 3275 471; x_wconf 74' lang='grc' dir='ltr'><em>ι</em></span> 
     </span>
    </p>
   </div>
   <div class='ocr_carea' id='block_1_3' title="bbox 3409 419 3548 473">
    <p class='ocr_par' dir='ltr' id='par_1_3' title="bbox 3409 419 3548 473">
     <span class='ocr_line' id='line_1_3' title="bbox 3409 419 3548 473; baseline 0 0"><span class='ocrx_word' id='word_1_8' title='bbox 3409 419 3548 473; x_wconf 68' lang='grc'><strong>1270</strong></span> 
     </span>
    </p>
   </div>
   <div class='ocr_carea' id='block_1_4' title="bbox 301 535 1885 614">
    <p class='ocr_par' dir='ltr' id='par_1_4' title="bbox 301 535 1876 614">
     <span class='ocr_line' id='line_1_4' title="bbox 301 535 1876 614; baseline 0 -18"><span class='ocrx_word' id='word_1_9' title='bbox 301 543 435 614; x_wconf 78' lang='grc' dir='ltr'><strong>χάος</strong></span> <span class='ocrx_word' id='word_1_10' title='bbox 461 535 635 606; x_wconf 77' lang='grc' dir='ltr'>αὖθις,</span> <span class='ocrx_word' id='word_1_11' title='bbox 666 535 776 595; x_wconf 72' lang='grc' dir='ltr'>οἷον</span> <span class='ocrx_word' id='word_1_12' title='bbox 809 542 871 595; x_wconf 79' lang='grc' dir='ltr'><strong>τὸ</strong></span> <span class='ocrx_word' id='word_1_13' title='bbox 900 542 1006 614; x_wconf 85' lang='grc' dir='ltr'><strong>πρὸ</strong></span> <span class='ocrx_word' id='word_1_14' title='bbox 1043 543 1146 613; x_wconf 82' lang='grc' dir='ltr'>τῆς</span> <span class='ocrx_word' id='word_1_15' title='bbox 1177 541 1270 596; x_wconf 81' lang='grc' dir='ltr'>τοῦ</span> <span class='ocrx_word' id='word_1_16' title='bbox 1305 543 1510 614; x_wconf 81' lang='grc' dir='ltr'><strong>κόσμου</strong></span> <span class='ocrx_word' id='word_1_17' title='bbox 1561 543 1876 608; x_wconf 74' lang='grc' dir='ltr'><strong>διατάξεως,</strong></span> 
     </span>
    </p>
   </div>
   <div class='ocr_carea' id='block_1_5' title="bbox 1986 535 3548 614">
    <p class='ocr_par' dir='ltr' id='par_1_5' title="bbox 1986 538 3548 609">
     <span class='ocr_line' id='line_1_5' title="bbox 1986 538 3548 609; baseline -0.003 -12"><span class='ocrx_word' id='word_1_18' title='bbox 1986 552 2159 605; x_wconf 86' lang='lat' dir='ltr'><strong>erant,</strong></span> <span class='ocrx_word' id='word_1_19' title='bbox 2195 541 2341 596; x_wconf 92' lang='lat' dir='ltr'><strong>nullo</strong></span> <span class='ocrx_word' id='word_1_20' title='bbox 2373 541 2586 609; x_wconf 84' lang='lat' dir='ltr'><strong>negotio</strong></span> <span class='ocrx_word' id='word_1_21' title='bbox 2635 538 2917 605; x_wconf 71' lang='lat' dir='ltr'><strong>restituit;</strong></span> <span class='ocrx_word' id='word_1_22' title='bbox 2965 539 3125 609; x_wconf 81' lang='lat' dir='ltr'><strong>idque</strong></span> <span class='ocrx_word' id='word_1_23' title='bbox 3165 553 3269 594; x_wconf 92' lang='lat' dir='ltr'><strong>non</strong></span> <span class='ocrx_word' id='word_1_24' title='bbox 3303 538 3444 594; x_wconf 83' lang='lat' dir='ltr'><strong>clam</strong></span> <span class='ocrx_word' id='word_1_25' title='bbox 3491 547 3548 593; x_wconf 89' lang='lat' dir='ltr'><strong>et</strong></span> 
     </span>
    </p>
   </div>
   <div class='ocr_carea' id='block_1_6' title="bbox 299 634 1871 705">
    <p class='ocr_par' dir='ltr' id='par_1_6' title="bbox 299 634 1871 705">
     <span class='ocr_line' id='line_1_6' title="bbox 299 634 1871 705; baseline 0.001 -19"><span class='ocrx_word' id='word_1_26' title='bbox 299 634 720 704; x_wconf 79' lang='grc' dir='ltr'>ἐπικρατήσειν·</span> <span class='ocrx_word' id='word_1_27' title='bbox 756 635 1000 704; x_wconf 78' lang='grc' dir='ltr'><strong>ἐζητεῖτο</strong></span> <span class='ocrx_word' id='word_1_28' title='bbox 1045 635 1101 688; x_wconf 78' lang='grc' dir='ltr'>δὲ</span> <span class='ocrx_word' id='word_1_29' title='bbox 1143 636 1234 689; x_wconf 72' lang='grc' dir='ltr'>καὶ</span> <span class='ocrx_word' id='word_1_30' title='bbox 1263 636 1322 688; x_wconf 87' lang='grc' dir='ltr'>τὸ</span> <span class='ocrx_word' id='word_1_31' title='bbox 1367 637 1539 689; x_wconf 82' lang='grc' dir='ltr'>αἴτιον</span> <span class='ocrx_word' id='word_1_32' title='bbox 1579 635 1674 690; x_wconf 77' lang='grc' dir='ltr'><strong>τοῦ</strong></span> <span class='ocrx_word' id='word_1_33' title='bbox 1720 636 1871 705; x_wconf 78' lang='grc' dir='ltr'>τηλι-</span> 
     </span>
    </p>
   </div>
   <div class='ocr_carea' id='block_1_7' title="bbox 298 722 1876 802">
    <p class='ocr_par' dir='ltr' id='par_1_7' title="bbox 298 722 1876 802">
     <span class='ocr_line' id='line_1_7' title="bbox 298 722 1876 802; baseline 0.001 -22"><span class='ocrx_word' id='word_1_34' title='bbox 298 722 493 780; x_wconf 77' lang='grc' dir='ltr'>κούτου</span> <span class='ocrx_word' id='word_1_35' title='bbox 523 725 713 791; x_wconf 81' lang='grc' dir='ltr'>κακοῦ,</span> <span class='ocrx_word' id='word_1_36' title='bbox 746 728 840 780; x_wconf 74' lang='grc' dir='ltr'>καὶ</span> <span class='ocrx_word' id='word_1_37' title='bbox 866 728 968 780; x_wconf 82' lang='grc' dir='ltr'>εῖτι</span> <span class='ocrx_word' id='word_1_38' title='bbox 999 727 1317 799; x_wconf 80' lang='grc' dir='ltr'>πλημμελὲς</span> <span class='ocrx_word' id='word_1_39' title='bbox 1363 729 1469 783; x_wconf 80' lang='grc' dir='ltr'><strong>ὑπὸ</strong></span> <span class='ocrx_word' id='word_1_40' title='bbox 1510 730 1619 783; x_wconf 81' lang='grc' dir='ltr'><strong>τῶν</strong></span> <span class='ocrx_word' id='word_1_41' title='bbox 1665 728 1876 802; x_wconf 74' lang='grc' dir='ltr'>ἀνθρὼ-</span> 
     </span>
    </p>
   </div>
   <div class='ocr_carea' id='block_1_8' title="bbox 301 818 1876 893">
    <p class='ocr_par' dir='ltr' id='par_1_8' title="bbox 301 818 1876 893">
     <span class='ocr_line' id='line_1_8' title="bbox 301 818 1876 893; baseline 0.003 -24"><span class='ocrx_word' id='word_1_42' title='bbox 301 835 422 870; x_wconf 87' lang='grc' dir='ltr'><strong>πων</strong></span> <span class='ocrx_word' id='word_1_43' title='bbox 453 818 533 881; x_wconf 85' lang='grc' dir='ltr'><strong>είς</strong></span> <span class='ocrx_word' id='word_1_44' title='bbox 560 818 622 870; x_wconf 87' lang='grc' dir='ltr'><strong>τὸ</strong></span> <span class='ocrx_word' id='word_1_45' title='bbox 651 818 804 872; x_wconf 87' lang='grc' dir='ltr'>Θεῖον</span> <span class='ocrx_word' id='word_1_46' title='bbox 847 819 1054 888; x_wconf 82' lang='grc' dir='ltr'>γένοιτο</span> <span class='ocrx_word' id='word_1_47' title='bbox 1078 837 1092 850; x_wconf 82' lang='grc'><strong>’</strong></span> <span class='ocrx_word' id='word_1_48' title='bbox 1127 820 1231 884; x_wconf 82' lang='grc' dir='ltr'>ἓως</span> <span class='ocrx_word' id='word_1_49' title='bbox 1259 822 1347 874; x_wconf 80' lang='grc' dir='ltr'><strong>ὅτε</strong></span> <span class='ocrx_word' id='word_1_50' title='bbox 1385 821 1531 893; x_wconf 74' lang='grc' dir='ltr'>ἠπίῳ</span> <span class='ocrx_word' id='word_1_51' title='bbox 1562 821 1670 891; x_wconf 92' lang='grc'><strong>(80)</strong></span> <span class='ocrx_word' id='word_1_52' title='bbox 1709 839 1876 891; x_wconf 80' lang='grc' dir='ltr'>μεγα-</span> 
     </span>
    </p>
   </div>
   <div class='ocr_carea' id='block_1_9' title="bbox 299 912 1871 988">
    <p class='ocr_par' dir='ltr' id='par_1_9' title="bbox 299 912 1871 988">
     <span class='ocr_line' id='line_1_9' title="bbox 299 912 1871 988; baseline 0.003 -24"><span class='ocrx_word' id='word_1_53' title='bbox 299 912 529 984; x_wconf 64' lang='grc' dir='ltr'>λοψυχίᾳ.</span> <span class='ocrx_word' id='word_1_54' title='bbox 589 913 688 984; x_wconf 84' lang='grc' dir='ltr'><strong>τῆς</strong></span> <span class='ocrx_word' id='word_1_55' title='bbox 733 913 840 966; x_wconf 84' lang='grc' dir='ltr'><strong>τῶν</strong></span> <span class='ocrx_word' id='word_1_56' title='bbox 900 914 1112 968; x_wconf 76' lang='grc' dir='ltr'>ἀσεϐῶν</span> <span class='ocrx_word' id='word_1_57' title='bbox 1166 915 1379 987; x_wconf 68' lang='grc' dir='ltr'>ὕϐρεως</span> <span class='ocrx_word' id='word_1_58' title='bbox 1430 916 1871 988; x_wconf 76' lang='grc' dir='ltr'><strong>ὑπερφρονήσας,</strong></span> 
     </span>
    </p>
   </div>
   <div class='ocr_carea' id='block_1_10' title="bbox 299 1004 1874 1079">
    <p class='ocr_par' dir='ltr' id='par_1_10' title="bbox 299 1004 1874 1079">
     <span class='ocr_line' id='line_1_10' title="bbox 299 1004 1874 1079; baseline 0 -21"><span class='ocrx_word' id='word_1_59' title='bbox 299 1004 641 1076; x_wconf 77' lang='grc' dir='ltr'>ἀποκαθίστη</span> <span class='ocrx_word' id='word_1_60' title='bbox 687 1005 777 1059; x_wconf 82' lang='grc' dir='ltr'>τὸν</span> <span class='ocrx_word' id='word_1_61' title='bbox 807 1006 1033 1078; x_wconf 79' lang='grc' dir='ltr'>οὐρανὸν</span> <span class='ocrx_word' id='word_1_62' title='bbox 1078 1007 1368 1078; x_wconf 85' lang='grc' dir='ltr'>σύμπαντα</span> <span class='ocrx_word' id='word_1_63' title='bbox 1418 1011 1480 1079; x_wconf 84' lang='grc' dir='ltr'>τῇ</span> <span class='ocrx_word' id='word_1_64' title='bbox 1515 1008 1623 1060; x_wconf 77' lang='grc' dir='ltr'>τῶν</span> <span class='ocrx_word' id='word_1_65' title='bbox 1660 1009 1874 1078; x_wconf 86' lang='grc' dir='ltr'>ἄστρων</span> 
     </span>
    </p>
   </div>
   <div class='ocr_carea' id='block_1_11' title="bbox 299 1095 1871 1170">
    <p class='ocr_par' dir='ltr' id='par_1_11' title="bbox 299 1095 1871 1170">
     <span class='ocr_line' id='line_1_11' title="bbox 299 1095 1871 1170; baseline 0.002 -24"><span class='ocrx_word' id='word_1_66' title='bbox 299 1095 665 1165; x_wconf 81' lang='grc' dir='ltr'><strong>κατακοσμῶν</strong></span> <span class='ocrx_word' id='word_1_67' title='bbox 698 1096 904 1167; x_wconf 74' lang='grc' dir='ltr'>χορείᾳ.</span> <span class='ocrx_word' id='word_1_68' title='bbox 939 1098 1228 1170; x_wconf 74' lang='grc' dir='ltr'><strong>Τοιγάρτοι</strong></span> <span class='ocrx_word' id='word_1_69' title='bbox 1261 1098 1412 1169; x_wconf 80' lang='grc' dir='ltr'>ποσῷ</span> <span class='ocrx_word' id='word_1_70' title='bbox 1437 1099 1547 1169; x_wconf 88' lang='lat' dir='ltr'><strong>(8l)</strong></span> <span class='ocrx_word' id='word_1_71' title='bbox 1584 1100 1735 1170; x_wconf 77' lang='grc' dir='ltr'>καὶὴ</span> <span class='ocrx_word' id='word_1_72' title='bbox 1777 1095 1871 1149; x_wconf 79' lang='grc' dir='ltr'>τοῦ</span> 
     </span>
    </p>
   </div>
   <div class='ocr_carea' id='block_1_12' title="bbox 299 1187 1870 1264">
    <p class='ocr_par' dir='ltr' id='par_1_12' title="bbox 299 1187 1870 1264">
     <span class='ocr_line' id='line_1_12' title="bbox 299 1187 1870 1264; baseline 0.002 -25"><span class='ocrx_word' id='word_1_73' title='bbox 299 1189 504 1258; x_wconf 77' lang='grc' dir='ltr'>κόσμου</span> <span class='ocrx_word' id='word_1_74' title='bbox 528 1189 790 1260; x_wconf 74' lang='grc' dir='ltr'>πρόσοψις</span> <span class='ocrx_word' id='word_1_75' title='bbox 815 1192 1192 1263; x_wconf 82' lang='grc' dir='ltr'>σκυθρωπῶσα</span> <span class='ocrx_word' id='word_1_76' title='bbox 1209 1232 1222 1256; x_wconf 89' lang='grc'><strong>,</strong></span> <span class='ocrx_word' id='word_1_77' title='bbox 1253 1194 1331 1257; x_wconf 82' lang='grc' dir='ltr'><strong>είς</strong></span> <span class='ocrx_word' id='word_1_78' title='bbox 1350 1192 1448 1264; x_wconf 80' lang='grc' dir='ltr'>τὴν</span> <span class='ocrx_word' id='word_1_79' title='bbox 1473 1192 1681 1246; x_wconf 80' lang='grc' dir='ltr'>οἰκείαν</span> <span class='ocrx_word' id='word_1_80' title='bbox 1712 1187 1870 1254; x_wconf 78' lang='grc' dir='ltr'>αὖθις</span> 
     </span>
    </p>
   </div>
   <div class='ocr_carea' id='block_1_13' title="bbox 1977 631 3546 700">
    <p class='ocr_par' dir='ltr' id='par_1_13' title="bbox 1977 631 3546 700">
     <span class='ocr_line' id='line_1_13' title="bbox 1977 631 3546 700; baseline -0.002 -10"><span class='ocrx_word' id='word_1_81' title='bbox 1977 633 2211 690; x_wconf 86' lang='lat' dir='ltr'><strong>occulte.</strong></span> <span class='ocrx_word' id='word_1_82' title='bbox 2241 631 2461 687; x_wconf 75' lang='lat' dir='ltr'><strong>Sciebat</strong></span> <span class='ocrx_word' id='word_1_83' title='bbox 2485 631 2631 685; x_wconf 90' lang='lat' dir='ltr'><strong>enim</strong></span> <span class='ocrx_word' id='word_1_84' title='bbox 2664 632 2931 700; x_wconf 88' lang='lat' dir='ltr'><strong>quosdam</strong></span> <span class='ocrx_word' id='word_1_85' title='bbox 2962 647 3086 687; x_wconf 88' lang='lat' dir='ltr'><strong>esse</strong></span> <span class='ocrx_word' id='word_1_86' title='bbox 3141 633 3386 687; x_wconf 83' lang='lat' dir='ltr'><strong>homines</strong></span> <span class='ocrx_word' id='word_1_87' title='bbox 3406 673 3422 699; x_wconf 95' lang='lat'><strong>,</strong></span> <span class='ocrx_word' id='word_1_88' title='bbox 3452 631 3546 700; x_wconf 88' lang='lat' dir='ltr'><strong>qui</strong></span> 
     </span>
    </p>
   </div>
   <div class='ocr_carea' id='block_1_14' title="bbox 1979 724 3545 795">
    <p class='ocr_par' dir='ltr' id='par_1_14' title="bbox 1979 724 3545 795">
     <span class='ocr_line' id='line_1_14' title="bbox 1979 724 3545 795; baseline -0.001 -17"><span class='ocrx_word' id='word_1_89' title='bbox 1979 727 2234 780; x_wconf 80' lang='lat' dir='ltr'><strong>virtutem</strong></span> <span class='ocrx_word' id='word_1_90' title='bbox 2268 724 2439 795; x_wconf 85' lang='lat' dir='ltr'><strong>ipsius</strong></span> <span class='ocrx_word' id='word_1_91' title='bbox 2473 740 2537 779; x_wconf 82' lang='lat' dir='ltr'><strong>as</strong></span> <span class='ocrx_word' id='word_1_92' title='bbox 2569 725 2894 793; x_wconf 81' lang='lat' dir='ltr'><strong>potentiam,</strong></span> <span class='ocrx_word' id='word_1_93' title='bbox 2928 726 3126 780; x_wconf 82' lang='lat' dir='ltr'><strong>mentis</strong></span> <span class='ocrx_word' id='word_1_94' title='bbox 3161 725 3276 780; x_wconf 89' lang='lat' dir='ltr'><strong>acie</strong></span> <span class='ocrx_word' id='word_1_95' title='bbox 3303 734 3545 780; x_wconf 65' lang='lat' dir='ltr'><strong>contem-</strong></span> 
     </span>
    </p>
   </div>
   <div class='ocr_carea' id='block_1_15' title="bbox 1980 817 3544 888">
    <p class='ocr_par' dir='ltr' id='par_1_15' title="bbox 1980 817 3544 888">
     <span class='ocr_line' id='line_1_15' title="bbox 1980 817 3544 888; baseline 0.001 -19"><span class='ocrx_word' id='word_1_96' title='bbox 1980 819 2299 888; x_wconf 82' lang='lat' dir='ltr'><strong>plarentnr:</strong></span> <span class='ocrx_word' id='word_1_97' title='bbox 2353 817 2490 870; x_wconf 89' lang='lat' dir='ltr'><strong>alios</strong></span> <span class='ocrx_word' id='word_1_98' title='bbox 2544 829 2675 869; x_wconf 87' lang='lat' dir='ltr'><strong>vero</strong></span> <span class='ocrx_word' id='word_1_99' title='bbox 2725 826 2910 886; x_wconf 88' lang='lat' dir='ltr'><strong>utpote</strong></span> <span class='ocrx_word' id='word_1_100' title='bbox 2959 817 3130 871; x_wconf 87' lang='lat' dir='ltr'><strong>brutis</strong></span> <span class='ocrx_word' id='word_1_101' title='bbox 3177 817 3544 875; x_wconf 81' lang='lat' dir='ltr'><strong>animantibus</strong></span> 
     </span>
    </p>
   </div>
   <div class='ocr_carea' id='block_1_16' title="bbox 1979 906 3547 980">
    <p class='ocr_par' dir='ltr' id='par_1_16' title="bbox 1979 906 3547 980">
     <span class='ocr_line' id='line_1_16' title="bbox 1979 906 3547 980; baseline 0 -18"><span class='ocrx_word' id='word_1_102' title='bbox 1979 909 2284 980; x_wconf 89' lang='lat' dir='ltr'><strong>persimiles</strong></span> <span class='ocrx_word' id='word_1_103' title='bbox 2327 907 2500 977; x_wconf 89' lang='lat' dir='ltr'><strong>magis</strong></span> <span class='ocrx_word' id='word_1_104' title='bbox 2530 906 2783 962; x_wconf 89' lang='lat' dir='ltr'><strong>sensibus</strong></span> <span class='ocrx_word' id='word_1_105' title='bbox 2816 907 3098 962; x_wconf 64' lang='lat' dir='ltr'><strong>inhaerere.</strong></span> <span class='ocrx_word' id='word_1_106' title='bbox 3133 909 3254 962; x_wconf 90' lang='lat' dir='ltr'><strong>Ideo</strong></span> <span class='ocrx_word' id='word_1_107' title='bbox 3281 909 3456 979; x_wconf 82' lang='lat' dir='ltr'><strong>palam</strong></span> <span class='ocrx_word' id='word_1_108' title='bbox 3489 917 3547 962; x_wconf 88' lang='lat' dir='ltr'><strong>et</strong></span> 
     </span>
    </p>
   </div>
   <div class='ocr_carea' id='block_1_17' title="bbox 1979 997 3543 1070">
    <p class='ocr_par' dir='ltr' id='par_1_17' title="bbox 1979 997 3543 1070">
     <span class='ocr_line' id='line_1_17' title="bbox 1979 997 3543 1070; baseline 0.001 -17"><span class='ocrx_word' id='word_1_109' title='bbox 1979 1009 2184 1070; x_wconf 89' lang='lat' dir='ltr'><strong>aperte,</strong></span> <span class='ocrx_word' id='word_1_110' title='bbox 2220 1014 2286 1053; x_wconf 91' lang='lat' dir='ltr'><strong>ne</strong></span> <span class='ocrx_word' id='word_1_111' title='bbox 2318 999 2438 1067; x_wconf 89' lang='lat' dir='ltr'><strong>quis</strong></span> <span class='ocrx_word' id='word_1_112' title='bbox 2472 997 2587 1052; x_wconf 89' lang='lat' dir='ltr'><strong>sive</strong></span> <span class='ocrx_word' id='word_1_113' title='bbox 2623 997 2798 1053; x_wconf 91' lang='lat' dir='ltr'><strong>bonus</strong></span> <span class='ocrx_word' id='word_1_114' title='bbox 2849 998 2964 1052; x_wconf 87' lang='lat' dir='ltr'><strong>sive</strong></span> <span class='ocrx_word' id='word_1_115' title='bbox 2993 999 3268 1068; x_wconf 86' lang='lat' dir='ltr'><strong>improbus</strong></span> <span class='ocrx_word' id='word_1_116' title='bbox 3294 998 3543 1060; x_wconf 85' lang='lat' dir='ltr'><strong>dubitare</strong></span> 
     </span>
    </p>
   </div>
   <div class='ocr_carea' id='block_1_18' title="bbox 1978 1089 3541 1164">
    <p class='ocr_par' dir='ltr' id='par_1_18' title="bbox 1978 1089 3541 1164">
     <span class='ocr_line' id='line_1_18' title="bbox 1978 1089 3541 1164; baseline 0 -20"><span class='ocrx_word' id='word_1_117' title='bbox 1978 1101 2180 1164; x_wconf 83' lang='lat' dir='ltr'><strong>posset,</strong></span> <span class='ocrx_word' id='word_1_118' title='bbox 2232 1089 2618 1145; x_wconf 80' lang='lat' dir='ltr'><strong>beatitudinem</strong></span> <span class='ocrx_word' id='word_1_119' title='bbox 2668 1099 2722 1146; x_wconf 87' lang='lat' dir='ltr'><strong>et</strong></span> <span class='ocrx_word' id='word_1_120' title='bbox 2779 1090 3153 1144; x_wconf 82' lang='lat' dir='ltr'><strong>admirabilem</strong></span> <span class='ocrx_word' id='word_1_121' title='bbox 3202 1091 3541 1144; x_wconf 85' lang='lat' dir='ltr'><strong>curationem</strong></span> 
     </span>
    </p>
   </div>
   <div class='ocr_carea' id='block_1_19' title="bbox 1976 1182 3544 1252">
    <p class='ocr_par' dir='ltr' id='par_1_19' title="bbox 1976 1182 3544 1252">
     <span class='ocr_line' id='line_1_19' title="bbox 1976 1182 3544 1252; baseline -0.003 -12"><span class='ocrx_word' id='word_1_122' title='bbox 1976 1184 2216 1240; x_wconf 83' lang='lat' dir='ltr'><strong>Omnium</strong></span> <span class='ocrx_word' id='word_1_123' title='bbox 2250 1184 2422 1238; x_wconf 80' lang='lat' dir='ltr'><strong>oculis</strong></span> <span class='ocrx_word' id='word_1_124' title='bbox 2445 1182 2675 1251; x_wconf 84' lang='lat' dir='ltr'><strong>subjecit</strong></span> <span class='ocrx_word' id='word_1_125' title='bbox 2705 1201 2720 1236; x_wconf 88' lang='lat'>:</span> <span class='ocrx_word' id='word_1_126' title='bbox 2757 1182 2986 1237; x_wconf 88' lang='lat' dir='ltr'><strong>mortuis</strong></span> <span class='ocrx_word' id='word_1_127' title='bbox 3014 1183 3229 1252; x_wconf 84' lang='lat' dir='ltr'><strong>quidem</strong></span> <span class='ocrx_word' id='word_1_128' title='bbox 3259 1182 3423 1235; x_wconf 89' lang='lat' dir='ltr'><strong>vitam</strong></span> <span class='ocrx_word' id='word_1_129' title='bbox 3456 1182 3544 1236; x_wconf 86' lang='lat' dir='ltr'><strong>de-</strong></span> 
     </span>
    </p>
   </div>
   <div class='ocr_carea' id='block_1_20' title="bbox 298 1273 1885 1353">
    <p class='ocr_par' dir='ltr' id='par_1_20' title="bbox 298 1277 1366 1353">
     <span class='ocr_line' id='line_1_20' title="bbox 298 1277 1366 1353; baseline 0.009 -24"><span class='ocrx_word' id='word_1_130' title='bbox 298 1277 700 1334; x_wconf 79' lang='grc' dir='ltr'>ἀποκαθίστατο</span> <span class='ocrx_word' id='word_1_131' title='bbox 730 1281 1080 1353; x_wconf 81' lang='grc' dir='ltr'><strong>φαιδρότητα.</strong></span> <span class='ocrx_word' id='word_1_132' title='bbox 1361 1297 1366 1304; x_wconf 89' lang='grc'><strong>·</strong></span> 
     </span>
    </p>
   </div>
   <div class='ocr_carea' id='block_1_21' title="bbox 1986 1273 3540 1353">
    <p class='ocr_par' dir='ltr' id='par_1_21' title="bbox 1986 1273 3540 1343">
     <span class='ocr_line' id='line_1_21' title="bbox 1986 1273 3540 1343; baseline -0.003 -15"><span class='ocrx_word' id='word_1_133' title='bbox 1986 1290 2085 1329; x_wconf 91' lang='lat' dir='ltr'><strong>nuo</strong></span> <span class='ocrx_word' id='word_1_134' title='bbox 2112 1275 2401 1328; x_wconf 85' lang='lat' dir='ltr'><strong>restituens</strong></span> <span class='ocrx_word' id='word_1_135' title='bbox 2425 1316 2440 1341; x_wconf 94' lang='lat'><strong>,</strong></span> <span class='ocrx_word' id='word_1_136' title='bbox 2469 1289 2564 1329; x_wconf 89' lang='lat' dir='ltr'><strong>eos</strong></span> <span class='ocrx_word' id='word_1_137' title='bbox 2588 1289 2718 1330; x_wconf 89' lang='lat' dir='ltr'><strong>vero</strong></span> <span class='ocrx_word' id='word_1_138' title='bbox 2743 1274 2834 1343; x_wconf 85' lang='lat' dir='ltr'><strong>qui</strong></span> <span class='ocrx_word' id='word_1_139' title='bbox 2867 1274 3115 1328; x_wconf 85' lang='lat' dir='ltr'><strong>sensibus</strong></span> <span class='ocrx_word' id='word_1_140' title='bbox 3130 1273 3304 1328; x_wconf 87' lang='lat' dir='ltr'><strong>orbati</strong></span> <span class='ocrx_word' id='word_1_141' title='bbox 3338 1281 3540 1337; x_wconf 87' lang='lat' dir='ltr'><strong>essent,</strong></span> 
     </span>
    </p>
   </div>
   <div class='ocr_carea' id='block_1_22' title="bbox 300 1369 3544 1449">
    <p class='ocr_par' dir='ltr' id='par_1_22' title="bbox 300 1369 3544 1449">
     <span class='ocr_line' id='line_1_22' title="bbox 300 1369 3544 1449; baseline -0 -25"><span class='ocrx_word' id='word_1_142' title='bbox 300 1375 584 1440; x_wconf 83' lang='lat' dir='ltr'><strong>pristinum</strong></span> <span class='ocrx_word' id='word_1_143' title='bbox 631 1391 784 1430; x_wconf 91' lang='lat' dir='ltr'><strong>usum</strong></span> <span class='ocrx_word' id='word_1_144' title='bbox 846 1393 1098 1432; x_wconf 87' lang='lat' dir='ltr'><strong>sensuum</strong></span> <span class='ocrx_word' id='word_1_145' title='bbox 1151 1392 1472 1449; x_wconf 87' lang='lat' dir='ltr'><strong>recuperare</strong></span> <span class='ocrx_word' id='word_1_146' title='bbox 1516 1375 1853 1448; x_wconf 74' lang='lat' dir='ltr'><strong>prtecipiens.</strong></span> <span class='ocrx_word' id='word_1_147' title='bbox 1896 1371 2042 1427; x_wconf 85' lang='lat' dir='ltr'><strong>Mare</strong></span> <span class='ocrx_word' id='word_1_148' title='bbox 2110 1385 2242 1426; x_wconf 88' lang='lat' dir='ltr'><strong>vero</strong></span> <span class='ocrx_word' id='word_1_149' title='bbox 2293 1370 2525 1425; x_wconf 79' lang='lat' dir='ltr'><strong>Solidum</strong></span> <span class='ocrx_word' id='word_1_150' title='bbox 2576 1370 2901 1439; x_wconf 86' lang='lat' dir='ltr'><strong>reddidisse,</strong></span> <span class='ocrx_word' id='word_1_151' title='bbox 2964 1379 3019 1425; x_wconf 92' lang='lat' dir='ltr'><strong>et</strong></span> <span class='ocrx_word' id='word_1_152' title='bbox 3049 1371 3102 1424; x_wconf 90' lang='lat' dir='ltr'><strong>in</strong></span> <span class='ocrx_word' id='word_1_153' title='bbox 3144 1369 3320 1425; x_wconf 86' lang='lat' dir='ltr'><strong>media</strong></span> <span class='ocrx_word' id='word_1_154' title='bbox 3409 1377 3544 1424; x_wconf 90' lang='lat' dir='ltr'><strong>tem-</strong></span> 
     </span>
    </p>
   </div>
   <div class='ocr_carea' id='block_1_23' title="bbox 303 1465 3546 1541">
    <p class='ocr_par' dir='ltr' id='par_1_23' title="bbox 303 1465 3546 1541">
     <span class='ocr_line' id='line_1_23' title="bbox 303 1465 3546 1541; baseline 0.001 -25"><span class='ocrx_word' id='word_1_155' title='bbox 303 1477 511 1533; x_wconf 85' lang='lat' dir='ltr'><strong>pestate</strong></span> <span class='ocrx_word' id='word_1_156' title='bbox 560 1470 1008 1538; x_wconf 78' lang='lat' dir='ltr'><strong>tranquillitatem</strong></span> <span class='ocrx_word' id='word_1_157' title='bbox 1043 1473 1178 1526; x_wconf 89' lang='lat' dir='ltr'><strong>oriri</strong></span> <span class='ocrx_word' id='word_1_158' title='bbox 1224 1471 1490 1540; x_wconf 74' lang='lat' dir='ltr'><strong>iussisse;</strong></span> <span class='ocrx_word' id='word_1_159' title='bbox 1523 1488 1586 1525; x_wconf 87' lang='lat' dir='ltr'><strong>ac</strong></span> <span class='ocrx_word' id='word_1_160' title='bbox 1635 1481 1908 1541; x_wconf 88' lang='lat' dir='ltr'><strong>postremo</strong></span> <span class='ocrx_word' id='word_1_161' title='bbox 1947 1483 2069 1524; x_wconf 92' lang='lat' dir='ltr'><strong>cum</strong></span> <span class='ocrx_word' id='word_1_162' title='bbox 2133 1466 2449 1521; x_wconf 87' lang='lat' dir='ltr'><strong>admiranda</strong></span> <span class='ocrx_word' id='word_1_163' title='bbox 2477 1479 2642 1536; x_wconf 89' lang='lat' dir='ltr'><strong>opera</strong></span> <span class='ocrx_word' id='word_1_164' title='bbox 2681 1467 2961 1529; x_wconf 88' lang='lat' dir='ltr'><strong>edidisset,</strong></span> <span class='ocrx_word' id='word_1_165' title='bbox 3001 1475 3055 1520; x_wconf 89' lang='lat' dir='ltr'><strong>et</strong></span> <span class='ocrx_word' id='word_1_166' title='bbox 3083 1467 3331 1521; x_wconf 83' lang='lat' dir='ltr'><strong>homines</strong></span> <span class='ocrx_word' id='word_1_167' title='bbox 3368 1465 3434 1519; x_wconf 86' lang='lat' dir='ltr'><strong>ab</strong></span> <span class='ocrx_word' id='word_1_168' title='bbox 3469 1465 3546 1519; x_wconf 87' lang='lat' dir='ltr'><strong>in-</strong></span> 
     </span>
    </p>
   </div>
   <div class='ocr_carea' id='block_1_24' title="bbox 299 1556 3546 1627">
    <p class='ocr_par' dir='ltr' id='par_1_24' title="bbox 299 1556 3546 1627">
     <span class='ocr_line' id='line_1_24' title="bbox 299 1556 3546 1627; baseline 0 -18"><span class='ocrx_word' id='word_1_169' title='bbox 299 1556 620 1612; x_wconf 85' lang='lat' dir='ltr'><strong>credulitate</strong></span> <span class='ocrx_word' id='word_1_170' title='bbox 652 1560 717 1612; x_wconf 87' lang='lat' dir='ltr'><strong>ad</strong></span> <span class='ocrx_word' id='word_1_171' title='bbox 751 1562 1183 1616; x_wconf 77' lang='lat' dir='ltr'><strong>robustissimum</strong></span> <span class='ocrx_word' id='word_1_172' title='bbox 1229 1562 1385 1615; x_wconf 81' lang='lat' dir='ltr'><strong>iidem</strong></span> <span class='ocrx_word' id='word_1_173' title='bbox 1420 1562 1775 1626; x_wconf 76' lang='lat' dir='ltr'><strong>traduxisset,</strong></span> <span class='ocrx_word' id='word_1_174' title='bbox 1808 1562 1858 1612; x_wconf 91' lang='lat' dir='ltr'><strong>in</strong></span> <span class='ocrx_word' id='word_1_175' title='bbox 1899 1558 2093 1613; x_wconf 66' lang='lat' dir='ltr'><strong>coelum</strong></span> <span class='ocrx_word' id='word_1_176' title='bbox 2150 1556 2484 1622; x_wconf 82' lang='lat' dir='ltr'><strong>evolavisse;</strong></span> <span class='ocrx_word' id='word_1_177' title='bbox 2532 1557 2692 1627; x_wconf 86' lang='lat' dir='ltr'><strong>cujus</strong></span> <span class='ocrx_word' id='word_1_178' title='bbox 2739 1557 2953 1611; x_wconf 88' lang='lat' dir='ltr'><strong>tandem</strong></span> <span class='ocrx_word' id='word_1_179' title='bbox 2983 1556 3085 1611; x_wconf 91' lang='lat' dir='ltr'><strong>nisi</strong></span> <span class='ocrx_word' id='word_1_180' title='bbox 3150 1556 3242 1612; x_wconf 90' lang='lat' dir='ltr'><strong>Dei</strong></span> <span class='ocrx_word' id='word_1_181' title='bbox 3274 1565 3326 1610; x_wconf 89' lang='lat' dir='ltr'><strong>et</strong></span> <span class='ocrx_word' id='word_1_182' title='bbox 3355 1570 3546 1626; x_wconf 82' lang='lat' dir='ltr'><strong>supre-</strong></span> 
     </span>
    </p>
   </div>
   <div class='ocr_carea' id='block_1_25' title="bbox 312 1649 3544 1727">
    <p class='ocr_par' dir='ltr' id='par_1_25' title="bbox 312 1649 3544 1727">
     <span class='ocr_line' id='line_1_25' title="bbox 312 1649 3544 1727; baseline -0.001 -24"><span class='ocrx_word' id='word_1_183' title='bbox 312 1666 412 1705; x_wconf 78' lang='lat' dir='ltr'><strong>ma:</strong></span> <span class='ocrx_word' id='word_1_184' title='bbox 452 1653 729 1722; x_wconf 80' lang='lat' dir='ltr'><strong>cujusdam</strong></span> <span class='ocrx_word' id='word_1_185' title='bbox 796 1658 1050 1724; x_wconf 75' lang='lat' dir='ltr'><strong>potentia:</strong></span> <span class='ocrx_word' id='word_1_186' title='bbox 1087 1673 1222 1727; x_wconf 90' lang='lat' dir='ltr'><strong>opus</strong></span> <span class='ocrx_word' id='word_1_187' title='bbox 1270 1656 1408 1711; x_wconf 83' lang='lat' dir='ltr'><strong>fuit?</strong></span> <span class='ocrx_word' id='word_1_188' title='bbox 1439 1655 1545 1712; x_wconf 87' lang='lat' dir='ltr'><strong>Sed</strong></span> <span class='ocrx_word' id='word_1_189' title='bbox 1590 1669 1766 1724; x_wconf 89' lang='lat' dir='ltr'><strong>neque</strong></span> <span class='ocrx_word' id='word_1_190' title='bbox 1831 1664 2040 1723; x_wconf 88' lang='lat' dir='ltr'><strong>tempus</strong></span> <span class='ocrx_word' id='word_1_191' title='bbox 2093 1651 2222 1706; x_wconf 89' lang='lat' dir='ltr'><strong>illud</strong></span> <span class='ocrx_word' id='word_1_192' title='bbox 2263 1651 2403 1721; x_wconf 89' lang='lat' dir='ltr'><strong>quod</strong></span> <span class='ocrx_word' id='word_1_193' title='bbox 2465 1652 2706 1720; x_wconf 89' lang='lat' dir='ltr'><strong>passioni</strong></span> <span class='ocrx_word' id='word_1_194' title='bbox 2754 1651 3056 1720; x_wconf 81' lang='lat' dir='ltr'><strong>proximum</strong></span> <span class='ocrx_word' id='word_1_195' title='bbox 3106 1649 3239 1716; x_wconf 82' lang='lat' dir='ltr'><strong>fuit,</strong></span> <span class='ocrx_word' id='word_1_196' title='bbox 3269 1650 3544 1704; x_wconf 85' lang='lat' dir='ltr'><strong>admiran-</strong></span> 
     </span>
    </p>
   </div>
   <div class='ocr_carea' id='block_1_26' title="bbox 300 1745 3542 1819">
    <p class='ocr_par' dir='ltr' id='par_1_26' title="bbox 300 1745 3542 1819">
     <span class='ocr_line' id='line_1_26' title="bbox 300 1745 3542 1819; baseline 0 -20"><span class='ocrx_word' id='word_1_197' title='bbox 300 1746 387 1799; x_wconf 79' lang='lat' dir='ltr'><strong>dis</strong></span> <span class='ocrx_word' id='word_1_198' title='bbox 452 1745 554 1802; x_wconf 86' lang='lat' dir='ltr'><strong>illis</strong></span> <span class='ocrx_word' id='word_1_199' title='bbox 588 1752 912 1818; x_wconf 85' lang='lat' dir='ltr'><strong>spectaculis</strong></span> <span class='ocrx_word' id='word_1_200' title='bbox 958 1752 1172 1808; x_wconf 89' lang='lat' dir='ltr'><strong>caruit:</strong></span> <span class='ocrx_word' id='word_1_201' title='bbox 1209 1761 1335 1806; x_wconf 94' lang='lat' dir='ltr'><strong>tunc</strong></span> <span class='ocrx_word' id='word_1_202' title='bbox 1392 1767 1515 1807; x_wconf 91' lang='lat' dir='ltr'><strong>cum</strong></span> <span class='ocrx_word' id='word_1_203' title='bbox 1558 1751 1733 1806; x_wconf 90' lang='lat' dir='ltr'><strong>noctis</strong></span> <span class='ocrx_word' id='word_1_204' title='bbox 1763 1747 1939 1819; x_wconf 84' lang='lat' dir='ltr'><strong>caligo</strong></span> <span class='ocrx_word' id='word_1_205' title='bbox 1978 1747 2230 1802; x_wconf 90' lang='lat' dir='ltr'><strong>diurnum</strong></span> <span class='ocrx_word' id='word_1_206' title='bbox 2263 1746 2609 1817; x_wconf 86' lang='lat' dir='ltr'><strong>splendorem</strong></span> <span class='ocrx_word' id='word_1_207' title='bbox 2633 1747 2953 1815; x_wconf 88' lang='lat' dir='ltr'><strong>obscurans,</strong></span> <span class='ocrx_word' id='word_1_208' title='bbox 2989 1745 3156 1802; x_wconf 90' lang='lat' dir='ltr'><strong>solem</strong></span> <span class='ocrx_word' id='word_1_209' title='bbox 3182 1746 3396 1816; x_wconf 91' lang='lat' dir='ltr'><strong>penitus</strong></span> <span class='ocrx_word' id='word_1_210' title='bbox 3418 1745 3542 1799; x_wconf 86' lang='lat' dir='ltr'><strong>abs-</strong></span> 
     </span>
    </p>
   </div>
   <div class='ocr_carea' id='block_1_27' title="bbox 302 1842 3545 1918">
    <p class='ocr_par' dir='ltr' id='par_1_27' title="bbox 302 1842 3545 1918">
     <span class='ocr_line' id='line_1_27' title="bbox 302 1842 3545 1918; baseline -0.001 -21"><span class='ocrx_word' id='word_1_211' title='bbox 302 1842 506 1901; x_wconf 87' lang='lat' dir='ltr'><strong>condit.</strong></span> <span class='ocrx_word' id='word_1_212' title='bbox 566 1844 773 1915; x_wconf 85' lang='lat' dir='ltr'><strong>Quippe</strong></span> <span class='ocrx_word' id='word_1_213' title='bbox 793 1863 988 1901; x_wconf 72' lang='lat' dir='ltr'><strong>omnes</strong></span> <span class='ocrx_word' id='word_1_214' title='bbox 1024 1848 1222 1916; x_wconf 86' lang='lat' dir='ltr'><strong>ubique</strong></span> <span class='ocrx_word' id='word_1_215' title='bbox 1252 1847 1476 1918; x_wconf 90' lang='lat' dir='ltr'><strong>populos</strong></span> <span class='ocrx_word' id='word_1_216' title='bbox 1513 1857 1690 1902; x_wconf 89' lang='lat' dir='ltr'><strong>terror</strong></span> <span class='ocrx_word' id='word_1_217' title='bbox 1735 1851 2070 1916; x_wconf 85' lang='lat' dir='ltr'><strong>pervaserat,</strong></span> <span class='ocrx_word' id='word_1_218' title='bbox 2102 1842 2286 1897; x_wconf 90' lang='lat' dir='ltr'><strong>mundi</strong></span> <span class='ocrx_word' id='word_1_219' title='bbox 2352 1842 2560 1897; x_wconf 78' lang='lat' dir='ltr'><strong>exitum</strong></span> <span class='ocrx_word' id='word_1_220' title='bbox 2628 1843 2914 1898; x_wconf 90' lang='lat' dir='ltr'><strong>advenisse</strong></span> <span class='ocrx_word' id='word_1_221' title='bbox 2973 1842 3089 1911; x_wconf 85' lang='lat' dir='ltr'><strong>jam</strong></span> <span class='ocrx_word' id='word_1_222' title='bbox 3143 1842 3455 1906; x_wconf 89' lang='lat' dir='ltr'><strong>credentes,</strong></span> <span class='ocrx_word' id='word_1_223' title='bbox 3490 1849 3545 1896; x_wconf 89' lang='lat' dir='ltr'><strong>et</strong></span> 
     </span>
    </p>
   </div>
   <div class='ocr_carea' id='block_1_28' title="bbox 303 1932 3546 2008">
    <p class='ocr_par' dir='ltr' id='par_1_28' title="bbox 303 1932 3546 2008">
     <span class='ocr_line' id='line_1_28' title="bbox 303 1932 3546 2008; baseline -0.001 -15"><span class='ocrx_word' id='word_1_224' title='bbox 303 1938 356 1993; x_wconf 89' lang='lat' dir='ltr'><strong>in</strong></span> <span class='ocrx_word' id='word_1_225' title='bbox 390 1937 676 2008; x_wconf 90' lang='lat' dir='ltr'><strong>pristinum</strong></span> <span class='ocrx_word' id='word_1_226' title='bbox 697 1940 863 1993; x_wconf 79' lang='lat' dir='ltr'><strong>chaos</strong></span> <span class='ocrx_word' id='word_1_227' title='bbox 892 1939 1192 2008; x_wconf 88' lang='lat' dir='ltr'><strong>cujusmodi</strong></span> <span class='ocrx_word' id='word_1_228' title='bbox 1225 1949 1350 1993; x_wconf 87' lang='lat' dir='ltr'><strong>ante</strong></span> <span class='ocrx_word' id='word_1_229' title='bbox 1375 1940 1559 1993; x_wconf 89' lang='lat' dir='ltr'><strong>orbem</strong></span> <span class='ocrx_word' id='word_1_230' title='bbox 1588 1937 1866 1992; x_wconf 88' lang='lat' dir='ltr'><strong>conditum</strong></span> <span class='ocrx_word' id='word_1_231' title='bbox 1908 1934 2029 1999; x_wconf 79' lang='lat' dir='ltr'><strong>fuit,</strong></span> <span class='ocrx_word' id='word_1_232' title='bbox 2061 1943 2254 1989; x_wconf 89' lang='lat' dir='ltr'><strong>cuneta</strong></span> <span class='ocrx_word' id='word_1_233' title='bbox 2288 1935 2534 1988; x_wconf 89' lang='lat' dir='ltr'><strong>reditura</strong></span> <span class='ocrx_word' id='word_1_234' title='bbox 2603 1947 2743 1990; x_wconf 92' lang='lat' dir='ltr'><strong>esse.</strong></span> <span class='ocrx_word' id='word_1_235' title='bbox 2804 1932 3206 2003; x_wconf 79' lang='lat' dir='ltr'><strong>Requirebatur</strong></span> <span class='ocrx_word' id='word_1_236' title='bbox 3231 1950 3392 1990; x_wconf 87' lang='lat' dir='ltr'><strong>causa</strong></span> <span class='ocrx_word' id='word_1_237' title='bbox 3427 1944 3546 1990; x_wconf 86' lang='lat' dir='ltr'><strong>tan--</strong></span> 
     </span>
    </p>
   </div>
   <div class='ocr_carea' id='block_1_29' title="bbox 306 2025 3547 2103">
    <p class='ocr_par' dir='ltr' id='par_1_29' title="bbox 306 2025 3547 2103">
     <span class='ocr_line' id='line_1_29' title="bbox 306 2025 3547 2103; baseline -0.002 -16"><span class='ocrx_word' id='word_1_238' title='bbox 306 2043 374 2087; x_wconf 67' lang='lat' dir='ltr'><strong>tae</strong></span> <span class='ocrx_word' id='word_1_239' title='bbox 405 2032 749 2096; x_wconf 85' lang='lat' dir='ltr'><strong>calamitatis,</strong></span> <span class='ocrx_word' id='word_1_240' title='bbox 774 2045 826 2089; x_wconf 90' lang='lat' dir='ltr'><strong>et</strong></span> <span class='ocrx_word' id='word_1_241' title='bbox 859 2035 1001 2103; x_wconf 89' lang='lat' dir='ltr'><strong>quod</strong></span> <span class='ocrx_word' id='word_1_242' title='bbox 1039 2043 1244 2087; x_wconf 88' lang='lat' dir='ltr'><strong>tantum</strong></span> <span class='ocrx_word' id='word_1_243' title='bbox 1302 2034 1478 2089; x_wconf 88' lang='lat' dir='ltr'><strong>scelus</strong></span> <span class='ocrx_word' id='word_1_244' title='bbox 1537 2034 1797 2088; x_wconf 85' lang='lat' dir='ltr'><strong>adversus</strong></span> <span class='ocrx_word' id='word_1_245' title='bbox 1828 2031 1923 2087; x_wconf 89' lang='lat' dir='ltr'><strong>Dei</strong></span> <span class='ocrx_word' id='word_1_246' title='bbox 1961 2029 2169 2085; x_wconf 84' lang='lat' dir='ltr'><strong>Numen</strong></span> <span class='ocrx_word' id='word_1_247' title='bbox 2200 2030 2267 2084; x_wconf 90' lang='lat' dir='ltr'><strong>ab</strong></span> <span class='ocrx_word' id='word_1_248' title='bbox 2297 2027 2610 2083; x_wconf 86' lang='lat' dir='ltr'><strong>hominibus</strong></span> <span class='ocrx_word' id='word_1_249' title='bbox 2646 2027 2938 2081; x_wconf 89' lang='lat' dir='ltr'><strong>admissum</strong></span> <span class='ocrx_word' id='word_1_250' title='bbox 2961 2026 3155 2082; x_wconf 76' lang='lat' dir='ltr'><strong>fuisset</strong></span> <span class='ocrx_word' id='word_1_251' title='bbox 3187 2025 3380 2083; x_wconf 90' lang='lat' dir='ltr'><strong>:douec</strong></span> <span class='ocrx_word' id='word_1_252' title='bbox 3403 2027 3547 2084; x_wconf 83' lang='lat' dir='ltr'><strong>Deus</strong></span> 
     </span>
    </p>
   </div>
   <div class='ocr_carea' id='block_1_30' title="bbox 301 2122 3542 2199">
    <p class='ocr_par' dir='ltr' id='par_1_30' title="bbox 301 2122 3542 2199">
     <span class='ocr_line' id='line_1_30' title="bbox 301 2122 3542 2199; baseline -0.001 -19"><span class='ocrx_word' id='word_1_253' title='bbox 301 2127 512 2198; x_wconf 84' lang='lat' dir='ltr'><strong>placida</strong></span> <span class='ocrx_word' id='word_1_254' title='bbox 541 2129 706 2182; x_wconf 85' lang='lat' dir='ltr'><strong>animi</strong></span> <span class='ocrx_word' id='word_1_255' title='bbox 756 2129 1123 2199; x_wconf 80' lang='lat' dir='ltr'><strong>magnitudine</strong></span> <span class='ocrx_word' id='word_1_256' title='bbox 1168 2130 1526 2184; x_wconf 83' lang='lat' dir='ltr'><strong>contumelias</strong></span> <span class='ocrx_word' id='word_1_257' title='bbox 1581 2130 1865 2199; x_wconf 89' lang='lat' dir='ltr'><strong>impiorum</strong></span> <span class='ocrx_word' id='word_1_258' title='bbox 1907 2127 2234 2197; x_wconf 86' lang='lat' dir='ltr'><strong>despiciens,</strong></span> <span class='ocrx_word' id='word_1_259' title='bbox 2268 2134 2461 2179; x_wconf 90' lang='lat' dir='ltr'><strong>cuncta</strong></span> <span class='ocrx_word' id='word_1_260' title='bbox 2532 2122 2880 2191; x_wconf 85' lang='lat' dir='ltr'><strong>restituisset,</strong></span> <span class='ocrx_word' id='word_1_261' title='bbox 2943 2131 2998 2178; x_wconf 92' lang='lat' dir='ltr'><strong>et</strong></span> <span class='ocrx_word' id='word_1_262' title='bbox 3025 2131 3282 2178; x_wconf 88' lang='lat' dir='ltr'><strong>consueto</strong></span> <span class='ocrx_word' id='word_1_263' title='bbox 3305 2123 3542 2178; x_wconf 89' lang='lat' dir='ltr'><strong>siderum</strong></span> 
     </span>
    </p>
   </div>
   <div class='ocr_carea' id='block_1_31' title="bbox 305 2220 1388 2277">
    <p class='ocr_par' dir='ltr' id='par_1_31' title="bbox 305 2220 1388 2277">
     <span class='ocr_line' id='line_1_31' title="bbox 305 2220 1388 2277; baseline -0.003 0"><span class='ocrx_word' id='word_1_264' title='bbox 305 2235 467 2277; x_wconf 91' lang='lat' dir='ltr'><strong>cursu</strong></span> <span class='ocrx_word' id='word_1_265' title='bbox 534 2220 726 2277; x_wconf 63' lang='lat' dir='ltr'><strong>caelum</strong></span> <span class='ocrx_word' id='word_1_266' title='bbox 779 2235 938 2276; x_wconf 88' lang='lat' dir='ltr'><strong>omne</strong></span> <span class='ocrx_word' id='word_1_267' title='bbox 990 2223 1388 2276; x_wconf 77' lang='lat' dir='ltr'><strong>cxornavisset.</strong></span> 
     </span>
    </p>
   </div>
   <div class='ocr_carea' id='block_1_32' title="bbox 1475 2214 3548 2290">
    <p class='ocr_par' dir='ltr' id='par_1_32' title="bbox 1475 2214 3548 2290">
     <span class='ocr_line' id='line_1_32' title="bbox 1475 2214 3548 2290; baseline -0.003 -14"><span class='ocrx_word' id='word_1_268' title='bbox 1475 2222 1660 2290; x_wconf 83' lang='lat' dir='ltr'><strong>itaque</strong></span> <span class='ocrx_word' id='word_1_269' title='bbox 1704 2224 1872 2278; x_wconf 88' lang='lat' dir='ltr'><strong>totius</strong></span> <span class='ocrx_word' id='word_1_270' title='bbox 1912 2219 2096 2275; x_wconf 90' lang='lat' dir='ltr'><strong>tnnndi</strong></span> <span class='ocrx_word' id='word_1_271' title='bbox 2158 2217 2346 2281; x_wconf 79' lang='lat' dir='ltr'><strong>facies,</strong></span> <span class='ocrx_word' id='word_1_272' title='bbox 2382 2232 2502 2288; x_wconf 65' lang='lat' dir='ltr'><strong>qua:</strong></span> <span class='ocrx_word' id='word_1_273' title='bbox 2560 2216 2710 2271; x_wconf 92' lang='lat' dir='ltr'><strong>luctu</strong></span> <span class='ocrx_word' id='word_1_274' title='bbox 2748 2231 2813 2272; x_wconf 83' lang='lat' dir='ltr'><strong>ac</strong></span> <span class='ocrx_word' id='word_1_275' title='bbox 2862 2229 3102 2271; x_wconf 71' lang='lat' dir='ltr'><strong>mmrore</strong></span> <span class='ocrx_word' id='word_1_276' title='bbox 3149 2214 3548 2285; x_wconf 85' lang='lat' dir='ltr'><strong>quodammodo</strong></span> 
     </span>
    </p>
   </div>
   <div class='ocr_carea' id='block_1_33' title="bbox 311 2317 2077 2390">
    <p class='ocr_par' dir='ltr' id='par_1_33' title="bbox 311 2317 2077 2390">
     <span class='ocr_line' id='line_1_33' title="bbox 311 2317 2077 2390; baseline -0.003 -16"><span class='ocrx_word' id='word_1_277' title='bbox 311 2317 528 2374; x_wconf 83' lang='lat' dir='ltr'><strong>:onl&#39;usa</strong></span> <span class='ocrx_word' id='word_1_278' title='bbox 563 2317 763 2386; x_wconf 81' lang='lat' dir='ltr'><strong>fuerat,</strong></span> <span class='ocrx_word' id='word_1_279' title='bbox 795 2319 1085 2388; x_wconf 73' lang='lat' dir='ltr'><strong>pristinuzn</strong></span> <span class='ocrx_word' id='word_1_280' title='bbox 1139 2321 1318 2376; x_wconf 88' lang='lat' dir='ltr'><strong>denuo</strong></span> <span class='ocrx_word' id='word_1_281' title='bbox 1342 2318 1682 2390; x_wconf 88' lang='lat' dir='ltr'><strong>splendorem</strong></span> <span class='ocrx_word' id='word_1_282' title='bbox 1717 2319 2077 2390; x_wconf 84' lang='lat' dir='ltr'><strong>recuperavit.</strong></span> 
     </span>
    </p>
   </div>
   <div class='ocr_carea' id='block_1_34' title="bbox 795 2433 1334 2488">
    <p class='ocr_par' dir='ltr' id='par_1_34' title="bbox 795 2433 1334 2488">
     <span class='ocr_line' id='line_1_34' title="bbox 795 2433 1334 2488; baseline 0.006 -3"><span class='ocrx_word' id='word_1_283' title='bbox 795 2433 1194 2487; x_wconf 75' lang='grc' dir='ltr'><strong>ΚΕΦΑΛΑῘΟΝ</strong></span> <span class='ocrx_word' id='word_1_284' title='bbox 1233 2434 1334 2488; x_wconf 85' lang='lat' dir='ltr'><strong>lB&#39;.</strong></span> 
     </span>
    </p>
   </div>
   <div class='ocr_carea' id='block_1_35' title="bbox 295 2511 1877 2595">
    <p class='ocr_par' dir='ltr' id='par_1_35' title="bbox 295 2511 1877 2595">
     <span class='ocr_line' id='line_1_35' title="bbox 295 2511 1877 2595; baseline -0.002 -15"><span class='ocrx_word' id='word_1_285' title='bbox 295 2527 441 2594; x_wconf 72' lang='grc' dir='ltr'>Περὶ</span> <span class='ocrx_word' id='word_1_286' title='bbox 470 2525 588 2580; x_wconf 80' lang='grc' dir='ltr'><strong>τῶν</strong></span> <span class='ocrx_word' id='word_1_287' title='bbox 604 2523 690 2595; x_wconf 79' lang='grc' dir='ltr'>μὴ</span> <span class='ocrx_word' id='word_1_288' title='bbox 720 2511 985 2595; x_wconf 73' lang='grc' dir='ltr'>γνόντων</span> <span class='ocrx_word' id='word_1_289' title='bbox 1006 2526 1072 2579; x_wconf 78' lang='grc' dir='ltr'><strong>τό</strong></span> <span class='ocrx_word' id='word_1_290' title='bbox 1095 2525 1449 2595; x_wconf 73' lang='grc' dir='ltr'>μυστήριον,</span> <span class='ocrx_word' id='word_1_291' title='bbox 1474 2526 1569 2580; x_wconf 79' lang='grc' dir='ltr'>καὶ</span> <span class='ocrx_word' id='word_1_292' title='bbox 1597 2525 1685 2579; x_wconf 84' lang='grc' dir='ltr'>ὅτι</span> <span class='ocrx_word' id='word_1_293' title='bbox 1707 2524 1877 2578; x_wconf 82' lang='grc' dir='ltr'>ἐκόν-</span> 
     </span>
    </p>
   </div>
   <div class='ocr_carea' id='block_1_36' title="bbox 376 2595 1877 2667">
    <p class='ocr_par' dir='ltr' id='par_1_36' title="bbox 376 2595 1877 2667">
     <span class='ocr_line' id='line_1_36' title="bbox 376 2595 1877 2667; baseline -0.003 -16"><span class='ocrx_word' id='word_1_294' title='bbox 376 2616 472 2658; x_wconf 76' lang='grc' dir='ltr'><strong>τες</strong></span> <span class='ocrx_word' id='word_1_295' title='bbox 517 2596 857 2667; x_wconf 60' lang='grc' dir='ltr'><strong>ἠγνόησαν·</strong></span> <span class='ocrx_word' id='word_1_296' title='bbox 905 2596 1002 2648; x_wconf 77' lang='grc' dir='ltr'>καὶ</span> <span class='ocrx_word' id='word_1_297' title='bbox 1051 2597 1166 2651; x_wconf 79' lang='grc' dir='ltr'>ὅσα</span> <span class='ocrx_word' id='word_1_298' title='bbox 1216 2597 1356 2662; x_wconf 78' lang='grc' dir='ltr'>τοὺς</span> <span class='ocrx_word' id='word_1_299' title='bbox 1401 2599 1654 2666; x_wconf 70' lang='grc' dir='ltr'>γνόντας</span> <span class='ocrx_word' id='word_1_300' title='bbox 1687 2595 1877 2667; x_wconf 70' lang='grc' dir='ltr'>ἀγειθᾲ</span> 
     </span>
    </p>
   </div>
   <div class='ocr_carea' id='block_1_37' title="bbox 369 2656 1896 2739">
    <p class='ocr_par' dir='ltr' id='par_1_37' title="bbox 369 2656 1896 2739">
     <span class='ocr_line' id='line_1_37' title="bbox 369 2656 1896 2739; baseline -0.003 -18"><span class='ocrx_word' id='word_1_301' title='bbox 369 2656 579 2739; x_wconf 40' lang='lat' dir='ltr'><strong>per-st:</strong></span> <span class='ocrx_word' id='word_1_302' title='bbox 606 2656 704 2720; x_wconf 70' lang='grc' dir='ltr'><strong>καί</strong></span> <span class='ocrx_word' id='word_1_303' title='bbox 743 2664 1009 2736; x_wconf 80' lang='grc' dir='ltr'>μάλιστα</span> <span class='ocrx_word' id='word_1_304' title='bbox 1047 2669 1188 2734; x_wconf 83' lang='grc' dir='ltr'>τοὺς</span> <span class='ocrx_word' id='word_1_305' title='bbox 1216 2656 1612 2737; x_wconf 58' lang='grc' dir='ltr'>δι’ὁλιοίῖογίας</span> <span class='ocrx_word' id='word_1_306' title='bbox 1632 2656 1896 2720; x_wconf 46' lang='lat' dir='ltr'><strong>relatio,</strong></span> 
     </span>
    </p>
   </div>
   <div class='ocr_carea' id='block_1_38' title="bbox 374 2739 607 2806">
    <p class='ocr_par' dir='ltr' id='par_1_38' title="bbox 374 2739 607 2806">
     <span class='ocr_line' id='line_1_38' title="bbox 374 2739 607 2806; baseline 0 -12"><span class='ocrx_word' id='word_1_307' title='bbox 374 2739 607 2806; x_wconf 83' lang='grc' dir='ltr'><strong>θέντας.</strong></span> 
     </span>
    </p>
   </div>
   <div class='ocr_carea' id='block_1_39' title="bbox 389 2844 1874 2933">
    <p class='ocr_par' dir='ltr' id='par_1_39' title="bbox 389 2844 1874 2933">
     <span class='ocr_line' id='line_1_39' title="bbox 389 2844 1874 2933; baseline -0.003 -27"><span class='ocrx_word' id='word_1_308' title='bbox 389 2852 527 2906; x_wconf 82' lang='grc' dir='ltr'>Ἀλλ’</span> <span class='ocrx_word' id='word_1_309' title='bbox 574 2854 692 2933; x_wconf 89' lang='grc' dir='ltr'>ἐρεῖ</span> <span class='ocrx_word' id='word_1_310' title='bbox 735 2870 819 2916; x_wconf 85' lang='grc' dir='ltr'><strong>τις</strong></span> <span class='ocrx_word' id='word_1_311' title='bbox 862 2853 999 2922; x_wconf 75' lang='grc'>(82),</span> <span class='ocrx_word' id='word_1_312' title='bbox 1051 2844 1096 2920; x_wconf 81' lang='grc' dir='ltr'>ᾧ</span> <span class='ocrx_word' id='word_1_313' title='bbox 1140 2851 1289 2920; x_wconf 75' lang='grc' dir='ltr'>φίλον</span> <span class='ocrx_word' id='word_1_314' title='bbox 1340 2851 1456 2903; x_wconf 68' lang='grc' dir='ltr'>ἐστὶ</span> <span class='ocrx_word' id='word_1_315' title='bbox 1514 2849 1874 2921; x_wconf 76' lang='grc' dir='ltr'>βλασφημεῖν,</span> 
     </span>
    </p>
   </div>
   <div class='ocr_carea' id='block_1_40' title="bbox 305 2941 1877 3017">
    <p class='ocr_par' dir='ltr' id='par_1_40' title="bbox 305 2941 1877 3017">
     <span class='ocr_line' id='line_1_40' title="bbox 305 2941 1877 3017; baseline -0.004 -18"><span class='ocrx_word' id='word_1_316' title='bbox 305 2943 436 2999; x_wconf 72' lang='grc' dir='ltr'>Θεὸν</span> <span class='ocrx_word' id='word_1_317' title='bbox 469 2945 596 3000; x_wconf 72' lang='grc' dir='ltr'>ὄντα</span> <span class='ocrx_word' id='word_1_318' title='bbox 619 2944 934 3017; x_wconf 75' lang='grc' dir='ltr'>δεδυνῆσθαι</span> <span class='ocrx_word' id='word_1_319' title='bbox 978 2944 1265 3016; x_wconf 80' lang='grc' dir='ltr'>κρείσσονα</span> <span class='ocrx_word' id='word_1_320' title='bbox 1299 2943 1392 2996; x_wconf 73' lang='grc' dir='ltr'><strong>καὶ</strong></span> <span class='ocrx_word' id='word_1_321' title='bbox 1425 2941 1877 3014; x_wconf 66' lang='grc' dir='ltr'>ἡπιωτέραντὴν</span> 
     </span>
    </p>
   </div>
   <div class='ocr_carea' id='block_1_41' title="bbox 311 3027 1879 3109">
    <p class='ocr_par' dir='ltr' id='par_1_41' title="bbox 311 3027 1879 3109">
     <span class='ocr_line' id='line_1_41' title="bbox 311 3027 1879 3109; baseline -0.003 -19"><span class='ocrx_word' id='word_1_322' title='bbox 311 3036 627 3109; x_wconf 82' lang='grc' dir='ltr'>προαίρεσιν</span> <span class='ocrx_word' id='word_1_323' title='bbox 680 3036 785 3090; x_wconf 82' lang='grc' dir='ltr'><strong>τῶν</strong></span> <span class='ocrx_word' id='word_1_324' title='bbox 831 3035 1132 3106; x_wconf 80' lang='grc' dir='ltr'>ἀνθρώπων</span> <span class='ocrx_word' id='word_1_325' title='bbox 1179 3032 1610 3107; x_wconf 73' lang='grc' dir='ltr'>ἀπεργάσασθαι.</span> <span class='ocrx_word' id='word_1_326' title='bbox 1657 3027 1879 3095; x_wconf 69' lang='grc' dir='ltr'>Τίς³οὖν</span> 
     </span>
    </p>
   </div>
   <div class='ocr_carea' id='block_1_42' title="bbox 311 3124 1882 3198">
    <p class='ocr_par' dir='ltr' id='par_1_42' title="bbox 311 3124 1882 3198">
     <span class='ocr_line' id='line_1_42' title="bbox 311 3124 1882 3198; baseline -0.003 -18"><span class='ocrx_word' id='word_1_327' title='bbox 311 3128 577 3196; x_wconf 77' lang='grc' dir='ltr'>κρείσσων</span> <span class='ocrx_word' id='word_1_328' title='bbox 614 3127 830 3198; x_wconf 80' lang='grc' dir='ltr'>μέθοδος</span> <span class='ocrx_word' id='word_1_329' title='bbox 862 3161 885 3188; x_wconf 77' lang='grc'><strong>,,</strong></span> <span class='ocrx_word' id='word_1_330' title='bbox 910 3125 1039 3180; x_wconf 85' lang='grc' dir='ltr'>ποία</span> <span class='ocrx_word' id='word_1_331' title='bbox 1066 3126 1108 3179; x_wconf 87' lang='grc' dir='ltr'>δ’</span> <span class='ocrx_word' id='word_1_332' title='bbox 1144 3126 1482 3196; x_wconf 72' lang='grc' dir='ltr'>ἐπιχείρησις</span> <span class='ocrx_word' id='word_1_333' title='bbox 1510 3124 1882 3194; x_wconf 66' lang='grc' dir='ltr'>ἀνυτικωτὲρα</span> 
     </span>
    </p>
   </div>
   <div class='ocr_carea' id='block_1_43' title="bbox 313 3213 1878 3292">
    <p class='ocr_par' dir='ltr' id='par_1_43' title="bbox 313 3213 1878 3292">
     <span class='ocr_line' id='line_1_43' title="bbox 313 3213 1878 3292; baseline -0.003 -20"><span class='ocrx_word' id='word_1_334' title='bbox 313 3219 448 3292; x_wconf 78' lang='grc' dir='ltr'>πρὸς</span> <span class='ocrx_word' id='word_1_335' title='bbox 501 3219 561 3271; x_wconf 84' lang='grc' dir='ltr'><strong>τὸ</strong></span> <span class='ocrx_word' id='word_1_336' title='bbox 611 3218 736 3281; x_wconf 76' lang='grc' dir='ltr'>τοὺς</span> <span class='ocrx_word' id='word_1_337' title='bbox 790 3219 992 3281; x_wconf 79' lang='grc' dir='ltr'>κακοὺς</span> <span class='ocrx_word' id='word_1_338' title='bbox 1040 3216 1491 3285; x_wconf 56' lang='grc' dir='ltr'>σωξρονισῦἧναι,</span> <span class='ocrx_word' id='word_1_339' title='bbox 1537 3217 1634 3286; x_wconf 66' lang='grc' dir='ltr'>τῆς</span> <span class='ocrx_word' id='word_1_340' title='bbox 1683 3213 1878 3268; x_wconf 76' lang='grc' dir='ltr'>ἐαυτοῦ</span> 
     </span>
    </p>
   </div>
   <div class='ocr_carea' id='block_1_44' title="bbox 311 3305 1883 3384">
    <p class='ocr_par' dir='ltr' id='par_1_44' title="bbox 311 3305 1883 3384">
     <span class='ocr_line' id='line_1_44' title="bbox 311 3305 1883 3384; baseline -0.005 -18"><span class='ocrx_word' id='word_1_341' title='bbox 311 3313 698 3384; x_wconf 81' lang='grc' dir='ltr'>προσρήσεως;</span> <span class='ocrx_word' id='word_1_342' title='bbox 729 3311 841 3364; x_wconf 79' lang='grc' dir='ltr'>Οὐκ</span> <span class='ocrx_word' id='word_1_343' title='bbox 882 3309 1044 3373; x_wconf 72' lang='grc' dir='ltr'>αὐτὸς</span> <span class='ocrx_word' id='word_1_344' title='bbox 1086 3307 1274 3379; x_wconf 82' lang='grc' dir='ltr'>παρὼν</span> <span class='ocrx_word' id='word_1_345' title='bbox 1321 3310 1411 3361; x_wconf 72' lang='grc' dir='ltr'><strong>καὶ</strong></span> <span class='ocrx_word' id='word_1_346' title='bbox 1459 3306 1732 3377; x_wconf 80' lang='grc' dir='ltr'>ὁρώμενος</span> <span class='ocrx_word' id='word_1_347' title='bbox 1779 3305 1883 3359; x_wconf 70' lang='grc' dir='ltr'>ἐδίο</span> 
     </span>
    </p>
   </div>
   <div class='ocr_carea' id='block_1_45' title="bbox 310 3396 1882 3473">
    <p class='ocr_par' dir='ltr' id='par_1_45' title="bbox 310 3396 1882 3473">
     <span class='ocr_line' id='line_1_45' title="bbox 310 3396 1882 3473; baseline -0.005 -16"><span class='ocrx_word' id='word_1_348' title='bbox 310 3403 472 3457; x_wconf 81' lang='grc' dir='ltr'>δασκε</span> <span class='ocrx_word' id='word_1_349' title='bbox 499 3403 588 3456; x_wconf 69' lang='grc' dir='ltr'>τὸν</span> <span class='ocrx_word' id='word_1_350' title='bbox 622 3403 846 3473; x_wconf 89' lang='grc' dir='ltr'>κόσμιον</span> <span class='ocrx_word' id='word_1_351' title='bbox 879 3400 1025 3470; x_wconf 87' lang='grc' dir='ltr'>βίον;</span> <span class='ocrx_word' id='word_1_352' title='bbox 1062 3401 1125 3452; x_wconf 87' lang='grc' dir='ltr'>Εἰ</span> <span class='ocrx_word' id='word_1_353' title='bbox 1157 3396 1248 3452; x_wconf 79' lang='grc' dir='ltr'><strong>οὖν</strong></span> <span class='ocrx_word' id='word_1_354' title='bbox 1283 3401 1316 3469; x_wconf 81' lang='grc' dir='ltr'><strong>ἡ</strong></span> <span class='ocrx_word' id='word_1_355' title='bbox 1354 3399 1448 3452; x_wconf 77' lang='grc' dir='ltr'>τοῦ</span> <span class='ocrx_word' id='word_1_356' title='bbox 1495 3398 1630 3451; x_wconf 81' lang='grc' dir='ltr'>Θεοῦ</span> <span class='ocrx_word' id='word_1_357' title='bbox 1668 3414 1882 3469; x_wconf 83' lang='grc' dir='ltr'>παραγ-</span> 
     </span>
    </p>
   </div>
   <div class='ocr_carea' id='block_1_46' title="bbox 312 3490 1882 3566">
    <p class='ocr_par' dir='ltr' id='par_1_46' title="bbox 312 3490 1882 3566">
     <span class='ocr_line' id='line_1_46' title="bbox 312 3490 1882 3566; baseline -0.003 -18"><span class='ocrx_word' id='word_1_358' title='bbox 312 3495 467 3562; x_wconf 67' lang='grc' dir='ltr'>γελία</span> <span class='ocrx_word' id='word_1_359' title='bbox 491 3495 752 3566; x_wconf 76' lang='grc' dir='ltr'>παρόντος</span> <span class='ocrx_word' id='word_1_360' title='bbox 783 3493 934 3546; x_wconf 76' lang='grc' dir='ltr'>οὐδὲν</span> <span class='ocrx_word' id='word_1_361' title='bbox 980 3493 1164 3563; x_wconf 65' lang='grc' dir='ltr'>ἤνυσε,</span> <span class='ocrx_word' id='word_1_362' title='bbox 1201 3492 1251 3545; x_wconf 90' lang='grc' dir='ltr'><strong>τί</strong></span> <span class='ocrx_word' id='word_1_363' title='bbox 1286 3491 1350 3544; x_wconf 87' lang='grc' dir='ltr'><strong>ἂν</strong></span> <span class='ocrx_word' id='word_1_364' title='bbox 1386 3492 1618 3554; x_wconf 82' lang='grc' dir='ltr'><strong>ἀπόντος</strong></span> <span class='ocrx_word' id='word_1_365' title='bbox 1671 3491 1765 3544; x_wconf 70' lang='grc' dir='ltr'><strong>καὶ</strong></span> <span class='ocrx_word' id='word_1_366' title='bbox 1807 3490 1882 3560; x_wconf 84' lang='grc' dir='ltr'>μὴ</span> 
     </span>
    </p>
   </div>
   <div class='ocr_carea' id='block_1_47' title="bbox 314 3580 1883 3658">
    <p class='ocr_par' dir='ltr' id='par_1_47' title="bbox 314 3580 1883 3658">
     <span class='ocr_line' id='line_1_47' title="bbox 314 3580 1883 3658; baseline -0.006 -17"><span class='ocrx_word' id='word_1_367' title='bbox 314 3588 644 3658; x_wconf 76' lang='grc' dir='ltr'>ἀκονομένον</span> <span class='ocrx_word' id='word_1_368' title='bbox 675 3586 957 3656; x_wconf 71' lang='grc' dir='ltr'>ὡφέλησες</span> <span class='ocrx_word' id='word_1_369' title='bbox 995 3585 1060 3638; x_wconf 88' lang='grc' dir='ltr'><strong>Τί</strong></span> <span class='ocrx_word' id='word_1_370' title='bbox 1105 3581 1196 3638; x_wconf 78' lang='grc' dir='ltr'><strong>οὖν</strong></span> <span class='ocrx_word' id='word_1_371' title='bbox 1229 3583 1444 3652; x_wconf 76' lang='grc' dir='ltr'>ἐγένετο</span> <span class='ocrx_word' id='word_1_372' title='bbox 1486 3582 1738 3653; x_wconf 83' lang='grc' dir='ltr'>ἐμπόδιον</span> <span class='ocrx_word' id='word_1_373' title='bbox 1783 3580 1883 3650; x_wconf 76' lang='grc' dir='ltr'>τῆς</span> 
     </span>
    </p>
   </div>
   <div class='ocr_carea' id='block_1_48' title="bbox 318 3670 1884 3750">
    <p class='ocr_par' dir='ltr' id='par_1_48' title="bbox 318 3670 1884 3750">
     <span class='ocr_line' id='line_1_48' title="bbox 318 3670 1884 3750; baseline -0.005 -18"><span class='ocrx_word' id='word_1_374' title='bbox 318 3678 735 3750; x_wconf 74' lang='grc' dir='ltr'>μακαριωτάτης</span> <span class='ocrx_word' id='word_1_375' title='bbox 797 3676 1187 3739; x_wconf 83' lang='grc' dir='ltr'>διδασκαλίας;</span> <span class='ocrx_word' id='word_1_376' title='bbox 1265 3675 1329 3726; x_wconf 80' lang='grc' dir='ltr'><strong><em>Ἡ</em></strong></span> <span class='ocrx_word' id='word_1_377' title='bbox 1407 3675 1514 3726; x_wconf 81' lang='grc' dir='ltr'><strong>τῶν</strong></span> <span class='ocrx_word' id='word_1_378' title='bbox 1582 3670 1884 3744; x_wconf 80' lang='grc' dir='ltr'>ἀνθρώπων</span> 
     </span>
    </p>
   </div>
   <div class='ocr_carea' id='block_1_49' title="bbox 2471 2423 3053 2500">
    <p class='ocr_par' dir='ltr' id='par_1_49' title="bbox 2471 2423 3053 2500">
     <span class='ocr_line' id='line_1_49' title="bbox 2471 2423 3053 2500; baseline -0.012 -15"><span class='ocrx_word' id='word_1_379' title='bbox 2471 2427 2636 2500; x_wconf 63' lang='grc'><strong>584</strong></span> <span class='ocrx_word' id='word_1_380' title='bbox 2673 2425 2898 2484; x_wconf 84' lang='lat' dir='ltr'><strong>CAPUT</strong></span> <span class='ocrx_word' id='word_1_381' title='bbox 2934 2423 3053 2480; x_wconf 84' lang='lat' dir='ltr'><strong>xu.</strong></span> 
     </span>
    </p>
   </div>
   <div class='ocr_carea' id='block_1_50' title="bbox 1980 2507 3543 2592">
    <p class='ocr_par' dir='ltr' id='par_1_50' title="bbox 1980 2507 3543 2592">
     <span class='ocr_line' id='line_1_50' title="bbox 1980 2507 3543 2592; baseline -0.003 -17"><span class='ocrx_word' id='word_1_382' title='bbox 1980 2522 2056 2576; x_wconf 80' lang='lat' dir='ltr'><strong>De</strong></span> <span class='ocrx_word' id='word_1_383' title='bbox 2081 2522 2160 2576; x_wconf 81' lang='lat' dir='ltr'><strong>Itis</strong></span> <span class='ocrx_word' id='word_1_384' title='bbox 2187 2522 2277 2592; x_wconf 88' lang='lat' dir='ltr'><strong>qui</strong></span> <span class='ocrx_word' id='word_1_385' title='bbox 2321 2522 2418 2576; x_wconf 72' lang='lat' dir='ltr'><strong>hoc</strong></span> <span class='ocrx_word' id='word_1_386' title='bbox 2452 2521 2758 2592; x_wconf 76' lang='lat' dir='ltr'><strong>mysterium</strong></span> <span class='ocrx_word' id='word_1_387' title='bbox 2793 2536 2896 2573; x_wconf 79' lang='lat' dir='ltr'><strong>non</strong></span> <span class='ocrx_word' id='word_1_388' title='bbox 2923 2526 3368 2592; x_wconf 76' lang='lat' dir='ltr'><strong>cognoverunl._et</strong></span> <span class='ocrx_word' id='word_1_389' title='bbox 3400 2507 3543 2589; x_wconf 83' lang='lat' dir='ltr'><strong>quod</strong></span> 
     </span>
    </p>
   </div>
   <div class='ocr_carea' id='block_1_51' title="bbox 2047 2588 3545 2660">
    <p class='ocr_par' dir='ltr' id='par_1_51' title="bbox 2047 2588 3545 2660">
     <span class='ocr_line' id='line_1_51' title="bbox 2047 2588 3545 2660; baseline -0.004 -14"><span class='ocrx_word' id='word_1_390' title='bbox 2047 2588 2348 2646; x_wconf 75' lang='lat' dir='ltr'><strong>voluntaria</strong></span> <span class='ocrx_word' id='word_1_391' title='bbox 2371 2588 2550 2644; x_wconf 74' lang='lat' dir='ltr'><strong>eorum</strong></span> <span class='ocrx_word' id='word_1_392' title='bbox 2572 2591 2837 2660; x_wconf 79' lang='lat' dir='ltr'><strong>ignoratio</strong></span> <span class='ocrx_word' id='word_1_393' title='bbox 2861 2598 2936 2643; x_wconf 75' lang='lat' dir='ltr'><strong>est</strong></span> <span class='ocrx_word' id='word_1_394' title='bbox 2958 2605 2976 2642; x_wconf 93' lang='lat'><strong><em>:</em></strong></span> <span class='ocrx_word' id='word_1_395' title='bbox 2993 2588 3048 2641; x_wconf 80' lang='lat' dir='ltr'><strong>et</strong></span> <span class='ocrx_word' id='word_1_396' title='bbox 3082 2599 3277 2658; x_wconf 87' lang='lat' dir='ltr'><strong>quanta</strong></span> <span class='ocrx_word' id='word_1_397' title='bbox 3296 2588 3428 2660; x_wconf 83' lang='lat' dir='ltr'><strong>bona</strong></span> <span class='ocrx_word' id='word_1_398' title='bbox 3460 2604 3545 2640; x_wconf 81' lang='lat' dir='ltr'><strong>eos</strong></span> 
     </span>
    </p>
   </div>
   <div class='ocr_carea' id='block_1_52' title="bbox 2050 2657 3545 2732">
    <p class='ocr_par' dir='ltr' id='par_1_52' title="bbox 2050 2657 3545 2732">
     <span class='ocr_line' id='line_1_52' title="bbox 2050 2657 3545 2732; baseline -0.003 -18"><span class='ocrx_word' id='word_1_399' title='bbox 2050 2673 2295 2715; x_wconf 81' lang='lat' dir='ltr'><strong>maneant</strong></span> <span class='ocrx_word' id='word_1_400' title='bbox 2327 2662 2416 2732; x_wconf 91' lang='lat' dir='ltr'><strong>qui</strong></span> <span class='ocrx_word' id='word_1_401' title='bbox 2457 2657 2988 2732; x_wconf 55' lang='lat' dir='ltr'><strong>illud&#39;cognouerunt,</strong></span> <span class='ocrx_word' id='word_1_402' title='bbox 3025 2657 3099 2711; x_wconf 38' lang='lat' dir='ltr'><strong>ac&#39;</strong></span> <span class='ocrx_word' id='word_1_403' title='bbox 3126 2657 3415 2728; x_wconf 74' lang='lat' dir='ltr'><strong>pra&#39;sertim</strong></span> <span class='ocrx_word' id='word_1_404' title='bbox 3458 2673 3545 2711; x_wconf 75' lang='lat' dir='ltr'><strong>eos</strong></span> 
     </span>
    </p>
   </div>
   <div class='ocr_carea' id='block_1_53' title="bbox 2046 2731 2961 2802">
    <p class='ocr_par' dir='ltr' id='par_1_53' title="bbox 2046 2731 2961 2802">
     <span class='ocr_line' id='line_1_53' title="bbox 2046 2731 2961 2802; baseline 0 -18"><span class='ocrx_word' id='word_1_405' title='bbox 2046 2733 2138 2802; x_wconf 87' lang='lat' dir='ltr'><strong>qui</strong></span> <span class='ocrx_word' id='word_1_406' title='bbox 2164 2733 2218 2786; x_wconf 74' lang='lat' dir='ltr'><strong>in</strong></span> <span class='ocrx_word' id='word_1_407' title='bbox 2243 2731 2570 2800; x_wconf 77' lang='lat' dir='ltr'><strong>confessione</strong></span> <span class='ocrx_word' id='word_1_408' title='bbox 2597 2732 2788 2783; x_wconf 85' lang='lat' dir='ltr'><strong>mortui</strong></span> <span class='ocrx_word' id='word_1_409' title='bbox 2822 2739 2961 2784; x_wconf 83' lang='lat' dir='ltr'><strong>sum.</strong></span> 
     </span>
    </p>
   </div>
   <div class='ocr_carea' id='block_1_54' title="bbox 2051 2841 3549 2914">
    <p class='ocr_par' dir='ltr' id='par_1_54' title="bbox 2051 2841 3549 2914">
     <span class='ocr_line' id='line_1_54' title="bbox 2051 2841 3549 2914; baseline -0.003 -14"><span class='ocrx_word' id='word_1_410' title='bbox 2051 2844 2156 2900; x_wconf 87' lang='lat' dir='ltr'><strong>Sed</strong></span> <span class='ocrx_word' id='word_1_411' title='bbox 2189 2843 2551 2914; x_wconf 84' lang='lat' dir='ltr'><strong>dicetaliquis</strong></span> <span class='ocrx_word' id='word_1_412' title='bbox 2578 2859 2647 2898; x_wconf 84' lang='lat' dir='ltr'><strong>ex</strong></span> <span class='ocrx_word' id='word_1_413' title='bbox 2679 2842 2748 2898; x_wconf 86' lang='lat' dir='ltr'><strong>iis</strong></span> <span class='ocrx_word' id='word_1_414' title='bbox 2773 2842 2973 2914; x_wconf 88' lang='lat' dir='ltr'><strong>quibus</strong></span> <span class='ocrx_word' id='word_1_415' title='bbox 3008 2841 3248 2897; x_wconf 90' lang='lat' dir='ltr'><strong>solemne</strong></span> <span class='ocrx_word' id='word_1_416' title='bbox 3277 2851 3361 2897; x_wconf 90' lang='lat' dir='ltr'><strong>est</strong></span> <span class='ocrx_word' id='word_1_417' title='bbox 3386 2841 3549 2911; x_wconf 90' lang='lat' dir='ltr'><strong>impie</strong></span> 
     </span>
    </p>
   </div>
   <div class='ocr_carea' id='block_1_55' title="bbox 1980 2933 3552 3005">
    <p class='ocr_par' dir='ltr' id='par_1_55' title="bbox 1980 2933 3552 3005">
     <span class='ocr_line' id='line_1_55' title="bbox 1980 2933 3552 3005; baseline 0 -17"><span class='ocrx_word' id='word_1_418' title='bbox 1980 2935 2150 3005; x_wconf 90' lang='lat' dir='ltr'><strong>loqui,</strong></span> <span class='ocrx_word' id='word_1_419' title='bbox 2201 2935 2370 2990; x_wconf 90' lang='lat' dir='ltr'><strong>Deum</strong></span> <span class='ocrx_word' id='word_1_420' title='bbox 2422 2935 2762 2990; x_wconf 85' lang='lat' dir='ltr'><strong>voluntatem</strong></span> <span class='ocrx_word' id='word_1_421' title='bbox 2814 2933 3093 2990; x_wconf 85' lang='lat' dir='ltr'><strong>hominum</strong></span> <span class='ocrx_word' id='word_1_422' title='bbox 3151 2934 3431 2989; x_wconf 89' lang='lat' dir='ltr'><strong>meliorem</strong></span> <span class='ocrx_word' id='word_1_423' title='bbox 3487 2949 3552 2988; x_wconf 89' lang='lat' dir='ltr'><strong>ac</strong></span> 
     </span>
    </p>
   </div>
   <div class='ocr_carea' id='block_1_56' title="bbox 1982 3025 3553 3098">
    <p class='ocr_par' dir='ltr' id='par_1_56' title="bbox 1982 3025 3553 3098">
     <span class='ocr_line' id='line_1_56' title="bbox 1982 3025 3553 3098; baseline 0.001 -19"><span class='ocrx_word' id='word_1_424' title='bbox 1982 3027 2328 3094; x_wconf 81' lang='lat' dir='ltr'><strong>placidiorem</strong></span> <span class='ocrx_word' id='word_1_425' title='bbox 2355 3025 2535 3082; x_wconf 82' lang='lat' dir='ltr'><strong>facere</strong></span> <span class='ocrx_word' id='word_1_426' title='bbox 2562 3027 2822 3096; x_wconf 86' lang='lat' dir='ltr'><strong>potuisse.</strong></span> <span class='ocrx_word' id='word_1_427' title='bbox 2853 3026 3128 3094; x_wconf 76' lang='lat' dir='ltr'><strong>Quaenam,</strong></span> <span class='ocrx_word' id='word_1_428' title='bbox 3169 3041 3322 3098; x_wconf 85' lang='lat' dir='ltr'><strong>rogo.</strong></span> <span class='ocrx_word' id='word_1_429' title='bbox 3362 3025 3553 3081; x_wconf 81' lang='lat' dir='ltr'><strong>melior</strong></span> 
     </span>
    </p>
   </div>
   <div class='ocr_carea' id='block_1_57' title="bbox 1982 3117 3555 3190">
    <p class='ocr_par' dir='ltr' id='par_1_57' title="bbox 1982 3117 3555 3190">
     <span class='ocr_line' id='line_1_57' title="bbox 1982 3117 3555 3190; baseline 0.003 -20"><span class='ocrx_word' id='word_1_430' title='bbox 1982 3120 2087 3180; x_wconf 88' lang='lat' dir='ltr'><strong>via,</strong></span> <span class='ocrx_word' id='word_1_431' title='bbox 2119 3135 2236 3188; x_wconf 67' lang='lat' dir='ltr'><strong>qua:</strong></span> <span class='ocrx_word' id='word_1_432' title='bbox 2269 3119 2408 3174; x_wconf 89' lang='lat' dir='ltr'><strong>ratio</strong></span> <span class='ocrx_word' id='word_1_433' title='bbox 2425 3117 2695 3174; x_wconf 80' lang='lat' dir='ltr'><strong>eﬂicacior</strong></span> <span class='ocrx_word' id='word_1_434' title='bbox 2719 3119 2784 3173; x_wconf 90' lang='lat' dir='ltr'><strong>ad</strong></span> <span class='ocrx_word' id='word_1_435' title='bbox 2809 3119 3079 3190; x_wconf 88' lang='lat' dir='ltr'><strong>improbos</strong></span> <span class='ocrx_word' id='word_1_436' title='bbox 3100 3119 3346 3175; x_wconf 89' lang='lat' dir='ltr'><strong>homines</strong></span> <span class='ocrx_word' id='word_1_437' title='bbox 3369 3135 3555 3175; x_wconf 87' lang='lat' dir='ltr'><strong>emen-</strong></span> 
     </span>
    </p>
   </div>
   <div class='ocr_carea' id='block_1_58' title="bbox 1984 3209 3555 3281">
    <p class='ocr_par' dir='ltr' id='par_1_58' title="bbox 1984 3209 3555 3281">
     <span class='ocr_line' id='line_1_58' title="bbox 1984 3209 3555 3281; baseline -0.001 -16"><span class='ocrx_word' id='word_1_438' title='bbox 1984 3213 2211 3275; x_wconf 84' lang='lat' dir='ltr'><strong>dandos,</strong></span> <span class='ocrx_word' id='word_1_439' title='bbox 2251 3227 2417 3281; x_wconf 88' lang='lat' dir='ltr'><strong>quam</strong></span> <span class='ocrx_word' id='word_1_440' title='bbox 2473 3220 2532 3265; x_wconf 94' lang='lat' dir='ltr'><strong>ut</strong></span> <span class='ocrx_word' id='word_1_441' title='bbox 2579 3209 2723 3266; x_wconf 89' lang='lat' dir='ltr'><strong>Deus</strong></span> <span class='ocrx_word' id='word_1_442' title='bbox 2775 3209 2890 3280; x_wconf 91' lang='lat' dir='ltr'><strong>ipse</strong></span> <span class='ocrx_word' id='word_1_443' title='bbox 2919 3226 3013 3266; x_wconf 91' lang='lat' dir='ltr'><strong>eos</strong></span> <span class='ocrx_word' id='word_1_444' title='bbox 3046 3225 3226 3265; x_wconf 88' lang='lat' dir='ltr'><strong>coram</strong></span> <span class='ocrx_word' id='word_1_445' title='bbox 3259 3209 3555 3280; x_wconf 87' lang='lat' dir='ltr'><strong>compella-</strong></span> 
     </span>
    </p>
   </div>
   <div class='ocr_carea' id='block_1_59' title="bbox 1985 3299 3553 3373">
    <p class='ocr_par' dir='ltr' id='par_1_59' title="bbox 1985 3299 3553 3373">
     <span class='ocr_line' id='line_1_59' title="bbox 1985 3299 3553 3373; baseline 0.001 -18"><span class='ocrx_word' id='word_1_446' title='bbox 1985 3299 2106 3355; x_wconf 79' lang='lat' dir='ltr'><strong>ret?</strong></span> <span class='ocrx_word' id='word_1_447' title='bbox 2151 3302 2231 3354; x_wconf 87' lang='lat' dir='ltr'><strong>An</strong></span> <span class='ocrx_word' id='word_1_448' title='bbox 2287 3317 2391 3355; x_wconf 91' lang='lat' dir='ltr'><strong>non</strong></span> <span class='ocrx_word' id='word_1_449' title='bbox 2428 3299 2519 3354; x_wconf 92' lang='lat' dir='ltr'><strong>ille</strong></span> <span class='ocrx_word' id='word_1_450' title='bbox 2558 3313 2800 3370; x_wconf 76' lang='lat' dir='ltr'><strong>prtesens</strong></span> <span class='ocrx_word' id='word_1_451' title='bbox 2835 3309 2890 3354; x_wconf 86' lang='lat' dir='ltr'><strong>et</strong></span> <span class='ocrx_word' id='word_1_452' title='bbox 2943 3302 3184 3356; x_wconf 82' lang='lat' dir='ltr'><strong>omnium</strong></span> <span class='ocrx_word' id='word_1_453' title='bbox 3243 3303 3553 3373; x_wconf 88' lang='lat' dir='ltr'><strong>conspectui</strong></span> 
     </span>
    </p>
   </div>
   <div class='ocr_carea' id='block_1_60' title="bbox 1976 3391 3556 3463">
    <p class='ocr_par' dir='ltr' id='par_1_60' title="bbox 1976 3391 3556 3463">
     <span class='ocr_line' id='line_1_60' title="bbox 1976 3391 3556 3463; baseline 0.002 -16"><span class='ocrx_word' id='word_1_454' title='bbox 1976 3395 2286 3463; x_wconf 78' lang='lat' dir='ltr'><strong>subjectus,</strong></span> <span class='ocrx_word' id='word_1_455' title='bbox 2317 3408 2410 3447; x_wconf 89' lang='lat' dir='ltr'><strong>eos</strong></span> <span class='ocrx_word' id='word_1_456' title='bbox 2453 3393 2518 3446; x_wconf 88' lang='lat' dir='ltr'><strong>ad</strong></span> <span class='ocrx_word' id='word_1_457' title='bbox 2545 3391 2862 3447; x_wconf 86' lang='lat' dir='ltr'><strong>modestiam</strong></span> <span class='ocrx_word' id='word_1_458' title='bbox 2916 3391 3274 3448; x_wconf 81' lang='lat' dir='ltr'><strong>informavit?</strong></span> <span class='ocrx_word' id='word_1_459' title='bbox 3304 3394 3459 3462; x_wconf 89' lang='lat' dir='ltr'><strong>Quod</strong></span> <span class='ocrx_word' id='word_1_460' title='bbox 3505 3395 3556 3452; x_wconf 87' lang='lat' dir='ltr'><strong>si</strong></span> 
     </span>
    </p>
   </div>
   <div class='ocr_carea' id='block_1_61' title="bbox 1987 3483 3557 3555">
    <p class='ocr_par' dir='ltr' id='par_1_61' title="bbox 1987 3483 3557 3555">
     <span class='ocr_line' id='line_1_61' title="bbox 1987 3483 3557 3555; baseline 0.001 -15"><span class='ocrx_word' id='word_1_461' title='bbox 1987 3487 2079 3540; x_wconf 86' lang='lat' dir='ltr'><strong>Dei</strong></span> <span class='ocrx_word' id='word_1_462' title='bbox 2113 3485 2397 3555; x_wconf 73' lang='lat' dir='ltr'><strong>prmsentis</strong></span> <span class='ocrx_word' id='word_1_463' title='bbox 2427 3483 2721 3555; x_wconf 69' lang='lat' dir='ltr'><strong>praeceptio</strong></span> <span class='ocrx_word' id='word_1_464' title='bbox 2753 3483 2888 3538; x_wconf 89' lang='lat' dir='ltr'><strong>nihil</strong></span> <span class='ocrx_word' id='word_1_465' title='bbox 2911 3484 3132 3555; x_wconf 79' lang='lat' dir='ltr'><strong>profuit,</strong></span> <span class='ocrx_word' id='word_1_466' title='bbox 3155 3485 3286 3555; x_wconf 89' lang='lat' dir='ltr'><strong>quid</strong></span> <span class='ocrx_word' id='word_1_467' title='bbox 3313 3487 3557 3542; x_wconf 85' lang='lat' dir='ltr'><strong>absentis</strong></span> 
     </span>
    </p>
   </div>
   <div class='ocr_carea' id='block_1_62' title="bbox 1987 3574 3558 3645">
    <p class='ocr_par' dir='ltr' id='par_1_62' title="bbox 1987 3574 3558 3645">
     <span class='ocr_line' id='line_1_62' title="bbox 1987 3574 3558 3645; baseline 0.002 -15"><span class='ocrx_word' id='word_1_468' title='bbox 1987 3587 2041 3630; x_wconf 80' lang='lat' dir='ltr'><strong>et</strong></span> <span class='ocrx_word' id='word_1_469' title='bbox 2079 3576 2304 3630; x_wconf 89' lang='lat' dir='ltr'><strong>inauditi</strong></span> <span class='ocrx_word' id='word_1_470' title='bbox 2341 3576 2603 3645; x_wconf 90' lang='lat' dir='ltr'><strong>prodesse</strong></span> <span class='ocrx_word' id='word_1_471' title='bbox 2650 3574 2963 3643; x_wconf 76' lang='lat' dir='ltr'><strong>potuisset?</strong></span> <span class='ocrx_word' id='word_1_472' title='bbox 2995 3574 3146 3642; x_wconf 86' lang='lat' dir='ltr'><strong>Quod</strong></span> <span class='ocrx_word' id='word_1_473' title='bbox 3179 3577 3344 3644; x_wconf 86' lang='lat' dir='ltr'><strong>igitur</strong></span> <span class='ocrx_word' id='word_1_474' title='bbox 3373 3577 3558 3633; x_wconf 86' lang='lat' dir='ltr'><strong>obsta-</strong></span> 
     </span>
    </p>
   </div>
   <div class='ocr_carea' id='block_1_63' title="bbox 1988 3669 3556 3740">
    <p class='ocr_par' dir='ltr' id='par_1_63' title="bbox 1988 3669 3556 3740">
     <span class='ocr_line' id='line_1_63' title="bbox 1988 3669 3556 3740; baseline 0.001 -14"><span class='ocrx_word' id='word_1_475' title='bbox 1988 3673 2165 3726; x_wconf 84' lang='lat' dir='ltr'><strong>culutn</strong></span> <span class='ocrx_word' id='word_1_476' title='bbox 2199 3672 2297 3727; x_wconf 78' lang='lat' dir='ltr'><strong>fuit</strong></span> <span class='ocrx_word' id='word_1_477' title='bbox 2322 3671 2646 3726; x_wconf 79' lang='lat' dir='ltr'><strong>beatissima:</strong></span> <span class='ocrx_word' id='word_1_478' title='bbox 2670 3669 2810 3724; x_wconf 90' lang='lat' dir='ltr'><strong>illius</strong></span> <span class='ocrx_word' id='word_1_479' title='bbox 2836 3671 3246 3740; x_wconf 69' lang='lat' dir='ltr'><strong>prmdicationi?</strong></span> <span class='ocrx_word' id='word_1_480' title='bbox 3268 3671 3556 3728; x_wconf 83' lang='lat' dir='ltr'><strong>Hominum</strong></span> 
     </span>
    </p>
   </div>
   <div class='ocr_carea' id='block_1_64' title="bbox 316 3762 1885 3843">
    <p class='ocr_par' dir='ltr' id='par_1_64' title="bbox 316 3763 1885 3843">
     <span class='ocr_line' id='line_1_64' title="bbox 316 3763 1885 3843; baseline -0.007 -19"><span class='ocrx_word' id='word_1_481' title='bbox 316 3771 585 3840; x_wconf 72' lang='grc' dir='ltr'>σκαιότηςο</span> <span class='ocrx_word' id='word_1_482' title='bbox 627 3771 754 3823; x_wconf 78' lang='grc' dir='ltr'>ὃταν</span> <span class='ocrx_word' id='word_1_483' title='bbox 793 3769 902 3843; x_wconf 75' lang='grc' dir='ltr'><strong>γὰρ</strong></span> <span class='ocrx_word' id='word_1_484' title='bbox 943 3767 1012 3821; x_wconf 83' lang='grc' dir='ltr'>τὰ</span> <span class='ocrx_word' id='word_1_485' title='bbox 1049 3766 1227 3830; x_wconf 82' lang='grc' dir='ltr'>καλῶς</span> <span class='ocrx_word' id='word_1_486' title='bbox 1268 3783 1325 3818; x_wconf 89' lang='grc' dir='ltr'><strong>τε</strong></span> <span class='ocrx_word' id='word_1_487' title='bbox 1368 3765 1462 3819; x_wconf 70' lang='grc' dir='ltr'><strong>καὶ</strong></span> <span class='ocrx_word' id='word_1_488' title='bbox 1502 3763 1885 3837; x_wconf 77' lang='grc' dir='ltr'>προσηκόντως</span> 
     </span>
    </p>
   </div>
   <div class='ocr_carea' id='block_1_65' title="bbox 1986 3762 3558 3843">
    <p class='ocr_par' dir='ltr' id='par_1_65' title="bbox 1991 3762 3558 3834">
     <span class='ocr_line' id='line_1_65' title="bbox 1991 3762 3558 3834; baseline 0 -15"><span class='ocrx_word' id='word_1_489' title='bbox 1991 3765 2181 3820; x_wconf 81' lang='lat' dir='ltr'><strong>feritas</strong></span> <span class='ocrx_word' id='word_1_490' title='bbox 2232 3774 2395 3834; x_wconf 87' lang='lat' dir='ltr'><strong>atque</strong></span> <span class='ocrx_word' id='word_1_491' title='bbox 2443 3763 2674 3819; x_wconf 64' lang='lat' dir='ltr'><strong>servitia.</strong></span> <span class='ocrx_word' id='word_1_492' title='bbox 2710 3762 2935 3829; x_wconf 87' lang='lat' dir='ltr'><strong>Quoties</strong></span> <span class='ocrx_word' id='word_1_493' title='bbox 2966 3765 3112 3818; x_wconf 92' lang='lat' dir='ltr'><strong>enim</strong></span> <span class='ocrx_word' id='word_1_494' title='bbox 3159 3779 3221 3819; x_wconf 88' lang='lat' dir='ltr'><strong>ea</strong></span> <span class='ocrx_word' id='word_1_495' title='bbox 3256 3779 3376 3834; x_wconf 69' lang='lat' dir='ltr'><strong>qua:</strong></span> <span class='ocrx_word' id='word_1_496' title='bbox 3407 3772 3558 3819; x_wconf 87' lang='lat' dir='ltr'><strong>recte</strong></span> 
     </span>
    </p>
   </div>
   <div class='ocr_carea' id='block_1_66' title="bbox 315 3852 1883 3937">
    <p class='ocr_par' dir='ltr' id='par_1_66' title="bbox 315 3852 1883 3937">
     <span class='ocr_line' id='line_1_66' title="bbox 315 3852 1883 3937; baseline -0.007 -19"><span class='ocrx_word' id='word_1_497' title='bbox 315 3862 818 3937; x_wconf 79' lang='grc' dir='ltr'>παραγγελλόμενα,</span> <span class='ocrx_word' id='word_1_498' title='bbox 850 3861 986 3933; x_wconf 81' lang='grc' dir='ltr'>πρὸς</span> <span class='ocrx_word' id='word_1_499' title='bbox 1010 3858 1178 3932; x_wconf 81' lang='grc' dir='ltr'>ὀργὴν</span> <span class='ocrx_word' id='word_1_500' title='bbox 1206 3857 1590 3929; x_wconf 75' lang='grc' dir='ltr'>λαμϐάνωμεν,</span> <span class='ocrx_word' id='word_1_501' title='bbox 1629 3852 1883 3926; x_wconf 77' lang='grc' dir='ltr'>τηνικάδε</span> 
     </span>
    </p>
   </div>
   <div class='ocr_carea' id='block_1_67' title="bbox 313 3950 1886 4027">
    <p class='ocr_par' dir='ltr' id='par_1_67' title="bbox 313 3950 1886 4027">
     <span class='ocr_line' id='line_1_67' title="bbox 313 3950 1886 4027; baseline -0.006 -17"><span class='ocrx_word' id='word_1_502' title='bbox 313 3957 372 4010; x_wconf 70' lang='grc' dir='ltr'>τὸ</span> <span class='ocrx_word' id='word_1_503' title='bbox 403 3957 568 4027; x_wconf 70' lang='grc' dir='ltr'>νῆερον</span> <span class='ocrx_word' id='word_1_504' title='bbox 595 3955 691 4025; x_wconf 78' lang='grc' dir='ltr'><strong>τῆς</strong></span> <span class='ocrx_word' id='word_1_505' title='bbox 713 3954 948 4016; x_wconf 82' lang='grc' dir='ltr'>διανοίας</span> <span class='ocrx_word' id='word_1_506' title='bbox 971 3951 1333 4023; x_wconf 76' lang='grc' dir='ltr'>ἀμαυροῦται.</span> <span class='ocrx_word' id='word_1_507' title='bbox 1363 3950 1424 4002; x_wconf 87' lang='grc' dir='ltr'>Τί</span> <span class='ocrx_word' id='word_1_508' title='bbox 1454 3950 1529 4007; x_wconf 80' lang='grc' dir='ltr'>δὲ.</span> <span class='ocrx_word' id='word_1_509' title='bbox 1560 3951 1640 4002; x_wconf 82' lang='grc' dir='ltr'><strong>ὅτι</strong></span> <span class='ocrx_word' id='word_1_510' title='bbox 1663 3966 1886 4018; x_wconf 74' lang='grc' dir='ltr'>προσφι-</span> 
     </span>
    </p>
   </div>
   <div class='ocr_carea' id='block_1_68' title="bbox 316 4041 1886 4121">
    <p class='ocr_par' dir='ltr' id='par_1_68' title="bbox 316 4041 1886 4121">
     <span class='ocr_line' id='line_1_68' title="bbox 316 4041 1886 4121; baseline -0.005 -19"><span class='ocrx_word' id='word_1_511' title='bbox 316 4049 404 4114; x_wconf 78' lang='grc' dir='ltr'><strong>λὲς</strong></span> <span class='ocrx_word' id='word_1_512' title='bbox 434 4045 501 4121; x_wconf 80' lang='grc' dir='ltr'>ἦν</span> <span class='ocrx_word' id='word_1_513' title='bbox 540 4047 648 4120; x_wconf 77' lang='lat'><strong>(85)</strong></span> <span class='ocrx_word' id='word_1_514' title='bbox 685 4047 913 4110; x_wconf 81' lang='grc' dir='ltr'>ἐκείνοις</span> <span class='ocrx_word' id='word_1_515' title='bbox 963 4046 1186 4117; x_wconf 83' lang='grc' dir='ltr'>ἀμελεῖν</span> <span class='ocrx_word' id='word_1_516' title='bbox 1231 4045 1338 4097; x_wconf 81' lang='grc' dir='ltr'>τῶν</span> <span class='ocrx_word' id='word_1_517' title='bbox 1385 4043 1754 4115; x_wconf 79' lang='grc' dir='ltr'>προστάξεων,</span> <span class='ocrx_word' id='word_1_518' title='bbox 1792 4041 1886 4096; x_wconf 69' lang='grc' dir='ltr'><strong>καὶ</strong></span> 
     </span>
    </p>
   </div>
   <div class='ocr_carea' id='block_1_69' title="bbox 314 4135 1886 4214">
    <p class='ocr_par' dir='ltr' id='par_1_69' title="bbox 314 4135 1886 4214">
     <span class='ocr_line' id='line_1_69' title="bbox 314 4135 1886 4214; baseline -0.006 -18"><span class='ocrx_word' id='word_1_519' title='bbox 314 4143 635 4214; x_wconf 76' lang='grc' dir='ltr'>ἀνορέκτους</span> <span class='ocrx_word' id='word_1_520' title='bbox 669 4141 922 4210; x_wconf 78' lang='grc' dir='ltr'>παρέχειν</span> <span class='ocrx_word' id='word_1_521' title='bbox 947 4138 1045 4202; x_wconf 80' lang='grc' dir='ltr'><strong>τὰς</strong></span> <span class='ocrx_word' id='word_1_522' title='bbox 1068 4137 1238 4201; x_wconf 73' lang='grc' dir='ltr'>ἀκοὰς</span> <span class='ocrx_word' id='word_1_523' title='bbox 1270 4135 1348 4206; x_wconf 83' lang='grc' dir='ltr'><strong>τῷ</strong></span> <span class='ocrx_word' id='word_1_524' title='bbox 1381 4135 1588 4189; x_wconf 76' lang='grc' dir='ltr'>τεθέντι</span> <span class='ocrx_word' id='word_1_525' title='bbox 1622 4135 1770 4205; x_wconf 84' lang='grc' dir='ltr'>νόμῳ</span> <span class='ocrx_word' id='word_1_526' title='bbox 1796 4157 1811 4206; x_wconf 84' lang='grc'>;</span> <span class='ocrx_word' id='word_1_527' title='bbox 1837 4135 1886 4187; x_wconf 86' lang='grc' dir='ltr'><strong>εί</strong></span> 
     </span>
    </p>
   </div>
   <div class='ocr_carea' id='block_1_70' title="bbox 318 4224 1886 4305">
    <p class='ocr_par' dir='ltr' id='par_1_70' title="bbox 318 4224 1886 4305">
     <span class='ocr_line' id='line_1_70' title="bbox 318 4224 1886 4305; baseline -0.007 -18"><span class='ocrx_word' id='word_1_528' title='bbox 318 4233 392 4305; x_wconf 85' lang='grc' dir='ltr'>μὴ</span> <span class='ocrx_word' id='word_1_529' title='bbox 423 4233 530 4304; x_wconf 84' lang='grc' dir='ltr'>γὰρ</span> <span class='ocrx_word' id='word_1_530' title='bbox 557 4230 916 4302; x_wconf 76' lang='grc' dir='ltr'>κατημέλουν,</span> <span class='ocrx_word' id='word_1_531' title='bbox 957 4228 1114 4305; x_wconf 71' lang='grc' dir='ltr'>ἔσχον</span> <span class='ocrx_word' id='word_1_532' title='bbox 1149 4228 1214 4281; x_wconf 82' lang='grc' dir='ltr'><strong>ἂν</strong></span> <span class='ocrx_word' id='word_1_533' title='bbox 1245 4227 1369 4292; x_wconf 81' lang='grc' dir='ltr'>ἄξια</span> <span class='ocrx_word' id='word_1_534' title='bbox 1408 4225 1478 4278; x_wconf 76' lang='grc' dir='ltr'>τὰ</span> <span class='ocrx_word' id='word_1_535' title='bbox 1509 4226 1761 4296; x_wconf 82' lang='grc' dir='ltr'>ἐπίχειρα</span> <span class='ocrx_word' id='word_1_536' title='bbox 1790 4224 1886 4294; x_wconf 78' lang='grc' dir='ltr'>τῆς</span> 
     </span>
    </p>
   </div>
   <div class='ocr_carea' id='block_1_71' title="bbox 316 4299 1888 4393">
    <p class='ocr_par' dir='ltr' id='par_1_71' title="bbox 316 4299 1888 4393">
     <span class='ocr_line' id='line_1_71' title="bbox 316 4299 1888 4393; baseline -0.006 -19"><span class='ocrx_word' id='word_1_537' title='bbox 316 4299 650 4393; x_wconf 78' lang='grc' dir='ltr'>ἀκροάσεως,</span> <span class='ocrx_word' id='word_1_538' title='bbox 686 4299 747 4372; x_wconf 74' lang='grc' dir='ltr'>οὐ</span> <span class='ocrx_word' id='word_1_539' title='bbox 791 4318 950 4390; x_wconf 90' lang='grc' dir='ltr'>μόνον</span> <span class='ocrx_word' id='word_1_540' title='bbox 987 4299 1160 4381; x_wconf 71' lang='grc' dir='ltr'>εἰς’τὸ</span> <span class='ocrx_word' id='word_1_541' title='bbox 1208 4317 1571 4388; x_wconf 81' lang='grc' dir='ltr'>παραχρῆμα,</span> <span class='ocrx_word' id='word_1_542' title='bbox 1611 4314 1749 4368; x_wconf 83' lang='grc' dir='ltr'><strong>ἀλλά</strong></span> <span class='ocrx_word' id='word_1_543' title='bbox 1793 4314 1888 4367; x_wconf 76' lang='grc' dir='ltr'><strong>καὶ</strong></span> 
     </span>
    </p>
   </div>
   <div class='ocr_carea' id='block_1_72' title="bbox 319 4404 1888 4484">
    <p class='ocr_par' dir='ltr' id='par_1_72' title="bbox 319 4404 1888 4484">
     <span class='ocr_line' id='line_1_72' title="bbox 319 4404 1888 4484; baseline -0.007 -17"><span class='ocrx_word' id='word_1_544' title='bbox 319 4416 396 4477; x_wconf 87' lang='grc' dir='ltr'>εἰς</span> <span class='ocrx_word' id='word_1_545' title='bbox 426 4413 515 4466; x_wconf 78' lang='grc' dir='ltr'><strong>τὸν</strong></span> <span class='ocrx_word' id='word_1_546' title='bbox 560 4411 850 4484; x_wconf 84' lang='grc' dir='ltr'>μετέπειτα</span> <span class='ocrx_word' id='word_1_547' title='bbox 883 4408 1014 4480; x_wconf 87' lang='grc' dir='ltr'>βίον,</span> <span class='ocrx_word' id='word_1_548' title='bbox 1049 4409 1106 4473; x_wconf 82' lang='grc' dir='ltr'>ὃς</span> <span class='ocrx_word' id='word_1_549' title='bbox 1136 4411 1280 4462; x_wconf 84' lang='grc' dir='ltr'>ἐστιν</span> <span class='ocrx_word' id='word_1_550' title='bbox 1316 4407 1390 4471; x_wconf 84' lang='grc' dir='ltr'>ὡς</span> <span class='ocrx_word' id='word_1_551' title='bbox 1435 4406 1648 4479; x_wconf 78' lang='grc' dir='ltr'>ἀληθῶς</span> <span class='ocrx_word' id='word_1_552' title='bbox 1688 4404 1832 4476; x_wconf 78' lang='grc' dir='ltr'>βίος·</span> <span class='ocrx_word' id='word_1_553' title='bbox 1859 4404 1888 4456; x_wconf 87' lang='grc' dir='ltr'>ὁ</span> 
     </span>
    </p>
   </div>
   <div class='ocr_carea' id='block_1_73' title="bbox 319 4498 1890 4578">
    <p class='ocr_par' dir='ltr' id='par_1_73' title="bbox 319 4498 1890 4578">
     <span class='ocr_line' id='line_1_73' title="bbox 319 4498 1890 4578; baseline -0.005 -19"><span class='ocrx_word' id='word_1_554' title='bbox 319 4506 510 4578; x_wconf 81' lang='grc' dir='ltr'>γάρτοι</span> <span class='ocrx_word' id='word_1_555' title='bbox 534 4502 720 4576; x_wconf 80' lang='grc' dir='ltr'>μισθὸς</span> <span class='ocrx_word' id='word_1_556' title='bbox 741 4502 832 4556; x_wconf 78' lang='grc' dir='ltr'><strong>τοῦ</strong></span> <span class='ocrx_word' id='word_1_557' title='bbox 852 4501 929 4574; x_wconf 82' lang='grc' dir='ltr'><strong>τῷ</strong></span> <span class='ocrx_word' id='word_1_558' title='bbox 960 4500 1080 4573; x_wconf 81' lang='grc' dir='ltr'>Θεῷ</span> <span class='ocrx_word' id='word_1_559' title='bbox 1119 4500 1421 4564; x_wconf 78' lang='grc' dir='ltr'>πείθεσθαι,</span> <span class='ocrx_word' id='word_1_560' title='bbox 1445 4503 1474 4554; x_wconf 85' lang='grc' dir='ltr'><strong>ό</strong></span> <span class='ocrx_word' id='word_1_561' title='bbox 1500 4499 1775 4570; x_wconf 68' lang='grc' dir='ltr'>ἄφθαρτος</span> <span class='ocrx_word' id='word_1_562' title='bbox 1796 4498 1890 4552; x_wconf 76' lang='grc' dir='ltr'><strong>καὶ</strong></span> 
     </span>
    </p>
   </div>
   <div class='ocr_carea' id='block_1_74' title="bbox 319 4590 1890 4669">
    <p class='ocr_par' dir='ltr' id='par_1_74' title="bbox 319 4590 1890 4669">
     <span class='ocr_line' id='line_1_74' title="bbox 319 4590 1890 4669; baseline -0.008 -14"><span class='ocrx_word' id='word_1_563' title='bbox 319 4600 488 4663; x_wconf 76' lang='grc' dir='ltr'>ἀΐδιος</span> <span class='ocrx_word' id='word_1_564' title='bbox 522 4597 654 4669; x_wconf 86' lang='grc' dir='ltr'>βίος,</span> <span class='ocrx_word' id='word_1_565' title='bbox 678 4591 739 4651; x_wconf 72' lang='grc' dir='ltr'>οὗ</span> <span class='ocrx_word' id='word_1_566' title='bbox 771 4593 995 4649; x_wconf 82' lang='grc' dir='ltr'>δυνατὸν</span> <span class='ocrx_word' id='word_1_567' title='bbox 1029 4591 1424 4648; x_wconf 85' lang='grc' dir='ltr'>ἀντιποιεῖσθαι</span> <span class='ocrx_word' id='word_1_568' title='bbox 1456 4594 1568 4655; x_wconf 83' lang='grc' dir='ltr'>τοῖς</span> <span class='ocrx_word' id='word_1_569' title='bbox 1608 4591 1772 4644; x_wconf 83' lang='grc' dir='ltr'>εἰδόσι</span> <span class='ocrx_word' id='word_1_570' title='bbox 1801 4590 1890 4644; x_wconf 74' lang='grc' dir='ltr'><strong>τὸν</strong></span> 
     </span>
    </p>
   </div>
   <div class='ocr_carea' id='block_1_75' title="bbox 321 4686 1892 4764">
    <p class='ocr_par' dir='ltr' id='par_1_75' title="bbox 321 4686 1892 4764">
     <span class='ocr_line' id='line_1_75' title="bbox 321 4686 1892 4764; baseline -0.008 -11"><span class='ocrx_word' id='word_1_571' title='bbox 321 4699 474 4764; x_wconf 79' lang='grc' dir='ltr'>Θεὸν,</span> <span class='ocrx_word' id='word_1_572' title='bbox 507 4698 733 4758; x_wconf 74' lang='grc' dir='ltr'>καὶτοῖς</span> <span class='ocrx_word' id='word_1_573' title='bbox 768 4694 859 4748; x_wconf 78' lang='grc' dir='ltr'>τὸν</span> <span class='ocrx_word' id='word_1_574' title='bbox 903 4691 1112 4746; x_wconf 85' lang='grc' dir='ltr'>ἐαυτῶν</span> <span class='ocrx_word' id='word_1_575' title='bbox 1153 4691 1266 4761; x_wconf 86' lang='grc' dir='ltr'>βίον</span> <span class='ocrx_word' id='word_1_576' title='bbox 1309 4689 1544 4761; x_wconf 79' lang='grc' dir='ltr'>ζηλωτὸν</span> <span class='ocrx_word' id='word_1_577' title='bbox 1585 4686 1892 4760; x_wconf 81' lang='grc' dir='ltr'>παρεχομέ-</span> 
     </span>
    </p>
   </div>
   <div class='ocr_carea' id='block_1_76' title="bbox 322 4780 1892 4859">
    <p class='ocr_par' dir='ltr' id='par_1_76' title="bbox 322 4780 1892 4859">
     <span class='ocr_line' id='line_1_76' title="bbox 322 4780 1892 4859; baseline -0.008 -13"><span class='ocrx_word' id='word_1_578' title='bbox 322 4809 452 4857; x_wconf 88' lang='grc' dir='ltr'>νοις,</span> <span class='ocrx_word' id='word_1_579' title='bbox 486 4790 581 4845; x_wconf 70' lang='lat' dir='ltr'><strong>xui.</strong></span> <span class='ocrx_word' id='word_1_580' title='bbox 600 4783 709 4843; x_wconf 80' lang='grc' dir='ltr'>οἷον</span> <span class='ocrx_word' id='word_1_581' title='bbox 742 4785 1093 4859; x_wconf 83' lang='grc' dir='ltr'>παράδειγμα</span> <span class='ocrx_word' id='word_1_582' title='bbox 1121 4782 1335 4837; x_wconf 81' lang='grc' dir='ltr'>αἰώνιον</span> <span class='ocrx_word' id='word_1_583' title='bbox 1364 4784 1477 4846; x_wconf 83' lang='grc' dir='ltr'>τοῖς</span> <span class='ocrx_word' id='word_1_584' title='bbox 1501 4781 1638 4854; x_wconf 85' lang='grc' dir='ltr'>πρὸς</span> <span class='ocrx_word' id='word_1_585' title='bbox 1661 4780 1892 4852; x_wconf 75' lang='grc' dir='ltr'>ἅμιλλαν</span> 
     </span>
    </p>
   </div>
   <div class='ocr_carea' id='block_1_77' title="bbox 325 4868 1894 4958">
    <p class='ocr_par' dir='ltr' id='par_1_77' title="bbox 325 4868 1894 4958">
     <span class='ocr_line' id='line_1_77' title="bbox 325 4868 1894 4958; baseline -0.01 -17"><span class='ocrx_word' id='word_1_586' title='bbox 325 4885 422 4958; x_wconf 77' lang='grc' dir='ltr'><strong>ζῇν</strong></span> <span class='ocrx_word' id='word_1_587' title='bbox 453 4880 854 4957; x_wconf 66' lang='grc' dir='ltr'>προῃρημένοις</span> <span class='ocrx_word' id='word_1_588' title='bbox 887 4877 1020 4948; x_wconf 71' lang='grc'><strong>(84).</strong></span> <span class='ocrx_word' id='word_1_589' title='bbox 1056 4875 1155 4929; x_wconf 83' lang='grc' dir='ltr'>Διά</span> <span class='ocrx_word' id='word_1_590' title='bbox 1191 4873 1350 4927; x_wconf 80' lang='grc' dir='ltr'>τοῦτο</span> <span class='ocrx_word' id='word_1_591' title='bbox 1378 4868 1470 4928; x_wconf 75' lang='grc' dir='ltr'>οὖν</span> <span class='ocrx_word' id='word_1_592' title='bbox 1505 4875 1538 4946; x_wconf 80' lang='grc' dir='ltr'><strong>ἡ</strong></span> <span class='ocrx_word' id='word_1_593' title='bbox 1581 4873 1894 4926; x_wconf 87' lang='grc' dir='ltr'>διδασκαλία</span> 
     </span>
    </p>
   </div>
   <div class='ocr_carea' id='block_1_78' title="bbox 398 5029 1895 5109">
    <p class='ocr_par' dir='ltr' id='par_1_78' title="bbox 398 5029 1895 5109">
     <span class='ocr_line' id='line_1_78' title="bbox 398 5029 1895 5109; baseline -0.007 -16"><span class='ocrx_word' id='word_1_594' title='bbox 398 5038 508 5109; x_wconf 76' lang='lat'><strong>(80)</strong></span> <span class='ocrx_word' id='word_1_595' title='bbox 547 5037 701 5109; x_wconf 59' lang='lat' dir='ltr'><strong>Vulg.</strong></span> <span class='ocrx_word' id='word_1_596' title='bbox 733 5037 844 5101; x_wconf 84' lang='grc' dir='ltr'>ἕως</span> <span class='ocrx_word' id='word_1_597' title='bbox 881 5035 978 5089; x_wconf 84' lang='grc' dir='ltr'>ὅτε</span> <span class='ocrx_word' id='word_1_598' title='bbox 1021 5034 1230 5102; x_wconf 74' lang='grc' dir='ltr'>ἠπίως.</span> <span class='ocrx_word' id='word_1_599' title='bbox 1263 5029 1454 5087; x_wconf 85' lang='lat' dir='ltr'><strong>Scribo</strong></span> <span class='ocrx_word' id='word_1_600' title='bbox 1479 5030 1586 5095; x_wconf 73' lang='grc' dir='ltr'>’ἕως</span> <span class='ocrx_word' id='word_1_601' title='bbox 1632 5031 1719 5084; x_wconf 84' lang='grc' dir='ltr'>ὅτε</span> <span class='ocrx_word' id='word_1_602' title='bbox 1747 5031 1895 5104; x_wconf 76' lang='grc' dir='ltr'>ἠπίῳ</span> 
     </span>
    </p>
   </div>
   <div class='ocr_carea' id='block_1_79' title="bbox 327 5107 856 5184">
    <p class='ocr_par' dir='ltr' id='par_1_79' title="bbox 327 5107 856 5184">
     <span class='ocr_line' id='line_1_79' title="bbox 327 5107 856 5184; baseline 0 0"><span class='ocrx_word' id='word_1_603' title='bbox 327 5107 717 5184; x_wconf 45' lang='lat' dir='ltr'><strong>naviumin</strong></span> <span class='ocrx_word' id='word_1_604' title='bbox 749 5117 856 5162; x_wconf 77' lang='grc' dir='ltr'>ειε-</span> 
     </span>
    </p>
   </div>
   <div class='ocr_carea' id='block_1_80' title="bbox 422 5171 1891 5251">
    <p class='ocr_par' dir='ltr' id='par_1_80' title="bbox 422 5171 1891 5251">
     <span class='ocr_line' id='line_1_80' title="bbox 422 5171 1891 5251; baseline -0.005 -18"><span class='ocrx_word' id='word_1_605' title='bbox 422 5180 509 5251; x_wconf 84' lang='lat' dir='ltr'><strong>8‘l)</strong></span> <span class='ocrx_word' id='word_1_606' title='bbox 545 5171 755 5251; x_wconf 61' lang='grc' dir='ltr'>’Ίᾶγεάρ</span> <span class='ocrx_word' id='word_1_607' title='bbox 780 5194 867 5230; x_wconf 85' lang='grc' dir='ltr'><strong>τοι</strong></span> <span class='ocrx_word' id='word_1_608' title='bbox 902 5174 1094 5251; x_wconf 69' lang='grc' dir='ltr'>ποσῷ.</span> <span class='ocrx_word' id='word_1_609' title='bbox 1139 5171 1288 5251; x_wconf 80' lang='lat' dir='ltr'><strong>Nihil</strong></span> <span class='ocrx_word' id='word_1_610' title='bbox 1319 5187 1451 5241; x_wconf 90' lang='lat' dir='ltr'><strong>opus</strong></span> <span class='ocrx_word' id='word_1_611' title='bbox 1478 5179 1604 5251; x_wconf 68' lang='lat' dir='ltr'><strong>erat</strong></span> <span class='ocrx_word' id='word_1_612' title='bbox 1635 5171 1891 5251; x_wconf 66' lang='lat' dir='ltr'><strong>emenda-</strong></span> 
     </span>
    </p>
   </div>
   <div class='ocr_carea' id='block_1_81' title="bbox 327 5241 1887 5312">
    <p class='ocr_par' dir='ltr' id='par_1_81' title="bbox 327 5241 1887 5312">
     <span class='ocr_line' id='line_1_81' title="bbox 327 5241 1887 5312; baseline -0.009 -6"><span class='ocrx_word' id='word_1_613' title='bbox 327 5241 502 5308; x_wconf 44' lang='lat' dir='ltr'><strong>tione,</strong></span> <span class='ocrx_word' id='word_1_614' title='bbox 537 5241 815 5303; x_wconf 41' lang='lat' dir='ltr'><strong>doct-onum</strong></span> <span class='ocrx_word' id='word_1_615' title='bbox 881 5248 1140 5306; x_wconf 84' lang='lat' dir='ltr'><strong>virorum,</strong></span> <span class='ocrx_word' id='word_1_616' title='bbox 1201 5244 1289 5312; x_wconf 89' lang='lat' dir='ltr'><strong>qui</strong></span> <span class='ocrx_word' id='word_1_617' title='bbox 1350 5243 1628 5310; x_wconf 76' lang='lat' dir='ltr'><strong>corrigunt</strong></span> <span class='ocrx_word' id='word_1_618' title='bbox 1677 5241 1887 5304; x_wconf 78' lang='grc' dir='ltr'>ποσῶς,</span> 
     </span>
    </p>
   </div>
   <div class='ocr_carea' id='block_1_82' title="bbox 326 5313 1894 5389">
    <p class='ocr_par' dir='ltr' id='par_1_82' title="bbox 326 5313 1894 5389">
     <span class='ocr_line' id='line_1_82' title="bbox 326 5313 1894 5389; baseline -0.008 -12"><span class='ocrx_word' id='word_1_619' title='bbox 326 5338 448 5377; x_wconf 91' lang='lat' dir='ltr'><strong>cum</strong></span> <span class='ocrx_word' id='word_1_620' title='bbox 491 5318 640 5389; x_wconf 77' lang='grc' dir='ltr'>ποσῷ</span> <span class='ocrx_word' id='word_1_621' title='bbox 685 5319 844 5373; x_wconf 89' lang='lat' dir='ltr'><strong>etiam</strong></span> <span class='ocrx_word' id='word_1_622' title='bbox 897 5317 1000 5371; x_wconf 89' lang='lat' dir='ltr'><strong>dici</strong></span> <span class='ocrx_word' id='word_1_623' title='bbox 1038 5313 1208 5389; x_wconf 83' lang='lat' dir='ltr'><strong>po_ssi_t</strong></span> <span class='ocrx_word' id='word_1_624' title='bbox 1238 5313 1616 5389; x_wconf 53' lang='lat' dir='ltr'><strong>ad-verlnaliter</strong></span> <span class='ocrx_word' id='word_1_625' title='bbox 1659 5313 1894 5389; x_wconf 55' lang='lat' dir='ltr'><strong>prooem.</strong></span> 
     </span>
    </p>
   </div>
   <div class='ocr_carea' id='block_1_83' title="bbox 327 5382 1894 5446">
    <p class='ocr_par' dir='ltr' id='par_1_83' title="bbox 327 5382 1894 5446">
     <span class='ocr_line' id='line_1_83' title="bbox 327 5382 1894 5446; baseline -0.007 0"><span class='ocrx_word' id='word_1_626' title='bbox 327 5392 516 5446; x_wconf 82' lang='grc' dir='ltr'>ποσόν.</span> <span class='ocrx_word' id='word_1_627' title='bbox 547 5382 624 5444; x_wconf 61' lang='grc'><strong>111⁷</strong></span> <span class='ocrx_word' id='word_1_628' title='bbox 655 5389 812 5445; x_wconf 88' lang='lat' dir='ltr'><strong>codd.</strong></span> <span class='ocrx_word' id='word_1_629' title='bbox 865 5396 1043 5441; x_wconf 86' lang='lat' dir='ltr'><strong>tamen</strong></span> <span class='ocrx_word' id='word_1_630' title='bbox 1090 5383 1228 5439; x_wconf 85' lang='lat' dir='ltr'><strong>Fuk.</strong></span> <span class='ocrx_word' id='word_1_631' title='bbox 1295 5397 1360 5437; x_wconf 85' lang='lat' dir='ltr'><strong>ac</strong></span> <span class='ocrx_word' id='word_1_632' title='bbox 1421 5382 1592 5442; x_wconf 75' lang='lat' dir='ltr'><strong>Turn.</strong></span> <span class='ocrx_word' id='word_1_633' title='bbox 1640 5383 1894 5437; x_wconf 89' lang='lat' dir='ltr'><strong>scribitur</strong></span> 
     </span>
    </p>
   </div>
   <div class='ocr_carea' id='block_1_84' title="bbox 328 5480 530 5518">
    <p class='ocr_par' dir='ltr' id='par_1_84' title="bbox 328 5480 530 5518">
     <span class='ocr_line' id='line_1_84' title="bbox 328 5480 530 5518; baseline -0.005 -1"><span class='ocrx_word' id='word_1_634' title='bbox 328 5480 530 5518; x_wconf 79' lang='grc' dir='ltr'>ποσως.</span> 
     </span>
    </p>
   </div>
   <div class='ocr_carea' id='block_1_85' title="bbox 295 5501 1895 5602">
    <p class='ocr_par' dir='ltr' id='par_1_85' title="bbox 295 5501 1895 5602">
     <span class='ocr_line' id='line_1_85' title="bbox 295 5501 1895 5602; baseline -0.013 -9"><span class='ocrx_word' id='word_1_635' title='bbox 295 5585 306 5602; x_wconf 36' lang='grc'>.,</span> <span class='ocrx_word' id='word_1_636' title='bbox 568 5527 893 5602; x_wconf 53' lang='grc' dir='ltr'><strong>ζλὶνί.ὶ’-ιὲι,ι&gt;ιεῖΔ</strong></span> <span class='ocrx_word' id='word_1_637' title='bbox 921 5544 1050 5602; x_wconf 37' lang='grc' dir='ltr'>τις.-</span> <span class='ocrx_word' id='word_1_638' title='bbox 1077 5523 1160 5602; x_wconf 63' lang='lat' dir='ltr'><strong>Ab</strong></span> <span class='ocrx_word' id='word_1_639' title='bbox 1193 5522 1278 5576; x_wconf 89' lang='lat' dir='ltr'><strong>his</strong></span> <span class='ocrx_word' id='word_1_640' title='bbox 1309 5522 1488 5602; x_wconf 71' lang='lat' dir='ltr'><strong>verbis</strong></span> <span class='ocrx_word' id='word_1_641' title='bbox 1534 5521 1895 5576; x_wconf 88' lang='lat' dir='ltr'><strong>inchoandum</strong></span> 
     </span>
    </p>
   </div>
   <div class='ocr_carea' id='block_1_86' title="bbox 301 5593 1894 5672">
    <p class='ocr_par' dir='ltr' id='par_1_86' title="bbox 301 5593 1894 5672">
     <span class='ocr_line' id='line_1_86' title="bbox 301 5593 1894 5672; baseline -0.011 -14"><span class='ocrx_word' id='word_1_642' title='bbox 301 5593 419 5663; x_wconf 26' lang='lat' dir='ltr'><strong>rest‘</strong></span> <span class='ocrx_word' id='word_1_643' title='bbox 445 5593 562 5672; x_wconf 75' lang='lat' dir='ltr'><strong>cap.</strong></span> <span class='ocrx_word' id='word_1_644' title='bbox 592 5599 658 5653; x_wconf 75' lang='lat' dir='ltr'><strong>l2</strong></span> <span class='ocrx_word' id='word_1_645' title='bbox 683 5616 696 5652; x_wconf 90' lang='lat'><strong>:</strong></span> <span class='ocrx_word' id='word_1_646' title='bbox 729 5593 805 5672; x_wconf 64' lang='lat' dir='ltr'><strong>ne</strong></span> <span class='ocrx_word' id='word_1_647' title='bbox 839 5597 919 5672; x_wconf 58' lang='lat' dir='ltr'><strong>liis</strong></span> <span class='ocrx_word' id='word_1_648' title='bbox 961 5596 1060 5672; x_wconf 72' lang='lat' dir='ltr'><strong>qui</strong></span> <span class='ocrx_word' id='word_1_649' title='bbox 1091 5596 1186 5646; x_wconf 84' lang='lat' dir='ltr'><strong>hoc</strong></span> <span class='ocrx_word' id='word_1_650' title='bbox 1222 5593 1674 5672; x_wconf 25' lang='lat' dir='ltr'><strong>mysieriumjnou</strong></span> <span class='ocrx_word' id='word_1_651' title='bbox 1702 5605 1894 5672; x_wconf 59' lang='lat' dir='ltr'><strong>cogno-</strong></span> 
     </span>
    </p>
   </div>
   <div class='ocr_carea' id='block_1_87' title="bbox 331 5660 1892 5740">
    <p class='ocr_par' dir='ltr' id='par_1_87' title="bbox 331 5660 1892 5740">
     <span class='ocr_line' id='line_1_87' title="bbox 331 5660 1892 5740; baseline -0.011 -13"><span class='ocrx_word' id='word_1_652' title='bbox 331 5660 534 5735; x_wconf 52' lang='lat' dir='ltr'><strong>uerunt,</strong></span> <span class='ocrx_word' id='word_1_653' title='bbox 556 5681 602 5725; x_wconf 82' lang='lat' dir='ltr'><strong>et</strong></span> <span class='ocrx_word' id='word_1_654' title='bbox 633 5667 770 5740; x_wconf 83' lang='lat' dir='ltr'><strong>quod</strong></span> <span class='ocrx_word' id='word_1_655' title='bbox 800 5660 1096 5740; x_wconf 56' lang='lat' dir='ltr'><strong>uoluntaria</strong></span> <span class='ocrx_word' id='word_1_656' title='bbox 1117 5660 1730 5740; x_wconf 59' lang='lat' dir='ltr'><strong>eorunijguorqtio,_ete.</strong></span> <span class='ocrx_word' id='word_1_657' title='bbox 1761 5660 1892 5712; x_wconf 78' lang='lat' dir='ltr'><strong>Nam</strong></span> 
     </span>
    </p>
   </div>
   <div class='ocr_carea' id='block_1_88' title="bbox 333 5732 1917 5806">
    <p class='ocr_par' dir='ltr' id='par_1_88' title="bbox 333 5732 1917 5806">
     <span class='ocr_line' id='line_1_88' title="bbox 333 5732 1917 5806; baseline -0.014 -6"><span class='ocrx_word' id='word_1_658' title='bbox 333 5732 597 5800; x_wconf 84' lang='lat' dir='ltr'><strong>hactenus</strong></span> <span class='ocrx_word' id='word_1_659' title='bbox 640 5732 752 5806; x_wconf 75' lang='lat' dir='ltr'><strong>egit</strong></span> <span class='ocrx_word' id='word_1_660' title='bbox 789 5734 1270 5806; x_wconf 33' lang='lat' dir='ltr'><strong>Constantintts‘de</strong></span> <span class='ocrx_word' id='word_1_661' title='bbox 1301 5732 1506 5785; x_wconf 87' lang='lat' dir='ltr'><strong>Domini</strong></span> <span class='ocrx_word' id='word_1_662' title='bbox 1551 5735 1807 5806; x_wconf 79' lang='lat' dir='ltr'><strong>adventu,</strong></span> <span class='ocrx_word' id='word_1_663' title='bbox 1833 5737 1917 5806; x_wconf 88' lang='lat' dir='ltr'><strong>_et.</strong></span> 
     </span>
    </p>
   </div>
   <div class='ocr_carea' id='block_1_89' title="bbox 334 5798 1890 5882">
    <p class='ocr_par' dir='ltr' id='par_1_89' title="bbox 334 5798 1890 5882">
     <span class='ocr_line' id='line_1_89' title="bbox 334 5798 1890 5882; baseline -0.007 -19"><span class='ocrx_word' id='word_1_664' title='bbox 334 5798 491 5882; x_wconf 72' lang='lat' dir='ltr'><strong>cujus</strong></span> <span class='ocrx_word' id='word_1_665' title='bbox 551 5810 628 5865; x_wconf 90' lang='lat' dir='ltr'><strong>rei</strong></span> <span class='ocrx_word' id='word_1_666' title='bbox 677 5798 837 5882; x_wconf 63' lang='lat' dir='ltr'><strong>causa</strong></span> <span class='ocrx_word' id='word_1_667' title='bbox 877 5805 1137 5882; x_wconf 72' lang='lat' dir='ltr'><strong>_t_1liris_tus</strong></span> <span class='ocrx_word' id='word_1_668' title='bbox 1194 5802 1245 5855; x_wconf 93' lang='lat' dir='ltr'><strong>in</strong></span> <span class='ocrx_word' id='word_1_669' title='bbox 1303 5809 1477 5881; x_wconf 77' lang='lat' dir='ltr'><strong>terras</strong></span> <span class='ocrx_word' id='word_1_670' title='bbox 1533 5798 1890 5882; x_wconf 79' lang='lat' dir='ltr'><strong>descenderit.</strong></span> 
     </span>
    </p>
   </div>
   <div class='ocr_carea' id='block_1_90' title="bbox 334 5872 1890 5951">
    <p class='ocr_par' dir='ltr' id='par_1_90' title="bbox 334 5872 1890 5951">
     <span class='ocr_line' id='line_1_90' title="bbox 334 5872 1890 5951; baseline -0.009 -13"><span class='ocrx_word' id='word_1_671' title='bbox 334 5872 488 5938; x_wconf 63' lang='lat' dir='ltr'><strong>Nilne</strong></span> <span class='ocrx_word' id='word_1_672' title='bbox 506 5879 762 5951; x_wconf 79' lang='lat' dir='ltr'><strong>veroagit</strong></span> <span class='ocrx_word' id='word_1_673' title='bbox 780 5876 944 5934; x_wconf 83' lang='lat' dir='ltr'><strong>de-iis</strong></span> <span class='ocrx_word' id='word_1_674' title='bbox 969 5875 1060 5947; x_wconf 89' lang='lat' dir='ltr'><strong>qui</strong></span> <span class='ocrx_word' id='word_1_675' title='bbox 1090 5875 1192 5929; x_wconf 86' lang='lat' dir='ltr'><strong>hoc</strong></span> <span class='ocrx_word' id='word_1_676' title='bbox 1222 5872 1531 5938; x_wconf 83' lang='lat' dir='ltr'><strong>mysterium</strong></span> <span class='ocrx_word' id='word_1_677' title='bbox 1557 5872 1890 5938; x_wconf 76' lang='lat' dir='ltr'><strong>ignorarunt.</strong></span> 
     </span>
    </p>
   </div>
   <div class='ocr_carea' id='block_1_91' title="bbox 1988 3852 3558 3927">
    <p class='ocr_par' dir='ltr' id='par_1_91' title="bbox 1988 3852 3558 3927">
     <span class='ocr_line' id='line_1_91' title="bbox 1988 3852 3558 3927; baseline -0.001 -15"><span class='ocrx_word' id='word_1_678' title='bbox 1988 3857 2298 3927; x_wconf 86' lang='lat' dir='ltr'><strong>utiliterque</strong></span> <span class='ocrx_word' id='word_1_679' title='bbox 2327 3863 2593 3926; x_wconf 58' lang='lat' dir='ltr'><strong>pracepta</strong></span> <span class='ocrx_word' id='word_1_680' title='bbox 2624 3864 2768 3920; x_wconf 89' lang='lat' dir='ltr'><strong>sunt,</strong></span> <span class='ocrx_word' id='word_1_681' title='bbox 2792 3852 3002 3911; x_wconf 79' lang='lat' dir='ltr'><strong>infenso</strong></span> <span class='ocrx_word' id='word_1_682' title='bbox 3031 3856 3214 3911; x_wconf 90' lang='lat' dir='ltr'><strong>animo</strong></span> <span class='ocrx_word' id='word_1_683' title='bbox 3233 3857 3558 3927; x_wconf 81' lang='lat' dir='ltr'><strong>excipimus,</strong></span> 
     </span>
    </p>
   </div>
   <div class='ocr_carea' id='block_1_92' title="bbox 1991 3946 3559 4016">
    <p class='ocr_par' dir='ltr' id='par_1_92' title="bbox 1991 3946 3559 4016">
     <span class='ocr_line' id='line_1_92' title="bbox 1991 3946 3559 4016; baseline -0.001 -15"><span class='ocrx_word' id='word_1_684' title='bbox 1991 3958 2118 4003; x_wconf 90' lang='lat' dir='ltr'><strong>tunc</strong></span> <span class='ocrx_word' id='word_1_685' title='bbox 2157 3948 2352 4002; x_wconf 90' lang='lat' dir='ltr'><strong>mentis</strong></span> <span class='ocrx_word' id='word_1_686' title='bbox 2374 3957 2572 4001; x_wconf 73' lang='lat' dir='ltr'><strong>nostrae</strong></span> <span class='ocrx_word' id='word_1_687' title='bbox 2600 3949 2749 4002; x_wconf 87' lang='lat' dir='ltr'><strong>acies</strong></span> <span class='ocrx_word' id='word_1_688' title='bbox 2771 3946 3098 4016; x_wconf 87' lang='lat' dir='ltr'><strong>quihusdam</strong></span> <span class='ocrx_word' id='word_1_689' title='bbox 3129 3947 3281 4015; x_wconf 90' lang='lat' dir='ltr'><strong>quasi</strong></span> <span class='ocrx_word' id='word_1_690' title='bbox 3317 3946 3559 4000; x_wconf 89' lang='lat' dir='ltr'><strong>tenebris</strong></span> 
     </span>
    </p>
   </div>
   <div class='ocr_carea' id='block_1_93' title="bbox 1987 4038 3556 4108">
    <p class='ocr_par' dir='ltr' id='par_1_93' title="bbox 1987 4038 3556 4108">
     <span class='ocr_line' id='line_1_93' title="bbox 1987 4038 3556 4108; baseline -0.003 -13"><span class='ocrx_word' id='word_1_691' title='bbox 1987 4041 2336 4095; x_wconf 82' lang='lat' dir='ltr'><strong>obscuratur.</strong></span> <span class='ocrx_word' id='word_1_692' title='bbox 2361 4039 2498 4105; x_wconf 88' lang='lat' dir='ltr'><strong>Quid</strong></span> <span class='ocrx_word' id='word_1_693' title='bbox 2540 4039 2680 4108; x_wconf 88' lang='lat' dir='ltr'><strong>quod</strong></span> <span class='ocrx_word' id='word_1_694' title='bbox 2723 4038 2985 4108; x_wconf 82' lang='lat' dir='ltr'><strong>voluptati</strong></span> <span class='ocrx_word' id='word_1_695' title='bbox 3013 4038 3119 4092; x_wconf 92' lang='lat' dir='ltr'><strong>illis</strong></span> <span class='ocrx_word' id='word_1_696' title='bbox 3146 4048 3264 4091; x_wconf 85' lang='lat' dir='ltr'><strong>erat</strong></span> <span class='ocrx_word' id='word_1_697' title='bbox 3293 4045 3556 4107; x_wconf 71' lang='lat' dir='ltr'><strong>prmcepta</strong></span> 
     </span>
    </p>
   </div>
   <div class='ocr_carea' id='block_1_94' title="bbox 1990 4129 3563 4202">
    <p class='ocr_par' dir='ltr' id='par_1_94' title="bbox 1990 4129 3563 4202">
     <span class='ocr_line' id='line_1_94' title="bbox 1990 4129 3563 4202; baseline -0.003 -15"><span class='ocrx_word' id='word_1_698' title='bbox 1990 4133 2288 4202; x_wconf 79' lang='lat' dir='ltr'><strong>negligere,</strong></span> <span class='ocrx_word' id='word_1_699' title='bbox 2315 4141 2371 4186; x_wconf 93' lang='lat' dir='ltr'><strong>et</strong></span> <span class='ocrx_word' id='word_1_700' title='bbox 2407 4131 2508 4200; x_wconf 91' lang='lat' dir='ltr'><strong>legi</strong></span> <span class='ocrx_word' id='word_1_701' title='bbox 2562 4146 2684 4200; x_wconf 77' lang='lat' dir='ltr'><strong>qua:</strong></span> <span class='ocrx_word' id='word_1_702' title='bbox 2715 4129 2991 4185; x_wconf 80' lang='lat' dir='ltr'><strong>ferebatur</strong></span> <span class='ocrx_word' id='word_1_703' title='bbox 3049 4129 3363 4184; x_wconf 76' lang='lat' dir='ltr'><strong>fastidiosus</strong></span> <span class='ocrx_word' id='word_1_704' title='bbox 3398 4140 3563 4182; x_wconf 79' lang='lat' dir='ltr'><strong>aures</strong></span> 
     </span>
    </p>
   </div>
   <div class='ocr_carea' id='block_1_95' title="bbox 1989 4223 3562 4297">
    <p class='ocr_par' dir='ltr' id='par_1_95' title="bbox 1989 4223 3562 4297">
     <span class='ocr_line' id='line_1_95' title="bbox 1989 4223 3562 4297; baseline -0.002 -18"><span class='ocrx_word' id='word_1_705' title='bbox 1989 4229 2261 4297; x_wconf 67' lang='lat' dir='ltr'><strong>praebere?</strong></span> <span class='ocrx_word' id='word_1_706' title='bbox 2284 4225 2398 4280; x_wconf 85' lang='lat' dir='ltr'><strong>Nisi</strong></span> <span class='ocrx_word' id='word_1_707' title='bbox 2427 4225 2575 4281; x_wconf 92' lang='lat' dir='ltr'><strong>enim</strong></span> <span class='ocrx_word' id='word_1_708' title='bbox 2624 4223 3013 4294; x_wconf 78' lang='lat' dir='ltr'><strong>neglexissent,</strong></span> <span class='ocrx_word' id='word_1_709' title='bbox 3043 4223 3259 4292; x_wconf 84' lang='lat' dir='ltr'><strong>dignam</strong></span> <span class='ocrx_word' id='word_1_710' title='bbox 3288 4230 3436 4277; x_wconf 89' lang='lat' dir='ltr'><strong>certe</strong></span> <span class='ocrx_word' id='word_1_711' title='bbox 3463 4236 3493 4276; x_wconf 85' lang='lat' dir='ltr'><strong>a</strong></span> <span class='ocrx_word' id='word_1_712' title='bbox 3513 4237 3562 4275; x_wconf 78' lang='lat'><strong>1-</strong></span> 
     </span>
    </p>
   </div>
   <div class='ocr_carea' id='block_1_96' title="bbox 1989 4315 3567 4381">
    <p class='ocr_par' dir='ltr' id='par_1_96' title="bbox 1989 4315 3567 4381">
     <span class='ocr_line' id='line_1_96' title="bbox 1989 4315 3567 4381; baseline -0.004 -5"><span class='ocrx_word' id='word_1_713' title='bbox 1989 4321 2195 4377; x_wconf 89' lang='lat' dir='ltr'><strong>dientia</strong></span> <span class='ocrx_word' id='word_1_714' title='bbox 2243 4334 2341 4374; x_wconf 88' lang='lat' dir='ltr'><strong>sua</strong></span> <span class='ocrx_word' id='word_1_715' title='bbox 2376 4319 2682 4374; x_wconf 88' lang='lat' dir='ltr'><strong>mercedem</strong></span> <span class='ocrx_word' id='word_1_716' title='bbox 2711 4326 2867 4372; x_wconf 90' lang='lat' dir='ltr'><strong>erant</strong></span> <span class='ocrx_word' id='word_1_717' title='bbox 2927 4316 3187 4381; x_wconf 87' lang='lat' dir='ltr'><strong>relaturi,</strong></span> <span class='ocrx_word' id='word_1_718' title='bbox 3226 4331 3331 4370; x_wconf 88' lang='lat' dir='ltr'><strong>non</strong></span> <span class='ocrx_word' id='word_1_719' title='bbox 3377 4316 3430 4370; x_wconf 91' lang='lat' dir='ltr'><strong>in</strong></span> <span class='ocrx_word' id='word_1_720' title='bbox 3463 4315 3567 4370; x_wconf 84' lang='lat' dir='ltr'><strong>hac</strong></span> 
     </span>
    </p>
   </div>
   <div class='ocr_carea' id='block_1_97' title="bbox 1993 4408 3562 4478">
    <p class='ocr_par' dir='ltr' id='par_1_97' title="bbox 1993 4408 3562 4478">
     <span class='ocr_line' id='line_1_97' title="bbox 1993 4408 3562 4478; baseline -0.004 -10"><span class='ocrx_word' id='word_1_721' title='bbox 1993 4422 2224 4476; x_wconf 91' lang='lat' dir='ltr'><strong>tantum,</strong></span> <span class='ocrx_word' id='word_1_722' title='bbox 2255 4427 2442 4466; x_wconf 84' lang='lat' dir='ltr'><strong>verum</strong></span> <span class='ocrx_word' id='word_1_723' title='bbox 2473 4410 2637 4465; x_wconf 88' lang='lat' dir='ltr'><strong>etiam</strong></span> <span class='ocrx_word' id='word_1_724' title='bbox 2668 4410 2720 4465; x_wconf 92' lang='lat' dir='ltr'><strong>in</strong></span> <span class='ocrx_word' id='word_1_725' title='bbox 2751 4409 2932 4464; x_wconf 82' lang='lat' dir='ltr'><strong>futura</strong></span> <span class='ocrx_word' id='word_1_726' title='bbox 2967 4408 3076 4464; x_wconf 79' lang='lat' dir='ltr'><strong>vita</strong></span> <span class='ocrx_word' id='word_1_727' title='bbox 3107 4425 3124 4475; x_wconf 89' lang='lat'><strong>;</strong></span> <span class='ocrx_word' id='word_1_728' title='bbox 3153 4423 3274 4478; x_wconf 66' lang='lat' dir='ltr'><strong>quae</strong></span> <span class='ocrx_word' id='word_1_729' title='bbox 3301 4423 3430 4463; x_wconf 84' lang='lat' dir='ltr'><strong>vere</strong></span> <span class='ocrx_word' id='word_1_730' title='bbox 3451 4408 3562 4462; x_wconf 89' lang='lat' dir='ltr'><strong>vita</strong></span> 
     </span>
    </p>
   </div>
   <div class='ocr_carea' id='block_1_98' title="bbox 1990 4498 3565 4571">
    <p class='ocr_par' dir='ltr' id='par_1_98' title="bbox 1990 4498 3565 4571">
     <span class='ocr_line' id='line_1_98' title="bbox 1990 4498 3565 4571; baseline -0.003 -12"><span class='ocrx_word' id='word_1_731' title='bbox 1990 4513 2075 4561; x_wconf 87' lang='lat' dir='ltr'><strong>est</strong></span> <span class='ocrx_word' id='word_1_732' title='bbox 2129 4501 2514 4559; x_wconf 81' lang='lat' dir='ltr'><strong>existimanda.</strong></span> <span class='ocrx_word' id='word_1_733' title='bbox 2563 4500 2765 4557; x_wconf 83' lang='lat' dir='ltr'><strong>Eorum</strong></span> <span class='ocrx_word' id='word_1_734' title='bbox 2824 4500 2968 4555; x_wconf 90' lang='lat' dir='ltr'><strong>enim</strong></span> <span class='ocrx_word' id='word_1_735' title='bbox 3017 4499 3108 4571; x_wconf 90' lang='lat' dir='ltr'><strong>qui</strong></span> <span class='ocrx_word' id='word_1_736' title='bbox 3148 4500 3435 4569; x_wconf 76' lang='lat' dir='ltr'><strong>praeceptis</strong></span> <span class='ocrx_word' id='word_1_737' title='bbox 3469 4498 3565 4554; x_wconf 90' lang='lat' dir='ltr'><strong>Dei</strong></span> 
     </span>
    </p>
   </div>
   <div class='ocr_carea' id='block_1_99' title="bbox 1992 4589 3566 4667">
    <p class='ocr_par' dir='ltr' id='par_1_99' title="bbox 1992 4589 3566 4667">
     <span class='ocr_line' id='line_1_99' title="bbox 1992 4589 3566 4667; baseline -0.004 -16"><span class='ocrx_word' id='word_1_738' title='bbox 1992 4592 2538 4667; x_wconf 39' lang='lat' dir='ltr'><strong>parueruntgmerces</strong></span> <span class='ocrx_word' id='word_1_739' title='bbox 2553 4600 2656 4658; x_wconf 89' lang='lat' dir='ltr'><strong>est,</strong></span> <span class='ocrx_word' id='word_1_740' title='bbox 2681 4590 3005 4646; x_wconf 87' lang='lat' dir='ltr'><strong>immortalis</strong></span> <span class='ocrx_word' id='word_1_741' title='bbox 3024 4599 3292 4646; x_wconf 70' lang='lat' dir='ltr'><strong>etteterna</strong></span> <span class='ocrx_word' id='word_1_742' title='bbox 3321 4590 3448 4656; x_wconf 85' lang='lat' dir='ltr'><strong>vita.</strong></span> <span class='ocrx_word' id='word_1_743' title='bbox 3483 4589 3566 4644; x_wconf 83' lang='lat' dir='ltr'><strong>Ad</strong></span> 
     </span>
    </p>
   </div>
   <div class='ocr_carea' id='block_1_100' title="bbox 1992 4683 3570 4760">
    <p class='ocr_par' dir='ltr' id='par_1_100' title="bbox 1992 4683 3570 4760">
     <span class='ocr_line' id='line_1_100' title="bbox 1992 4683 3570 4760; baseline -0.004 -16"><span class='ocrx_word' id='word_1_744' title='bbox 1992 4705 2154 4760; x_wconf 89' lang='lat' dir='ltr'><strong>quam</strong></span> <span class='ocrx_word' id='word_1_745' title='bbox 2182 4688 2218 4743; x_wconf 93' lang='lat' dir='ltr'><strong>ii</strong></span> <span class='ocrx_word' id='word_1_746' title='bbox 2241 4688 2458 4743; x_wconf 88' lang='lat' dir='ltr'><strong>demum</strong></span> <span class='ocrx_word' id='word_1_747' title='bbox 2501 4686 2756 4756; x_wconf 69' lang='lat' dir='ltr'><strong>aspirarei</strong></span> <span class='ocrx_word' id='word_1_748' title='bbox 2785 4693 3029 4754; x_wconf 89' lang='lat' dir='ltr'><strong>possunt,</strong></span> <span class='ocrx_word' id='word_1_749' title='bbox 3061 4683 3151 4754; x_wconf 90' lang='lat' dir='ltr'><strong>qui</strong></span> <span class='ocrx_word' id='word_1_750' title='bbox 3182 4683 3349 4738; x_wconf 90' lang='lat' dir='ltr'><strong>Deum</strong></span> <span class='ocrx_word' id='word_1_751' title='bbox 3369 4698 3570 4754; x_wconf 80' lang='lat' dir='ltr'><strong>cogno-</strong></span> 
     </span>
    </p>
   </div>
   <div class='ocr_carea' id='block_1_101' title="bbox 1991 4776 3568 4849">
    <p class='ocr_par' dir='ltr' id='par_1_101' title="bbox 1991 4776 3568 4849">
     <span class='ocr_line' id='line_1_101' title="bbox 1991 4776 3568 4849; baseline -0.004 -13"><span class='ocrx_word' id='word_1_752' title='bbox 1991 4783 2171 4838; x_wconf 86' lang='lat' dir='ltr'><strong>verint</strong></span> <span class='ocrx_word' id='word_1_753' title='bbox 2197 4823 2212 4848; x_wconf 93' lang='lat'><strong>,</strong></span> <span class='ocrx_word' id='word_1_754' title='bbox 2244 4789 2302 4836; x_wconf 91' lang='lat' dir='ltr'><strong>et</strong></span> <span class='ocrx_word' id='word_1_755' title='bbox 2323 4781 2416 4849; x_wconf 88' lang='lat' dir='ltr'><strong>qui</strong></span> <span class='ocrx_word' id='word_1_756' title='bbox 2434 4792 2585 4834; x_wconf 88' lang='lat' dir='ltr'><strong>suam</strong></span> <span class='ocrx_word' id='word_1_757' title='bbox 2612 4778 2853 4848; x_wconf 87' lang='lat' dir='ltr'><strong>ipsorum</strong></span> <span class='ocrx_word' id='word_1_758' title='bbox 2883 4776 3222 4832; x_wconf 70' lang='lat' dir='ltr'><strong>vitamvelut</strong></span> <span class='ocrx_word' id='word_1_759' title='bbox 3248 4785 3568 4848; x_wconf 89' lang='lat' dir='ltr'><strong>perpetuum</strong></span> 
     </span>
    </p>
   </div>
   <div class='ocr_carea' id='block_1_102' title="bbox 1994 4868 3568 4946">
    <p class='ocr_par' dir='ltr' id='par_1_102' title="bbox 1994 4868 3568 4946">
     <span class='ocr_line' id='line_1_102' title="bbox 1994 4868 3568 4946; baseline -0.004 -17"><span class='ocrx_word' id='word_1_760' title='bbox 1994 4875 2263 4946; x_wconf 87' lang='lat' dir='ltr'><strong>quoddam</strong></span> <span class='ocrx_word' id='word_1_761' title='bbox 2290 4871 2589 4942; x_wconf 82' lang='lat' dir='ltr'><strong>exemplar,</strong></span> <span class='ocrx_word' id='word_1_762' title='bbox 2613 4870 2682 4926; x_wconf 90' lang='lat' dir='ltr'><strong>ad</strong></span> <span class='ocrx_word' id='word_1_763' title='bbox 2710 4869 3034 4926; x_wconf 87' lang='lat' dir='ltr'><strong>imitandum</strong></span> <span class='ocrx_word' id='word_1_764' title='bbox 3069 4868 3453 4939; x_wconf 88' lang='lat' dir='ltr'><strong>proposuerint</strong></span> <span class='ocrx_word' id='word_1_765' title='bbox 3479 4868 3568 4936; x_wconf 91' lang='lat' dir='ltr'><strong>iis,</strong></span> 
     </span>
    </p>
   </div>
   <div class='ocr_carea' id='block_1_103' title="bbox 2069 5024 3572 5102">
    <p class='ocr_par' dir='ltr' id='par_1_103' title="bbox 2069 5024 3572 5102">
     <span class='ocr_line' id='line_1_103' title="bbox 2069 5024 3572 5102; baseline -0.003 -16"><span class='ocrx_word' id='word_1_766' title='bbox 2069 5031 2178 5102; x_wconf 80' lang='lat'><strong>(83)</strong></span> <span class='ocrx_word' id='word_1_767' title='bbox 2221 5033 2281 5086; x_wconf 84' lang='grc' dir='ltr'>Τί</span> <span class='ocrx_word' id='word_1_768' title='bbox 2307 5031 2394 5095; x_wconf 81' lang='grc' dir='ltr'>δὲ,</span> <span class='ocrx_word' id='word_1_769' title='bbox 2423 5030 2512 5102; x_wconf 71' lang='grc' dir='ltr'><strong>ότι</strong></span> <span class='ocrx_word' id='word_1_770' title='bbox 2542 5029 2834 5102; x_wconf 63' lang='grc' dir='ltr'>προφιλὲς</span> <span class='ocrx_word' id='word_1_771' title='bbox 2863 5024 2962 5098; x_wconf 76' lang='grc' dir='ltr'><strong>ἦν.</strong></span> <span class='ocrx_word' id='word_1_772' title='bbox 2993 5027 3170 5102; x_wconf 75' lang='lat' dir='ltr'><strong>Malim</strong></span> <span class='ocrx_word' id='word_1_773' title='bbox 3210 5027 3449 5102; x_wconf 82' lang='lat' dir='ltr'><strong>scribere</strong></span> <span class='ocrx_word' id='word_1_774' title='bbox 3490 5028 3572 5083; x_wconf 74' lang='grc' dir='ltr'>ἔτι</span> 
     </span>
    </p>
   </div>
   <div class='ocr_carea' id='block_1_104' title="bbox 1921 5099 3571 5171">
    <p class='ocr_par' dir='ltr' id='par_1_104' title="bbox 1921 5099 3571 5171">
     <span class='ocr_line' id='line_1_104' title="bbox 1921 5099 3571 5171; baseline -0.003 -15"><span class='ocrx_word' id='word_1_775' title='bbox 1921 5115 1967 5171; x_wconf 80' lang='grc' dir='ltr'><strong>ι)</strong></span> <span class='ocrx_word' id='word_1_776' title='bbox 1995 5103 2050 5156; x_wconf 78' lang='grc' dir='ltr'>δὲ</span> <span class='ocrx_word' id='word_1_777' title='bbox 2079 5099 2196 5164; x_wconf 64' lang='grc' dir='ltr'>ὅτι,</span> <span class='ocrx_word' id='word_1_778' title='bbox 2236 5115 2343 5156; x_wconf 83' lang='lat' dir='ltr'><strong>etc.</strong></span> <span class='ocrx_word' id='word_1_779' title='bbox 2377 5099 2548 5154; x_wconf 81' lang='lat' dir='ltr'><strong>AlIert</strong></span> <span class='ocrx_word' id='word_1_780' title='bbox 2583 5102 2727 5171; x_wconf 89' lang='lat' dir='ltr'><strong>enim</strong></span> <span class='ocrx_word' id='word_1_781' title='bbox 2771 5100 3160 5171; x_wconf 67' lang='lat' dir='ltr'><strong>Constantinus</strong></span> <span class='ocrx_word' id='word_1_782' title='bbox 3203 5101 3337 5154; x_wconf 88' lang='lat' dir='ltr'><strong>duas</strong></span> <span class='ocrx_word' id='word_1_783' title='bbox 3380 5112 3571 5152; x_wconf 85' lang='lat' dir='ltr'><strong>causas</strong></span> 
     </span>
    </p>
   </div>
   <div class='ocr_carea' id='block_1_105' title="bbox 1997 5167 3574 5242">
    <p class='ocr_par' dir='ltr' id='par_1_105' title="bbox 1997 5167 3574 5242">
     <span class='ocr_line' id='line_1_105' title="bbox 1997 5167 3574 5242; baseline -0.004 -14"><span class='ocrx_word' id='word_1_784' title='bbox 1997 5189 2096 5228; x_wconf 86' lang='lat' dir='ltr'><strong>cur</strong></span> <span class='ocrx_word' id='word_1_785' title='bbox 2133 5173 2359 5242; x_wconf 80' lang='lat' dir='ltr'><strong>gentiles</strong></span> <span class='ocrx_word' id='word_1_786' title='bbox 2413 5170 2855 5239; x_wconf 66' lang='lat' dir='ltr'><strong>praedicationem</strong></span> <span class='ocrx_word' id='word_1_787' title='bbox 2903 5167 3104 5225; x_wconf 87' lang='lat' dir='ltr'><strong>Christi</strong></span> <span class='ocrx_word' id='word_1_788' title='bbox 3158 5184 3265 5224; x_wconf 92' lang='lat' dir='ltr'><strong>non</strong></span> <span class='ocrx_word' id='word_1_789' title='bbox 3315 5183 3574 5238; x_wconf 87' lang='lat' dir='ltr'><strong>suscepe-</strong></span> 
     </span>
    </p>
   </div>
   <div class='ocr_carea' id='block_1_106' title="bbox 1997 5251 2142 5298">
    <p class='ocr_par' dir='ltr' id='par_1_106' title="bbox 1997 5251 2142 5298">
     <span class='ocr_line' id='line_1_106' title="bbox 1997 5251 2142 5298; baseline -0.028 0"><span class='ocrx_word' id='word_1_790' title='bbox 1997 5251 2142 5298; x_wconf 87' lang='lat' dir='ltr'><strong>runt.</strong></span> 
     </span>
    </p>
   </div>
   <div class='ocr_carea' id='block_1_107' title="bbox 2073 5305 3570 5381">
    <p class='ocr_par' dir='ltr' id='par_1_107' title="bbox 2073 5305 3570 5381">
     <span class='ocr_line' id='line_1_107' title="bbox 2073 5305 3570 5381; baseline -0.003 -15"><span class='ocrx_word' id='word_1_791' title='bbox 2073 5312 2186 5381; x_wconf 62' lang='lat'><strong>(84)</strong></span> <span class='ocrx_word' id='word_1_792' title='bbox 2230 5311 2358 5377; x_wconf 80' lang='grc' dir='ltr'>Τοῖς</span> <span class='ocrx_word' id='word_1_793' title='bbox 2422 5311 2572 5379; x_wconf 78' lang='grc' dir='ltr'>πρὸς</span> <span class='ocrx_word' id='word_1_794' title='bbox 2622 5310 2890 5381; x_wconf 73' lang='grc' dir='ltr'>ἅμιλλαν</span> <span class='ocrx_word' id='word_1_795' title='bbox 2945 5305 3570 5381; x_wconf 34' lang='grc' dir='ltr'><strong>ζῇν-προῃρημένοις.</strong></span> 
     </span>
    </p>
   </div>
   <div class='ocr_carea' id='block_1_108' title="bbox 2001 5378 3573 5459">
    <p class='ocr_par' dir='ltr' id='par_1_108' title="bbox 2001 5378 3573 5459">
     <span class='ocr_line' id='line_1_108' title="bbox 2001 5378 3573 5459; baseline -0.004 -21"><span class='ocrx_word' id='word_1_796' title='bbox 2001 5378 2287 5459; x_wconf 74' lang='lat' dir='ltr'><strong>Eleganter</strong></span> <span class='ocrx_word' id='word_1_797' title='bbox 2323 5378 2494 5436; x_wconf 64' lang='lat' dir='ltr'><strong>Gnaei</strong></span> <span class='ocrx_word' id='word_1_798' title='bbox 2546 5378 2730 5459; x_wconf 72' lang='lat' dir='ltr'><strong>dicunt</strong></span> <span class='ocrx_word' id='word_1_799' title='bbox 2772 5379 2908 5459; x_wconf 59' lang='grc' dir='ltr'>προς</span> <span class='ocrx_word' id='word_1_800' title='bbox 2955 5379 3186 5459; x_wconf 71' lang='grc' dir='ltr'>ᾇμιλλαν</span> <span class='ocrx_word' id='word_1_801' title='bbox 3216 5378 3460 5459; x_wconf 30' lang='lat' dir='ltr'><strong>“(ﬂabile</strong></span> <span class='ocrx_word' id='word_1_802' title='bbox 3506 5378 3573 5432; x_wconf 87' lang='lat' dir='ltr'><strong>iis</strong></span> 
     </span>
    </p>
   </div>
   <div class='ocr_carea' id='block_1_109' title="bbox 2003 5446 3571 5523">
    <p class='ocr_par' dir='ltr' id='par_1_109' title="bbox 2003 5446 3571 5523">
     <span class='ocr_line' id='line_1_109' title="bbox 2003 5446 3571 5523; baseline -0.004 -17"><span class='ocrx_word' id='word_1_803' title='bbox 2003 5446 2301 5523; x_wconf 59' lang='lat' dir='ltr'><strong>qui&#39;vitam</strong></span> <span class='ocrx_word' id='word_1_804' title='bbox 2349 5467 2508 5506; x_wconf 89' lang='lat' dir='ltr'><strong>suatn</strong></span> <span class='ocrx_word' id='word_1_805' title='bbox 2558 5452 2622 5504; x_wconf 88' lang='lat' dir='ltr'><strong>ad</strong></span> <span class='ocrx_word' id='word_1_806' title='bbox 2658 5446 2860 5523; x_wconf 73' lang='lat' dir='ltr'><strong>cptimi</strong></span> <span class='ocrx_word' id='word_1_807' title='bbox 2905 5446 3164 5518; x_wconf 85' lang='lat' dir='ltr'><strong>cujusque</strong></span> <span class='ocrx_word' id='word_1_808' title='bbox 3216 5446 3571 5510; x_wconf 78' lang='lat' dir='ltr'><strong>imitationem</strong></span> 
     </span>
    </p>
   </div>
   <div class='ocr_carea' id='block_1_110' title="bbox 2006 5520 3576 5589">
    <p class='ocr_par' dir='ltr' id='par_1_110' title="bbox 2006 5520 3576 5589">
     <span class='ocr_line' id='line_1_110' title="bbox 2006 5520 3576 5589; baseline -0.005 -12"><span class='ocrx_word' id='word_1_809' title='bbox 2006 5520 2317 5578; x_wconf 74' lang='lat' dir='ltr'><strong>instituunt.</strong></span> <span class='ocrx_word' id='word_1_810' title='bbox 2364 5523 2493 5574; x_wconf 83' lang='lat' dir='ltr'><strong>Nam</strong></span> <span class='ocrx_word' id='word_1_811' title='bbox 2534 5523 2623 5589; x_wconf 88' lang='lat' dir='ltr'><strong>qui</strong></span> <span class='ocrx_word' id='word_1_812' title='bbox 2655 5521 2709 5574; x_wconf 91' lang='lat' dir='ltr'><strong>in</strong></span> <span class='ocrx_word' id='word_1_813' title='bbox 2741 5520 2939 5574; x_wconf 85' lang='lat' dir='ltr'><strong>virtute</strong></span> <span class='ocrx_word' id='word_1_814' title='bbox 2980 5534 3204 5587; x_wconf 88' lang='lat' dir='ltr'><strong>magnos</strong></span> <span class='ocrx_word' id='word_1_815' title='bbox 3255 5531 3576 5588; x_wconf 87' lang='lat' dir='ltr'><strong>progressus</strong></span> 
     </span>
    </p>
   </div>
   <div class='ocr_carea' id='block_1_111' title="bbox 2009 5589 3576 5660">
    <p class='ocr_par' dir='ltr' id='par_1_111' title="bbox 2009 5589 3576 5660">
     <span class='ocr_line' id='line_1_111' title="bbox 2009 5589 3576 5660; baseline -0.005 -13"><span class='ocrx_word' id='word_1_816' title='bbox 2009 5595 2186 5647; x_wconf 74' lang='lat' dir='ltr'><strong>facere</strong></span> <span class='ocrx_word' id='word_1_817' title='bbox 2219 5591 2508 5652; x_wconf 84' lang='lat' dir='ltr'><strong>voluerint,</strong></span> <span class='ocrx_word' id='word_1_818' title='bbox 2544 5589 2912 5660; x_wconf 78' lang='lat' dir='ltr'><strong>aliquemsibi</strong></span> <span class='ocrx_word' id='word_1_819' title='bbox 2946 5591 3013 5660; x_wconf 84' lang='lat' dir='ltr'><strong>oh</strong></span> <span class='ocrx_word' id='word_1_820' title='bbox 3038 5589 3223 5660; x_wconf 81' lang='lat' dir='ltr'><strong>oculos</strong></span> <span class='ocrx_word' id='word_1_821' title='bbox 3270 5601 3576 5660; x_wconf 78' lang='lat' dir='ltr'><strong>proponere</strong></span> 
     </span>
    </p>
   </div>
   <div class='ocr_carea' id='block_1_112' title="bbox 2003 5659 3572 5730">
    <p class='ocr_par' dir='ltr' id='par_1_112' title="bbox 2003 5659 3572 5730">
     <span class='ocr_line' id='line_1_112' title="bbox 2003 5659 3572 5730; baseline -0.005 -14"><span class='ocrx_word' id='word_1_822' title='bbox 2003 5665 2220 5725; x_wconf 83' lang='lat' dir='ltr'><strong>debent,</strong></span> <span class='ocrx_word' id='word_1_823' title='bbox 2249 5678 2408 5730; x_wconf 87' lang='lat' dir='ltr'><strong>quem</strong></span> <span class='ocrx_word' id='word_1_824' title='bbox 2448 5659 2744 5714; x_wconf 86' lang='lat' dir='ltr'><strong>imitentur.</strong></span> <span class='ocrx_word' id='word_1_825' title='bbox 2773 5659 2852 5730; x_wconf 7' lang='lat' dir='ltr'><strong>illa</strong></span> <span class='ocrx_word' id='word_1_826' title='bbox 2892 5659 3144 5730; x_wconf 72' lang='lat' dir='ltr'><strong>Julianus</strong></span> <span class='ocrx_word' id='word_1_827' title='bbox 3174 5659 3473 5730; x_wconf 76' lang='lat' dir='ltr'><strong>in&#39;tper_ator</strong></span> <span class='ocrx_word' id='word_1_828' title='bbox 3509 5659 3572 5709; x_wconf 84' lang='lat' dir='ltr'><strong>ad</strong></span> 
     </span>
    </p>
   </div>
   <div class='ocr_carea' id='block_1_113' title="bbox 2002 5726 3577 5801">
    <p class='ocr_par' dir='ltr' id='par_1_113' title="bbox 2002 5726 3577 5801">
     <span class='ocr_line' id='line_1_113' title="bbox 2002 5726 3577 5801; baseline -0.004 -15"><span class='ocrx_word' id='word_1_829' title='bbox 2002 5726 2403 5787; x_wconf 73' lang='lat' dir='ltr'><strong>mtnulationem</strong></span> <span class='ocrx_word' id='word_1_830' title='bbox 2450 5733 2707 5801; x_wconf 86' lang='lat' dir='ltr'><strong>principis</strong></span> <span class='ocrx_word' id='word_1_831' title='bbox 2739 5726 3267 5801; x_wconf 28' lang='lat' dir='ltr'><strong>Marciactushsuos—</strong></span> <span class='ocrx_word' id='word_1_832' title='bbox 3287 5726 3577 5801; x_wconf 74' lang='lat' dir='ltr'><strong>eﬂiagcltat</strong></span> 
     </span>
    </p>
   </div>
   <div class='ocr_carea' id='block_1_114' title="bbox 2003 5798 3255 5872">
    <p class='ocr_par' dir='ltr' id='par_1_114' title="bbox 2003 5798 3255 5872">
     <span class='ocr_line' id='line_1_114' title="bbox 2003 5798 3255 5872; baseline -0.002 -12"><span class='ocrx_word' id='word_1_833' title='bbox 2003 5813 2057 5860; x_wconf 92' lang='lat' dir='ltr'><strong>et</strong></span> <span class='ocrx_word' id='word_1_834' title='bbox 2087 5817 2289 5870; x_wconf 85' lang='lat' dir='ltr'><strong>mores,</strong></span> <span class='ocrx_word' id='word_1_835' title='bbox 2318 5813 2376 5856; x_wconf 89' lang='lat' dir='ltr'><strong>ttt</strong></span> <span class='ocrx_word' id='word_1_836' title='bbox 2410 5798 2648 5872; x_wconf 78' lang='lat' dir='ltr'><strong>loquitur</strong></span> <span class='ocrx_word' id='word_1_837' title='bbox 2675 5803 2853 5857; x_wconf 77' lang='lat' dir='ltr'><strong>Amm.</strong></span> <span class='ocrx_word' id='word_1_838' title='bbox 2881 5798 3255 5858; x_wconf 77' lang='lat' dir='ltr'><strong>Marcellinus.</strong></span> 
     </span>
    </p>
   </div>
  </div>
