4126 6438
399 345 541 401 4373

1177 347 1634 404 CONSTANTINI
1674 348 1930 404 ORATIO
1971 348 2060 401 AD
2100 347 2518 404 SANCTORUM
2562 350 2858 406 C(ETUM.

3511 354 3640 409 ιεη

398 461 568 531 αὐτὴν
585 461 691 514 τῶν
711 462 878 516 ὄντων
906 464 1064 532 φύσιν
1090 467 1436 534 ἐτεκτήνατο,
1465 466 1599 520 ἀλλὰ
1618 468 1849 540 διάφορα
1871 468 1964 520 καὶ

2069 469 2282 537 quiunt,
2323 484 2426 523 non
2479 483 2637 523 unam
2685 471 3040 540 eamdemque
3093 471 3331 526 omnium
3393 483 3643 528 naturam

399 555 466 607 τά
486 554 714 608 πλεῖστα
740 555 957 610 ἐναντία
987 558 1084 629 τὴν
1113 559 1274 628 φύσιν
1311 559 1594 612 ἐκέλευσεν
1627 561 1927 631 ἀπογεννᾷν
1954 579 1967 622 ς

396 648 520 700 ὅθεν
536 649 676 720 καὶὴ
705 648 937 718 διαφορὰ
952 649 1058 702 τῶν
1081 651 1361 723 ἡμετέρων
1381 651 1525 720 ηθῶν
1539 668 1598 704 τε
1616 652 1708 704 καὶ
1726 652 1973 723 προαιρέ-

400 754 556 791 σεων·
575 735 642 810 ἦν
667 739 776 812 γὰρ
793 742 922 804 ῐσως
937 741 1158 812 ἄμεινον
1175 745 1268 796 καὶ
1285 743 1421 813 πρὸς
1449 743 1508 796 τὸ
1527 743 1838 816 πειθαρχεῖν
1860 746 1971 808 τοῖς

398 829 727 901 κελεύσμασι
742 831 835 885 τοῦ
859 831 1014 897 Θεοῦ,
1041 835 1134 886 καὶ
1160 835 1294 905 πρὸς
1321 835 1419 906 τὴν
1442 835 1642 906 ἀκριϐῆ
1671 836 1972 907 κατάληψιν

395 914 586 984 αὐτοῦ,
605 923 852 996 καὶπρὸς
867 925 927 977 τὸ
945 924 1294 994 βεϐαιοῦσθαι
1313 928 1452 982 κατὰ
1486 929 1584 1001 τὴν
1611 928 1838 982 ἑκάστου
1881 927 1971 979 πί-

396 1029 516 1068 στιν
543 1013 676 1080 (9Ξ),
694 1015 1029 1086 ὁμοτρόπους
1057 1015 1192 1072 εἶναι
1219 1019 1425 1083 πάντας
1445 1019 1783 1091 ἀνθρώπους.
1813 1020 1886 1072 Τὸ
1915 1020 1972 1074 δὲ

397 1105 522 1170 τοὺς
541 1105 856 1178 ἀνθρώπους
878 1110 1082 1174 πάντας
1098 1109 1640 1184 όμοιοτρόπουςνεῖναι
1660 1112 1860 1176 ἀξιοῦν,
1882 1131 1972 1166 κο-

403 1197 526 1268 μιδῇ
549 1198 783 1266 γελοῖοψ
819 1201 940 1271 μηδ’
971 1203 1190 1267 ἐννοεῖν,
1213 1205 1295 1258 ὅτι
1315 1207 1468 1276 ούχὴ
1503 1206 1734 1278 περὶτοῦ
1765 1207 1969 1276 κόσμου

396 1289 637 1354 διάταξις
654 1292 783 1360 (95),
809 1293 945 1368 αὕτη
970 1296 1062 1348 καὶ
1085 1296 1510 1369 τῶνκοσμικῶν,
1538 1299 1656 1351 οὐδὲ
1684 1300 1750 1352 τά
1767 1299 1970 1368 φυσικά

396 1385 508 1447 τοῖς
532 1383 737 1453 ἠθικοῖς
755 1387 1034 1456 όμοούσια,
1052 1389 1169 1442 οὐδὲ
1189 1389 1256 1442 τά
1279 1391 1374 1444 τοῦ
1401 1389 1649 1461 σώματος
1676 1391 1969 1462 παθήματα

396 1480 508 1541 τοῖς
526 1478 626 1548 τῆς
646 1479 820 1550 ψυχῆς
844 1481 1037 1534 πάθεσι
1058 1483 1124 1536 τὰ
1144 1485 1299 1537 αὑτά·
1325 1485 1414 1537 τὸν
1434 1485 1531 1555 μὲν
1550 1486 1658 1556 γὰρ
1682 1484 1969 1555 σύμπαντα

397 1569 599 1640 κόσμον
614 1572 724 1641 (94)
739 1573 993 1645 φθαρτῶν
1015 1577 1107 1629 καὶ
1129 1576 1384 1645 ἐπιγείων
1404 1575 1557 1641 ζώων
1584 1579 1964 1649 μακαριότητι,

395 1661 504 1732 δσῳ
534 1663 830 1735 σεμνοτέρα
856 1683 915 1718 τε
941 1667 1035 1720 καὶ
1062 1665 1305 1740 θειοτέρα
1325 1669 1695 1739 ,τυγχάνουσαι
1732 1670 1826 1724 καὶ
1871 1672 1968 1742 τῆς

395 1753 542 1818 θείας
585 1754 916 1828 ἁγαθότητος
959 1758 1057 1812 ούκ
1119 1761 1344 1832 ἄμοιρον
1389 1761 1449 1814 τὸ
1502 1762 1608 1814 τῶν
1666 1762 1967 1835 ἀνθρώπιον

2081 567 2242 627 atque
2274 559 2503 614 indolem
2534 559 2853 623 fabricavit,
2890 561 2982 614 sed
3019 561 3186 615 multa
3213 561 3450 627 diversa,
3477 563 3644 617 adm-

2079 662 2185 717 que
2214 652 2488 704 contraria
2529 651 2710 704 indole
2738 650 2962 722 praedita
3000 653 3146 707 nasci
3183 653 3395 707 voluit?
3427 654 3502 707 Ex
3536 669 3644 723 qua

2081 740 2470 798 dissimilitudo
2503 760 2712 799 morum
2747 759 2812 799 ac
2858 745 3191 800 voluntatum
3229 748 3370 801 inter
3399 747 3644 802 homines

2079 842 2197 886 orta
2233 842 2335 888 est.
2371 833 2556 891 Satius
2595 835 2813 903 quidem
2846 835 3094 890 fortassis
3130 837 3318 891 ﬁnisset
3353 844 3414 892 ut
3441 876 3456 900 ,
3499 839 3639 905 quod

2079 935 2287 996 spectat
2321 930 2386 979 ad
2425 928 2865 982 observationem
2904 929 3282 988 mandatorum
3317 929 3432 994 Dei,
3465 941 3519 984 et
3551 943 3642 985 ac-

2079 1028 2323 1072 curatam
2361 1019 2478 1085 ejus
2511 1020 3047 1088 contemplationem,
3083 1031 3140 1076 et
3168 1023 3234 1077 ad
3275 1022 3645 1078 confirmatio-

2079 1127 2200 1164 nem
2255 1111 2374 1164 fidei
2429 1112 2792 1180 singulorum,
2843 1128 3037 1168 omnes
3073 1114 3320 1170 homines
3352 1116 3510 1169 unius
3554 1124 3640 1168 at-

2078 1216 2184 1271 que
2243 1201 2482 1269 ejusdem
2551 1202 2716 1257 moris
2765 1201 3018 1257 fuissent.
3083 1202 3284 1259 Verum
3343 1206 3640 1259 absurdum

2075 1293 2234 1363 plane
2275 1309 2338 1347 ac
2367 1292 2653 1347 ridiculum
2689 1301 2796 1358 est,
2852 1293 2905 1347 id
2944 1303 3258 1363 optare.,ut
3303 1310 3492 1350 omnes
3546 1296 3641 1350 bo-

2076 1387 2249 1441 mines
2301 1385 2491 1439 iisdem
2550 1385 2661 1454 sint
2711 1387 2950 1440 moribus
2993 1387 3240 1456 praediti,
3290 1401 3464 1458 neque
3517 1388 3640 1440 anis

2076 1481 2433 1541 madvertere,
2487 1475 2649 1529 aliam
2699 1477 2884 1530 mundi
2919 1478 3105 1541 totius,
3136 1475 3295 1530 aliam
3335 1492 3522 1532 earum
3554 1493 3639 1532 re-

2077 1587 2193 1624 rum
2229 1585 2349 1640 quae
2394 1571 2447 1624 in
2482 1569 2684 1624 mundo
2716 1581 2866 1635 sunt,
2904 1571 3304 1628 ordinationem
3339 1587 3500 1629 esse:
3540 1589 3639 1628 nec

2078 1678 2163 1717 res
2200 1662 2475 1718 naturales
2509 1663 2750 1734 ejusdem
2795 1664 3112 1722 substantiae
3139 1681 3261 1722 esse
3293 1682 3356 1722 ac
3383 1667 3637 1732 morales,

2075 1771 2175 1810 nec
2211 1755 2460 1825 corporis
2496 1754 2721 1810 aﬂ‘ectus
2749 1755 2980 1813 eosdem
3026 1775 3148 1816 esse
3194 1774 3316 1815 cum
3357 1759 3639 1815 all’ectibns

395 1845 552 1914 γένος
599 1881 617 1908 ,
659 1846 779 1901 ἀλλ’
825 1850 921 1919 οὐχ
983 1850 1177 1914 ἁπλῶς
1218 1852 1456 1916 πάντων,
1510 1853 1619 1906 οὐδ’
1665 1872 1740 1918 ως
1787 1854 1964 1925 ἔτυχε,

2074 1849 2260 1903 animi.
2292 1848 2502 1903 Etenim
2541 1847 2854 1903 universum
2897 1851 3044 1906 hunc
3072 1851 3331 1906 mundum
3365 1851 3524 1921 longo
3557 1852 3637 1904 in-

399 1938 572 2008 μόνων
611 1939 667 1994 δὲ
705 1940 814 1994 τῶν
860 1943 958 2014 τὴν
1005 1943 1152 1998 θείαν
1201 1944 1360 2014 φύσιν
1390 1945 1830 2015 ὲξιχνευσάντων,
1873 1948 1967 2000 καὶ

394 2027 455 2082 τὸ
502 2029 908 2101 προηγούμενον
951 2033 1285 2106 ἐπιτήδευμα
1351 2033 1443 2088 τοῦ
1496 2034 1611 2104 βίου
1675 2035 1971 2107 προελομέ-

395 2138 520 2185 νων,
568 2121 666 2192 τὴν
715 2123 822 2176 τῶν
872 2123 1029 2179 θείων
1063 2125 1374 2195 ἐπίγνωσιν.

2078 1941 2302 1996 tervallo
2340 1951 2560 2012 superat
2608 1943 2809 1995 anima'
2843 1943 3166 2009 rationalis,
3227 1953 3378 1999 tanto
3428 1945 3641 1999 beatior

2076 2033 2306 2088 terrenis
2327 2043 2383 2088 et
2401 2035 2737 2103 corruptioni
2763 2035 3010 2090 obnoxiis
3027 2036 3415 2099 animantibus.
3436 2046 3639 2105 quanto

2079 2122 2356 2194 angustior
2409 2134 2493 2177 est
2526 2134 2688 2192 atque
2717 2123 2990 2177 divinior:
3047 2137 3254 2178 necnon
3307 2123 3500 2177 divina:
3542 2121 3640 2176 bo-

397 2218 587 2272 nitatis
614 2220 884 2290 particeps
911 2223 1188 2278 hominum
1214 2239 1384 2292 genus
1410 2241 1538 2291 ,nec
1580 2234 1759 2280 tamen
1821 2237 2005 2279 omnes
2047 2221 2293 2276 homines
2357 2220 2664 2288 promiscue
2699 2234 2761 2273 ac
2791 2219 2908 2273 sine
2951 2217 3060 2274 ullo
3110 2219 3422 2274 discrimine
3464 2217 3636 2288 parti-

394 2312 545 2378 cipes
584 2319 711 2363 sunt
754 2311 949 2367 divrnte
985 2313 1276 2368 bonitatis:
1315 2318 1413 2368 sea
1461 2316 1496 2369 ii
1543 2315 1640 2370 soli
1673 2314 1763 2384 qui
1818 2313 2054 2368 divinam
2121 2321 2370 2366 naturam
2436 2309 2659 2362 scnrtali
2726 2317 2871 2373 sunt,
2925 2315 2980 2363 et
3027 2309 3118 2377 qui
3165 2309 3268 2363 hoc
3309 2306 3637 2377 praecipuum

396 2403 518 2456 vita:
547 2402 852 2458 institutum
894 2418 960 2459 ac
1003 2405 1236 2459 studium
1279 2405 1382 2460 sibi
1424 2416 1838 2477 proposuerunt,
1877 2420 2057 2459 rerum
2106 2402 2411 2457 divinarum
2448 2400 2832 2471 cognitionem.

925 2517 1319 2572 ΚΕΦΑΛΑΙΟΝ
1342 2521 1438 2576 1Δ’.

397 2606 516 2662 Ὀτι
559 2608 877 2679 ἀπείρωςγή
910 2610 1121 2677 κτιστὴ
1167 2612 1352 2679 φύσις
1386 2612 1502 2665 ἀπὸ
1533 2611 1642 2678 τῆς
1680 2612 1968 2666 ἁκτίστου

463 2678 678 2750 οὐσίας
720 2678 1039 2750 ἀφέστηκε,
1082 2678 1348 2747 πλησίον
1381 2680 1449 2734 δὲ
1483 2682 1670 2750 αὐτῆς
1708 2682 1786 2749 τῷ
1830 2681 1969 2736 κατ’

464 2749 686 2817 ἀρετὴν
703 2749 822 2814 βίῳ
854 2754 886 2803 ὁ
911 2749 1217 2817 ἄνθρωπος
1249 2752 1490 2820 γίνεται.

465 2839 547 2893 Τά
573 2858 637 2910 γε
667 2841 770 2913 μὴν
803 2843 867 2895 ἐκ
893 2843 1083 2910 γενεᾶς
1117 2845 1228 2906 τοῖς
1269 2843 1459 2908 ἀϊδίοις
1492 2843 1819 2915 συγκρίνειν,
1869 2861 1969 2915 μα-

395 2931 514 2995 νίας
537 2932 683 2985 ἐστὶν
709 2933 784 2996 ὡς
811 2932 1026 3004 ἀληθῶς
1055 2933 1157 3003 τῆς
1191 2933 1554 3005 τελεωτάτης’
1585 2934 1693 2988 τῶν
1734 2935 1832 3006 μὲν
1857 2934 1967 3006 γάρ

395 3019 506 3075 οὔτ’
535 3022 676 3095 ἀρχή
709 3040 812 3087 τις,
847 3021 968 3076 οὔτε
1001 3023 1172 3088 τέλος,
1200 3024 1268 3078 τὰ
1296 3025 1340 3078 δ’
1370 3026 1463 3079 ἆτε
1491 3025 1664 3094 φύντα
1697 3027 1791 3080 καὶ
1815 3027 1967 3095 γενό-

2557 2513 2722 2586 536
2753 2513 2979 2572 CAPUT
3013 2516 3128 2572 xw

2076 2608 2228 2675 Quod
2261 2619 2502 2662 creatura
2546 2608 2798 2661 immenso
2843 2609 3011 2674 spatio
3061 2609 3220 2661 distat
3260 2623 3290 2659 a
3338 2607 3630 2660 substantia

2146 2680 2379 2732 increata
2403 2695 2422 2733 :
2457 2689 2502 2730 et
2533 2679 2671 2749 quod
2711 2679 2864 2731 homo
2897 2695 2988 2746 per
3014 2678 3256 2732 virtutem
3291 2677 3526 2746 proxime
3561 2675 3630 2730 ad

2145 2749 2311 2802 Deum
2341 2749 2563 2802 accedit.

2142 2839 2316 2894 Porro
2345 2854 2408 2894 ea
2436 2853 2556 2906 quae
2587 2846 2703 2892 orta
2741 2848 2866 2892 sunt
2900 2852 3020 2891 cum
3050 2837 3270 2892 mternis
3295 2851 3636 2906 comparare,

2074 2944 2297 2984 summa:
2339 2930 2591 2997 profecto
2624 2927 2909 2983 dementia:
2960 2937 3062 2980 est.
3099 2927 3223 2981 Ilaec
3272 2928 3414 2980 enim
3463 2942 3636 2998 neque

2071 3020 2395 3091 principium
2450 3019 2686 3082 habent,
2737 3032 2917 3088 neque
2967 3017 3148 3073 linem.
3200 3017 3292 3072 llla
3340 3033 3469 3074 vero
3512 3035 3634 3072 cum

401 3132 534 3187 μενα
547 3118 562 3182 ί
569 3116 681 3185 95),
699 3117 792 3170 κα)¹
812 3116 908 3188 τὴν
928 3116 1099 3188 ἀρχὴν
1123 3118 1216 3171 τοῦ
1238 3135 1297 3171 τε
1323 3113 1459 3171 εἶναι
1484 3120 1578 3172 καὶ
1596 3119 1694 3190 ζῇν
1710 3121 1768 3172 ὲν
1788 3120 1966 3191 χρόνῳ

2070 3124 2186 3167 orta
2235 3113 2344 3168 sint
2373 3122 2428 3167 et
2470 3113 2646 3182 genita
2672 3151 2685 3173 ,
2716 3125 2947 3182 cumque
2985 3109 3275 3165 exsistendi
3311 3126 3374 3168 ac
3418 3111 3634 3167 vivendi

399 3208 504 3263 τινὶ
555 3207 804 3267 λαϐόντα.
850 3209 1156 3273 ἀκολούθως
1195 3211 1287 3263 καὶ
1314 3211 1570 3282 τελευτὴν
1613 3211 1671 3278 ἐξ
1725 3212 1970 3284 ἀνάγκης

399 3299 549 3372 ἔχει·
602 3302 668 3357 τὰ
719 3302 777 3356 δὲ
828 3303 1115 3373 γενόμενα,
1170 3303 1248 3374 τῷ
1291 3303 1608 3358 κελεύσαντι
1648 3303 1969 3376 γεννηθῆναι

396 3389 555 3455 αὐτὰ,
587 3390 704 3456 πῶς
735 3391 801 3445 ἂν
834 3392 1162 3460 ἐξισάζοιτο;
1199 3395 1261 3447 El
1303 3394 1412 3466 γάρ
1447 3395 1606 3466 ὃμοια
1647 3396 1758 3466 (96)
1797 3397 1970 3452 ταῦτα

397 3483 608 3555 ἐκείνῳ,
626 3485 745 3538 οὐδὲ
768 3485 1060 3557 πρόσταξις
1074 3485 1168 3540 τοῦ
1189 3487 1479 3556 γεννᾶσθαι
1496 3489 1883 3560 προσηκόντως
1903 3490 1968 3545 ἂν

397 3577 588 3648 ἐκείνῳ
608 3577 920 3649 ἀρμόζοιτο.
965 3578 1102 3631 Ἀλλ’
1126 3578 1318 3649 ἐκείνῳ
1358 3580 1454 3651 μὲν
1479 3581 1587 3634 οὐδ’
1619 3581 1684 3634 ἂν
1704 3582 1773 3636 τά
1811 3583 1971 3654 οὐρά-

396 3685 484 3721 νια
553 3667 892 3740 συγκριθείη,
954 3669 1142 3740 ὥσπερ
1205 3670 1316 3723 οὐδ’
1379 3672 1408 3724 ό
1462 3670 1716 3740 αἰσθητὸς
1767 3672 1970 3742 κόσμος

397 3761 475 3832 τῷ
519 3760 715 3832 νοητῷ,
781 3760 889 3813 οὐδ’
959 3762 1014 3815 αἱ
1062 3761 1269 3826 εἰκόνες
1344 3765 1456 3826 τοῖς
1516 3763 1966 3835 παραδείγμασιν.

409 3853 474 3907 Ἦ
506 3854 563 3907 δὲ
595 3854 855 3924 σύγχυσις
883 3853 992 3906 τῶν
1038 3854 1252 3908 πάντων
1288 3852 1422 3925 (97),
1453 3855 1570 3920 πῶς
1617 3856 1676 3908 ού
1723 3855 1967 3924 γελοῖον;

398 3946 890 4019 ἀποκρυπτομένης
916 3945 1016 4015 τῆς
1053 3945 1153 3999 τοῦ
1194 3946 1336 3999 θείου
1378 3948 1688 4018 τιμιότητος
1723 3951 1788 4019 τῇ
1835 3948 1970 4021 πρὸς

397 4037 521 4102 τοὺς
548 4035 883 4108 ἀνθρώπους,
903 4038 996 4090 καὶ
1015 4037 1082 4090 τά
1103 4054 1164 4106 γε
1189 4038 1349 4110 θηρία
1370 4039 1646 4110 συγκρίσει
1681 4039 1810 4108 (98)·
1843 4040 1970 4109 ἔφε-

400 4144 483 4192 σις
505 4126 562 4180 δὲ
589 4125 924 4193 δυναστείας,
945 4126 1268 4199 άντίρῤοπος
1287 4124 1421 4178 Θεοῦ
1446 4125 1752 4198 δυναστεία,
1776 4125 1892 4189 πῶς
1906 4126 1967 4178 οὐ

471 4342 583 4415 (92)
620 4343 780 4399 Κατὰ
829 4342 946 4411 τὴν
1003 4343 1264 4398 ἑκάστου
1313 4345 1544 4400 πίστιν.
1611 4342 1966 4399 Scribendum

397 4415 610 4486 videtur
639 4415 736 4486 τὴν
771 4415 891 4468 καθ’
922 4416 1150 4486 ἑκάστου
1181 4415 1379 4468 πίστιν.

470 4484 581 4553 (95)
622 4482 748 4552 Οὖχ
789 4487 828 4552 ἡ
876 4487 1008 4553 περὶ
1041 4485 1145 4538 τοῦ
1193 4488 1423 4553 κόσμου
1468 4482 1750 4550 διάταξις.
1788 4483 1963 4538 Malim

292 4597 301 4607 .
398 4556 635 4638 scribere
679 4557 779 4638 οὐχ
799 4556 1001 4627 ἧπερή
1039 4554 1133 4608 τοῦ
1162 4556 1366 4626 κόσμου
1397 4553 1655 4620 διάταξις,
1686 4554 1825 4627 αὕτη
1871 4556 1967 4609 καὶ

398 4625 512 4696 τῶν
541 4625 841 4696 κοσμικῶνζ

468 4695 580 4764 (94)
625 4694 737 4749 Τὸν
768 4695 886 4765 μὲν
916 4696 1025 4764 γὰρ
1058 4694 1378 4764 σύμπαντά
1416 4697 1670 4765 κόσμον.
1697 4695 1823 4750 Post
1868 4697 1964 4751 has

399 4780 558 4820 voces
592 4767 758 4819 multa
788 4768 1000 4826 desunt,
1032 4776 1090 4819 ut
1125 4776 1274 4832 patet
1319 4781 1384 4820 ex
1423 4767 1578 4820 titulo
1614 4767 1823 4834 capitis.
1853 4765 1963 4821 Nos

401 4851 468 4890 ex
507 4844 763 4903 corrupto
799 4851 862 4890 ac
903 4837 1088 4889 mutilo
1133 4837 1249 4889 loco
1277 4835 1704 4905 qualemcunque
1745 4851 1960 4890 sensum

399 4906 601 4960 elicere
639 4906 950 4975 maluimus,
993 4922 1154 4972 quam
1186 4922 1307 4959 cum
1352 4905 1848 4975 Christophorsono
1880 4915 1962 4961 to-

401 4986 511 5029 tum
552 4990 884 5046 expungere.
908 4974 1139 5031 Savilius
1169 4991 1383 5045 quoque
1411 4977 1463 5030 in
1499 4974 1637 5031 libro
1667 4992 1766 5030 suo
1797 4987 1960 5030 totam

401 5048 540 5100 hanc
587 5047 868 5114 periodum
911 5062 1080 5114 usque.
1116 5048 1180 5100 ad
1218 5046 1306 5099 illa
1352 5047 1516 5102 verba
1571 5047 1670 5114 τῆς
1709 5046 1765 5099 δὲ
1811 5046 1966 5110 θείας

401 5064 540 5100 Italic
587 5064 868 5114 pertouttm
911 5064 1080 5114 usque
1116 5064 1180 5100 au
1218 5064 1306 5099 Illa
1352 5064 1516 5102 verba
1641 5065 1670 5110 ς
1709 5064 1765 5099 οε
1811 5064 1960 5110 υειας

395 5115 751 5186 ἀγαθὸτητος,
782 5116 997 5171 delevit.
1041 5116 1202 5172 Certe
1245 5117 1297 5171 in
1336 5117 1523 5172 codice
1720 5126 1827 5172 tota
1875 5117 1960 5170 illa

401 5187 651 5255 periodus
681 5201 787 5240 non
821 5186 1065 5240 habetur.

468 5256 580 5325 (95)
623 5255 700 5310 Τὰ
745 5256 813 5328 δὲ
862 5257 1169 5326 γενόμενα.
1209 5255 1732 5328 Christophorsonus
1769 5257 1964 5328 legisse

399 5327 609 5397 videtur
633 5325 967 5396 γεννώμενα.
1001 5325 1142 5396 Quod
1174 5327 1342 5397 magis
1378 5325 1573 5394 placet.

468 5396 579 5465 (96)
619 5397 799 5463 ναις..
824 5399 876 5450 εὶ
910 5398 1019 5466 γὰρ
1053 5396 1440 5464 μανιαζΗυιιο
1478 5397 1650 5451 locum
1681 5397 1751 5450 ita
1793 5397 1965 5451 corri-

399 5468 628 5538 gendum
667 5479 834 5538 puto;
868 5468 930 5519 Εἰ
982 5467 1097 5538 γάρ.
1136 5467 1298 5536 ὅμοια
1347 5467 1521 5538 ταῦτα
1581 5468 1793 5538 ἐκείνῳ,
1841 5467 1963 5538 οὐδὲ

400 5535 692 5609 πρόσταξις
738 5536 831 5609 τοῦ
879 5535 1199 5609 γεννάσθαι,
1244 5537 1627 5609 προσηκόντως
1662 5535 1964 5609 ἀν’ὲκείνῳ

400 5606 714 5678 ἁρμόζοι-ιο,
763 5607 813 5660 id
855 5619 976 5660 est:
1015 5607 1074 5661 Si
1123 5623 1204 5660 res
1235 5606 1351 5677 quae
1376 5606 1706 5678 generantur
1737 5607 1964 5678 {cqualcs

399 5676 521 5730 sunt
567 5676 696 5739 Deo,
730 5687 1039 5744 pra'ceptum
1067 5692 1171 5746 quo
1209 5693 1298 5731 eas
1332 5677 1478 5746 gigni
1510 5677 1695 5746 jussit,
1732 5677 1830 5742 ipsi
1860 5677 1964 5746 uti-

396 5771 494 5823 quc
525 5769 625 5806 non
655 5751 946 5823 conveniret
976 5765 993 5803 :
1027 5745 1251 5818 aequalis
1283 5745 1424 5803 enim
1471 5745 1538 5823 ui
1568 5747 1828 5823 aequalem
1858 5745 1963 5823 jus

398 5816 790 5896 imperiumque
839 5820 1035 5878 habere
1087 5816 1190 5876 non
1244 5828 1435 5889 potest.
1501 5816 1752 5873 Facessat
1801 5816 1964 5887 igitur

2071 3212 2221 3259 certo
2255 3213 2495 3274 tempore
2525 3204 2856 3274 principium
2891 3203 3221 3272 acceperint,
3257 3201 3458 3257 exitum
3495 3219 3635 3274 qun-
3660 3231 3672 3243 ς

2070 3311 2175 3364 que
2207 3296 2441 3352 habeant
2473 3311 2694 3351 necesse
2724 3305 2828 3350 est.
2869 3297 2940 3350 Ea
2977 3308 3108 3348 vero
3133 3309 3252 3364 quae
3277 3298 3453 3365 genita
3483 3307 3631 3364 sunt,

2071 3388 2340 3456 quomodo
2372 3389 2672 3456 comparari
2723 3403 2958 3458 unquam
3009 3392 3219 3461 possint
3246 3405 3370 3445 cum
3411 3404 3496 3456 eo,
3540 3393 3634 3458 qui

2073 3480 2186 3549 ipsa
2219 3481 2363 3551 gigni
2397 3480 2691 3550 prmcepit?
2725 3479 2857 3536 Nam
2888 3483 2932 3535 si
2977 3481 3091 3537 haec
3114 3482 3190 3536 illi
3227 3481 3455 3551 aequalia
3486 3489 3633 3546 sunt,

2072 3581 2395 3641 pratceptum
2429 3587 2535 3642 quo
2560 3587 2623 3626 ea
2657 3573 2800 3642 gigni
2831 3571 3018 3642 jussit,
3045 3588 3150 3628 non
3178 3582 3362 3644 posset
3390 3573 3486 3643 ipsi
3523 3588 3636 3626 me-

2074 3665 2176 3717 rito
2209 3665 2520 3718 convenire.
2556 3663 2662 3720 Sed
2705 3680 2772 3721 ne
2814 3664 3056 3720 cmlestia
3093 3663 3311 3733 quidem
3357 3665 3478 3732 jure
3508 3679 3632 3719 cum

2073 3756 2165 3811 illo
2220 3754 2621 3821 conferantur,
2691 3757 3141 3826 quemadmodum
3204 3769 3304 3811 nec
3359 3754 3637 3811 sensibilis

2071 3846 2304 3899 mundus
2331 3861 2453 3899 cum
2481 3845 2837 3914 intelligibili,
2873 3862 2975 3902 nec
3006 3848 3272 3918 imagines
3301 3862 3424 3902 cum
3458 3861 3634 3900 exem-

2073 3938 2225 4007 plari.
2281 3937 2352 3992 At
2401 3935 2646 3993 confusio
2688 3947 2742 3992 et
2786 3939 3064 4008 permistio
3126 3939 3369 3994 omnium
3416 3953 3633 4006 rerum,

2072 4043 2252 4084 nonne
2300 4042 2524 4099 prorsus
2581 4029 2804 4083 ridicula
2841 4045 2928 4084 res
2981 4029 3103 4084 est?
3137 4044 3258 4084 cum
3310 4028 3503 4083 divinae
3536 4045 3633 4083 na-

2073 4133 2206 4178 tura:
2253 4121 2494 4193 dignitas
2539 4120 2858 4192 obtegatur,
2926 4121 2972 4176 si
3032 4121 3280 4176 homines
3331 4135 3394 4175 ac
3447 4118 3632 4174 bestia

2068 4346 2376 4404 emendatio
2407 4346 2685 4402 doctorum
2738 4349 2995 4417 virorum.
3029 4347 3395 4417 quam'etiam
3444 4346 3495 4398 in
3541 4361 3633 4417 co-

2068 4422 2186 4472 dice
2213 4417 2349 4472 Fuk.
2377 4425 2431 4488 et
2460 4417 2511 4471 in
2557 4417 2696 4488 libro
2739 4416 2916 4473 Morari
2967 4416 3178 4486 reperi:
3216 4418 3278 4488 El
3324 4416 3449 4488 γὰρ
3467 4416 3632 4487 μανία

2069 4489 2241 4542 ταῦτα
2283 4487 2481 4560 ἐκείνω
2523 4487 2927 4558 παρεξισάζειν,
2960 4490 2994 4558 ἡ
3041 4486 3332 4560 πρόσταξις
3371 4486 3476 4540 τοῦ
3510 4504 3634 4556 γεν-

2068 4539 2279 4621 ista,
2304 4539 2412 4612 ac.
2439 4539 2716 4629 vertas
2733 4539 3052 4629 Hegeas,
3084 4539 3367 4629 imltus‘e'st
3396 4539 3626 4612 sensile:

2067 4646 2166 4684 nec
2219 4628 2499 4696 sequentia
2557 4642 2681 4682 cum
2741 4628 3184 4684 antecedentibus
3256 4629 3624 4681 cohzerebnnt.

2065 4698 2585 4766 Christopborsonus
2621 4698 2851 4768 quidem
2903 4701 2956 4753 in
3005 4698 3119 4752 suis
3164 4697 3318 4768 libris
3363 4697 3436 4750 ita
3477 4711 3632 4768 repe-

2066 4779 2237 4834 rerat,
2275 4777 2334 4839 ut
2375 4782 2442 4839 ex
2492 4766 2740 4839 versione
2788 4769 2904 4839 ejus
2957 4766 3365 4839 apparetased
3414 4767 3626 4836 vulgata

2066 4840 2224 4894 lectio
2278 4835 2430 4905 Regii
2473 4837 2675 4893 codicis
2711 4849 2765 4895 et
2800 4835 3041 4894 veterum
3071 4838 3390 4893 schcdarnm
3433 4835 3624 4892 aucto-

2065 4910 2227 4964 ritate
2261 4907 2501 4965 lulcitur.
3197 4967 3204 4973 _

2123 4978 2234 5050 (97)
2359 4977 2428 5060 ea
2458 4976 2761 5060 σύγχυσις
2803 4973 2922 5028 τῶν
2947 4974 3207 5060 πάντων.
3239 4974 3522 5060 Masculus
3550 4974 3628 5060 le:

2053 5044 2454 5120 gis'se7videtur
2499 5044 2812 5120 σύγκρισις,
2853 5047 2994 5120 quod
3027 5046 3182 5099 valde
3233 5046 3434 5120 probo;
3470 5044 3628 5120 vertit

2052 5115 2199 5174 énim
2230 5133 2245 5168 :
2276 5117 2550 5183 Quomodo
2581 5115 2755 5170 autem
2793 5117 3023 5169 omnium
3053 5116 3377 5183 comparatio
3411 5130 3512 5166 non
3545 5115 3625 5166 ri-

2053 5187 2231 5241 dicula
2260 5196 2478 5252 est,etc.
2498 5186 2654 5241 Certe
2677 5197 2772 5241 aut
2799 5187 2870 5240 ita
2893 5186 3175 5256 legendum
3201 5195 3305 5248 est,
3332 5193 3426 5237 aut
3450 5185 3520 5236 ita
3543 5185 3627 5256 in-
3656 5224 3661 5230 .

2055 5259 2421 5329 telligendum.
2473 5257 2864 5313 Constantinus
2904 5255 3514 5329 enimgcxzequationem
3553 5255 3622 5307 il-

2052 5324 2437 5383 lam'omnium
2467 5343 2648 5382 rerum
2675 5337 2832 5381 vocat
2861 5324 3259 5380 confusionem.

2124 5398 2235 5470 (98)
2263 5397 2418 5468 Vulg.
2446 5401 2497 5453 εί
2519 5397 2590 5450 τά
2614 5398 2867 5470 γενθηρία
2893 5398 3230 5470 συγκρίσει.
3263 5394 3624 5450 Scribendum

2052 5467 2241 5538 prOcn’l
2283 5467 2450 5523 dubio
2498 5469 2853 5538 συγκρίνοιτο.
2902 5468 3007 5538 δίο
3034 5467 3175 5538 enim
3217 5477 3626 5538 argumentatur

2050 5535 2465 5594 Constantinus.
2501 5535 2583 5593 Ne
2608 5535 2848 5594 cinlestia
2882 5537 3098 5606 quidem
3121 5574 3135 5598 ,
3163 5535 3356 5604 inquit,
3385 5536 3623 5590 conferri

2051 5619 2282 5679 possunt
2308 5625 2429 5664 cum
2461 5608 2570 5663 Deo
2605 5625 2618 5660 :
2656 5618 2860 5679 quanto
2889 5607 3069 5679 minus
3094 5608 3366 5679 terrestria
3391 5617 3442 5679 et
3466 5607 3623 5661 bruta

2051 5675 2334 5734 animalia.
2365 5679 2462 5734 Hic
2492 5689 2577 5733 est
2615 5675 2808 5736 sensus
2842 5678 3004 5746 hujus
3034 5676 3161 5730 loci.
3205 5675 3402 5746 Scripti
3440 5686 3620 5746 tamen

2049 5750 2270 5806 codices
2315 5749 2816 5818 Christophorsoni,
2869 5745 3092 5812 savilii,
3133 5745 3350 5803 Gruteri
3395 5756 3448 5801 et
3481 5745 3618 5818 Fuit:

2054 5821 2199 5876 hunc
2232 5821 2407 5877 locum
2444 5821 2512 5875 ita
2539 5815 2799 5876 exhibent
2831 5834 2843 5870 :
2880 5818 3376 5892 ἀποκρυπτομένης
3396 5818 3494 5890 τῆς
3525 5815 3621 5875 τοῦ
