4126 6438
641 339 782 395 1279

1324 335 1596 392 EUSEBII
1637 337 2118 395 CIESARIENSIS
2153 337 2304 396 OPP.
2346 337 2522 393 PARS
2561 338 2598 392 1.
2639 369 2707 378 -
2746 334 3128 391 HISTORICA.

3713 335 3824 390 1280

643 471 760 510 rum
808 454 901 522 qui
946 453 1044 522 ipsi
1093 461 1319 521 parent,
1372 453 1481 507 ullo
1533 453 1796 510 afﬁciatur
1838 440 2202 512 incommodo.
2233 461 2272 517 Α

2199 497 2202 507 .
2233 456 2400 517 Ακκαὶ
2426 453 2672 528 βοηθείας
2709 452 3080 526 ἀμφιϐάλλειν,
3111 454 3139 505 ὁ
3161 451 3426 505 τοσούτων
3467 449 3563 520 μὲν
3608 451 3659 501 ἐν
3695 453 3828 524 πείρᾳ

641 548 924 614 Quomodo
981 559 1112 598 vero
1177 545 1289 614 ipse
1343 547 1444 601 sibi
1507 562 1832 603 succurrere
1882 549 2202 604 conaretur?

643 641 896 695 l’rteliutn
933 640 1076 693 enim
1122 638 1363 693 futurum
1413 650 1552 694 esset
1602 639 1740 694 inter
1784 641 1951 707 duos,
2001 656 2202 710 anceps

642 749 769 787 vero
810 743 970 800 atque
1005 734 1209 784 incerta
1247 732 1498 785 victoria.
1545 733 1711 801 Atqui
1764 748 1923 787 nemo
1964 748 2199 802 unquam

639 837 771 876 sana
818 832 997 875 mente
1036 822 1312 889 praeditus,
1361 835 1448 874 res
1501 821 1741 876 incertas
1789 823 1953 877 certis
1989 833 2204 893 antepo-

640 913 738 967 nit.
783 911 1027 984 Quonam
1061 923 1238 966 autem
1281 914 1440 967 modo
1472 911 1539 988 de
1578 914 1866 983 praesentia
1909 925 1962 971 et
2001 909 2202 971 auxilio

641 1004 735 1058 Dei
778 1006 1121 1059 dubitaturus
1177 1006 1248 1059 sit
1287 1005 1361 1067 is,
1394 989 1498 1076 qui
1526 1015 1604 1059 tot
1662 1008 1899 1074 pericula
1951 1019 2203 1079 expertus

637 1104 742 1162 cst,
775 1103 831 1148 et
866 1094 956 1162 qui
999 1110 1066 1148 ex
1096 1096 1348 1149 omnibus
1381 1110 1597 1165 semper
1635 1097 2042 1154 discriminibus
2085 1099 2202 1154 solo

637 1185 730 1239 Dei
794 1197 927 1240 nutu
990 1185 1242 1239 facillime
1304 1187 1511 1250 evasit,
1560 1189 1647 1255 qui
1719 1203 1817 1256 per
1864 1191 2201 1260 mare,quod

638 1275 948 1330 Servatoris
982 1276 1234 1330 mandato
1264 1286 1602 1331 constratum
1643 1286 1782 1342 erat,
1828 1287 1884 1332 ct
1926 1289 2203 1334 transeun-

639 1365 778 1420 tibus
828 1367 1036 1436 p0pulis
1081 1367 1303 1421 solidam
1335 1368 1612 1435 praebebat
1653 1371 1820 1434 viam,
1859 1371 2204 1426 ambulavit?

638 1455 763 1512 llaec
792 1458 936 1513 enim
969 1459 1270 1514 certissima
1302 1476 1372 1515 ac
1399 1461 1733 1524 ﬁrmissima,
1765 1473 1823 1517 ut
1854 1465 2064 1533 opinor,
2109 1464 2200 1519 ba-

636 1548 714 1602 sis
751 1559 834 1604 est
874 1550 1032 1616 ﬁdei,
1071 1551 1172 1606 hoc
1207 1551 1617 1606 fundamentum
1659 1554 1900 1620 tiducize,
1948 1569 2066 1609 cum
2107 1557 2200 1610 ad-

635 1641 913 1696 mirabiles
984 1642 1148 1698 hasce
1195 1658 1283 1698 res
1321 1654 1375 1697 et
1410 1645 1749 1701 incredibiles
1783 1645 1874 1700 Dei
1913 1649 2201 1716 providen-

636 1733 705 1786 tis
733 1732 888 1800 jussu
940 1733 1122 1803 perﬁci
1159 1735 1424 1790 videmus.
1473 1735 1607 1791 Hinc
1657 1738 1823 1793 etiam
1854 1738 1949 1803 ﬁt,
1985 1749 2042 1794 ut
2075 1755 2195 1796 cum

632 1825 754 1892 quis
793 1825 843 1878 in
874 1825 1171 1893 periculum
1201 1825 1528 1881 calamitatis
1555 1827 1822 1892 inciderit,
1859 1843 2196 1900 nequaquam

634 1915 782 1967 illum
816 1914 1076 1983 poeniteat
1109 1916 1230 1970 lidei
1281 1931 1428 1979 suae,
1459 1925 1623 1985 utque
1669 1933 1818 1988 spem
1868 1919 1922 1972 in
1957 1920 2064 1974 Deo
2107 1919 2198 1974 ﬁr-

633 2022 774 2059 mam
817 2017 982 2074 atque
1012 2008 1388 2063 inconcussam
1429 2010 1680 2064 retineat.
1719 2009 1820 2077 Qui
1851 2011 2064 2079 quidem
2099 2013 2198 2066 ha-

633 2097 779 2150 bitus
827 2097 914 2151 ubi
974 2099 1140 2153 semel
1181 2100 1363 2154 animo
1399 2100 1642 2166 inlnrsit,
1681 2099 1820 2156 Deus
1862 2101 1916 2156 in
1951 2101 2196 2156 interiori

628 2186 962 2256 cogitatione
1015 2189 1202 2242 sedem
1253 2189 1437 2244 habet.
1492 2188 1590 2243 llic
1638 2199 1820 2245 autem
1861 2206 1992 2246 cum.
2052 2191 2192 2247 invi-

629 2286 753 2332 ctus
797 2277 890 2343 sit,
927 2278 1141 2333 animus
1189 2293 1406 2348 quoque
1448 2279 1539 2335 ille
1579 2281 1669 2350 qui
1709 2281 1970 2337 invictum
2019 2282 2072 2337 in
2121 2283 2197 2336 in-

630 2367 816 2424 teriori
859 2370 1186 2439 cogitatione
1216 2371 1486 2440 possidet,
1523 2373 1592 2428 ab
1635 2373 2012 2443 ingruentibus
2041 2372 2189 2442 peri-

625 2460 763 2516 culis
793 2476 1070 2530 nunquam
1105 2461 1249 2516 vinci
1290 2465 1507 2530 poterit.
1542 2463 1807 2520 Praeterea
1843 2465 1983 2520 istud
2016 2466 2190 2534 ipsum

624 2569 689 2606 ex
743 2552 836 2607 Dei
880 2553 1106 2610 victoria
1170 2554 1501 2610 didicimus:
1553 2557 1645 2626 qui
1701 2571 1890 2611 omnes
1941 2557 2192 2614 homines

625 2643 970 2712 providentia
1005 2660 1100 2698 sua
1142 2645 1480 2715 complexus,
1527 2662 1647 2701 cum
1692 2649 1760 2702 ab
1795 2647 1972 2717 impiis
1997 2657 2052 2703 et
2085 2649 2191 2702 ini-

621 2733 746 2804 quis
784 2737 1174 2792 contumeliose
1221 2746 1479 2806 acceptus
1525 2737 1738 2801 fuisset,
1777 2739 1922 2793 nullo
1950 2753 2017 2794 ex
2059 2754 2184 2808 pas-

2305 547 2592 619 γενόμενος
2623 547 2900 607 κινδύνων,
2928 545 3013 598 ἀεὶ
3036 545 3082 597 δ’
3107 542 3339 614 εὐχερῶς
3372 541 3594 614 ῥυσθεὶς
3622 541 3718 594 ἀπὸ
3745 544 3829 596 τῶν

2301 639 2491 693 δεινῶν
2554 639 2696 709 μόνῳ
2755 637 2890 691 Θεοῦ
2933 636 3160 706 νεύματι
3205 634 3332 704 (Li),
3379 635 3410 687 ὁ
3461 633 3551 687 διὰ
3599 633 3833 703 θαλάσσης

2303 731 2660 802 ὁδοιπορήσας
2707 728 3123 800 παραγγέλματι
3166 726 3258 779 τοῦ
3297 726 3552 795 Σωτῆρος
3601 741 3833 780 καταστο-

2308 821 2611 896 ρεσθείσης,
2639 821 2732 874 καὶ
2766 819 2991 892 στερεὰν
3012 816 3430 890 παρασχομένης
3463 814 3582 868 ὁδὸν
3621 819 3723 878 τοῖς
3745 817 3836 869 διας

2303 915 2540 977 ποντίοις
2585 912 2808 983 δήμοις;
2840 909 2987 981 Αῦτη
3041 910 3168 982 γὰρ,
3215 907 3382 980 οἶμαι,
3431 908 3708 979 προφανὴς
3739 910 3839 963 ὐπο-

2303 1006 2480 1077 6ἀθρα
2533 1004 2784 1068 πίστεως,
2839 1003 2931 1055 καὶ
2982 1002 3228 1072 θεμέλιος
3273 994 3430 1063 οὗτος
3479 1000 3836 1070 πεποιθήσεως,

2301 1097 2465 1168 ἡνίκα
2489 1097 2553 1150 ἂν
2585 1097 2653 1148 τὰ
2688 1093 2974 1165 θαυμαστὰ
3009 1094 3182 1148 ταῦτα
3223 1094 3313 1147 καὶ
3346 1093 3576 1155 ἄπιστα,
3617 1091 3840 1160 γινόμενα

2301 1193 2395 1245 καὶ
2424 1189 2808 1259 ἐπιτελούμενα
2842 1188 3137 1259 ἱστορῶμεν
3179 1190 3245 1257 τῇ
3273 1185 3366 1239 τοῦ
3400 1183 3748 1256 προνοοῦντκ
3775 1204 3841 1237 κερ

2299 1282 2511 1336 λεύσει·
2545 1280 2789 1335 ἐντεῦθεν
2839 1280 2898 1332 δὲ
2942 1281 3036 1332 καὶ
3083 1279 3143 1332 τὸ
3193 1280 3266 1350 μὴ
3308 1279 3638 1350 μεταμέλειν
3686 1278 3839 1348 ἐπίτῇ

2303 1373 2480 1425 πίστει
2516 1371 2625 1442 (15)
2663 1371 3039 1442 παραγίνεται,
3077 1369 3240 1440 ἡνίκα
3289 1371 3352 1424 ἂν
3398 1387 3489 1433 τις
3548 1369 3841 1442 προσπίπτοι

2301 1465 2463 1536 πείρᾳ
2490 1463 2674 1518 κακῶν
2711 1464 2844 1532 (16),
2870 1464 2964 1516 καὶ
2987 1463 3047 1516 τὸ
3067 1463 3332 1533 ἄτρεπτον
3357 1462 3475 1534 ἔχοι
3500 1462 3600 1532 τὴν
3633 1461 3756 1531 πρὸς
3771 1461 3842 1514 τὸν

2299 1557 2430 1610 Θεὸν
2454 1556 2672 1609 ἐλπίδα·
2710 1554 2912 1626 ταύτης
2939 1555 3047 1626 γὰρ
3077 1555 3172 1624 τῆς
3203 1554 3366 1618 ἕξεως
3408 1552 3764 1624 ἐγγενομένης
3788 1557 3840 1625 τῇ

2299 1648 2466 1719 ψυχῇ,
2501 1648 2705 1720 ἵδρυται
2739 1647 2879 1702 κατὰ
2919 1647 3015 1719 τὴν
3056 1647 3292 1702 διάνοιαν
3321 1649 3348 1700 ό
3380 1646 3518 1709 Θεός
3539 1662 3556 1676 ·
3611 1647 3842 1716 dim-qm;

2299 1741 2344 1794 δ’
2369 1734 2521 1804 οὗτος
2541 1757 2553 1770 ·
2585 1740 2705 1793 οὐδὲ
2744 1742 2776 1810 ἡ
2803 1738 2948 1810 ψυχὴ
2984 1739 3091 1810 ἄρα
3127 1739 3186 1792 τὸ
3248 1739 3521 1808 ἀήττητον
3546 1736 3656 1806 (17)
3683 1736 3842 1806 ἔχουσα

2301 1832 2438 1886 κατὰ
2466 1832 2562 1904 τὴν
2593 1833 2791 1902 ἑαυτῆς
2813 1832 3072 1893 διάνοιαν,
3090 1831 3194 1884 ὑπὸ
3223 1831 3330 1883 τῶν
3368 1826 3744 1901 περεστώτων
3761 1828 3842 1881 δει-

2301 1925 2405 1978 νῶν
2430 1925 2848 1996 κρατηθήσεται.
2874 1923 3032 1994 Παρὰ
3059 1923 3115 1975 δὲ
3138 1921 3246 1992 (18)
3274 1921 3432 1974 τοῦτο
3478 1918 3840 1992 μεμαθήκαμεν

2299 2016 2364 2067 ἐκ
2405 2015 2504 2085 τῆς
2540 2013 2632 2066 τοῦ
2676 2013 2810 2066 Θεοῦ
2857 2013 3034 2083 νίκης,
3073 2013 3132 2076 ὃς
3171 2011 3268 2094 τὴν
3317 2011 3460 2083 ὑπὲρ
3505 2011 3840 2063 τῶνπάντων

2301 2106 2556 2176 πρόνοιαν
2590 2104 2926 2174 ποιούμενος,
2953 2104 3058 2155 ὑπὸ
3087 2103 3184 2173 τῆς
3229 2102 3338 2157 τῶν
3372 2101 3711 2154 ἀσεϐούντων
3751 2101 3839 2152 ἀδι-

2299 2197 2424 2260 κίας
2469 2195 2912 2268 ἐμπαροινηθεὶς,
2974 2193 3242 2266 μηδεμίαν
3300 2195 3363 2246 ἐκ
3405 2192 3502 2245 τοῦ
3557 2192 3840 2262 παθήματος

2299 2285 2731 2357 καρπωσάμενος
2752 2284 2976 2356 βλάϐην,
3012 2284 3241 2354 μέγιστα
3269 2287 3564 2356 νικητήρια
3587 2283 3678 2336 καὶ
3704 2281 3841 2335 diem

2296 2395 2418 2431 τινα
2461 2377 2718 2445 στέφανον
2751 2375 2891 2430 κατὰ
2933 2376 3030 2446 τῆς
3079 2375 3340 2446 πονηρίας
3386 2377 3719 2446 ἀνεδήσατο·
3766 2375 3839 2425 ἐπὶ

2294 2467 2444 2531 τέλος
2491 2466 2589 2538 μὲν
2643 2467 2862 2536 ἀγαγὼν
2903 2468 2999 2539 τὴν
3029 2468 3341 2538 προαίρεσιν
3387 2467 3493 2534 τῆς
3536 2463 3697 2519 αὐτοῦ
3731 2479 3839 2535 προ-

2296 2557 2445 2621 νοίας
2484 2558 2576 2610 καὶ
2643 2559 2882 2630 στοργῆς
2926 2559 3023 2630 τῆς
3068 2559 3197 2630 περὶ
3248 2559 3371 2622 τοὺς
3427 2558 3689 2621 δικαίους,
3736 2572 3836 2610 συν-

2294 2647 2488 2719 τρίψας
2537 2648 2594 2701 δέ
2637 2647 2732 2719 τὴν
2785 2648 2893 2702 τῶν
2939 2650 3137 2706 ἀδίκων
3193 2668 3253 2704 τε
3301 2650 3397 2705 καὶ
3453 2650 3665 2704 ἀσεϐῶν
3718 2646 3838 2719 ὠμό-

2291 2756 2450 2812 τητα.

623 2827 776 2881 sione
840 2835 1094 2897 percepto
1165 2829 1400 2894 damno,
1451 2829 1780 2898 triumphum
1843 2829 2137 2884 maximum
2192 2837 2248 2883 et
2291 2827 2647 2882 immortalem
2703 2843 2956 2884 coronam
3007 2829 3218 2884 devicta
3263 2830 3608 2900 improbitate
3647 2839 3724 2884 est
3765 2845 3834 2883 as-

621 2931 842 2977 secutus
892 2938 908 2977 3

967 2923 1166 2993 quippe
1211 2926 1301 2993 qui
1361 2934 1417 2980 et
1468 2925 1801 2994 propositum
1850 2925 2200 2995 providentia:
2250 2939 2359 2978 sua:
2421 2937 2485 2979 ac
2559 2923 2942 2979 benevolentiae
2977 2939 3105 2995 erga
3144 2925 3320 2993 justos
3370 2926 3439 2982 ad
3483 2926 3681 2982 exitum
3733 2942 3832 2996 pcr-

620 3019 878 3084 duxerit,
927 3030 982 3075 et
1048 3021 1334 3090 impiorum
1407 3021 1843 3092 iniustorumque
1899 3020 2174 3077 hominum
2204 3020 2590 3076 crudelitatem
2629 3020 3053 3076 conculcaverit.

1102 3141 1266 3212 539
1298 3141 1529 3197 CAPUT
1567 3141 1706 3196 xw.

621 3231 775 3298 Quod
799 3232 994 3286 Christi
1025 3234 1280 3286 adventus
1327 3235 1609 3300 praedictus
1645 3235 1712 3289 sit
1748 3251 1779 3287 a
1806 3233 2107 3303 prophetis:
2135 3243 2184 3287 et

689 3303 827 3371 quod
845 3305 914 3355 ad
939 3304 1342 3356 simulacrorum
1369 3315 1416 3357 et
1447 3306 1656 3357 urbium
1689 3305 1977 3359 simulacra
2002 3303 2183 3358 colen-

690 3373 823 3426 tium
855 3375 1171 3427 eversionem
1200 3375 1476 3428 ordinatus
1506 3375 1686 3443 fuerit.

691 3486 960 3542 Caeterum
993 3495 1046 3542 et
1076 3487 1256 3556 passio
1288 3487 1431 3542 illius
1464 3487 1781 3558 jamdudum
1827 3489 2186 3561 praenuntiata

620 3578 798 3633 fuerat
835 3593 865 3630 a
901 3579 1196 3648 prophetis,
1246 3588 1302 3632 et
1349 3580 1650 3650 corporalis
1683 3571 1926 3652 ejusdem
1972 3583 2182 3637 nativi-

620 3679 723 3725 tas.
761 3669 1087 3725 Praedictum
1145 3683 1358 3739 quoque
1408 3671 1586 3726 fuerat
1629 3680 1839 3741 tempus
1881 3671 2057 3741 ipsum
2101 3673 2186 3726 in-

617 3762 968 3828 carnationis,
1023 3765 1166 3833 quod
1202 3764 1486 3835 injustitiaa
1514 3774 1571 3820 et
1601 3765 2038 3836 intemperantia:
2089 3778 2186 3819 ex-

616 3863 739 3908 orta
799 3857 1066 3926 germina,
1119 3871 1239 3925 qua:
1283 3857 1450 3926 iustis
1484 3857 1695 3912 actibus
1724 3865 1779 3911 et
1811 3857 2050 3912 moribus
2080 3872 2182 3912 no-

615 3955 759 4009 cent,
802 3961 833 4001 e
886 3948 1064 4003 medio
1127 3949 1463 4010 tollerentur,
1503 3959 1672 4016 utque
1715 3951 2000 4004 universus
2033 3949 2184 4004 orbis

616 4039 916 4108 prudentiae
945 4055 1008 4094 ac
1039 4041 1319 4096 modestiae
1349 4042 1622 4112 particeps
1653 4041 1808 4096 ﬁeret
1830 4081 1862 4108 ,.
1895 4041 2012 4112 lege
2035 4040 2184 4096 scili-

614 4141 701 4186 cet
731 4148 852 4202 quaa
895 4148 922 4186 a
973 4131 1267 4189 Servatore
1318 4135 1656 4205 promulgata
1689 4145 1792 4202 est,
1848 4135 1901 4189 in
1935 4134 2180 4189 omnium

616 4223 730 4278 fere
775 4225 1083 4279 mortalium
1141 4228 1421 4282 mentibus.
1461 4226 1790 4296 prmvalente
1833 4267 1849 4293 ,
1897 4241 1962 4281 ac
2011 4225 2178 4282 divini

611 4312 830 4379 quidem
849 4311 1100 4368 Numinis
1128 4314 1273 4370 cultu
1307 4315 1664 4379 conﬁrmato,
1698 4317 2000 4371 daemonum
2049 4330 2179 4370 vero

612 4403 996 4472 superstitione
1034 4403 1228 4459 deleta.
1255 4405 1386 4471 Quae
1425 4405 1645 4474 quidem
1696 4407 2033 4476 superstitio,
2068 4422 2176 4461 non

614 4492 772 4549 modo
801 4492 1084 4548 brutorum
1121 4493 1460 4556 animalium,
1497 4486 1681 4550 verum
1716 4497 1878 4551 etiam
1904 4497 2176 4551 humano-

611 4601 730 4640 rum
759 4600 1048 4657 corporum
1072 4585 1468 4642 immolationes
1491 4587 1794 4652 iuvexerat,
1824 4598 1878 4643 et
1911 4588 2173 4643 scelerata

611 4694 829 4734 ararum
858 4678 1069 4750 piacula
1097 4695 1114 4734 :
1149 4674 1358 4750 quippe
1398 4694 1520 4735 cum
1565 4680 1717 4752 juxta
1751 4680 1897 4751 leges
1926 4682 2175 4754 Assyrio-

2796 3137 3189 3192 ΚΕΦΑΛΛΙΟΝ
3230 3141 3346 3206 ις’.

2301 3233 2418 3304 Τὴν
2459 3231 2715 3301 Χριστοῦ
2756 3231 3096 3304 παρουσίαν
3154 3231 3541 3304 προειρῆσθᾳι
3585 3230 3832 3304 μὲν-’τοῖς

2364 3301 2718 3372 προφήταις,
2772 3302 2885 3372 ἐπὶᾼ
2923 3302 3301 3372 καταστροφῇ
3349 3302 3416 3354 δὲ
3445 3302 3568 3356 τῶν
3605 3301 3830 3356 εἰδώλων

2361 3370 2457 3428 καὶ
2472 3370 2597 3426 ’τῶν
2620 3370 2936 3447 εὶδωλικῶν
2959 3371 3229 3442 γενέσθαι
3253 3375 3508 3426 πόλεων.

2371 3485 2529 3539 Ἀλλὰ
2559 3483 2619 3537 τὸ
2655 3483 3001 3554 μὲν-πάθημα
3033 3483 3238 3537 ἐκείνου
3276 3484 3380 3538 ὑπὸ
3427 3484 3540 3537 τῶν
3572 3481 3827 3556 προφητῶν

2286 3579 2388 3650 ἤδη
2425 3580 2861 3649 προκεκήρυκτο,
2904 3578 3320 3648 προκεκήρυκτο
3359 3577 3413 3630 δὲ
3459 3579 3557 3631 καὶ
3603 3579 3635 3648 ἡ
3669 3592 3828 3646 σωμα-

2286 3670 2414 3742 τικὴ
2445 3670 2696 3740 γέννησις
2723 3668 2907 3733 αὐτοῦ,
2956 3669 3246 3740 προείρητο
3273 3668 3330 3722 δέ
3362 3669 3454 3721 καὶ
3483 3671 3513 3721 ὁ
3550 3669 3724 3740 καιρὸς
3746 3665 3827 3734 τῆς

2285 3761 2744 3833 ἐνσωματὼσεως,
2773 3763 2864 3816 καὶ
2892 3760 2966 3824 ὡς
2989 3759 3085 3830 τῆς
3104 3759 3312 3823 ἀδικίας
3333 3760 3440 3831 (19)
3467 3777 3529 3813 τε
3552 3762 3642 3815 καὶ
3662 3757 3826 3813 ἀκολα-

2292 3856 2412 3919 σίας
2441 3853 2708 3924 ἐκφύονται
2739 3853 3074 3924 γεννήματα,
3107 3851 3176 3904 τὰ
3213 3851 3587 3922 λυμαινόμενα
3625 3853 3730 3913 τοῖς
3759 3849 3824 3902 δι-

2289 3945 2464 4008 καίοις
2509 3944 2688 4016 ἔργοις
2732 3943 2826 3995 καὶ
2871 3942 3113 4013 τρόποις,
3162 3941 3494 4013 ἀναιρεθείη,
3533 3944 3676 3996 πᾶσα
3715 3939 3822 4010 δὲή

2283 4039 2574 4109 οἰκουμένη
2612 4033 2920 4108 φρονήσεώς
2958 4050 3017 4087 τε
3062 4034 3155 4087 καὶ
3192 4033 3541 4104 σωφροσύνης
3577 4036 3822 4106 μετάσχοι,

2285 4129 2750 4202 ἐπικρατήσαντος
2809 4126 2992 4198 σχεδὸν
3053 4127 3173 4189 ταῖς
3238 4126 3450 4180 πάντων
3516 4127 3704 4198 ψυχαῖς
3743 4122 3820 4176 τοῦ

2283 4217 2659 4280 θεσπισθέντος
2683 4216 2786 4269 ὑπὸ
2811 4215 2902 4269 τοῦ
2929 4215 3180 4287 Σωτῆρος
3210 4216 3393 4287 νόμου,
3427 4218 3520 4270 καὶ
3554 4213 3820 4276 θεοσεϐείας

2287 4310 2388 4381 μὲν
2439 4308 2761 4380 ρωσθείσης,
2827 4307 3244 4378 δεισιδαιμονίας
3305 4309 3361 4360 δὲ
3413 4308 3816 4379 ὲξαλειφθείσηςο

2283 4402 2350 4455 δι’
2377 4402 2443 4473 ἦν
2475 4401 2534 4453 ού
2569 4400 2743 4471 μόνων
2775 4399 2981 4467 ἀλόγων
3020 4398 3172 4464 ζώων
3218 4401 3444 4470 σφαγαὶ,
3477 4401 3616 4454 ἀλλά
3642 4400 3723 4453 καὶ
3745 4399 3818 4450 ἀν-

2284 4493 2568 4566 θρωπίνων
2606 4491 2940 4563 ἱερευμάτων
2992 4490 3192 4556 θυσίαι,
3237 4494 3332 4546 καὶ
3366 4493 3535 4564 ἐναγῆ
3571 4494 3815 4565 μιάσματα

2287 4583 2484 4657 βωμῶν
2527 4584 2816 4655 ἐπενοήθη,
2871 4581 3013 4637 κατά
3054 4602 3113 4637 τε
3197 4585 3512 4656 Ἀσσυρίους
3553 4587 3642 4640 καὶ
3677 4585 3815 4650 Δίγυ-

2283 4679 2473 4742 πτίους
2499 4678 2713 4748 νόμους,
2733 4675 3137 4747 χαλκηλάτοιςῆ
3164 4676 3256 4729 καὶ
3289 4675 3541 4740 πλαστοῖς
3569 4676 3813 4746 ίνδάλμασι

681 4825 793 4896 (14)
839 4824 1026 4898 Vulg,
1050 4829 1243 4897 μόνον
1309 4827 1456 4887 Θεοῦ
1501 4829 1765 4898 νεύματι.
1827 4828 2182 4884 Scribendum
2214 4831 2260 4887 D
2289 4843 2310 4882 ε

2214 4831 2260 4887 D
2289 4827 2498 4898 codice_
2527 4824 2690 4889 Fuk.,
2715 4832 2788 4898 “et
2826 4823 2876 4877 in
2926 4822 3418 4898 scitedis‘scribitur
3459 4822 3617 4898 ἡνίκα
3663 4822 3720 4876 ἄν
3747 4834 3813 4880 τις

611 4897 779 4967 μόνῳ,
811 4906 869 4948 ιιι
913 4898 964 4949 in
1017 4897 1155 4952 libro
1209 4897 1390 4952 Μοιωί
1449 4897 1799 4953 emendatum
1860 4899 2064 4954 inveni.
2113 4899 2182 4954 Et

611 4970 771 5040 paulo
799 4976 919 5040 post
948 4967 1061 5040 lego
1093 4968 1515 5040 παρασχομένης
1547 4969 1683 5032 ὀδόν,
1719 4981 1776 5024 ιιι
1806 4979 1889 5040 est
1913 4969 2175 5040 incudem

610 5037 767 5110 libro.
801 5037 1134 5110 Subatnlitur
1161 5037 1311 5110 enim
1338 5037 1632 5110 θαλάσσης.
1664 5040 1718 5093 In
1753 5039 1939 5110 codice
1963 5039 2174 5110 Fuketii

607 5117 662 5160 et
716 5107 771 5160 in
822 5107 1097 5162 veteribus
1148 5108 1363 5163 Schedis
1415 5107 1616 5180 legitur
1676 5109 1822 5181 μόνῳ
1871 5109 2005 5163 Θεοῦ
2049 5109 2173 5164 νεύ-

653 5192 764 5230 ατι.

611 5194 789 5321 μῖῖέ)
829 5245 1139 5321 Ἐντεῦθεν
1155 5246 1222 5299 δὲ
1244 5247 1340 5321 καί
1373 5247 1440 5301 τὸ
1462 5248 1547 5320 μὴ
1583 5249 1937 5320 μεταμέλειν
1966 5249 2062 5303 ἐπὶ
2095 5250 2170 5321 τῇ

608 5317 833 5438 afforet.
887 5317 943 5372 In
1001 5318 1187 5372 codice
1244 5317 1380 5372 Fuk.
1438 5317 1698 5376 scribitur
1729 5317 1820 5392 ’μὴ
1881 5317 2180 5394 μεταμέλεζ

609 5403 640 5438 σ
677 5404 754 5438 αι.

609 5403 754 5440 συαι.

682 5456 794 5530 (16)
842 5457 1039 5530 Eriza
1078 5455 1181 5530 ἄνθ
1208 5473 1299 5522 τις
1333 5459 1697 5526 προσπίπτοι
1743 5462 1917 5530 πείρᾳ
1959 5462 2179 5517 κακῶν.

610 5524 794 5599 ὶίοἸίιιι
836 5529 1267 5599 εειίὺοιέοπεῖρα
1292 5530 1342 5581 in
1374 5524 1730 5599 nominativo;
1757 5534 1808 5586 id
1835 5524 1979 5587 enim
2015 5533 2182 5586 multo

610 5598 916 5671 elegantius
967 5597 1098 5671 mihi
1148 5597 1387 5671 videtur.
1422 5598 1543 5652 Mox
1571 5600 1852 5671 legendum
1879 5611 1964 5657 est
1992 5603 2182 5671 procul

608 5666 774 5740 dubio
800 5667 897 5719 καὶ
939 5667 1002 5720 τὸ
1035 5667 1304 5740 ἄτρεπτον
1333 5667 1496 5740 ἔχειν,
1527 5666 1650 5740 etc.—
1668 5666 2008 5726 Subauditur
2031 5673 2180 5726 enim

610 5737 838 5792 verbum
870 5737 1261 5808 παραγίνεται,
1286 5737 1425 5808 quod
1454 5739 1615 5810 paulo
1643 5751 1769 5796 ante
1784 5742 2077 5811 praecessit.
2116 5741 2173 5798 ln

2291 4895 2612 4969 προσπίπτῃ
2645 4896 2807 4969 πεξίρα
2853 4891 3174 4969 κακῶνηκαὶ
3199 4892 3256 4945 τὸ
3278 4891 3544 4969 ἄτρεπτον
3574 4893 3686 4969 ἔχῃ,
3721 4900 3808 4968 ιιι(ἶ

2363 4966 2476 5038 (17)
2528 4953 2612 5020 Τὸ
2645 4953 2958 5038 ἀῄέτῃτον.
3007 4953 3289 5038 A'd_oram
3346 4953 3573 5038 codicis
3593 4953 3810 5038 Humani

2285 5031 2606 5092 emendatur
2650 5035 3048 5105 τὸνάήττητον
3099 5031 3313 5102 ἔχουσα.
3353 5033 3521 5105 Quam
3559 5033 3809 5105 lectionem

2285 5117 2506 5162 secutus
2536 5115 2621 5160 est
2647 5101 3191 5172 Christophorsonus.
3246 5105 3425 5171 Atque
3462 5104 3537 5156 ita
3583 5101 3808 5158 scribitur

2284 5180 2337 5232 in
2371 5177 2558 5232 codice
2597 5173 2830 5228 Fuketii.

2351 5247 2460 5318 (18)
2487 5243 2655 5318 Παρὰ
2803 5243 2942 5318 Lego
2979 5243 3112 5314 πρὸς
3136 5242 3212 5306 δὲ,
3242 5241 3398 5295 τοῦτο
3427 5242 3803 5318 μεμαθήκαμεν,

2290 5314 2543 5390 ubist-'pr
2567 5314 2950 5390 adverbialiter
2975 5318 3324 5390 sumitur-pro
3352 5314 3598 5390 προσέτι.
3615 5314 3634 5390 ,⁷
3770 5376 3781 5387 _

2358 5382 2470 5460 (19)
2496 5386 2604 5442 Kal
2622 5384 2700 5460 ᾡς
2718 5383 2826 5451 τῆς
2852 5384 3105 5460 ᾁδικίας.
3125 5384 3179 5460 l_n
3203 5383 3340 5460 libro
3365 5382 3541 5460 Morini
3562 5382 3626 5436 ad
3640 5382 3806 5447 margi-

2288 5451 2410 5512 neitt
2442 5451 2762 5527 emendatur
2785 5455 2878 5508 καὶ
2910 5455 2985 5517 ὡς
3011 5455 3081 5527 τὰ
3105 5453 3202 5524 τῆς
3236 5451 3470 5516 ἀδικίας,
3512 5463 3640 5527 etc.,
3670 5460 3800 5527 quam

2287 5529 2606 5599 scripturam
2654 5523 2707 5577 in
2735 5520 3197 5599 interpretatione
3223 5537 3320 5577 sua
3352 5523 3619 5599 expr_essit
3665 5520 3794 5599 Chri-

2287 5587 2701 5668 stophorsonus.
2735 5593 2862 5681 illini
2890 5587 3236 5681 'lnecLlocut'io
3263 5587 3451 5681 parum
3467 5594 3660 5681 (graeca
3677 5587 3800 5681 vitii:-

2287 5658 2397 5722 tur'.
2443 5669 2624 5734 Itaque
2669 5663 2849 5734 malim
2902 5664 3138 5734 scribere
3179 5663 3236 5734 ἐν
3270 5658 3420 5734 ᾧγτὰ
3456 5663 3553 5734 τῆς
3599 5658 3797 5718 ἀδικίας-

2286 5739 2463 5794 Codex
2495 5731 2670 5792 tamen
2694 5731 2829 5788 Fuk.
2860 5733 3023 5790 habet
3051 5732 3144 5788 καὶ
3172 5732 3246 5797 ὡς
3277 5731 3344 5787 τὰ
3371 5735 3488 5804 τῆς,
3513 5731 3628 5788 οιο.
