3972 6392
1283 645 2575 852 ΕΥΣΕΒΙΟΥ
2653 688 2694 705 ”

1475 955 1704 1044 ΤΟΥ
1776 949 2382 1044 ΠΑΜΦΙΛΟΥ

750 1143 2254 1282 ΕΚΚΑΗΣΙΑΣΤΠίΗΣ
2332 1148 3109 1288 ΙΣΤΟΡΙΑΣ

1419 1387 1937 1508 ΒΙΒΛΙΑ
1991 1396 2436 1514 ΔΕΚΑ.

1039 1792 1797 1956 EUSEBII
1905 1796 2818 1953 PAMPHILI

833 2030 2106 2220 ECCLESIASTIC/E
2217 2086 3027 2221 HISTORI/E

1538 2346 1866 2436 LIBRI
1928 2346 2323 2439 DECEM

301 2543 646 2608 Henricus
689 2543 1000 2606 Vsusws
1029 2543 1318 2606 Gnaeum
1353 2547 1596 2602 textum
1632 2538 1880 2601 collatis
1911 2544 2190 2619 quatuor
2240 2555 2396 2601 mss.
2443 2539 2777 2604 codicibus
2837 2539 3242 2615 emendant,
3292 2533 3511 2606 Latine

1313 2648 1500 2710 vertit
1533 2654 1593 2709 et
1623 2645 2139 2708 adnotationibus
2164 2645 2534 2712 illustravit.

1698 2810 1784 2861 Ed.
1816 2811 1971 2861 Paris.
2003 2810 2165 2872 1659.)

1085 3140 1680 3233 EPISTULA
1756 3142 2759 3241 NUNCUPATORIA.

426 3345 950 3401 uvsrnisstms
1002 3352 1082 3396 nr
1119 3324 1692 3396 ﬁevenasmssmxs
1736 3354 2286 3414 ABCBIEPISCOPIS,
2334 3360 2643 3407 anscoms
2684 3363 2767 3407 ει·
2810 3361 3124 3412 amvnnso
3179 3329 3397 3415 cumo~

1559 3457 1867 3503 ECCLESLE
1893 3459 1931 3502 G
1941 3461 2279 3505 ΑιιιεΑΝΑς.

335 3646 495 3710 Post
530 3657 642 3709 tot
679 3646 1040 3708 Gracorum
1072 3646 1334 3708 Patrum
1372 3645 1672 3708 editiones
1714 3667 1847 3729 qua
1871 3651 2094 3712 vestris
2130 3643 2440 3730 auspiciis
2485 3653 2549 3714 in
2584 3648 2779 3718 lucem
2813 3649 3107 3722 hactenus
3135 3655 3546 3742 prodierunt,

253 3748 320 3808 id
350 3768 559 3808 unum
600 3745 815 3806 adhuc
842 3746 1154 3820 restabat,
1206 3747 1630 3808 illustrissimi
1662 3750 1990 3811 Antistites
2014 3793 2030 3823 ,
2065 3758 2136 3811 ut
2171 3749 2430 3815 Eusebii
2480 3755 2883 3821 Cesariensis
2927 3762 3376 3830 Ecclesiastica
3428 3771 3556 3830 Hi-

252 3853 455 3914 storia
510 3850 736 3912 multo
793 3869 975 3930 quam
1025 3851 1282 3914 antehac
1329 3851 1710 3913 emendatior
1759 3872 1831 3914 ac
1879 3856 2135 3932 purior,
2167 3855 2277 3916 sub
2310 3860 2503 3919 vestri
2527 3863 2799 3923 nominis
2860 3864 3050 3926 titulo
3085 3886 3156 3928 ac
3185 3872 3550 3948 patrocinio

252 3957 617 4018 catholicis
648 3955 1005 4016 hominibus
1037 3953 1406 4016 donaretur.
1441 3955 1519 4016 ltl
1549 3958 1709 4017 enim
1744 3957 2070 4032 Ecclesia,
2107 3962 2287 4038 cujus
2316 3963 2658 4023 commodis
2688 3965 2938 4028 assidue
2968 3971 3330 4046 consulitis,
3367 3976 3556 4037 utilia

250 4067 379 4130 tas;
414 4057 488 4120 id
525 4057 942 4119 eruditorum
963 4058 1236 4118 omnium
1262 4068 1441 4127 vota;
1473 4057 1541 4120 id
1567 4067 1883 4138 postremo
1907 4059 2218 4120 Eusebius
2251 4061 2382 4138 ipse
2401 4080 2515 4122 suo
2543 4062 2804 4141 quodam
2819 4065 3002 4146 jure,
3037 4089 3071 4127 α
3096 4071 3272 4132 vobis
3297 4091 3554 4150 poscere

248 4162 688 4222 videbantur.
730 4157 912 4232 Nam,
951 4167 1018 4218 ut
1054 4159 1126 4219 de
1152 4158 1434 4218 Ecclesia
1461 4161 1670 4238 primo
1711 4159 1846 4220 loco
1880 4159 2103 4232 dicam,
2143 4159 2299 4239 quid
2329 4159 2412 4220 ad
2448 4160 2690 4223 laudem
2726 4166 2854 4246 ejus
2899 4167 3260 4247 illustrius,
3292 4174 3444 4252 quid
3471 4167 3556 4237 ad

247 4266 698 4348 defensionem
728 4265 988 4341 fortius,
1022 4263 1176 4342 quid
1200 4262 1280 4322 ad
1308 4265 1830 4342 propagationem
1863 4264 2113 4338 utilius,
2139 4264 2291 4344 quid
2313 4265 2394 4326 ad
2424 4284 2668 4328 morum
2698 4287 2770 4329 ac
2794 4269 3148 4350 disciplina:
3177 4276 3550 4352 gravitatem

245 4367 736 4433 restituendam
794 4370 1004 4446 aptius
1050 4368 1337 4447 proferri
1381 4378 1588 4448 potest
1636 4387 1818 4450 quam
1866 4369 2142 4429 historia
2188 4387 2397 4430 rerum
2440 4370 3050 4434 ecclesiasticarum?
3095 4375 3237 4433 Jam
3269 4393 3414 4436 vero
3469 4379 3552 4440 ad

243 4471 742 4538 conrincendos
791 4471 1113 4532 haereticos
1155 4471 1364 4546 nihil,
1410 4491 1537 4532 meo
1586 4472 1832 4552 quidem
1856 4471 2106 4552 judicio
2132 4515 2150 4545 ,
2187 4473 2506 4554 efﬁcacius
2536 4483 2622 4535 est
2655 4483 2838 4556 atque
2871 4476 3189 4555 potentius
3219 4496 3401 4558 quam
3431 4472 3550 4545 hoc

244 4599 440 4661 genus
474 4577 902 4658 scriptionis.
955 4577 1203 4657 Quippe
1246 4578 1564 4639 hominum
1608 4578 1804 4638 animi
1848 4577 2395 4655 disputationibus
2457 4595 2524 4638 ac
2573 4579 3018 4640 ratiocinando
3074 4599 3232 4660 a'gre
3274 4593 3337 4645 se
3381 4588 3552 4647 vinci

243 4687 638 4762 patiuntur.
673 4680 762 4740 Et
799 4681 1042 4760 quoties
1073 4682 1449 4742 constrictos
1490 4699 1552 4741 se
1599 4679 1851 4752 vident,
1882 4699 1992 4741 nec
2049 4681 2268 4742 habent
2301 4680 2471 4760 quod
2499 4682 2936 4762 respondeant,
2972 4701 3098 4743 non
3135 4694 3260 4745 tam
3289 4691 3552 4751 veritati

249 4787 313 4848 id
359 4788 725 4850 ascribunt
779 4803 963 4863 quam
1014 4785 1521 4846 adversariorum
1575 4784 1643 4845 in
1701 4785 2084 4857 disputando
2137 4785 2485 4846 subtilitati
2527 4806 2598 4847 ac
2649 4786 2954 4848 versutia.
3009 4787 3186 4850 Certe
3241 4790 3546 4853 diuturno

245 4892 706 4972 experimento
767 4889 1238 4968 comprobatum
1292 4898 1402 4958 est,
1453 4909 1560 4950 seu
1613 4890 1875 4967 scriptis
1923 4907 2030 4948 seu
2081 4890 2221 4950 viva
2265 4906 2410 4950 voce
2453 4889 2640 4951 editis
2687 4889 3233 4967 disputationibus
3296 4892 3548 4954 accendi

240 4999 468 5074 potius
502 4993 965 5057 haereticorum
1011 4997 1255 5055 animos
1307 5013 1489 5074 quam
1526 4996 1768 5056 sanari.
1803 4993 2096 5054 Historia
2141 5009 2284 5054 vero
2325 5012 2536 5055 rerum
2567 4993 3119 5058 ecclesiastic‘arum
3143 5043 3161 5071 ,
3205 5016 3340 5058 cum
3370 5013 3433 5054 se
3479 4995 3548 5053 in

241 5103 497 5162 animos
541 5097 892 5177 legentium
922 5099 1243 5176 placidius
1274 5099 1547 5160 insinuet
1573 5141 1590 5174 ,
1634 5099 1821 5176 longe
1847 5098 2200 5178 faciliorem
2245 5096 2318 5158 de
2349 5099 2429 5158 iis
2461 5097 2798 5159 victoriam
2828 5101 3042 5182 refert.
3078 5100 3233 5177 Quis
3259 5104 3343 5156 est
3388 5095 3546 5156 enim

243 5223 322 5265 ea:
371 5203 668 5265 diversae
712 5202 1016 5280 factionis
1065 5201 1462 5275 hominibus,
1513 5204 1796 5283 quicum
1835 5200 2315 5263 ecclesiasticam
2362 5200 2696 5262 historiam
2745 5208 2975 5264 attente
3011 5198 3381 5283 perlegerit,
3419 5215 3546 5260 non

242 5309 468 5368 statim
509 5306 780 5388 pudore
815 5305 1127 5386 suffusus,
1188 5323 1460 5366 errorem
1489 5325 1671 5368 suum
1707 5307 1844 5368 illic
1887 5304 2246 5366 damnatum
2285 5309 2632 5384 agnoscat,
2691 5322 2871 5385 seque
2917 5307 3081 5366 velut
3128 5299 3462 5362 membrum
3509 5321 3548 5362 a

242 5409 504 5489 reliquo
559 5425 842 5484 corpore
885 5408 1216 5484 precisum
1259 5405 1518 5497 \de/leat.
1563 5406 1811 5468 Etenim
1860 5425 1999 5470 cum
2041 5407 2458 5469 ecclesiastica
2507 5399 2784 5468 historia
2826 5403 2986 5467 nihil
3011 5398 3192 5459 aliud
3231 5405 3545 5465 contineat

244 5527 439 5587 quam
499 5506 1023 5584 apostolicarum
1067 5505 1304 5566 sedium
1341 5517 1707 5588 perpetuam
1754 5509 2231 5582 successionem,
2267 5507 2708 5587 episcoporum
2752 5499 2870 5569 sibi
2914 5498 3176 5560 invicem
3224 5500 3550 5562 succeden-

245 5614 413 5673 tium
443 5612 683 5673 seriem
705 5653 720 5678 ,
753 5609 1041 5691 illustria
1073 5608 1332 5690 denique
1364 5611 1694 5673 doctorum
1740 5621 1794 5672 et
1831 5620 2179 5692 martyrum
2219 5630 2338 5690 pro
2385 5610 2622 5688 pietate
2656 5603 2986 5672 certamina
3011 5621 3032 5662 :
3081 5621 3160 5666 ex
3213 5604 3440 5683 quibus
3483 5605 3549 5666 hi

243 5718 512 5796 quidem
554 5716 846 5795 furorem
875 5713 1210 5790 gentilium
1238 5713 1587 5812 tolerantia
1620 5734 1746 5777 sua
1770 5713 2159 5796 fortitudine
2199 5724 2582 5792 superarunt
2611 5728 2632 5784 ,δ
2669 5706 2770 5770 illi
2799 5723 2942 5768 vero
2972 5707 3404 5770 haereticorum
3433 5703 3545 5785 qui

609 5821 887 5882 Ριτκοι..
924 5818 1040 5878 Gn.
1104 5819 1153 5876 Χ
1169 5819 1250 5878 Χ.

3112 5815 3140 5874 1
