3972 6484
434 398 508 454 ῃ
1442 368 1716 428 VALESII
1757 362 2090 420 EPISTOLA
2127 354 2687 416 auucvmmms.
3632 353 3706 408 is

441 520 744 581 adversus
774 502 1122 569 Ecclesiam
1180 498 1659 559 insurrexeranl
1702 503 1988 571 perversa
2021 480 2311 558 dogmata
2350 476 2610 556 scriptis
2632 473 2763 538 suis
2793 479 3275 556 confutaverunt
3295 496 3317 538 :
3346 490 3710 557 quicunque

444 639 523 682 ea:
551 611 863 676 luereticis
896 605 981 665 ad
1009 603 1201 683 hujus
1230 599 1514 661 historice
1564 594 1879 656 lectionem
1922 581 2136 644 oculos
2184 593 2370 660 atque
2409 583 2685 641 animum
2735 578 3110 650 intenderit,
3156 584 3434 659 fateatur
3462 594 3708 639 necesse

444 728 531 780 est
564 737 625 778 se
651 714 729 776 ab
762 711 874 771 illa
911 705 1353 787 apostolorum
1397 699 1813 763 successione,
1845 686 1918 747 ab
1958 687 2073 746 illo
2109 685 2440 745 doctorum
2476 692 2531 744 et
2565 692 2911 763 martyrum
2942 702 3146 763 grege,
3183 685 3256 747 ab
3293 684 3407 745 illa
3438 682 3709 763 denique

446 824 885 903 episcoporum
936 809 1372 870 communione
1408 816 1672 883 prorsus
1702 793 1970 853 alienum
2004 808 2146 851 esse.
2181 789 2430 868 Quippe
2461 792 2533 865 qb
2570 786 2788 848 iisdem
2825 789 2958 851 illis
2999 790 3434 867 apostolorum
3463 806 3709 850 succes-

447 889 721 991 εὀγὶοιίε,
760 916 871 997 qui
909 910 1150 973 easdem
1180 910 1382 970 adhuc
1412 903 1574 965 sedes
1624 906 1678 957 et
1709 892 2032 954 cathedras
2073 889 2349 952 obtinent
2384 891 2447 950 in
2496 890 2721 970 quibus
2756 891 2904 951 olim
2949 893 3227 965 apostoli
3261 894 3586 963 sederunt,
3628 890 3706 951 ab

451 1032 585 1093 illis
618 1027 770 1103 ipsis
802 1021 912 1100 qui
959 1016 1355 1079 Noratianos
1385 1017 1437 1068 et
1466 1001 1827 1063 Donatistas
1854 1006 1909 1058 et
1952 997 2306 1058 Artemonis
2339 1003 2675 1091 sectatores
2706 994 3222 1070 condemnarunt,
3254 1016 3431 1057 suum
3462 1013 3711 1075 quoque

454 1142 719 1193 errorem
749 1118 899 1197 puri
925 1116 1233 1176 sententia
1260 1102 1722 1168 condemnatum
1755 1093 2142 1172 intelligunt.
2179 1086 2421 1154 Pudeat
2455 1092 2657 1171 igitur
2696 1094 2842 1156 illos
2875 1104 3118 1174 oportet
3148 1097 3384 1157 erroris
3418 1114 3489 1155 ac
3518 1096 3711 1156 novi-

457 1234 603 1295 tatis
634 1244 758 1287 sute
782 1268 799 1297 ,
857 1224 1337 1301 quotiescunque
1368 1210 1432 1269 in
1461 1204 1731 1267 historia
1764 1201 2178 1264 ecclesiastica
2217 1208 2509 1279 tanquam
2547 1202 2611 1260 in
2637 1200 2887 1280 speculo
2939 1203 3261 1263 veritatem
3299 1202 3711 1277 conspiciunt

454 1344 505 1392 et
537 1328 979 1406 antiquitatem
1003 1368 1019 1393 ,
1058 1319 1410 1390 dogmatum
1440 1322 1697 1366 suorum
1748 1302 1954 1363 errori
1995 1300 2389 1379 novitatiquc
2417 1309 2889 1379 repugnantem.
2925 1305 3124 1380 Atque
3151 1302 3277 1363 ha'c
3304 1303 3504 1362 obiter
3533 1301 3712 1362 dicta

448 1432 578 1491 sint
618 1428 689 1488 de
725 1420 1148 1488 ecclesiasticae
1184 1407 1470 1470 historice
1499 1404 1815 1482 pra’cipua
1864 1398 2179 1469 utilitate,
2216 1401 2395 1480 cujus
2441 1402 2838 1479 potissimum
2890 1421 3074 1463 causa
3099 1446 3116 1475 ,
3149 1421 3323 1463 novae
3348 1403 3536 1482 hujus
3574 1402 3710 1464 edi-

452 1534 651 1595 tionis
687 1530 840 1591 mihi
874 1545 910 1583 a
940 1516 1113 1577 vobis
1148 1532 1300 1574 cura
1332 1508 1624 1569 mandata
1656 1514 1766 1565 est.
1799 1504 1922 1565 Nec
1952 1520 2096 1562 vero
2126 1503 2330 1562 solum
2365 1502 2659 1563 Ecclesiae
2689 1503 3051 1575 commodis,
3092 1502 3199 1563 sed
3228 1513 3281 1564 et
3313 1503 3714 1564 eruditorum

441 1634 727 1694 omnium
766 1618 926 1681 votis
965 1615 1080 1675 hac
1136 1610 1407 1672 editione
1451 1604 1897 1675 consuluistis,
1933 1619 2195 1680 quorum
2230 1601 2520 1680 plerique
2564 1603 2804 1679 partim
2849 1603 3055 1664 (ἰνρεί
3101 1610 3432 1663 contextus
3469 1601 3713 1662 mendis

440 1753 523 1794 ,σε
553 1728 745 1792 vitiis,
790 1717 1025 1797 partim
1060 1712 1435 1774 Latinorum
1468 1710 1876 1784 interpretum
1906 1702 2230 1764 erroribus
2253 1747 2271 1777 ,
2306 1702 2379 1764 ab
2414 1703 2673 1765 Eusebii
2703 1703 2914 1764 nostri
2945 1702 3208 1766 lectione
3262 1703 3559 1764 hactenus
3608 1704 3717 1763 de-

441 1812 865 1897 ,"ﬂ-ebantur.
901 1822 987 1880 Ac
1038 1836 1109 1877 ne
1142 1815 1283 1895 quis
1313 1815 1478 1893 forte
1522 1806 1870 1870 minuendis
1918 1805 2193 1866 aliorum
2230 1805 2489 1883 gloriae,
2543 1807 2777 1886 meique
2816 1808 3023 1886 operis
3052 1805 3447 1886 praedicandi
3480 1826 3715 1878 causa,

454 1926 624 1989 istud
654 1945 689 1984 a
736 1943 826 1982 me
859 1921 1095 1980 dictum
1142 1921 1322 1994 putet
1351 1955 1369 1985 ,
1406 1909 1757 1971 doctissimi
1785 1909 2052 1969 hominis
2087 1907 2512 1967 testimonium
2550 1906 2651 1966 hic
2688 1924 2999 1984 apponam
3021 1951 3037 1978 ,
3068 1908 3179 1987 qui
3210 1916 3352 1966 ante
3382 1906 3494 1966 hos
3527 1916 3718 1966 octo-

438 2033 628 2111 ginta
657 2045 850 2089 annos
882 2023 1041 2087 idem
1074 2018 1145 2079 de
1178 2017 1392 2079 erca
1442 2013 1702 2074 Eusebii
1747 2012 2019 2074 editione
2071 2010 2263 2089 deque
2296 2010 2544 2070 Latinis
2592 2010 3042 2089 interpretibus
3070 2010 3387 2090 judicium
3435 2009 3611 2070 tulit.
3650 2010 3719 2070 Is

453 2143 539 2195 est
564 2134 838 2193 Joannes
866 2122 1238 2194 Curterius,
1273 2119 1382 2199 qui
1424 2119 1488 2178 in
1537 2115 1802 2193 epistola
1845 2134 2025 2195 quam
2053 2113 2405 2174 Parisiensi
2436 2111 2704 2175 editioni
2731 2113 3010 2193 praeﬁxit
3036 2157 3053 2188 ,
3086 2114 3388 2173 Joannem
3431 2113 3718 2192 Rupe/u-

454 2236 725 2297 ealdium
756 2226 1110 2311 alloquitur
1139 2226 1237 2288 his
1266 2222 1471 2284 verbis
1506 2241 1527 2282 :
1558 2243 1585 2275 ιι
1618 2220 1695 2282 Si
1735 2220 1799 2279 in
1833 2220 2014 2280 istam
2046 2218 2407 2281 Grecorum
2449 2216 3190 2292 historialecclesiaslicx
3216 2224 3545 2276 auctorum
3582 2215 3721 2275 edi-

452 2341 682 2398 tionem
712 2336 1064 2395 intueamur
1089 2369 1105 2397 ,
1155 2321 1310 2405 quid
1356 2340 1423 2380 ea
1476 2332 1765 2397 unquam'
1797 2315 2029 2377 editum
2060 2314 2512 2395 depravatius?
2550 2312 2625 2373 Id
2668 2332 2775 2391 ego
2811 2333 2967 2391 serpe
3015 2323 3156 2397 ante
3192 2333 3397 2391 annos
3433 2333 3566 2385 sex,
3603 2314 3720 2394 qui

452 2440 671 2502 Graca
700 2437 830 2514 ejus
866 2428 1125 2490 lectione
1157 2425 1494 2486 delectarer
1522 2465 1538 2491 ,
1580 2438 1717 2480 cum
1748 2437 1931 2478 essem
1963 2426 2260 2496 expertus
2283 2462 2298 2489 ,
2333 2424 2389 2476 et
2441 2416 2742 2490 Rufinum
2784 2418 2964 2497 cujus
3000 2425 3271 2494 tempore
3316 2413 3591 2474 nondum
3625 2415 3720 2473 ita

390 2556 401 2571 '
451 2545 760 2615 corrupta
787 2535 983 2615 fuisse
1037 2528 1421 2607 exemplaria
1470 2524 1764 2586 credatur
1798 2522 2027 2605 facile,
2084 2521 2445 2583 Maseulum
2482 2520 2743 2601 denique
2787 2521 2990 2598 ipsum
3036 2520 3102 2579 in
3148 2517 3481 2579 consilium
3532 2515 3721 2575 adhi-

453 2644 740 2716 buissem,
771 2618 1211 2699 tantum‘abest
1246 2643 1313 2693 ut
1350 2648 1562 2690 eorum
1598 2626 1994 2690 versionibus
2031 2628 2147 2687 sim
2179 2626 2437 2707 adjutus
2462 2668 2479 2697 ,
2516 2634 2583 2684 ut
2625 2622 2805 2684 illum
2838 2620 3029 2701 (quod
3061 2621 3281 2683 merito
3313 2615 3717 2698 reprehendit

454 2744 896 2825 Hieronymus)
933 2741 997 2802 in
1030 2737 1298 2800 Eusebio
1331 2730 1642 2796 reddendo
1676 2752 1903 2811 parum
1934 2735 2172 2809 integre
2202 2749 2263 2819 se
2288 2727 2697 2808 prxstitisse;
2729 2734 2783 2786 et
2816 2724 2980 2785 hunc
3011 2741 3135 2784 non
3162 2731 3406 2783 tantum
3433 2717 3718 2790 mendosi

455 2851 828 2939 exemplaris
861 2845 1061 2911 Graeci
1093 2843 1185 2902 vel
1216 2842 1372 2902 leves
1402 2856 1644 2899 errores
1678 2854 1802 2898 non
1837 2833 2370 2901 animadvertisse,
2404 2832 2512 2891 sed
2542 2848 2690 2891 suos
2722 2829 2787 2889 in
2838 2827 3181 2887 versionem
3212 2825 3521 2904 inﬁnitos,
3558 2841 3719 2902 par-

453 2958 564 3016 tim
599 2934 874 3033 ignavia,
906 2949 1141 3028 partim
1172 2943 1244 3004 de
1288 2940 1637 3013 industria,
1680 2945 1747 2997 ut
1783 2936 1915 2997 suis
1946 2932 2238 3012 partibus
2282 2934 2514 3013 [averet
2544 2973 2560 3000 ,
2607 2929 2913 2988 invexisse
2958 2923 3480 3005 deprehenderim.
3543 2945 3573 2979 ιι
3633 2923 3717 2981 Et

450 3022 651 3136 paul;
700 3022 954 3133 postde
1008 3041 1571 3122 L'Iiristophorsoni
1620 3036 2140 3116 interpretatione
2191 3035 2280 3094 ita
2327 3028 2760 3111 pronuntiat:
2809 3052 2837 3084 α
2873 3028 3031 3108 Ejus
3069 3027 3222 3088 libri
3256 3022 3716 3085 emendationes

456 3123 732 3219 utilitati
760 3150 1025 3231 publica:
1057 3144 1279 3207 tandiu
1317 3161 1446 3203 non
1477 3138 1878 3210 invidissem,
1925 3135 2055 3194 nisi
2098 3134 2472 3211 promissam
2520 3128 3086 3207 Chrislophorsoni
3135 3123 3719 3202 interpretationem

456 3262 644 3320 etiam
674 3250 1145 3335 exspectandam
1177 3248 1565 3309 censuisscm.
1624 3239 1963 3320 Sperabam
2015 3237 2174 3297 enim
2207 3234 2357 3315 quia
2400 3234 2545 3294 bene
2581 3231 2830 3294 doctum
2876 3232 3181 3293 hominem
3226 3237 3280 3288 et
3334 3224 3715 3287 catholicum

458 3379 622 3428 esse,
657 3357 874 3417 deinde
915 3353 1093 3414 bonis
1147 3348 1606 3428 exemplaribus
1654 3343 1941 3423 adjutum
1985 3340 2183 3421 fuisse
2228 3336 2556 3397 audiebam
2583 3381 2601 3409 ,
2642 3356 2767 3398 non
2797 3334 3163 3416 prceclaram
3211 3332 3391 3390 modo
3427 3337 3482 3388 et
3513 3337 3718 3386 tutam

459 3462 801 3521 versionem
848 3453 1122 3533 aliquam
1160 3451 1548 3519 emissurum,
1578 3446 1681 3507 sed
1714 3447 1776 3506 in
1806 3440 2121 3523 publicali
2169 3438 2405 3500 codicis
2440 3438 2646 3501 Graeci
2697 3436 3171 3498 emendationem
3218 3428 3411 3511 (quod
3452 3427 3606 3489 solet
3638 3420 3717 3485 ab

460 3557 905 3639 interpretibus
943 3552 1224 3614 omnibus
1254 3566 1382 3609 non
1431 3545 1660 3624 omitti)
1701 3545 2023 3604 variarum
2069 3542 2405 3602 lectionum
2455 3552 2507 3599 et
2566 3538 3025 3600 eorreetionum
3068 3533 3503 3594 adnotationes
3539 3530 3716 3608 adje-

462 3679 731 3730 cturum.
798 3665 1012 3726 Verum
1065 3660 1249 3737 longe
1295 3654 1486 3715 aliter
1526 3650 1757 3713 accidit
1791 3658 1977 3729 atque
2010 3647 2463 3725 exspectabam.
2516 3642 2838 3724 Siquidem
2877 3649 2945 3700 ut
2994 3639 3065 3699 de
3114 3639 3243 3716 ejus
3288 3636 3556 3697 editione
3600 3631 3720 3692 hoc

462 3771 664 3831 solum
689 3784 853 3826 nunc
886 3765 1129 3832 dicam,
1167 3757 1337 3841 qu’od
1363 3758 1535 3836 piam
1573 3753 1820 3836 quidem
1869 3761 1923 3814 et
1966 3751 2387 3823 catholicam,
2423 3748 2525 3809 sed
2560 3748 2911 3810 inchoatam
2949 3744 3167 3821 potius
3209 3757 3390 3819 quam
3440 3744 3720 3797 exactam

460 3881 572 3932 aut
604 3871 940 3948 perfectam
974 3863 1192 3925 multis
1228 3856 1585 3922 rationibus
1619 3854 1792 3916 credi
1841 3872 1963 3933 par
1998 3860 2125 3914 est:
2173 3852 2263 3912 sic
2303 3850 2632 3911 meliorum
2663 3845 2946 3908 codicum
2979 3841 3206 3922 quibus
3246 3840 3377 3917 ipse
3408 3856 3558 3897 usus
3592 3847 3679 3897 est
3703 3882 3720 3911 ,

466 3974 763 4051 exiguum
795 3979 901 4031 aut
933 3971 1061 4049 fere
1109 3963 1355 4025 nullum
1384 3962 1666 4040 fructum
1696 3956 1779 4017 ad
1806 3959 2035 4018 multos
2075 3954 2280 4017 redire
2302 3953 2508 4027 video,
2543 3970 2680 4014 eum
2720 3956 3019 4030 quantum
3057 3964 3155 4005 eos
3188 3952 3436 4005 secutus
3467 3939 3564 4000 vel
3609 3942 3726 4000 im-

465 4081 724 4139 mutarit
769 4075 861 4137 vel
890 4070 1234 4141 addiderit,
1266 4067 1402 4127 suis
1439 4063 1617 4136 locis,
1651 4072 1718 4123 ut
1755 4060 2003 4133 decuit,
2037 4062 2164 4120 sive
2194 4058 2275 4119 ad
2324 4058 2691 4120 ercorum
2728 4051 3225 4116 restitutionem,
3258 4048 3387 4107 sive
3434 4045 3516 4104 ad
3542 4045 3725 4123 ﬁdem

468 4178 742 4240 versioni
771 4195 896 4237 suae
927 4185 977 4234 et
1010 4168 1450 4231 auctoritatem
1496 4158 2015 4241 comparandam,
2046 4174 2175 4218 non
2202 4157 2552 4216 admoneat.
2590 4176 2618 4212 ι
2658 4152 2880 4211 Petrus
2910 4164 3154 4227 quoque
3175 4143 3552 4203 Halloixius
3574 4186 3588 4209 ,
3623 4141 3727 4200 vir

467 4282 531 4340 in
560 4278 784 4359 primis
815 4270 1097 4335 eruditus
1153 4284 1225 4327 ac
1275 4262 1577 4341 diligens,
1614 4239 1680 4320 in
1712 4267 1874 4348 tomo
1925 4257 2032 4325 II,
2070 4272 2189 4335 quo
2230 4252 2580 4314 illustrium
2620 4243 2961 4310 Orientalis
3007 4240 3301 4301 Ecclesiae
3342 4239 3728 4316 scriptorum

1870 4358 1873 4359 ν
2190 4356 2215 4359 _
2302 4353 2354 4359 __
2504 4352 2515 4359 .
2621 4351 2633 4359 .
2909 4345 2945 4359 ι.
3050 4344 3064 4359 .
3157 4341 3186 4359 τ

467 4337 640 4446 Vitras
676 4376 1033 4456 complexus
1068 4378 1179 4439 est,
1222 4367 1286 4425 in
1316 4337 1750 4424 natationibus
1800 4338 1880 4418 ad
1937 4358 2130 4417 Vitam
2170 4356 2237 4416 S.
2287 4351 2673 4431 Hegesippi,
2720 4365 2861 4424 cap.
2907 4345 2971 4415 3,
3025 4344 3097 4403 de
3138 4340 3404 4401 Joannis
3438 4337 3726 4401 Christo.

464 4482 770 4568 phorsoni
814 4454 1096 4539 versione
1145 4470 1300 4530 idem
1352 4466 1520 4549 quod
1549 4464 1881 4526 Curterius
1933 4461 2119 4521 sentit
2175 4478 2192 4518 :
2241 4466 2270 4515 ὰ
2329 4456 2457 4517 Uno
2511 4452 2694 4513 verbo
2723 4494 2739 4523 ,
2789 4448 3043 4528 inquit,
3079 4464 3285 4508 omnes
3317 4448 3442 4527 fere
3486 4463 3730 4505 errores

468 4546 1052 4658 Ehristophorsoni,
1085 4569 1193 4648 qui
1229 4574 1371 4626 sunt
1402 4582 1527 4624 non
1554 4562 1749 4641 pauci
1779 4605 1795 4634 ,
1829 4558 2140 4619 adhaerent
2189 4558 2368 4617 etiam
2412 4552 2688 4613 Baronio
2714 4593 2730 4622 ,
2783 4566 2917 4609 cum
2955 4546 3086 4625 ejus
3116 4563 3351 4624 semper
3382 4552 3605 4604 utatur
3662 4562 3729 4602 in

471 4686 721 4749 citando
755 4678 1020 4743 Eusebio
1054 4672 1353 4735 versione.
1386 4671 1488 4730 Ita
1549 4668 1639 4746 ﬁt,
1682 4676 1755 4726 ut
1784 4662 1934 4725 aliis
1963 4663 2127 4724 alios
2157 4656 2550 4740 sequentibus
2577 4700 2594 4726 ,
2624 4670 2732 4713 nec
2770 4653 2974 4731 fontes
3025 4644 3274 4707 Graecos
3309 4643 3732 4703 examinanti-

470 4787 604 4858 bus,
636 4784 834 4864 primi
861 4779 1133 4860 alicujus
1169 4773 1530 4855 interpretis
1559 4789 1801 4833 errores
1832 4768 1913 4828 ad
1949 4764 2447 4847 quamplurimas
2483 4758 2828 4837 scriptores
2850 4798 2868 4828 ,
2907 4754 3020 4831 qui
3049 4748 3185 4809 sola
3213 4748 3512 4808 nituntur
3543 4745 3730 4823 prio-

468 4908 608 4953 rum
637 4887 1035 4955 auctoritate,
1069 4884 1131 4942 in
1165 4882 1521 4940 immensum
1554 4871 2025 4955 cli/fundantur.
2057 4870 2162 4929 Ex
2196 4885 2318 4945 quo
2353 4863 2572 4933 etiam,
2604 4865 2840 4940 quanta
2868 4855 2953 4915 sit
2987 4852 3223 4927 lingat:
3271 4846 3499 4908 erca:
3528 4862 3732 4904 neces-

470 5000 651 5062 sitas.
688 4994 753 5054 in
774 4998 1072 5070 promptu
1103 4995 1185 5047 est
1218 4950 1677 5063 cognoscendi»
1714 4979 1885 5038 Idem
1914 4977 1981 5040 in
2025 4973 2232 5035 eodem
2266 4970 2511 5047 capite,
2540 4982 2688 5045 pag.
2723 4962 2838 5021 ’731
2863 5003 2881 5032 ,
2921 4957 3012 5017 ait
3044 4973 3106 5013 se
3144 4952 3405 5013 libenter
3433 4950 3735 5009 adnotare

476 5049 651 5062 ’”””““
691 5049 829 5070 "'r'
864 5049 876 5051 ⁷
956 5049 970 5067 Ι
1295 5049 1323 5063 υ

476 5112 716 5156 errores
750 5091 854 5172 qui
888 5096 1230 5150 occurrunt
1259 5087 1324 5145 in
1355 5082 1635 5142 versione
1665 5071 2256 5152 Christophorsoni,
2287 5086 2363 5129 ne
2396 5067 2526 5148 ejus
2555 5061 2835 5121 versione
2865 5055 3123 5114 lectores
3151 5055 3217 5113 in
3250 5069 3519 5112 errorem
3551 5049 3733 5108 indu-

2238 5171 2241 5172 ⁷
2432 5170 2439 5172 “
2570 5164 2582 5172 ⁵
2708 5169 2716 5172 -
2888 5164 2902 5172 ·
2998 5152 3022 5172 -Ι
3148 5171 3155 5172 κ
3240 5170 3247 5172 .
3290 5170 3311 5172 μ
3346 5170 3386 5172 γ-
3425 5146 3588 5172 .‘ll--.’
3620 5164 3702 5172 μ--

473 5208 722 5258 cantur.
752 5146 841 5256 :10
871 5189 1101 5258 malum
1135 5188 1375 5267 quidem
1403 5186 1610 5266 ipsum
1637 5226 1653 5255 ,
1688 5187 1758 5240 ut
1801 5146 2028 5239 videtis
2054 5220 2071 5247 ,
2113 5171 2302 5234 multi
2332 5146 2904 5228 animadverterunt
2932 5199 2949 5230 ,
2983 5152 3390 5229 damnumque
3420 5146 3588 5210 illud
3614 5164 3738 5223 pu-

475 5296 700 5358 blicum
731 5297 1044 5366 dolebant,
1077 5251 1241 5371 qdod
1267 5301 1392 5351 tam
1422 5251 1612 5350 utiles
1648 5282 2052 5363 antiquitatis
2085 5266 2520 5338 ecclesiasticae
2549 5268 2743 5334 libri,
2777 5270 2833 5322 et
2872 5256 3277 5319 scribentium
3317 5264 3371 5313 et
3419 5251 3733 5323 interpre-

476 5412 608 5465 tum
639 5401 825 5478 eulpa
854 5420 926 5461 ac
954 5349 1330 5475 negligentia
1360 5390 1512 5452 adeo
1545 5349 1880 5466 depravati
1917 5384 2294 5460 legerentur.
2329 5372 2604 5451 Quidam
2634 5368 2817 5428 etiam
2844 5381 2963 5441 pro
2993 5360 3175 5422 virili
3204 5363 3384 5434 parte
3405 5349 3735 5411 remedium

2502 5474 2541 5478 --
2818 5470 2853 5478 ν.
2900 5468 2936 5478 ,Α
3081 5466 3093 5478 .
3409 5452 3735 5478 ,χαψε-η,

477 5452 804 5571 αάήἰὺενζ,
840 5452 1382 5562 σενιὶεσάαηιαπαι
1419 5494 1574 5555 locis
1607 5495 2028 5552 tentaverunt.
2060 5483 2181 5547 Sed
2211 5500 2384 5542 nemo
2436 5474 2639 5536 adhuc
2689 5468 2937 5531 exstitit
2985 5466 3093 5546 qui
3127 5475 3347 5521 novam
3397 5452 3737 5571 Eusebiani

480 5607 685 5686 aperis
716 5602 1051 5666 editionem
1079 5599 1678 5676 emendationemque
1708 5591 2050 5669 susciperet
2079 5609 2098 5656 ,-
2133 5604 2239 5645 seu
2269 5578 2437 5662 quod
2471 5575 2710 5637 laboris
2749 5563 3181 5650 magnitudine
3224 5557 3511 5637 ριετίιιιιε
3541 5553 3735 5613 dem“

2250 5681 2259 5686 .
2507 5675 2545 5686 _.
2820 5671 2859 5686 ι·
2960 5667 2975 5686 ,-
3072 5685 3079 5686 κ
3122 5661 3361 5686 1.41.131-
3406 5678 3532 5686 λη-..
3566 5655 3644 5686 ..Α
3671 5659 3735 5686 1A

480 5655 610 5686 νιμ.
636 5655 682 5666 η
718 5655 1050 5666 -.τη--.-νη-
1468 5655 1501 5659 -ν
1878 5655 1893 5669 .
2080 5655 2084 5656 ν
2276 5655 2298 5662 -

477 5706 813 5773 rebantur;
859 5722 968 5763 seu
1014 5698 1179 5781 quod
1212 5697 1599 5778 scriptorum
1632 5688 2087 5768 exemplarium
2113 5681 2300 5758 copia
2343 5688 2396 5736 et
2454 5675 2584 5733 otio
2622 5690 2693 5732 ac
2741 5667 3005 5749 reliquis
3059 5661 3362 5725 subsidiis
3398 5678 3532 5739 quae
3560 5655 3644 5718 ad
3670 5659 3735 5718 id

482 5826 636 5886 opus
674 5807 1013 5872 necessaria
1045 5813 1219 5884 sunt,
1258 5803 1769 5866 destituerentur.
1808 5796 2011 5856 Donec
2042 5804 2173 5856 vos,
2207 5800 2323 5860 pro
2356 5779 2661 5853 vestrooin
2709 5773 3154 5847 rempublicam
3193 5767 3569 5830 litterariam
3613 5772 3736 5824 stu-
