3972 6398
177 346 251 400 13
1192 338 1463 398 VALESH
1502 342 1838 398 EPISTOLA
1875 341 2445 401 NUNCCPATORIA.
3391 336 3456 398 ιι

176 462 313 532 dio,
350 459 424 523 id
453 480 627 539 opus
688 464 967 542 aggressi
997 462 1166 534 estis,
1193 479 1533 541 novamque
1561 462 1924 523 Eusebianos
1963 464 2245 523 historia
2277 461 2606 523 editionem
2657 461 2995 523 curandam
3039 467 3221 541 atque
3267 462 3460 522 ador-‘

173 556 458 619 nandam
511 562 677 622 mihi
726 561 1121 622 commisistis
1151 581 1172 621 :
1209 569 1279 619 ut
1328 563 1557 622 amotis
1605 562 2009 635 superiorum
2048 560 2396 622 editionum
2441 562 2626 622 vitiis
2658 570 2846 641 atque
2891 558 3166 631 mendis,
3192 560 3459 638 planior

175 658 476 735 deinceps
511 663 621 721 via
675 658 759 720 ad
806 660 1209 720 certissimam
1251 675 1464 717 rerum
1520 658 2079 719 ecclesiasticarum
2124 660 2421 719 notitiam
2471 659 2814 722 lectoribus
2858 668 3259 722 sterneretur.
3318 660 3457 737 Quo

174 766 431 826 nomine
476 765 765 827 studiosi
813 771 974 825 certe
1024 781 1228 823 omnes
1261 762 1439 822 vobis
1482 762 1830 838 plurimum
1863 763 2104 834 debent,
2139 780 2405 840 quorum
2442 764 2776 825 commodis
2805 765 3202 845 utilitatique
3236 775 3460 825 nostra

177 884 374 943 opera
403 867 775 927 consultum
808 884 934 925 esse
967 863 1284 924 voluistis.
1322 863 1622 924 Caterum
1649 872 1881 941 praeter
1910 865 2022 925 has
2058 884 2280 927 causas
2314 880 2469 944 quas
2487 868 2622 942 jam
2650 873 3143 934 commemoravi,
3185 884 3319 945 qua
3348 878 3458 925 vos

176 961 261 1023 ad
280 980 521 1023 novam
557 964 1037 1026 Ecclesiastica
1070 962 1370 1022 Historia
1402 962 1730 1025 editionem
1762 963 2146 1040 impulerunt
2168 1010 2184 1032 ,
2214 963 2465 1024 suberat
2492 965 2672 1024 etiam
2702 964 2832 1024 alia
2859 1010 2876 1035 ,
2921 980 3310 1042 nequaquam
3334 1006 3353 1035 ,
3387 970 3460 1022 ut

179 1061 500 1134 arbitror,
533 1064 973 1140 pratereunda
1005 1087 1026 1127 :
1057 1066 1225 1144 quod
1251 1067 1492 1129 scilicet
1523 1068 1793 1128 Eusebio
1828 1068 1901 1128 de
1924 1069 2108 1129 vobis
2140 1068 2330 1148 deque
2379 1067 2708 1130 Gallicana
2742 1063 3026 1129 Ecclesia
3070 1067 3299 1145 optime‘
3344 1076 3463 1128 ine-‘-

180 1166 312 1224 rito
352 1168 638 1243 gratiam
671 1170 906 1248 referre
938 1169 1300 1233 studuistis.
1349 1170 1545 1231 Nemo
1580 1180 1742 1232 certe
1795 1181 1881 1232 est
1932 1190 2010 1233 ea:
2052 1171 2336 1251 antiquis
2372 1169 2661 1231 Ecclesia
2723 1170 3138 1249 scriptoribus
3189 1172 3302 1255 qui
3361 1179 3452 1232 tot

180 1264 480 1327 Ecclesia
513 1268 866 1331 Gallicana
910 1270 1160 1335 laudes.
1198 1281 1289 1331 tot
1324 1273 1600 1350 insignia
1647 1281 1834 1353 atque
1879 1283 2239 1333 ornamenta
2292 1270 2557 1349 scriptis
2592 1270 2722 1330 suis
2770 1273 3143 1333 intexueril.
3191 1268 3351 1332 Nam
3401 1271 3458 1330 si

184 1372 637 1450 antiquitatem
667 1385 925 1451 spectes,
960 1375 1131 1455 quod
1170 1378 1567 1456 praecipuum
1597 1386 2029 1454 argumentum
2076 1384 2161 1437 est
2196 1374 2596 1445 nobilitatis,
2626 1373 2730 1435 hic
2764 1380 2851 1432 est
2884 1374 2992 1451 qui
3037 1371 3416 1433 Crescentem
3439 1417 3458 1440 ,

182 1466 367 1531 Pauli
413 1474 717 1549 apostoli
765 1476 1183 1555 discipulum,
1222 1480 1287 1539 in
1339 1479 1585 1541 Gallias
1632 1482 1869 1541 venisse
1898 1487 2199 1553 testatur,
2248 1479 2457 1559 ibique
2516 1477 2921 1555 Evangelium
2950 1476 3345 1555 pradicasse.
3391 1473 3462 1536 Si

178 1576 551 1637 antistitum
581 1581 980 1641 sanctitatem
1011 1584 1495 1661 contemplemur
1532 1603 1604 1643 ac
1635 1584 2014 1657 doctrinam,
2054 1583 2391 1645 Pothinum
2425 1582 2608 1642 nobis
2641 1589 2826 1662 atque
2871 1582 3170 1643 Irenaum
3207 1579 3464 1658 Lugdu-

177 1696 390 1741 nenses
420 1685 769 1761 episcopos
810 1689 1075 1766 profert.
1112 1686 1393 1762 Quorum
1428 1687 1538 1747 ille
1579 1707 1718 1748 cum
1771 1688 2114 1749 Ecclesiam
2150 1706 2323 1747 suam
2371 1686 2625 1769 optimis
2656 1681 2953 1761 exemplis
2979 1698 3050 1741 ac
3081 1679 3462 1741 documentis

178 1779 545 1844 diutissime
576 1788 876 1857 rexisset,
918 1789 1161 1849 tandem
1190 1795 1615 1870 nonagenario
1649 1796 1851 1875 major
1893 1796 2084 1856 vitam
2116 1794 2367 1855 illustri
2402 1792 2710 1872 martyrio
2748 1791 3127 1853 terminavit.
3161 1786 3285 1850 Hic
3312 1796 3460 1849 vero

173 1880 328 1957 fidei
364 1883 767 1949 Christiana
798 1898 1071 1950 assertor
1103 1892 1529 1971 fortissimus,
1564 1893 1862 1955 adversus
1899 1914 2103 1955 omnes
2149 1895 2405 1955 hareses
2447 1886 2966 1954 luculentissiniis
3013 1889 3197 1951 libris
3258 1890 3468 1950 decer-

172 1981 359 2043 tavit.
395 1983 549 2043 Jam
607 1987 669 2046 si
706 1996 1055 2066 martyrum
1085 1990 1531 2071 fortitudinem
1572 2002 1626 2054 et
1672 1997 1914 2055 sincera
1962 1993 2311 2055 earumdem
2360 1992 2679 2073 passionis
2703 1988 2862 2052 Acta
2901 1991 3233 2058 desideres.
3285 1981 3469 2050 n'ulld

171 2090 335 2141 certe
379 2083 683 2147 Ecclesin
743 2089 856 2149 hac
904 2091 970 2150 in
1007 2109 1075 2151 re
1122 2093 1349 2155 Gallia
1391 2106 1620 2157 nostra
1667 2096 2061 2176 anteferendo
2108 2104 2219 2157 est.
2269 2088 2627 2174 Epistolam
2683 2093 2845 2153 enim
2903 2088 3336 2153 Viennensium
3392 2090 3470 2152 αδ

171 2181 709 2259 Lugdunensium
740 2190 949 2250 statim
993 2195 1420 2271 proferemus,
1464 2195 1633 2275 quod
1662 2198 2153 2276 pulcherrimum
2194 2205 2280 2258 est
2318 2206 2506 2274 atque
2543 2195 3031 2256 vetustissimum
3087 2197 3290 2256 totius
3334 2180 3462 2257 Eca-

172 2278 372 2342 clesia
405 2283 475 2345 in
511 2284 639 2345 hoc
676 2306 898 2366 genere
928 2307 1409 2361 monumentum.
1464 2301 1551 2359 De
1578 2302 1759 2381 cujus
1808 2301 2101 2362 laudibus
2136 2321 2274 2362 cum
2318 2294 2517 2360 multa
2554 2298 2688 2378 jam
2743 2296 2913 2359 dicta
2960 2301 3086 2358 sint
3136 2314 3173 2359 α
3210 2284 3462 2382 multis,

173 2388 347 2441 nemo
384 2393 600 2446 tamen
633 2407 759 2467 pro
793 2392 973 2454 illius
1008 2396 1321 2477 dignitate
1344 2400 1640 2462 hactenus
1671 2411 1756 2463 est
1795 2397 2069 2466 locutus.
2101 2396 2271 2463 Adeo
2305 2401 2435 2480 ejus
2464 2395 2744 2478 epistola
2798 2396 3084 2459 meritum
3114 2417 3185 2459 ac
3214 2398 3464 2478 pondus

175 2502 411 2591 omnem
469 2494 740 2560 dicendi
769 2507 892 2561 vim
923 2516 1201 2583 superat.
1234 2510 1435 2581 Atque
1496 2509 1563 2570 id
1591 2511 1957 2591 fatebuntur
1991 2511 2343 2591 quicunque
2376 2525 2505 2567 eam
2539 2505 2764 2584 sapius
2806 2498 3091 2577 ιεσενίηιο
3146 2496 3282 2575 οιιο
3316 2497 3464 2577 Pb“

180 2590 335 2649 enim
386 2592 665 2671 legitur,
711 2619 777 2660 eo
809 2622 1045 2682 semper
1074 2606 1321 2669 videtur
1354 2629 1478 2669 esse
1505 2612 1936 2687 praestantior.
1970 2590 2109 2671 Hoc
2141 2626 2285 2669 vero
2337 2617 2462 2667 tam
2493 2605 2734 2682 insigne
2765 2600 3055 2662 Ecclesia
3088 2610 3304 2663 vestra
3338 2613 3465 2661 mo-‘

175 2697 542 2753 numentum
575 2698 700 2758 uni
731 2700 999 2764 Eusebio
1038 2714 1354 2786 acceptum
1396 2710 1562 2787 ferre
1592 2710 1893 2773 debemus.
1930 2704 2056 2786 Qui
2098 2710 2227 2771 nisi
2287 2706 2722 2769 Historiarum
2772 2720 3031 2762 suarum
3078 2688 3261 2763 libris
3298 2702 3465 2762 illud

178 2794 582 2874 intexuisset,
623 2813 801 2866 tanta
832 2810 1237 2891 antiquitatis
1282 2816 1711 2881 ecclesiastica
1745 2822 2037 2879 thesauro
2070 2836 2234 2879 nunc
2265 2801 2537 2901 fortasse
2566 2829 2934 2876 careremus.
2981 2806 3168 2884 Quod
3214 2806 3272 2868 si
3317 2802 3462 2886 ﬁdei

178 2899 514 2967 sinceritas
546 2928 623 2968 ac
656 2910 1034 2989 simplicitas
1061 2928 1406 2997 quaratur,
1445 2920 1665 2982 Gallos
1692 2930 1947 2983 nostros
1977 2899 2287 2984 Eusebius
2321 2925 2386 2983 in
2432 2921 2531 2982 his
2566 2917 2747 2979 libris
2778 2911 2920 2975 hinc
2951 2911 3267 2990 pracipue
3295 2930 3463 2970 eom-

181 3006 421 3065 tnendat
449 3028 473 3067 :
506 3009 664 3069 dum
696 3014 789 3072 ait
824 3018 1310 3092 persecutionem
1343 3020 1722 3082 Diocletiani
1754 3023 1817 3080 in
1850 3020 2209 3083 Occidentis
2251 3021 2546 3101 partibus
2576 3036 2648 3078 ac
2699 3013 3048 3094 prasertim
3102 3012 3168 3072 in
3201 3009 3413 3070 Gallia
3442 3076 3461 3103 ν

181 3102 306 3161 cito
338 3125 462 3167 esse
492 3129 957 3192 compressam,
999 3121 1121 3179 Deo
1170 3121 1306 3182 illis
1356 3133 1619 3204 propter
1668 3124 1815 3205 ﬁdei
1849 3126 2272 3191 sinceritatem
2318 3125 2647 3201 benignius
2683 3112 3065 3194 indulgente.
3106 3114 3249 3173 Jdm
3284 3116 3456 3205 verti;

184 3209 312 3304 ‘qua-
338 3206 648 3272 Ecclesia
678 3212 1017 3280 Gallicana
1048 3239 1175 3281 non
1203 3231 1520 3300 postrema
1552 3224 1690 3285 laus
1721 3234 1849 3299 est,
1881 3232 2249 3304 perpetuam
2282 3223 2608 3303 illiusjam
2643 3218 2784 3280 inde
2819 3238 2855 3277 a
2891 3217 3120 3294 primis
3155 3217 3456 3296 tempori-

185 3298 293 3361 bus
317 3320 455 3363 cum
491 3306 642 3367 sede
670 3310 953 3372 Romana
984 3320 1462 3394 consensionem,
1499 3323 1564 3381 in
1601 3322 1698 3383 his
1726 3321 1990 3382 Eusebii
2022 3319 2204 3380 libris
2247 3337 2370 3379 non
2404 3315 2584 3377 semel
2617 3304 2759 3382 licet
2796 3322 3263 3402 deprehendere.
3316 3324 3463 3385 Pri-

186 3427 339 3467 mum
372 3413 637 3491 quidem
692 3416 761 3477 in
809 3421 1075 3496 epistola
1107 3436 1451 3503 martyrum
1486 3425 2019 3506 Lugdunensium,
2085 3444 2269 3506 quam
2326 3418 2452 3497 illi,
2484 3422 2687 3485 adhuc
2729 3428 2795 3484 in
2843 3443 3084 3485 carcere
3121 3426 3345 3503 positi,
3378 3420 3462 3486 ad

188 3511 590 3578 Eleutherum
624 3522 1043 3602 scripserunt,
1075 3537 1223 3590 tunc
1260 3531 1542 3593 Romana
1572 3531 1748 3592 urbis
1781 3533 2180 3610 episcopum,-
2211 3547 2356 3589 nam
2395 3546 2534 3589 cum
2565 3526 2791 3589 Asiani
2830 3521 3061 3589 litteris
3092 3530 3176 3588 ad
3208 3528 3462 3608 Lug’du-

188 3616 379 3674 nensis
408 3617 725 3680 Ecclesia
749 3621 981 3699 fratres
1011 3625 1178 3684 datis
1207 3645 1307 3686 eos
1338 3626 1823 3700 consuluissent,
1852 3625 2004 3706 quid
2031 3623 2421 3685 sentiendum
2448 3629 2599 3683 esset
2638 3617 2710 3683 de
2737 3642 2897 3684 nova
2927 3626 3292 3704 prophetia,
3325 3626 3460 3706 qua‘

186 3725 328 3777 tunc
354 3722 542 3799 apud
575 3721 920 3802 Phrygiam
957 3745 1163 3788 recens
1196 3739 1420 3789 exorta
1451 3730 1860 3808 gravissimos
1896 3727 2206 3789 tumultus
2239 3746 2354 3806 per
2384 3736 2577 3787 totam
2607 3724 2820 3788 Asiam
2868 3730 3217 3804 excitarat,
3254 3719 3460 3790 Gallié

184 3820 322 3879 cani
348 3834 675 3901 martyres
706 3843 832 3884 rem
861 3825 945 3885 ad
990 3824 1394 3886 Eleutherum
1444 3826 1844 3900 detulerunt,
1880 3836 1951 3887 ut
2001 3828 2133 3906 ejus
2166 3830 2541 3897 interventu,
2575 3825 2756 3905 cujus
2808 3828 2875 3891 in
2911 3826 3190 3891 Ecclesia
3223 3831 3457 3891 summa

182 3931 305 3982 erat
341 3929 750 4003 auctoritas,
797 3947 932 4007 pas:
960 3930 1215 3990 Asianis
1245 3932 1703 3996 restitueretur.
1742 3929 2023 3994 Alterum
2064 3930 2253 4011 hujus
2303 3928 2654 3993 concordia
2702 3929 3047 4009 exemplum
3090 3927 3456 4008 suppeditat

181 4025 453 4101 synodus
490 4028 865 4104 Gallicana,
905 4032 971 4093 in
1016 4051 1137 4113 qua
1167 4030 1444 4097 Irénaus
1493 4053 1619 4094 una
1663 4054 1799 4095 cum
1832 4034 2131 4115 pluribus
2163 4026 2518 4095 Galliarum
2550 4031 2898 4112 episcopis,
2952 4032 3227 4095 Victoris
3276 4051 3457 4111 papa

180 4134 501 4195 sententia
546 4132 620 4193 de
654 4134 1067 4199 celebratione
1088 4140 1233 4218 festi
1270 4138 1611 4209 Paschalis,
1646 4126 1720 4200 ab
1751 4140 2022 4201 Eusebio
2062 4139 2306 4199 dicitur
2335 4137 2802 4216 subscripsisse.
2840 4133 3005 4194 Idem
3048 4150 3292 4214 quoque.
3325 4133 3459 4192 lre-‘

178 4249 340 4295 na'us
375 4237 695 4298 adversus
753 4238 1077 4301 Florinum
1125 4243 1236 4322 qui
1286 4230 1627 4304 Ecclesium
1683 4244 2016 4304 Romanam
2068 4242 2432 4320 pernicioso
2472 4240 2799 4301 schismate
2846 4235 3167 4305 turbabat,
3199 4234 3456 4313 fortiter

179 4335 571 4403 insurrea‘it.
603 4340 1028 4404 Pratermitto
1062 4332 1397 4413 Reticium,
1434 4332 1787 4403 Maternum
1818 4362 1889 4403 ac
1924 4342 2273 4414 Marinum,
2308 4331 2535 4402 Gallia
2570 4340 2920 4420 episcopos,
2964 4338 3077 4414 qui
3126 4340 3261 4396 eum
3301 4333 3456 4394 Milo

177 4436 341 4498 liade
363 4459 558 4520 papa
594 4444 661 4502 in
692 4442 932 4521 synodo
972 4436 1255 4502 Romana
1287 4440 1623 4502 residentes
1644 4487 1660 4514 ,
1690 4461 1876 4502 unam
1925 4460 2063 4502 cum
2116 4440 2232 4500 illo
2280 4439 2579 4502 adversus
2629 4432 2943 4501 Donatum
2975 4437 3172 4496 tulere
3205 4439 3411 4497 senten
3434 4468 3455 4479 ο

177 4535 345 4600 tiam.
381 4538 555 4600 Cum
588 4540 794 4620 igitur
839 4552 931 4604 tot
964 4553 1272 4624 tantaque
1324 4544 1669 4608 Gallicana
1704 4546 1994 4607 Ecclesia
2039 4546 2257 4606 laudes
2300 4541 2375 4607 ab
2424 4545 2695 4607 Eusebio
2746 4550 3231 4605 commemorata
3282 4539 3453 4611 sint,

174 4643 400 4702 nemini
430 4643 675 4702 mirum
710 4644 916 4706 videri
947 4636 1143 4720 debet,
1175 4649 1232 4709 si
1260 4667 1380 4729 pro
1412 4650 1610 4710 tantis
1638 4654 2097 4731 antecessorpm
2134 4656 2485 4711 vestrorum
2509 4652 2849 4730 praconiis
2891 4651 3046 4711 hanc
3084 4649 3140 4710 ei
3184 4647 3454 4727 gratiam

176 4746 401 4820 referre
422 4745 806 4823 studuistis,
831 4758 900 4811 ut
945 4746 1393 4815 Ecclesiastica
1427 4742 1560 4835 ejus
1591 4748 1875 4815 Historia
1911 4772 2093 4834 quam
2121 4753 2263 4832 fieri
2288 4768 2492 4832 posset
2529 4755 3024 4817 emendatissima
3053 4748 3236 4834 atque
3266 4756 3455 4813 o'rna-i

179 4841 440 4919 tissima,
480 4848 719 4906 restris
748 4842 1057 4928 auspiciis
1088 4853 1375 4914 ederetur
1405 4853 1471 4913 in
1502 4852 1723 4915 lucem.
1758 4852 1957 4928 Quam
2006 4853 2069 4911 in
2103 4871 2229 4915 rem
2266 4870 2405 4915 cum
2443 4871 2534 4913 me
2562 4871 2753 4913 unum
2782 4874 2861 4915 ea:
2894 4853 3178 4916 amnibus
3208 4851 3452 4929 delege-

181 4944 342 5017 ’διίεν
378 4946 672 5027 εςιιίάειη
702 4946 1051 5030 plurimum
1096 4957 1274 5019 vobis
1326 4976 1392 5017 eo
1439 4946 1691 5018 nomine
1734 4976 1825 5017 me
1870 4955 2084 5017 debere
2114 4957 2461 5035 proﬁteor,
2518 4958 2628 5037 qui
2678 4942 2750 5015 de
2794 4974 2884 5015 me
2936 4958 3062 5015 tam
3113 4951 3455 5031 honorifice.

185 5044 526 5109 ‘enseritis.
565 5049 865 5130 Intelligo
899 5062 1100 5117 tamen
1131 5065 1433 5136 quantum
1471 5052 1627 5117 mihi
1654 5074 1690 5114 a
1718 5055 1896 5117 vobis
1951 5073 2112 5115 onus
2147 5056 2229 5117 sit
2264 5056 2628 5134 impositum
2671 5077 2691 5117 :
2742 5063 2811 5116 ut
2843 5057 2988 5135 post
3037 5064 3163 5115 tres
3197 5053 3452 5114 Latinos

185 5145 553 5227 interpretes
582 5166 854 5234 quartus
900 5150 1033 5238 ipse
1058 5160 1435 5240 procedam,
1491 5160 1547 5221 et
1591 5159 1854 5221 eamdem
1901 5179 2040 5221 cum
2097 5159 2233 5222 illis
2268 5161 2766 5223 existimationis
2795 5159 2988 5220 aleam
3010 5157 3279 5219 subeam.
3327 5151 3454 5218 Sed

183 5251 468 5320 quoniam
501 5254 657 5315 huic
701 5256 1011 5321 desiderio
1061 5270 1264 5322 vestro
1311 5279 1383 5322 ac
1432 5263 1726 5322 mandato
1762 5262 2078 5341 refragari
2126 5264 2299 5342 nefas
2348 5262 2501 5322 mihi
2545 5263 2718 5342 fuit,
2770 5261 2937 5323 hunc
2993 5258 3267 5319 laborem
3316 5248 3429 5317 tur

183 5362 396 5426 vestra,
457 5369 594 5419 tum
634 5362 897 5424 Eusebii
946 5384 1134 5425 causa
1172 5365 1574 5426 libentissime
1622 5365 1912 5444 suscepi,
1946 5383 2297 5445 omnemque
2342 5365 2408 5425 in
2450 5362 2825 5425 emendando
2872 5372 2927 5424 et
2979 5363 3448 5441 interpretanda

183 5451 521 5518 molestiam
554 5460 867 5521 diuturna
921 5452 1228 5541 patientia
1279 5462 1577 5526 concoxi.
1637 5454 1774 5525 Alii
1815 5462 2062 5544 quidem
2104 5473 2159 5523 et
2213 5454 2464 5542 ingenio
2517 5470 2571 5523 et
2622 5464 2915 5525 doctrina
2961 5460 3448 5532 instructiores;

181 5549 363 5627 plura
401 5570 456 5621 et
490 5561 756 5623 meliora
782 5552 1201 5643 praestabunt.
1236 5567 1370 5644 Ego
1408 5562 1475 5627 id
1501 5566 1801 5646 perﬁcere
1830 5571 2094 5626 conatus
2123 5574 2281 5640 sum,
2313 5584 2389 5626 ne
2417 5567 2560 5647 quis
2598 5567 2663 5627 in
2690 5565 2808 5627 hoc
2838 5574 3025 5645 apere
3053 5563 3451 5643 diligentiam

180 5672 362 5720 "leam
383 5662 534 5742 jure
562 5668 788 5729 merito
824 5666 1228 5730 desideraret.
1271 5669 1459 5745 Quod
1489 5668 1733 5750 quidem
1765 5677 1977 5729 utrum
2013 5676 2382 5729 consecutus
2424 5670 2538 5729 sim
2566 5713 2582 5740 ,
2640 5680 2749 5727 vos
2778 5710 2796 5737 ,
2849 5664 3275 5727 illustrissimi
3328 5664 3452 5725 An-

182 5754 428 5839 tistites,
458 5778 581 5843 pro
615 5776 827 5829 vestra
866 5768 1158 5849 aquitale
1200 5769 1604 5847 judicab’ilis.
1644 5767 1945 5832 Caterum
1978 5768 2037 5829 st
2071 5768 2233 5829 hunc
2260 5789 2297 5831 a
2333 5789 2420 5831 me
2450 5772 2803 5847 susceptum
2857 5777 3041 5849 atque
3073 5768 3445 5828 exhaustum
