3972 6480
455 387 525 446 ’13
1723 379 1991 437 γΑιιεειι
2029 377 2430 434 ΡίἴιΕΡΛτξΟ.
2702 376 2711 383 ’
3643 371 3713 428 16

453 500 723 563 laborem
769 502 948 563 vobis
999 498 1310 580 placuisse
1356 496 1764 567 ἕηιειιραντνο,
1812 495 2206 576 promptiore
2254 494 2539 572 deinceps
2592 499 2648 553 et
2706 491 3020 552 alacriore
3070 509 3277 551 animo
3322 490 3716 569 reliquorum

453 605 880 667 ecclesiastica
907 605 1190 666 historia
1220 605 1607 682 scriptorum
1637 601 1970 662 editionem
1999 599 2359 677 aggrediar,
2392 596 2689 676 vobisque
2714 595 3070 675 faventibus
3104 592 3261 653 idem
3290 593 3355 654 in
3384 593 3516 653 illis
3541 590 3717 672 quod

454 710 519 770 in
547 707 815 772 Eusebio
848 719 1151 789 praslare
1180 707 1480 771 conabor.

1981 879 1986 885 ξ
2032 805 2417 863 lllustrissimm
2457 820 2520 859 ac
2555 803 3046 859 Reverendisslma:
3076 803 3140 857 D.
3182 802 3244 858 ν.
3281 795 3715 863 addictissimus,

2485 920 2757 975 Heantcus
2790 918 3076 973 VALcsms.

3420 1087 3685 1107 ﬂ

459 1092 3387 1125 Μ-

594 1270 691 1328 AD
732 1268 1030 1328 EOSDEM
1074 1262 1702 1325 ILLUSTRISSIMOS
1742 1258 2214 1324 ANTISTITES,
2261 1258 2358 1314 DE
2398 1257 2601 1314 NOVA
2645 1254 3106 1314 EUSEBIAN/E
3151 1253 3536 1312 1118Τοιίιῶ

1668 1375 2044 1433 amnem
2078 1342 2506 1431 Parrum.
2996 1338 3001 1345 ’

542 1691 803 1753 Peracto
846 1681 1155 1748 solemnis
1205 1678 1711 1757 nuncupatiouis
1762 1675 2011 1751 ofﬁcio,
2059 1674 2192 1755 jam
2242 1682 2497 1752 tempus
2551 1682 2691 1744 est,
2748 1670 3175 1736 illustrissimi
3224 1670 3606 1742 Antistites,
3647 1671 3720 1730 ut

462 1790 677 1871 aperis
737 1786 861 1849 mei
919 1784 1297 1862 singillatim
1365 1782 1552 1844 vobis
1609 1784 1924 1843 rationem
1990 1781 2278 1843 reddam.
2332 1779 2492 1840 Cum
2559 1779 2731 1840 enim
2786 1785 2994 1840 vestra
3059 1774 3467 1852 potissimum
3522 1785 3719 1833 causa

464 1902 809 1968 vestroque
857 1886 1045 1965 iussu
1108 1884 1211 1947 hic
1266 1902 1298 1947 δ
1355 1900 1456 1945 me
1511 1894 1855 1962 susceptus
1899 1882 1981 1943 sit
2038 1880 2258 1955 labor,
2315 1894 2431 1942 vos
2491 1897 2620 1950 pra:
2671 1877 2917 1940 eteleris
2964 1874 3269 1938 omnibus
3319 1872 3536 1951 operis
3593 1866 3718 1931 mei

461 1993 730 2053 lectores
767 2007 839 2051 ac
866 1986 1121 2066 judices
1153 1991 1215 2045 et
1261 1992 1412 2061 epto
1452 1983 1643 2043 simul
1697 1991 1758 2046 et
1806 1999 2020 2060 spero.
2057 1980 2200 2044 Tria
2242 1989 2389 2042 sunt
2420 1981 2616 2058 igitur
2649 1996 2792 2059 qum
2843 1979 2903 2038 itt
2943 1976 3060 2040 hac
3093 1974 3385 2038 editione
3421 1977 3722 2050 prtestare

462 2089 711 2153 studui.
764 2089 1042 2150 Primum
1094 2092 1191 2145 est
1236 2083 1436 2145 Catani
1494 2091 1708 2145 textus
1763 2082 2165 2154 emendatio;
2207 2082 2565 2144 secundum
2626 2079 2847 2141 Latina
2903 2077 3190 2156 ejusdem
3245 2070 3722 2151 interpretatio,

468 2193 725 2254 tertium
781 2195 875 2252 est
929 2185 1247 2265 expositio
1281 2186 1732 2248 obscuriorum
1775 2184 2087 2247 locorum.
2125 2184 2199 2243 Et
2253 2184 2543 2246 Latinam
2595 2181 2862 2260 quidem
2911 2176 3507 2256 interpretationem
3547 2172 3723 2252 quod

466 2292 713 2364 attinet,
758 2297 897 2369 post
939 2297 1063 2349 tres
1100 2284 1480 2347 Eusebianm
1516 2284 1824 2346 Historia
1862 2284 2273 2363 interpretes,
2310 2282 2451 2362 ipse
2482 2290 2771 2363 quartam
2807 2278 3156 2341 elaboravi.
3192 2275 3721 2338 Einendationem

471 2410 619 2457 vero
669 2401 865 2472 atque
914 2386 1389 2465 expasitionem
1451 2383 1804 2446 Eusebiani
1857 2382 2119 2461 operis,
2166 2398 2355 2443 nemo
2415 2389 2562 2442 ante
2624 2397 2742 2440 nos
2803 2383 3185 2440 tentaverat.
3238 2377 3476 2435 Verum
3533 2378 3598 2434 ut
3642 2371 3724 2435 de

468 2495 746 2576 singulis
815 2509 935 2555 suo
988 2490 1128 2552 loco
1178 2498 1368 2567 atque
1419 2489 1645 2549 ordine
1691 2486 2063 2549 distinctius
2111 2485 2351 2559 dicam,
2384 2483 2597 2547 ordiar
2628 2482 2902 2563 primum
2940 2481 3018 2544 ab
3056 2477 3531 2540 emendatione.
3566 2476 3725 2549 Qui-

464 2614 724 2679 cunque
756 2610 984 2657 novam
1022 2600 1310 2652 veterum
1347 2590 1732 2668 scriptorum
1775 2587 2125 2650 editionem
2160 2584 2660 2664 aggrediuntur,
2714 2583 2756 2644 ii
2803 2598 3068 2644 necesse
3102 2580 3338 2642 habent
3378 2577 3455 2640 ab
3490 2594 3721 2638 emen-

465 2702 730 2765 datione
776 2695 1037 2758 initium
1088 2692 1327 2753 laboris
1374 2693 1474 2755 sui
1522 2692 1781 2754 ducere.
1823 2691 1925 2751 Sic
1970 2689 2293 2765 Origenes
2338 2705 2482 2749 cum
2543 2702 2770 2748 novam
2816 2681 3235 2763 Septuaginta
3291 2682 3722 2759 Interpretum

467 2802 821 2865 editionem
858 2792 1287 2877 suscepisset,
1338 2793 1672 2871 multaque
1708 2790 1771 2850 in
1814 2790 1894 2851 iis
1930 2788 2122 2850 dubia
2157 2806 2229 2849 ac
2261 2786 2670 2848 dissonantia
2722 2786 2805 2846 oh
2841 2783 3216 2845 varietatem
3263 2778 3725 2860 exemplarium

468 2906 853 2987 reperisset,
892 2900 956 2961 iu
996 2915 1219 2959 eorum
1279 2892 1735 2954 emendatione
1781 2891 2063 2967 primum
2106 2887 2454 2962 laboravit;
2513 2896 2576 2950 et
2625 2885 2874 2949 collatis
2923 2884 3331 2964 Septuaginta
3379 2882 3723 2943 Seniorum

469 2982 951 3089 exemplaribus
1001 2998 1227 3079 partim
1267 3013 1412 3055 eum
1466 2992 1790 3055 Hebraico
1835 2998 2008 3053 textu
2039 3037 2057 3062 ,
2101 2991 2330 3070 partim
2377 3007 2521 3051 cum
2563 2988 2766 3050 tribus
2803 2986 2947 3049 aliis
2996 2984 3435 3055 editionibus,
3475 2982 3728 3062 Aquilm

470 3084 754 3180 scilicet,
806 3097 1277 3166 'l‘heodotionis
1329 3107 1390 3156 et
1448 3093 1857 3186 Symmachi,
1912 3109 2169 3153 errores
2223 3090 2337 3170 qui
2396 3091 2462 3151 in
2526 3090 2933 3167 Septuaginta
2983 3087 3320 3148 Seniorum
3372 3084 3725 3146 editionem

468 3211 892 3289 irrepserant,
943 3214 1174 3264 omnes
1227 3194 1515 3258 sustulit.
1571 3192 1747 3256 Idem
1812 3193 1984 3255 enim
2036 3192 2173 3269 ipse
2221 3190 2437 3253 innuit
2502 3191 2566 3252 in
2617 3198 2879 3253 tractatu
2937 3208 3044 3250 vni
3114 3188 3180 3249 in
3221 3186 3579 3249 Mattha’um
3627 3188 3729 3250 his

476 3287 752 3376 verbis:
811 3328 839 3360 α
882 3304 951 3365 ιη
1004 3298 1485 3375 exemplaribus
1546 3294 1812 3375 quidem
1863 3292 2121 3354 Veteris
2176 3290 2572 3351 Testamenti
2629 3306 3035 3370 quaecunque
3096 3288 3359 3349 fuerunt
3418 3287 3728 3350 inconso-

470 3414 724 3483 uantia,
770 3411 903 3470 Deo
937 3407 1304 3485 prmstaute,
1339 3406 1633 3476 roaptare
1658 3394 2025 3472 potuimus.
2064 3393 2591 3471 utentesjudieio
2623 3400 2991 3454 cmlerarum
3026 3389 3408 3451 editionum.
3433 3388 3522 3448 Ea
3552 3390 3729 3448 enim

471 3535 619 3601 qua;
672 3513 1055 3577 videbantur
1107 3503 1274 3581 apud
1336 3500 1754 3579 Septuaginta
1808 3497 2003 3559 dubia
2067 3515 2211 3558 esse
2270 3502 2531 3574 pr0pter
2587 3495 3080 3558 consonantiam
3134 3490 3674 3567 exemplariorum
3710 3534 3729 3564 ,

471 3587 780 3683 iacientes
829 3607 1150 3691 judicium
1185 3620 1263 3666 ex
1296 3600 1697 3664 editionibus
1730 3597 2007 3677 reliquis
2034 3638 2053 3669 ,
2101 3595 2561 3657 convenientia
2613 3594 3036 3657 servavimus.
3074 3613 3103 3648 ιι
3160 3587 3464 3666 Origenis
3513 3607 3736 3652 exem-

478 3725 652 3800 plum
707 3723 969 3778 secutus
1024 3714 1241 3788 postea
1296 3706 1367 3769 B.
1417 3704 1896 3782 Hieronymus,
1953 3717 2183 3760 novam
2241 3699 2594 3761 editionem
2651 3698 3061 3777 Septuaginta
3105 3696 3539 3774 Interpretum
3586 3711 3619 3753 a
3664 3710 3735 3753 se

476 3796 913 3896 emendatam,
953 3822 1018 3876 et
1051 3808 1381 3874 asteriscis
1413 3808 1750 3886 obelisque
1779 3806 2151 3866 distinctam
2194 3821 2329 3865 sum
2376 3804 2612 3881 linguae
2652 3800 3029 3865 hominibus
3068 3799 3286 3871 dedit,
3312 3796 3505 3889 .sicut
3540 3797 3735 3856 variis

477 3928 542 3989 in
580 3928 736 3989 locis
771 3893 910 4001 ipse
943 3922 1237 3982 testatur.
1270 3912 1483 3988 Atque
1532 3915 1599 3966 ut
1638 3904 1719 3965 de
1768 3903 2057 3983 profanis
2098 3901 2526 3979 scriptoribus
2568 3901 2757 3962 etiam
2802 3900 3069 3977 loquar,
3117 3894 3333 3954 Crates
3368 3898 3427 3953 et
3459 3893 3738 3953 Aristar-

478 4031 680 4101 chus,
731 3989 1175 4103 grammatici,
1226 4010 1339 4091 qui
1391 4004 1911 4069 accuratissimas
1955 4000 2285 4063 Homerici
2343 3999 2649 4061 carminis
2702 3997 3027 4060 editiones
3072 3993 3518 4062 elaborarunt,
3575 3989 3734 4051 nihil

478 4091 837 4197 aliud'l‘e're
883 4141 1078 4206 quam
1123 4113 1644 4183 emendationem
1693 4108 2312 4185 distinctionemque
2363 4104 2538 4165 illius
2592 4100 2807 4180 eperis
2854 4094 3315 4178 praestiterunt.
3361 4092 3502 4153 Pari
3540 4091 3741 4167 igitur

481 4236 671 4300 modo
703 4248 848 4296 eum
894 4198 1274 4289 Susebianaa
1315 4215 1621 4280 Historia:
1656 4228 1889 4276 novam
1928 4210 2284 4273 editionem
2316 4208 2596 4271 condere
2634 4205 3067 4267 instituissem
3092 4246 3110 4274 ,
3145 4199 3211 4259 in
3252 4198 3392 4277 ejus
3428 4200 3741 4259 emenda-

485 4339 664 4400 tione
715 4347 972 4395 omnem
1036 4320 1420 4384 industriam
1486 4334 1559 4377 ac
1618 4312 2018 4392 diligentiam
2075 4311 2375 4374 adhibui.
2427 4311 2761 4372 Editioues
2814 4307 3194 4370 Eusebianm
3247 4304 3545 4366 Historiae
3595 4302 3742 4362 dum

483 4449 731 4505 tantum
776 4436 1091 4497 hactenus
1125 4426 1341 4487 Graece
1376 4417 1754 4498 prodierunt
1788 4439 1803 4478 :
1840 4415 2037 4479 altera
2078 4412 2495 4486 Parisiensis,
2538 4426 2728 4490 quam
2766 4409 3085 4471 Robertus
3124 4406 3484 4483 Stephanus
3532 4418 3737 4464 excu-

479 4548 614 4621 dit;
648 4545 743 4606 vir
773 4542 852 4605 de
887 4534 1118 4600 litteris
1152 4546 1229 4590 eo
1260 4525 1531 4589 nomine
1564 4524 1809 4603 Optime
1842 4524 2113 4586 meritus
2136 4565 2153 4593 ,
2190 4521 2364 4599 quod
2406 4535 2638 4596 corpus
2674 4514 2963 4577 historiae
2993 4507 3443 4575 ecclesiastica;
3476 4504 3738 4581 elegan-

485 4612 757 4712 tissimis
790 4643 958 4724 typis
995 4637 1241 4720 primus
1277 4629 1625 4711 publicavit
1654 4629 1894 4706 ;,altera
1926 4635 2023 4690 est
2059 4624 2465 4689 Genevensis
2499 4622 2726 4684 editio.
2756 4622 2997 4682 Verum
3034 4617 3169 4678 haec
3198 4614 3263 4674 in
3296 4612 3522 4673 Greece
3556 4614 3739 4670 textu

480 4720 834 4815 editionem
862 4720 1046 4809 illam
1093 4736 1354 4802 Roberti
1391 4734 1695 4814 Stephani
1731 4733 1980 4812 ubique
2021 4730 2383 4808 expressit,
2423 4727 2547 4790 nisi
2588 4726 2764 4806 quod
2804 4726 3010 4788 varias
3059 4720 3377 4783 lectiones
3415 4724 3477 4778 et
3512 4732 3739 4775 emen-

482 4850 777 4914 dationes
802 4846 878 4908 ad
920 4845 1084 4905 latus
1125 4834 1317 4902 habet
1350 4839 1673 4918 appositas
1703 4855 1782 4900 ex
1815 4835 2148 4899 codicibus
2177 4833 2513 4897 doctorum
2546 4831 2872 4904 virorum;
2928 4834 2990 4890 et
3021 4825 3284 4886 lacunas
3321 4820 3572 4895 aliquot
3600 4831 3746 4894 qua)

481 4954 551 5016 in
609 4949 791 5013 libris
841 4946 928 5006 De
962 4942 1095 5003 vita
1141 4939 1548 5002 Constantini
1593 4945 1986 5009 occurrunt,
2021 4952 2096 4998 ex
2146 4933 2377 4996 iisdem
2425 4929 2758 4994 codicibus
2807 4925 3154 5007 supplevit.
3193 4921 3469 4984 Proinde
3515 4919 3579 4978 in
3618 4935 3745 4979 una

484 5060 797 5123 duntaxat
836 5049 1098 5113 Roberti
1150 5040 1454 5121 Stephani
1498 5038 1793 5102 editione
1847 5036 2006 5100 mihi
2061 5033 2483 5098 laberandum
2533 5029 2677 5091 fuit.
2710 5029 2916 5103 Quam
2966 5025 3229 5107 quidem
3277 5039 3422 5085 cum
3463 5027 3747 5098 quatuor

486 5156 943 5235 manuscriptis
999 5151 1259 5231 Optimae
1326 5153 1492 5207 notae
1550 5141 1886 5205 codicibus
1943 5147 2187 5222 quanta
2249 5135 2429 5218 potui
2489 5134 2828 5213 diligentia
2890 5131 3184 5193 collatam
3219 5170 3265 5204 ,.
3306 5126 3526 5189 multis
3587 5122 3748 5186 locis

489 5265 770 5331 restitui.

849 5370 1130 5446 quatuor
1160 5358 1455 5423 codicum
1494 5357 1661 5419 duos
1701 5354 1891 5416 nobis
1933 5346 2455 5413 subministravit
2503 5339 2887 5406 bibliotheca
2916 5334 3141 5414 Regia.
3193 5333 3374 5396 Prior
3415 5324 3747 5390 Francisci

492 5466 681 5548 primi
716 5434 971 5545 praefert
1013 5459 1335 5537 insignia;
1383 5462 1533 5517 ante
1569 5451 2087 5533 quadringentos
2133 5448 2277 5527 plus
2309 5446 2527 5507 minus
2560 5457 2766 5504 annos
2809 5441 3089 5521 scriptus
3122 5440 3186 5502 in
3225 5438 3440 5502 charta
3475 5434 3750 5514 bomby-

489 5572 634 5633 cina
688 5575 748 5632 et
795 5564 1160 5644 singulares
1211 5563 1538 5627 interdum
1589 5557 1869 5639 exhibet,
1909 5557 2262 5629 lectiones,
2323 5552 2735 5627 multumque
2772 5567 2808 5613 a
2841 5546 3112 5626 reliquis
3148 5539 3748 5606 eodicibusdiscre-

489 5683 742 5757 parites.
792 5637 936 5734 Hic'
955 5676 1050 5733 est
1080 5687 1283 5749 quem
1340 5670 1406 5730 in
1440 5663 1970 5728 adnotationibus
2000 5661 2274 5738 Regium
2313 5643 2600 5720 codicem
2636 5652 2991 5715 nominavi.
3034 5646 3209 5705 Alter
3256 5649 3355 5703 est
3405 5657 3485 5703 ex
3519 5637 3754 5700 bibiio—

493 5743 676 5840 theca
711 5772 1035 5842 Medicam,
1062 5743 1206 5851 qua:
1240 5784 1410 5832 nunc
1444 5768 1512 5828 in
1537 5765 1799 5847 Regiam
1841 5761 2165 5836 translata,
2203 5774 2331 5820 uno
2360 5753 2718 5830 eodemque
2754 5750 2968 5827 Regia:
3001 5746 3404 5812 bibliotheca)
3439 5743 3751 5808 vocabulo
