3972 6482
313 381 362 433 17
1052 381 1059 386 ’
1518 365 1786 424 νΑιεειι
1824 363 2222 422 ΡΒΕΡΑἹΊΟ.
3437 355 3500 409 l3

305 500 574 558 censetur.
621 487 736 548 Hic
783 487 856 550 ad
897 487 1382 551 distinctionem
1429 487 1672 566 prieris
1705 485 1883 546 illius
1912 484 2196 557 codicis,
2233 482 2578 544 Medii-mus
2624 479 2823 541 codex
2862 480 2926 540 in
2969 476 3496 540 adnotationibus

303 597 494 662 nostris
521 593 889 671 appellatur.
926 593 1048 666 Qui
1088 595 1233 656 licet
1271 593 1462 671 paulo
1498 591 1824 654 recentior
1855 591 1961 662 sit,
2003 607 2079 650 ex
2115 592 2360 664 Optimo
2399 593 2607 647 tamen
2646 582 2993 654 exemplari
3026 590 3084 643 et
3118 581 3196 643 ab
3239 581 3489 643 erudita

302 719 456 764 manu
491 699 843 777 descriptus
894 702 1013 758 est.
1065 691 1336 754 Duobus
1384 690 1487 752 his
1532 688 2022 766 exemplaribus
2061 704 2221 746 usus
2262 694 2395 748 erat
2427 684 2748 746 Robertus
2797 681 3160 758 Stephanus
3196 679 3257 740 in
3298 682 3495 740 Euse-

295 797 465 862 biante
501 795 794 857 Historiae
840 792 1147 856 editione.
1212 790 1282 848 Et
1337 789 1398 849 in
1453 788 1598 867 ipso
1647 786 1912 864 quidem
1967 791 2142 846 textu
2199 783 2616 854 excudendo,
2667 785 2937 864 Regium
2986 789 3312 866 exemplar
3361 787 3493 847 fere

293 899 493 975 ubique
525 901 778 957 secutus
812 900 945 962 est,
979 909 1255 968 raroque
1281 889 1624 950 admodum
1665 888 1741 948 ab
1777 889 1918 965 ejus
1952 885 2224 946 discedit
2268 885 2555 962 vestigiis
2582 931 2598 959 ,
2639 887 2806 950 sicut
2837 890 2899 950 in
2939 891 3097 952 meis
3129 891 3492 952 adnotatio-

291 1003 449 1064 nibus
478 997 834 1061 observavi.
887 997 956 1056 ln
997 997 1275 1075 capitum
1313 999 1526 1053 autem
1575 990 2046 1060 distinctione,
2100 987 2482 1048 Medianum
2534 987 2824 1052 codicem
2865 993 3216 1068 expressit,
3255 992 3323 1055 in
3361 1011 3492 1072 quo

289 1107 419 1168 tituli
464 1104 732 1182 singulis
788 1099 1148 1178 capitibus,
1203 1100 1262 1154 et
1303 1090 1567 1171 quidem
1625 1089 1914 1150 miniatis
1965 1088 2201 1149 litteris
2259 1086 2696 1166 prteﬁguntur.
2749 1091 3007 1152 Tertius
3067 1091 3168 1154 his
3221 1095 3492 1155 accessit

281 1209 444 1271 codex
481 1199 977 1267 eminentissimi
1011 1194 1358 1259 cardinatis
1389 1191 1543 1252 Julii
1575 1189 1906 1251 Mazarini.
1936 1190 2028 1250 De
2060 1187 2244 1264 cujus
2277 1185 2668 1264 exemplaris
2701 1189 2983 1250 bonitate
3021 1208 3092 1253 ac
3131 1194 3490 1270 praestantia

279 1318 582 1388 antequam
612 1307 866 1378 dicam,
909 1321 1007 1364 res
1048 1299 1363 1380 postulat,
1399 1299 1595 1375 idque
1640 1297 1858 1372 ipsum
1893 1313 1922 1356 a
1960 1310 2062 1354 me
2096 1292 2382 1370 ﬂagitare
2421 1291 2724 1355 videmini
2753 1339 2770 1369 ,
2804 1298 3142 1360 Antistites
3185 1297 3495 1360 illustris-

273 1414 432 1488 simi,
469 1423 535 1476 ut
577 1414 657 1475 de
708 1407 1031 1474 cardinale
1081 1403 1598 1466 eminentissimo
1648 1420 1680 1463 a
1734 1419 1865 1480 quo
1910 1401 2195 1462 codicem
2245 1397 2429 1459 iilum
2477 1400 2950 1460 commodatum
2994 1401 3244 1480 accepi,
3294 1421 3492 1483 pauca

272 1516 548 1576 dicantur.
590 1515 747 1576 Nam
784 1528 927 1574 cum
976 1509 1080 1570 hic
1112 1505 1670 1569 eminentissimus
1710 1504 2008 1581 princeps
2059 1509 2120 1563 et
2168 1502 2242 1562 ad
2279 1519 2528 1562 summa
2587 1518 2860 1580 qumque
2908 1513 3131 1590 natus,
3182 1505 3490 1585 singulari

268 1615 510 1694 quadam
552 1598 1007 1674 benevolentia
1042 1609 1288 1668 litteras
1327 1605 1818 1683 complectatur,
1871 1621 1985 1664 nos
2020 1605 2132 1683 qui
2167 1603 2246 1663 ah
2282 1602 2546 1662 ineunte
2575 1609 2759 1662 aetate
2791 1604 2864 1665 ad
2894 1604 3243 1668 litterarum
3278 1606 3492 1669 studia

266 1718 519 1796 animum
554 1712 1033 1792 applicuimus,
1086 1707 1319 1784 ingrati
1362 1705 1650 1783 profecto
1685 1706 1893 1766 simus
1921 1748 1936 1776 ,
1986 1704 2110 1765 nisi
2163 1711 2294 1764 tum
2353 1709 2613 1771 nostro,
2650 1710 2781 1763 tum
2822 1706 3152 1766 communi
3199 1705 3490 1766 omnium

266 1821 631 1881 eruditorum
669 1817 958 1886 nomine,
991 1812 1256 1890 gratiam
1291 1810 1347 1872 ei
1379 1820 1685 1891 quantam
1737 1825 2105 1887 possumus,
2143 1815 2204 1870 et
2244 1826 2399 1870 voce
2433 1819 2496 1871 et
2528 1807 2787 1887 scriptis
2821 1808 3050 1868 referre
3091 1807 3492 1868 studeamus.

266 1920 434 1980 Porro
468 1936 595 1998 quo
624 1918 852 1980 favore
885 1928 1253 1997 quantaque
1289 1917 1736 1979 benevolentia
1774 1924 2202 1996 prosequatur
2235 1915 2517 1988 litteras,
2573 1921 2844 1975 testatur
2883 1912 3130 1992 prolixa
3170 1912 3310 1991 ejus
3348 1928 3493 1988 erga

267 2020 530 2081 homines
564 2021 860 2081 eruditos
903 2019 1254 2080 liberalitas
1290 2035 1360 2079 ac
1399 2017 1888 2093 muniﬁcentia;
1930 2035 2122 2095 quam
2162 2016 2467 2096 quidem,
2523 2025 2592 2077 ut
2639 2015 2718 2077 de
2754 2015 2897 2079 aliis
2936 2013 3092 2075 nihil
3130 2014 3369 2084 dicam,
3417 2011 3493 2072 ad

261 2135 348 2179 me
389 2136 644 2197 quoque
683 2120 848 2194 nihil
889 2120 1258 2203 hujusmodi
1305 2130 1670 2201 sperantem
1723 2139 1793 2182 ac
1845 2139 1923 2183 ne
1965 2122 2352 2199 cogitantem
2395 2121 2701 2201 quidem,
2754 2138 2962 2201 nuper
3007 2117 3207 2179 voluit
3266 2132 3496 2194 perve-

262 2218 406 2279 nire.
457 2219 632 2279 ldem
686 2220 967 2283 declarat
1016 2223 1528 2303 locupletissima
1579 2221 1719 2300 ejus
1761 2219 2183 2282 bibliotheca.
2230 2221 2436 2294 Quam
2488 2238 2634 2282 cum
2693 2217 3054 2282 innumeris
3107 2217 3500 2296 Optimorum

257 2323 611 2400 scriptarum
660 2328 1193 2405 exemplaribus,
1251 2327 1475 2406 partim
1527 2325 1828 2398 excusis,
1892 2325 2119 2402 partim
2175 2340 2367 2386 manu
2424 2325 2702 2386 exaratis
2759 2321 3176 2391 instruxerit,
3236 2333 3362 2380 non
3427 2321 3499 2378 ut

259 2434 476 2488 veteres
521 2429 616 2490 illi
668 2432 972 2494 Romana:
1007 2431 1180 2494 urbis
1223 2439 1560 2504 senatores
1595 2446 1760 2509 quos
1802 2446 1877 2491 eo
1912 2431 2175 2491 nomine
2213 2428 2591 2510 perstringit
2625 2427 3010 2489 Ammianus
3043 2421 3495 2493 Marcellinus,

255 2544 377 2587 eam
408 2529 602 2590 instar
637 2531 974 2610 cujusdam
1010 2533 1294 2612 sepulcri
1331 2538 1641 2611 perpetuo
1674 2530 1952 2591 clausam
1993 2529 2229 2592 habet:
2273 2529 2382 2591 sed
2420 2529 2593 2590 velut
2629 2529 2946 2608 publicam
2983 2526 3246 2586 domum
3281 2521 3496 2584 omni-

255 2623 359 2685 bus
388 2629 587 2706 aperit
617 2632 940 2707 eruditis;
985 2635 1285 2711 ultroque
1318 2632 1390 2692 ad
1429 2648 1564 2691 eam
1609 2631 1835 2690 invitat
1870 2629 2203 2708 singulas;
2245 2637 2305 2690 et
2339 2629 2928 2706 manuscriptorum
2964 2625 3263 2687 codicum
3308 2636 3493 2682 usum

252 2727 573 2800 studiosis,
629 2735 1152 2812 quotiescunque
1207 2748 1371 2810 opus
1423 2730 1812 2800 habuerint,
1870 2729 2215 2792 liberaliter
2262 2731 2570 2808 impertit.
2623 2731 2788 2804 Quid
2834 2729 3039 2790 dicam
3097 2725 3176 2786 de
3233 2721 3496 2800 reliquis

251 2822 401 2885 illius
439 2830 788 2890 virtutibus
827 2838 887 2890 et
921 2831 1179 2892 eximiis
1217 2829 1415 2892 animi
1459 2829 1769 2889 dotibus?
1803 2828 1960 2906 quid
1997 2831 2076 2891 de
2109 2830 2386 2892 mirabili
2435 2830 2876 2892 moderatione
2909 2845 2978 2888 ac
3018 2826 3321 2892 lenitate,
3368 2839 3492 2900 qua

247 2926 565 2993 intestinos
617 2941 832 2995 motus
881 2953 951 2996 ac
1001 2938 1317 2998 tumultus
1357 2937 1497 2997 sine
1546 2934 1742 2995 ullius
1787 2936 1944 2997 civis
1995 2954 2226 2998 cruore
2273 2941 2668 3018 compescuit
2700 2936 2864 3001 τερα
2923 2935 3052 2996 haec
3100 2934 3260 2995 alias
3307 2949 3341 2993 a
3393 2947 3494 2991 me

246 3031 655 3106 commodius,
689 3040 798 3094 aut
831 3034 910 3095 ab
940 3035 1086 3095 aiiis
1116 3037 1418 3097 dicentur
1449 3035 1763 3095 omatius.
1815 3036 1996 3096 Nunc
2042 3038 2217 3098 enim
2265 3056 2372 3100 eas
2421 3046 2668 3100 tantum
2709 3041 2884 3101 illius
2929 3038 3150 3099 laudes
3191 3037 3489 3114 persequi

245 3130 570 3205 constitui,
623 3149 771 3210 qure
819 3136 1112 3212 privatim
1169 3140 1490 3218 pertinent
1523 3137 1597 3199 ad
1641 3140 1856 3201 studia
1895 3140 2278 3206 litterarum.
2322 3147 2708 3223 Temperare
2745 3153 2954 3206 tamen
2998 3143 3152 3204 mihi
3192 3147 3327 3219 ipse
3360 3159 3487 3202 non

244 3238 523 3302 possum,
572 3231 735 3305 quin
780 3232 884 3294 hic
916 3236 993 3294 de
1031 3255 1180 3316 pace
1214 3237 1460 3314 aiiquid
1507 3237 1710 3298 dicam
1745 3284 1761 3310 ,
1810 3258 2001 3316 quam
2051 3243 2613 3304 eminentissimus
2665 3247 3008 3309 cardinalis
3054 3247 3229 3307 omni
3274 3245 3489 3306 studio

243 3334 405 3403 atque
455 3332 778 3396 industria
841 3355 1012 3400 nunc
1057 3338 1333 3399 maxime
1377 3346 1560 3415 urget
1610 3356 1681 3398 ac
1732 3346 2107 3413 promovet,
2161 3348 2224 3401 et
2273 3359 2463 3418 quam
2520 3343 2693 3404 brevi
2734 3363 2845 3424 per
2898 3364 3224 3424 praecones
3278 3349 3490 3426 regios

242 3425 468 3500 publice
504 3435 1058 3508 pronuntiandam
1118 3454 1262 3498 esse
1306 3455 1666 3513 speramus.
1715 3437 1968 3516 Quippe
2003 3457 2072 3499 ea
2134 3458 2233 3502 res
2279 3440 2592 3523 praecipue
2643 3447 2716 3504 ad
2762 3449 3174 3511 commodum
3217 3452 3493 3525 pertinet

243 3531 620 3606 litterarum,
659 3553 824 3612 quas
870 3535 1040 3613 pacis
1072 3536 1364 3596 alumnas
1400 3555 1544 3596 esse
1568 3583 1583 3608 ,
1619 3543 1679 3597 et
1715 3536 1837 3597 sub
1876 3538 2017 3614 ejus
2058 3540 2282 3600 umbra
2314 3560 2382 3601 ac
2425 3543 2719 3617 prtesidio
2753 3549 3257 3626 conquiescere,
3299 3570 3490 3614 nemo

238 3639 315 3691 est
355 3633 464 3710 qui
505 3635 782 3696 nesciat.
835 3635 996 3695 Cum
1044 3633 1242 3712 igitur
1282 3635 1629 3697 cardinalis
1680 3635 2247 3699 eminentissimus
2294 3641 2743 3717 gubernaculis
2794 3649 3167 3727 reipublicae
3214 3651 3486 3719 primum

237 3737 505 3800 admotus
534 3782 554 3812 ,
588 3740 843 3830 bellum
874 3757 1064 3816 grave
1096 3757 1240 3801 cum
1287 3739 1596 3816 HiSpanis
1636 3754 1764 3800 non
1811 3741 2148 3802 conﬂasset
2187 3742 2359 3820 ipse,
2405 3745 2513 3804 sed
2551 3747 2895 3809 conflatum
2932 3749 3061 3828 jam
3107 3752 3490 3830 reperisset,

238 3837 430 3907 variis,
468 3847 540 3900 ut
586 3839 649 3900 in
688 3827 863 3900 tanta
895 3857 984 3908 re,
1015 3838 1308 3898 consiliis
1342 3839 1449 3899 diu
1489 3849 1547 3896 et
1583 3848 1878 3899 accurate
1918 3841 2274 3936 perpensis,
2312 3843 2371 3901 id
2410 3843 2658 3904 tandem
2694 3827 3053 3921 constituit,
3088 3827 3488 3914 edomandos

234 3937 518 4003 diuturno
574 3942 756 4005 bello
810 3959 953 4004 esse
1002 3943 1362 4020 Hispanos,
1418 3959 1620 4020 reque
1668 3941 1808 4020 ipsa
1862 3944 2302 4006 admonendos
2349 3958 2662 4023 quantum
2711 3950 2873 4012 Galli
2930 3955 3164 4024 armis,
3215 3955 3490 4032 Opibus,

230 4035 632 4112 fortitudine,
674 4047 1034 4108 constantia
1090 4055 1147 4107 et
1185 4048 1454 4126 reliquis
1502 4047 1578 4108 a:l
1629 4047 1869 4108 bellum
1924 4051 2311 4112 necessariis
2357 4053 2674 4116 subsidiis
2724 4056 3092 4132 pollerent;
3152 4065 3218 4118 ut
3269 4055 3487 4119 hostes

231 4140 657 4206 imbecillitate
693 4163 811 4207 sua
849 4155 910 4210 et
943 4149 1273 4210 Gallorum
1313 4151 1596 4227 potentia
1627 4152 1923 4228 cognita,
1967 4154 2303 4230 segniores
2359 4155 2782 4236 imposterum
2838 4167 3054 4220 essent
3104 4160 3179 4220 ad
3230 4167 3488 4219 nostros

229 4256 316 4304 aut
353 4251 560 4309 armis
603 4256 714 4308 aut
755 4249 994 4326 injuria
1041 4250 1488 4314 lacessendos.
1543 4249 1763 4330 Neque
1803 4252 1974 4313 enim
2017 4255 2256 4316 ﬁrmam
2297 4273 2368 4318 ac
2401 4275 2695 4319 securam
2747 4277 2961 4336 pacem
3005 4278 3151 4322 cum
3191 4259 3488 4322 hostibus

228 4351 385 4412 aliter
422 4371 624 4430 posse
662 4353 1010 4428 constitui,
1043 4373 1232 4434 quam
1264 4373 1406 4416 cum
1444 4356 1534 4416 illi
1567 4357 1768 4416 Gallis
1803 4374 1872 4420 se
1909 4357 1972 4419 in
2022 4361 2310 4436 gerendo
2349 4363 2520 4424 bello
2563 4364 2840 4440 impares
2879 4378 3022 4422 esse
3068 4361 3310 4423 crebris
3347 4361 3483 4421 cla-

226 4452 388 4519 dibus
451 4459 602 4520 suis
655 4459 1204 4537 detrimentisque
1253 4463 1641 4525 sensissent.
1694 4463 1918 4537 Itaque
1972 4483 2116 4526 cum
2172 4466 2443 4546 Hispani
2497 4469 2561 4529 id
2615 4485 2759 4530 sero
2799 4469 3052 4532 tandem
3109 4468 3375 4545 perinde
3419 4486 3491 4528 at:

225 4556 487 4640 Phryges
550 4563 1076 4638 intellexissent,
1141 4572 1272 4624 tuin
1333 4565 1595 4627 demum
1661 4568 2000 4628 cardinalis
2061 4569 2623 4634 eminentissimus
2682 4580 3119 4652 opportunum
3181 4570 3491 4636 ineundae

227 4661 366 4728 pacis
405 4671 674 4737 tempus
706 4663 937 4725 adesse
968 4664 1485 4728 animadvertens
1515 4711 1532 4738 ,
1585 4683 1725 4728 eam
1778 4683 1927 4728 cum
1984 4669 2284 4731 hostibus
2316 4670 2523 4734 facere
2561 4690 2685 4734 non
2728 4673 3074 4747 recusavit,
3131 4681 3189 4735 et
3229 4674 3310 4734 de
3337 4673 3490 4751 jure

225 4773 450 4858 nostro,
486 4767 571 4827 de
603 4785 861 4828 summa
906 4771 1098 4832 totius
1134 4772 1310 4847 belli,
1344 4775 1422 4834 de
1454 4791 1569 4852 spe
1601 4773 1884 4853 denique
1923 4783 2118 4854 atque
2155 4777 2420 4839 victoria
2450 4797 2642 4858 quam
2698 4798 2859 4858 pene
2894 4780 3029 4858 jam
3072 4781 3133 4841 in
3194 4779 3493 4842 manith

224 4857 598 4931 habebamus
632 4915 651 4941 ,
694 4872 945 4949 aliquid
987 4878 1378 4950 concedere,
1433 4897 1566 4958 quo
1622 4882 2012 4959 populorum
2062 4883 2424 4945 commodis
2483 4892 2544 4945 et
2581 4885 2901 4948 bonorum
2949 4886 3244 4945 omnium
3287 4881 3494 4951 votis,

221 4973 385 5036 totius
427 4977 728 5055 denique
761 4978 1110 5040 Christiani
1155 4983 1333 5042 orbis
1367 4985 1695 5046 desiderio
1729 4985 2216 5062 gratiﬁcaretur.
2263 4989 2337 5049 lu
2393 5006 2524 5068 quo
2571 4987 2964 5066 singularem
3017 4987 3154 5064 ejus
3203 4984 3496 5063 pruden-

217 5074 336 5138 tiam
368 5089 434 5141 et
474 5083 839 5143 salutarem
875 5085 1243 5162 reipublicae
1280 5090 1670 5166 sapientiam
1705 5089 2008 5170 equidem
2043 5093 2200 5153 satis
2233 5094 2452 5155 mirari
2487 5110 2612 5154 non
2653 5109 2946 5169 possum.

273 5229 492 5313 Neque
527 5234 712 5294 enim
748 5233 834 5295 ob
877 5235 1063 5296 aliam
1098 5256 1352 5300 causam
1393 5241 1612 5303 tandiu
1657 5244 1849 5305 dilata
1898 5263 2015 5322 pax
2049 5256 2172 5320 est,
2205 5264 2399 5325 quam
2439 5253 2506 5308 ut
2537 5245 2917 5307 diuturnior
2949 5243 3257 5317 deinceps
3312 5247 3489 5300 essm

213 5342 269 5390 ac
294 5335 562 5400 ﬁrmior.
591 5341 822 5416 Atque
855 5336 989 5399 hinc
1009 5341 1219 5404 obiter
1249 5345 1414 5405 dicta
1446 5347 1576 5408 sint
1602 5348 1683 5408 de
1717 5349 2024 5412 laudibus
2057 5351 2407 5412 cardinalis
2425 5349 2956 5412 eminentissimi.
2985 5347 3110 5419 Qui
3147 5362 3290 5405 cum
3323 5343 3494 5403 inter

214 5450 354 5500 arata
388 5439 654 5500 litteras
697 5457 774 5498 ac
825 5438 1137 5501 litteratos
1185 5461 1416 5507 omnes
1463 5446 1939 5530 benignissime
1990 5449 2208 5511 fovere
2262 5468 2594 5529 nunquam
2649 5450 3001 5518 destiterit,
3037 5447 3242 5508 multo
3284 5447 3488 5522 magis

215 5543 582 5614 sperandum
623 5553 728 5602 est
765 5541 972 5612 illum,
1011 5547 1183 5619 pacis
1215 5564 1349 5608 sua;
1385 5557 1675 5627 tempore
1701 5596 1716 5620 ,
1760 5555 2021 5613 easdem
2058 5562 2229 5614 artes
2281 5553 2610 5633 praecipuo
2643 5552 2919 5631 quodam
2956 5548 3176 5611 studio
3221 5565 3292 5608 ac
3326 5565 3482 5626 ΡΜ·-

215 5638 463 5704 νὶάεηιίτι
499 5640 1015 5718 complexurum
1055 5663 1071 5702 :
1107 5645 1628 5725 eﬁ‘ecturunnpie
1678 5658 1744 5710 ut
1787 5650 1947 5708 Galli
1988 5651 2218 5723 nostri,
2268 5651 2381 5730 qui
2435 5668 2763 5713 armorum
2813 5649 3019 5728 gloria
3070 5664 3198 5725 prae
3229 5646 3477 5708 caeteris

212 5749 483 5816 gentibus
518 5762 798 5824 semper
832 5744 1271 5824 eminuerunt,
1308 5765 1480 5811 nunc
1522 5750 1879 5814 litterarum
1919 5752 2106 5814 laude
2142 5762 2203 5816 et
2239 5754 2626 5832 Optimarum
2663 5753 2896 5816 artium
2932 5754 3166 5815 studiis
3191 5749 3481 5812 antecel-
