3972 6470
440 332 443 339 ·
478 315 555 370 -ιο
702 298 715 304 ’
1014 294 1034 315 ‘
1759 316 2008 377 VALESIJ

2159 311 2446 373 (EFATIO.
3658 305 3727 361 20

486 436 645 498 lant.
678 436 798 499 Sed
835 455 1005 500 nunc
1029 444 1282 519 tempus
1307 446 1428 512 est,
1457 446 1523 502 ut
1553 455 1628 501 eo
1651 438 1827 502 unde
1852 440 2127 518 digressi
2150 457 2376 503 sumus
2402 442 2815 501 revertamur.
2838 432 3099 499 Tertius
3126 430 3320 516 igitur
3350 430 3461 492 ille
3494 426 3720 497 codex.

483 560 680 622 quem
713 546 1056 609 cardinalis
1093 543 1591 608 eminentissimi
1637 542 2019 607 bibliotheca
2068 543 2254 606 nobis
2300 542 2763 623 suppeditavit,
2796 539 3086 602 omnium
3140 553 3307 616 quos
3355 535 3482 597 vidi
3519 536 3722 596 Euse-

482 643 830 708 bianorum
865 649 1161 711 codicum
1193 649 1384 722 longe
1417 647 1703 729 optimus
1749 653 1844 707 est
1887 662 1959 708 ac
1994 645 2497 708 vetustissimus.
2541 641 2875 720 Quotquot
2906 640 3080 702 enim
3130 636 3615 700 emendationes
3660 635 3722 696 in

475 742 631 807 aliis
659 747 1134 825 exemplaribus
1163 750 1548 828 reperimus,
1585 768 1693 811 eas
1738 750 1943 811 codex
1977 749 2085 811 ille
2129 766 2357 812 omnes
2399 746 2703 819 exhibet;
2739 749 2956 806 multm
2989 760 3141 805 vero
3181 743 3319 805 alite
3348 740 3416 802 in
3461 740 3570 801 illo
3611 738 3722 800 ha-

480 846 722 910 bentur
774 851 1282 923 emendationes,
1337 870 1497 931 quas
1531 854 1595 914 in
1643 852 1788 914 aliis
1836 851 2315 931 exemplaribus
2370 867 2499 913 non
2550 851 2783 929 reperi,
2831 845 3377 927 quemadmodum
3428 862 3504 906 ex
3562 842 3722 904 meis

481 949 1008 1021 adnotationibus
1058 958 1335 1021 studiosi
1393 960 1662 1022 lectores
1716 967 2023 1038 poterunt
2058 963 2487 1036 cognoscere.
2539 957 2830 1034 Scriptus
2880 962 2978 1016 est
3025 955 3091 1015 in
3135 949 3529 1013 membranis
3577 956 3721 1010 ante

479 1054 928 1132 septingentos
963 1058 1106 1135 plus
1147 1061 1360 1127 minus
1402 1078 1630 1136 annos,
1675 1062 2157 1139 elegantissime
2188 1061 2383 1124 simul
2439 1069 2501 1124 et
2551 1058 3106 1123 emendatissime.
3158 1053 3409 1115 Scholia
3453 1066 3721 1129 quoque

478 1156 557 1217 ad
590 1155 757 1220 latus
793 1142 1112 1225 interdum
1147 1162 1335 1226 habet
1363 1167 1677 1244 apposita,
1712 1181 1891 1227 nunc
1921 1164 2183 1242 antiqua
2217 1182 2435 1234 manu.
2470 1182 2641 1225 nunc
2682 1163 3065 1232 recentiore,
3094 1175 3238 1239 quae
3269 1172 3386 1217 nos
3422 1155 3487 1214 in
3521 1152 3721 1215 adno-

472 1258 829 1323 lotionibus
864 1264 1101 1325 nostris
1134 1278 1254 1327 suo
1286 1280 1560 1343 qumque
1607 1263 1746 1327 loco
1777 1264 2274 1341 descripsimus.
2306 1265 2506 1327 Multa
2535 1280 2800 1343 quoque
2827 1262 2951 1324 alia
2988 1261 3051 1320 in
3081 1257 3326 1337 Optimo
3355 1255 3472 1316 illo
3503 1253 3719 1315 codice

477 1358 873 1423 observanda
916 1370 1091 1433 sunt,
1138 1361 1370 1440 partim
1408 1360 1472 1421 in
1514 1360 1911 1433 accentibus,
1954 1361 2179 1438 partim
2232 1361 2298 1425 in
2353 1359 2769 1425 distinctione
2813 1375 2931 1420 seu
2968 1356 3519 1434 interpunctione.
3558 1353 3718 1423 Nam

475 1461 648 1539 quod
699 1464 959 1541 quidem
1012 1464 1088 1525 ad
1139 1471 1446 1527 accentus
1488 1463 1740 1536 attinet,
1778 1481 1948 1541 saepe
1989 1456 2055 1526 in
2107 1464 2224 1525 illo
2269 1462 2490 1524 codice
2537 1469 2858 1523 acuuntur
2893 1460 3222 1530 vocabula,
3272 1475 3416 1538 quin
3452 1457 3519 1517 in
3570 1454 3716 1516 aliis

476 1565 954 1641 exemplaribus
983 1574 1310 1629 accentum
1346 1568 1582 1629 habent
1612 1567 2122 1630 circumﬂexum.
2162 1565 2450 1645 Exempli
2483 1568 2684 1645 gratia
2731 1573 2852 1633 πίος
2887 1572 2948 1628 et
2989 1573 3179 1643 καίσσιρ
3228 1563 3292 1622 in
3342 1560 3456 1620 illo
3500 1558 3719 1620 codice

475 1682 733 1746 semper
762 1678 1103 1732 acuuntur.
1139 1671 1373 1733 Contra
1409 1688 1560 1734 vero
1592 1683 1769 1749 σφῖσι,
1804 1672 1975 1749 quod
2009 1673 2077 1733 in
2109 1673 2254 1735 aliis
2285 1671 2624 1735 codicibus
2653 1679 2843 1732 acuto
2885 1674 3145 1731 notatur
3168 1671 3461 1734 accentu,
3498 1663 3563 1723 in
3606 1662 3716 1723 illo

474 1765 692 1834 codice
717 1769 1259 1831 circumﬂectitur.
1290 1772 1501 1849 Atque
1530 1769 1592 1830 id
1615 1770 1874 1850 quidem
1899 1770 2131 1832 rectius
2162 1778 2342 1849 puto.
2383 1768 2567 1847 Quod
2595 1776 2807 1830 autem
2833 1775 3076 1846 spectat
3096 1767 3173 1829 ad
3204 1764 3715 1839 distinctionem,

473 1882 665 1941 quam
702 1884 822 1930 nos
856 1871 1050 1946 vulgo
1082 1871 1671 1951 interpunctionem
1697 1889 2029 1946 vocamus,
2062 1872 2167 1934 hic
2198 1874 2397 1934 codex
2440 1872 2601 1933 adeo
2639 1880 2937 1937 accurate
2966 1871 3312 1940 distinctus
3338 1877 3457 1942 est,
3488 1873 3553 1935 ut
3585 1875 3716 1931 tota
3777 1916 3782 1921 .

470 1966 906 2047 distinguendi
944 1977 1251 2046 rationem
1284 1995 1354 2038 ac
1377 1976 1736 2051 scientiam,
1770 1993 1913 2055 quin
1954 1976 2449 2056 haudquaquam
2472 1976 2633 2038 levis
2654 1975 2957 2037 momenti
2977 1982 3091 2045 est,
3116 1993 3193 2036 ex
3213 1973 3479 2051 hoc‘uno
3499 1971 3716 2035 codice

469 2068 678 2142 possis
705 2087 1119 2147 cognoscere.
1152 2075 1338 2140 Certe
1368 2088 1708 2157 antequam
1737 2095 1885 2140 eum
1909 2084 2135 2141 nactus
2157 2094 2391 2149 essem,
2414 2078 2638 2139 medim
2671 2076 3104 2139 distinctionis
3140 2075 3480 2147 utilitatem
3504 2093 3575 2136 ac
3603 2092 3718 2135 neq

468 2173 831 2241 cessitatcm
861 2177 1146 2241 nondum
1182 2200 1669 2260 perspexeram;
1728 2200 1920 2261 quam
1956 2199 2123 2244 unus
2159 2180 2268 2244 ille
2297 2182 2502 2244 codex
2533 2179 2760 2246 sedulo
2790 2180 3122 2258 inspectus
3150 2188 3714 2258 atqueexcussus,

468 2276 620 2347 mihi
660 2278 914 2351 tandem
954 2280 1276 2357 patefecit.
1315 2284 1549 2346 Verum
1583 2286 1661 2347 de
1684 2284 2105 2349 distinctione
2138 2284 2443 2358 pluribus
2475 2283 2638 2347 infra
2662 2284 2898 2347 dicturi
2924 2300 3177 2344 sumus.
3206 2281 3369 2341 illud
3408 2290 3714 2360 prieterea

462 2376 532 2453 in
573 2379 1009 2440 vetustissimo
1038 2380 1149 2442 illo
1181 2383 1398 2447 codice
1426 2383 2322 2463 observavi,quotiescunque
2347 2382 2531 2461 plena
2561 2382 2889 2444 distinctio
2920 2400 3034 2445 seu
3066 2387 3243 2443 τελείά
3292 2394 3488 2463 στιγμή
3521 2400 3718 2461 δριιοέ

461 2478 580 2540 sita
620 2486 716 2543 est
752 2480 817 2540 in
852 2480 1069 2560 aliqua
1103 2482 1295 2556 linea,
1332 2484 1598 2560 primam
1631 2483 1965 2565 sequentis
2001 2482 2189 2543 linea)
2224 2482 2495 2545 litteram
2537 2492 2713 2545 extra
2754 2485 3148 2564 reliquarum
3198 2486 3495 2546 ordinem
3555 2500 3718 2547 con-

460 2582 650 2657 apici,
683 2592 747 2650 et
796 2586 1182 2648 exteriorem
1239 2587 1590 2664 marginem
1629 2588 2003 2651 subradere.
2056 2585 2259 2662 quue
2295 2585 2606 2646 indicium
2659 2593 2776 2656 est,
2808 2603 3040 2650 novum
3079 2598 3272 2669 caput
3324 2598 3434 2651 aut
3479 2606 3711 2661 novam

460 2686 800 2761 periodum
836 2687 1119 2751 inchoari
1159 2698 1298 2768 post
1333 2690 1583 2751 ﬁnalem
1620 2690 1794 2752 illam
1839 2687 2363 2751 distinctionem.
2400 2688 2573 2750 Idem
2613 2688 2674 2749 in
2706 2689 2851 2750 aliis
2883 2709 3141 2772 quoque
3180 2693 3436 2770 scriptis
3472 2692 3716 2753 codici-

461 2786 587 2853 bus
619 2787 981 2851 observavi.
1028 2790 1212 2853 Certe
1265 2792 1328 2852 in
1370 2791 1699 2854 veteribus
1734 2791 1847 2852 sch
1875 2789 2022 2852 edis
2062 2789 2471 2865 bibliothech
2516 2790 2726 2869 Regina
2762 2809 2904 2872 qua)
2947 2794 3143 2853 libros
3176 2793 3436 2854 Eusebii
3472 2793 3556 2850 Dc
3583 2792 3716 2851 vita

462 2894 870 2961 Constantini
898 2898 1254 2969 continent,
1290 2894 1374 2955 ita
1426 2910 1681 2969 semper
1716 2893 1850 2954 ﬁeri
1893 2891 2340 2967 animadverti,
2362 2892 2617 2967 quoties
2649 2910 2883 2958 novum
2907 2900 3092 2969 caput
3125 2893 3479 2954 inchoatur.
3509 2893 3713 2965 Quarq

458 3004 593 3064 tum
631 3010 933 3077 praetcrea
981 2999 1267 3063 codicem
1322 2994 1673 3057 habuimus
1737 3011 1812 3055 ex
1862 2992 2268 3054 bibliotheca
2318 2991 2735 3052 illustrissimi
2793 2992 2911 3052 viri
2960 2994 3199 3055 Nicolai
3250 2995 3565 3064 Fucketii,
3597 2991 3711 3073 qui

456 3099 780 3172 generalis
838 3099 905 3159 in
959 3105 1188 3160 senatu
1242 3093 1586 3158 Parisiensi
1639 3091 2086 3171 procuratoris
2125 3089 2406 3163 cilicium
2454 3106 2705 3167 gerens,
2761 3089 3192 3169 prmfecturam
3254 3093 3441 3153 simul
3480 3091 3715 3168 regalis

454 3199 662 3261 mrarii
701 3215 948 3260 summa
981 3215 1126 3259 cum
1166 3196 1350 3258 laude
1383 3192 1820 3255 administrat.
1858 3195 2072 3269 Atque
2105 3189 2206 3252 his
2238 3197 2515 3268 quatuor
2549 3191 3000 3269 nianuscriptis
3027 3191 3359 3252 codicibus
3390 3192 3465 3253 ad
3492 3208 3713 3255 emen-i

454 3296 780 3363 dationem
819 3297 1129 3358 librorum
1156 3293 1615 3361 Ecclesiasticaa
1649 3291 1972 3352 Historia
1998 3290 2103 3351 usi
2135 3306 2383 3351 sumus.
2418 3291 2641 3356 Libros
2675 3310 2826 3355 vero
2857 3295 2944 3370 De
2972 3294 3105 3352 vita
3144 3295 3293 3371 imp.
3342 3291 3712 3352 Constanti.

450 3396 708 3456 nicum
763 3396 964 3458 tribus
1008 3395 1293 3473 antiquis
1348 3391 1681 3452 codicibus
1736 3391 2159 3453 contulimus.
2184 3390 2436 3451 Primus
2487 3399 2580 3451 est
2640 3393 2881 3470 Regius
2925 3394 3058 3468 ille,
3114 3395 3192 3455 de
3226 3412 3357 3473 quo
3406 3395 3708 3471 superius

452 3493 614 3569 dixi,
648 3496 711 3556 in
752 3513 883 3576 quo
915 3506 1062 3559 ante
1097 3498 1296 3560 libros
1334 3496 1787 3562 Ecclesiasticw
1807 3496 2116 3557 Historia:
2145 3505 2424 3575 quatuor
2466 3495 2609 3555 libri
2639 3496 2722 3555 De
2753 3496 2885 3555 vita
2922 3497 3072 3575 imp.
3100 3496 3523 3563 Constantini,
3555 3495 3707 3557 licet

452 3611 583 3677 non
622 3598 870 3669 eadem,
909 3606 1157 3664 vetusta
1214 3597 1640 3658 nihilominus
1697 3614 1889 3664 manu
1950 3595 2293 3674 perscripti
2342 3595 2667 3673 leguntur.
2719 3596 3085 3658 Secundum
3143 3597 3352 3657 locum
3414 3596 3710 3656 obtinent

450 3695 703 3758 schcdze
762 3706 1009 3768 veteres
1062 3699 1471 3773 bibliothecae
1527 3699 1761 3775 itegize.
1809 3700 1912 3761 Sic
1970 3707 2183 3761 autem
2238 3713 2393 3787 voco
2443 3699 2720 3770 chartas,
2770 3717 2881 3777 per
2930 3699 3390 3778 quaterniones
3433 3697 3700 3775 quidem

450 3798 726 3873 digestas
776 3799 887 3859 sed
937 3798 1314 3869 dissolutas,
1357 3815 1477 3859 nec
1513 3799 1578 3859 in
1625 3799 1866 3860 codicis
1912 3798 2169 3859 modum
2200 3809 2582 3876 compactos.
2634 3799 2707 3859 In
2758 3798 2863 3859 his
2909 3798 3191 3869 schcd-is,
3236 3808 3465 3875 prmter
3504 3797 3706 3863 libros

450 3896 717 3979 Eusebii
750 3898 837 3958 De
884 3900 1014 3959 vita
1052 3898 1471 3973 Constantini,
1520 3911 1583 3963 et
1628 3900 1989 3976 Orationem
2037 3900 2328 3980 ejusdem
2379 3900 2784 3980 imperatoris
2819 3902 2903 3959 ad
2953 3908 3223 3983 sanctos,
3265 3900 3508 3977 primus
3539 3918 3709 3978 qua-

449 3996 661 4057 ternio
689 3997 1149 4059 Ecclesiasticw
1177 3999 1487 4060 Historiae
1521 3999 1836 4070 habetur;
1872 3999 2060 4076 cujus
2093 4004 2153 4057 et
2187 3996 2249 4056 in
2281 3996 2816 4065 adnotationibus
2849 3997 3008 4057 meis
3043 4000 3437 4060 mentionem
3467 4001 3705 4076 saepius

448 4100 594 4179 feci.
628 4101 866 4163 Caetera
905 4102 1124 4163 nescio
1156 4116 1289 4179 quo
1334 4118 1486 4162 casn
1535 4103 1889 4178 perierunt.
1945 4099 2232 4163 Tertium
2286 4098 2473 4160 nobis
2505 4101 2788 4161 codicem
2827 4102 3265 4179 suppeditavit
3313 4102 3707 4167 bibliotheca

446 4200 824 4285 Fuketiana.
873 4203 946 4263 In
996 4220 1127 4284 quo
1174 4210 1320 4261 ante
1386 4208 1662 4280 quatuor
1709 4200 1908 4261 libros
1956 4199 2042 4260 De
2108 4200 2241 4260 vita
2290 4200 2441 4278 imp.
2477 4199 2900 4275 Constantini,
2951 4204 3247 4280 prmﬁxus
3301 4212 3397 4266 est
3437 4206 3706 4267 Eusebii

444 4302 892 4382 Panegyricus,
925 4304 1135 4367 dictus
1164 4305 1372 4368 eidem
1409 4305 1834 4367 Constantino
1872 4322 2044 4368 anno
2109 4307 2250 4385 ejus
2287 4307 2544 4387 imperii
2587 4309 2939 4371 tricesimo.
2976 4312 3098 4374 Hic
3129 4313 3360 4384 codex,
3404 4313 3705 4391 quamvis

445 4408 680 4477 intima:
726 4412 1088 4482 vetustatis,
1116 4423 1212 4474 est
1248 4418 1456 4475 tamen
1496 4413 1755 4490 optimm
1789 4419 1980 4484 notae,
2023 4413 2374 4490 multisque
2410 4414 2474 4473 in
2509 4414 2670 4475 locis
2710 4418 3114 4479 emendatior
3151 4427 3211 4480 et
3239 4418 3513 4497 amplior
3541 4419 3705 4480 duo-2

447 4511 568 4591 bus
607 4513 738 4577 illis
776 4515 1105 4592 prioribus
1135 4516 1383 4596 quibus
1415 4516 1477 4581 in
1517 4517 1958 4580 editione’sua
1994 4535 2152 4578 usus
2184 4527 2281 4580 est
2316 4519 2640 4587 liobertus
2672 4521 3059 4599 Stephanus.

524 4618 760 4700 Prester
789 4619 909 4695 hos
952 4638 1142 4691 manu
1176 4632 1469 4697 exaratos
1503 4620 1782 4697 codices,
1817 4621 2191 4699 adjnmento
2225 4621 2412 4682 nobis
2441 4620 2707 4684 fuerunt
2742 4623 2928 4686 variae
2953 4624 3265 4687 lectiones
3298 4631 3359 4686 et
3389 4627 3699 4687 emenda-

446 4720 661 4791 tiones
693 4738 856 4810 quas
907 4724 1029 4787 viri
1063 4724 1233 4799 docti
1285 4724 1363 4785 ad
1408 4726 1762 4809 marginem
1818 4726 2125 4787 editionis
2174 4726 2438 4788 Roberti
2477 4725 2788 4803 Stephani
2841 4744 3030 4789 manu
3065 4746 3182 4791 sua
3213 4731 3700 4794 adnotaverant.

446 4822 820 4902 Cujusmodi
863 4828 1121 4900 codices
1155 4827 1337 4889 multi
1374 4828 1729 4905 etiamnum
1779 4828 2218 4906 reperiuntur.
2254 4829 2375 4890 Sed
2414 4845 2530 4890 nos
2564 4829 2769 4898 tribus
2802 4831 3123 4913 praecipue
3157 4830 3253 4890 usi
3290 4847 3546 4900 sumus,
3584 4833 3704 4910 qui

446 4927 641 4987 etiam
690 4927 752 4997 in
795 4929 1322 5009 adnotationibus
1358 4933 1597 4993 nostris
1643 4930 1882 5008 saepius
1934 4944 2545 5004 commemorantur.
2595 4935 2848 4995 Primus
2899 4932 3019 4995 fuit
3065 4935 3332 4997 Adriani
3383 4937 3701 5009 Turnebi,

443 5046 638 5106 quem
682 5030 793 5092 ille
825 5050 967 5094 cum
1000 5034 1219 5099 codice
1256 5036 1458 5117 Regio
1490 5034 1561 5111 ac
1594 5037 1901 5105 Medicteo
1927 5036 2422 5113 diligentissime
2448 5039 2836 5107 contulerat.
2864 5041 3043 5107 Libri
3079 5058 3229 5102 vero
3268 5041 3351 5100 De
3382 5042 3513 5103 vita
3550 5040 3699 5119 imp.

446 5125 852 5193 Constantini
904 5150 1047 5195 cum
1093 5134 1451 5213 Anglicano
1500 5136 1781 5216 quodam
1826 5136 2180 5211 exemplari
2230 5137 2452 5198 collati
2500 5145 2708 5209 erant,
2762 5138 2901 5199 sive
2945 5138 3153 5216 ipsius
3203 5136 3508 5208 Adriani,
3559 5138 3701 5201 sive

441 5225 694 5298 Odonis
744 5233 1029 5295 Turnebi
1085 5252 1307 5297 manu.
1361 5237 1542 5298 Alter
1589 5238 1799 5300 codex
1847 5237 1972 5298 fuit
2015 5235 2314 5298 Vulcobii
2359 5257 2376 5296 :
2435 5253 2627 5316 quem
2679 5236 2989 5315 quoniam
3059 5241 3341 5301 Renatus
3399 5239 3699 5313 Moraeus,

445 5327 734 5391 medicus
764 5333 1173 5409 Parisiensis,
1210 5337 1368 5398 mihi
1414 5339 1961 5415 commodaverat,
1997 5336 2287 5400 codicem
2320 5338 2535 5399 Monet
2568 5338 2632 5398 in
2672 5338 3205 5401 adnotationibus
3239 5355 3465 5400 vocare
3494 5339 3699 5400 soleo.

443 5428 564 5491 Hic
602 5432 771 5494 liber
810 5444 1033 5513 preter
1063 5457 1169 5500 eas
1205 5442 1698 5504 emendationes
1735 5459 1880 5521 qum
1930 5443 1994 5503 in
2047 5441 2212 5503 libro
2244 5440 2530 5503 Turnebi
2581 5441 2924 5512 habentur,
2974 5456 3323 5517 perpaucas
3353 5438 3510 5499 alias
3542 5454 3704 5498 con-

443 5528 629 5591 tinet.
688 5532 950 5597 Tertius
994 5538 1195 5600 codex
1254 5539 1379 5609 fuit
1438 5538 1703 5602 Heurici
1761 5540 2010 5609 Savitii,
2075 5540 2196 5603 viri
2262 5540 2662 5611 doctissimi,
2700 5542 2780 5601 ad
2837 5558 2938 5602 me
2976 5540 3213 5600 missus
3261 5556 3342 5600 ex
3397 5538 3625 5613 Anglia
3665 5555 3701 5600 a

443 5633 680 5698 Jacobo
733 5638 990 5704 Usserio
1024 5645 1460 5706 Armachano.
1493 5646 1647 5707 Nam
1681 5662 1825 5705 cum
1856 5645 1921 5706 in
1967 5646 2206 5707 Usserii
2243 5645 2412 5706 notis
2445 5645 2519 5705 ad
2550 5643 2937 5722 Martyrium
2965 5644 3038 5704 Β.
3075 5640 3441 5721 Polycarpi,
3475 5657 3703 5703 manu-

447 5731 756 5813 scriptum
797 5739 1175 5805 Eusebiante
1216 5744 1520 5806 Historias
1563 5742 1851 5807 codicem
1887 5759 1965 5805 ex
1999 5740 2386 5805 bibliotheca
2423 5739 2746 5804 Saviliana
2779 5738 3026 5810 laudari
3073 5735 3701 5811 animadvertissem,
