3972 6478
254 364 320 422 ει
1560 376 1838 435 γΑιεειι
1854 366 1863 374 ’
1877 376 2267 436 ΡΒᾹΞΡΑΤΙΟ.
3472 384 3556 438 ﬂ'

251 504 540 567 eumque
580 492 893 556 codicem
925 498 1184 575 optimm
1215 505 1382 561 noue
1413 515 1556 562 esse
1588 519 1669 563 ex
1716 501 1963 582 aliquot
2011 502 2170 563 locis
2206 502 2284 564 ab
2332 501 2599 563 Usserio
2637 499 2905 580 prolatis
2938 500 3554 581 deprehendissem,

262 589 592 668 postulavi
633 593 725 655 ab
758 610 839 656 eo
871 612 981 674 per
1009 596 1279 672 litteras,
1314 605 1382 661 ut
1419 600 1625 661 varias
1649 600 1789 678 ejus
1820 599 2065 662 codicis
2093 600 2401 661 lectiones
2427 597 2775 678 (integrum
2812 598 2982 663 enim
3015 598 3093 660 ab
3131 614 3208 659 eo
3240 598 3538 660 collatum

251 708 391 753 esse
426 693 934 779 existimabam)
973 698 1049 759 ad
1085 716 1186 761 me
1215 702 1704 764 transmitteret.
1739 702 1856 764 Ille
1894 719 2044 762 vero
2078 701 2362 762 codicem
2398 701 2663 779 quidem
2706 700 2918 778 ipsum
2976 700 3038 759 in
3079 699 3297 762 charta
3330 699 3539 776 scrip-

249 799 377 853 tum
418 794 873 873 bombycina,
906 800 1690 865 bibliothecmOxoniensi
1722 821 1753 865 a
1786 802 2027 864 Savilio
2053 804 2358 862 donatum
2392 799 2628 873 fuisse,
2657 798 2810 860 mihi
2839 798 3185 878 rescripsit.
3220 798 3536 861 Cmteruni

246 892 619 957 editionem
660 898 935 961 Roberti
970 902 1273 979 Stephani
1309 905 1524 965 statim
1558 905 1632 966 ad
1671 922 1770 966 me
1806 904 2017 975 misit,
2055 903 2117 962 in
2167 902 2353 980 cujus
2403 903 2694 979 margine
2742 901 3018 961 Savilius
3053 899 3540 962 emendationes

247 1012 321 1058 ex
355 1014 483 1058 suo
520 998 648 1059 illo
685 999 1135 1077 manuscripto
1168 999 1389 1063 codice
1419 1002 1836 1079 depromptas
1871 1001 2311 1061 adnotaverat.
2343 997 2671 1071 Quantum
2732 1006 2940 1059 tamen
2994 996 3314 1076 conjicere
3356 999 3537 1075 potui

244 1116 372 1162 non
414 1116 668 1163 omnes
716 1102 950 1180 scripti
985 1104 1223 1164 codicis
1270 1103 1583 1166 lectiones
1640 1104 1715 1165 ad
1777 1104 1944 1163 latus
1990 1102 2301 1163 editionis
2334 1102 2514 1163 illius
2566 1100 2869 1181 apposuit
2908 1097 3214 1167 Savilius,
3269 1098 3538 1158 sed-eas

244 1205 490 1262 tantum
566 1221 745 1281 quas
806 1204 1011 1265 bonas
1058 1213 1395 1283 certasque
1447 1222 1592 1265 esse
1642 1202 2079 1265 existimabat.
2123 1201 2427 1275 Qumdam
2488 1201 2657 1264 enim
2712 1201 3020 1263 lectiones
3068 1196 3148 1259 ab
3193 1196 3451 1258 Usscrio
3501 1216 3535 1254 ιε

240 1300 482 1377 scripto
522 1301 652 1363 illo
687 1305 924 1365 codice
954 1301 1391 1379 proferuntur,
1424 1320 1587 1382 quas
1622 1320 1653 1362 ει
1693 1301 1934 1363 Savilio
1972 1300 2437 1389 prteterrnissas
2469 1316 2613 1362 esse
2644 1307 2866 1378 postea
2898 1297 3323 1376 deprehendi.
3377 1297 3539 1356 Prte-

241 1407 405 1462 terea
436 1400 626 1463 idem
664 1405 958 1467 Savilius
985 1407 1057 1468 ad
1085 1425 1260 1469 oram
1302 1406 1484 1468 illius
1510 1405 1811 1468 editionis
1850 1405 2091 1466 multas
2120 1405 2416 1483 ascripsit
2450 1405 2941 1466 emendationes
2975 1422 3054 1467 ex
3085 1405 3309 1465 codice
3343 1404 3539 1463 Joan-

239 1498 335 1559 nis
365 1497 1012 1579 ChristOphorsoni,
1044 1523 1238 1585 quem
1274 1506 1525 1568 scilicet
1554 1504 2192 1584 Christophorsonus
2224 1523 2372 1569 cum
2408 1503 2658 1585 aliquot
2712 1506 3165 1586 manuscriptis
3200 1500 3537 1580 exempla-

236 1596 410 1660 ribus
448 1601 874 1663 contuierat.
2670 1630 2677 1639 '
3182 1628 3185 1635 “

307 1752 460 1815 Rrec
499 1763 671 1816 sunt
730 1757 1052 1820 librorum
1092 1758 1409 1835 subsidia,
1447 1762 1689 1842 quibus
1742 1761 2042 1825 instructi
2087 1762 2475 1826 Eusebianae
2508 1759 2813 1823 Historia)
2863 1757 3057 1820 libros
3098 1752 3534 1816 emendandos

236 1857 692 1933 susrepimus.
724 1858 851 1919 Sed
883 1876 959 1918 ne
989 1857 1136 1939 quis
1169 1857 1329 1919 forte
1357 1860 1717 1940 quidquam
1746 1880 1779 1920 a
1807 1861 1999 1922 nobis
2032 1869 2269 1924 temere
2305 1866 2365 1923 et
2401 1878 2514 1939 pro
2543 1858 2807 1921 arbitrio
2840 1862 3156 1920 mutatum
3192 1870 3332 1915 esse
3367 1855 3540 1916 exis.

237 1953 433 2028 timet,
469 1965 638 2019 ante
677 1960 910 2020 omnia
948 1957 1212 2020 lectores
1246 1961 1526 2022 monitos
1574 1979 1716 2022 esse
1753 1964 2081 2034 volumus,
2117 1962 2276 2025 nihil
2315 1978 2431 2023 nos
2463 1963 2606 2023 sine
2645 1960 3039 2038 Optimorum
3070 1957 3537 2036 exemplarium

234 2071 558 2120 consensu
601 2062 821 2141 atque
851 2063 1230 2126 auctoritate
1265 2064 1520 2130 fecisse.
1554 2068 1871 2147 Adeoque
1909 2069 2101 2131 nobis
2145 2069 2376 2147 religio
2415 2067 2559 2137 fuit,
2598 2069 2661 2129 in
2698 2068 2797 2129 his
2836 2066 3022 2129 libris
3060 2065 3306 2146 aliquid
3348 2063 3544 2125 inter-

235 2160 469 2236 polare,
506 2178 585 2225 ut
622 2185 711 2227 ne
748 2174 886 2226 tum
924 2165 1187 2246 quidem
1214 2186 1357 2229 cum
1396 2170 1607 2232 locum
1647 2173 2066 2252 depravatum
2113 2192 2256 2236 esse
2293 2172 2831 2235 manifestissime
2881 2170 3258 2252 apparebat,
3315 2167 3542 2244 conje-

234 2271 421 2325 cture:
448 2273 718 2327 nostra)
758 2266 1099 2344 indulgere
1132 2275 1549 2339 voluerimus.
1581 2279 1974 2356 Argumento
2006 2280 2087 2341 sit
2122 2280 2299 2341 locus
2336 2279 2399 2340 in
2435 2279 2560 2341 (ine
2595 2266 2709 2341 lib.
2736 2298 2776 2339 χ
2808 2276 3282 2351 Histor.Eccl.,
3313 2274 3539 2353 p.399,

391 2369 490 2431 sic
549 2369 761 2433 habet
824 2370 934 2433 :‘0
972 2373 1018 2435 δ’
1050 2383 1208 2458 ἀρετᾷ
1252 2385 1398 2461 πάσῃ
1454 2389 1758 2450 Θιοσεϐεἰας

1969 2400 2078 2454 πῶς
2139 2390 2398 2467 μεγιττος
2444 2397 2655 2455 armti;
2706 2392 3124 2446 Κωνσταντῦος.
3158 2379 3533 2438 Poteramus

234 2463 328 2525 hic
367 2485 599 2531 veram
649 2469 1007 2537 lectionem
1045 2476 1161 2537 levi
1201 2482 1463 2555 negotio
1505 2484 1802 2545 restituet

1971 2500 1981 2547 ἰ
2020 2463 2433 2566 ριύνδκπρεπῶς
2468 2487 2810 2547 emendare
2859 2489 3153 2562 ἕκπρζπων.
3206 2476 3311 2538 Sic
3364 2476 3539 2536 enim

235 2587 373 2629 eum
427 2571 729 2632 Eusebii
801 2574 1011 2636 locum
1063 2579 1214 2640 citat
1265 2581 1562 2644 Gelasius
1598 2585 1959 2660 Cyzicenus
2016 2587 2083 2646 in
2120 2587 2238 2648 lib.
2278 2605 2360 2658 ιι,
2418 2604 2537 2648 nec
2588 2586 2774 2648 aliter
2821 2579 3247 2645 scribituriu
3312 2577 3424 2639 lib.
3493 2592 3539 2638 ιι

233 2668 491 2732 Eusebii
569 2674 667 2733 De
720 2676 859 2734 vita
909 2678 1330 2757 Constantini,
1395 2705 1531 2766 cap.
1595 2690 1692 2764 19,
1762 2691 1869 2750 ubi
1948 2690 2052 2752 hic
2121 2690 2306 2752 locus
2363 2690 2596 2753 iisdem
2663 2688 2849 2766 plane
2920 2683 3134 2747 verbis
3196 2683 3537 2757 repetitur.

230 2770 536 2853 Denique
592 2774 834 2837 nullus
876 2775 938 2838 in
994 2777 1108 2843 hac
1159 2786 1447 2847 editione
1509 2798 1724 2849 nostra
1770 2791 2148 2852 emendatus
2195 2798 2296 2851 est
2341 2789 2543 2862 locus,
2598 2790 2673 2851 de
2730 2806 2863 2861 quo
2905 2788 2968 2848 in
3009 2782 3539 2848 adnotationibus

236 2874 542 2938 lectorem
597 2891 743 2937 non
805 2880 1285 2957 admonuerim,
1349 2895 1409 2948 et
1467 2890 1945 2951 emendationis
2003 2908 2159 2951 meae
2229 2889 2544 2953 rationem
2617 2903 2748 2950 non
2813 2886 3230 2949 reddiderint.
3296 2884 3541 2944 Emen-

234 2975 522 3037 dationis
585 2995 748 3057 pars
806 2988 905 3041 est
960 3000 1089 3044 non
1139 2992 1497 3060 postrema,
1554 2988 1890 3049 distinctio
1946 2988 2084 3051 sive
2137 2988 2612 3069 interpunctio.
2660 2990 2738 3050 de
2799 3005 2923 3064 qua
2978 2985 3271 3047 nonnihil
3334 3002 3367 3044 a
3433 2997 3537 3042 me

231 3072 589 3138 dicendum
631 3086 765 3153 est,
809 3097 889 3141 ne
923 3081 1086 3143 forte
1122 3088 1392 3149 lectores
1425 3104 1594 3149 novo
1629 3088 2179 3167 interpunctionis
2212 3106 2449 3168 genere
2482 3089 2660 3167 quod
2697 3088 2759 3148 in
2789 3088 2950 3149 hanc
2984 3084 3333 3148 editionem
3366 3103 3397 3144 a
3434 3099 3534 3141 mo

233 3179 519 3253 primum
563 3179 917 3242 invectum
957 3191 1075 3254 est,
1102 3188 1597 3250 conturbantur.
1634 3188 2017 3268 Quanquam
2053 3192 2106 3249 si
2148 3188 2410 3267 proprie
2446 3189 2620 3266 loqui
2672 3188 2973 3260 velimus,
3026 3201 3153 3245 non
3191 3183 3251 3244 id
3292 3200 3529 3242 novum

231 3276 700 3339 distinctionis
766 3296 1004 3357 genus,
1058 3282 1169 3343 sed
1225 3284 1739 3349 vetustissimum
1800 3294 1920 3357 est,
1957 3294 2019 3347 et
2055 3287 2132 3347 ab
2185 3285 2470 3365 antiquis
2528 3285 2834 3346 omnibus
2874 3291 2997 3345 tam
3052 3281 3287 3343 Graecis
3340 3297 3531 3359 quam

233 3372 470 3437 Latinis
510 3388 933 3456 usurpatum
977 3402 992 3441 :
1029 3384 1201 3452 quod
1239 3385 1670 3448 recentiorum
1709 3386 2096 3463 negligentia
2132 3384 2388 3464 penitus
2422 3383 2767 3456 abolitum,
2807 3386 2923 3445 hac
2947 3382 3232 3444 editione
3263 3389 3536 3443 conatus

230 3487 359 3533 sam
391 3477 648 3536 saltem
696 3492 785 3536 ex
822 3485 998 3555 parte
1035 3498 1354 3543 revocare.
1387 3484 1585 3545 Prisci
1630 3485 1894 3563 quidem
1944 3485 2063 3557 illi,
2098 3502 2323 3546 recens
2373 3494 2507 3548 tum
2543 3485 2828 3547 inventis
2878 3483 3238 3545 litterarum
3287 3481 3535 3559 ﬁguris.

234 3588 350 3634 uno
407 3585 660 3636 tenore
714 3575 865 3636 sine
916 3575 1042 3637 ulla
1094 3597 1359 3656 prorsus
1407 3582 1827 3644 distinctione
1873 3584 2265 3646 scribebant.
2313 3586 2471 3658 Quae
2521 3601 2624 3646 res
2683 3601 2827 3644 cum
2887 3584 3231 3645 maximam
3288 3590 3417 3643 tum
3468 3581 3533 3643 in

232 3669 512 3750 legendo
548 3686 694 3736 tum
738 3674 813 3735 in
852 3678 1330 3754 pronuntiando
1363 3681 1629 3744 haberet
1662 3682 2137 3756 diilicultatem,
2169 3693 2421 3749 veteres
2454 3683 2854 3765 grammatici
2894 3691 3024 3744 tres
3061 3672 3383 3761 posituras
3415 3698 3532 3742 seu

233 3773 711 3838 distinctiones
748 3777 1228 3854 excogitarunt,
1268 3780 1509 3860 quibus
1553 3783 1734 3859 quasi
1770 3782 2158 3846 stationibus
2207 3786 2597 3863 quibusdam
2653 3802 2724 3844 ac
2754 3770 3132 3844 diversoriis
3180 3780 3534 3841 continuus

235 3874 553 3934 orationis
614 3888 863 3933 cursus
915 3874 1451 3952 distingueretur.
1524 3877 1796 3938 Primam
1859 3885 2165 3940 vocarunt
2221 3885 2597 3960 ὖπυστιγμήν,
2649 3881 2709 3941 id
2756 3890 2851 3943 est
2906 3878 3536 3942 subdistinctionem;

234 3970 496 4033 alteram
530 3964 747 4055 item»,
788 3972 855 4033 id
891 3982 1010 4046 est,
1046 3974 1305 4035 mediam
1332 3975 1839 4046 distinctionem;
1875 3979 2128 4039 tertiam
2160 3986 2361 4043 τελείαν
2383 3990 2636 4061 στιγμήν,
2662 3978 2727 4040 id
2760 3987 2853 4041 est
2884 3980 3127 4060 ﬁnalem
3155 3996 3268 4040 seu
3293 3977 3537 4055 plenam

231 4067 744 4135 distinctionem.
782 4073 1025 4135 Tribus
1062 4083 1273 4136 autem
1313 4076 1568 4157 punctis
1598 4078 1856 4139 diverso
1895 4078 2025 4139 situ
2061 4078 2394 4157 dispositis
2430 4079 2723 4159 singulas
2750 4076 3176 4163 .nOtaverunt.
3214 4076 3538 4135 Punct‘um

235 4179 408 4238 enim
441 4181 519 4239 ad
562 4180 779 4239 imam
814 4177 1092 4239 litteram
1122 4178 1487 4256 appositum
1522 4178 2142 4243 subdistinctionem
2176 4181 2517 4260 designat;
2554 4184 2755 4245 media
2790 4178 2942 4244 vero
2971 4180 3309 4241 distinctio
3342 4191 3537 4254 quam

236 4275 441 4341 Latini
506 4295 772 4342 moram
830 4278 1265 4357 appellarunt,
1322 4281 1726 4356 signiﬁcatur
1777 4288 2012 4359 puncto
2051 4282 2129 4344 ad
2184 4264 2464 4345 mediam
2517 4284 2789 4345 litteram
2812 4270 3055 4363 "afﬁxo.
3111 4280 3275 4340 Illud
3323 4283 3539 4337 autem

233 4391 583 4459 punctum,
630 4379 819 4460 quod
854 4377 930 4439 ad
970 4385 1157 4456 caput
1193 4377 1421 4439 litterae
1457 4381 1827 4458 apponitur,
1868 4380 2125 4443 ﬁnalem
2181 4382 2445 4444 denotat
2489 4379 3003 4443 distinetione'm.
3051 4379 3287 4439 Harum
3322 4385 3541 4435 autem

236 4485 753 4546 distinctionum
791 4497 939 4559 quae
967 4478 1049 4540 sit
1088 4479 1185 4540 vis
1235 4497 1307 4541 ac
1347 4480 1530 4553 ratio,
1578 4481 1810 4544 docent
1840 4483 2282 4561 grammatici,
2343 4485 2630 4545 Donatus
2662 4488 2723 4543 et
2757 4479 3000 4540 Marius
3037 4474 3438 4545 Victorinus,
3477 4477 3541 4533 et

236 4586 593 4647 Diomedes
627 4584 701 4645 in
737 4583 857 4643 tzb.
892 4599 965 4649 ιι.
995 4583 1104 4659 qui
1137 4599 1306 4644 unus
1345 4583 1549 4644 instar
1583 4585 1874 4648 omnium
1917 4587 2106 4648 nobis
2145 4588 2264 4649 erit
2302 4587 2421 4647 hoc
2458 4587 2625 4647 loco.
2664 4607 2692 4641 α
2731 4581 3051 4669 Le'ctioni,
3080 4579 3323 4658 inquit,
3368 4578 3544 4657 posi-

238 4691 408 4745 turas
440 4687 772 4747 accedere
830 4680 926 4740 vel
981 4680 1433 4743 distinctiones
1488 4694 1766 4761 oportet,
1819 4705 1980 4763 quas
2023 4688 2222 4749 Graeci
2272 4693 2445 4755 θέσεις
2498 4692 2766 4760 vocant;
2798 4701 2943 4765 quae
2976 4683 3144 4743 inter
3195 4680 3538 4758 legendum

240 4786 380 4848 dant
412 4786 687 4866 capiam
727 4782 1037 4858 Spiritum
1076 4781 1433 4855 reﬁciendi,
1480 4802 1560 4845 ne
1592 4787 2086 4850 continuatione
2136 4789 2414 4850 deﬁciat.
2449 4788 2561 4849 Hm
2602 4796 2727 4849 tres
2772 4796 2947 4860 sunt,
2988 4782 3346 4853 distinctio,
3380 4780 3543 4841 θυι)-

241 4888 608 4959 distinctio,
654 4883 880 4945 media
924 4882 1251 4944 distinctio
1299 4884 1439 4945 sive
1493 4903 1694 4957 mora,
1750 4887 1878 4956 vel,
1918 4895 1985 4948 ut
2023 4888 2410 4965 quibusdam
2462 4888 2752 4959 videtur,
2794 4883 3135 4946 submedia
3193 4904 3208 4942 :
3260 4900 3534 4961 quarum

243 4986 595 5047 diversitas
633 4983 856 5045 tribus
894 4984 1146 5060 punctis
1177 4984 1435 5047 diverso
1471 4986 1609 5047 loco
1656 4986 1887 5067 positis
1938 4986 2288 5048 indicatur.
2344 5009 2373 5042 ιο
2420 4987 2497 5047 Et
2530 4986 2720 5064 paulo
2760 4992 2902 5062 post
2939 5007 2954 5046 :
2992 5007 3021 5043 ιι
3062 4982 3401 5045 Distinctio
3442 4987 3541 5041 est

234 5089 474 5149 silentii
512 5095 710 5155 nota,
747 5101 898 5146 curn
936 5101 1129 5146 sensu
1166 5087 1504 5149 terminato
1542 5088 1817 5149 liberum
1854 5095 1949 5150 est
1990 5106 2243 5151 cessare
2280 5088 2623 5165 prolixius.
2672 5089 2774 5148 Est
2815 5083 3012 5165 hujus
3044 5092 3190 5147 nota
3230 5089 3538 5162 punctum

239 5205 423 5265 supra
457 5204 742 5251 versum
780 5184 857 5245 ad
897 5191 1086 5261 caput
1129 5186 1358 5248 Iitterm
1392 5188 1701 5266 positum.
1743 5188 2212 5250 Subdistinctio
2244 5197 2338 5249 est
2393 5189 2637 5249 silentii
2693 5195 2840 5249 nota
2877 5186 3176 5263 legitimi,
3216 5200 3341 5262 qua
3398 5200 3545 5260 pro-

240 5284 681 5349 nuntiationis
724 5284 1051 5343 terminus
1094 5302 1291 5347 sensu
1328 5296 1628 5349 manente
1659 5289 1743 5349 ita
1778 5289 2229 5366 suspenditur,
2272 5300 2340 5351 ut
2378 5291 2595 5350 statim
2632 5286 2914 5368 id,quod
2951 5285 3275 5363 sequitur,
3309 5299 3543 5344 succe-

242 5386 384 5448 dere
416 5389 696 5450 debeat.
741 5383 958 5463 Hujus
992 5393 1208 5447 autem
1243 5393 1389 5446 nota
1425 5393 1523 5447 est
1557 5398 1872 5465 punctum
1918 5390 2040 5448 sub
2091 5405 2280 5450 vorsu
2324 5389 2636 5466 positum.
2669 5391 2845 5449 Mora
2884 5392 2983 5446 est
3030 5384 3191 5444 levis
3227 5384 3292 5444 in
3325 5382 3540 5444 conti-

244 5489 550 5550 nuatione
575 5501 914 5548 sensuum
945 5484 1329 5560 interposita
1358 5486 1695 5557 discretio,
1724 5485 2029 5561 legitimm
2050 5486 2497 5548 distinctionis
2526 5485 3231 5562 subdistinctionisque
3255 5484 3539 5545 medium

239 5588 536 5650 obtinens
578 5587 838 5656 locum,
881 5582 969 5645 ita
1003 5590 1069 5644 ut
1104 5601 1221 5645 nec
1253 5583 1533 5665 perfecta
1566 5586 1631 5647 in
1681 5593 1913 5657 totum,
1968 5603 2086 5648 nec
2117 5588 2357 5648 omissa
2410 5586 2731 5659 videatur,
2770 5586 2880 5648 sed
2914 5583 3392 5662 signiﬁcatione
3425 5586 3548 5645 im-

238 5689 554 5760 morandi,
594 5684 894 5749 alterius
944 5683 1278 5745 desideret
1338 5684 1729 5765 principium
1781 5701 2042 5748 sensus.
2094 5688 2167 5748 Et
2221 5687 2342 5748 hoc
2376 5687 2793 5748 solummodo
2843 5695 3065 5748 servat-
3111 5684 3422 5758 otlicium,
3471 5695 3545 5746 ut

235 5786 511 5867 tegentis
549 5787 881 5868 spiritum
921 5782 1304 5847 brevissima
1344 5785 1778 5864 respiratione
1813 5786 2053 5850 reticiat
2089 5803 2159 5849 ac
2196 5787 2461 5850 nutriat.
2493 5787 2599 5849 Sic
2644 5785 2817 5849 enim
2856 5784 3338 5866 pronuntiando
3393 5782 3547 5846 reti-

3174 6025 3185 6059 t
