3972 6480
464 351 539 409 23
1745 352 2016 410 VALESII
2055 351 2449 409 PRAZFATIO.
3657 345 3728 400 2-5

467 492 612 536 eere
643 473 794 555 quis
826 471 1043 548 debet,
1076 479 1148 534 ut
1177 471 1324 552 quia
1359 472 1631 552 spiritus
1677 472 1816 552 ipse
1856 475 2132 556 quadam
2187 472 2554 536 defectione
2601 475 2912 542 mutatur,
2947 436 3188 533 deinde
3228 473 3615 532 resumatur.
3653 466 3726 528 Ut

465 582 566 640 est
595 593 614 641 :

1285 672 1353 728 Ut
1383 673 1506 727 belli
1533 674 1744 743 signum
1779 673 2037 728 Laurenti
2072 673 2287 727 Turnus
2312 674 2380 726 ah
2410 687 2536 727 arce
2624 669 2630 675 ’

1285 743 1510 810 Extulit,
1546 754 1600 800 et
1629 760 1793 799 rauco
1826 753 2173 811 strepuerunt
2207 759 2409 796 cornua
2436 751 2630 804 cantu;

1277 812 1454 881 thue
1484 831 1635 870 acres
1662 816 1934 869 concussit
1960 829 2152 883 equos,
2193 825 2356 882 utque
2381 813 2593 882 impulit
2622 825 2805 879 arma;

1276 883 1559 954 Extemplo
1589 886 1784 939 turbati
1817 883 2006 938 animi.

459 979 679 1042 Multa;
715 979 890 1042 enim
927 977 1234 1042 clausulae
1257 987 1410 1042 sunt
1460 980 1687 1042 medim
1721 980 1914 1057 hujus
1949 977 2268 1040 lectionis.
2301 980 2584 1040 Primum
2616 994 2698 1038 ne
2729 975 3223 1045 confundantur,
3256 993 3400 1055 qum
3431 978 3628 1036 δίκωλα
3659 979 3720 1033 et

458 1090 692 1163 τρίπωλα
723 1091 1058 1162 ponuntur
1089 1089 1150 1144 et
1187 1081 1361 1144 talia.
1397 1079 1644 1142 Deinde
1685 1090 1746 1142 ut
1781 1090 1960 1145 actus
1994 1084 2336 1145 verborum
2385 1081 2664 1142 emineat
2696 1086 2756 1140 et
2797 1077 3027 1148 luceat,
3059 1076 3168 1155 qui
3207 1096 3282 1138 ex
3316 1077 3536 1154 aliquo
3573 1091 3723 1136 mo-

457 1187 986 1258 veaturaﬂ'ectu,
1037 1187 1134 1249 vel
1172 1183 1622 1261 indignatione
1673 1187 1770 1247 vel
1827 1187 2244 1250 miseratione
2281 1185 2538 1256 collata,
2577 1207 2607 1241 ι
2641 1191 2762 1246 etc.
2801 1182 3186 1260 Hujusmodi
3231 1183 3430 1259 igitur
3485 1179 3722 1243 distin-

457 1290 743 1352 ctionum
773 1308 890 1354 seu
927 1289 1530 1368 interpunctionum
1571 1298 1752 1352 notas
1779 1291 2025 1370 antiqui
2066 1309 2322 1364 omnes,
2356 1299 2481 1352 tam
2515 1288 2714 1351 Graeci
2755 1307 2950 1368 quam
2988 1288 3223 1360 Latini,
3260 1289 3321 1349 in
3363 1287 3544 1349 libris
3577 1289 3717 1348 suis

453 1390 891 1454 adhibuerunt
925 1412 944 1452 :
979 1408 1141 1469 quas
1175 1389 1367 1451 etiam
1424 1373 1653 1452 Isidori
1689 1391 2100 1471 Hispalensis
2146 1400 2328 1454 aetate
2377 1391 2588 1453 adhuc
2623 1393 2690 1454 in
2731 1411 2849 1455 usu
2896 1391 3100 1452 fuisse
3133 1396 3403 1451 constat.
3438 1389 3504 1450 Id
3541 1389 3715 1449 enim

452 1489 764 1552 discimus
796 1508 873 1552 ex
906 1491 1049 1568 ejus
1079 1487 1606 1566 Originumlibro
1650 1508 1694 1562 ι,
1740 1507 1881 1570 cap.
1929 1492 2028 1554 19.
2066 1492 2138 1552 ln
2193 1491 2645 1570 manuscriptis
2683 1508 2944 1572 quoque
3001 1488 3476 1568 exemplaribus
3525 1486 3720 1565 paulo

452 1590 924 1652 vetustioribus
955 1589 1178 1650 eadem
1214 1589 1667 1667 distinguendi
1707 1592 1869 1652 ratio
1899 1599 2215 1670 perpetuo
2247 1602 2569 1655 servatur.
2609 1595 2848 1654 Verum
2889 1590 3305 1659 recentiores,
3349 1606 3464 1650 seu
3511 1587 3720 1664 impe-

451 1691 598 1753 ritia
632 1708 749 1753 seu
785 1689 1032 1752 desidia
1075 1692 1354 1768 quadam
1397 1709 1468 1754 ac
1498 1692 1916 1770 negligentia,
1950 1695 2165 1766 omnia
2197 1702 2702 1758 commutarunt.
2736 1696 2826 1756 Ac
2861 1709 2974 1772 pro
3003 1689 3721 1764 subdistinctionequi-

448 1791 596 1853 dem
637 1792 924 1872 virgulas
961 1800 1354 1871 posuerunt;
1395 1810 1508 1872 pro
1541 1794 1770 1854 mediae
1800 1793 2239 1858 distinctionis
2277 1804 2422 1858 nota
2457 1796 2588 1858 duo
2622 1801 2852 1874 puncta
2885 1813 2900 1852 :
2929 1793 3130 1854 ﬁnalis
3166 1807 3316 1853 vero
3346 1789 3715 1851 distinctio-

454 1891 560 1954 nis
611 1899 826 1955 notam
867 1911 900 1955 a
966 1892 1173 1969 capite
1226 1890 1301 1952 ad
1354 1889 1546 1969 pedes
1599 1891 1827 1953 litterae
1877 1892 2270 1972 dejecerunt.
2322 1893 2528 1967 Quam
2591 1911 2843 1972 pravam
2887 1890 3334 1968 distinguendi
3397 1890 3714 1952 rationem

444 1999 652 2066 secuti
685 2006 834 2060 sunt
869 2016 1094 2060 omnes
1130 1997 1261 2060 fere
1289 1996 1663 2076 typographi
1698 2004 1928 2077 praeter
1957 1999 2191 2060 Aldum
2255 2001 2644 2062 Manutium.
2684 2000 2803 2061 Hic
2835 1997 3006 2060 enim
3043 1999 3107 2057 in
3145 1996 3429 2058 editione
3460 1996 3718 2058 Graeco-

445 2117 587 2159 rum
645 2099 986 2174 librorum,
1019 2117 1182 2179 quos
1223 2118 1388 2182 pene
1428 2101 1940 2166 innumerabiles
1973 2104 2258 2177 excudit,
2295 2121 2432 2166 eam
2478 2121 2732 2182 semper
2763 2101 3357 2179 interpunclionem
3405 2100 3712 2171 retinuit,

442 2220 635 2280 quam
685 2204 750 2264 in
807 2205 1270 2282 manuscriptis
1318 2203 1802 2282 exemplaribus
1843 2207 2204 2268 invenerat.
2240 2209 2312 2268 Et
2348 2207 2632 2285 virgulas
2664 2205 2926 2285 quidem
2961 2204 3135 2284 quod
3188 2204 3453 2276 attinet,
3504 2203 3708 2265 nolim

442 2318 550 2362 eas
583 2300 911 2364 damnare.
958 2304 1185 2365 Parum
1234 2303 1406 2363 enim
1465 2301 1757 2373 interest,
1793 2319 1985 2382 quam
2045 2313 2256 2365 notam
2296 2304 2722 2364 adhibeamus
2758 2301 2832 2362 ad
2871 2299 3485 2362 subdistinctionem
3537 2299 3717 2360 desi-

439 2402 792 2482 gnandam,
827 2403 1019 2466 modo
1051 2422 1122 2465 ea
1159 2409 1310 2464 nota
1346 2403 1418 2464 ad
1465 2403 1659 2478 pedes
1704 2412 2060 2480 apponatur
2093 2405 2340 2466 litterae.
2393 2403 2578 2464 Certe
2611 2403 2672 2463 in
2726 2403 2974 2479 Optimo
3027 2401 3138 2462 illo
3169 2419 3236 2463 ac
3270 2401 3714 2463 vetustissimo

438 2503 664 2565 codice
696 2501 1109 2567 bibliothecae
1140 2503 1505 2573 Mazarinm,
1536 2503 1725 2580 cujus
1757 2511 1946 2565 antea
1981 2503 2378 2565 mentionem
2411 2502 2557 2576 feci,
2593 2503 2916 2563 interdum
2957 2517 3071 2579 pro
3107 2499 3340 2572 media,
3383 2499 3707 2561 interdum

438 2617 553 2678 pro
589 2601 759 2664 ﬁnali
801 2601 1223 2664 distinctione
1253 2601 1566 2679 virgulam
1602 2600 1958 2678 appositam
2016 2601 2247 2676 reperi,
2281 2602 2345 2662 id
2381 2607 2500 2668 est.
2535 2618 2714 2662 nunc
2755 2601 2831 2662 ad
2884 2601 3161 2662 mediam
3198 2602 3498 2672 litteram,
3535 2619 3710 2662 nunc

435 2701 512 2770 ad
547 2720 890 2764 summam.
926 2703 1055 2764 Nec
1090 2703 1300 2766 solum
1339 2707 1610 2784 virgula,
1655 2722 1874 2766 verum
1910 2704 2102 2765 etiam
2162 2705 2410 2767 sicilico
2443 2721 2560 2766 seu
2594 2709 2735 2782 ἁπλῆ
2769 2721 2991 2765 aversa
3026 2721 3495 2782 nonnunquam
3537 2702 3712 2764 des-I-

435 2803 754 2878 gnabatur
806 2802 1014 2866 media
1054 2805 1412 2878 distinctio,
1477 2813 1545 2868 ut
1602 2805 1790 2866 docet
1822 2805 2193 2867 Victorinus
2259 2805 2324 2866 in
2376 2805 2585 2867 libro:
2627 2805 2804 2866 Artis
2841 2805 3278 2885 grammaticae.
3336 2803 3520 2877 Quod
3557 2820 3710 2865 vero

431 2925 556 2989 pro
593 2909 762 2972 ﬁnali
801 2910 1230 2972 distinctione
1271 2911 1465 2973 hodie
1499 2917 1805 2988 punctum
1845 2909 1919 2968 ad
1960 2909 2154 2986 pedes
2190 2909 2415 2971 litterae
2449 2910 2778 2986 ponimus,
2832 2909 2920 2979 id,
2953 2925 3095 2969 meo
3127 2908 3392 2986 quidem
3428 2907 3708 2985 judicio,

431 3010 585 3071 ferri
636 3010 1009 3072 nullatenus
1063 3019 1296 3089 potest.
1349 3011 1574 3088 Neque
1619 3009 1794 3070 enim
1846 3008 2057 3068 solum
2112 3007 2414 3068 vetustati
2460 3007 2519 3068 id
2572 3016 2910 3085 repugnat,
2950 3024 3168 3067 verum
3206 3008 3394 3067 etiam
3447 3007 3708 3069 rationi.

431 3115 686 3194 Quippe
721 3113 882 3175 ratio
935 3121 1242 3193 postulat,
1279 3118 1346 3173 ut
1379 3118 1528 3171 nota
1562 3109 1788 3172 eodem
1838 3109 1967 3170 situ
2019 3108 2221 3187 posita
2271 3112 2562 3169 eamdem
2611 3107 2909 3185 designet
2957 3105 3466 3168 distinctionem.
3527 3109 3705 3166 Pun-

434 3220 604 3278 ctum
644 3213 846 3292 igitur
879 3213 940 3273 in
980 3213 1105 3274 ima
1142 3218 1318 3288 parte
1357 3209 1668 3288 positum,
1710 3207 1881 3267 idem
1917 3207 2280 3285 signiﬁcare
2304 3207 2521 3277 debet,
2555 3209 2722 3285 quod
2758 3207 3004 3285 virgula
3036 3228 3182 3288 quae
3204 3211 3277 3270 ad
3316 3211 3503 3270 imam
3537 3210 3708 3270 litte-

430 3331 565 3388 ram
608 3323 821 3375 notata
853 3325 976 3376 est.
1013 3315 1240 3390 Neque
1273 3309 1445 3373 enim
1483 3316 1629 3370 nota
1663 3309 1822 3386 ipsa,
1861 3310 1971 3369 sed
2011 3317 2178 3371 notae
2212 3310 2378 3370 situs
2414 3310 2616 3372 variat
2648 3309 3173 3374 distinctionem.
3211 3316 3298 3374 Ex
3339 3331 3468 3392 quo
3503 3311 3709 3374 cilici-

432 3427 560 3488 tur,
595 3419 851 3488 ﬁnalem
886 3417 1373 3481 distinctionem
1417 3429 1545 3474 non
1601 3420 1770 3474 recte
1801 3431 1832 3472 a
1869 3412 2058 3472 nobis
2108 3413 2438 3490 designari
2489 3423 2726 3490 puncto
2764 3416 2840 3476 ad
2893 3415 3087 3492 pedes
3126 3417 3351 3478 litterae
3381 3416 3704 3494 apposito.

427 3519 645 3601 Quare
679 3537 808 3580 non
843 3519 985 3580 sine
1015 3534 1204 3579 causa
1237 3521 1521 3575 veterem
1563 3512 2068 3591 interpungendi
2099 3511 2410 3573 rationem
2444 3513 2510 3572 in
2560 3513 2676 3574 hac
2711 3514 3001 3576 editione
3044 3515 3387 3576 restituere
3414 3532 3557 3575 sum
3602 3532 3708 3576 co-

430 3630 642 3686 natus.
677 3623 770 3685 Ac
799 3623 1120 3702 virgulam
1163 3617 1426 3696 quidem
1461 3615 1663 3692 ipsam
1699 3615 1966 3685 retinui,
1996 3615 2239 3694 quippe
2265 3633 2408 3696 quas
2444 3617 2508 3676 in
2541 3618 2914 3679 denotanda
2943 3619 3494 3683 subdistinctione
3527 3620 3700 3683 idem

429 3718 638 3779 valeat
669 3735 740 3779 ac
775 3727 1119 3796 punctum;
1157 3717 1432 3778 mediam
1485 3731 1637 3778 vero
1687 3714 2175 3777 distinctionem
2217 3732 2293 3774 ex
2337 3715 2920 3794 manuscriptorum
2972 3718 3268 3780 codicum
3319 3719 3704 3780 auctoritate

428 3814 569 3877 suis
599 3813 759 3876 locis
790 3815 974 3894 quasi
1020 3812 1423 3892 postliminio
1458 3811 1741 3874 restitui.
1779 3813 1994 3892 Hujus
2033 3829 2224 3890 porro
2272 3812 2612 3873 utilitatem
2647 3831 2719 3875 ac
2772 3818 3226 3880 necessitatem
3281 3819 3591 3890 studiosi,
3635 3827 3705 3880 ut

428 3931 648 3992 spero,
684 3916 984 3976 celeriter
1015 3923 1393 3993 agnoscent.
1425 3916 1652 3994 Neque
1687 3914 1859 3976 enim
1891 3915 2107 3975 solum
2142 3929 2221 3974 eo
2255 3913 2419 3975 valet
2453 3913 2662 3975 media
2697 3913 2803 3976 illa
2837 3916 3199 3991 distinctio,
3237 3927 3302 3979 ut
3336 3929 3706 3981 resumatur

427 4014 701 4092 Spiritus
735 4018 812 4079 ad
843 4016 1237 4098 principium
1273 4017 1542 4078 alterius
1570 4033 1808 4078 sensus
1843 4015 2385 4084 continuandum,
2413 4021 2474 4074 et
2511 4022 2576 4074 ut
2610 4026 2790 4077 actus
2822 4019 3025 4096 magis
3051 4017 3332 4080 emineat
3365 4037 3436 4080 ac
3468 4018 3702 4092 luceat,

424 4113 981 4194 quemadmodum
1025 4118 1255 4182 scribit
1301 4119 1674 4190 Diomedes,
1717 4133 1936 4179 verum
1999 4115 2190 4175 etiam
2255 4115 2329 4175 ad
2382 4116 2736 4176 notandum
2773 4117 3126 4203 discrimen
3177 4135 3598 4198 personarum
3633 4138 3705 4182 ac

425 4217 846 4296 dignitatum.
883 4221 984 4283 Sic
1011 4221 1251 4286 alicubi
1291 4223 1355 4284 in
1395 4223 1494 4284 his
1527 4221 1741 4289 libris,
1785 4219 1900 4280 ubi
1948 4217 1993 4277 Ιε

2134 4237 2186 4278 tt'
2220 4220 2525 4280 ἐπισκόπων
2567 4229 2948 4306 πρεσϐυτέρων
2989 4251 3047 4286 τι
3077 4233 3168 4285 καὶ
3199 4225 3466 4296 διακόνων,
3496 4225 3702 4288 codex

426 4319 926 4383 eminentissimi
963 4323 1306 4394 cardinalis
1355 4331 1499 4402 post
1533 4339 1758 4386 vocem
1793 4320 2093 4382 ἐπισκόπων
2129 4322 2401 4382 mediam
2445 4321 2710 4386 adhibet
2756 4325 3267 4387 distinctionem.
3318 4325 3436 4384 Sed
3474 4332 3535 4384 et
3569 4325 3705 4400 ple-

429 4423 648 4500 risque
679 4423 742 4484 in
787 4424 944 4487 locis
979 4433 1286 4504 punctum
1333 4427 1408 4487 ad
1446 4431 1636 4503 caput
1685 4424 1915 4484 Iitterm
1972 4421 2186 4498 posui,
2228 4422 2309 4484 ad
2346 4424 2603 4485 ﬁnalem
2649 4425 3136 4488 distinctionem
3172 4424 3639 4501 (lesignandam
3683 4446 3698 4484 :

429 4521 673 4600 ubique
711 4525 773 4586 id
811 4525 1099 4589 facturus
1128 4572 1146 4602 ,
1193 4529 1324 4592 nisi
1355 4527 1453 4588 vis
1501 4526 1748 4587 inolitm
1781 4513 2287 4585 consuetudinis
2347 4541 2448 4586 me
2481 4525 2560 4586 ab
2599 4525 2874 4605 incmpto
2932 4532 3322 4588 revocasset.
3381 4523 3700 4586 Caeterum

425 4623 600 4702 quod
637 4640 758 4703 ego
790 4625 856 4687 in
891 4628 1006 4690 hac
1043 4629 1333 4692 editione
1360 4634 1607 4690 tantum
1645 4643 1721 4688 ex
1759 4631 1934 4698 parte
1969 4624 2262 4704 prtBSlili,
2311 4624 2374 4685 id
2420 4624 2498 4686 ab
2531 4625 2678 4686 aliis
2709 4625 2948 4703 majore
2978 4622 3268 4684 doctrina
3309 4630 3370 4686 et
3415 4626 3703 4684 auctori-

424 4729 552 4784 tate
592 4727 902 4802 praeditis,
934 4729 1052 4807 qui
1085 4737 1375 4792 veterum
1411 4728 1618 4792 libros
1648 4727 1918 4808 posthac
1949 4724 2186 4786 edituri
2224 4731 2404 4797 sunt,
2434 4725 2717 4797 tandem,
2751 4733 2816 4785 ut
2853 4739 3070 4801 spero,
3105 4724 3694 4786 consummabitnr.

422 4827 635 4902 Atque
665 4825 798 4887 haec
829 4828 909 4890 de
941 4828 1404 4898 emendatione
1439 4835 1498 4888 et
1530 4824 1952 4887 distinctione
1989 4830 2203 4885 nostra
2239 4823 2612 4885 summatim
2650 4823 2817 4886 dicta
2866 4823 3206 4887 sulliciant.
3245 4825 3426 4888 Nunc
3459 4827 3536 4887 ad
3573 4827 3695 4886 La-

422 4923 621 4985 tinam
660 4924 1262 5006 interpretationem
1297 4928 1663 4990 veniamus.

499 5046 638 5110 Non
695 5048 928 5112 dubito
996 5051 1234 5114 multos
1295 5049 1431 5111 fore
1484 5050 1596 5127 qui
1649 5048 1968 5111 mirentur
2009 5065 2204 5126 quam
2255 5049 2338 5110 ob
2386 5065 2517 5109 rem
2555 5054 2700 5123 post
2737 5055 2864 5109 tres
2897 5047 3159 5108 Latinos
3191 5044 3454 5106 Eusebii
3492 5045 3700 5105 inter-

416 5158 630 5230 pretes
657 5195 676 5224 ,
734 5170 982 5235 eosque
1047 5155 1112 5215 in
1162 5155 1400 5216 Grtecis
1457 5153 1689 5215 litteris
1743 5170 1870 5213 non
1927 5153 2344 5214 mediocriter
2372 5153 2800 5218 exercitatos,
2837 5159 3122 5228 quartam
3156 5149 3294 5226 ipse
3327 5147 3697 5210 versionem

415 5253 913 5318 elaboraverim.
940 5257 1197 5331 Quibus
1231 5258 1511 5334 primum
1547 5257 1633 5320 ita
1669 5255 2068 5334 respondeo:
2095 5257 2158 5318 Si
2193 5266 2342 5334 post
2371 5256 2710 5328 Ruﬁnum,
2750 5253 2861 5334 qui
2907 5251 3356 5312 Ecclesiaslicw
3389 5251 3700 5310 Historia»

419 5351 618 5417 libros
674 5357 926 5435 primus
983 5357 1050 5417 in
1098 5356 1398 5421 Latinum
1435 5373 1807 5423 sermonem
1855 5358 2214 5430 convertit,
2269 5357 2452 5418 licuit
2489 5355 2783 5415 Musculo
2827 5371 3052 5414 novam
3094 5355 3694 5430 interpretationem

413 5457 728 5526 condere,
780 5456 837 5516 si
897 5473 1124 5518 rursus
1173 5468 1316 5534 post
1362 5455 1730 5522 Musonium
1773 5456 1944 5518 idem
1979 5457 2168 5518 licuit
2201 5454 2830 5531 ChristOphorsono,
2866 5471 2981 5515 cur
3019 5453 3175 5512 mihi
3217 5468 3479 5530 quoque
3517 5450 3693 5513 idem

403 5554 574 5635 juris
637 5572 770 5618 non
818 5554 1016 5619 fuerit
1077 5559 1252 5636 quod
1316 5558 1613 5620 caeteris?
1661 5561 1847 5638 Apud
1885 5561 2146 5625 Iudaeos
2182 5565 2330 5638 post
2375 5555 2787 5633 Septuaginta
2832 5555 3174 5617 Seniorum
3214 5554 3566 5615 editionem
3603 5562 3696 5616 tot

414 5663 964 5718 sacramentorum
1021 5657 1366 5737 religione,
1420 5666 1512 5722 tot
1571 5662 1955 5729 saeculorum
1995 5661 2379 5725 aucto-ritate
2432 5658 2742 5718 ﬁrmatam
2771 5701 2786 5728 ,
2833 5654 3065 5732 Aquila
3105 5653 3410 5731 primum,
3452 5657 3694 5719 deinde

413 5759 818 5834 Theodotion
863 5771 925 5822 et
967 5761 1390 5842 Symmachus
1445 5783 1641 5836 novas
1694 5767 1946 5835 Veteris
1979 5761 2373 5832 Testamenti
2425 5761 3000 5840 interpretationes
3036 5758 3280 5836 singuli
3323 5760 3689 5826 ediderunt.
