3972 6530
249 397 316 452 ες
1535 381 1807 439 γΑιεδιι
1846 377 2243 437 ΡΒΑΞΕΑἸῚΟ.
3469 378 3544 434 36

250 518 490 596 Quinta
541 513 704 573 item
756 513 1106 589 Sextazque
1142 527 1213 571 ac
1246 506 1544 586 Septima;
1586 480 1897 564 editionis
1935 507 2227 562 auctores
2269 498 2534 577 quidam
2589 495 2823 574 reperti
2868 506 3046 574 sunt,
3085 515 3362 578 quorum
3415 517 3540 560 nn-

256 623 412 686 mina
446 619 898 694 ignorantur:
941 630 1183 692 easque
1227 627 1454 674 omnes
1488 606 1826 670 versiones
1855 604 2171 682 Origenes
2207 603 2270 662 in
2310 600 2623 680 Hexaplis
2656 601 2794 662 suis
2826 603 3192 674 collocavit,
3231 610 3301 664 ut
3342 620 3378 664 a
3426 620 3537 665 ca-

256 724 496 790 tholicis
552 718 958 780 hominibus
1010 717 1402 794 legerentur.
1453 711 1642 786 Quod
1694 709 1894 786 igitur
1931 706 2173 768 Judaais
2216 706 2280 765 in
2323 704 2541 766 Veteri
2594 706 3014 767 Testamento
3053 707 3264 780 licuit,
3311 724 3427 770 cur
3466 707 3535 767 in

254 830 524 895 Eusebio
562 824 729 886 mihi
770 840 903 884 non
943 821 1150 894 liceat,
1181 819 1461 881 maxime
1491 835 1636 879 cum
1686 816 1748 877 id
1781 815 2021 876 audere
2054 812 2120 872 in
2168 812 2452 873 Eusebio
2495 811 2710 871 minus
2747 811 3178 888 periculosum
3206 813 3313 884 sit,
3343 827 3532 890 quam

251 940 306 999 in
356 930 552 994 saeri‘s
602 928 991 988 divinarum
1042 923 1514 1001 Scripturarum
1559 921 1773 982 libris?
1808 918 2156 979 Enimvero
2189 915 2409 976 multa:
2443 932 2662 994 eaeque
2704 915 3102 992 gravissima;
3133 917 3414 977 rationes
3453 916 3532 976 ad

249 1055 418 1102 novre
452 1036 660 1111 hujus
713 1029 1281 1108 interpretationis
1313 1044 1479 1088 onus
1510 1026 1916 1087 subeundum
1961 1039 2061 1083 me
2098 1020 2192 1083 vel
2236 1019 2511 1082 invitum
2556 1021 2974 1098 impulerunt.
3027 1021 3179 1082 Nam
3228 1038 3375 1083 cum
3421 1037 3536 1082 no-

247 1158 370 1202 vam
416 1131 897 1196 Ecclesiasticae
944 1126 1254 1188 Historiae
1304 1127 1655 1187 editionem
1703 1131 1920 1183 vestro
1945 1121 2138 1198 jussu
2176 1119 2540 1196 vestrisque
2573 1120 2889 1196 auspiciis
2926 1121 3360 1200 suscepissem
3385 1163 3402 1192 ,
3440 1122 3534 1182 vi-

243 1245 613 1309 deremnue,
652 1231 1079 1312 superiorum
1112 1229 1528 1305 interpretum
1557 1223 1888 1286 versiones
1910 1221 1992 1282 ob
2015 1220 2281 1282 crebros
2313 1235 2568 1281 errores
2603 1239 2674 1281 ac
2699 1227 3084 1302 παριρμηνείας
3120 1237 3529 1300 nequaquam

240 1342 604 1409 satisfacere
660 1335 996 1397 desiderio
1049 1333 1381 1394 doctorum
1443 1333 1728 1392 virorum
1764 1372 1782 1402 ,
1843 1325 2391 1408 quemadmodum
2444 1325 2716 1388 Joannis
2753 1327 3033 1389 Curterii
3074 1335 3135 1388 et
3172 1327 3338 1388 Petri
3381 1327 3532 1388 Hal-

239 1446 404 1512 loixii
440 1442 836 1508 testimonio
865 1440 991 1518 jam
1030 1447 1214 1500 antea
1255 1439 1642 1500 declaratum
1681 1442 1816 1506 est,
1869 1433 2145 1494 duorum
2179 1432 2450 1493 alterum
2481 1431 2637 1492 mihi
2678 1432 3044 1494 necessario
3095 1430 3527 1510 praestandum

238 1553 376 1626 fuit,
429 1556 502 1612 ut
557 1546 662 1608 vel
725 1545 1063 1620 antiquam
1126 1542 1726 1622 interpretationem
1778 1538 2196 1615 corrigerem,
2247 1536 2342 1597 vel
2383 1543 2555 1598 certe
2590 1537 3008 1614 procuderem
3044 1553 3297 1598 novam.
3330 1536 3529 1598 Porro

237 1655 493 1716 aliorum
551 1643 1172 1725 interpretationem
1223 1648 1570 1726 corrigere,
1631 1653 1696 1706 ut
1760 1643 2105 1706 molestum
2160 1658 2272 1719 per
2313 1658 2384 1702 se
2429 1658 2502 1703 ac
2541 1640 2829 1714 difﬁcile,
2865 1640 2950 1702 ita
2988 1641 3177 1700 etiam
3226 1640 3524 1700 odiosum

238 1761 591 1822 videbatur.
646 1756 776 1816 Sua
827 1752 1002 1812 enim
1040 1741 1280 1834 cuique
1319 1753 1482 1826 laus,
1515 1769 1675 1813 suus
1714 1751 1922 1812 honos
1956 1749 2230 1810 debetur
2263 1766 2294 1808 a
2331 1747 2548 1810 nobis.
2585 1748 2908 1810 Fecerunt
2952 1747 3041 1808 illi
3081 1748 3399 1825 quidquid
3440 1748 3506 1808 in

237 1863 375 1942 ipsis
426 1859 590 1928 fuit,
645 1863 712 1918 et
766 1869 892 1914 suo
945 1851 1161 1915 labore
1207 1862 1499 1914 nostrum
1550 1851 1830 1912 laborem
1869 1850 2083 1912 levare
2123 1867 2195 1910 ac
2233 1849 2531 1910 minuere
2566 1849 2780 1911 conati
2814 1855 2993 1909 sunt.
3050 1849 3326 1909 Proinde
3359 1864 3524 1923 Opus

239 1967 765 2045 uniuscujusque
810 1958 1184 2034 interpretis
1231 1955 1626 2018 laudandum
1677 1956 1896 2033 potius
1945 1963 2041 2014 est
2081 1973 2112 2015 a
2163 1954 2353 2015 nobis
2405 1971 2600 2033 quam
2637 1952 3187 2030 iuterpolandum.
3225 1953 3522 2024 Rufinus,

236 2069 514 2148 quamvis
580 2079 860 2124 sensum
921 2060 1139 2138 potius
1191 2061 1460 2121 Eusebii
1511 2066 1818 2138 sequatur
1872 2075 2068 2139 quam
2106 2059 2324 2129 verba,
2367 2065 2577 2120 tersus
2609 2067 2703 2119 est
2733 2066 2944 2119 tamen
2979 2076 3052 2118 ac
3091 2058 3374 2131 nitidus,
3409 2075 3527 2118 nec

238 2167 598 2247 legentibus
638 2160 1085 2243 injucundus;
1118 2181 1190 2224 ac
1240 2169 1334 2223 vel
1375 2182 1451 2224 eo
1487 2163 1749 2223 nomine
1790 2161 2138 2240 plurimum
2176 2159 2565 2235 laudandus,
2617 2161 2788 2239 quod
2829 2159 3334 2221 Ecclesiaslicam
3373 2158 3527 2219 His-

234 2275 439 2334 torium
480 2271 747 2350 primus
784 2264 1029 2324 Latinae
1064 2264 1299 2341 lingum
1336 2263 1714 2323 hominibus
1747 2262 1947 2334 dedit,
1985 2261 2168 2338 cujus
2225 2259 2530 2322 versione
2579 2262 2653 2321 ad
2703 2267 2984 2320 nostram
3019 2277 3227 2340 usque
3273 2268 3522 2321 aetatem

232 2395 325 2440 usa
367 2385 464 2437 est
505 2370 897 2436 Occidentis
935 2363 1244 2426 Ecclesia.
1280 2361 1618 2424 Musculus
1652 2361 1871 2425 verbis
1907 2361 2198 2440 pressius
2233 2360 2560 2435 adhaeret,
2595 2367 2654 2419 et
2692 2360 2757 2420 in
2794 2361 3279 2438 interpretando
3313 2361 3527 2423 brevis

230 2487 310 2538 est
358 2485 563 2552 atque
623 2471 1044 2550 perSpicuus,
1087 2468 1445 2547 multisque
1484 2468 1549 2527 in
1592 2467 1749 2529 locis
1783 2466 2390 2544 Christoiihorsono
2430 2463 2704 2526 felicior.
2741 2465 3412 2542 Christoiiborsonus,
3455 2478 3525 2528 ut

225 2579 588 2657 diligentior
641 2592 718 2636 ac
779 2572 1034 2636 doctior
1089 2575 1410 2647 Musculo,
1447 2573 1541 2635 sic
1592 2573 1783 2633 etiam
1836 2569 2250 2632 numerosior
2302 2571 2566 2644 incedit,
2600 2579 2660 2631 et
2692 2569 3180 2632 Ciceronianum
3215 2571 3522 2650 quiddam

224 2693 418 2749 sonat.
469 2686 798 2744 Praeterea
844 2694 1007 2743 usus
1052 2687 1148 2739 est
1199 2677 1657 2754 manuscriptis
1691 2677 2176 2755 exemplaribus
2209 2675 2284 2736 ad
2320 2674 2924 2764 interpretationem
2958 2693 3138 2736 suam
3181 2676 3528 2738 elaboran-

221 2788 391 2847 dam:
433 2787 838 2866 primusque
872 2781 1328 2860 Panegyricum
1363 2779 1654 2855 Eusebii,
1690 2773 1935 2841 dictum
1973 2779 2444 2841 tricennalibus
2478 2778 2920 2850 Constantini,
2959 2781 3182 2841 Latino
3212 2799 3522 2844 sermone

221 2889 430 2960 edidit,
488 2906 696 2964 quem
764 2894 990 2963 postea
1046 2888 1458 2949 Genevenses
1506 2886 1881 2966 typographi
1922 2887 2142 2950 Graece
2192 2889 2622 2950 excuderunt.
2675 2889 2852 2949 Dicet
2889 2888 2991 2950 hic
3031 2889 3316 2968 aliquis:
3351 2890 3522 2964 Quid

218 2988 400 3066 igitur
433 3006 608 3067 opus
645 2988 775 3050 fuit
813 3004 981 3052 nova
1023 2991 1320 3053 versione
1346 3036 1363 3064 ,
1400 3009 1546 3053 cum
1595 2992 1686 3053 illi
1727 2993 2116 3068 interpretes
2151 2999 2240 3054 tot
2275 2995 2605 3072 tantisque
2639 2992 2943 3055 laudibus
2975 2995 3357 3058 abundent?
3388 2999 3522 3075 Ego

221 3113 356 3159 vero
395 3097 633 3158 laudes
664 3095 937 3158 illorum
972 3112 1432 3166 commemoro,
1470 3113 1598 3157 non
1641 3097 1793 3156 vitia
1829 3097 2056 3171 detego
2093 3118 2110 3158 :
2148 3114 2292 3174 quae
2315 3098 2577 3174 quidem
2613 3097 2891 3159 aliorum
2926 3098 3300 3159 testimonio
3322 3118 3513 3178 quam

219 3214 342 3258 meo
369 3198 565 3274 prodi
627 3195 884 3258 malim.
944 3196 1129 3271 Quod
1186 3197 1237 3256 si
1291 3195 1441 3276 quis
1481 3196 1929 3258 adnotationes
1980 3213 2153 3256 meas
2196 3195 2450 3274 legerit,
2508 3207 2618 3259 aut
2666 3199 3270 3277 interpretationem
3309 3218 3511 3262 meam

218 3322 338 3365 cum
375 3305 657 3366 illorum
694 3304 1008 3365 versione
1039 3298 1329 3360 conferre
1379 3298 1692 3372 voluerit,
1730 3297 2053 3375 intelliget
2095 3299 2382 3375 profecto
2416 3307 2574 3377 quot
2605 3299 3004 3378 quantisque
3046 3301 3378 3361 erroribus
3415 3321 3514 3363 re-

217 3406 370 3471 ferte
400 3410 546 3471 sint
581 3408 856 3469 illorum
895 3408 1490 3482 interpretationes,
1532 3421 1648 3464 nec
1690 3403 1830 3464 sine
1865 3420 2053 3463 causa
2095 3419 2326 3462 novam
2355 3401 2621 3462 Eusebii
2667 3401 3028 3462 versionem
3065 3401 3222 3462 milii
3263 3421 3296 3463 a
3330 3402 3512 3466 vobis

216 3509 564 3588 injunctam
617 3509 863 3572 fuisse.
905 3508 1025 3569 Sed
1067 3509 1378 3586 quoniam
1414 3523 1541 3569 non
1578 3506 1907 3568 voluntate
1943 3505 2052 3565 sed
2097 3507 2480 3568 necessitate
2513 3506 2786 3585 quadam
2824 3505 2889 3566 in
2927 3505 3105 3567 hunc
3137 3523 3508 3568 sermonem

217 3613 505 3691 delapsus
571 3632 751 3688 sum,
801 3617 888 3674 de
939 3608 1348 3685 superiorum
1381 3607 1807 3686 interpretum
1846 3606 2016 3667 vitiis
2053 3609 2421 3667 summatim
2463 3626 2660 3686 pauca
2702 3609 2938 3670 dicam.
2987 3611 3143 3671 Nam
3186 3611 3238 3672 si
3278 3622 3508 3672 cuneta

217 3712 449 3775 illorum
525 3718 833 3794 σςάλματα
886 3711 1264 3791 singillatim
1323 3714 1552 3774 vellem
1609 3731 2032 3790 percensere,
2085 3712 2151 3772 in
2204 3711 2594 3774 immensum
2651 3714 3114 3776 extenderetur
3161 3716 3390 3777 oratio.
3431 3715 3507 3780 Ut

216 3812 380 3890 igitur
437 3833 478 3877 ει
551 3815 792 3876 Rufino
845 3815 1184 3882 exordiar.
1215 3814 1366 3894 quis
1411 3814 1616 3876 nescit
1651 3813 1833 3875 illum
1879 3813 2157 3873 Eusebio
2195 3813 2392 3874 multa
2427 3831 2539 3890 pro
2574 3814 2842 3876 arbitrio
2892 3815 3262 3889 addidisse,
3307 3816 3503 3877 multa

214 3918 587 3994 detraxisse,
622 3920 832 3982 multa
871 3927 1184 3992 mutasse;
1217 3937 1291 3981 ac
1329 3918 1656 3998 plerisque
1693 3919 1754 3979 in
1796 3917 1950 3980 locis
1977 3924 2361 4002 παραφράστην
2393 3921 2605 3997 potius
2641 3937 2781 3981 esse
2811 3936 3002 3999 qnam
3043 3920 3454 3996 interpretem
3479 3926 3509 3984 τ

212 4019 488 4096 Exempli
536 4024 769 4102 gratia,
811 4023 877 4082 in
908 4021 1073 4084 libro
1107 4043 1192 4086 vn
1225 4023 1305 4087 de
1337 4024 2119 4103 Gregoriileaumaturgi
2150 4026 2506 4099 miraculis,
2541 4027 2695 4089 satis
2729 4026 3037 4104 prolixam
3074 4029 3506 4090 narrationem

211 4117 484 4198 insermt,
531 4142 680 4202 qum
713 4126 782 4186 in
824 4127 1079 4190 Eusebii
1110 4131 1313 4192 nostri
1348 4131 1831 4210 exemplaribus
1864 4148 1990 4191 non
2040 4131 2334 4194 habetur.
2376 4132 2581 4203 Idem,
2617 4132 2682 4192 in
2731 4131 2894 4192 libro
2933 4149 2993 4190 ix
3033 4131 3296 4192 Luciani
3335 4149 3510 4194 mar-

211 4221 339 4294 tyris
370 4224 760 4287 orationem
804 4245 921 4304 pro
953 4231 1080 4294 fide
1119 4241 1335 4296 nostra
1368 4250 1593 4295 coram
1631 4232 1856 4311 judice
1898 4230 2177 4293 habitam
2211 4242 2721 4304 commemorat,
2755 4249 2945 4306 quam
2983 4231 3243 4292 Eusebii
3281 4249 3510 4293 exem-

209 4321 374 4397 plaria
403 4342 555 4386 non
592 4337 993 4404 agnoscunt.
1029 4333 1167 4393 Jam
1204 4351 1358 4396 vero
1391 4333 1716 4395 decimum
1749 4332 2209 4394 Ecclesiasticw
2251 4334 2560 4394 Historia!
2598 4327 2828 4394 librum
2867 4341 3068 4393 totum
3103 4333 3232 4395 fere
3269 4332 3332 4394 in
3371 4353 3509 4396 ver-

207 4423 360 4486 sione
393 4446 531 4490 sua
582 4431 1024 4504 prretermisn.
1066 4433 1236 4496 Nihil
1268 4435 1370 4497 hic
1404 4434 1547 4495 dico
1589 4433 1668 4494 de
1709 4423 2028 4510 capitibus
2066 4432 2144 4492 ab
2179 4447 2255 4492 eo
2288 4414 2704 4493 commutatis
2733 4433 2794 4491 in
2849 4430 3011 4491 libro
3063 4436 3247 4490 sexto
3286 4448 3356 4490 ac
3392 4449 3494 4492 se-

206 4525 414 4602 ptimo,
458 4531 1024 4612 quandoquidem
1060 4536 1122 4595 in
1157 4533 1686 4596 adnotationibus
1721 4533 1886 4592 meis
1923 4531 2037 4591 hac
2074 4529 2154 4590 de
2197 4547 2264 4590 re
2308 4529 2607 4591 lectorem
2667 4527 2999 4588 admonui.
3037 4526 3207 4599 Quot
3244 4528 3504 4590 Eusebii

205 4623 311 4688 loca
361 4632 438 4694 ab
511 4632 636 4694 illo
695 4652 1039 4713 perperam
1095 4643 1352 4717 accepta
1399 4644 1462 4698 et
1515 4636 1932 4714 interpretata
1978 4635 2167 4695 sunt!
2209 4633 2332 4694 Hic
2365 4633 2612 4713 estqui
2656 4652 2736 4693 ex
2787 4631 3086 4693 Zacharia
3124 4633 3499 4706 sacerdote,

203 4728 356 4805 cuius
404 4734 471 4795 in
532 4735 906 4812 Evangelio
956 4741 1142 4803 Lucae
1173 4741 1241 4803 fit
1283 4742 1570 4812 mentio,
1608 4749 1950 4820 martyrem
2000 4740 2190 4801 nobis
2228 4740 2730 4818 Lugdunensem
2775 4740 3012 4800 etl'ccit.
3063 4741 3184 4800 Hic
3240 4749 3338 4802 est
3388 4743 3502 4820 qui

207 4825 539 4899 Bibliadem
601 4854 757 4898 cum
802 4839 1117 4904 Blandina
1153 4845 1466 4906 confudit.
1521 4845 1642 4906 Hic
1688 4851 1785 4905 est
1826 4845 1939 4922 qui
1976 4843 2427 4904 Philoromum
2463 4843 2946 4906 nobilissimum
2989 4853 3379 4926 martyrem,
3423 4866 3500 4910 ex

204 4937 485 5004 rationale
541 4941 900 5005 tribunum
944 4949 1221 5010 militum
1261 4949 1436 5012 fecit.
1488 4952 1582 5013 De
1628 4949 1927 5012 Musculo
1978 4967 2131 5010 vero
2181 4949 2340 5028 quid
2374 4949 2607 5011 attinet
2638 4949 2880 5025 dicere,
2931 4950 3120 5029 cujus
3168 4954 3500 5015 versiones

204 5041 340 5114 (nam
395 5059 460 5112 et
518 5051 707 5114 alios
766 5050 1119 5129 scriptores
1186 5053 1408 5114 Latine
1460 5053 1923 5131 interpretatus
1983 5053 2102 5130 est)
2155 5070 2280 5114 non
2337 5071 2729 5131 magnopere
2775 5055 3135 5130 probantur
3181 5074 3213 5118 a
3250 5057 3501 5118 doctis?

199 5143 768 5213 lnnnumerabiles
802 5153 946 5230 ejus
985 5173 1239 5219 errores
1279 5158 1566 5236 proferre
1603 5175 1856 5234 possem
1886 5202 1903 5230 ,
1940 5158 1992 5218 si
2054 5156 2286 5220 vellem
2325 5180 2340 5219 :
2382 5158 2552 5219 inter
2577 5174 2742 5238 quos
2781 5158 2885 5220 hic
2920 5161 3190 5223 eminet.
3247 5161 3499 5238 Diony-

196 5245 310 5310 sius
342 5253 899 5328 Alexandrinus,
934 5255 999 5317 in
1029 5257 1298 5338 epistola
1331 5260 1646 5322 adversus
1690 5263 2086 5323 Germanum
2115 5305 2131 5334 ,
2166 5279 2361 5338 quam
2401 5261 2594 5324 refert
2627 5263 2959 5327 Eusebius
2992 5264 3052 5325 in
3087 5263 3252 5324 libro
3284 5274 3493 5340 sexto,

194 5353 262 5406 ait
288 5366 354 5412 se
382 5364 521 5434 ,περὶ
564 5361 733 5420 ἡλίου
775 5354 993 5433 δυσμάς
1022 5364 1565 5440 comprehensum
1599 5385 1632 5428 a
1665 5369 1751 5428 mi

1924 5387 2013 5442 αις,
2048 5375 2107 5430 et
2144 5369 2505 5446 Taposirim
2547 5387 2690 5449 esse
2735 5371 3143 5450 perductum.
3186 5373 3492 5435 At‘lt‘lus-

191 5453 352 5516 culus
398 5458 893 5538 Heliodysmas
941 5463 1250 5542 oppidum
1289 5483 1434 5531 esse
1465 5468 1760 5530 credidit.
1795 5469 1901 5531 Sic
1930 5468 2101 5529 enim
2139 5469 2326 5529 vertit
2367 5490 2384 5531 :
2419 5469 2553 5546 Ego
2585 5488 2849 5551 namque
2888 5489 3024 5530 cum
3055 5468 3494 5549 Heliodysmas

194 5573 298 5616 una
327 5579 466 5621 cum
497 5563 643 5624 illis
675 5562 800 5642 qui
830 5581 1060 5628 mecum
1092 5578 1267 5630 erant
1293 5613 1308 5640 ,
1340 5572 1634 5632 venissem
1655 5615 1674 5645 ,
1713 5572 2075 5650 Taposirim
2105 5590 2142 5630 a
2165 5570 2482 5632 militibus
2517 5570 2748 5632 ductus
2779 5591 2938 5632 sum.
2977 5573 3147 5634 Idem
3187 5585 3489 5648 praeterea

190 5657 508 5729 Musculus
544 5669 801 5730 librum
844 5666 1110 5730 Eusebii
1145 5669 1232 5728 De
1265 5671 1650 5748 martyribus
1687 5670 2077 5746 Palestina,
2127 5676 2240 5756 qui
2281 5673 2618 5752 subjectus
2662 5680 2760 5736 est
2810 5676 2974 5735 libro
3029 5693 3142 5736 vm
3181 5677 3490 5737 Historia:

190 5757 676 5842 Erclesiaslicc,
720 5775 934 5832 totum
969 5771 1033 5834 in
1068 5772 1369 5836 versione
1401 5792 1516 5838 sua
1565 5777 2017 5854 praetermisit;
2055 5793 2246 5855 quam
2297 5777 2380 5840 ob
2428 5792 2713 5851 causam,
2752 5776 2995 5842 nescio.
3033 5779 3140 5840 Est
3173 5777 3485 5852 enimille

3623 87 3883 94 —-—r——‘—-—v—m—“
