3972 6484
512 338 587 395 27
1778 332 2051 390 νΑιΕεη
2085 328 2476 389 ΡιιΑεῖΑτιο.
3687 318 3760 374 ιδ

518 453 777 518 Eusebii
835 454 998 518 liber
1041 452 1586 533 elegantissimus.
1632 451 1933 527 Superest
1957 428 2170 511 versio
2197 443 2469 507 Joannis
2498 440 3087 522 Christophorsoni,
3120 455 3264 520 quin
3297 454 3413 502 nec
3456 436 3595 516 ipsa
3628 453 3755 497 nae—

514 557 613 617 vis
642 556 779 618 suis
812 564 1003 618 caret.
1035 556 1219 629 Nam,
1259 567 1332 621 ut
1367 558 1656 621 omittam
1697 554 2126 617 barbarismos
2155 551 2269 633 qui
2303 551 2371 611 in
2399 550 2502 611 illa
2527 548 2767 626 saepius
2799 554 3169 621 occurrunt,
3201 543 3472 606 nimium
3506 540 3754 619 prolixa

513 675 575 725 et
604 662 907 725 laciniosa
939 669 1035 724 est
1066 662 1208 739 ejus
1239 655 1704 733 interpretatio,
1737 653 1895 714 dum
1928 667 2117 712 voces
2141 646 2450 729 quasdam
2483 647 2661 708 addit
2690 649 2765 707 ad
2807 645 3189 722 explendam
3238 642 3576 722 periodum
3598 683 3616 712 ,
3648 647 3759 702 aut

512 761 588 821 ad
628 760 1023 821 obscurioris
1074 756 1197 818 loci
1241 755 1727 835 expositionem
1774 770 1926 816 suas
1975 750 2191 830 adjicit
2233 755 2598 823 ἐπεξηγήσιις.
2651 745 2979 807 Interdum
3016 744 3205 808 etiam
3239 761 3315 805 ex
3354 742 3608 804 duabus
3652 759 3762 816 pe-

512 866 714 927 riodis
762 881 950 926 unam
985 863 1171 931 facit,
1202 868 1264 922 et
1296 861 1426 920 duo
1458 857 1659 937 capita
1694 856 1757 916 in
1794 870 1996 916 unum
2048 850 2325 925 confert,
2375 852 2534 912 adeo
2571 857 2639 911 ut
2674 850 3046 911 Latinorum
3098 847 3376 927 capitum
3421 844 3757 906 distinctio

512 967 582 1028 in
630 969 773 1043 ejus
824 964 1353 1040 interpretatione
1402 962 1674 1023 multum
1714 958 2034 1035 discrepet
2065 975 2097 1017 a
2127 955 2370 1016 Graeca.
2400 954 2558 1028 Qum
2592 971 2694 1015 res
2722 964 3025 1031 quantam
3065 951 3262 1030 pariat
3296 948 3652 1012 molestiam
3686 964 3759 1009 ac

515 1063 1064 1138 perturbationem
1103 1064 1164 1124 in
1196 1066 1573 1129 citandisex
1609 1062 1895 1125 Eusebio
1936 1061 2124 1133 locis,
2175 1067 2415 1122 norunt
2455 1075 2683 1120 omnes
2728 1056 3033 1118 studiosi.
3067 1056 3239 1117 idem
3278 1057 3339 1115 in
3378 1052 3761 1129 theologicis

513 1163 778 1241 quidem
815 1164 970 1224 satis
1009 1165 1395 1231 exercitatus
1442 1168 1604 1240 fuit,
1639 1168 1748 1229 sed
1782 1166 2022 1227 critica;
2058 1164 2215 1226 artis
2249 1162 2473 1242 peritia
2509 1169 2570 1223 et
2596 1160 3003 1239 antiquitatis
3041 1161 3344 1221 Romanae
3386 1157 3757 1235 cognitione

514 1262 743 1323 leviter
793 1264 1169 1326 instructus.
1218 1270 1429 1339 Quare
1478 1264 1544 1324 in
1592 1263 1866 1342 prepriis
1914 1260 2243 1323 vocabulis
2280 1260 2769 1337 magistratuum
2804 1260 3260 1329 Romanorum,
3296 1264 3356 1318 et
3388 1257 3456 1319 in
3497 1257 3577 1318 iis
3611 1273 3760 1334 quae

511 1368 585 1429 ad
639 1368 892 1429 civilem
930 1366 1551 1431 administrationem
1579 1365 1921 1444 pertinent,
1956 1369 2263 1442 perpetuo
2310 1363 2542 1424 labitur
2577 1382 2595 1422 :
2633 1361 2810 1423 verbi
2838 1361 3065 1439 gratia,
3105 1361 3170 1421 in
3205 1359 3610 1438 esponendis
3644 1376 3758 1420 vo-

509 1466 695 1527 cibus
724 1475 998 1548 ἡγεμόνος,
1031 1483 1335 1549 στρατηγοῦ
1354 1513 1373 1544 ,
1411 1478 1709 1550 ἐπαρχικῆς
1741 1475 1943 1539 τάξεως
1972 1474 2035 1530 et
2066 1466 2077 1526 ἱ

2203 1464 2490 1527 imilibus
2520 1465 2695 1527 aliis.
2734 1465 3066 1525 Postremo
3102 1462 3334 1524 librum
3374 1462 3641 1525 Eusebii
3677 1463 3762 1524 De

505 1568 892 1645 martyribus
922 1566 1303 1644 Ραιωειίηω,
1338 1570 1449 1649 qui
1489 1572 1550 1630 in
1585 1569 1875 1630 editione
1911 1566 2173 1627 Roberti
2205 1564 2515 1641 Stephani
2562 1573 2624 1626 et
2657 1564 2723 1625 in
2775 1563 3234 1642 manuscriptis
3275 1564 3761 1643 exemplaribus

507 1668 894 1744 subjuuctus
946 1676 1042 1729 est
1089 1678 1310 1731 octavo
1360 1670 1669 1730 Historia:
1713 1663 2164 1728 Ecclesiastij
2219 1664 2383 1726 libro
2425 1660 3054 1741 Christ0phorsonus
3085 1662 3149 1723 in
3196 1669 3487 1723 octavum
3522 1660 3758 1722 librum

509 1771 890 1838 transfodit.
922 1789 1065 1833 cum
1113 1773 1255 1850 ejus
1289 1784 1530 1851 partem
1571 1773 1754 1835 illum
1804 1789 1952 1834 esse
2000 1772 2305 1834 crederet.
2352 1770 2556 1845 Quem
2601 1767 3170 1848 Cbristopborsoni
3224 1784 3503 1829 errorem
3549 1765 3760 1830 secuti

507 1878 725 1947 postea
760 1872 1135 1949 typographi
1178 1874 1612 1940 Genevenses.
1650 1880 1717 1934 ut
1752 1872 1963 1934 erca
2002 1871 2244 1932 Latinis
2282 1876 2566 1947 aptarent
2595 1914 2614 1945 ,
2646 1887 2721 1930 ex
2753 1868 3007 1929 duobus
3040 1868 3302 1928 Eusebii
3341 1868 3520 1929 libris
3555 1883 3759 1929 unum

504 1973 745 2036 fecere.
780 1979 992 2052 Atque
1036 1976 1169 2039 haec
1203 1973 1464 2051 carptim
1501 1975 1666 2035 dicta
1711 1972 1839 2032 sint
1873 1972 1950 2033 de
1999 1970 2173 2031 vitiis
2220 1968 2627 2049 superiorum
2678 1965 3317 2043 interpretationem;
3372 1983 3496 2028 non
3544 1967 3759 2030 obtre-

504 2075 719 2135 ctandi
751 2076 994 2148 animo,
1034 2093 1151 2137 nec
1176 2078 1537 2139 minuendae
1560 2079 1939 2157 cujusquam
1987 2074 2358 2151 interpretis
2389 2071 2649 2150 gloriae,
2692 2072 2803 2132 sed
2847 2079 2911 2131 ut
2946 2071 3218 2132 studiosi
3252 2087 3477 2133 omnes
3519 2070 3759 2134 intelli-

504 2183 683 2250 ϐαίη,
729 2191 848 2235 “05
896 2191 1022 2235 Ποη
1055 2177 1195 2235 Sine
1230 2200 1418 2244 causa
1457 2200 1680 2246 novam
1732 2180 2314 2259 interpretationem
2357 2177 2745 2255 suscepisse.
2779 2178 2978 2251 Quam
3012 2188 3079 2239 ut
3115 2175 3451 2257 perfectam
3490 2179 3754 2257 quidem

503 2285 567 2338 et
613 2278 898 2339 numeris
933 2279 1238 2340 omnibus
1274 2283 1625 2343 absolutam
1666 2289 1963 2361 prmstare
2000 2296 2125 2342 non
2159 2281 2364 2341 ausim
2399 2276 2486 2358 (id
2523 2277 2693 2339 enim
2734 2277 2945 2339 nimim
2979 2286 3142 2340 esset
3174 2279 3339 2340 conti
3363 2278 3599 2361 lentiae)
3624 2325 3641 2352 ,
3673 2281 3754 2344 ita

504 2375 803 2455 plurimis
857 2378 1109 2438 mendis
1165 2383 1405 2457 quibus
1450 2385 1820 2464 superiores
1864 2384 2423 2460 interpretationes
2474 2365 2746 2454 scatent,
2788 2400 3001 2443 carere
3037 2382 3300 2445 ﬁdenter
3325 2382 3591 2447 afﬁrmo.
3630 2384 3760 2448 Cae-

503 2494 710 2546 terum
757 2503 903 2548 cum
943 2489 1058 2548 tria
1100 2489 1502 2565 potissimum
1542 2490 1606 2550 in
1644 2489 1939 2550 versione
1974 2487 2416 2566 requirantur,
2455 2495 2521 2545 ut
2556 2485 2854 2546 nimirum
2896 2485 3107 2546 ﬁdelis
3141 2486 3247 2559 sit,
3281 2492 3353 2548 ut
3388 2488 3646 2566 elegans
3680 2506 3756 2555 ac

502 2588 865 2666 perstiicua,
899 2607 1155 2667 operam
1190 2585 1333 2650 dedi
1370 2604 1449 2645 ne
1478 2585 1630 2663 quid
1672 2583 1898 2645 horum
1933 2584 2001 2643 in
2033 2581 2330 2642 versione
2367 2587 2579 2641 nostra
2613 2580 3116 2643 desideraretur.

579 2688 1186 2766 lnterpretatiunem
1217 2697 1584 2771 sequuntur
1614 2688 2085 2750 adnotationes.
2125 2688 2193 2747 In
2226 2687 2464 2767 quibus
2493 2687 2623 2748 duo
2660 2686 3066 2765 potissimum
3099 2688 3379 2764 spectavi
3423 2708 3440 2748 :
3475 2686 3753 2765 primum

505 2799 574 2853 ut
632 2795 1158 2856 emendationnm
1220 2810 1506 2856 mearum
1571 2793 1883 2853 rationem
1941 2792 2294 2866 redderem,
2342 2799 2403 2852 et
2448 2792 2651 2852 varias
2692 2793 3076 2870 scriptorum
3108 2794 3402 2856 codicum
3439 2793 3755 2855 lectiones

500 2897 820 2959 studiosis
860 2912 1277 2976 proponerent
1305 2914 1326 2957 :
1366 2892 1598 2953 deinde
1629 2899 1694 2952 ut
1725 2892 2134 2953 obscuriores
2168 2891 2432 2951 Eusebii
2466 2890 2641 2952 locos
2672 2891 3084 2964 illustrarem,
3120 2901 3181 2952 et
3208 2892 3506 2971 antiquos
3539 2892 3758 2953 Eccle-

501 2996 615 3056 siae
653 3013 864 3058 mores
909 3017 982 3060 ac
1017 3000 1176 3059 ritus
1207 2995 1459 3059 collatis
1498 2993 1770 3055 aliorum
1815 2994 2196 3072 scriptorum
2238 2992 2395 3054 locis
2433 2994 2851 3072 explicarem.
2901 2996 3441 3058 Aduolationibus
3476 3010 3760 3073 quatuor

498 3116 533 3159 ιι
588 3118 689 3163 me
721 3101 1075 3182 subjunctaa
1106 3107 1258 3164 sunt
1289 3098 1806 3160 dissertationes.
1839 3097 2120 3171 Quarum
2172 3096 2372 3177 prima
2425 3104 2518 3159 est
2564 3097 2641 3158 de
2680 3097 2868 3158 initio
2904 3116 2976 3160 ac
3015 3115 3357 3175 progressu
3392 3098 3754 3161 schismatis

497 3197 1005 3264 Donatistarum.
1041 3202 1252 3264 Altera
1287 3201 1495 3264 estde
1532 3202 1824 3264 Anastasi
1860 3210 1921 3261 et
1971 3200 2274 3277 martyrio
2321 3198 2939 3279 Hierosolymitano.
2984 3201 3161 3263 Hanc
3196 3203 3490 3281 sequitur
3526 3202 3757 3284 dispu-

499 3296 657 3359 tatio
683 3301 762 3361 de
808 3303 1105 3365 versione
1152 3305 1328 3372 LXX
1361 3305 1782 3380 Interpretum
1834 3303 2143 3363 adversus
2180 3302 2483 3363 Jacobum
2516 3302 2839 3366 Usserium
2863 3305 3354 3370 Armachanum.
3388 3306 3623 3380 Quarta
3662 3313 3758 3369 est

499 3396 579 3461 de
626 3402 1078 3485 Martyrologio
1119 3410 1403 3469 Romano
1445 3408 1614 3486 quod
1652 3406 1849 3468 edidit
1888 3407 2306 3484 Roswcydus.
2346 3407 2556 3486 Atque
2594 3407 2726 3469 haec
2756 3415 2909 3469 sunt
2940 3427 3082 3489 qum
3112 3411 3187 3470 ad
3225 3411 3600 3473 Eusebianm
3633 3411 3755 3471 Hi-

501 3500 715 3561 storias
764 3502 1258 3576 illustrationem
1293 3526 1323 3570 a
1375 3529 1473 3571 me
1524 3510 1587 3570 in
1634 3509 1752 3571 hac
1784 3509 2074 3571 editione
2105 3510 2432 3571 elaborata
2481 3518 2660 3571 sunt.
2698 3510 2855 3583 Quae
2888 3511 2940 3572 si
2975 3512 3251 3591 cuipiam
3284 3516 3554 3576 fortasse
3591 3514 3757 3574 levia

500 3598 897 3664 videbuntur
931 3624 1002 3668 ac
1036 3608 1181 3670 vilia
1205 3658 1222 3684 ,
1258 3614 1312 3675 is
1346 3616 1619 3691 cogitet,
1677 3615 2052 3686 huiusmodi
2088 3614 2219 3677 fere
2250 3623 2477 3677 cuneta
2523 3634 2665 3677 esse
2701 3633 2843 3693 qua}
2874 3617 2939 3677 in
2975 3614 3095 3679 hoc
3124 3634 3356 3694 genere
3401 3617 3752 3679 litterarum

502 3700 954 3779 Ιποῖθτυηῑυτν
983 3709 1190 3790 iisque
1225 3735 1337 3792 pro
1368 3720 1584 3781 studio
1625 3717 1971 3797 legentium
2015 3737 2087 3780 ac
2123 3718 2450 3779 stomacho
2493 3727 2603 3777 aut
2636 3718 2910 3796 pretium
2944 3725 3054 3780 aut
3100 3725 3532 3798 contemptum
3568 3735 3758 3781 acce-

499 3799 677 3865 dere.
735 3805 888 3867 Nam
940 3808 997 3870 si
1052 3815 1311 3892 quidem
1354 3835 1610 3898 mquum
1664 3837 1737 3881 ac
1786 3818 2153 3880 studiosum
2203 3818 2505 3878 lectorem
2542 3815 2936 3890 invenerint,
2976 3820 3186 3896 magni
3224 3820 3665 3894 aestimantur;
3698 3821 3755 3881 si

502 3916 654 3964 vero
687 3905 752 3965 in
783 3906 1149 3975 fastidiosas
1188 3934 1381 3979 aures
1422 3919 1793 3992 inciderint,
1844 3934 1960 3997 pro
2007 3916 2212 3977 nibilo
2255 3917 2607 3978 ducuntur.
2660 3916 2910 3977 Deinde
2961 3920 3118 3996 quid
3170 3918 3293 3980 nisi
3344 3917 3605 3996 vulgare
3643 3921 3757 3981 ad—

500 4012 763 4076 modum
803 4026 862 4079 et
900 4022 1220 4087 mediocre
1258 4024 1763 4102 exspectandum
1800 4030 1919 4095 est,
1955 4044 1987 4085 a
2022 4041 2123 4085 me
2163 4021 2508 4102 prmserlitn
2543 4022 2653 4101 qui
2689 4022 2772 4084 ob
2800 4022 3193 4085 debilitatem
3227 4024 3563 4086 oculorum
3598 4026 3757 4085 alie-

502 4112 600 4174 nis
636 4117 839 4180 oculis
873 4137 947 4182 ac
982 4124 1278 4190 manibus
1323 4129 1615 4209 etlegere
1646 4147 1837 4208 cogor
1866 4137 1926 4192 et
1977 4130 2258 4192 scribere
2310 4151 2326 4191 :
2363 4136 2422 4189 et
2478 4131 2589 4209 qui
2643 4130 2796 4192 dum
2845 4140 3097 4209 prOpter
3136 4130 3370 4193 laboris
3426 4133 3756 4211 magnitu-

499 4215 717 4279 dinem
761 4238 1016 4300 semper
1057 4228 1136 4290 ad
1183 4234 1487 4299 ulteriora
1526 4234 1786 4308 festino,
1836 4244 2038 4295 totum
2091 4234 2211 4296 hoc
2239 4236 2692 4315 qualecunque
2725 4245 2815 4298 est
2854 4254 3020 4314 opus
3050 4238 3137 4298 ita
3175 4246 3587 4316 properanter
3624 4238 3756 4300 dic-

496 4321 647 4394 tavi,
681 4332 750 4385 ut
782 4326 886 4388 vix
921 4329 1242 4411 relegendi
1282 4334 1436 4396 mibi
1473 4335 1674 4397 otium
1703 4326 1924 4396 fuerit.
1949 4334 2095 4408 Quo
2126 4335 2323 4413 magis
2354 4334 2744 4415 indulgendo
2786 4337 2940 4405 mihi
2976 4346 3072 4400 est
3113 4339 3326 4415 venia,
3374 4338 3578 4401 sicubi
3634 4339 3755 4401 for-

405 4423 411 4429 ’
497 4425 665 4483 ίδεεθ
713 4423 780 4485 in
829 4428 1354 4501 adnotﬁlionibus
1410 4441 1662 4503 lectoris
1723 4440 2046 4501 desiderio
2086 4457 2212 4502 non
2265 4458 2733 4523 usquequaque
2764 4442 3069 4505 satisfeci.
3110 4442 3427 4505 Caeterum
3463 4446 3537 4504 ad
3577 4443 3754 4504 invi-

494 4528 720 4589 tandos
755 4529 1051 4606 lectores,
1101 4536 1167 4597 in
1200 4538 1342 4615 ipso
1374 4541 1588 4619 operis
1624 4542 1949 4604 vestibulo
1984 4543 2423 4606 doctissimam
2460 4546 2794 4623 epistolam
2833 4530 3185 4621 collocavi,
3222 4563 3411 4626 quam
3448 4547 3752 4608 illustris-

490 4625 698 4691 simus
750 4649 820 4695 ac
860 4637 1447 4701 reverendissimus
1486 4639 2020 4719 archiepiscOpus
2061 4641 2425 4704 Tolosanus
2455 4644 2681 4704 Petrus
2716 4644 2796 4705 de
2827 4645 3060 4718 Marce,
3101 4644 3197 4705 vir
3229 4642 3589 4703 divinarum
3634 4645 3753 4702 hu-

493 4744 956 4812 manarumque
1008 4752 1220 4798 rerum
1281 4742 1548 4807 scientia
1600 4744 2162 4816 instructissimus,
2218 4746 2295 4806 ad
2342 4762 2442 4807 me
2488 4746 2744 4824 scripsit
2782 4746 2860 4807 de
2899 4747 3096 4825 prima
3131 4744 3462 4822 Evangelii
3520 4746 3748 4816 prmiti-

491 4833 741 4895 catione
786 4838 849 4898 in
904 4838 1132 4901 Gallia.
1183 4840 1510 4925 Quidquid
1565 4846 1761 4926 igitur
1806 4848 1972 4908 tmdii
2025 4865 2097 4910 ac
2140 4848 2450 4912 molestiae
2479 4868 2557 4913 ex
2592 4850 3114 4912 lucubrationum
3154 4866 3437 4911 mearum
3475 4846 3762 4933 lectione

489 4937 930 5001 contraxerint
967 4938 1276 5015 studiosi,
1313 4938 1377 5003 id
1408 4940 1603 5021 hujus
1636 4941 1927 5022 epistolae
1960 4943 2329 5011 eruditione
2360 4955 2423 5011 et
2456 4948 2827 5012 ammnitate
2860 4948 3046 5013 facile
3083 4949 3442 5030 detergent.
