3972 6522
252 370 307 426 29
1279 369 1622 429 EPISTOLA
1655 371 1750 427 AD
1768 368 2146 458 ‘ﬂENRlCUM
2183 363 2559 426 VALESIUM.
3480 357 3557 421 ὅσ

1036 683 1755 802 PETBUS
1828 686 2066 797 DE
2135 681 2791 796 ΜΔιιαΔ

1439 917 1979 964 ARCHIEPISCOPUS
2013 913 2382 962 TOLOSARUS

762 1004 803 1031 θ

806 1064 1260 1125 CLARISSIHO
1307 1064 1404 1121 ET
1451 1063 1834 1121 ERUDITISE

1937 1062 2005 1119 l0
2051 1057 2635 1117 VIRO'HENRICO
2680 1054 2997 1114 VALESIO

983 1174 991 1186 ’
1806 1178 1866 1235 S.
1905 1176 1971 1234 Ρ.
2007 1176 2077 1233 D.

286 1473 568 1534 Gratulor
590 1476 737 1542 tibi,
766 1487 830 1531 et
857 1477 1114 1534 Ecclesiae
1141 1476 1430 1536 universae.
1457 1475 1526 1528 ob
1546 1488 1664 1529 eam
1695 1487 1859 1542 quam
1890 1476 1936 1533 Α
1966 1471 2237 1542 Lugduni.
2263 1485 2369 1526 una
2398 1485 2523 1526 cum
2551 1468 2704 1525 urbis
2736 1467 3147 1538 magistratibus
3174 1482 3278 1522 non
3305 1465 3545 1522 infelici-

222 1568 553 1623 lavet-tentia
582 1577 648 1623 et
677 1570 959 1624 ornanda
981 1569 1193 1623 Eusebii
1222 1567 1460 1622 Historia
1486 1565 1859 1621 Ecclesiastica
1965 1573 2068 1629 ter,
2095 1573 2153 1617 ιιι
2186 1574 2338 1632 puto,
2371 1563 2764 1630 interpretatus
2807 1577 2952 1618 sum.
2994 1560 3124 1628 Quae
3169 1570 3347 1615 tamen
3383 1576 3543 1616 seve-

222 1675 421 1729 operam
445 1658 749 1730 posuisti,
795 1659 965 1729 juxta
1003 1660 1131 1716 cleri
1192 1659 1456 1716 Gallicani
1504 1646 1856 1715 desiderium.
1962 1656 2091 1709 riori
2117 1655 2309 1725 jttdicii
2347 1655 2426 1709 tui
2456 1669 2707 1709 censura:
2735 1652 3026 1708 submitto.

227 1750 356 1804 Illam
395 1753 626 1819 quippe
652 1751 830 1806 acris
869 1753 1072 1818 ingenii
1118 1751 1402 1808 solertiam
1436 1752 1860 1820 maturiorisque
2031 1747 2217 1804 Finem
2248 1746 2515 1801 faciebam
2550 1746 2675 1800 huic
2707 1745 2972 1814 epistola».
3002 1747 3218 1813 quando
3243 1761 3327 1799 me
3354 1747 3542 1812 patriae

225 1840 396 1910 jutlicii
445 1842 571 1897 vim
614 1858 766 1897 cunt
826 1860 1042 1898 summa
1107 1846 1420 1900 eruditione
1486 1846 1856 1914 coniunctam,
1957 1850 2011 1893 et
2046 1841 2257 1894 tuendae
2284 1839 2530 1893 veritatis
2554 1854 2730 1903 amor,
2765 1837 3209 1907 Lugdunensium
3240 1851 3539 1909 martyrum

230 1935 453 2000 qnamiu
483 1934 772 1989 editione
806 1935 1125 1999 Ammiani,
1176 1944 1232 1989 et
1276 1936 1666 2003 Excerptorum
1702 1935 1858 2006 Poly-
1956 1932 2265 1996 occasione,
2329 1931 2559 1998 pupugit
2601 1937 2655 1982 et
2704 1931 2905 1997 adegit.
2968 1938 3029 1983 ut
3079 1930 3218 1995 apud
3262 1939 3312 1984 te
3353 1931 3543 1996 paucis

232 2025 311 2091 bii,
355 2026 593 2080 senatui
675 2025 1069 2081 litteratorum
1130 2026 1257 2080 olim
1318 2027 1669 2094 probaveras.
1715 2038 1857 2080 nunc
1957 2035 2321 2088 conquererer
2352 2019 2420 2074 de
2452 2020 2649 2089 injuria
2676 2018 3052 2082 Gallisfacta.
3098 2036 3203 2073 non
3239 2024 3306 2073 ab
3337 2020 3545 2075 exrcris

232 2117 425 2172 felicius
485 2117 831 2172 exseruiin
896 2118 950 2172 in
1001 2116 1221 2185 majoris
1264 2121 1545 2177 momenti
1579 2117 1853 2184 Historia,
1956 2111 2214 2179 quidem.
2263 2110 2357 2163 sed
2387 2125 2416 2163 a
2451 2111 2823 2173 nostratibus;
2874 2109 2968 2179 qui
3012 2110 3399 2162 ret-ntulilioris
3428 2120 3476 2162 et
3511 2127 3542 2162 ει

235 2221 329 2262 tum
360 2225 389 2261 a
420 2209 591 2263 vitiis
628 2208 1120 2272 lectionum,tnm
1160 2214 1229 2262 ab
1276 2209 1633 2277 interpretum
1677 2209 1853 2262 hallu-
1956 2202 2112 2270 Vulgo
2146 2202 2481 2263 semotinriS.
2536 2217 2640 2269 (tua
2672 2202 2912 2270 pollent.
2970 2201 3236 2255 tloclrittm
3285 2202 3543 2271 Cupidine

232 2300 606 2355 cinationihus
637 2302 951 2369 purganda
978 2338 996 2365 ,
1038 2301 1273 2370 egregiis
1305 2302 1538 2371 denique
1569 2304 1620 2356 itt
1657 2302 1834 2357 dillici'

1956 2292 2142 2358 illecti,
2193 2295 2477 2349 veritatem
2534 2309 2653 2363 quae
2698 2294 2751 2347 in
2804 2293 3094 2362 prapatulo
3130 2304 3239 2355 est.
3286 2296 3433 2347 velut
3486 2293 3541 2348 in

232 2391 381 2445 liores
407 2391 573 2446 locos
608 2391 909 2445 adhibitis
935 2392 1342 2446 commentariis
1379 2393 1717 2447 illustranda.
1751 2394 1853 2448 Ile-
1954 2396 2116 2453 pilleo
2153 2385 2408 2440 latentem
2446 2386 2547 2440 sibi
2589 2401 2809 2456 qtttereu
2835 2390 2937 2438 lam
2985 2397 3267 2455 putarunt.
3328 2385 3523 2441 Galliis

234 2496 338 2533 rum
380 2482 940 2535 ecclesiasticarum
970 2482 1212 2549 origines
1258 2482 1523 2538 indi-team
1569 2485 1849 2554 diligentia
1952 2478 2151 2547 Quippe
2185 2478 2497 2539 detrahunt.
2527 2494 2690 2546 quam
2718 2476 3070 2545 Ethiopiltus
3099 2489 3151 2531 et
3180 2481 3326 2532 rudis
3357 2481 3539 2532 sciunt

237 2570 571 2639 perquisitas
612 2570 939 2638 descripsit
979 2569 1277 2635 Eusebius;
1316 2571 1411 2624 sed
1441 2586 1569 2624 usus
1608 2574 1851 2639 quando-
1952 2571 2019 2621 ab
2049 2568 2316 2637 apostolis
2350 2568 2484 2636 ipsis
2524 2570 2827 2622 exltiltitant
2875 2569 3148 2639 Evangelii
3206 2570 3536 2638 praedicandi

232 2676 329 2731 que
363 2662 633 2717 oratione
672 2678 748 2717 ex
791 2663 963 2732 genio
996 2661 1352 2717 Orientalium
1400 2662 1698 2732 perplexa;
1748 2663 1850 2717 ali-
1951 2674 2139 2715 curam
2177 2676 2193 2713 :
2228 2675 2290 2714 ac
2351 2660 2395 2713 si
2470 2658 2873 2714 florentissitute
2934 2670 2989 2716 et
3051 2661 3243 2713 vicinae
3285 2662 3539 2716 nationes

234 2755 439 2823 quando
470 2770 616 2809 vero
649 2763 901 2823 prapter
944 2753 1142 2822 linguze
1184 2768 1507 2823 morumque
1547 2754 1846 2821 ignoratio-
1950 2753 2114 2820 capiti
2143 2752 2385 2819 gentium
2424 2751 2645 2813 Romze,
2683 2766 2845 2818 quam
2893 2751 3159 2820 sanguine
3198 2768 3295 2802 suo
3346 2750 3538 2806 Petrus

237 2855 349 2895 nem
382 2843 941 2915 minusjntellecta.
982 2842 1150 2910 Quem
1187 2842 1479 2908 singularis
1520 2844 1848 2899 eruditionis
1882 2833 1922 2887 Β
1951 2855 2004 2897 et
2032 2844 2234 2901 Paulus
2270 2852 2692 2907 consecrarunt,
2723 2842 3108 2897 remotissimis
3141 2843 3245 2896 illis
3273 2855 3536 2908 cxtraque

240 2946 336 2988 tua:
372 2935 518 3000 luce,
558 2938 793 3007 apertis
838 2937 1132 2992 vetustatis
1171 2935 1558 2990 ecclesiasticae
1604 2939 1845 3003 areanis,
1952 2936 2258 2992 Romanum
2315 2936 2604 3004 imperium
2658 2933 2778 2987 sitis
2838 2935 3152 3003 regionibus
3212 2935 3535 3002 posthabita:

238 3028 404 3081 civilis
435 3044 699 3099 quoque,
738 3032 974 3095 quando
1005 3042 1090 3081 res
1115 3027 1385 3094 exigebat,
1412 3028 1736 3097 patefecisti.
1772 3030 1849 3084 Ex
1950 3032 2200 3086 fuissent.
2234 3031 2349 3085 Alia
2378 3031 2662 3099 fuit_ruens
2689 3028 3091 3098 apostolorum.
3121 3029 3214 3096 qui
3242 3026 3445 3081 Gallias
3480 3028 3530 3080 in

237 3135 343 3186 quo
375 3121 737 3188 voluptatem
773 3120 901 3187 cepi
929 3119 1385 3184 tnaxitnam;uou
1424 3119 1598 3174 solum
1628 3118 1849 3189 propter
1953 3126 2056 3180 [ide
2090 3126 2435 3189 erudiendas,
2477 3124 2662 3177 statim
2696 3134 2819 3190 post
2857 3122 3153 3174 advcntum
3210 3121 3262 3172 in
3318 3118 3527 3172 Italiam

242 3211 377 3264 illam
402 3253 419 3276 ,
462 3228 595 3281 quae
650 3211 798 3263 mihi
834 3210 1142 3263 communis
1176 3209 1352 3265 futura
1398 3222 1481 3266 est
1510 3227 1630 3267 cum
1662 3213 1847 3280 probis
1951 3227 2326 3285 Susceperunt.
2356 3216 2553 3269 Beatus
2590 3218 2787 3283 quippe
2810 3212 3054 3277 Lttcas,a
3083 3210 3233 3264 Pauli
3265 3211 3525 3265 comitatu

238 3304 531 3357 eternditis
559 3305 735 3363 viris.
764 3318 835 3355 cx
886 3317 949 3357 ea
996 3302 1222 3357 lectione
1251 3298 1601 3358 hauriendam
1644 3307 1848 3361 doctri-
1951 3310 2257 3371 discedens,
2284 3308 2528 3377 magistri
2563 3309 2647 3362 sui
2690 3307 2944 3360 mandato
2977 3318 3036 3360 se
3069 3304 3296 3356 contulit
3323 3304 3373 3355 in
3399 3300 3529 3357 Gal-

243 3410 323 3447 am
346 3396 593 3461 copiam.
630 3394 735 3447 sed
779 3393 930 3462 quod
966 3394 1146 3446 Slutlio
1182 3395 1486 3450 decessoris
1518 3397 1621 3450 mei
1661 3397 1843 3452 Caroli
1950 3401 2047 3453 lias
2072 3416 2087 3465 ;
2117 3402 2204 3453 ulti
2237 3401 2568 3469 praecipuum
2603 3399 2723 3453 lidei
2759 3400 3117 3467 prtedicanda:
3149 3397 3386 3450 studium
3420 3396 3526 3449 iut-
3570 3438 3577 3446 .

242 3487 306 3540 de
351 3487 637 3541 Montchal
662 3527 680 3552 ,
741 3485 1148 3553 arclticpisc0pi
1178 3484 1433 3540 Tolosani
1461 3528 1476 3551 ,
1512 3488 1611 3542 viri
1644 3488 1845 3556 pietate
1949 3492 2154 3561 pendit.
2200 3491 2402 3544 Dt-indc
2429 3506 2525 3558 per
2554 3491 2772 3544 Italiam
2803 3500 2854 3543 et
2894 3488 3213 3543 Dalmatiam
3247 3488 3298 3540 in
3333 3489 3521 3542 eodem

245 3586 296 3629 et
335 3581 663 3633 eruditione
704 3576 995 3646 quondam
1035 3577 1398 3641 celeberrimi,
1449 3579 1515 3631 ad
1566 3582 1667 3632 hoc
1710 3596 1846 3646 opus
1946 3599 2108 3652 opere
2135 3584 2454 3635 industriam
2490 3596 2646 3637 suam
2675 3592 2980 3649 prmslans,
3033 3580 3086 3634 in
3131 3579 3524 3644 Macedoniam,

246 3671 463 3722 arduum
507 3668 931 3739 perliciendum
973 3675 1023 3720 te
1066 3666 1372 3721 accinxisti.
1429 3666 1595 3737 Cujus
1656 3669 1841 3723 sedem
1946 3676 2133 3730 eodem
2165 3674 2448 3726 iuncturus
2476 3672 2686 3733 ollicio.
2726 3687 2785 3728 se
2821 3672 3051 3739 recepit.
3093 3672 3383 3731 Auctorem
3423 3671 3520 3723 Ita-

247 3774 361 3811 cunt
392 3763 756 3829 possideam,
816 3759 1217 3813 reddendorum
1263 3759 1359 3812 tibi
1408 3761 1706 3829 gratiarum
1746 3776 1844 3814 no-
1946 3765 2135 3819 betntts
2169 3764 2489 3834 locupletem
2540 3765 2701 3833 hujus
2746 3765 3082 3819 narrationis
3140 3762 3523 3831 Epiphaniam,

250 3865 386 3913 men,
407 3851 558 3919 quod
592 3848 971 3905 successione
997 3849 1269 3915 contraxi,
1295 3849 1380 3904 his
1413 3849 1611 3906 litteris
1633 3850 1841 3906 solvere

252 3954 524 3994 accessura
573 3940 798 4009 putavi.

316 4031 617 4095 Caeterum,
652 4041 961 4099 antequam
998 4029 1186 4083 ultima
1228 4044 1421 4083 manus
1459 4038 1696 4098 ponatur
1725 4030 1840 4084 edi-

254 4121 373 4175 tioni
404 4139 529 4191 quae
580 4137 733 4175 nunc
792 4120 899 4175 sub
945 4121 1097 4188 prelo
1150 4119 1361 4183 fervet,
1403 4122 1729 4174 monendum
1787 4130 1840 4174 te

253 4210 395 4275 duxi,
441 4214 494 4265 itt
531 4212 946 4266 dissertatione
996 4219 1182 4263 nostra
1235 4209 1306 4262 De
1347 4211 1579 4278 primatu
1617 4208 1836 4275 Lugdu-

254 4306 410 4368 num“,
432 4320 557 4373 qua:
588 4304 645 4356 in
687 4302 1006 4370 Appendice
1033 4302 1099 4356 ad
1135 4301 1422 4356 concilium
1455 4301 1837 4356 Claromonta-

256 4408 389 4458 num,
414 4406 564 4450 touto
594 4392 777 4448 XXVI
809 4390 1179 4449 Conciliorum
1208 4393 1351 4446 edita
1392 4402 1512 4459 est,
1568 4408 1667 4446 nos
1695 4408 1838 4460 quaa-

256 4485 365 4540 dam
406 4490 713 4543 adnutasse
773 4499 1007 4538 numero
1058 4483 1195 4548 104,
1258 4483 1360 4541 105
1404 4492 1460 4537 et
1521 4482 1640 4549 lO'l,
1695 4483 1836 4538 illius

254 4582 680 4647 exercitationis,
706 4579 776 4632 ad
796 4577 1085 4645 epistulam
1103 4575 1547 4646 Lugdunensium
1572 4576 1837 4629 Christia-

255 4682 447 4734 narum,
483 4688 660 4741 quam
699 4668 935 4723 exhibet
971 4668 1234 4722 Eusebius
1276 4667 1372 4722 lib.
1434 4683 1465 4726 v
1504 4667 1675 4732 Hist.,
1713 4676 1833 4736 cap’.

256 4760 302 4815 1.
328 4763 639 4836 Πανήγυριν
676 4762 830 4817 enim
870 4760 1040 4826 illatn,
1078 4776 1196 4826 qua:
1240 4759 1486 4828 Lugduni
1533 4759 1836 4813 habebatur

256 4858 449 4921 quando
500 4854 785 4926 supplicia
844 4860 976 4905 sunt
1008 4866 1039 4904 a
1090 4852 1427 4920 martyribus
1489 4858 1681 4905 exacta
1733 4850 1835 4904 sub

252 4945 524 5012 Antonino,
562 4950 634 5002 de
682 4952 970 5001 conventu
1002 4943 1161 4995 trium
1195 4941 1494 4996 Galliarqu
1526 4939 1833 5009 intelligen-

250 5037 355 5091 dam
377 5040 574 5109 set-ipsi
603 5056 621 5099 :
667 5052 843 5108 quem
876 5049 946 5089 ex
987 5033 1264 5104 sexaginta
1296 5032 1507 5101 pupulis
1540 5030 1830 5089 conllattnn

244 5129 404 5187 docuit
454 5132 707 5194 Strabo,
748 5126 915 5194 cujus
961 5134 1195 5178 mentem
1231 5121 1465 5191 explicui
1512 5139 1659 5176 num.
1701 5121 1829 5187 102,

232 5235 446 5293 eumque
475 5238 610 5277 cum
652 5219 785 5272 loco
817 5212 996 5277 Taciti
1024 5215 1314 5268 emendato
1340 5212 1640 5280 composui.
1688 5212 1833 5266 Ten-

228 5315 322 5367 ωε
368 5332 600 5386 quoque
641 5305 922 5378 Gregorii
971 5302 1308 5373 Turonensis
1354 5304 1727 5357 testimonium
1766 5302 1831 5358 de

220 5408 542 5478 martyribus
559 5397 1100 5460 Athanacensibus,
1124 5411 1246 5450 cum
1274 5394 1360 5450 illa
1380 5396 1519 5464 apud
1537 5394 1828 5449 Eusebium

1943 3857 2033 3924 qui
2078 3857 2267 3910 Itmresi
2298 3872 2349 3911 LI
2389 3858 2534 3925 quod
2577 3857 2814 3911 diximus
2848 3858 2914 3910 de
2951 3856 3094 3911 Luca
3125 3864 3376 3916 testatur,
3416 3868 3526 3906 uno

1940 3963 2005 4002 cx
2041 3964 2145 4002 1.xx
2175 3948 2475 4015 discipulis,
2513 3948 2595 4000 cui
2626 3964 2821 4001 munus
2866 3948 3143 4016 Evangelii
3191 3945 3523 4015 praedicandi

1942 4039 2205 4090 creditum
2232 4038 2306 4089 ait
2342 4056 2355 4089 ς
2380 4036 2655 4109 Raptis-cat
2684 4036 2900 4109 πρῶτον
2935 4039 2990 4089 ὲν
3016 4036 3313 4108 Δαλματίᾳ.
3348 4035 3442 4089 καὶ
3466 4036 3526 4087 ἐν

1940 4126 2269 4199 Γαλλίᾳ,καὶ
2298 4128 2356 4179 ἐν
2390 4128 2609 4199 Ἰταλίᾳ,
2628 4130 2721 4180 καὶ
2740 4127 3082 4199 Μακεδονίᾳς
3107 4126 3251 4198 ἁρχὴ
3280 4125 3336 4178 δὲ
3369 4126 3426 4177 ἐν
3454 4127 3521 4195 τῇ

1940 4216 2158 4286 Γαλλίᾳ.
2195 4216 2360 4285 quue
2418 4219 2524 4283 ipse
2579 4221 2805 4285 primum
2862 4218 2917 4270 in
2975 4216 3288 4278 Dalmatia,
3345 4213 3523 4268 Gallia

1938 4315 1987 4359 et
2025 4305 2209 4368 Italia,
2241 4323 2301 4359 ac
2335 4305 2653 4359 Macedonia
2686 4307 2969 4375 prwuitit;
2996 4306 3088 4360 sed
3118 4307 3170 4358 in
3196 4303 3371 4359 Gallia
3412 4321 3523 4370 pro:

1938 4395 2308 4461 cwteriuvel,
2361 4397 2404 4450 si
2440 4397 2616 4462 malis,
2672 4396 2990 4467 principium
3056 4411 3176 4454 vero
3216 4396 3270 4447 in
3320 4392 3517 4448 Gallia.

1937 4487 2274 4554 Principium
2334 4487 2534 4543 fecisse
2596 4486 2998 4557 prmdicationis
3057 4487 3108 4538 in
3160 4485 3357 4551 Gallia,
3408 4484 3524 4536 sive

1936 4579 2199 4645 potiorem
2233 4577 2350 4646 ejus
2375 4594 2561 4633 curant
2587 4580 2847 4649 gessisse.
2873 4576 3237 4632 disertissime
3270 4585 3521 4631 testatur.

1936 4670 2149 4741 Duplici
2214 4673 2414 4741 quippe
2474 4673 2881 4743 significatione
2945 4672 3058 4725 haec
3104 4670 3272 4728 verba
3325 4671 3520 4738 exponi

1937 4772 2185 4833 possunt,
2220 4762 2367 4835 ἀρχὴ
2391 4763 2448 4816 δὲ
2481 4764 2539 4817 ὲν
2568 4766 2633 4834 τῇ
2660 4761 2883 4833 Γαλλίᾳ.
2916 4761 3068 4827 Quod
3093 4770 3271 4814 autem
3292 4761 3521 4828 primum

1936 4853 1988 4907 itt
2019 4851 2290 4907 Dalmatia
2323 4855 2652 4924 praedicasse
2690 4855 2925 4916 dicatur,
2971 4851 3037 4904 ad
3090 4850 3259 4905 solam
3308 4851 3521 4905 Dalma-

1936 4945 2066 5000 tiam
2103 4946 2451 4999 relerendum
2494 4961 2601 4998 non
2659 4954 2766 5006 est,
2819 4945 2914 4998 sed
2946 4944 3012 4997 ad
3043 4944 3276 5001 Galliam
3312 4944 3517 5011 etiam,

1934 5046 2100 5106 atque
2138 5037 2374 5100 Italiam,
2417 5036 2601 5091 habita
2654 5038 2866 5095 ratione
2916 5035 3267 5101 Macedonizc,
3312 5036 3365 5089 iu
3411 5048 3519 5104 qua

1932 5128 2227 5183 erudienda
2273 5129 2483 5181 domum
2538 5127 2827 5182 laboravit.
2889 5126 3021 5199 Quae
3070 5128 3240 5182 dictio
3285 5125 3520 5180 fortasse

1932 5221 2272 5274 restittienda
2307 5228 2394 5274 est
2421 5220 2474 5272 in
2503 5228 2786 5285 contextu,
2823 5228 2881 5272 ut
2903 5219 2975 5272 sit
3014 5219 3159 5288 quod
3192 5216 3519 5285 respondeat

1930 5308 2008 5380 τῷ
2055 5311 2305 5379 priurum.
2359 5308 2562 5380 Sicque
2621 5310 2752 5364 illud
2800 5313 3035 5379 primum
3073 5325 3178 5362 non
3231 5305 3517 5376 impediet,
3582 5312 3590 5320 ’

1933 5399 2061 5468 quin
2111 5399 2382 5470 signiticet
2425 5399 2632 5454 ultimis
2662 5400 2847 5455 verbis
2890 5397 3257 5468 Epiphanius,
3311 5394 3523 5467 princi-

210 5500 522 5554 narratione
589 5490 949 5550 conciliare.
1022 5489 1268 5559 Denique
1321 5489 1475 5558 lapsu
1528 5488 1708 5547 [inlini
1775 5496 1829 5543 et
1861 5484 2075 5559 Dpium
2107 5506 2288 5560 operzc
2323 5505 2435 5545 sua:
2474 5489 2675 5543 Lucam
2698 5489 2950 5558 posuisse
2998 5489 3052 5553 in
3090 5487 3288 5542 Gallia.
3351 5486 3514 5549 Exci-

201 5584 722 5663 Christophorsoni
776 5581 1114 5646 observato,
1161 5579 1341 5634 locum
1385 5578 1629 5649 epistolae
1686 5579 1830 5635 illius

194 5681 489 5756 insignem,
519 5681 596 5737 de
625 5669 1030 5746 prehensioue
1060 5682 1382 5753 martyrum,
1409 5678 1464 5726 et
1501 5672 1568 5727 de
1590 5672 1829 5727 interro-

186 5748 403 5846 gatione
474 5773 644 5831 facta
719 5782 754 5822 a
824 5763 1048 5831 tribuno
1099 5748 1335 5820 cohortis
1405 5778 1523 5833 quas
1576 5764 1830 5820 tendebat

1936 5581 2090 5648 piunt
2166 5582 2263 5636 viri
2323 5580 2561 5644 eruditi,
2608 5580 2821 5635 nescire
2877 5594 2937 5633 se
2986 5580 3053 5635 ab
3100 5579 3208 5633 ullo
3267 5588 3514 5634 veterum

1937 5683 2218 5727 auctorum
2237 5671 2470 5742 prodita,
2494 5686 2616 5741 qua:
2646 5670 2864 5740 scripsit
2887 5669 3241 5740 Epiphanius.
3272 5671 3515 5728 Scilicet.

1939 5763 2046 5822 Sed
2083 5779 2186 5820 non
2219 5763 2340 5821 ideo
2369 5764 2548 5829 minus
2589 5774 2714 5827 sunt
2760 5778 2887 5826 vera
2935 5778 3069 5849 quas
3109 5774 3259 5838 gesta
3322 5763 3512 5824 refert.
