  <div class='ocr_page' id='page_1' title='image "/cluster/home/n/w/nwhite01/storage/ocr_20150623/20/hvd.32044012984548/021.png"; bbox 0 0 3972 6466; ppageno 0'>
   <div class='ocr_carea' id='block_1_1' title="bbox 498 296 3768 358">
    <p class='ocr_par' dir='ltr' id='par_1_1' title="bbox 498 296 3768 358">
     <span class='ocr_line' id='line_1_1' title="bbox 498 296 3768 358; baseline -0.002 -1"><span class='ocrx_word' id='word_1_1' title='bbox 498 304 564 357; x_wconf 80' lang='lat'><strong>5|</strong></span> <span class='ocrx_word' id='word_1_2' title='bbox 1810 296 2014 351; x_wconf 76' lang='lat' dir='ltr'><strong>PETRI</strong></span> <span class='ocrx_word' id='word_1_3' title='bbox 2053 296 2140 350; x_wconf 84' lang='lat' dir='ltr'><strong>DE</strong></span> <span class='ocrx_word' id='word_1_4' title='bbox 2178 297 2416 354; x_wconf 68' lang='lat' dir='ltr'><strong>MARCA</strong></span> <span class='ocrx_word' id='word_1_5' title='bbox 3700 304 3768 358; x_wconf 63' lang='grc' dir='ltr'><strong>εὶ</strong></span> 
     </span>
    </p>
   </div>
   <div class='ocr_carea' id='block_1_2' title="bbox 499 422 3765 499">
    <p class='ocr_par' dir='ltr' id='par_1_2' title="bbox 499 422 3765 499">
     <span class='ocr_line' id='line_1_2' title="bbox 499 422 3765 499; baseline 0.001 -24"><span class='ocrx_word' id='word_1_6' title='bbox 499 422 697 476; x_wconf 85' lang='lat' dir='ltr'><strong>Petivit</strong></span> <span class='ocrx_word' id='word_1_7' title='bbox 726 423 814 476; x_wconf 86' lang='lat' dir='ltr'><strong>ille</strong></span> <span class='ocrx_word' id='word_1_8' title='bbox 839 438 992 478; x_wconf 84' lang='lat' dir='ltr'><strong>suam</strong></span> <span class='ocrx_word' id='word_1_9' title='bbox 1029 424 1399 478; x_wconf 74' lang='lat' dir='ltr'><strong>narrationem</strong></span> <span class='ocrx_word' id='word_1_10' title='bbox 1429 439 1493 478; x_wconf 87' lang='lat' dir='ltr'><strong>ex</strong></span> <span class='ocrx_word' id='word_1_11' title='bbox 1537 422 1821 478; x_wconf 82' lang='lat' dir='ltr'><strong>vetustiori</strong></span> <span class='ocrx_word' id='word_1_12' title='bbox 1857 424 2082 486; x_wconf 84' lang='lat' dir='ltr'><strong>scripto-</strong></span> <span class='ocrx_word' id='word_1_13' title='bbox 2115 434 2162 489; x_wconf 71' lang='grc' dir='ltr'><strong>Α</strong></span> <span class='ocrx_word' id='word_1_14' title='bbox 2193 425 2520 495; x_wconf 84' lang='lat' dir='ltr'><strong>Epiphanio,</strong></span> <span class='ocrx_word' id='word_1_15' title='bbox 2547 426 2936 499; x_wconf 81' lang='lat' dir='ltr'><strong>Chrysostomo</strong></span> <span class='ocrx_word' id='word_1_16' title='bbox 2962 442 3025 482; x_wconf 90' lang='lat' dir='ltr'><strong>ac</strong></span> <span class='ocrx_word' id='word_1_17' title='bbox 3057 426 3426 490; x_wconf 83' lang='lat' dir='ltr'><strong>Theodoreto,</strong></span> <span class='ocrx_word' id='word_1_18' title='bbox 3462 436 3518 480; x_wconf 89' lang='lat' dir='ltr'><strong>et</strong></span> <span class='ocrx_word' id='word_1_19' title='bbox 3548 440 3580 480; x_wconf 90' lang='lat' dir='ltr'><strong>e</strong></span> <span class='ocrx_word' id='word_1_20' title='bbox 3618 424 3765 480; x_wconf 84' lang='lat' dir='ltr'><strong>Lati-</strong></span> 
     </span>
    </p>
   </div>
   <div class='ocr_carea' id='block_1_3' title="bbox 503 514 2087 585">
    <p class='ocr_par' dir='ltr' id='par_1_3' title="bbox 503 514 2087 585">
     <span class='ocr_line' id='line_1_3' title="bbox 503 514 2087 585; baseline 0.003 -19"><span class='ocrx_word' id='word_1_21' title='bbox 503 531 582 578; x_wconf 85' lang='lat' dir='ltr'><strong>re,</strong></span> <span class='ocrx_word' id='word_1_22' title='bbox 616 531 743 582; x_wconf 88' lang='lat' dir='ltr'><strong>quo,</strong></span> <span class='ocrx_word' id='word_1_23' title='bbox 768 527 823 569; x_wconf 93' lang='lat' dir='ltr'><strong>ut</strong></span> <span class='ocrx_word' id='word_1_24' title='bbox 841 516 1114 585; x_wconf 85' lang='lat' dir='ltr'><strong>plerisque</strong></span> <span class='ocrx_word' id='word_1_25' title='bbox 1135 517 1278 582; x_wconf 90' lang='lat' dir='ltr'><strong>aliis,</strong></span> <span class='ocrx_word' id='word_1_26' title='bbox 1301 531 1573 570; x_wconf 94' lang='lat' dir='ltr'><strong>caremus.</strong></span> <span class='ocrx_word' id='word_1_27' title='bbox 1601 514 1857 571; x_wconf 83' lang='lat' dir='ltr'><strong>Fortasse</strong></span> <span class='ocrx_word' id='word_1_28' title='bbox 1879 532 1944 569; x_wconf 87' lang='lat' dir='ltr'><strong>ex</strong></span> <span class='ocrx_word' id='word_1_29' title='bbox 1979 516 2087 570; x_wconf 87' lang='lat' dir='ltr'><strong>lle-</strong></span> 
     </span>
    </p>
   </div>
   <div class='ocr_carea' id='block_1_4' title="bbox 501 608 2084 677">
    <p class='ocr_par' dir='ltr' id='par_1_4' title="bbox 501 608 2084 677">
     <span class='ocr_line' id='line_1_4' title="bbox 501 608 2084 677; baseline 0.001 -17"><span class='ocrx_word' id='word_1_30' title='bbox 501 608 729 676; x_wconf 81' lang='lat' dir='ltr'><strong>gesippo</strong></span> <span class='ocrx_word' id='word_1_31' title='bbox 761 608 887 661; x_wconf 90' lang='lat' dir='ltr'><strong>illud</strong></span> <span class='ocrx_word' id='word_1_32' title='bbox 917 609 1212 671; x_wconf 88' lang='lat' dir='ltr'><strong>hauserat,</strong></span> <span class='ocrx_word' id='word_1_33' title='bbox 1249 608 1338 675; x_wconf 90' lang='lat' dir='ltr'><strong>qui</strong></span> <span class='ocrx_word' id='word_1_34' title='bbox 1370 610 1422 661; x_wconf 91' lang='lat' dir='ltr'><strong>in</strong></span> <span class='ocrx_word' id='word_1_35' title='bbox 1467 609 1772 677; x_wconf 90' lang='lat' dir='ltr'><strong>paudendis</strong></span> <span class='ocrx_word' id='word_1_36' title='bbox 1808 609 2084 664; x_wconf 82' lang='lat' dir='ltr'><strong>Ecclesia-</strong></span> 
     </span>
    </p>
   </div>
   <div class='ocr_carea' id='block_1_5' title="bbox 501 700 2086 770">
    <p class='ocr_par' dir='ltr' id='par_1_5' title="bbox 501 700 2086 770">
     <span class='ocr_line' id='line_1_5' title="bbox 501 700 2086 770; baseline 0.004 -19"><span class='ocrx_word' id='word_1_37' title='bbox 501 715 620 751; x_wconf 92' lang='lat' dir='ltr'><strong>rum</strong></span> <span class='ocrx_word' id='word_1_38' title='bbox 645 700 945 770; x_wconf 81' lang='lat' dir='ltr'><strong>originibus</strong></span> <span class='ocrx_word' id='word_1_39' title='bbox 968 716 1027 756; x_wconf 90' lang='lat' dir='ltr'><strong>se</strong></span> <span class='ocrx_word' id='word_1_40' title='bbox 1055 703 1322 756; x_wconf 88' lang='lat' dir='ltr'><strong>exercuit.</strong></span> <span class='ocrx_word' id='word_1_41' title='bbox 1348 701 1609 754; x_wconf 85' lang='lat' dir='ltr'><strong>Exstabat</strong></span> <span class='ocrx_word' id='word_1_42' title='bbox 1647 701 1920 767; x_wconf 81' lang='lat' dir='ltr'><strong>integrum</strong></span> <span class='ocrx_word' id='word_1_43' title='bbox 1947 717 2086 770; x_wconf 90' lang='lat' dir='ltr'><strong>opus</strong></span> 
     </span>
    </p>
   </div>
   <div class='ocr_carea' id='block_1_6' title="bbox 502 792 2088 862">
    <p class='ocr_par' dir='ltr' id='par_1_6' title="bbox 502 792 2088 862">
     <span class='ocr_line' id='line_1_6' title="bbox 502 792 2088 862; baseline 0.002 -17"><span class='ocrx_word' id='word_1_44' title='bbox 502 792 816 862; x_wconf 87' lang='lat' dir='ltr'><strong>llegesippi,</strong></span> <span class='ocrx_word' id='word_1_45' title='bbox 863 810 966 847; x_wconf 92' lang='lat' dir='ltr'><strong>non</strong></span> <span class='ocrx_word' id='word_1_46' title='bbox 1017 795 1191 850; x_wconf 86' lang='lat' dir='ltr'><strong>solum</strong></span> <span class='ocrx_word' id='word_1_47' title='bbox 1241 794 1493 858; x_wconf 78' lang='lat' dir='ltr'><strong>Eusebii,</strong></span> <span class='ocrx_word' id='word_1_48' title='bbox 1547 795 1642 846; x_wconf 88' lang='lat' dir='ltr'><strong>sed</strong></span> <span class='ocrx_word' id='word_1_49' title='bbox 1681 795 1845 846; x_wconf 86' lang='lat' dir='ltr'><strong>etiam</strong></span> <span class='ocrx_word' id='word_1_50' title='bbox 1900 793 2088 848; x_wconf 78' lang='lat' dir='ltr'><strong>Hiero-</strong></span> 
     </span>
    </p>
   </div>
   <div class='ocr_carea' id='block_1_7' title="bbox 501 883 2086 954">
    <p class='ocr_par' dir='ltr' id='par_1_7' title="bbox 501 883 2086 954">
     <span class='ocr_line' id='line_1_7' title="bbox 501 883 2086 954; baseline 0.002 -19"><span class='ocrx_word' id='word_1_51' title='bbox 501 885 645 954; x_wconf 84' lang='lat' dir='ltr'><strong>nymi</strong></span> <span class='ocrx_word' id='word_1_52' title='bbox 683 886 1040 953; x_wconf 90' lang='lat' dir='ltr'><strong>temporibus,</strong></span> <span class='ocrx_word' id='word_1_53' title='bbox 1076 896 1240 954; x_wconf 86' lang='lat' dir='ltr'><strong>atque</strong></span> <span class='ocrx_word' id='word_1_54' title='bbox 1272 885 1406 938; x_wconf 89' lang='lat' dir='ltr'><strong>adeo</strong></span> <span class='ocrx_word' id='word_1_55' title='bbox 1441 885 1754 954; x_wconf 79' lang='lat' dir='ltr'><strong>Epipbauii.</strong></span> <span class='ocrx_word' id='word_1_56' title='bbox 1790 883 2086 952; x_wconf 82' lang='lat' dir='ltr'><strong>Supererat</strong></span> 
     </span>
    </p>
   </div>
   <div class='ocr_carea' id='block_1_8' title="bbox 500 975 2086 1047">
    <p class='ocr_par' dir='ltr' id='par_1_8' title="bbox 500 975 2086 1047">
     <span class='ocr_line' id='line_1_8' title="bbox 500 975 2086 1047; baseline 0.003 -21"><span class='ocrx_word' id='word_1_57' title='bbox 500 989 715 1042; x_wconf 86' lang='lat' dir='ltr'><strong>quoque</strong></span> <span class='ocrx_word' id='word_1_58' title='bbox 749 975 966 1045; x_wconf 90' lang='lat' dir='ltr'><strong>Ceorgii</strong></span> <span class='ocrx_word' id='word_1_59' title='bbox 1028 975 1269 1047; x_wconf 84' lang='lat' dir='ltr'><strong>Syncelli</strong></span> <span class='ocrx_word' id='word_1_60' title='bbox 1305 986 1505 1040; x_wconf 67' lang='lat' dir='ltr'><strong>relate,</strong></span> <span class='ocrx_word' id='word_1_61' title='bbox 1555 977 1645 1047; x_wconf 85' lang='lat' dir='ltr'><strong>qui</strong></span> <span class='ocrx_word' id='word_1_62' title='bbox 1687 975 1806 1044; x_wconf 89' lang='lat' dir='ltr'><strong>ejus</strong></span> <span class='ocrx_word' id='word_1_63' title='bbox 1841 979 2086 1031; x_wconf 86' lang='lat' dir='ltr'><strong>auctoris</strong></span> 
     </span>
    </p>
   </div>
   <div class='ocr_carea' id='block_1_9' title="bbox 499 1063 2086 1138">
    <p class='ocr_par' dir='ltr' id='par_1_9' title="bbox 499 1063 2086 1138">
     <span class='ocr_line' id='line_1_9' title="bbox 499 1063 2086 1138; baseline 0.004 -22"><span class='ocrx_word' id='word_1_64' title='bbox 499 1063 864 1133; x_wconf 76' lang='lat' dir='ltr'><strong>fragmentum</strong></span> <span class='ocrx_word' id='word_1_65' title='bbox 923 1067 1127 1135; x_wconf 77' lang='lat' dir='ltr'><strong>profert</strong></span> <span class='ocrx_word' id='word_1_66' title='bbox 1163 1069 1214 1121; x_wconf 93' lang='lat' dir='ltr'><strong>in</strong></span> <span class='ocrx_word' id='word_1_67' title='bbox 1252 1067 1540 1134; x_wconf 81' lang='lat' dir='ltr'><strong>Chronico,</strong></span> <span class='ocrx_word' id='word_1_68' title='bbox 1579 1069 1722 1120; x_wconf 90' lang='lat' dir='ltr'><strong>aliud</strong></span> <span class='ocrx_word' id='word_1_69' title='bbox 1753 1083 1780 1120; x_wconf 93' lang='lat' dir='ltr'><strong>a</strong></span> <span class='ocrx_word' id='word_1_70' title='bbox 1819 1067 2086 1138; x_wconf 79' lang='lat' dir='ltr'><strong>fragmen-</strong></span> 
     </span>
    </p>
   </div>
   <div class='ocr_carea' id='block_1_10' title="bbox 502 1159 2081 1228">
    <p class='ocr_par' dir='ltr' id='par_1_10' title="bbox 502 1159 2081 1228">
     <span class='ocr_line' id='line_1_10' title="bbox 502 1159 2081 1228; baseline 0.001 -17"><span class='ocrx_word' id='word_1_71' title='bbox 502 1159 571 1211; x_wconf 86' lang='lat' dir='ltr'><strong>tis</strong></span> <span class='ocrx_word' id='word_1_72' title='bbox 616 1175 737 1228; x_wconf 66' lang='lat' dir='ltr'><strong>quse</strong></span> <span class='ocrx_word' id='word_1_73' title='bbox 787 1161 978 1214; x_wconf 88' lang='lat' dir='ltr'><strong>recitat</strong></span> <span class='ocrx_word' id='word_1_74' title='bbox 1017 1161 1302 1215; x_wconf 83' lang='lat' dir='ltr'><strong>Eusebius.</strong></span> <span class='ocrx_word' id='word_1_75' title='bbox 1351 1159 1586 1216; x_wconf 81' lang='lat' dir='ltr'><strong>Gravius</strong></span> <span class='ocrx_word' id='word_1_76' title='bbox 1643 1161 1801 1216; x_wconf 87' lang='lat' dir='ltr'><strong>doleo</strong></span> <span class='ocrx_word' id='word_1_77' title='bbox 1858 1161 1927 1216; x_wconf 87' lang='lat' dir='ltr'><strong>de</strong></span> <span class='ocrx_word' id='word_1_78' title='bbox 1978 1161 2081 1214; x_wconf 85' lang='lat' dir='ltr'><strong>viri</strong></span> 
     </span>
    </p>
   </div>
   <div class='ocr_carea' id='block_1_11' title="bbox 499 1253 2082 1323">
    <p class='ocr_par' dir='ltr' id='par_1_11' title="bbox 499 1253 2082 1323">
     <span class='ocr_line' id='line_1_11' title="bbox 499 1253 2082 1323; baseline 0.001 -18"><span class='ocrx_word' id='word_1_79' title='bbox 499 1253 641 1305; x_wconf 85' lang='lat' dir='ltr'><strong>illius</strong></span> <span class='ocrx_word' id='word_1_80' title='bbox 677 1253 1064 1318; x_wconf 86' lang='lat' dir='ltr'><strong>eruditissimi,</strong></span> <span class='ocrx_word' id='word_1_81' title='bbox 1107 1255 1313 1322; x_wconf 82' lang='lat' dir='ltr'><strong>tibique</strong></span> <span class='ocrx_word' id='word_1_82' title='bbox 1355 1272 1419 1308; x_wconf 92' lang='lat' dir='ltr'><strong>ac</strong></span> <span class='ocrx_word' id='word_1_83' title='bbox 1459 1256 1591 1308; x_wconf 87' lang='lat' dir='ltr'><strong>mihi</strong></span> <span class='ocrx_word' id='word_1_84' title='bbox 1638 1255 1910 1323; x_wconf 89' lang='lat' dir='ltr'><strong>quondam</strong></span> <span class='ocrx_word' id='word_1_85' title='bbox 1942 1255 2082 1307; x_wconf 82' lang='lat' dir='ltr'><strong>ami-</strong></span> 
     </span>
    </p>
   </div>
   <div class='ocr_carea' id='block_1_12' title="bbox 495 1345 2081 1416">
    <p class='ocr_par' dir='ltr' id='par_1_12' title="bbox 495 1345 2081 1416">
     <span class='ocr_line' id='line_1_12' title="bbox 495 1345 2081 1416; baseline 0.001 -18"><span class='ocrx_word' id='word_1_86' title='bbox 495 1345 698 1398; x_wconf 90' lang='lat' dir='ltr'><strong>cissimi</strong></span> <span class='ocrx_word' id='word_1_87' title='bbox 753 1345 1127 1413; x_wconf 84' lang='lat' dir='ltr'><strong>glossemate,</strong></span> <span class='ocrx_word' id='word_1_88' title='bbox 1173 1349 1262 1416; x_wconf 89' lang='lat' dir='ltr'><strong>qui</strong></span> <span class='ocrx_word' id='word_1_89' title='bbox 1300 1347 1353 1400; x_wconf 94' lang='lat' dir='ltr'><strong>in</strong></span> <span class='ocrx_word' id='word_1_90' title='bbox 1397 1348 1970 1400; x_wconf 88' lang='lat' dir='ltr'><strong>animadversionihus</strong></span> <span class='ocrx_word' id='word_1_91' title='bbox 2014 1347 2081 1400; x_wconf 90' lang='lat' dir='ltr'><strong>ad</strong></span> 
     </span>
    </p>
   </div>
   <div class='ocr_carea' id='block_1_13' title="bbox 493 1435 2084 1506">
    <p class='ocr_par' dir='ltr' id='par_1_13' title="bbox 493 1435 2084 1506">
     <span class='ocr_line' id='line_1_13' title="bbox 493 1435 2084 1506; baseline 0.001 -16"><span class='ocrx_word' id='word_1_92' title='bbox 493 1452 616 1490; x_wconf 91' lang='lat' dir='ltr'><strong>eum</strong></span> <span class='ocrx_word' id='word_1_93' title='bbox 672 1435 964 1506; x_wconf 83' lang='lat' dir='ltr'><strong>Epiphanii</strong></span> <span class='ocrx_word' id='word_1_94' title='bbox 1012 1438 1212 1498; x_wconf 89' lang='lat' dir='ltr'><strong>locum,</strong></span> <span class='ocrx_word' id='word_1_95' title='bbox 1251 1439 1361 1490; x_wconf 88' lang='lat' dir='ltr'><strong>vim</strong></span> <span class='ocrx_word' id='word_1_96' title='bbox 1412 1438 1711 1491; x_wconf 87' lang='lat' dir='ltr'><strong>testimonii</strong></span> <span class='ocrx_word' id='word_1_97' title='bbox 1757 1437 1899 1490; x_wconf 89' lang='lat' dir='ltr'><strong>illius</strong></span> <span class='ocrx_word' id='word_1_98' title='bbox 1930 1438 2084 1491; x_wconf 87' lang='lat' dir='ltr'><strong>nobis</strong></span> 
     </span>
    </p>
   </div>
   <div class='ocr_carea' id='block_1_14' title="bbox 492 1529 2080 1599">
    <p class='ocr_par' dir='ltr' id='par_1_14' title="bbox 492 1529 2080 1599">
     <span class='ocr_line' id='line_1_14' title="bbox 492 1529 2080 1599; baseline 0.001 -18"><span class='ocrx_word' id='word_1_99' title='bbox 492 1529 734 1584; x_wconf 87' lang='lat' dir='ltr'><strong>adimere</strong></span> <span class='ocrx_word' id='word_1_100' title='bbox 770 1541 1022 1585; x_wconf 91' lang='lat' dir='ltr'><strong>conatur.</strong></span> <span class='ocrx_word' id='word_1_101' title='bbox 1072 1531 1148 1585; x_wconf 93' lang='lat' dir='ltr'><strong>De</strong></span> <span class='ocrx_word' id='word_1_102' title='bbox 1188 1531 1364 1586; x_wconf 80' lang='lat' dir='ltr'><strong>Gallia</strong></span> <span class='ocrx_word' id='word_1_103' title='bbox 1415 1532 1561 1585; x_wconf 91' lang='lat' dir='ltr'><strong>enim</strong></span> <span class='ocrx_word' id='word_1_104' title='bbox 1603 1530 1880 1597; x_wconf 83' lang='lat' dir='ltr'><strong>Cisalpina</strong></span> <span class='ocrx_word' id='word_1_105' title='bbox 1936 1529 2080 1599; x_wconf 91' lang='lat' dir='ltr'><strong>loqui</strong></span> 
     </span>
    </p>
   </div>
   <div class='ocr_carea' id='block_1_15' title="bbox 498 1618 2081 1692">
    <p class='ocr_par' dir='ltr' id='par_1_15' title="bbox 498 1618 2081 1692">
     <span class='ocr_line' id='line_1_15' title="bbox 498 1618 2081 1692; baseline 0.003 -21"><span class='ocrx_word' id='word_1_106' title='bbox 498 1618 854 1688; x_wconf 73' lang='lat' dir='ltr'><strong>Epiphaniuin</strong></span> <span class='ocrx_word' id='word_1_107' title='bbox 891 1631 1060 1675; x_wconf 90' lang='lat' dir='ltr'><strong>notat.</strong></span> <span class='ocrx_word' id='word_1_108' title='bbox 1121 1622 1344 1676; x_wconf 86' lang='lat' dir='ltr'><strong>Scilicet</strong></span> <span class='ocrx_word' id='word_1_109' title='bbox 1397 1623 1542 1692; x_wconf 89' lang='lat' dir='ltr'><strong>apud</strong></span> <span class='ocrx_word' id='word_1_110' title='bbox 1602 1622 1752 1675; x_wconf 91' lang='lat' dir='ltr'><strong>illum</strong></span> <span class='ocrx_word' id='word_1_111' title='bbox 1802 1632 2081 1675; x_wconf 84' lang='lat' dir='ltr'><strong>auctorem</strong></span> 
     </span>
    </p>
   </div>
   <div class='ocr_carea' id='block_1_16' title="bbox 494 1713 2082 1784">
    <p class='ocr_par' dir='ltr' id='par_1_16' title="bbox 494 1713 2082 1784">
     <span class='ocr_line' id='line_1_16' title="bbox 494 1713 2082 1784; baseline 0.002 -19"><span class='ocrx_word' id='word_1_112' title='bbox 494 1713 827 1781; x_wconf 80' lang='lat' dir='ltr'><strong>Cisalpinam</strong></span> <span class='ocrx_word' id='word_1_113' title='bbox 867 1713 1099 1768; x_wconf 87' lang='lat' dir='ltr'><strong>Galliam</strong></span> <span class='ocrx_word' id='word_1_114' title='bbox 1149 1715 1543 1784; x_wconf 88' lang='lat' dir='ltr'><strong>intelligimus,</strong></span> <span class='ocrx_word' id='word_1_115' title='bbox 1591 1730 1712 1782; x_wconf 66' lang='lat' dir='ltr'><strong>quae</strong></span> <span class='ocrx_word' id='word_1_116' title='bbox 1761 1716 1904 1768; x_wconf 92' lang='lat' dir='ltr'><strong>nulla</strong></span> <span class='ocrx_word' id='word_1_117' title='bbox 1954 1727 2082 1768; x_wconf 90' lang='lat' dir='ltr'><strong>tunc</strong></span> 
     </span>
    </p>
   </div>
   <div class='ocr_carea' id='block_1_17' title="bbox 2189 516 3764 590">
    <p class='ocr_par' dir='ltr' id='par_1_17' title="bbox 2189 516 3764 590">
     <span class='ocr_line' id='line_1_17' title="bbox 2189 516 3764 590; baseline 0.002 -20"><span class='ocrx_word' id='word_1_118' title='bbox 2189 519 2274 570; x_wconf 85' lang='lat' dir='ltr'><strong>tris</strong></span> <span class='ocrx_word' id='word_1_119' title='bbox 2325 516 2676 590; x_wconf 82' lang='lat' dir='ltr'><strong>Hieronymo,</strong></span> <span class='ocrx_word' id='word_1_120' title='bbox 2710 527 2830 588; x_wconf 92' lang='lat' dir='ltr'><strong>post</strong></span> <span class='ocrx_word' id='word_1_121' title='bbox 2887 521 3122 588; x_wconf 90' lang='lat' dir='ltr'><strong>primum</strong></span> <span class='ocrx_word' id='word_1_122' title='bbox 3171 520 3463 572; x_wconf 76' lang='lat' dir='ltr'><strong>adventum</strong></span> <span class='ocrx_word' id='word_1_123' title='bbox 3507 535 3667 572; x_wconf 89' lang='lat' dir='ltr'><strong>suum</strong></span> <span class='ocrx_word' id='word_1_124' title='bbox 3711 517 3764 573; x_wconf 83' lang='lat' dir='ltr'><strong>tn</strong></span> 
     </span>
    </p>
   </div>
   <div class='ocr_carea' id='block_1_18' title="bbox 2188 605 3762 680">
    <p class='ocr_par' dir='ltr' id='par_1_18' title="bbox 2188 605 3762 680">
     <span class='ocr_line' id='line_1_18' title="bbox 2188 605 3762 680; baseline -0.003 -18"><span class='ocrx_word' id='word_1_125' title='bbox 2188 605 2413 673; x_wconf 87' lang='lat' dir='ltr'><strong>Urbem,</strong></span> <span class='ocrx_word' id='word_1_126' title='bbox 2446 611 2533 662; x_wconf 89' lang='lat' dir='ltr'><strong>ubi</strong></span> <span class='ocrx_word' id='word_1_127' title='bbox 2566 610 2841 663; x_wconf 85' lang='lat' dir='ltr'><strong>biennium</strong></span> <span class='ocrx_word' id='word_1_128' title='bbox 2875 613 3054 680; x_wconf 77' lang='lat' dir='ltr'><strong>exegit</strong></span> <span class='ocrx_word' id='word_1_129' title='bbox 3119 623 3147 662; x_wconf 90' lang='lat' dir='ltr'><strong>a</strong></span> <span class='ocrx_word' id='word_1_130' title='bbox 3205 605 3348 660; x_wconf 78' lang='lat' dir='ltr'><strong>Luca</strong></span> <span class='ocrx_word' id='word_1_131' title='bbox 3407 613 3762 662; x_wconf 88' lang='lat' dir='ltr'><strong>memoratum</strong></span> 
     </span>
    </p>
   </div>
   <div class='ocr_carea' id='block_1_19' title="bbox 2187 697 3768 769">
    <p class='ocr_par' dir='ltr' id='par_1_19' title="bbox 2187 697 3768 769">
     <span class='ocr_line' id='line_1_19' title="bbox 2187 697 3768 769; baseline 0.004 -19"><span class='ocrx_word' id='word_1_132' title='bbox 2187 697 2317 769; x_wconf 87' lang='lat' dir='ltr'><strong>(quo</strong></span> <span class='ocrx_word' id='word_1_133' title='bbox 2361 702 2619 768; x_wconf 81' lang='lat' dir='ltr'><strong>temporis</strong></span> <span class='ocrx_word' id='word_1_134' title='bbox 2657 700 2941 755; x_wconf 88' lang='lat' dir='ltr'><strong>intervallo</strong></span> <span class='ocrx_word' id='word_1_135' title='bbox 2984 703 3192 756; x_wconf 79' lang='lat' dir='ltr'><strong>fortean</strong></span> <span class='ocrx_word' id='word_1_136' title='bbox 3233 701 3408 756; x_wconf 87' lang='lat' dir='ltr'><strong>Lucas</strong></span> <span class='ocrx_word' id='word_1_137' title='bbox 3468 703 3519 754; x_wconf 92' lang='lat' dir='ltr'><strong>in</strong></span> <span class='ocrx_word' id='word_1_138' title='bbox 3592 701 3768 757; x_wconf 79' lang='lat' dir='ltr'><strong>Gallia</strong></span> 
     </span>
    </p>
   </div>
   <div class='ocr_carea' id='block_1_20' title="bbox 2186 789 3770 863">
    <p class='ocr_par' dir='ltr' id='par_1_20' title="bbox 2186 789 3770 863">
     <span class='ocr_line' id='line_1_20' title="bbox 2186 789 3770 863; baseline 0.002 -22"><span class='ocrx_word' id='word_1_139' title='bbox 2186 790 2628 857; x_wconf 70' lang='lat' dir='ltr'><strong>prazdieationem</strong></span> <span class='ocrx_word' id='word_1_140' title='bbox 2662 791 2938 859; x_wconf 79' lang='lat' dir='ltr'><strong>Evangelii</strong></span> <span class='ocrx_word' id='word_1_141' title='bbox 2987 793 3306 861; x_wconf 87' lang='lat' dir='ltr'><strong>auspicatus</strong></span> <span class='ocrx_word' id='word_1_142' title='bbox 3364 789 3509 863; x_wconf 91' lang='lat' dir='ltr'><strong>est),</strong></span> <span class='ocrx_word' id='word_1_143' title='bbox 3569 789 3770 862; x_wconf 32' lang='lat' dir='ltr'><strong>l‘lispac</strong></span> 
     </span>
    </p>
   </div>
   <div class='ocr_carea' id='block_1_21' title="bbox 2186 880 3771 951">
    <p class='ocr_par' dir='ltr' id='par_1_21' title="bbox 2186 880 3771 951">
     <span class='ocr_line' id='line_1_21' title="bbox 2186 880 3771 951; baseline 0.004 -19"><span class='ocrx_word' id='word_1_144' title='bbox 2186 880 2308 934; x_wconf 84' lang='lat' dir='ltr'><strong>nias</strong></span> <span class='ocrx_word' id='word_1_145' title='bbox 2339 882 2532 945; x_wconf 79' lang='lat' dir='ltr'><strong>adivit,</strong></span> <span class='ocrx_word' id='word_1_146' title='bbox 2569 883 2635 936; x_wconf 91' lang='lat' dir='ltr'><strong>ad</strong></span> <span class='ocrx_word' id='word_1_147' title='bbox 2681 883 3134 951; x_wconf 87' lang='lat' dir='ltr'><strong>promulgandam</strong></span> <span class='ocrx_word' id='word_1_148' title='bbox 3185 885 3294 937; x_wconf 91' lang='lat' dir='ltr'><strong>illis</strong></span> <span class='ocrx_word' id='word_1_149' title='bbox 3347 883 3400 937; x_wconf 91' lang='lat' dir='ltr'><strong>in</strong></span> <span class='ocrx_word' id='word_1_150' title='bbox 3453 884 3771 950; x_wconf 81' lang='lat' dir='ltr'><strong>regionibus</strong></span> 
     </span>
    </p>
   </div>
   <div class='ocr_carea' id='block_1_22' title="bbox 2185 975 3768 1044">
    <p class='ocr_par' dir='ltr' id='par_1_22' title="bbox 2185 975 3768 1044">
     <span class='ocr_line' id='line_1_22' title="bbox 2185 975 3768 1044; baseline 0.001 -15"><span class='ocrx_word' id='word_1_151' title='bbox 2185 975 2551 1029; x_wconf 83' lang='lat' dir='ltr'><strong>Christianam</strong></span> <span class='ocrx_word' id='word_1_152' title='bbox 2595 975 2776 1027; x_wconf 73' lang='lat' dir='ltr'><strong>(idem.</strong></span> <span class='ocrx_word' id='word_1_153' title='bbox 2827 975 2992 1043; x_wconf 80' lang='lat' dir='ltr'><strong>Atqui</strong></span> <span class='ocrx_word' id='word_1_154' title='bbox 3043 975 3331 1043; x_wconf 81' lang='lat' dir='ltr'><strong>Hispanias</strong></span> <span class='ocrx_word' id='word_1_155' title='bbox 3371 977 3597 1044; x_wconf 88' lang='lat' dir='ltr'><strong>petenti,</strong></span> <span class='ocrx_word' id='word_1_156' title='bbox 3641 993 3768 1044; x_wconf 79' lang='lat' dir='ltr'><strong>per-</strong></span> 
     </span>
    </p>
   </div>
   <div class='ocr_carea' id='block_1_23' title="bbox 2185 1067 3767 1136">
    <p class='ocr_par' dir='ltr' id='par_1_23' title="bbox 2185 1067 3767 1136">
     <span class='ocr_line' id='line_1_23' title="bbox 2185 1067 3767 1136; baseline 0.002 -17"><span class='ocrx_word' id='word_1_157' title='bbox 2185 1067 2416 1136; x_wconf 85' lang='lat' dir='ltr'><strong>gendum</strong></span> <span class='ocrx_word' id='word_1_158' title='bbox 2448 1067 2548 1120; x_wconf 85' lang='lat' dir='ltr'><strong>luit</strong></span> <span class='ocrx_word' id='word_1_159' title='bbox 2579 1083 2679 1136; x_wconf 90' lang='lat' dir='ltr'><strong>per</strong></span> <span class='ocrx_word' id='word_1_160' title='bbox 2718 1067 3138 1122; x_wconf 88' lang='lat' dir='ltr'><strong>celeberrimam</strong></span> <span class='ocrx_word' id='word_1_161' title='bbox 3174 1070 3313 1136; x_wconf 91' lang='lat' dir='ltr'><strong>apud</strong></span> <span class='ocrx_word' id='word_1_162' title='bbox 3371 1079 3587 1124; x_wconf 86' lang='lat' dir='ltr'><strong>veteres</strong></span> <span class='ocrx_word' id='word_1_163' title='bbox 3624 1068 3767 1122; x_wconf 82' lang='lat' dir='ltr'><strong>viam</strong></span> 
     </span>
    </p>
   </div>
   <div class='ocr_carea' id='block_1_24' title="bbox 2186 1158 3772 1228">
    <p class='ocr_par' dir='ltr' id='par_1_24' title="bbox 2186 1158 3772 1228">
     <span class='ocr_line' id='line_1_24' title="bbox 2186 1158 3772 1228; baseline 0.001 -17"><span class='ocrx_word' id='word_1_164' title='bbox 2186 1159 2333 1212; x_wconf 87' lang='lat' dir='ltr'><strong>illam</strong></span> <span class='ocrx_word' id='word_1_165' title='bbox 2365 1158 2666 1228; x_wconf 89' lang='lat' dir='ltr'><strong>publicam,</strong></span> <span class='ocrx_word' id='word_1_166' title='bbox 2701 1173 2824 1227; x_wconf 60' lang='lat' dir='ltr'><strong>qua?</strong></span> <span class='ocrx_word' id='word_1_167' title='bbox 2854 1161 2922 1211; x_wconf 88' lang='lat' dir='ltr'><strong>ab</strong></span> <span class='ocrx_word' id='word_1_168' title='bbox 2955 1158 3114 1212; x_wconf 91' lang='lat' dir='ltr'><strong>Italia</strong></span> <span class='ocrx_word' id='word_1_169' title='bbox 3153 1175 3248 1226; x_wconf 87' lang='lat' dir='ltr'><strong>per</strong></span> <span class='ocrx_word' id='word_1_170' title='bbox 3296 1158 3503 1214; x_wconf 87' lang='lat' dir='ltr'><strong>Gallias</strong></span> <span class='ocrx_word' id='word_1_171' title='bbox 3528 1159 3582 1213; x_wconf 91' lang='lat' dir='ltr'><strong>in</strong></span> <span class='ocrx_word' id='word_1_172' title='bbox 3612 1159 3772 1212; x_wconf 60' lang='lat' dir='ltr'><strong>Batti-</strong></span> 
     </span>
    </p>
   </div>
   <div class='ocr_carea' id='block_1_25' title="bbox 2184 1251 3771 1321">
    <p class='ocr_par' dir='ltr' id='par_1_25' title="bbox 2184 1251 3771 1321">
     <span class='ocr_line' id='line_1_25' title="bbox 2184 1251 3771 1321; baseline 0 -16"><span class='ocrx_word' id='word_1_173' title='bbox 2184 1267 2304 1305; x_wconf 90' lang='lat' dir='ltr'><strong>cam</strong></span> <span class='ocrx_word' id='word_1_174' title='bbox 2339 1252 2510 1320; x_wconf 88' lang='lat' dir='ltr'><strong>ipsam</strong></span> <span class='ocrx_word' id='word_1_175' title='bbox 2558 1252 2727 1305; x_wconf 89' lang='lat' dir='ltr'><strong>ducit.</strong></span> <span class='ocrx_word' id='word_1_176' title='bbox 2776 1251 2906 1321; x_wconf 84' lang='lat' dir='ltr'><strong>Ejus</strong></span> <span class='ocrx_word' id='word_1_177' title='bbox 2943 1252 3368 1320; x_wconf 85' lang='lat' dir='ltr'><strong>descriptionem</strong></span> <span class='ocrx_word' id='word_1_178' title='bbox 3408 1253 3631 1307; x_wconf 85' lang='lat' dir='ltr'><strong>exhibet</strong></span> <span class='ocrx_word' id='word_1_179' title='bbox 3664 1267 3771 1306; x_wconf 91' lang='lat' dir='ltr'><strong>non</strong></span> 
     </span>
    </p>
   </div>
   <div class='ocr_carea' id='block_1_26' title="bbox 2185 1342 3775 1413">
    <p class='ocr_par' dir='ltr' id='par_1_26' title="bbox 2185 1342 3775 1413">
     <span class='ocr_line' id='line_1_26' title="bbox 2185 1342 3775 1413; baseline -0.001 -16"><span class='ocrx_word' id='word_1_180' title='bbox 2185 1343 2357 1397; x_wconf 87' lang='lat' dir='ltr'><strong>solum</strong></span> <span class='ocrx_word' id='word_1_181' title='bbox 2386 1342 2645 1398; x_wconf 82' lang='lat' dir='ltr'><strong>Antonini</strong></span> <span class='ocrx_word' id='word_1_182' title='bbox 2676 1343 3027 1397; x_wconf 83' lang='lat' dir='ltr'><strong>ltinerarium</strong></span> <span class='ocrx_word' id='word_1_183' title='bbox 3059 1360 3087 1396; x_wconf 91' lang='lat' dir='ltr'><strong>a</strong></span> <span class='ocrx_word' id='word_1_184' title='bbox 3133 1343 3306 1397; x_wconf 74' lang='lat' dir='ltr'><strong>Niczea</strong></span> <span class='ocrx_word' id='word_1_185' title='bbox 3340 1361 3436 1413; x_wconf 91' lang='lat' dir='ltr'><strong>per</strong></span> <span class='ocrx_word' id='word_1_186' title='bbox 3467 1345 3775 1412; x_wconf 77' lang='lat' dir='ltr'><strong>Arelatem,</strong></span> 
     </span>
    </p>
   </div>
   <div class='ocr_carea' id='block_1_27' title="bbox 2183 1435 3780 1506">
    <p class='ocr_par' dir='ltr' id='par_1_27' title="bbox 2183 1435 3780 1506">
     <span class='ocr_line' id='line_1_27' title="bbox 2183 1435 3780 1506; baseline 0.001 -16"><span class='ocrx_word' id='word_1_187' title='bbox 2183 1435 2516 1500; x_wconf 76' lang='lat' dir='ltr'><strong>Narbonem,</strong></span> <span class='ocrx_word' id='word_1_188' title='bbox 2562 1451 2834 1489; x_wconf 90' lang='lat' dir='ltr'><strong>summum</strong></span> <span class='ocrx_word' id='word_1_189' title='bbox 2869 1435 3218 1506; x_wconf 71' lang='lat' dir='ltr'><strong>Pyrenzeum;</strong></span> <span class='ocrx_word' id='word_1_190' title='bbox 3263 1438 3607 1502; x_wconf 79' lang='lat' dir='ltr'><strong>Juneariam,</strong></span> <span class='ocrx_word' id='word_1_191' title='bbox 3641 1437 3780 1493; x_wconf 88' lang='lat' dir='ltr'><strong>Bar-</strong></span> 
     </span>
    </p>
   </div>
   <div class='ocr_carea' id='block_1_28' title="bbox 2183 1526 3776 1601">
    <p class='ocr_par' dir='ltr' id='par_1_28' title="bbox 2183 1526 3776 1601">
     <span class='ocr_line' id='line_1_28' title="bbox 2183 1526 3776 1601; baseline 0.003 -20"><span class='ocrx_word' id='word_1_192' title='bbox 2183 1528 2463 1594; x_wconf 90' lang='lat' dir='ltr'><strong>ciuonem,</strong></span> <span class='ocrx_word' id='word_1_193' title='bbox 2513 1536 2568 1581; x_wconf 91' lang='lat' dir='ltr'><strong>et</strong></span> <span class='ocrx_word' id='word_1_194' title='bbox 2603 1526 2812 1596; x_wconf 88' lang='lat' dir='ltr'><strong>reliqua</strong></span> <span class='ocrx_word' id='word_1_195' title='bbox 2865 1528 3029 1584; x_wconf 85' lang='lat' dir='ltr'><strong>loca:</strong></span> <span class='ocrx_word' id='word_1_196' title='bbox 3080 1529 3173 1582; x_wconf 86' lang='lat' dir='ltr'><strong>sed</strong></span> <span class='ocrx_word' id='word_1_197' title='bbox 3217 1530 3381 1582; x_wconf 91' lang='lat' dir='ltr'><strong>etiam</strong></span> <span class='ocrx_word' id='word_1_198' title='bbox 3414 1530 3634 1596; x_wconf 78' lang='lat' dir='ltr'><strong>Strabo,</strong></span> <span class='ocrx_word' id='word_1_199' title='bbox 3679 1531 3776 1601; x_wconf 89' lang='lat' dir='ltr'><strong>qui</strong></span> 
     </span>
    </p>
   </div>
   <div class='ocr_carea' id='block_1_29' title="bbox 2183 1618 3775 1691">
    <p class='ocr_par' dir='ltr' id='par_1_29' title="bbox 2183 1618 3775 1691">
     <span class='ocr_line' id='line_1_29' title="bbox 2183 1618 3775 1691; baseline 0.001 -19"><span class='ocrx_word' id='word_1_200' title='bbox 2183 1619 2375 1672; x_wconf 85' lang='lat' dir='ltr'><strong>sedqu</strong></span> <span class='ocrx_word' id='word_1_201' title='bbox 2414 1633 2473 1672; x_wconf 80' lang='lat' dir='ltr'><strong>se</strong></span> <span class='ocrx_word' id='word_1_202' title='bbox 2517 1618 2708 1672; x_wconf 89' lang='lat' dir='ltr'><strong>habuit</strong></span> <span class='ocrx_word' id='word_1_203' title='bbox 2743 1619 2795 1672; x_wconf 90' lang='lat' dir='ltr'><strong>in</strong></span> <span class='ocrx_word' id='word_1_204' title='bbox 2828 1619 2932 1674; x_wconf 65' lang='lat' dir='ltr'><strong>vim</strong></span> <span class='ocrx_word' id='word_1_205' title='bbox 2961 1619 3108 1673; x_wconf 89' lang='lat' dir='ltr'><strong>illius</strong></span> <span class='ocrx_word' id='word_1_206' title='bbox 3158 1620 3530 1689; x_wconf 89' lang='lat' dir='ltr'><strong>explicatione</strong></span> <span class='ocrx_word' id='word_1_207' title='bbox 3561 1638 3576 1678; x_wconf 88' lang='lat'><strong>:</strong></span> <span class='ocrx_word' id='word_1_208' title='bbox 3609 1636 3775 1691; x_wconf 90' lang='lat' dir='ltr'><strong>quam</strong></span> 
     </span>
    </p>
   </div>
   <div class='ocr_carea' id='block_1_30' title="bbox 2185 1709 3782 1780">
    <p class='ocr_par' dir='ltr' id='par_1_30' title="bbox 2185 1709 3782 1780">
     <span class='ocr_line' id='line_1_30' title="bbox 2185 1709 3782 1780; baseline 0.003 -18"><span class='ocrx_word' id='word_1_209' title='bbox 2185 1710 2238 1762; x_wconf 91' lang='lat' dir='ltr'><strong>in</strong></span> <span class='ocrx_word' id='word_1_210' title='bbox 2271 1711 2542 1780; x_wconf 84' lang='lat' dir='ltr'><strong>plerisque</strong></span> <span class='ocrx_word' id='word_1_211' title='bbox 2572 1709 2841 1779; x_wconf 90' lang='lat' dir='ltr'><strong>capitibus</strong></span> <span class='ocrx_word' id='word_1_212' title='bbox 2873 1711 3057 1765; x_wconf 86' lang='lat' dir='ltr'><strong>minus</strong></span> <span class='ocrx_word' id='word_1_213' title='bbox 3088 1711 3156 1766; x_wconf 86' lang='lat' dir='ltr'><strong>ab</strong></span> <span class='ocrx_word' id='word_1_214' title='bbox 3193 1713 3587 1780; x_wconf 88' lang='lat' dir='ltr'><strong>interpretibus</strong></span> <span class='ocrx_word' id='word_1_215' title='bbox 3622 1714 3782 1766; x_wconf 83' lang='lat' dir='ltr'><strong>intel-</strong></span> 
     </span>
    </p>
   </div>
   <div class='ocr_carea' id='block_1_31' title="bbox 493 1787 3779 1878">
    <p class='ocr_par' dir='ltr' id='par_1_31' title="bbox 493 1787 3779 1878">
     <span class='ocr_line' id='line_1_31' title="bbox 493 1787 3779 1878; baseline 0 -20"><span class='ocrx_word' id='word_1_216' title='bbox 493 1816 634 1869; x_wconf 86' lang='lat' dir='ltr'><strong>erat,</strong></span> <span class='ocrx_word' id='word_1_217' title='bbox 663 1807 731 1860; x_wconf 90' lang='lat' dir='ltr'><strong>ab</strong></span> <span class='ocrx_word' id='word_1_218' title='bbox 767 1808 899 1877; x_wconf 89' lang='lat' dir='ltr'><strong>ipsis</strong></span> <span class='ocrx_word' id='word_1_219' title='bbox 929 1808 1155 1878; x_wconf 81' lang='lat' dir='ltr'><strong>Augusti</strong></span> <span class='ocrx_word' id='word_1_220' title='bbox 1192 1808 1561 1875; x_wconf 87' lang='lat' dir='ltr'><strong>temporibus,</strong></span> <span class='ocrx_word' id='word_1_221' title='bbox 1606 1807 1698 1875; x_wconf 91' lang='lat' dir='ltr'><strong>qui</strong></span> <span class='ocrx_word' id='word_1_222' title='bbox 1735 1823 1926 1860; x_wconf 86' lang='lat' dir='ltr'><strong>novam</strong></span> <span class='ocrx_word' id='word_1_223' title='bbox 1961 1823 2086 1874; x_wconf 89' lang='lat' dir='ltr'><strong>pro-</strong></span> <span class='ocrx_word' id='word_1_224' title='bbox 2117 1787 2161 1842; x_wconf 78' lang='grc' dir='ltr'><strong><em>Β</em></strong></span> <span class='ocrx_word' id='word_1_225' title='bbox 2191 1802 2411 1866; x_wconf 89' lang='lat' dir='ltr'><strong>lectam,</strong></span> <span class='ocrx_word' id='word_1_226' title='bbox 2445 1818 2545 1856; x_wconf 91' lang='lat' dir='ltr'><strong>nos</strong></span> <span class='ocrx_word' id='word_1_227' title='bbox 2575 1801 2883 1870; x_wconf 83' lang='lat' dir='ltr'><strong>patefacere</strong></span> <span class='ocrx_word' id='word_1_228' title='bbox 2919 1805 3104 1858; x_wconf 88' lang='lat' dir='ltr'><strong>conati</strong></span> <span class='ocrx_word' id='word_1_229' title='bbox 3160 1820 3350 1859; x_wconf 89' lang='lat' dir='ltr'><strong>sumus</strong></span> <span class='ocrx_word' id='word_1_230' title='bbox 3399 1805 3542 1860; x_wconf 92' lang='lat' dir='ltr'><strong>libro</strong></span> <span class='ocrx_word' id='word_1_231' title='bbox 3597 1807 3779 1874; x_wconf 90' lang='lat' dir='ltr'><strong>primo</strong></span> 
     </span>
    </p>
   </div>
   <div class='ocr_carea' id='block_1_32' title="bbox 492 1897 2089 1968">
    <p class='ocr_par' dir='ltr' id='par_1_32' title="bbox 492 1897 2089 1968">
     <span class='ocr_line' id='line_1_32' title="bbox 492 1897 2089 1968; baseline 0.001 -19"><span class='ocrx_word' id='word_1_232' title='bbox 492 1899 794 1952; x_wconf 83' lang='lat' dir='ltr'><strong>vinciarutn</strong></span> <span class='ocrx_word' id='word_1_233' title='bbox 822 1900 1032 1968; x_wconf 88' lang='lat' dir='ltr'><strong>imperii</strong></span> <span class='ocrx_word' id='word_1_234' title='bbox 1066 1901 1387 1954; x_wconf 84' lang='lat' dir='ltr'><strong>divisionem</strong></span> <span class='ocrx_word' id='word_1_235' title='bbox 1423 1900 1681 1953; x_wconf 91' lang='lat' dir='ltr'><strong>instituit.</strong></span> <span class='ocrx_word' id='word_1_236' title='bbox 1740 1899 1965 1953; x_wconf 83' lang='lat' dir='ltr'><strong>Amovit</strong></span> <span class='ocrx_word' id='word_1_237' title='bbox 2020 1897 2089 1950; x_wconf 88' lang='lat' dir='ltr'><strong>ab</strong></span> 
     </span>
    </p>
   </div>
   <div class='ocr_carea' id='block_1_33' title="bbox 493 1988 2090 2060">
    <p class='ocr_par' dir='ltr' id='par_1_33' title="bbox 493 1988 2090 2060">
     <span class='ocr_line' id='line_1_33' title="bbox 493 1988 2090 2060; baseline 0 -18"><span class='ocrx_word' id='word_1_238' title='bbox 493 1988 646 2043; x_wconf 92' lang='lat' dir='ltr'><strong>Italia</strong></span> <span class='ocrx_word' id='word_1_239' title='bbox 675 2007 870 2044; x_wconf 90' lang='lat' dir='ltr'><strong>nomen</strong></span> <span class='ocrx_word' id='word_1_240' title='bbox 907 1990 1386 2059; x_wconf 88' lang='lat' dir='ltr'><strong>Galliarum,qnas</strong></span> <span class='ocrx_word' id='word_1_241' title='bbox 1417 1991 1631 2057; x_wconf 83' lang='lat' dir='ltr'><strong>objecta</strong></span> <span class='ocrx_word' id='word_1_242' title='bbox 1657 1991 1870 2060; x_wconf 83' lang='lat' dir='ltr'><strong>Alpium</strong></span> <span class='ocrx_word' id='word_1_243' title='bbox 1901 1989 2090 2044; x_wconf 83' lang='lat' dir='ltr'><strong>terrui-</strong></span> 
     </span>
    </p>
   </div>
   <div class='ocr_carea' id='block_1_34' title="bbox 494 2081 2084 2153">
    <p class='ocr_par' dir='ltr' id='par_1_34' title="bbox 494 2081 2084 2153">
     <span class='ocr_line' id='line_1_34' title="bbox 494 2081 2084 2153; baseline 0 -19"><span class='ocrx_word' id='word_1_244' title='bbox 494 2081 678 2144; x_wconf 77' lang='lat' dir='ltr'><strong>nznit;</strong></span> <span class='ocrx_word' id='word_1_245' title='bbox 739 2081 948 2135; x_wconf 73' lang='lat' dir='ltr'><strong>Italiam</strong></span> <span class='ocrx_word' id='word_1_246' title='bbox 1013 2084 1240 2136; x_wconf 90' lang='lat' dir='ltr'><strong>solidam</strong></span> <span class='ocrx_word' id='word_1_247' title='bbox 1302 2085 1354 2137; x_wconf 90' lang='lat' dir='ltr'><strong>in</strong></span> <span class='ocrx_word' id='word_1_248' title='bbox 1405 2085 1660 2153; x_wconf 85' lang='lat' dir='ltr'><strong>regiones</strong></span> <span class='ocrx_word' id='word_1_249' title='bbox 1722 2100 1774 2136; x_wconf 92' lang='lat' dir='ltr'><strong>xt</strong></span> <span class='ocrx_word' id='word_1_250' title='bbox 1828 2083 2084 2153; x_wconf 89' lang='lat' dir='ltr'><strong>partitus,</strong></span> 
     </span>
    </p>
   </div>
   <div class='ocr_carea' id='block_1_35' title="bbox 492 2173 2091 2246">
    <p class='ocr_par' dir='ltr' id='par_1_35' title="bbox 492 2173 2091 2246">
     <span class='ocr_line' id='line_1_35' title="bbox 492 2173 2091 2246; baseline 0.004 -22"><span class='ocrx_word' id='word_1_251' title='bbox 492 2173 682 2229; x_wconf 89' lang='lat' dir='ltr'><strong>Galliis</strong></span> <span class='ocrx_word' id='word_1_252' title='bbox 707 2175 759 2229; x_wconf 92' lang='lat' dir='ltr'><strong>in</strong></span> <span class='ocrx_word' id='word_1_253' title='bbox 783 2185 1016 2242; x_wconf 90' lang='lat' dir='ltr'><strong>quatuor</strong></span> <span class='ocrx_word' id='word_1_254' title='bbox 1041 2178 1374 2246; x_wconf 89' lang='lat' dir='ltr'><strong>provincias,</strong></span> <span class='ocrx_word' id='word_1_255' title='bbox 1408 2177 1843 2238; x_wconf 84' lang='lat' dir='ltr'><strong>Narbonensem,</strong></span> <span class='ocrx_word' id='word_1_256' title='bbox 1873 2173 2091 2242; x_wconf 83' lang='lat' dir='ltr'><strong>Lugdu-</strong></span> 
     </span>
    </p>
   </div>
   <div class='ocr_carea' id='block_1_36' title="bbox 493 2265 2085 2338">
    <p class='ocr_par' dir='ltr' id='par_1_36' title="bbox 493 2265 2085 2338">
     <span class='ocr_line' id='line_1_36' title="bbox 493 2265 2085 2338; baseline 0.001 -20"><span class='ocrx_word' id='word_1_257' title='bbox 493 2280 746 2332; x_wconf 89' lang='lat' dir='ltr'><strong>nensem,</strong></span> <span class='ocrx_word' id='word_1_258' title='bbox 783 2265 1091 2337; x_wconf 81' lang='lat' dir='ltr'><strong>Belgicam,</strong></span> <span class='ocrx_word' id='word_1_259' title='bbox 1126 2277 1178 2322; x_wconf 92' lang='lat' dir='ltr'><strong>et</strong></span> <span class='ocrx_word' id='word_1_260' title='bbox 1205 2268 1592 2338; x_wconf 82' lang='lat' dir='ltr'><strong>Aquitanieam</strong></span> <span class='ocrx_word' id='word_1_261' title='bbox 1617 2310 1630 2329; x_wconf 93' lang='lat'><strong>,</strong></span> <span class='ocrx_word' id='word_1_262' title='bbox 1669 2269 1869 2332; x_wconf 77' lang='lat' dir='ltr'><strong>sectis;</strong></span> <span class='ocrx_word' id='word_1_263' title='bbox 1903 2279 1960 2320; x_wconf 91' lang='lat' dir='ltr'><strong>ut</strong></span> <span class='ocrx_word' id='word_1_264' title='bbox 1992 2268 2085 2320; x_wconf 82' lang='lat' dir='ltr'><strong>do-</strong></span> 
     </span>
    </p>
   </div>
   <div class='ocr_carea' id='block_1_37' title="bbox 493 2359 2087 2430">
    <p class='ocr_par' dir='ltr' id='par_1_37' title="bbox 493 2359 2087 2430">
     <span class='ocr_line' id='line_1_37' title="bbox 493 2359 2087 2430; baseline 0.001 -18"><span class='ocrx_word' id='word_1_265' title='bbox 493 2368 620 2414; x_wconf 86' lang='lat' dir='ltr'><strong>cent</strong></span> <span class='ocrx_word' id='word_1_266' title='bbox 662 2359 885 2423; x_wconf 80' lang='lat' dir='ltr'><strong>Strabo,</strong></span> <span class='ocrx_word' id='word_1_267' title='bbox 918 2360 1052 2414; x_wconf 75' lang='lat' dir='ltr'><strong>Mela</strong></span> <span class='ocrx_word' id='word_1_268' title='bbox 1087 2372 1138 2415; x_wconf 88' lang='lat' dir='ltr'><strong>et</strong></span> <span class='ocrx_word' id='word_1_269' title='bbox 1165 2360 1403 2416; x_wconf 86' lang='lat' dir='ltr'><strong>Plinius.</strong></span> <span class='ocrx_word' id='word_1_270' title='bbox 1439 2361 1610 2426; x_wconf 84' lang='lat' dir='ltr'><strong>Quam</strong></span> <span class='ocrx_word' id='word_1_271' title='bbox 1644 2362 1916 2414; x_wconf 89' lang='lat' dir='ltr'><strong>rationem</strong></span> <span class='ocrx_word' id='word_1_272' title='bbox 1952 2375 2087 2430; x_wconf 84' lang='lat' dir='ltr'><strong>quo-</strong></span> 
     </span>
    </p>
   </div>
   <div class='ocr_carea' id='block_1_38' title="bbox 498 2453 2082 2520">
    <p class='ocr_par' dir='ltr' id='par_1_38' title="bbox 498 2453 2082 2520">
     <span class='ocr_line' id='line_1_38' title="bbox 498 2453 2082 2520; baseline 0.002 -18"><span class='ocrx_word' id='word_1_273' title='bbox 498 2469 604 2520; x_wconf 88' lang='lat' dir='ltr'><strong>que</strong></span> <span class='ocrx_word' id='word_1_274' title='bbox 633 2463 855 2507; x_wconf 86' lang='lat' dir='ltr'><strong>secutus</strong></span> <span class='ocrx_word' id='word_1_275' title='bbox 890 2464 976 2508; x_wconf 92' lang='lat' dir='ltr'><strong>est</strong></span> <span class='ocrx_word' id='word_1_276' title='bbox 1026 2453 1352 2508; x_wconf 70' lang='lat' dir='ltr'><strong>Ptolemaeus</strong></span> <span class='ocrx_word' id='word_1_277' title='bbox 1395 2455 1447 2508; x_wconf 93' lang='lat' dir='ltr'><strong>in</strong></span> <span class='ocrx_word' id='word_1_278' title='bbox 1484 2456 1599 2509; x_wconf 87' lang='lat' dir='ltr'><strong>suis</strong></span> <span class='ocrx_word' id='word_1_279' title='bbox 1641 2454 1878 2516; x_wconf 90' lang='lat' dir='ltr'><strong>tabulis,</strong></span> <span class='ocrx_word' id='word_1_280' title='bbox 1928 2463 1984 2504; x_wconf 92' lang='lat' dir='ltr'><strong>ut</strong></span> <span class='ocrx_word' id='word_1_281' title='bbox 2032 2460 2082 2505; x_wconf 91' lang='lat' dir='ltr'><strong>el</strong></span> 
     </span>
    </p>
   </div>
   <div class='ocr_carea' id='block_1_39' title="bbox 493 2546 2083 2616">
    <p class='ocr_par' dir='ltr' id='par_1_39' title="bbox 493 2546 2083 2616">
     <span class='ocr_line' id='line_1_39' title="bbox 493 2546 2083 2616; baseline 0 -19"><span class='ocrx_word' id='word_1_282' title='bbox 493 2546 840 2611; x_wconf 85' lang='lat' dir='ltr'><strong>Ammianus,</strong></span> <span class='ocrx_word' id='word_1_283' title='bbox 897 2563 960 2600; x_wconf 88' lang='lat' dir='ltr'><strong>ac</strong></span> <span class='ocrx_word' id='word_1_284' title='bbox 1012 2546 1234 2616; x_wconf 88' lang='lat' dir='ltr'><strong>reliqui,</strong></span> <span class='ocrx_word' id='word_1_285' title='bbox 1289 2563 1427 2616; x_wconf 89' lang='lat' dir='ltr'><strong>quos</strong></span> <span class='ocrx_word' id='word_1_286' title='bbox 1480 2548 1548 2600; x_wconf 87' lang='lat' dir='ltr'><strong>de</strong></span> <span class='ocrx_word' id='word_1_287' title='bbox 1589 2547 1781 2603; x_wconf 88' lang='lat' dir='ltr'><strong>Galliis</strong></span> <span class='ocrx_word' id='word_1_288' title='bbox 1833 2555 1889 2601; x_wconf 89' lang='lat' dir='ltr'><strong>et</strong></span> <span class='ocrx_word' id='word_1_289' title='bbox 1934 2546 2083 2599; x_wconf 89' lang='lat' dir='ltr'><strong>Italia</strong></span> 
     </span>
    </p>
   </div>
   <div class='ocr_carea' id='block_1_40' title="bbox 493 2637 2083 2708">
    <p class='ocr_par' dir='ltr' id='par_1_40' title="bbox 493 2637 2083 2708">
     <span class='ocr_line' id='line_1_40' title="bbox 493 2637 2083 2708; baseline 0.003 -20"><span class='ocrx_word' id='word_1_290' title='bbox 493 2637 767 2692; x_wconf 87' lang='lat' dir='ltr'><strong>disserere</strong></span> <span class='ocrx_word' id='word_1_291' title='bbox 802 2640 1020 2693; x_wconf 87' lang='lat' dir='ltr'><strong>occasio</strong></span> <span class='ocrx_word' id='word_1_292' title='bbox 1065 2639 1264 2706; x_wconf 84' lang='lat' dir='ltr'><strong>coegit.</strong></span> <span class='ocrx_word' id='word_1_293' title='bbox 1294 2638 1486 2708; x_wconf 85' lang='lat' dir='ltr'><strong>Itaque</strong></span> <span class='ocrx_word' id='word_1_294' title='bbox 1529 2656 1633 2693; x_wconf 92' lang='lat' dir='ltr'><strong>non</strong></span> <span class='ocrx_word' id='word_1_295' title='bbox 1677 2640 1784 2692; x_wconf 89' lang='lat' dir='ltr'><strong>alia</strong></span> <span class='ocrx_word' id='word_1_296' title='bbox 1827 2649 1911 2692; x_wconf 85' lang='lat' dir='ltr'><strong>est</strong></span> <span class='ocrx_word' id='word_1_297' title='bbox 1945 2639 2083 2706; x_wconf 85' lang='lat' dir='ltr'><strong>apud</strong></span> 
     </span>
    </p>
   </div>
   <div class='ocr_carea' id='block_1_41' title="bbox 496 2727 2085 2799">
    <p class='ocr_par' dir='ltr' id='par_1_41' title="bbox 496 2727 2085 2799">
     <span class='ocr_line' id='line_1_41' title="bbox 496 2727 2085 2799; baseline 0 -19"><span class='ocrx_word' id='word_1_298' title='bbox 496 2727 860 2796; x_wconf 79' lang='lat' dir='ltr'><strong>Epiphanium</strong></span> <span class='ocrx_word' id='word_1_299' title='bbox 895 2728 1097 2793; x_wconf 87' lang='lat' dir='ltr'><strong>Gallia,</strong></span> <span class='ocrx_word' id='word_1_300' title='bbox 1147 2745 1310 2798; x_wconf 88' lang='lat' dir='ltr'><strong>quam</strong></span> <span class='ocrx_word' id='word_1_301' title='bbox 1346 2746 1465 2798; x_wconf 69' lang='lat' dir='ltr'><strong>qua:</strong></span> <span class='ocrx_word' id='word_1_302' title='bbox 1501 2741 1622 2799; x_wconf 87' lang='lat' dir='ltr'><strong>post</strong></span> <span class='ocrx_word' id='word_1_303' title='bbox 1669 2729 1948 2784; x_wconf 87' lang='lat' dir='ltr'><strong>Christtnn</strong></span> <span class='ocrx_word' id='word_1_304' title='bbox 1987 2745 2085 2781; x_wconf 86' lang='lat' dir='ltr'><strong>na-</strong></span> 
     </span>
    </p>
   </div>
   <div class='ocr_carea' id='block_1_42' title="bbox 2190 1891 3776 1962">
    <p class='ocr_par' dir='ltr' id='par_1_42' title="bbox 2190 1891 3776 1962">
     <span class='ocr_line' id='line_1_42' title="bbox 2190 1891 3776 1962; baseline 0.004 -16"><span class='ocrx_word' id='word_1_305' title='bbox 2190 1891 2487 1947; x_wconf 74' lang='lat' dir='ltr'><strong>Cutalonia:</strong></span> <span class='ocrx_word' id='word_1_306' title='bbox 2532 1894 2839 1958; x_wconf 72' lang='lat' dir='ltr'><strong>illustrant,</strong></span> <span class='ocrx_word' id='word_1_307' title='bbox 2877 1894 3032 1962; x_wconf 86' lang='lat' dir='ltr'><strong>cujus</strong></span> <span class='ocrx_word' id='word_1_308' title='bbox 3079 1897 3374 1950; x_wconf 82' lang='lat' dir='ltr'><strong>editionem</strong></span> <span class='ocrx_word' id='word_1_309' title='bbox 3413 1907 3776 1952; x_wconf 84' lang='lat' dir='ltr'><strong>tnaturatnus.</strong></span> 
     </span>
    </p>
   </div>
   <div class='ocr_carea' id='block_1_43' title="bbox 2189 1985 3776 2058">
    <p class='ocr_par' dir='ltr' id='par_1_43' title="bbox 2189 1985 3776 2058">
     <span class='ocr_line' id='line_1_43' title="bbox 2189 1985 3776 2058; baseline 0.001 -18"><span class='ocrx_word' id='word_1_310' title='bbox 2189 1985 2305 2040; x_wconf 80' lang='lat' dir='ltr'><strong>Non</strong></span> <span class='ocrx_word' id='word_1_311' title='bbox 2346 1988 2498 2042; x_wconf 88' lang='lat' dir='ltr'><strong>iners</strong></span> <span class='ocrx_word' id='word_1_312' title='bbox 2552 1988 2654 2042; x_wconf 80' lang='lat' dir='ltr'><strong>fuit</strong></span> <span class='ocrx_word' id='word_1_313' title='bbox 2690 1989 2890 2043; x_wconf 85' lang='lat' dir='ltr'><strong>Paulus</strong></span> <span class='ocrx_word' id='word_1_314' title='bbox 2945 1990 2998 2042; x_wconf 90' lang='lat' dir='ltr'><strong>in</strong></span> <span class='ocrx_word' id='word_1_315' title='bbox 3047 1988 3245 2044; x_wconf 87' lang='lat' dir='ltr'><strong>Galliis</strong></span> <span class='ocrx_word' id='word_1_316' title='bbox 3285 1989 3627 2055; x_wconf 90' lang='lat' dir='ltr'><strong>erudiendis,</strong></span> <span class='ocrx_word' id='word_1_317' title='bbox 3681 1991 3776 2058; x_wconf 88' lang='lat' dir='ltr'><strong>qui</strong></span> 
     </span>
    </p>
   </div>
   <div class='ocr_carea' id='block_1_44' title="bbox 2187 2079 3777 2150">
    <p class='ocr_par' dir='ltr' id='par_1_44' title="bbox 2187 2079 3777 2150">
     <span class='ocr_line' id='line_1_44' title="bbox 2187 2079 3777 2150; baseline 0.003 -18"><span class='ocrx_word' id='word_1_318' title='bbox 2187 2080 2432 2148; x_wconf 87' lang='lat' dir='ltr'><strong>gentium</strong></span> <span class='ocrx_word' id='word_1_319' title='bbox 2485 2079 2715 2134; x_wconf 85' lang='lat' dir='ltr'><strong>salutem</strong></span> <span class='ocrx_word' id='word_1_320' title='bbox 2743 2081 2844 2134; x_wconf 85' lang='lat' dir='ltr'><strong>sibi</strong></span> <span class='ocrx_word' id='word_1_321' title='bbox 2881 2079 3199 2150; x_wconf 72' lang='lat' dir='ltr'><strong>specialiter</strong></span> <span class='ocrx_word' id='word_1_322' title='bbox 3233 2085 3583 2136; x_wconf 86' lang='lat' dir='ltr'><strong>commissam</strong></span> <span class='ocrx_word' id='word_1_323' title='bbox 3606 2124 3622 2147; x_wconf 94' lang='lat'><strong>,</strong></span> <span class='ocrx_word' id='word_1_324' title='bbox 3664 2093 3777 2136; x_wconf 86' lang='lat' dir='ltr'><strong>tam</strong></span> 
     </span>
    </p>
   </div>
   <div class='ocr_carea' id='block_1_45' title="bbox 2187 2171 3779 2245">
    <p class='ocr_par' dir='ltr' id='par_1_45' title="bbox 2187 2171 3779 2245">
     <span class='ocr_line' id='line_1_45' title="bbox 2187 2171 3779 2245; baseline 0.003 -20"><span class='ocrx_word' id='word_1_325' title='bbox 2187 2171 2440 2241; x_wconf 76' lang='lat' dir='ltr'><strong>ﬂagranti</strong></span> <span class='ocrx_word' id='word_1_326' title='bbox 2476 2175 2660 2227; x_wconf 91' lang='lat' dir='ltr'><strong>studio</strong></span> <span class='ocrx_word' id='word_1_327' title='bbox 2699 2173 3017 2244; x_wconf 83' lang='lat' dir='ltr'><strong>peragratis</strong></span> <span class='ocrx_word' id='word_1_328' title='bbox 3055 2174 3372 2245; x_wconf 77' lang='lat' dir='ltr'><strong>regionibus</strong></span> <span class='ocrx_word' id='word_1_329' title='bbox 3413 2177 3779 2245; x_wconf 80' lang='lat' dir='ltr'><strong>undequaquo</strong></span> 
     </span>
    </p>
   </div>
   <div class='ocr_carea' id='block_1_46' title="bbox 2187 2266 3638 2337">
    <p class='ocr_par' dir='ltr' id='par_1_46' title="bbox 2187 2266 3638 2337">
     <span class='ocr_line' id='line_1_46' title="bbox 2187 2266 3638 2337; baseline 0.006 -23"><span class='ocrx_word' id='word_1_330' title='bbox 2187 2266 2512 2334; x_wconf 80' lang='lat' dir='ltr'><strong>procumbat</strong></span> <span class='ocrx_word' id='word_1_331' title='bbox 2545 2283 2562 2322; x_wconf 87' lang='lat'><strong>:</strong></span> <span class='ocrx_word' id='word_1_332' title='bbox 2595 2282 2700 2335; x_wconf 89' lang='lat' dir='ltr'><strong>qua</strong></span> <span class='ocrx_word' id='word_1_333' title='bbox 2727 2267 2796 2320; x_wconf 81' lang='lat' dir='ltr'><strong>de</strong></span> <span class='ocrx_word' id='word_1_334' title='bbox 2830 2280 2888 2319; x_wconf 89' lang='lat' dir='ltr'><strong>re</strong></span> <span class='ocrx_word' id='word_1_335' title='bbox 2919 2267 3105 2320; x_wconf 86' lang='lat' dir='ltr'><strong>statim</strong></span> <span class='ocrx_word' id='word_1_336' title='bbox 3139 2268 3361 2322; x_wconf 84' lang='lat' dir='ltr'><strong>uberius</strong></span> <span class='ocrx_word' id='word_1_337' title='bbox 3391 2283 3638 2337; x_wconf 86' lang='lat' dir='ltr'><strong>agemus.</strong></span> 
     </span>
    </p>
   </div>
   <div class='ocr_carea' id='block_1_47' title="bbox 2257 2354 3780 2426">
    <p class='ocr_par' dir='ltr' id='par_1_47' title="bbox 2257 2354 3780 2426">
     <span class='ocr_line' id='line_1_47' title="bbox 2257 2354 3780 2426; baseline 0.001 -18"><span class='ocrx_word' id='word_1_338' title='bbox 2257 2354 2553 2410; x_wconf 80' lang='lat' dir='ltr'><strong>Possumus</strong></span> <span class='ocrx_word' id='word_1_339' title='bbox 2582 2371 2798 2426; x_wconf 90' lang='lat' dir='ltr'><strong>quoque</strong></span> <span class='ocrx_word' id='word_1_340' title='bbox 2843 2355 3075 2426; x_wconf 83' lang='lat' dir='ltr'><strong>Philippi</strong></span> <span class='ocrx_word' id='word_1_341' title='bbox 3108 2357 3337 2425; x_wconf 87' lang='lat' dir='ltr'><strong>apostoli</strong></span> <span class='ocrx_word' id='word_1_342' title='bbox 3372 2375 3598 2426; x_wconf 85' lang='lat' dir='ltr'><strong>operam</strong></span> <span class='ocrx_word' id='word_1_343' title='bbox 3649 2357 3780 2413; x_wconf 83' lang='lat' dir='ltr'><strong>Gal-</strong></span> 
     </span>
    </p>
   </div>
   <div class='ocr_carea' id='block_1_48' title="bbox 2186 2445 3783 2516">
    <p class='ocr_par' dir='ltr' id='par_1_48' title="bbox 2186 2445 3783 2516">
     <span class='ocr_line' id='line_1_48' title="bbox 2186 2445 3783 2516; baseline 0.004 -18"><span class='ocrx_word' id='word_1_344' title='bbox 2186 2445 2273 2500; x_wconf 90' lang='lat' dir='ltr'><strong>liis</strong></span> <span class='ocrx_word' id='word_1_345' title='bbox 2306 2447 2584 2500; x_wconf 87' lang='lat' dir='ltr'><strong>vindicare</strong></span> <span class='ocrx_word' id='word_1_346' title='bbox 2615 2487 2631 2512; x_wconf 92' lang='lat'><strong>,</strong></span> <span class='ocrx_word' id='word_1_347' title='bbox 2682 2449 2924 2516; x_wconf 87' lang='lat' dir='ltr'><strong>ipsisque</strong></span> <span class='ocrx_word' id='word_1_348' title='bbox 2959 2447 3261 2503; x_wconf 87' lang='lat' dir='ltr'><strong>Britanniis</strong></span> <span class='ocrx_word' id='word_1_349' title='bbox 3290 2489 3304 2512; x_wconf 93' lang='lat'><strong>,</strong></span> <span class='ocrx_word' id='word_1_350' title='bbox 3337 2465 3407 2504; x_wconf 82' lang='lat' dir='ltr'><strong>ex</strong></span> <span class='ocrx_word' id='word_1_351' title='bbox 3441 2451 3647 2505; x_wconf 90' lang='lat' dir='ltr'><strong>Isidoro</strong></span> <span class='ocrx_word' id='word_1_352' title='bbox 3686 2451 3783 2505; x_wconf 79' lang='lat' dir='ltr'><strong>Ili-</strong></span> 
     </span>
    </p>
   </div>
   <div class='ocr_carea' id='block_1_49' title="bbox 2184 2536 3780 2612">
    <p class='ocr_par' dir='ltr' id='par_1_49' title="bbox 2184 2536 3780 2612">
     <span class='ocr_line' id='line_1_49' title="bbox 2184 2536 3780 2612; baseline 0.008 -26"><span class='ocrx_word' id='word_1_353' title='bbox 2184 2536 2442 2604; x_wconf 86' lang='lat' dir='ltr'><strong>spalensi,</strong></span> <span class='ocrx_word' id='word_1_354' title='bbox 2473 2537 2568 2590; x_wconf 92' lang='lat' dir='ltr'><strong>lib.</strong></span> <span class='ocrx_word' id='word_1_355' title='bbox 2604 2536 2678 2590; x_wconf 86' lang='lat' dir='ltr'><strong>De</strong></span> <span class='ocrx_word' id='word_1_356' title='bbox 2718 2539 2822 2591; x_wconf 76' lang='lat' dir='ltr'><strong>vita</strong></span> <span class='ocrx_word' id='word_1_357' title='bbox 2847 2549 2896 2592; x_wconf 83' lang='lat' dir='ltr'><strong>et</strong></span> <span class='ocrx_word' id='word_1_358' title='bbox 2937 2554 3104 2592; x_wconf 82' lang='lat' dir='ltr'><strong>morte</strong></span> <span class='ocrx_word' id='word_1_359' title='bbox 3147 2553 3451 2594; x_wconf 85' lang='lat' dir='ltr'><strong>sanctorum</strong></span> <span class='ocrx_word' id='word_1_360' title='bbox 3481 2582 3496 2605; x_wconf 96' lang='lat'><strong>,</strong></span> <span class='ocrx_word' id='word_1_361' title='bbox 3524 2558 3646 2612; x_wconf 90' lang='lat' dir='ltr'><strong>eap.</strong></span> <span class='ocrx_word' id='word_1_362' title='bbox 3686 2543 3780 2598; x_wconf 77' lang='grc'><strong>⁸74.</strong></span> 
     </span>
    </p>
   </div>
   <div class='ocr_carea' id='block_1_50' title="bbox 2185 2629 3782 2704">
    <p class='ocr_par' dir='ltr' id='par_1_50' title="bbox 2185 2629 3782 2704">
     <span class='ocr_line' id='line_1_50' title="bbox 2185 2629 3782 2704; baseline 0.004 -21"><span class='ocrx_word' id='word_1_363' title='bbox 2185 2629 2465 2698; x_wconf 84' lang='lat' dir='ltr'><strong>Philippus</strong></span> <span class='ocrx_word' id='word_1_364' title='bbox 2516 2629 2690 2684; x_wconf 81' lang='lat' dir='ltr'><strong>Gallis</strong></span> <span class='ocrx_word' id='word_1_365' title='bbox 2743 2632 3002 2700; x_wconf 78' lang='lat' dir='ltr'><strong>prtedicat</strong></span> <span class='ocrx_word' id='word_1_366' title='bbox 3065 2630 3373 2697; x_wconf 74' lang='lat' dir='ltr'><strong>Christum;</strong></span> <span class='ocrx_word' id='word_1_367' title='bbox 3417 2634 3782 2704; x_wconf 73' lang='lat' dir='ltr'><strong>barbarosque</strong></span> 
     </span>
    </p>
   </div>
   <div class='ocr_carea' id='block_1_51' title="bbox 2183 2724 3778 2793">
    <p class='ocr_par' dir='ltr' id='par_1_51' title="bbox 2183 2724 3778 2793">
     <span class='ocr_line' id='line_1_51' title="bbox 2183 2724 3778 2793; baseline 0.001 -17"><span class='ocrx_word' id='word_1_368' title='bbox 2183 2736 2357 2793; x_wconf 82' lang='lat' dir='ltr'><strong>gentes</strong></span> <span class='ocrx_word' id='word_1_369' title='bbox 2391 2725 2690 2793; x_wconf 75' lang='lat' dir='ltr'><strong>vicinasque</strong></span> <span class='ocrx_word' id='word_1_370' title='bbox 2725 2725 2953 2779; x_wconf 78' lang='lat' dir='ltr'><strong>tenebris</strong></span> <span class='ocrx_word' id='word_1_371' title='bbox 2977 2765 2992 2789; x_wconf 88' lang='lat'><strong>,</strong></span> <span class='ocrx_word' id='word_1_372' title='bbox 3034 2736 3082 2778; x_wconf 83' lang='lat' dir='ltr'><strong>et</strong></span> <span class='ocrx_word' id='word_1_373' title='bbox 3126 2724 3350 2777; x_wconf 73' lang='lat' dir='ltr'><strong>(umenti</strong></span> <span class='ocrx_word' id='word_1_374' title='bbox 3395 2725 3610 2779; x_wconf 84' lang='lat' dir='ltr'><strong>Oceano</strong></span> <span class='ocrx_word' id='word_1_375' title='bbox 3644 2743 3778 2779; x_wconf 86' lang='lat' dir='ltr'><strong>con-</strong></span> 
     </span>
    </p>
   </div>
   <div class='ocr_carea' id='block_1_52' title="bbox 497 2817 3770 2889">
    <p class='ocr_par' dir='ltr' id='par_1_52' title="bbox 497 2817 3770 2889">
     <span class='ocr_line' id='line_1_52' title="bbox 497 2817 3770 2889; baseline 0.001 -21"><span class='ocrx_word' id='word_1_376' title='bbox 497 2825 607 2868; x_wconf 81' lang='lat' dir='ltr'><strong>tum</strong></span> <span class='ocrx_word' id='word_1_377' title='bbox 643 2817 710 2870; x_wconf 87' lang='lat' dir='ltr'><strong>ab</strong></span> <span class='ocrx_word' id='word_1_378' title='bbox 740 2819 994 2872; x_wconf 81' lang='lat' dir='ltr'><strong>omnibus</strong></span> <span class='ocrx_word' id='word_1_379' title='bbox 1037 2821 1356 2872; x_wconf 90' lang='lat' dir='ltr'><strong>auctoribus</strong></span> <span class='ocrx_word' id='word_1_380' title='bbox 1411 2831 1640 2874; x_wconf 83' lang='lat' dir='ltr'><strong>vocatur</strong></span> <span class='ocrx_word' id='word_1_381' title='bbox 1686 2820 1883 2882; x_wconf 86' lang='lat' dir='ltr'><strong>Gallia,</strong></span> <span class='ocrx_word' id='word_1_382' title='bbox 1925 2819 2082 2889; x_wconf 81' lang='lat' dir='ltr'><strong>juxta</strong></span> <span class='ocrx_word' id='word_1_383' title='bbox 2175 2817 2417 2887; x_wconf 78' lang='lat' dir='ltr'><strong>junctus,</strong></span> <span class='ocrx_word' id='word_1_384' title='bbox 2440 2819 2511 2870; x_wconf 83' lang='lat' dir='ltr'><strong>ad</strong></span> <span class='ocrx_word' id='word_1_385' title='bbox 2539 2819 2778 2872; x_wconf 71' lang='lat' dir='ltr'><strong>scientia:</strong></span> <span class='ocrx_word' id='word_1_386' title='bbox 2810 2818 2987 2870; x_wconf 87' lang='lat' dir='ltr'><strong>lumen</strong></span> <span class='ocrx_word' id='word_1_387' title='bbox 3017 2819 3246 2887; x_wconf 80' lang='lat' dir='ltr'><strong>fideique</strong></span> <span class='ocrx_word' id='word_1_388' title='bbox 3283 2830 3493 2885; x_wconf 80' lang='lat' dir='ltr'><strong>portum</strong></span> <span class='ocrx_word' id='word_1_389' title='bbox 3527 2820 3770 2871; x_wconf 77' lang='lat' dir='ltr'><strong>deducit.</strong></span> 
     </span>
    </p>
   </div>
   <div class='ocr_carea' id='block_1_53' title="bbox 495 2905 1425 2979">
    <p class='ocr_par' dir='ltr' id='par_1_53' title="bbox 495 2905 1425 2979">
     <span class='ocr_line' id='line_1_53' title="bbox 495 2905 1425 2979; baseline 0.006 -21"><span class='ocrx_word' id='word_1_390' title='bbox 495 2905 699 2962; x_wconf 83' lang='lat' dir='ltr'><strong>limites</strong></span> <span class='ocrx_word' id='word_1_391' title='bbox 739 2909 805 2962; x_wconf 90' lang='lat' dir='ltr'><strong>ab</strong></span> <span class='ocrx_word' id='word_1_392' title='bbox 837 2911 1084 2979; x_wconf 81' lang='lat' dir='ltr'><strong>Augusto</strong></span> <span class='ocrx_word' id='word_1_393' title='bbox 1121 2911 1425 2964; x_wconf 90' lang='lat' dir='ltr'><strong>institutos.</strong></span> 
     </span>
    </p>
   </div>
   <div class='ocr_carea' id='block_1_54' title="bbox 565 2997 2082 3073">
    <p class='ocr_par' dir='ltr' id='par_1_54' title="bbox 565 2997 2082 3073">
     <span class='ocr_line' id='line_1_54' title="bbox 565 2997 2082 3073; baseline 0.003 -22"><span class='ocrx_word' id='word_1_394' title='bbox 565 2997 682 3052; x_wconf 86' lang='lat' dir='ltr'><strong>Non</strong></span> <span class='ocrx_word' id='word_1_395' title='bbox 726 3000 900 3053; x_wconf 89' lang='lat' dir='ltr'><strong>solum</strong></span> <span class='ocrx_word' id='word_1_396' title='bbox 942 3011 1126 3055; x_wconf 89' lang='lat' dir='ltr'><strong>autem</strong></span> <span class='ocrx_word' id='word_1_397' title='bbox 1183 3001 1386 3057; x_wconf 88' lang='lat' dir='ltr'><strong>Lucam</strong></span> <span class='ocrx_word' id='word_1_398' title='bbox 1434 3004 1804 3058; x_wconf 89' lang='lat' dir='ltr'><strong>adhibuerunt</strong></span> <span class='ocrx_word' id='word_1_399' title='bbox 1849 3001 2082 3073; x_wconf 89' lang='lat' dir='ltr'><strong>apostoli</strong></span> 
     </span>
    </p>
   </div>
   <div class='ocr_carea' id='block_1_55' title="bbox 493 3091 2084 3165">
    <p class='ocr_par' dir='ltr' id='par_1_55' title="bbox 493 3091 2084 3165">
     <span class='ocr_line' id='line_1_55' title="bbox 493 3091 2084 3165; baseline 0.004 -22"><span class='ocrx_word' id='word_1_400' title='bbox 493 3091 560 3143; x_wconf 87' lang='lat' dir='ltr'><strong>ad</strong></span> <span class='ocrx_word' id='word_1_401' title='bbox 582 3091 956 3148; x_wconf 87' lang='lat' dir='ltr'><strong>inlormandas</strong></span> <span class='ocrx_word' id='word_1_402' title='bbox 985 3094 1036 3148; x_wconf 94' lang='lat' dir='ltr'><strong>in</strong></span> <span class='ocrx_word' id='word_1_403' title='bbox 1069 3094 1332 3165; x_wconf 85' lang='lat' dir='ltr'><strong>religione</strong></span> <span class='ocrx_word' id='word_1_404' title='bbox 1366 3095 1592 3156; x_wconf 85' lang='lat' dir='ltr'><strong>Gallias,</strong></span> <span class='ocrx_word' id='word_1_405' title='bbox 1625 3097 1720 3150; x_wconf 91' lang='lat' dir='ltr'><strong>sed</strong></span> <span class='ocrx_word' id='word_1_406' title='bbox 1752 3097 1916 3149; x_wconf 89' lang='lat' dir='ltr'><strong>etiam</strong></span> <span class='ocrx_word' id='word_1_407' title='bbox 1950 3097 2084 3150; x_wconf 86' lang='lat' dir='ltr'><strong>Cre-</strong></span> 
     </span>
    </p>
   </div>
   <div class='ocr_carea' id='block_1_56' title="bbox 493 3187 2076 3264">
    <p class='ocr_par' dir='ltr' id='par_1_56' title="bbox 493 3187 2076 3264">
     <span class='ocr_line' id='line_1_56' title="bbox 493 3187 2076 3264; baseline 0.004 -27"><span class='ocrx_word' id='word_1_408' title='bbox 493 3195 760 3240; x_wconf 85' lang='lat' dir='ltr'><strong>scentem.</strong></span> <span class='ocrx_word' id='word_1_409' title='bbox 817 3187 948 3254; x_wconf 85' lang='lat' dir='ltr'><strong>Ejus</strong></span> <span class='ocrx_word' id='word_1_410' title='bbox 1017 3188 1093 3243; x_wconf 90' lang='lat' dir='ltr'><strong>rei</strong></span> <span class='ocrx_word' id='word_1_411' title='bbox 1161 3190 1316 3244; x_wconf 81' lang='lat' dir='ltr'><strong>testis</strong></span> <span class='ocrx_word' id='word_1_412' title='bbox 1374 3191 1488 3260; x_wconf 92' lang='lat' dir='ltr'><strong>ipse</strong></span> <span class='ocrx_word' id='word_1_413' title='bbox 1549 3189 1771 3257; x_wconf 86' lang='lat' dir='ltr'><strong>Paulus,</strong></span> <span class='ocrx_word' id='word_1_414' title='bbox 1834 3187 1876 3242; x_wconf 89' lang='lat' dir='ltr'><strong>ll</strong></span> <span class='ocrx_word' id='word_1_415' title='bbox 1929 3189 2076 3264; x_wconf 81' lang='lat' dir='ltr'><strong>Tim.</strong></span> 
     </span>
    </p>
   </div>
   <div class='ocr_carea' id='block_1_57' title="bbox 491 3279 2080 3346">
    <p class='ocr_par' dir='ltr' id='par_1_57' title="bbox 491 3279 2080 3346">
     <span class='ocr_line' id='line_1_57' title="bbox 491 3279 2080 3346; baseline 0.003 -15"><span class='ocrx_word' id='word_1_416' title='bbox 491 3289 571 3344; x_wconf 84' lang='lat' dir='ltr'><strong>tv,</strong></span> <span class='ocrx_word' id='word_1_417' title='bbox 604 3279 692 3346; x_wconf 88' lang='lat' dir='ltr'><strong>qui</strong></span> <span class='ocrx_word' id='word_1_418' title='bbox 724 3280 947 3334; x_wconf 85' lang='lat' dir='ltr'><strong>missum</strong></span> <span class='ocrx_word' id='word_1_419' title='bbox 983 3279 1148 3336; x_wconf 77' lang='lat' dir='ltr'><strong>fuisse</strong></span> <span class='ocrx_word' id='word_1_420' title='bbox 1180 3283 1336 3337; x_wconf 87' lang='lat' dir='ltr'><strong>docet</strong></span> <span class='ocrx_word' id='word_1_421' title='bbox 1362 3282 1714 3338; x_wconf 84' lang='lat' dir='ltr'><strong>Crescentem</strong></span> <span class='ocrx_word' id='word_1_422' title='bbox 1751 3284 1802 3336; x_wconf 92' lang='lat' dir='ltr'><strong>in</strong></span> <span class='ocrx_word' id='word_1_423' title='bbox 1827 3281 2080 3337; x_wconf 85' lang='lat' dir='ltr'><strong>Galliam.</strong></span> 
     </span>
    </p>
   </div>
   <div class='ocr_carea' id='block_1_58' title="bbox 493 3370 2084 3443">
    <p class='ocr_par' dir='ltr' id='par_1_58' title="bbox 493 3370 2084 3443">
     <span class='ocr_line' id='line_1_58' title="bbox 493 3370 2084 3443; baseline 0.001 -18"><span class='ocrx_word' id='word_1_424' title='bbox 493 3370 718 3425; x_wconf 88' lang='lat' dir='ltr'><strong>Certum</strong></span> <span class='ocrx_word' id='word_1_425' title='bbox 754 3373 974 3440; x_wconf 89' lang='lat' dir='ltr'><strong>quidem</strong></span> <span class='ocrx_word' id='word_1_426' title='bbox 1021 3384 1104 3428; x_wconf 89' lang='lat' dir='ltr'><strong>est</strong></span> <span class='ocrx_word' id='word_1_427' title='bbox 1137 3375 1342 3428; x_wconf 86' lang='lat' dir='ltr'><strong>variam</strong></span> <span class='ocrx_word' id='word_1_428' title='bbox 1391 3375 1559 3430; x_wconf 84' lang='lat' dir='ltr'><strong>fuisse</strong></span> <span class='ocrx_word' id='word_1_429' title='bbox 1603 3375 1764 3443; x_wconf 82' lang='lat' dir='ltr'><strong>hujus</strong></span> <span class='ocrx_word' id='word_1_430' title='bbox 1804 3377 1905 3430; x_wconf 92' lang='lat' dir='ltr'><strong>loci</strong></span> <span class='ocrx_word' id='word_1_431' title='bbox 1945 3375 2084 3429; x_wconf 85' lang='lat' dir='ltr'><strong>Pau-</strong></span> 
     </span>
    </p>
   </div>
   <div class='ocr_carea' id='block_1_59' title="bbox 495 3459 2074 3535">
    <p class='ocr_par' dir='ltr' id='par_1_59' title="bbox 495 3459 2074 3535">
     <span class='ocr_line' id='line_1_59' title="bbox 495 3459 2074 3535; baseline 0.003 -23"><span class='ocrx_word' id='word_1_432' title='bbox 495 3459 589 3514; x_wconf 87' lang='lat' dir='ltr'><strong>lini</strong></span> <span class='ocrx_word' id='word_1_433' title='bbox 620 3461 932 3521; x_wconf 88' lang='lat' dir='ltr'><strong>lectionem,</strong></span> <span class='ocrx_word' id='word_1_434' title='bbox 971 3464 1136 3517; x_wconf 86' lang='lat' dir='ltr'><strong>etiam</strong></span> <span class='ocrx_word' id='word_1_435' title='bbox 1181 3466 1320 3532; x_wconf 88' lang='lat' dir='ltr'><strong>apud</strong></span> <span class='ocrx_word' id='word_1_436' title='bbox 1369 3477 1602 3519; x_wconf 87' lang='lat' dir='ltr'><strong>veteres.</strong></span> <span class='ocrx_word' id='word_1_437' title='bbox 1661 3466 1871 3519; x_wconf 77' lang='lat' dir='ltr'><strong>Etenim</strong></span> <span class='ocrx_word' id='word_1_438' title='bbox 1907 3465 2074 3535; x_wconf 83' lang='lat' dir='ltr'><strong>Chry-</strong></span> 
     </span>
    </p>
   </div>
   <div class='ocr_carea' id='block_1_60' title="bbox 495 3554 2084 3625">
    <p class='ocr_par' dir='ltr' id='par_1_60' title="bbox 495 3554 2084 3625">
     <span class='ocr_line' id='line_1_60' title="bbox 495 3554 2084 3625; baseline 0.004 -21"><span class='ocrx_word' id='word_1_439' title='bbox 495 3563 767 3607; x_wconf 81' lang='lat' dir='ltr'><strong>sustontus</strong></span> <span class='ocrx_word' id='word_1_440' title='bbox 802 3563 858 3607; x_wconf 91' lang='lat' dir='ltr'><strong>et</strong></span> <span class='ocrx_word' id='word_1_441' title='bbox 898 3554 1274 3610; x_wconf 81' lang='lat' dir='ltr'><strong>Theodoretus</strong></span> <span class='ocrx_word' id='word_1_442' title='bbox 1304 3559 1448 3623; x_wconf 87' lang='lat' dir='ltr'><strong>apud</strong></span> <span class='ocrx_word' id='word_1_443' title='bbox 1494 3556 1749 3620; x_wconf 84' lang='lat' dir='ltr'><strong>Gt&#39;:eeos;</strong></span> <span class='ocrx_word' id='word_1_444' title='bbox 1813 3557 2084 3625; x_wconf 73' lang='lat' dir='ltr'><strong>Vulgatus</strong></span> 
     </span>
    </p>
   </div>
   <div class='ocr_carea' id='block_1_61' title="bbox 498 3644 2084 3716">
    <p class='ocr_par' dir='ltr' id='par_1_61' title="bbox 498 3644 2084 3716">
     <span class='ocr_line' id='line_1_61' title="bbox 498 3644 2084 3716; baseline 0.002 -20"><span class='ocrx_word' id='word_1_445' title='bbox 498 3644 787 3712; x_wconf 86' lang='lat' dir='ltr'><strong>interpres,</strong></span> <span class='ocrx_word' id='word_1_446' title='bbox 827 3656 881 3700; x_wconf 88' lang='lat' dir='ltr'><strong>et</strong></span> <span class='ocrx_word' id='word_1_447' title='bbox 909 3647 1317 3701; x_wconf 81' lang='lat' dir='ltr'><strong>Ambrosiaster</strong></span> <span class='ocrx_word' id='word_1_448' title='bbox 1345 3649 1485 3714; x_wconf 85' lang='lat' dir='ltr'><strong>apud</strong></span> <span class='ocrx_word' id='word_1_449' title='bbox 1519 3648 1778 3713; x_wconf 84' lang='lat' dir='ltr'><strong>Latinos,</strong></span> <span class='ocrx_word' id='word_1_450' title='bbox 1834 3647 2084 3716; x_wconf 86' lang='lat' dir='ltr'><strong>legerunt</strong></span> 
     </span>
    </p>
   </div>
   <div class='ocr_carea' id='block_1_62' title="bbox 497 3731 2086 3796">
    <p class='ocr_par' dir='ltr' id='par_1_62' title="bbox 497 3731 2086 3796">
     <span class='ocr_line' id='line_1_62' title="bbox 497 3731 2086 3796; baseline 0.003 -10"><span class='ocrx_word' id='word_1_451' title='bbox 497 3731 788 3796; x_wconf 83' lang='lat' dir='ltr'><strong>Galatiam,</strong></span> <span class='ocrx_word' id='word_1_452' title='bbox 834 3753 938 3790; x_wconf 94' lang='lat' dir='ltr'><strong>non</strong></span> <span class='ocrx_word' id='word_1_453' title='bbox 979 3747 1158 3791; x_wconf 88' lang='lat' dir='ltr'><strong>autem</strong></span> <span class='ocrx_word' id='word_1_454' title='bbox 1201 3735 1458 3792; x_wconf 81' lang='lat' dir='ltr'><strong>Calliam.</strong></span> <span class='ocrx_word' id='word_1_455' title='bbox 1521 3735 1628 3791; x_wconf 90' lang='lat' dir='ltr'><strong>Sed</strong></span> <span class='ocrx_word' id='word_1_456' title='bbox 1675 3737 1989 3790; x_wconf 85' lang='lat' dir='ltr'><strong>vetustioris</strong></span> <span class='ocrx_word' id='word_1_457' title='bbox 2031 3745 2086 3790; x_wconf 90' lang='lat' dir='ltr'><strong>et</strong></span> 
     </span>
    </p>
   </div>
   <div class='ocr_carea' id='block_1_63' title="bbox 498 3827 2082 3898">
    <p class='ocr_par' dir='ltr' id='par_1_63' title="bbox 498 3827 2082 3898">
     <span class='ocr_line' id='line_1_63' title="bbox 498 3827 2082 3898; baseline 0.021 -40"><span class='ocrx_word' id='word_1_458' title='bbox 498 3827 730 3882; x_wconf 58' lang='lat' dir='ltr'><strong>verioris</strong></span> <span class='ocrx_word' id='word_1_459' title='bbox 779 3827 1029 3882; x_wconf 54' lang='lat' dir='ltr'><strong>lectionis</strong></span> <span class='ocrx_word' id='word_1_460' title='bbox 1059 3829 1330 3883; x_wconf 73' lang='lat' dir='ltr'><strong>vindicem</strong></span> <span class='ocrx_word' id='word_1_461' title='bbox 1382 3829 1650 3884; x_wconf 90' lang='lat' dir='ltr'><strong>habemus</strong></span> <span class='ocrx_word' id='word_1_462' title='bbox 1696 3829 2082 3898; x_wconf 73' lang='lat' dir='ltr'><strong>Epipllallillnl.</strong></span> 
     </span>
    </p>
   </div>
   <div class='ocr_carea' id='block_1_64' title="bbox 498 3919 2080 3988">
    <p class='ocr_par' dir='ltr' id='par_1_64' title="bbox 498 3919 2080 3988">
     <span class='ocr_line' id='line_1_64' title="bbox 498 3919 2080 3988; baseline 0.004 -19"><span class='ocrx_word' id='word_1_463' title='bbox 498 3919 590 3987; x_wconf 87' lang='lat' dir='ltr'><strong>qui</strong></span> <span class='ocrx_word' id='word_1_464' title='bbox 623 3930 940 3974; x_wconf 86' lang='lat' dir='ltr'><strong>constanter</strong></span> <span class='ocrx_word' id='word_1_465' title='bbox 966 3922 1164 3975; x_wconf 89' lang='lat' dir='ltr'><strong>scribit</strong></span> <span class='ocrx_word' id='word_1_466' title='bbox 1201 3923 1254 3974; x_wconf 90' lang='lat' dir='ltr'><strong>in</strong></span> <span class='ocrx_word' id='word_1_467' title='bbox 1305 3921 1498 3975; x_wconf 72' lang='lat' dir='ltr'><strong>bzeresi</strong></span> <span class='ocrx_word' id='word_1_468' title='bbox 1551 3937 1602 3975; x_wconf 79' lang='grc' dir='ltr'><strong>ιι</strong></span> <span class='ocrx_word' id='word_1_469' title='bbox 1640 3937 1734 3975; x_wconf 91' lang='lat' dir='ltr'><strong>eos</strong></span> <span class='ocrx_word' id='word_1_470' title='bbox 1761 3935 1952 3974; x_wconf 88' lang='lat' dir='ltr'><strong>errare</strong></span> <span class='ocrx_word' id='word_1_471' title='bbox 1989 3921 2080 3988; x_wconf 93' lang='lat' dir='ltr'><strong>qui</strong></span> 
     </span>
    </p>
   </div>
   <div class='ocr_carea' id='block_1_65' title="bbox 501 4008 2081 4079">
    <p class='ocr_par' dir='ltr' id='par_1_65' title="bbox 501 4008 2081 4079">
     <span class='ocr_line' id='line_1_65' title="bbox 501 4008 2081 4079; baseline 0 -17"><span class='ocrx_word' id='word_1_472' title='bbox 501 4008 604 4062; x_wconf 92' lang='lat' dir='ltr'><strong>hoc</strong></span> <span class='ocrx_word' id='word_1_473' title='bbox 641 4008 757 4062; x_wconf 80' lang='lat' dir='ltr'><strong>loco</strong></span> <span class='ocrx_word' id='word_1_474' title='bbox 805 4008 956 4062; x_wconf 85' lang='lat' dir='ltr'><strong>Pauli</strong></span> <span class='ocrx_word' id='word_1_475' title='bbox 988 4009 1258 4062; x_wconf 81' lang='lat' dir='ltr'><strong>Galatiam</strong></span> <span class='ocrx_word' id='word_1_476' title='bbox 1305 4010 1527 4079; x_wconf 82' lang='lat' dir='ltr'><strong>legunt.</strong></span> <span class='ocrx_word' id='word_1_477' title='bbox 1564 4027 1685 4064; x_wconf 87' lang='lat' dir='ltr'><strong>cum</strong></span> <span class='ocrx_word' id='word_1_478' title='bbox 1730 4013 2081 4065; x_wconf 83' lang='lat' dir='ltr'><strong>scribendum</strong></span> 
     </span>
    </p>
   </div>
   <div class='ocr_carea' id='block_1_66' title="bbox 499 4099 2084 4175">
    <p class='ocr_par' dir='ltr' id='par_1_66' title="bbox 499 4099 2084 4175">
     <span class='ocr_line' id='line_1_66' title="bbox 499 4099 2084 4175; baseline 0.002 -21"><span class='ocrx_word' id='word_1_479' title='bbox 499 4099 693 4154; x_wconf 85' lang='lat' dir='ltr'><strong>doceat</strong></span> <span class='ocrx_word' id='word_1_480' title='bbox 744 4099 996 4154; x_wconf 85' lang='lat' dir='ltr'><strong>Calliam.</strong></span> <span class='ocrx_word' id='word_1_481' title='bbox 1043 4101 1116 4153; x_wconf 72' lang='grc' dir='ltr'><strong>Οὐ</strong></span> <span class='ocrx_word' id='word_1_482' title='bbox 1167 4101 1276 4173; x_wconf 68' lang='grc' dir='ltr'>γὰρ</span> <span class='ocrx_word' id='word_1_483' title='bbox 1307 4105 1362 4156; x_wconf 81' lang='grc' dir='ltr'><strong>ὲν</strong></span> <span class='ocrx_word' id='word_1_484' title='bbox 1390 4107 1456 4175; x_wconf 82' lang='grc' dir='ltr'><strong>τῇ</strong></span> <span class='ocrx_word' id='word_1_485' title='bbox 1505 4103 1770 4174; x_wconf 66' lang='grc' dir='ltr'><strong>Γαλατίᾳ,</strong></span> <span class='ocrx_word' id='word_1_486' title='bbox 1820 4102 1897 4166; x_wconf 80' lang='grc' dir='ltr'><strong>ὣς</strong></span> <span class='ocrx_word' id='word_1_487' title='bbox 1937 4121 2084 4168; x_wconf 54' lang='grc' dir='ltr'>τινες</span> 
     </span>
    </p>
   </div>
   <div class='ocr_carea' id='block_1_67' title="bbox 502 4191 2081 4268">
    <p class='ocr_par' dir='ltr' id='par_1_67' title="bbox 502 4191 2081 4268">
     <span class='ocr_line' id='line_1_67' title="bbox 502 4191 2081 4268; baseline 0.002 -22"><span class='ocrx_word' id='word_1_488' title='bbox 502 4191 875 4263; x_wconf 80' lang='grc' dir='ltr'><strong>πλανηθέντες</strong></span> <span class='ocrx_word' id='word_1_489' title='bbox 916 4191 1252 4263; x_wconf 76' lang='grc' dir='ltr'><strong>νομίζουσιν.</strong></span> <span class='ocrx_word' id='word_1_490' title='bbox 1304 4192 1443 4249; x_wconf 73' lang='grc' dir='ltr'><strong>ἀλλὰ</strong></span> <span class='ocrx_word' id='word_1_491' title='bbox 1492 4197 1548 4248; x_wconf 80' lang='grc' dir='ltr'>ὲν</span> <span class='ocrx_word' id='word_1_492' title='bbox 1603 4194 1826 4268; x_wconf 76' lang='grc' dir='ltr'><strong>Γαλλίᾳ.</strong></span> <span class='ocrx_word' id='word_1_493' title='bbox 1884 4195 2081 4250; x_wconf 84' lang='lat' dir='ltr'><strong>Eodem</strong></span> 
     </span>
    </p>
   </div>
   <div class='ocr_carea' id='block_1_68' title="bbox 501 4285 2082 4356">
    <p class='ocr_par' dir='ltr' id='par_1_68' title="bbox 501 4285 2082 4356">
     <span class='ocr_line' id='line_1_68' title="bbox 501 4285 2082 4356; baseline 0.004 -20"><span class='ocrx_word' id='word_1_494' title='bbox 501 4290 661 4337; x_wconf 88' lang='lat' dir='ltr'><strong>modo</strong></span> <span class='ocrx_word' id='word_1_495' title='bbox 728 4285 941 4338; x_wconf 68' lang='lat' dir='ltr'><strong>ctuti-ris</strong></span> <span class='ocrx_word' id='word_1_496' title='bbox 997 4288 1274 4355; x_wconf 85' lang='lat' dir='ltr'><strong>antiquior</strong></span> <span class='ocrx_word' id='word_1_497' title='bbox 1322 4287 1590 4341; x_wconf 83' lang='lat' dir='ltr'><strong>Eusebius</strong></span> <span class='ocrx_word' id='word_1_498' title='bbox 1659 4297 1782 4341; x_wconf 93' lang='lat' dir='ltr'><strong>tuus</strong></span> <span class='ocrx_word' id='word_1_499' title='bbox 1841 4287 1972 4356; x_wconf 88' lang='lat' dir='ltr'><strong>legit</strong></span> <span class='ocrx_word' id='word_1_500' title='bbox 2028 4289 2082 4343; x_wconf 91' lang='lat' dir='ltr'><strong>in</strong></span> 
     </span>
    </p>
   </div>
   <div class='ocr_carea' id='block_1_69' title="bbox 499 4375 2080 4450">
    <p class='ocr_par' dir='ltr' id='par_1_69' title="bbox 499 4375 2080 4450">
     <span class='ocr_line' id='line_1_69' title="bbox 499 4375 2080 4450; baseline 0.003 -21"><span class='ocrx_word' id='word_1_501' title='bbox 499 4375 689 4431; x_wconf 84' lang='lat' dir='ltr'><strong>codice</strong></span> <span class='ocrx_word' id='word_1_502' title='bbox 726 4375 877 4431; x_wconf 84' lang='lat' dir='ltr'><strong>Pauli</strong></span> <span class='ocrx_word' id='word_1_503' title='bbox 910 4376 1179 4446; x_wconf 83' lang='lat' dir='ltr'><strong>Calliam,</strong></span> <span class='ocrx_word' id='word_1_504' title='bbox 1217 4379 1672 4448; x_wconf 85' lang='lat' dir='ltr'><strong>quemadmodum</strong></span> <span class='ocrx_word' id='word_1_505' title='bbox 1727 4381 2080 4450; x_wconf 84' lang='lat' dir='ltr'><strong>Epiphanius,</strong></span> 
     </span>
    </p>
   </div>
   <div class='ocr_carea' id='block_1_70' title="bbox 501 4469 2076 4541">
    <p class='ocr_par' dir='ltr' id='par_1_70' title="bbox 501 4469 2076 4541">
     <span class='ocr_line' id='line_1_70' title="bbox 501 4469 2076 4541; baseline 0.001 -18"><span class='ocrx_word' id='word_1_506' title='bbox 501 4469 548 4523; x_wconf 86' lang='lat' dir='ltr'><strong>si</strong></span> <span class='ocrx_word' id='word_1_507' title='bbox 595 4478 742 4524; x_wconf 85' lang='lat' dir='ltr'><strong>recte</strong></span> <span class='ocrx_word' id='word_1_508' title='bbox 790 4472 955 4524; x_wconf 89' lang='lat' dir='ltr'><strong>verba</strong></span> <span class='ocrx_word' id='word_1_509' title='bbox 1015 4470 1134 4539; x_wconf 89' lang='lat' dir='ltr'><strong>ejus</strong></span> <span class='ocrx_word' id='word_1_510' title='bbox 1190 4471 1595 4540; x_wconf 86' lang='lat' dir='ltr'><strong>expendautur,</strong></span> <span class='ocrx_word' id='word_1_511' title='bbox 1662 4480 1717 4525; x_wconf 94' lang='lat' dir='ltr'><strong>et</strong></span> <span class='ocrx_word' id='word_1_512' title='bbox 1761 4488 1886 4525; x_wconf 87' lang='lat' dir='ltr'><strong>vera</strong></span> <span class='ocrx_word' id='word_1_513' title='bbox 1937 4473 2076 4541; x_wconf 91' lang='lat' dir='ltr'><strong>apud</strong></span> 
     </span>
    </p>
   </div>
   <div class='ocr_carea' id='block_1_71' title="bbox 500 4561 2084 4629">
    <p class='ocr_par' dir='ltr' id='par_1_71' title="bbox 500 4561 2084 4629">
     <span class='ocr_line' id='line_1_71' title="bbox 500 4561 2084 4629; baseline 0.001 -15"><span class='ocrx_word' id='word_1_514' title='bbox 500 4571 780 4615; x_wconf 85' lang='lat' dir='ltr'><strong>auctorem</strong></span> <span class='ocrx_word' id='word_1_515' title='bbox 813 4561 963 4615; x_wconf 91' lang='lat' dir='ltr'><strong>illum</strong></span> <span class='ocrx_word' id='word_1_516' title='bbox 1001 4561 1164 4616; x_wconf 89' lang='lat' dir='ltr'><strong>lectio</strong></span> <span class='ocrx_word' id='word_1_517' title='bbox 1194 4563 1492 4615; x_wconf 89' lang='lat' dir='ltr'><strong>retineatur</strong></span> <span class='ocrx_word' id='word_1_518' title='bbox 1524 4578 1588 4616; x_wconf 90' lang='lat' dir='ltr'><strong>ex</strong></span> <span class='ocrx_word' id='word_1_519' title='bbox 1627 4561 1847 4629; x_wconf 72' lang='lat' dir='ltr'><strong>ltulino,</strong></span> <span class='ocrx_word' id='word_1_520' title='bbox 1880 4573 1932 4614; x_wconf 90' lang='lat' dir='ltr'><strong>et</strong></span> <span class='ocrx_word' id='word_1_521' title='bbox 1965 4579 2084 4616; x_wconf 84' lang='lat' dir='ltr'><strong>om-</strong></span> 
     </span>
    </p>
   </div>
   <div class='ocr_carea' id='block_1_72' title="bbox 499 4651 2087 4718">
    <p class='ocr_par' dir='ltr' id='par_1_72' title="bbox 499 4651 2087 4718">
     <span class='ocr_line' id='line_1_72' title="bbox 499 4651 2087 4718; baseline 0.003 -14"><span class='ocrx_word' id='word_1_522' title='bbox 499 4651 660 4705; x_wconf 87' lang='lat' dir='ltr'><strong>nibus</strong></span> <span class='ocrx_word' id='word_1_523' title='bbox 691 4652 969 4708; x_wconf 90' lang='lat' dir='ltr'><strong>codicibus</strong></span> <span class='ocrx_word' id='word_1_524' title='bbox 1004 4669 1161 4718; x_wconf 91' lang='lat' dir='ltr'><strong>mss.,</strong></span> <span class='ocrx_word' id='word_1_525' title='bbox 1201 4662 1257 4705; x_wconf 92' lang='lat' dir='ltr'><strong>ut</strong></span> <span class='ocrx_word' id='word_1_526' title='bbox 1280 4663 1334 4704; x_wconf 88' lang='lat' dir='ltr'><strong>tu</strong></span> <span class='ocrx_word' id='word_1_527' title='bbox 1365 4653 1570 4708; x_wconf 85' lang='lat' dir='ltr'><strong>diserte</strong></span> <span class='ocrx_word' id='word_1_528' title='bbox 1595 4655 1876 4709; x_wconf 85' lang='lat' dir='ltr'><strong>monuisti.</strong></span> <span class='ocrx_word' id='word_1_529' title='bbox 1909 4653 2087 4708; x_wconf 86' lang='lat' dir='ltr'><strong>Theo-</strong></span> 
     </span>
    </p>
   </div>
   <div class='ocr_carea' id='block_1_73' title="bbox 501 4740 2083 4812">
    <p class='ocr_par' dir='ltr' id='par_1_73' title="bbox 501 4740 2083 4812">
     <span class='ocr_line' id='line_1_73' title="bbox 501 4740 2083 4812; baseline 0.003 -19"><span class='ocrx_word' id='word_1_530' title='bbox 501 4740 721 4794; x_wconf 83' lang='lat' dir='ltr'><strong>doretus</strong></span> <span class='ocrx_word' id='word_1_531' title='bbox 766 4757 938 4808; x_wconf 87' lang='lat' dir='ltr'><strong>sane,</strong></span> <span class='ocrx_word' id='word_1_532' title='bbox 985 4744 1076 4812; x_wconf 91' lang='lat' dir='ltr'><strong>qui</strong></span> <span class='ocrx_word' id='word_1_533' title='bbox 1113 4741 1345 4796; x_wconf 78' lang='lat' dir='ltr'><strong>Galatia:</strong></span> <span class='ocrx_word' id='word_1_534' title='bbox 1369 4743 1665 4798; x_wconf 90' lang='lat' dir='ltr'><strong>dictionem</strong></span> <span class='ocrx_word' id='word_1_535' title='bbox 1711 4745 1762 4797; x_wconf 94' lang='lat' dir='ltr'><strong>in</strong></span> <span class='ocrx_word' id='word_1_536' title='bbox 1822 4755 2083 4799; x_wconf 75' lang='lat' dir='ltr'><strong>contextu</strong></span> 
     </span>
    </p>
   </div>
   <div class='ocr_carea' id='block_1_74' title="bbox 500 4829 2086 4904">
    <p class='ocr_par' dir='ltr' id='par_1_74' title="bbox 500 4829 2086 4904">
     <span class='ocr_line' id='line_1_74' title="bbox 500 4829 2086 4904; baseline 0.001 -17"><span class='ocrx_word' id='word_1_537' title='bbox 500 4829 653 4887; x_wconf 82' lang='lat' dir='ltr'><strong>Pauli</strong></span> <span class='ocrx_word' id='word_1_538' title='bbox 713 4833 932 4900; x_wconf 81' lang='lat' dir='ltr'><strong>retinet,</strong></span> <span class='ocrx_word' id='word_1_539' title='bbox 969 4835 1094 4890; x_wconf 91' lang='lat' dir='ltr'><strong>licet</strong></span> <span class='ocrx_word' id='word_1_540' title='bbox 1144 4836 1212 4891; x_wconf 88' lang='lat' dir='ltr'><strong>de</strong></span> <span class='ocrx_word' id='word_1_541' title='bbox 1259 4834 1473 4890; x_wconf 87' lang='lat' dir='ltr'><strong>Galatia</strong></span> <span class='ocrx_word' id='word_1_542' title='bbox 1527 4835 1769 4889; x_wconf 84' lang='lat' dir='ltr'><strong>Asiatica</strong></span> <span class='ocrx_word' id='word_1_543' title='bbox 1815 4837 2086 4904; x_wconf 88' lang='lat' dir='ltr'><strong>potuisset</strong></span> 
     </span>
    </p>
   </div>
   <div class='ocr_carea' id='block_1_75' title="bbox 502 4924 2087 4995">
    <p class='ocr_par' dir='ltr' id='par_1_75' title="bbox 502 4924 2087 4995">
     <span class='ocr_line' id='line_1_75' title="bbox 502 4924 2087 4995; baseline 0.001 -17"><span class='ocrx_word' id='word_1_544' title='bbox 502 4924 646 4979; x_wconf 88' lang='lat' dir='ltr'><strong>illatn</strong></span> <span class='ocrx_word' id='word_1_545' title='bbox 674 4926 943 4995; x_wconf 82' lang='lat' dir='ltr'><strong>accipere,</strong></span> <span class='ocrx_word' id='word_1_546' title='bbox 985 4927 1174 4981; x_wconf 89' lang='lat' dir='ltr'><strong>maluit</strong></span> <span class='ocrx_word' id='word_1_547' title='bbox 1199 4927 1267 4981; x_wconf 91' lang='lat' dir='ltr'><strong>ad</strong></span> <span class='ocrx_word' id='word_1_548' title='bbox 1303 4924 1531 4980; x_wconf 90' lang='lat' dir='ltr'><strong>Galliam</strong></span> <span class='ocrx_word' id='word_1_549' title='bbox 1569 4935 1811 4979; x_wconf 89' lang='lat' dir='ltr'><strong>nostram</strong></span> <span class='ocrx_word' id='word_1_550' title='bbox 1841 4967 1856 4989; x_wconf 91' lang='lat'><strong>,</strong></span> <span class='ocrx_word' id='word_1_551' title='bbox 1900 4925 1954 4977; x_wconf 89' lang='lat' dir='ltr'><strong>id</strong></span> <span class='ocrx_word' id='word_1_552' title='bbox 2003 4934 2087 4979; x_wconf 90' lang='lat' dir='ltr'><strong>est</strong></span> 
     </span>
    </p>
   </div>
   <div class='ocr_carea' id='block_1_76' title="bbox 499 5016 2084 5074">
    <p class='ocr_par' dir='ltr' id='par_1_76' title="bbox 499 5016 2084 5074">
     <span class='ocr_line' id='line_1_76' title="bbox 499 5016 2084 5074; baseline -0.001 -3"><span class='ocrx_word' id='word_1_553' title='bbox 499 5018 565 5072; x_wconf 88' lang='lat' dir='ltr'><strong>ad</strong></span> <span class='ocrx_word' id='word_1_554' title='bbox 597 5017 865 5074; x_wconf 87' lang='lat' dir='ltr'><strong>Galatiam</strong></span> <span class='ocrx_word' id='word_1_555' title='bbox 895 5019 1292 5073; x_wconf 89' lang='lat' dir='ltr'><strong>occidentalem</strong></span> <span class='ocrx_word' id='word_1_556' title='bbox 1325 5016 1548 5072; x_wconf 83' lang='lat' dir='ltr'><strong>referre.</strong></span> <span class='ocrx_word' id='word_1_557' title='bbox 1587 5017 1738 5070; x_wconf 84' lang='lat' dir='ltr'><strong>Adeo</strong></span> <span class='ocrx_word' id='word_1_558' title='bbox 1788 5027 1936 5070; x_wconf 85' lang='lat' dir='ltr'><strong>certa</strong></span> <span class='ocrx_word' id='word_1_559' title='bbox 1963 5025 2084 5070; x_wconf 88' lang='lat' dir='ltr'><strong>erat</strong></span> 
     </span>
    </p>
   </div>
   <div class='ocr_carea' id='block_1_77' title="bbox 499 5107 2087 5178">
    <p class='ocr_par' dir='ltr' id='par_1_77' title="bbox 499 5107 2087 5178">
     <span class='ocr_line' id='line_1_77' title="bbox 499 5107 2087 5178; baseline 0 -17"><span class='ocrx_word' id='word_1_560' title='bbox 499 5110 640 5178; x_wconf 84' lang='lat' dir='ltr'><strong>apud</strong></span> <span class='ocrx_word' id='word_1_561' title='bbox 669 5124 860 5164; x_wconf 87' lang='lat' dir='ltr'><strong>omnes</strong></span> <span class='ocrx_word' id='word_1_562' title='bbox 893 5119 1132 5174; x_wconf 87' lang='lat' dir='ltr'><strong>veteres,</strong></span> <span class='ocrx_word' id='word_1_563' title='bbox 1159 5109 1475 5166; x_wconf 85' lang='lat' dir='ltr'><strong>Crescentis</strong></span> <span class='ocrx_word' id='word_1_564' title='bbox 1523 5107 1577 5162; x_wconf 92' lang='lat' dir='ltr'><strong>in</strong></span> <span class='ocrx_word' id='word_1_565' title='bbox 1611 5107 1786 5163; x_wconf 88' lang='lat' dir='ltr'><strong>Gallia</strong></span> <span class='ocrx_word' id='word_1_566' title='bbox 1823 5109 2087 5178; x_wconf 69' lang='lat' dir='ltr'><strong>praedica-</strong></span> 
     </span>
    </p>
   </div>
   <div class='ocr_carea' id='block_1_78' title="bbox 502 5200 2088 5272">
    <p class='ocr_par' dir='ltr' id='par_1_78' title="bbox 502 5200 2088 5272">
     <span class='ocr_line' id='line_1_78' title="bbox 502 5200 2088 5272; baseline 0 -18"><span class='ocrx_word' id='word_1_567' title='bbox 502 5203 596 5255; x_wconf 91' lang='lat' dir='ltr'><strong>tio.</strong></span> <span class='ocrx_word' id='word_1_568' title='bbox 636 5200 689 5256; x_wconf 92' lang='lat' dir='ltr'><strong>ln</strong></span> <span class='ocrx_word' id='word_1_569' title='bbox 722 5219 831 5272; x_wconf 89' lang='lat' dir='ltr'><strong>quo</strong></span> <span class='ocrx_word' id='word_1_570' title='bbox 858 5219 980 5256; x_wconf 90' lang='lat' dir='ltr'><strong>eum</strong></span> <span class='ocrx_word' id='word_1_571' title='bbox 1015 5204 1298 5257; x_wconf 87' lang='lat' dir='ltr'><strong>veteribus</strong></span> <span class='ocrx_word' id='word_1_572' title='bbox 1345 5200 1582 5256; x_wconf 89' lang='lat' dir='ltr'><strong>Usuardi</strong></span> <span class='ocrx_word' id='word_1_573' title='bbox 1613 5211 1669 5255; x_wconf 90' lang='lat' dir='ltr'><strong>et</strong></span> <span class='ocrx_word' id='word_1_574' title='bbox 1701 5202 1910 5254; x_wconf 86' lang='lat' dir='ltr'><strong>Adonis</strong></span> <span class='ocrx_word' id='word_1_575' title='bbox 1946 5200 2088 5260; x_wconf 52' lang='lat' dir='ltr'><strong>Mary</strong></span> 
     </span>
    </p>
   </div>
   <div class='ocr_carea' id='block_1_79' title="bbox 503 5291 2088 5365">
    <p class='ocr_par' dir='ltr' id='par_1_79' title="bbox 503 5291 2088 5365">
     <span class='ocr_line' id='line_1_79' title="bbox 503 5291 2088 5365; baseline 0 -19"><span class='ocrx_word' id='word_1_576' title='bbox 503 5295 785 5365; x_wconf 86' lang='lat' dir='ltr'><strong>tyrologiis</strong></span> <span class='ocrx_word' id='word_1_577' title='bbox 816 5296 1177 5358; x_wconf 83' lang='lat' dir='ltr'><strong>conveniunt;</strong></span> <span class='ocrx_word' id='word_1_578' title='bbox 1225 5295 1317 5365; x_wconf 92' lang='lat' dir='ltr'><strong>qui</strong></span> <span class='ocrx_word' id='word_1_579' title='bbox 1371 5305 1492 5363; x_wconf 92' lang='lat' dir='ltr'><strong>post</strong></span> <span class='ocrx_word' id='word_1_580' title='bbox 1519 5295 1678 5346; x_wconf 90' lang='lat' dir='ltr'><strong>lidetn</strong></span> <span class='ocrx_word' id='word_1_581' title='bbox 1722 5309 1750 5347; x_wconf 89' lang='lat' dir='ltr'><strong>a</strong></span> <span class='ocrx_word' id='word_1_582' title='bbox 1791 5291 2088 5347; x_wconf 90' lang='lat' dir='ltr'><strong>Crescente</strong></span> 
     </span>
    </p>
   </div>
   <div class='ocr_carea' id='block_1_80' title="bbox 503 5384 2086 5458">
    <p class='ocr_par' dir='ltr' id='par_1_80' title="bbox 503 5384 2086 5458">
     <span class='ocr_line' id='line_1_80' title="bbox 503 5384 2086 5458; baseline 0 -18"><span class='ocrx_word' id='word_1_583' title='bbox 503 5389 554 5440; x_wconf 90' lang='lat' dir='ltr'><strong>in</strong></span> <span class='ocrx_word' id='word_1_584' title='bbox 603 5385 792 5442; x_wconf 86' lang='lat' dir='ltr'><strong>Galliis</strong></span> <span class='ocrx_word' id='word_1_585' title='bbox 815 5387 1235 5458; x_wconf 86' lang='lat' dir='ltr'><strong>promulgatam,</strong></span> <span class='ocrx_word' id='word_1_586' title='bbox 1283 5387 1584 5442; x_wconf 88' lang='lat' dir='ltr'><strong>meminere</strong></span> <span class='ocrx_word' id='word_1_587' title='bbox 1625 5386 1830 5441; x_wconf 85' lang='lat' dir='ltr'><strong>reditus</strong></span> <span class='ocrx_word' id='word_1_588' title='bbox 1862 5384 2006 5438; x_wconf 88' lang='lat' dir='ltr'><strong>illius</strong></span> <span class='ocrx_word' id='word_1_589' title='bbox 2033 5385 2086 5440; x_wconf 90' lang='lat' dir='ltr'><strong>in</strong></span> 
     </span>
    </p>
   </div>
   <div class='ocr_carea' id='block_1_81' title="bbox 500 5479 1123 5536">
    <p class='ocr_par' dir='ltr' id='par_1_81' title="bbox 500 5479 1123 5536">
     <span class='ocr_line' id='line_1_81' title="bbox 500 5479 1123 5536; baseline 0.005 -3"><span class='ocrx_word' id='word_1_590' title='bbox 500 5479 768 5534; x_wconf 79' lang='lat' dir='ltr'><strong>Galatiam</strong></span> <span class='ocrx_word' id='word_1_591' title='bbox 805 5482 1123 5536; x_wconf 74' lang='lat' dir='ltr'><strong>Asiaticum.</strong></span> 
     </span>
    </p>
   </div>
   <div class='ocr_carea' id='block_1_82' title="bbox 574 5567 2083 5640">
    <p class='ocr_par' dir='ltr' id='par_1_82' title="bbox 574 5567 2083 5640">
     <span class='ocr_line' id='line_1_82' title="bbox 574 5567 2083 5640; baseline -0.001 -18"><span class='ocrx_word' id='word_1_592' title='bbox 574 5569 865 5624; x_wconf 78' lang='lat' dir='ltr'><strong>Enimvero</strong></span> <span class='ocrx_word' id='word_1_593' title='bbox 903 5573 1032 5640; x_wconf 90' lang='lat' dir='ltr'><strong>quid</strong></span> <span class='ocrx_word' id='word_1_594' title='bbox 1079 5582 1249 5630; x_wconf 85' lang='lat' dir='ltr'><strong>vetat.</strong></span> <span class='ocrx_word' id='word_1_595' title='bbox 1306 5569 1434 5639; x_wconf 92' lang='lat' dir='ltr'><strong>quin</strong></span> <span class='ocrx_word' id='word_1_596' title='bbox 1477 5568 1637 5624; x_wconf 65' lang='lat' dir='ltr'><strong>Lucae</strong></span> <span class='ocrx_word' id='word_1_597' title='bbox 1683 5577 1739 5624; x_wconf 90' lang='lat' dir='ltr'><strong>et</strong></span> <span class='ocrx_word' id='word_1_598' title='bbox 1782 5567 2083 5635; x_wconf 86' lang='lat' dir='ltr'><strong>Crescenti,</strong></span> 
     </span>
    </p>
   </div>
   <div class='ocr_carea' id='block_1_83' title="bbox 503 5659 2084 5733">
    <p class='ocr_par' dir='ltr' id='par_1_83' title="bbox 503 5659 2084 5733">
     <span class='ocr_line' id='line_1_83' title="bbox 503 5659 2084 5733; baseline 0.001 -19"><span class='ocrx_word' id='word_1_599' title='bbox 503 5661 737 5716; x_wconf 83' lang='lat' dir='ltr'><strong>assiduis</strong></span> <span class='ocrx_word' id='word_1_600' title='bbox 781 5660 932 5716; x_wconf 86' lang='lat' dir='ltr'><strong>Pauli</strong></span> <span class='ocrx_word' id='word_1_601' title='bbox 979 5665 1291 5727; x_wconf 84' lang='lat' dir='ltr'><strong>comitibus,</strong></span> <span class='ocrx_word' id='word_1_602' title='bbox 1345 5661 1707 5733; x_wconf 86' lang='lat' dir='ltr'><strong>adjungamus</strong></span> <span class='ocrx_word' id='word_1_603' title='bbox 1749 5670 1804 5716; x_wconf 91' lang='lat' dir='ltr'><strong>et</strong></span> <span class='ocrx_word' id='word_1_604' title='bbox 1861 5659 2084 5716; x_wconf 82' lang='lat' dir='ltr'><strong>Paulum</strong></span> 
     </span>
    </p>
   </div>
   <div class='ocr_carea' id='block_1_84' title="bbox 503 5752 2084 5825">
    <p class='ocr_par' dir='ltr' id='par_1_84' title="bbox 503 5752 2084 5825">
     <span class='ocr_line' id='line_1_84' title="bbox 503 5752 2084 5825; baseline 0.002 -20"><span class='ocrx_word' id='word_1_605' title='bbox 503 5752 678 5822; x_wconf 85' lang='lat' dir='ltr'><strong>ipsum</strong></span> <span class='ocrx_word' id='word_1_606' title='bbox 710 5753 1044 5823; x_wconf 87' lang='lat' dir='ltr'><strong>apostolum,</strong></span> <span class='ocrx_word' id='word_1_607' title='bbox 1071 5756 1186 5825; x_wconf 89' lang='lat' dir='ltr'><strong>qui,</strong></span> <span class='ocrx_word' id='word_1_608' title='bbox 1214 5755 1454 5812; x_wconf 80' lang='lat' dir='ltr'><strong>testibus</strong></span> <span class='ocrx_word' id='word_1_609' title='bbox 1485 5753 1726 5822; x_wconf 76' lang='lat' dir='ltr'><strong>Grzecis,</strong></span> <span class='ocrx_word' id='word_1_610' title='bbox 1762 5753 2084 5822; x_wconf 84' lang='lat' dir='ltr'><strong>Athanasio,</strong></span> 
     </span>
    </p>
   </div>
   <div class='ocr_carea' id='block_1_85' title="bbox 2182 2907 3773 2979">
    <p class='ocr_par' dir='ltr' id='par_1_85' title="bbox 2182 2907 3773 2979">
     <span class='ocr_line' id='line_1_85' title="bbox 2182 2907 3773 2979; baseline -0.001 -17"><span class='ocrx_word' id='word_1_611' title='bbox 2182 2909 2457 2979; x_wconf 84' lang='lat' dir='ltr'><strong>Additque</strong></span> <span class='ocrx_word' id='word_1_612' title='bbox 2509 2911 2615 2965; x_wconf 90' lang='lat' dir='ltr'><strong>hoc</strong></span> <span class='ocrx_word' id='word_1_613' title='bbox 2646 2923 2874 2964; x_wconf 87' lang='lat' dir='ltr'><strong>munere</strong></span> <span class='ocrx_word' id='word_1_614' title='bbox 2926 2907 3272 2976; x_wconf 81' lang='lat' dir='ltr'><strong>perfunctum</strong></span> <span class='ocrx_word' id='word_1_615' title='bbox 3323 2908 3636 2976; x_wconf 91' lang='lat' dir='ltr'><strong>Philippum</strong></span> <span class='ocrx_word' id='word_1_616' title='bbox 3665 2951 3680 2975; x_wconf 91' lang='lat'><strong>,</strong></span> <span class='ocrx_word' id='word_1_617' title='bbox 3718 2911 3773 2961; x_wconf 91' lang='lat' dir='ltr'><strong>iu</strong></span> 
     </span>
    </p>
   </div>
   <div class='ocr_carea' id='block_1_86' title="bbox 2183 2998 3775 3073">
    <p class='ocr_par' dir='ltr' id='par_1_86' title="bbox 2183 2998 3775 3073">
     <span class='ocr_line' id='line_1_86' title="bbox 2183 2998 3775 3073; baseline 0.001 -20"><span class='ocrx_word' id='word_1_618' title='bbox 2183 2998 2472 3072; x_wconf 80' lang='lat' dir='ltr'><strong>Phrygiam</strong></span> <span class='ocrx_word' id='word_1_619' title='bbox 2511 3003 2817 3073; x_wconf 78' lang='lat' dir='ltr'><strong>migrasse,</strong></span> <span class='ocrx_word' id='word_1_620' title='bbox 2861 3001 2951 3056; x_wconf 93' lang='lat' dir='ltr'><strong>ubi</strong></span> <span class='ocrx_word' id='word_1_621' title='bbox 2997 2999 3273 3069; x_wconf 80' lang='lat' dir='ltr'><strong>Hierapoli</strong></span> <span class='ocrx_word' id='word_1_622' title='bbox 3323 3002 3606 3057; x_wconf 88' lang='lat' dir='ltr'><strong>occubuit.</strong></span> <span class='ocrx_word' id='word_1_623' title='bbox 3663 3003 3775 3054; x_wconf 86' lang='lat' dir='ltr'><strong>Sed</strong></span> 
     </span>
    </p>
   </div>
   <div class='ocr_carea' id='block_1_87' title="bbox 2185 3090 3780 3162">
    <p class='ocr_par' dir='ltr' id='par_1_87' title="bbox 2185 3090 3780 3162">
     <span class='ocr_line' id='line_1_87' title="bbox 2185 3090 3780 3162; baseline -0.001 -17"><span class='ocrx_word' id='word_1_624' title='bbox 2185 3096 2441 3159; x_wconf 90' lang='lat' dir='ltr'><strong>quoniam</strong></span> <span class='ocrx_word' id='word_1_625' title='bbox 2474 3093 2620 3147; x_wconf 91' lang='lat' dir='ltr'><strong>hunc</strong></span> <span class='ocrx_word' id='word_1_626' title='bbox 2662 3091 2962 3162; x_wconf 83' lang='lat' dir='ltr'><strong>apostolum</strong></span> <span class='ocrx_word' id='word_1_627' title='bbox 3013 3090 3185 3146; x_wconf 76' lang='lat' dir='ltr'><strong>Gallis</strong></span> <span class='ocrx_word' id='word_1_628' title='bbox 3223 3107 3482 3161; x_wconf 74' lang='lat' dir='ltr'><strong>quoque,</strong></span> <span class='ocrx_word' id='word_1_629' title='bbox 3523 3103 3635 3146; x_wconf 90' lang='lat' dir='ltr'><strong>tum</strong></span> <span class='ocrx_word' id='word_1_630' title='bbox 3656 3091 3780 3144; x_wconf 60' lang='grc' dir='ltr'><strong>’Βρι-</strong></span> 
     </span>
    </p>
   </div>
   <div class='ocr_carea' id='block_1_88' title="bbox 2189 3186 3780 3251">
    <p class='ocr_par' dir='ltr' id='par_1_88' title="bbox 2189 3186 3780 3251">
     <span class='ocr_line' id='line_1_88' title="bbox 2189 3186 3780 3251; baseline -0.003 -8"><span class='ocrx_word' id='word_1_631' title='bbox 2189 3187 2394 3251; x_wconf 84' lang='lat' dir='ltr'><strong>ronius,</strong></span> <span class='ocrx_word' id='word_1_632' title='bbox 2430 3197 2544 3240; x_wconf 92' lang='lat' dir='ltr'><strong>tum</strong></span> <span class='ocrx_word' id='word_1_633' title='bbox 2570 3202 2635 3240; x_wconf 90' lang='lat' dir='ltr'><strong>eo</strong></span> <span class='ocrx_word' id='word_1_634' title='bbox 2665 3187 2803 3240; x_wconf 92' lang='lat' dir='ltr'><strong>duce</strong></span> <span class='ocrx_word' id='word_1_635' title='bbox 2831 3186 2922 3239; x_wconf 92' lang='lat' dir='ltr'><strong>alii</strong></span> <span class='ocrx_word' id='word_1_636' title='bbox 2952 3187 3278 3241; x_wconf 88' lang='lat' dir='ltr'><strong>subtrahere</strong></span> <span class='ocrx_word' id='word_1_637' title='bbox 3312 3196 3606 3248; x_wconf 89' lang='lat' dir='ltr'><strong>conantur,</strong></span> <span class='ocrx_word' id='word_1_638' title='bbox 3644 3201 3780 3238; x_wconf 79' lang='lat' dir='ltr'><strong>nar-</strong></span> 
     </span>
    </p>
   </div>
   <div class='ocr_carea' id='block_1_89' title="bbox 2186 3278 3778 3342">
    <p class='ocr_par' dir='ltr' id='par_1_89' title="bbox 2186 3278 3778 3342">
     <span class='ocr_line' id='line_1_89' title="bbox 2186 3278 3778 3342; baseline -0.003 -8"><span class='ocrx_word' id='word_1_639' title='bbox 2186 3283 2453 3334; x_wconf 81' lang='lat' dir='ltr'><strong>rationem</strong></span> <span class='ocrx_word' id='word_1_640' title='bbox 2487 3279 2644 3332; x_wconf 90' lang='lat' dir='ltr'><strong>istam</strong></span> <span class='ocrx_word' id='word_1_641' title='bbox 2681 3279 2746 3330; x_wconf 89' lang='lat' dir='ltr'><strong>ad</strong></span> <span class='ocrx_word' id='word_1_642' title='bbox 2798 3278 3022 3334; x_wconf 89' lang='lat' dir='ltr'><strong>Galatas</strong></span> <span class='ocrx_word' id='word_1_643' title='bbox 3073 3279 3346 3334; x_wconf 80' lang='lat' dir='ltr'><strong>Asiaticos</strong></span> <span class='ocrx_word' id='word_1_644' title='bbox 3396 3278 3778 3342; x_wconf 88' lang='lat' dir='ltr'><strong>traducendo,</strong></span> 
     </span>
    </p>
   </div>
   <div class='ocr_carea' id='block_1_90' title="bbox 2189 3371 3777 3440">
    <p class='ocr_par' dir='ltr' id='par_1_90' title="bbox 2189 3371 3777 3440">
     <span class='ocr_line' id='line_1_90' title="bbox 2189 3371 3777 3440; baseline 0 -15"><span class='ocrx_word' id='word_1_645' title='bbox 2189 3389 2292 3425; x_wconf 87' lang='lat' dir='ltr'><strong>non</strong></span> <span class='ocrx_word' id='word_1_646' title='bbox 2346 3371 2550 3440; x_wconf 74' lang='lat' dir='ltr'><strong>pigebit</strong></span> <span class='ocrx_word' id='word_1_647' title='bbox 2585 3373 2684 3424; x_wconf 90' lang='lat' dir='ltr'><strong>viri</strong></span> <span class='ocrx_word' id='word_1_648' title='bbox 2732 3372 3132 3435; x_wconf 86' lang='lat' dir='ltr'><strong>eruditissimi,</strong></span> <span class='ocrx_word' id='word_1_649' title='bbox 3187 3371 3318 3426; x_wconf 91' lang='lat' dir='ltr'><strong>licet</strong></span> <span class='ocrx_word' id='word_1_650' title='bbox 3367 3386 3397 3425; x_wconf 85' lang='lat' dir='ltr'><strong>e</strong></span> <span class='ocrx_word' id='word_1_651' title='bbox 3445 3381 3777 3425; x_wconf 80' lang='lat' dir='ltr'><strong>novatorum</strong></span> 
     </span>
    </p>
   </div>
   <div class='ocr_carea' id='block_1_91' title="bbox 2189 3463 3781 3532">
    <p class='ocr_par' dir='ltr' id='par_1_91' title="bbox 2189 3463 3781 3532">
     <span class='ocr_line' id='line_1_91' title="bbox 2189 3463 3781 3532; baseline 0.002 -18"><span class='ocrx_word' id='word_1_652' title='bbox 2189 3479 2370 3532; x_wconf 80' lang='lat' dir='ltr'><strong>grege,</strong></span> <span class='ocrx_word' id='word_1_653' title='bbox 2411 3463 2617 3517; x_wconf 80' lang='lat' dir='ltr'><strong>Usserii</strong></span> <span class='ocrx_word' id='word_1_654' title='bbox 2655 3463 2987 3516; x_wconf 79' lang='lat' dir='ltr'><strong>Armaehani</strong></span> <span class='ocrx_word' id='word_1_655' title='bbox 3025 3467 3183 3519; x_wconf 84' lang='lat' dir='ltr'><strong>verba</strong></span> <span class='ocrx_word' id='word_1_656' title='bbox 3219 3464 3308 3518; x_wconf 90' lang='lat' dir='ltr'><strong>hic</strong></span> <span class='ocrx_word' id='word_1_657' title='bbox 3348 3466 3723 3518; x_wconf 88' lang='lat' dir='ltr'><strong>transcribere</strong></span> <span class='ocrx_word' id='word_1_658' title='bbox 3748 3480 3781 3517; x_wconf 83' lang='lat' dir='ltr'><strong>e</strong></span> 
     </span>
    </p>
   </div>
   <div class='ocr_carea' id='block_1_92' title="bbox 2187 3555 3782 3624">
    <p class='ocr_par' dir='ltr' id='par_1_92' title="bbox 2187 3555 3782 3624">
     <span class='ocr_line' id='line_1_92' title="bbox 2187 3555 3782 3624; baseline -0.002 -11"><span class='ocrx_word' id='word_1_659' title='bbox 2187 3571 2310 3624; x_wconf 70' lang='lat' dir='ltr'><strong>cap.</strong></span> <span class='ocrx_word' id='word_1_660' title='bbox 2376 3573 2411 3609; x_wconf 91' lang='lat' dir='ltr'><strong>It</strong></span> <span class='ocrx_word' id='word_1_661' title='bbox 2471 3555 2966 3624; x_wconf 58' lang='lat' dir='ltr'><strong>dedttliquilalibut</strong></span> <span class='ocrx_word' id='word_1_662' title='bbox 3022 3558 3386 3613; x_wconf 79' lang='lat' dir='ltr'><strong>Ecclesiarum</strong></span> <span class='ocrx_word' id='word_1_663' title='bbox 3437 3556 3782 3611; x_wconf 83' lang='lat' dir='ltr'><strong>Britannica-</strong></span> 
     </span>
    </p>
   </div>
   <div class='ocr_carea' id='block_1_93' title="bbox 2191 3647 3781 3716">
    <p class='ocr_par' dir='ltr' id='par_1_93' title="bbox 2191 3647 3781 3716">
     <span class='ocr_line' id='line_1_93' title="bbox 2191 3647 3781 3716; baseline 0.003 -18"><span class='ocrx_word' id='word_1_664' title='bbox 2191 3663 2304 3699; x_wconf 87' lang='lat' dir='ltr'><strong>rum</strong></span> <span class='ocrx_word' id='word_1_665' title='bbox 2331 3664 2348 3700; x_wconf 93' lang='lat'><em>:</em></span> <span class='ocrx_word' id='word_1_666' title='bbox 2377 3647 2530 3713; x_wconf 84' lang='lat' dir='ltr'><strong>Quod</strong></span> <span class='ocrx_word' id='word_1_667' title='bbox 2554 3661 2727 3702; x_wconf 88' lang='lat' dir='ltr'><strong>autem</strong></span> <span class='ocrx_word' id='word_1_668' title='bbox 2771 3650 2834 3702; x_wconf 84' lang='lat' dir='ltr'><strong>de</strong></span> <span class='ocrx_word' id='word_1_669' title='bbox 2866 3647 3101 3716; x_wconf 77' lang='lat' dir='ltr'><strong>Philippi</strong></span> <span class='ocrx_word' id='word_1_670' title='bbox 3138 3650 3191 3702; x_wconf 88' lang='lat' dir='ltr'><strong>in</strong></span> <span class='ocrx_word' id='word_1_671' title='bbox 3239 3647 3428 3702; x_wconf 65' lang='lat' dir='ltr'><strong>Galliis</strong></span> <span class='ocrx_word' id='word_1_672' title='bbox 3471 3649 3781 3713; x_wconf 79' lang='lat' dir='ltr'><strong>apostolum</strong></span> 
     </span>
    </p>
   </div>
   <div class='ocr_carea' id='block_1_94' title="bbox 2189 3735 3782 3803">
    <p class='ocr_par' dir='ltr' id='par_1_94' title="bbox 2189 3735 3782 3803">
     <span class='ocr_line' id='line_1_94' title="bbox 2189 3735 3782 3803; baseline 0.002 -14"><span class='ocrx_word' id='word_1_673' title='bbox 2189 3737 2344 3790; x_wconf 81' lang='lat' dir='ltr'><strong>habet</strong></span> <span class='ocrx_word' id='word_1_674' title='bbox 2374 3735 2656 3803; x_wconf 81' lang='lat' dir='ltr'><strong>Freculfus</strong></span> <span class='ocrx_word' id='word_1_675' title='bbox 2698 3757 2728 3790; x_wconf 92' lang='lat' dir='ltr'><strong>a</strong></span> <span class='ocrx_word' id='word_1_676' title='bbox 2761 3738 3224 3792; x_wconf 81' lang='lat' dir='ltr'><strong>Malmesburiensi</strong></span> <span class='ocrx_word' id='word_1_677' title='bbox 3251 3741 3549 3799; x_wconf 56' lang='lat' dir='ltr'><strong>citatus,”</strong></span> <span class='ocrx_word' id='word_1_678' title='bbox 3579 3737 3782 3792; x_wconf 75' lang='lat' dir='ltr'><strong>[sit/ori</strong></span> 
     </span>
    </p>
   </div>
   <div class='ocr_carea' id='block_1_95' title="bbox 2197 3830 3778 3902">
    <p class='ocr_par' dir='ltr' id='par_1_95' title="bbox 2197 3830 3778 3902">
     <span class='ocr_line' id='line_1_95' title="bbox 2197 3830 3778 3902; baseline 0.003 -21"><span class='ocrx_word' id='word_1_679' title='bbox 2197 3830 2337 3882; x_wconf 85' lang='lat' dir='ltr'><strong>libro</strong></span> <span class='ocrx_word' id='word_1_680' title='bbox 2381 3831 2454 3884; x_wconf 91' lang='lat' dir='ltr'><strong>De</strong></span> <span class='ocrx_word' id='word_1_681' title='bbox 2489 3831 2743 3885; x_wconf 84' lang='lat' dir='ltr'><strong>Patribus</strong></span> <span class='ocrx_word' id='word_1_682' title='bbox 2784 3837 3073 3902; x_wconf 83' lang='lat' dir='ltr'><strong>utriusque</strong></span> <span class='ocrx_word' id='word_1_683' title='bbox 3105 3831 3442 3885; x_wconf 87' lang='lat' dir='ltr'><strong>Testamenti</strong></span> <span class='ocrx_word' id='word_1_684' title='bbox 3467 3872 3483 3896; x_wconf 95' lang='lat'><strong>,</strong></span> <span class='ocrx_word' id='word_1_685' title='bbox 3521 3849 3642 3898; x_wconf 85' lang='lat' dir='ltr'><strong>cap.</strong></span> <span class='ocrx_word' id='word_1_686' title='bbox 3679 3831 3778 3892; x_wconf 66' lang='lat'><strong>74,</strong></span> 
     </span>
    </p>
   </div>
   <div class='ocr_carea' id='block_1_96' title="bbox 2188 3923 3781 3993">
    <p class='ocr_par' dir='ltr' id='par_1_96' title="bbox 2188 3923 3781 3993">
     <span class='ocr_line' id='line_1_96' title="bbox 2188 3923 3781 3993; baseline 0.003 -19"><span class='ocrx_word' id='word_1_687' title='bbox 2188 3923 2258 3975; x_wconf 87' lang='lat' dir='ltr'><strong>ad</strong></span> <span class='ocrx_word' id='word_1_688' title='bbox 2286 3925 2493 3978; x_wconf 87' lang='lat' dir='ltr'><strong>rerbum</strong></span> <span class='ocrx_word' id='word_1_689' title='bbox 2523 3925 2800 3990; x_wconf 69' lang='lat' dir='ltr'><strong>expressit.</strong></span> <span class='ocrx_word' id='word_1_690' title='bbox 2838 3923 2994 3991; x_wconf 83' lang='lat' dir='ltr'><strong>Apud</strong></span> <span class='ocrx_word' id='word_1_691' title='bbox 3030 3934 3308 3988; x_wconf 85' lang='lat' dir='ltr'><strong>utrumque</strong></span> <span class='ocrx_word' id='word_1_692' title='bbox 3331 3925 3468 3976; x_wconf 87' lang='lat' dir='ltr'><strong>enim</strong></span> <span class='ocrx_word' id='word_1_693' title='bbox 3499 3926 3721 3993; x_wconf 75' lang='lat' dir='ltr'><strong>legimus</strong></span> <span class='ocrx_word' id='word_1_694' title='bbox 3762 3942 3781 3979; x_wconf 91' lang='lat'><em>:</em></span> 
     </span>
    </p>
   </div>
   <div class='ocr_carea' id='block_1_97' title="bbox 2200 4013 3783 4084">
    <p class='ocr_par' dir='ltr' id='par_1_97' title="bbox 2200 4013 3783 4084">
     <span class='ocr_line' id='line_1_97' title="bbox 2200 4013 3783 4084; baseline 0.003 -18"><span class='ocrx_word' id='word_1_695' title='bbox 2200 4033 2218 4066; x_wconf 73' lang='grc' dir='ltr'><strong>ι</strong></span> <span class='ocrx_word' id='word_1_696' title='bbox 2266 4013 2571 4082; x_wconf 71' lang='lat' dir='ltr'><strong>Philippum</strong></span> <span class='ocrx_word' id='word_1_697' title='bbox 2605 4013 2774 4068; x_wconf 83' lang='lat' dir='ltr'><strong>Gallis</strong></span> <span class='ocrx_word' id='word_1_698' title='bbox 2811 4017 3130 4084; x_wconf 70' lang='lat' dir='ltr'><strong>pra&#39;dicasse</strong></span> <span class='ocrx_word' id='word_1_699' title='bbox 3170 4015 3461 4078; x_wconf 64' lang='lat' dir='ltr'><strong>Clu-istum,</strong></span> <span class='ocrx_word' id='word_1_700' title='bbox 3494 4015 3783 4070; x_wconf 80' lang='lat' dir='ltr'><strong>barbarus-</strong></span> 
     </span>
    </p>
   </div>
   <div class='ocr_carea' id='block_1_98' title="bbox 2187 4107 3784 4178">
    <p class='ocr_par' dir='ltr' id='par_1_98' title="bbox 2187 4107 3784 4178">
     <span class='ocr_line' id='line_1_98' title="bbox 2187 4107 3784 4178; baseline 0.002 -20"><span class='ocrx_word' id='word_1_701' title='bbox 2187 4121 2286 4174; x_wconf 85' lang='lat' dir='ltr'><strong>que</strong></span> <span class='ocrx_word' id='word_1_702' title='bbox 2325 4116 2501 4176; x_wconf 83' lang='lat' dir='ltr'><strong>gentes</strong></span> <span class='ocrx_word' id='word_1_703' title='bbox 2526 4147 2542 4173; x_wconf 94' lang='lat'><strong>,</strong></span> <span class='ocrx_word' id='word_1_704' title='bbox 2573 4107 2875 4178; x_wconf 81' lang='lat' dir='ltr'><strong>vicinasque</strong></span> <span class='ocrx_word' id='word_1_705' title='bbox 2919 4109 3175 4172; x_wconf 74' lang='lat' dir='ltr'><strong>tenebris,</strong></span> <span class='ocrx_word' id='word_1_706' title='bbox 3226 4119 3273 4160; x_wconf 83' lang='lat' dir='ltr'><strong>et</strong></span> <span class='ocrx_word' id='word_1_707' title='bbox 3304 4109 3526 4161; x_wconf 87' lang='lat' dir='ltr'><strong>tumenti</strong></span> <span class='ocrx_word' id='word_1_708' title='bbox 3565 4107 3784 4162; x_wconf 85' lang='lat' dir='ltr'><strong>Oceano</strong></span> 
     </span>
    </p>
   </div>
   <div class='ocr_carea' id='block_1_99' title="bbox 2189 4197 3778 4269">
    <p class='ocr_par' dir='ltr' id='par_1_99' title="bbox 2189 4197 3778 4269">
     <span class='ocr_line' id='line_1_99' title="bbox 2189 4197 3778 4269; baseline -0.001 -17"><span class='ocrx_word' id='word_1_709' title='bbox 2189 4197 2498 4267; x_wconf 86' lang='lat' dir='ltr'><strong>conjunctas</strong></span> <span class='ocrx_word' id='word_1_710' title='bbox 2519 4239 2534 4262; x_wconf 95' lang='lat'><strong>,</strong></span> <span class='ocrx_word' id='word_1_711' title='bbox 2568 4201 2638 4252; x_wconf 89' lang='lat' dir='ltr'><strong>ad</strong></span> <span class='ocrx_word' id='word_1_712' title='bbox 2665 4201 2902 4253; x_wconf 74' lang='lat' dir='ltr'><strong>scientia:</strong></span> <span class='ocrx_word' id='word_1_713' title='bbox 2957 4199 3126 4253; x_wconf 86' lang='lat' dir='ltr'><strong>lucem</strong></span> <span class='ocrx_word' id='word_1_714' title='bbox 3170 4199 3402 4269; x_wconf 69' lang='lat' dir='ltr'><strong>[ileique</strong></span> <span class='ocrx_word' id='word_1_715' title='bbox 3447 4213 3656 4267; x_wconf 84' lang='lat' dir='ltr'><strong>portum</strong></span> <span class='ocrx_word' id='word_1_716' title='bbox 3689 4204 3778 4252; x_wconf 85' lang='lat' dir='ltr'><strong>de-</strong></span> 
     </span>
    </p>
   </div>
   <div class='ocr_carea' id='block_1_100' title="bbox 2188 4287 3783 4359">
    <p class='ocr_par' dir='ltr' id='par_1_100' title="bbox 2188 4287 3783 4359">
     <span class='ocr_line' id='line_1_100' title="bbox 2188 4287 3783 4359; baseline -0.001 -19"><span class='ocrx_word' id='word_1_717' title='bbox 2188 4289 2426 4342; x_wconf 78' lang='lat' dir='ltr'><strong>duxisse.</strong></span> <span class='ocrx_word' id='word_1_718' title='bbox 2454 4307 2474 4340; x_wconf 73' lang='grc' dir='ltr'><strong>ι</strong></span> <span class='ocrx_word' id='word_1_719' title='bbox 2518 4287 2702 4359; x_wconf 77' lang='lat' dir='ltr'><strong>Neque</strong></span> <span class='ocrx_word' id='word_1_720' title='bbox 2720 4289 2804 4341; x_wconf 86' lang='lat' dir='ltr'><strong>hic</strong></span> <span class='ocrx_word' id='word_1_721' title='bbox 2835 4289 2963 4341; x_wconf 89' lang='lat' dir='ltr'><strong>mihi</strong></span> <span class='ocrx_word' id='word_1_722' title='bbox 2995 4287 3218 4341; x_wconf 85' lang='lat' dir='ltr'><strong>Barouii</strong></span> <span class='ocrx_word' id='word_1_723' title='bbox 3245 4287 3548 4355; x_wconf 83' lang='lat' dir='ltr'><strong>conjectura</strong></span> <span class='ocrx_word' id='word_1_724' title='bbox 3583 4287 3783 4354; x_wconf 80' lang='lat' dir='ltr'><strong>placet,</strong></span> 
     </span>
    </p>
   </div>
   <div class='ocr_carea' id='block_1_101' title="bbox 2189 4379 3784 4437">
    <p class='ocr_par' dir='ltr' id='par_1_101' title="bbox 2189 4379 3784 4437">
     <span class='ocr_line' id='line_1_101' title="bbox 2189 4379 3784 4437; baseline -0.001 -3"><span class='ocrx_word' id='word_1_725' title='bbox 2189 4379 2394 4434; x_wconf 82' lang='lat' dir='ltr'><strong>Isidori</strong></span> <span class='ocrx_word' id='word_1_726' title='bbox 2438 4383 2540 4435; x_wconf 83' lang='lat' dir='ltr'><strong>ista</strong></span> <span class='ocrx_word' id='word_1_727' title='bbox 2589 4400 2620 4435; x_wconf 93' lang='lat' dir='ltr'><strong>a</strong></span> <span class='ocrx_word' id='word_1_728' title='bbox 2660 4381 2829 4437; x_wconf 82' lang='lat' dir='ltr'><strong>Gallis</strong></span> <span class='ocrx_word' id='word_1_729' title='bbox 2883 4381 3076 4434; x_wconf 60' lang='lat' dir='ltr'><strong>nostris</strong></span> <span class='ocrx_word' id='word_1_730' title='bbox 3127 4380 3195 4432; x_wconf 89' lang='lat' dir='ltr'><strong>ad</strong></span> <span class='ocrx_word' id='word_1_731' title='bbox 3235 4379 3459 4433; x_wconf 82' lang='lat' dir='ltr'><strong>Galatas</strong></span> <span class='ocrx_word' id='word_1_732' title='bbox 3512 4379 3784 4432; x_wconf 77' lang='lat' dir='ltr'><strong>Asiaticos</strong></span> 
     </span>
    </p>
   </div>
   <div class='ocr_carea' id='block_1_102' title="bbox 2187 4461 3784 4543">
    <p class='ocr_par' dir='ltr' id='par_1_102' title="bbox 2187 4461 3784 4543">
     <span class='ocr_line' id='line_1_102' title="bbox 2187 4461 3784 4543; baseline 0 -19"><span class='ocrx_word' id='word_1_733' title='bbox 2187 4474 2514 4527; x_wconf 83' lang='lat' dir='ltr'><strong>traducentis</strong></span> <span class='ocrx_word' id='word_1_734' title='bbox 2543 4487 2562 4526; x_wconf 83' lang='lat'><strong>.&#39;</strong></span> <span class='ocrx_word' id='word_1_735' title='bbox 2586 4474 2854 4543; x_wconf 84' lang='lat' dir='ltr'><strong>multoque</strong></span> <span class='ocrx_word' id='word_1_736' title='bbox 2885 4475 3064 4525; x_wconf 86' lang='lat' dir='ltr'><strong>minus</strong></span> <span class='ocrx_word' id='word_1_737' title='bbox 3105 4472 3290 4538; x_wconf 86' lang='lat' dir='ltr'><strong>nuperi</strong></span> <span class='ocrx_word' id='word_1_738' title='bbox 3325 4488 3540 4534; x_wconf 84' lang='lat' dir='ltr'><strong>operum</strong></span> <span class='ocrx_word' id='word_1_739' title='bbox 3579 4461 3784 4524; x_wconf 73' lang='lat' dir='ltr'><strong>Isitlori</strong></span> 
     </span>
    </p>
   </div>
   <div class='ocr_carea' id='block_1_103' title="bbox 2189 4561 3783 4629">
    <p class='ocr_par' dir='ltr' id='par_1_103' title="bbox 2189 4561 3783 4629">
     <span class='ocr_line' id='line_1_103' title="bbox 2189 4561 3783 4629; baseline -0.002 -12"><span class='ocrx_word' id='word_1_740' title='bbox 2189 4565 2429 4629; x_wconf 77' lang='lat' dir='ltr'><strong>editoris,</strong></span> <span class='ocrx_word' id='word_1_741' title='bbox 2457 4563 2646 4617; x_wconf 77' lang='lat' dir='ltr'><strong>Jacobi</strong></span> <span class='ocrx_word' id='word_1_742' title='bbox 2678 4564 2882 4618; x_wconf 87' lang='lat' dir='ltr'><strong>Breulii</strong></span> <span class='ocrx_word' id='word_1_743' title='bbox 2906 4565 3174 4617; x_wconf 84' lang='lat' dir='ltr'><strong>temeritas</strong></span> <span class='ocrx_word' id='word_1_744' title='bbox 3199 4603 3214 4626; x_wconf 97' lang='lat'><strong>,</strong></span> <span class='ocrx_word' id='word_1_745' title='bbox 3244 4561 3454 4616; x_wconf 88' lang='lat' dir='ltr'><strong>Galatis</strong></span> <span class='ocrx_word' id='word_1_746' title='bbox 3477 4579 3573 4628; x_wconf 85' lang='lat' dir='ltr'><strong>pro</strong></span> <span class='ocrx_word' id='word_1_747' title='bbox 3604 4561 3783 4616; x_wconf 88' lang='lat' dir='ltr'><strong>Gallis</strong></span> 
     </span>
    </p>
   </div>
   <div class='ocr_carea' id='block_1_104' title="bbox 2190 4652 3784 4724">
    <p class='ocr_par' dir='ltr' id='par_1_104' title="bbox 2190 4652 3784 4724">
     <span class='ocr_line' id='line_1_104' title="bbox 2190 4652 3784 4724; baseline 0.001 -21"><span class='ocrx_word' id='word_1_748' title='bbox 2190 4652 2245 4704; x_wconf 90' lang='lat' dir='ltr'><strong>in</strong></span> <span class='ocrx_word' id='word_1_749' title='bbox 2281 4655 2392 4718; x_wconf 81' lang='lat' dir='ltr'><strong>ipso</strong></span> <span class='ocrx_word' id='word_1_750' title='bbox 2429 4663 2580 4706; x_wconf 73' lang='lat' dir='ltr'><strong>textu</strong></span> <span class='ocrx_word' id='word_1_751' title='bbox 2625 4653 2762 4724; x_wconf 81' lang='lat' dir='ltr'><strong>(sine</strong></span> <span class='ocrx_word' id='word_1_752' title='bbox 2788 4653 2897 4706; x_wconf 88' lang='lat' dir='ltr'><strong>ulla</strong></span> <span class='ocrx_word' id='word_1_753' title='bbox 2923 4655 3109 4706; x_wconf 77' lang='lat' dir='ltr'><strong>veteris</strong></span> <span class='ocrx_word' id='word_1_754' title='bbox 3137 4653 3378 4706; x_wconf 77' lang='lat' dir='ltr'><strong>lectionis</strong></span> <span class='ocrx_word' id='word_1_755' title='bbox 3403 4668 3784 4704; x_wconf 81' lang='lat' dir='ltr'><strong>commemora-</strong></span> 
     </span>
    </p>
   </div>
   <div class='ocr_carea' id='block_1_105' title="bbox 2190 4741 3782 4812">
    <p class='ocr_par' dir='ltr' id='par_1_105' title="bbox 2190 4741 3782 4812">
     <span class='ocr_line' id='line_1_105' title="bbox 2190 4741 3782 4812; baseline 0.001 -18"><span class='ocrx_word' id='word_1_756' title='bbox 2190 4741 2352 4810; x_wconf 83' lang='lat' dir='ltr'><strong>tione)</strong></span> <span class='ocrx_word' id='word_1_757' title='bbox 2383 4745 2700 4808; x_wconf 87' lang='lat' dir='ltr'><strong>reponeutis.</strong></span> <span class='ocrx_word' id='word_1_758' title='bbox 2742 4741 2883 4794; x_wconf 88' lang='lat' dir='ltr'><strong>Nam</strong></span> <span class='ocrx_word' id='word_1_759' title='bbox 2908 4752 3261 4812; x_wconf 73' lang='lat' dir='ltr'><strong>pra&#39;terquam</strong></span> <span class='ocrx_word' id='word_1_760' title='bbox 3286 4744 3428 4806; x_wconf 83' lang='lat' dir='ltr'><strong>quod</strong></span> <span class='ocrx_word' id='word_1_761' title='bbox 3457 4742 3700 4794; x_wconf 82' lang='lat' dir='ltr'><strong>Isidorus</strong></span> <span class='ocrx_word' id='word_1_762' title='bbox 3724 4742 3782 4796; x_wconf 81' lang='lat' dir='ltr'><strong>in</strong></span> 
     </span>
    </p>
   </div>
   <div class='ocr_carea' id='block_1_106' title="bbox 2190 4833 3782 4903">
    <p class='ocr_par' dir='ltr' id='par_1_106' title="bbox 2190 4833 3782 4903">
     <span class='ocr_line' id='line_1_106' title="bbox 2190 4833 3782 4903; baseline 0.001 -18"><span class='ocrx_word' id='word_1_763' title='bbox 2190 4835 2285 4886; x_wconf 78' lang='lat' dir='ltr'><strong>hoc</strong></span> <span class='ocrx_word' id='word_1_764' title='bbox 2308 4835 2420 4896; x_wconf 81' lang='lat' dir='ltr'><strong>ipso</strong></span> <span class='ocrx_word' id='word_1_765' title='bbox 2454 4852 2628 4903; x_wconf 83' lang='lat' dir='ltr'><strong>opere,</strong></span> <span class='ocrx_word' id='word_1_766' title='bbox 2658 4852 2774 4903; x_wconf 88' lang='lat' dir='ltr'><strong>cap.</strong></span> <span class='ocrx_word' id='word_1_767' title='bbox 2807 4835 2896 4900; x_wconf 72' lang='lat'><strong>8‘2,</strong></span> <span class='ocrx_word' id='word_1_768' title='bbox 2935 4845 2984 4887; x_wconf 84' lang='lat' dir='ltr'><strong>et</strong></span> <span class='ocrx_word' id='word_1_769' title='bbox 3014 4837 3066 4887; x_wconf 87' lang='lat' dir='ltr'><strong>in</strong></span> <span class='ocrx_word' id='word_1_770' title='bbox 3100 4835 3290 4889; x_wconf 79' lang='lat' dir='ltr'><strong>Ollieiu</strong></span> <span class='ocrx_word' id='word_1_771' title='bbox 3322 4833 3581 4888; x_wconf 88' lang='lat' dir='ltr'><strong>Toletano</strong></span> <span class='ocrx_word' id='word_1_772' title='bbox 3613 4835 3782 4902; x_wconf 74' lang='lat' dir='ltr'><strong>(quod</strong></span> 
     </span>
    </p>
   </div>
   <div class='ocr_carea' id='block_1_107' title="bbox 2190 4925 3785 4997">
    <p class='ocr_par' dir='ltr' id='par_1_107' title="bbox 2190 4925 3785 4997">
     <span class='ocr_line' id='line_1_107' title="bbox 2190 4925 3785 4997; baseline 0 -16"><span class='ocrx_word' id='word_1_773' title='bbox 2190 4925 2470 4981; x_wconf 80' lang='lat' dir='ltr'><strong>Col/ticum</strong></span> <span class='ocrx_word' id='word_1_774' title='bbox 2501 4940 2549 4981; x_wconf 87' lang='lat' dir='ltr'><strong>et</strong></span> <span class='ocrx_word' id='word_1_775' title='bbox 2590 4927 2941 4981; x_wconf 78' lang='lat' dir='ltr'><strong>Mazarabum</strong></span> <span class='ocrx_word' id='word_1_776' title='bbox 2983 4927 3138 4997; x_wconf 74' lang='lat' dir='ltr'><strong>vulgo</strong></span> <span class='ocrx_word' id='word_1_777' title='bbox 3173 4927 3518 4996; x_wconf 82' lang='lat' dir='ltr'><strong>appellatur),</strong></span> <span class='ocrx_word' id='word_1_778' title='bbox 3552 4928 3785 4996; x_wconf 79' lang='lat' dir='ltr'><strong>itemque</strong></span> 
     </span>
    </p>
   </div>
   <div class='ocr_carea' id='block_1_108' title="bbox 2188 5016 3781 5087">
    <p class='ocr_par' dir='ltr' id='par_1_108' title="bbox 2188 5016 3781 5087">
     <span class='ocr_line' id='line_1_108' title="bbox 2188 5016 3781 5087; baseline -0.002 -15"><span class='ocrx_word' id='word_1_779' title='bbox 2188 5017 2442 5074; x_wconf 84' lang='lat' dir='ltr'><strong>Julianus</strong></span> <span class='ocrx_word' id='word_1_780' title='bbox 2477 5019 2761 5074; x_wconf 82' lang='lat' dir='ltr'><strong>Toletanus</strong></span> <span class='ocrx_word' id='word_1_781' title='bbox 2813 5020 3242 5085; x_wconf 80' lang='lat' dir='ltr'><strong>archiepiscopus</strong></span> <span class='ocrx_word' id='word_1_782' title='bbox 3285 5020 3340 5072; x_wconf 88' lang='lat' dir='ltr'><strong>in</strong></span> <span class='ocrx_word' id='word_1_783' title='bbox 3388 5016 3604 5072; x_wconf 85' lang='lat' dir='ltr'><strong>Nahum</strong></span> <span class='ocrx_word' id='word_1_784' title='bbox 3648 5034 3781 5087; x_wconf 77' lang='lat' dir='ltr'><strong>pro-</strong></span> 
     </span>
    </p>
   </div>
   <div class='ocr_carea' id='block_1_109' title="bbox 2188 5113 3783 5185">
    <p class='ocr_par' dir='ltr' id='par_1_109' title="bbox 2188 5113 3783 5185">
     <span class='ocr_line' id='line_1_109' title="bbox 2188 5113 3783 5185; baseline -0.002 -18"><span class='ocrx_word' id='word_1_785' title='bbox 2188 5120 2400 5185; x_wconf 87' lang='lat' dir='ltr'><strong>phetam</strong></span> <span class='ocrx_word' id='word_1_786' title='bbox 2428 5119 2682 5182; x_wconf 84' lang='lat' dir='ltr'><strong>scribens,</strong></span> <span class='ocrx_word' id='word_1_787' title='bbox 2718 5127 2764 5170; x_wconf 89' lang='lat' dir='ltr'><strong>et</strong></span> <span class='ocrx_word' id='word_1_788' title='bbox 2806 5114 2953 5168; x_wconf 88' lang='lat' dir='ltr'><strong>Beda</strong></span> <span class='ocrx_word' id='word_1_789' title='bbox 2986 5116 3085 5185; x_wconf 84' lang='lat' dir='ltr'><strong>(vel</strong></span> <span class='ocrx_word' id='word_1_790' title='bbox 3112 5117 3410 5185; x_wconf 85' lang='lat' dir='ltr'><strong>quicunque</strong></span> <span class='ocrx_word' id='word_1_791' title='bbox 3459 5124 3650 5166; x_wconf 88' lang='lat' dir='ltr'><strong>auctor</strong></span> <span class='ocrx_word' id='word_1_792' title='bbox 3675 5113 3783 5181; x_wconf 77' lang='lat' dir='ltr'><strong>fuit</strong></span> 
     </span>
    </p>
   </div>
   <div class='ocr_carea' id='block_1_110' title="bbox 2191 5204 3780 5279">
    <p class='ocr_par' dir='ltr' id='par_1_110' title="bbox 2191 5204 3780 5279">
     <span class='ocr_line' id='line_1_110' title="bbox 2191 5204 3780 5279; baseline -0.004 -17"><span class='ocrx_word' id='word_1_793' title='bbox 2191 5207 2664 5262; x_wconf 88' lang='lat' dir='ltr'><strong>Cullectaneorum</strong></span> <span class='ocrx_word' id='word_1_794' title='bbox 2713 5219 2765 5262; x_wconf 91' lang='lat' dir='ltr'><strong>et.</strong></span> <span class='ocrx_word' id='word_1_795' title='bbox 2801 5205 3047 5279; x_wconf 87' lang='lat' dir='ltr'><strong>Florum)</strong></span> <span class='ocrx_word' id='word_1_796' title='bbox 3089 5207 3334 5276; x_wconf 80' lang='lat' dir='ltr'><strong>Philippo</strong></span> <span class='ocrx_word' id='word_1_797' title='bbox 3365 5205 3596 5260; x_wconf 89' lang='lat' dir='ltr'><strong>Galliam</strong></span> <span class='ocrx_word' id='word_1_798' title='bbox 3637 5204 3780 5259; x_wconf 69' lang='lat' dir='ltr'><strong>assi-</strong></span> 
     </span>
    </p>
   </div>
   <div class='ocr_carea' id='block_1_111' title="bbox 2189 5297 3784 5370">
    <p class='ocr_par' dir='ltr' id='par_1_111' title="bbox 2189 5297 3784 5370">
     <span class='ocr_line' id='line_1_111' title="bbox 2189 5297 3784 5370; baseline -0.001 -19"><span class='ocrx_word' id='word_1_799' title='bbox 2189 5310 2350 5370; x_wconf 87' lang='lat' dir='ltr'><strong>gnant</strong></span> <span class='ocrx_word' id='word_1_800' title='bbox 2378 5317 2397 5353; x_wconf 93' lang='lat'><strong><em>:</em></strong></span> <span class='ocrx_word' id='word_1_801' title='bbox 2451 5301 2689 5366; x_wconf 81' lang='lat' dir='ltr'><strong>idemque</strong></span> <span class='ocrx_word' id='word_1_802' title='bbox 2715 5298 2882 5354; x_wconf 89' lang='lat' dir='ltr'><strong>Gallis</strong></span> <span class='ocrx_word' id='word_1_803' title='bbox 2917 5300 3304 5366; x_wconf 71' lang='lat' dir='ltr'><strong>praedicavisse</strong></span> <span class='ocrx_word' id='word_1_804' title='bbox 3330 5297 3610 5351; x_wconf 91' lang='lat' dir='ltr'><strong>Christum</strong></span> <span class='ocrx_word' id='word_1_805' title='bbox 3643 5297 3784 5368; x_wconf 85' lang='lat' dir='ltr'><strong>legi-</strong></span> 
     </span>
    </p>
   </div>
   <div class='ocr_carea' id='block_1_112' title="bbox 2190 5385 3782 5458">
    <p class='ocr_par' dir='ltr' id='par_1_112' title="bbox 2190 5385 3782 5458">
     <span class='ocr_line' id='line_1_112' title="bbox 2190 5385 3782 5458; baseline 0 -18"><span class='ocrx_word' id='word_1_806' title='bbox 2190 5403 2278 5441; x_wconf 86' lang='lat' dir='ltr'><strong>tur</strong></span> <span class='ocrx_word' id='word_1_807' title='bbox 2310 5391 2362 5441; x_wconf 88' lang='lat' dir='ltr'><strong>iu</strong></span> <span class='ocrx_word' id='word_1_808' title='bbox 2384 5389 2562 5442; x_wconf 79' lang='lat' dir='ltr'><strong>libello</strong></span> <span class='ocrx_word' id='word_1_809' title='bbox 2597 5389 2670 5443; x_wconf 89' lang='lat' dir='ltr'><strong>De</strong></span> <span class='ocrx_word' id='word_1_810' title='bbox 2699 5390 2849 5442; x_wconf 78' lang='lat' dir='ltr'><strong>[estis</strong></span> <span class='ocrx_word' id='word_1_811' title='bbox 2874 5389 3271 5458; x_wconf 87' lang='lat' dir='ltr'><strong>apostolorum,</strong></span> <span class='ocrx_word' id='word_1_812' title='bbox 3301 5389 3393 5455; x_wconf 87' lang='lat' dir='ltr'><strong>qui</strong></span> <span class='ocrx_word' id='word_1_813' title='bbox 3423 5389 3476 5440; x_wconf 87' lang='lat' dir='ltr'><strong>in</strong></span> <span class='ocrx_word' id='word_1_814' title='bbox 3506 5385 3782 5458; x_wconf 76' lang='lat' dir='ltr'><strong>Hierony-</strong></span> 
     </span>
    </p>
   </div>
   <div class='ocr_carea' id='block_1_113' title="bbox 2189 5477 3782 5547">
    <p class='ocr_par' dir='ltr' id='par_1_113' title="bbox 2189 5477 3782 5547">
     <span class='ocr_line' id='line_1_113' title="bbox 2189 5477 3782 5547; baseline -0.001 -15"><span class='ocrx_word' id='word_1_815' title='bbox 2189 5480 2369 5532; x_wconf 84' lang='lat' dir='ltr'><strong>miauo</strong></span> <span class='ocrx_word' id='word_1_816' title='bbox 2412 5477 2799 5547; x_wconf 78' lang='lat' dir='ltr'><strong>Martyrologio</strong></span> <span class='ocrx_word' id='word_1_817' title='bbox 2841 5495 2939 5531; x_wconf 83' lang='lat' dir='ltr'><strong>ms.</strong></span> <span class='ocrx_word' id='word_1_818' title='bbox 2986 5477 3211 5530; x_wconf 84' lang='lat' dir='ltr'><strong>habetur</strong></span> <span class='ocrx_word' id='word_1_819' title='bbox 3250 5477 3336 5544; x_wconf 78' lang='lat' dir='ltr'><strong>(ea:</strong></span> <span class='ocrx_word' id='word_1_820' title='bbox 3377 5493 3479 5545; x_wconf 85' lang='lat' dir='ltr'><strong>quo</strong></span> <span class='ocrx_word' id='word_1_821' title='bbox 3525 5477 3782 5546; x_wconf 73' lang='lat' dir='ltr'><strong>pleraque</strong></span> 
     </span>
    </p>
   </div>
   <div class='ocr_carea' id='block_1_114' title="bbox 2190 5567 3777 5625">
    <p class='ocr_par' dir='ltr' id='par_1_114' title="bbox 2190 5567 3777 5625">
     <span class='ocr_line' id='line_1_114' title="bbox 2190 5567 3777 5625; baseline 0 0"><span class='ocrx_word' id='word_1_822' title='bbox 2190 5572 2446 5625; x_wconf 86' lang='lat' dir='ltr'><strong>omniain</strong></span> <span class='ocrx_word' id='word_1_823' title='bbox 2479 5571 2671 5623; x_wconf 87' lang='lat' dir='ltr'><strong>librum</strong></span> <span class='ocrx_word' id='word_1_824' title='bbox 2697 5588 2851 5623; x_wconf 85' lang='lat' dir='ltr'><strong>suum</strong></span> <span class='ocrx_word' id='word_1_825' title='bbox 2880 5572 2952 5625; x_wconf 82' lang='lat' dir='ltr'><strong>De</strong></span> <span class='ocrx_word' id='word_1_826' title='bbox 2985 5569 3241 5623; x_wconf 82' lang='lat' dir='ltr'><strong>Patribns</strong></span> <span class='ocrx_word' id='word_1_827' title='bbox 3267 5567 3399 5623; x_wconf 87' lang='lat' dir='ltr'><strong>Novi</strong></span> <span class='ocrx_word' id='word_1_828' title='bbox 3437 5569 3777 5625; x_wconf 87' lang='lat' dir='ltr'><strong>Testatnenti</strong></span> 
     </span>
    </p>
   </div>
   <div class='ocr_carea' id='block_1_115' title="bbox 2191 5657 3771 5730">
    <p class='ocr_par' dir='ltr' id='par_1_115' title="bbox 2191 5657 3771 5730">
     <span class='ocr_line' id='line_1_115' title="bbox 2191 5657 3771 5730; baseline 0.001 -19"><span class='ocrx_word' id='word_1_829' title='bbox 2191 5661 2524 5728; x_wconf 84' lang='lat' dir='ltr'><strong>trunscripsit</strong></span> <span class='ocrx_word' id='word_1_830' title='bbox 2582 5657 2918 5730; x_wconf 86' lang='lat' dir='ltr'><strong>Isidorus):</strong></span> <span class='ocrx_word' id='word_1_831' title='bbox 2963 5660 3058 5711; x_wconf 89' lang='lat' dir='ltr'><strong>illa</strong></span> <span class='ocrx_word' id='word_1_832' title='bbox 3114 5659 3462 5712; x_wconf 66' lang='lat' dir='ltr'><strong>barbararum</strong></span> <span class='ocrx_word' id='word_1_833' title='bbox 3528 5661 3771 5727; x_wconf 77' lang='lat' dir='ltr'><strong>gentium</strong></span> 
     </span>
    </p>
   </div>
   <div class='ocr_carea' id='block_1_116' title="bbox 2193 5747 3776 5822">
    <p class='ocr_par' dir='ltr' id='par_1_116' title="bbox 2193 5747 3776 5822">
     <span class='ocr_line' id='line_1_116' title="bbox 2193 5747 3776 5822; baseline -0.001 -16"><span class='ocrx_word' id='word_1_834' title='bbox 2193 5753 2402 5807; x_wconf 74' lang='lat' dir='ltr'><strong>Oceano</strong></span> <span class='ocrx_word' id='word_1_835' title='bbox 2434 5754 2837 5822; x_wconf 75' lang='lat' dir='ltr'><strong>eonjunctarum</strong></span> <span class='ocrx_word' id='word_1_836' title='bbox 2867 5751 3078 5817; x_wconf 78' lang='lat' dir='ltr'><strong>mentio,</strong></span> <span class='ocrx_word' id='word_1_837' title='bbox 3106 5749 3394 5818; x_wconf 71' lang='lat' dir='ltr'><strong>Europa’os</strong></span> <span class='ocrx_word' id='word_1_838' title='bbox 3430 5747 3637 5818; x_wconf 77' lang='lat' dir='ltr'><strong>Gallos,</strong></span> <span class='ocrx_word' id='word_1_839' title='bbox 3669 5766 3776 5805; x_wconf 83' lang='lat' dir='ltr'><strong>non</strong></span> 
     </span>
    </p>
   </div>
  </div>
